4050 6348
546 571 594 582 __
1279 565 1362 574 ____
1385 564 2092 578 _____._.....-..._.-_-.._._---
2123 571 2490 581 -._--._-_.._-__.
2535 576 2622 582 ____
2655 578 2687 582 _
2717 577 3004 585 εγω-ηπ---
3031 582 3048 585 _
3069 581 3190 585 ω---
3215 581 3429 587 .-με-μ.
3468 582 3496 586 .-

1584 907 2332 974 CIIRISTIANISSIMO

1176 1106 1798 1171 FRANCORUM
1859 1107 1986 1168 ET
2044 1107 2508 1170 ΝΑΥΑΒΒΛΕ
2554 1107 2783 1167 REGI

1470 1295 1886 1360 LUDOVICO
1931 1297 1983 1356 Α
2024 1295 2193 1357 DEO
2244 1295 2485 1356 DATO.

408 1646 982 1712 Ecclesiasticarum
1005 1665 1217 1712 rerum
1256 1651 1612 1723 Historiam,
1645 1668 1682 1712 a
1720 1653 1974 1714 Socrate
2003 1653 2154 1714 olim
2197 1669 2270 1713 ac
2295 1653 2651 1713 Sozomeno
2679 1651 2898 1712 Grace
2936 1653 3382 1732 conscriptam,
3420 1673 3589 1723 nunc

335 1771 479 1816 vero
507 1755 572 1815 in
602 1754 886 1816 Latinum
917 1770 1275 1817 sermonem
1306 1773 1341 1818 a
1378 1773 1480 1818 me
1509 1773 1878 1829 conversam
1920 1761 2110 1836 atque
2159 1755 2702 1818 observationibus
2734 1753 3126 1828 illustratam,
3157 1759 3366 1815 utrum
3397 1757 3588 1835 Majo-

336 1856 474 1917 stati
510 1856 658 1915 Tua
695 1872 1063 1934 nuncupare
1093 1857 1414 1931 deberem,
1447 1875 1557 1919 rex
1607 1857 2166 1932 Christianissime,
2205 1859 2315 1920 diu
2349 1858 2744 1938 multumque
2797 1856 3098 1920 dubitavi.
3141 1859 3292 1920 Nam
3333 1877 3476 1921 cum
3512 1860 3592 1920 ab

335 1960 590 2020 ineunte
633 1965 814 2020 atate
852 1959 1072 2022 studiis
1117 1978 1219 2024 me
1259 1960 1736 2025 humanioribus
1782 1963 2188 2039 addixissem,
2230 1971 2291 2026 et
2327 1964 2604 2044 quietam
2645 1960 3172 2042 tranquillamque
3222 1960 3407 2022 vitam
3447 1978 3592 2022 cum

337 2058 554 2119 litteris
591 2062 831 2120 cunctis
861 2075 1112 2139 semper
1134 2062 1324 2124 rebus
1371 2063 1896 2143 anteposuissem,
1939 2063 2228 2143 ineptum
2265 2061 2422 2124 mihi
2444 2062 2769 2126 videbatur
2798 2066 2862 2123 et
2899 2059 3175 2122 alienum
3204 2057 3282 2120 ab
3306 2059 3591 2122 instituto

336 2166 574 2231 nostro,
617 2166 914 2239 provecta
933 2161 1062 2240 jam
1093 2168 1297 2238 atate,
1325 2163 1558 2242 regiam
1590 2163 1854 2238 ambire,
1886 2169 1949 2226 et
1979 2164 2362 2244 Majestatem
2382 2164 2601 2233 Tuam,
2637 2168 2730 2224 tot
2756 2160 3071 2239 tantisque
3100 2158 3444 2220 districtam
3473 2175 3589 2220 ne-

335 2261 541 2339 gotiis,
571 2261 876 2325 litterario
925 2281 1189 2328 munere
1238 2265 1660 2345 interpellare.
1709 2264 1832 2326 Sed
1876 2273 2212 2346 postquam
2255 2265 2662 2329 animadverti
2699 2265 3080 2345 Majestatem
3125 2264 3320 2324 Tuam
3368 2260 3589 2343 hujus-

337 2359 507 2419 modi
556 2377 816 2423 munera
863 2359 1348 2442 haudquaquam
1391 2363 1738 2444 aspernari,
1770 2369 1832 2424 et
1859 2363 2141 2426 eruditos
2175 2365 2487 2441 homines,
2516 2381 2648 2428 non
2683 2381 2795 2427 eos
2823 2365 3028 2429 solum
3064 2367 3174 2447 qui
3203 2367 3322 2429 sub
3350 2369 3591 2447 princi-

337 2464 488 2537 patu
515 2465 626 2522 tuo
650 2459 910 2538 degunt,
947 2477 1164 2524 verum
1203 2463 1391 2525 etiam
1429 2468 1680 2526 exteros
1705 2462 2008 2542 singulari
2035 2463 2423 2528 humanitate
2452 2482 2525 2529 ac
2553 2465 2993 2531 benevolentia
3025 2467 3384 2548 complecti,
3416 2475 3478 2530 et
3509 2471 3592 2532 ad

339 2565 686 2629 excolenda
729 2567 1112 2646 Optimamm
1155 2567 1384 2632 artium
1429 2569 1634 2632 studia
1668 2577 2042 2634 cunctorum
2073 2572 2319 2634 animos
2347 2589 2553 2652 nuper
2593 2571 2960 2635 liberalitate
2987 2587 3100 2634 sua
3130 2570 3456 2645 excitasse,
3487 2571 3590 2632 in-

337 2668 490 2746 grati
524 2665 718 2728 animi
744 2664 880 2728 fere
912 2666 1280 2741 existimavi,
1310 2668 1362 2729 si
1393 2667 1515 2731 hoc
1542 2685 1706 2749 opus
1735 2675 1847 2731 tuo
1883 2669 2244 2750 principatu
2277 2677 2553 2752 captum
2583 2678 2772 2752 atque
2813 2670 3222 2744 elaboratum,
3255 2669 3432 2732 alteri
3470 2689 3588 2750 po-

334 2766 460 2827 tius
502 2781 941 2842 consecrarem
964 2783 1153 2846 quam
1182 2767 1318 2829 tibi.
1344 2769 1443 2830 An
1469 2786 1615 2832 cum
1639 2786 1759 2849 ego
1785 2776 1878 2833 tot
1897 2770 2033 2851 jam
2063 2770 2259 2834 libros
2290 2772 2357 2834 in
2385 2771 2592 2835 lucem
2619 2772 2959 2845 emiserim,
2995 2774 3084 2832 tot
3119 2767 3393 2831 illustres
3423 2771 3592 2832 viros

336 2867 580 2947 scriptis
605 2867 766 2929 meis
794 2867 1288 2947 pradieaverim,
1322 2868 1602 2946 reginam
1634 2870 1818 2932 etiam
1841 2876 2120 2935 externa
2150 2871 2352 2948 gentis
2382 2870 2685 2952 peculiari
2721 2869 3004 2933 oratione
3044 2865 3448 2940 laudaverim,
3485 2886 3589 2929 re-

289 2984 305 2997 ‘
337 2983 479 3045 gem
527 2962 764 3041 meum,
808 2982 1018 3028 rerum
1063 2972 1372 3044 gestarum
1421 2965 1618 3044 gloria
1651 2975 1714 3028 et
1766 2969 2010 3031 cunctis
2051 2966 2203 3030 belli
2244 2967 2544 3048 pacisque
2587 2967 2822 3029 artibus
2869 2967 3304 3042 excellentem,
3338 2968 3591 3030 silentio

337 3066 747 3127 transmittam
777 3081 794 3138 ;
825 3083 940 3128 nec
961 3067 1254 3128 omnibus
1287 3065 1494 3128 modis
1521 3065 1861 3141 elaborem,
1905 3076 1976 3129 ut
2025 3066 2285 3146 aliquod
2321 3067 2562 3145 ingenii
2597 3067 2722 3127 mei
2759 3073 3236 3129 monumentum
3280 3068 3344 3128 in
3389 3085 3591 3145 augu-

338 3167 607 3229 stissimo
638 3167 769 3245 ejus
803 3166 1060 3228 nomine
1089 3166 1432 3247 appareat?
1464 3168 1602 3229 Huc
1627 3167 1869 3230 accedit
1895 3167 2256 3246 exemplum
2294 3167 2625 3229 Sozomeni
2661 3167 2876 3238 nostri,
2910 3166 3019 3245 qui
3047 3183 3188 3227 eum
3217 3165 3593 3230 ecclesiasti-

339 3283 474 3329 cam
515 3267 849 3329 Historiam
899 3283 934 3327 a
980 3266 1337 3347 principatu
1389 3267 1776 3330 Constantini
1822 3268 2074 3330 Maximi
2111 3267 2188 3330 ad
2237 3285 2349 3330 sua
2383 3284 2586 3347 usque
2630 3274 2917 3347 tempora
2959 3282 3185 3328 novem
3227 3265 3401 3329 libris
3443 3286 3591 3331 con-

339 3365 662 3441 texuisset,
697 3382 835 3428 eam
863 3364 1224 3429 Theodosio
1251 3367 1496 3429 Juniori
1524 3365 2014 3448 nuncupandam
2051 3367 2308 3447 putavit.
2338 3369 2534 3441 Quem
2569 3374 2824 3430 secutus
2862 3367 3054 3445 longo
3089 3374 3234 3447 post
3261 3368 3589 3432 intervallo

339 3471 733 3552 Nicephorus
767 3471 1071 3542 Callistus,
1113 3467 1471 3530 Andronico
1519 3467 1899 3546 Palaologo,
1941 3469 2288 3548 Byzantino
2320 3468 2707 3548 imperatori,
2741 3485 2903 3549 epus
2949 3485 3131 3531 suum
3176 3476 3586 3536 consecravit.

339 3576 422 3633 Ac
448 3570 732 3652 profecto
764 3567 1247 3650 sapientissime,
1277 3574 1345 3628 ut
1367 3566 1662 3645 equidem
1693 3583 1948 3640 censeo,
1980 3574 2248 3646 uterque
2291 3566 2543 3629 illorum
2581 3565 2881 3645 judicavit
2922 3569 3162 3632 nullum
3200 3573 3451 3649 regibus
3491 3583 3587 3636 at-

339 3688 461 3750 que
492 3670 978 3750 imperatoribus
1015 3666 1494 3731 convenientius
1531 3666 1744 3728 oﬂ‘erri
1772 3683 1961 3746 posse
1999 3683 2252 3740 munus,
2288 3683 2478 3746 quam
2517 3664 2841 3729 historiam
2878 3683 3087 3730 rerum
3133 3664 3587 3736 ecclesiastica-

339 3788 498 3831 rum.
531 3773 679 3843 Qua
712 3769 882 3832 enim
925 3767 1207 3847 cognitio
1237 3764 1449 3828 utilior
1485 3765 1811 3845 magisque
1851 3766 2205 3828 necessaria
2245 3772 2336 3829 est
2375 3766 2668 3846 principi,
2707 3783 2894 3846 quam
2941 3785 3154 3832 earum
3201 3790 3408 3834 rerum
3445 3791 3588 3854 qua

339 3868 412 3929 ad
441 3869 653 3948 ipsum
691 3867 976 3948 quotidie
1017 3863 1424 3931 deferuntur?
1449 3867 1624 3928 Certe
1655 3881 1798 3928 cum
1828 3865 2048 3944 religio
2080 3867 2356 3946 primum
2385 3867 2598 3929 locum
2627 3867 2905 3929 obtineat
2931 3869 2998 3930 in
3033 3871 3376 3950 republica,
3407 3892 3587 3936 cum-

342 3987 463 4050 que
510 3989 588 4034 ex
629 3989 758 4051 quo
797 3978 1083 4052 tempore
1121 3989 1301 4050 reges
1342 3977 1531 4050 atque
1577 3971 1988 4050 imperatores
2017 3987 2156 4033 sese
2201 3971 2497 4034 Ecclesia
2539 3971 2793 4050 corpori
2838 3968 3276 4048 adjunxerunt,
3319 3975 3588 4038 maxima

341 4088 590 4151 semper
621 4071 810 4134 fuerit
840 4088 1060 4134 eorum
1087 4072 1422 4134 auctoritas
1450 4071 1516 4133 in
1546 4073 1736 4133 rebus
1765 4071 2059 4133 Ecclesia
2090 4071 2621 4146 administrandis,
2656 4079 2839 4151 turpe
2868 4077 3056 4149 atque
3085 4071 3455 4134 indecorum
3495 4083 3589 4136 est

339 4169 459 4231 illis
488 4172 777 4249 negotia',
821 4171 888 4233 in
934 4171 1166 4251 quibus
1207 4170 1546 4233 tractandis
1583 4169 1834 4231 assidue
1874 4177 2221 4242 versantur,
2270 4169 2583 4247 ignorare.
2623 4171 2840 4250 Itaque
2883 4176 3152 4254 majores
3190 4178 3300 4250 tui,
3334 4179 3586 4240 Carolos

342 4271 480 4332 dico
519 4279 580 4333 et
607 4272 981 4347 Ludovicos,
1013 4271 1123 4353 qui
1159 4273 1540 4333 Francorum
1586 4285 1783 4346 regno
1830 4269 2187 4331 Romanum
2222 4269 2557 4348 imperium
2588 4269 2757 4331 velut
2788 4276 3203 4354 appendicem
3253 4279 3587 4357 quamdam

341 4375 782 4455 adjunxerunt,
806 4377 983 4438 omni
1010 4375 1218 4438 studio
1245 4393 1317 4437 ac
1350 4373 1670 4451 diligentia
1698 4373 1766 4433 in
1803 4371 1868 4433 id
1896 4371 2340 4446 incubuerunt,
2379 4379 2447 4434 ut
2475 4373 3032 4438 ecclesiasticarum
3072 4393 3282 4440 rerum
3318 4380 3584 4440 exactis-

341 4475 556 4536 simam
596 4475 716 4536 sibi
745 4475 1028 4537 notitiam
1058 4480 1516 4555 compararent.
1547 4473 1792 4552 Quippe
1828 4470 2261 4548 intelligebant
2292 4472 2612 4553 principes
2650 4473 3116 4553 sapientissimi,
3150 4475 3337 4538 rebus
3367 4479 3586 4540 Eccle-

339 4582 442 4643 sia
471 4583 668 4660 probe
709 4582 1063 4644 constitutis
1092 4587 1280 4661 atque
1312 4580 1637 4651 ordinatis,
1670 4577 1911 4656 reliqua
1959 4575 2259 4656 deinceps
2289 4595 2366 4638 ex
2398 4584 2544 4639 voto
2577 4576 2940 4650 succedere,
2978 4583 3040 4637 et
3081 4593 3300 4655 pacem
3339 4577 3589 4657 imperii

339 4700 407 4746 ac
432 4683 948 4764 tranquillitatem
991 4699 1066 4745 ex
1093 4685 1390 4748 Ecclesia
1423 4700 1579 4763 pace
1607 4699 1679 4744 ac
1703 4679 2174 4760 tranquillitate,
2214 4688 2512 4761 tanquam
2543 4699 2619 4742 ex
2653 4681 2853 4753 fonte,
2893 4697 3288 4759 promanare.
3321 4684 3585 4742 Tcstan-

337 4792 435 4846 tur
461 4784 585 4846 hoc
615 4769 865 4845 illorum
897 4776 1194 4859 studium,
1226 4791 1360 4845 tum
1397 4781 1676 4844 historia
1701 4787 1966 4853 veteres,
1999 4786 2131 4840 tum
2159 4779 2328 4856 leges
2366 4781 2740 4858 eapitulares
2765 4781 2844 4842 ab
2873 4779 3094 4840 iisdem
3117 4780 3298 4840 edita
3336 4799 3408 4844 ac
3435 4801 3587 4860 pro—

338 4888 624 4965 mulgata
653 4905 668 4960 ;
702 4886 1012 4966 ejusmodi
1044 4886 1316 4957 decreta,
1344 4883 1411 4943 in
1441 4881 1672 4960 quibus
1701 4882 1904 4959 primo
1953 4895 2204 4958 semper
2236 4878 2380 4940 loco
2416 4879 2495 4940 de
2538 4881 2725 4941 rebus
2756 4879 3190 4940 ecclesiasticis
3220 4892 3584 4946 sanxerunt.

340 4989 563 5066 quibus
590 4987 743 5049 nihil
772 4987 850 5048 ad
884 4985 1279 5064 disciplinam
1307 4981 1791 5045 ecclesiasticam
1819 4979 2045 5040 sanciri
2077 4980 2273 5058 possit
2296 4980 2528 5040 utilius.
2562 4980 2732 5042 Idem
2776 4982 2960 5042 etiam
2992 4987 3294 5042 testantur
3328 4983 3464 5043 libri
3499 4985 3587 5044 illi

339 5110 372 5153 a
407 5091 625 5154 Carolo
664 5092 889 5168 Magne
930 5089 1292 5170 conscripti,
1326 5106 1486 5168 quos
1521 5086 1708 5164 vulgo
1746 5086 2071 5149 Carolinos
2110 5091 2357 5146 vocant.
2390 5086 2530 5146 Non
2569 5087 2757 5163 igitur
2794 5089 2927 5148 sine
2963 5104 3170 5161 causa,
3201 5086 3584 5149 Christiano—

340 5209 471 5253 rum
515 5189 919 5269 antiquitates
955 5186 1478 5251 Christianissimo
1511 5185 1805 5266 principi,
1846 5184 2326 5246 ecclesiasticam
2369 5185 2701 5247 Historiam
2750 5187 2861 5248 tibi
2894 5189 3058 5250 inter
3085 5190 3378 5251 Ecclesia
3425 5193 3585 5252 ﬁlios

339 5291 778 5373 primogenito,
818 5287 1230 5350 dedicandam
1273 5303 1410 5346 esse
1445 5282 1812 5345 existimavi.
1845 5284 1916 5341 In
1956 5299 2103 5359 qua,
2143 5282 2293 5361 quid
2327 5288 2387 5343 et
2413 5291 2719 5361 quantum
2755 5286 2916 5363 juris
2963 5287 3038 5347 sit
3071 5289 3342 5370 principi
3384 5291 3448 5350 in
3481 5309 3582 5352 rc—

340 5395 451 5456 bus
489 5393 950 5464 ecclesiasticis,
986 5392 1267 5469 Majestas
1292 5391 1423 5449 Tua
1461 5385 1701 5465 liquido
1742 5387 2115 5464 perspiciet:
2160 5394 2220 5447 et
2257 5387 2789 5464 quemadmodum
2823 5407 2899 5449 ex
2936 5391 3420 5470 imperatoribus
3450 5396 3581 5455 Ro-

339 5501 556 5573 manis,
587 5501 632 5560 ii
671 5498 931 5578 quidem
981 5495 1090 5574 qui
1128 5491 1471 5553 Ecclesiam
1523 5489 1702 5549 savis
1743 5489 2291 5567 persecutionibus
2331 5489 2720 5564 infestarunt,
2752 5492 3004 5555 adversa
3045 5512 3296 5574 semper
3333 5495 3584 5559 fortuna

336 5600 450 5671 usi,
477 5599 726 5660 funesto
774 5596 1032 5659 tandem
1084 5593 1254 5654 exitu
1290 5589 1677 5660 interierint;
1724 5587 1765 5647 ii
1799 5603 1946 5648 vero
1987 5586 2096 5664 qui
2134 5589 2476 5650 Ecclesiam
2518 5607 2747 5666 augere
2795 5597 2982 5669 atque
3027 5611 3251 5655 ornare
3288 5596 3580 5657 omnibus

335 5700 533 5761 modis
558 5699 958 5768 studuerunt,
992 5695 1100 5774 qui
1130 5693 1559 5754 sacerdotibus
1600 5691 1929 5764 honorem,
1963 5689 2205 5753 clericis
2234 5690 2556 5770 privilegia
2589 5693 3170 5772 immunitatemque
3199 5697 3571 5776 tribuerunt,

608 5805 885 5863 Parnm“
943 5798 1060 5857 Gn.
1113 5795 1362 5857 LXVII.
3034 5802 3064 5858 1
