4050 6348
332 318 420 372 ⁷Η
586 337 594 343 ’
1693 313 1931 367 HENRH

2034 307 2284 364 VALESII
3565 319 3633 378 η

357 435 570 500 omnia
617 451 870 514 semper
914 435 1055 495 laeta
1100 451 1171 496 ac
1213 449 1515 513 prospera
1568 431 1807 509 experti
1856 431 2002 500 sint,
2037 429 2203 490 etde
2246 426 2534 486 hostibus
2575 443 2646 486 ac
2679 427 2958 504 tyrannis
3005 432 3307 495 maximas
3336 437 3630 502 victorias

359 542 761 624 reportarint.
793 544 1070 614 Quorum
1094 539 1162 597 tu
1194 533 1488 610 pietatem
1527 546 1670 590 cum
1710 545 1745 587 a
1777 527 1997 605 primis
2029 526 2206 603 regni
2240 524 2329 584 tui
2360 523 2731 585 rudimentis
2766 525 3045 590 imitatus
3081 529 3187 604 sis,
3209 532 3354 610 jure
3399 540 3626 602 merito

361 647 580 708 eadem
612 651 672 705 te
704 645 971 706 felicitas
999 645 1062 703 in
1091 637 1334 699 cunctis
1369 631 1876 713 expeditionibus
1923 634 2230 707 perpetuo
2270 627 2623 687 comitatur.
2659 629 2917 688 Possem
2950 628 3071 693 hoc
3119 630 3262 694 loco
3293 634 3358 695 in
3405 635 3625 702 lauues

359 753 500 805 tuas
539 743 797 804 liberius
826 759 1183 815 excurrere,
1220 739 1413 816 idque
1443 733 1736 812 exemplo
1769 749 1987 792 eorum
2021 730 2404 807 scriptorum
2440 747 2602 808 quos
2631 748 2820 808 supra
2869 733 3206 796 nominavi.
3242 738 3394 799 Nam
3432 743 3624 820 Majc-

359 849 531 910 statis
581 851 728 909 Tua;
769 864 868 907 res
916 852 1104 923 gestae
1156 845 1343 919 longe
1387 840 1671 920 profecto
1725 835 2084 898 uberiorem
2130 836 2210 897 ad
2249 837 2583 899 dicendum
2620 834 2940 895 materiam
2985 839 3138 900 mihi
3184 844 3615 923 suppeditant,

360 965 547 1026 quam
587 953 692 1008 aut
729 963 829 1006 res
866 943 1208 1005 Theodosii
1243 939 1518 1002 Junioris
1553 938 1930 1008 Sozomeno,
1960 941 2084 996 aut
2121 953 2242 998 res
2279 934 2621 997 Andronici
2663 932 3023 1012 Nicephoro
3069 940 3216 1001 olim
3265 945 3626 1023 suppedita-

358 1060 527 1114 runt.
563 1051 685 1112 Sed
716 1048 1015 1128 quoniam
1041 1047 1118 1107 de
1148 1047 1336 1106 rebus
1361 1039 1807 1103 ecclesiasticis
1832 1039 2108 1118 primum
2145 1040 2422 1100 instituta
2459 1043 2551 1099 est
2581 1037 2804 1110 oratio,
2835 1051 3101 1114 quarum
3136 1037 3452 1102 historiam
3489 1046 3622 1105 Ma‘

349 1151 561 1230 jestati
596 1152 743 1210 Tuae
778 1146 1102 1209 oblaturus
1131 1143 1392 1216 accessi,
1425 1140 1591 1202 malo
1622 1139 1908 1200 meintra
1933 1138 2050 1200 hos
2081 1140 2236 1200 ﬁnes
2269 1139 2616 1211 continere,
2667 1153 2829 1215 quos
2871 1136 3026 1196 mihi
3071 1139 3208 1217 ipse
3241 1141 3417 1203 initio
3449 1162 3619 1222 prte-

355 1251 598 1330 scripsi,
627 1255 687 1308 et
717 1263 794 1305 ex
830 1243 1120 1304 laudibus
1147 1244 1268 1304 tuis
1294 1259 1398 1303 eas
1429 1241 1634 1302 solum
1662 1240 1967 1317 attingere
1996 1256 2139 1318 quae
2167 1239 2242 1300 ad
2280 1237 2619 1300 Ecclesiam
2656 1242 2717 1296 et
2750 1235 2827 1294 ad
2859 1235 3225 1311 religionem
3277 1241 3616 1317 pertinent.

355 1350 520 1411 Nihil
561 1347 751 1423 igitur
780 1344 983 1407 dicam
1011 1343 1092 1403 de
1119 1340 1347 1401 eximia
1385 1339 1772 1400 humanitate
1810 1345 1939 1410 tua,
1975 1355 2097 1416 qua
2127 1345 2392 1398 cunctos
2426 1336 2731 1399 adeuntes
2773 1336 3066 1414 excipere
3103 1337 3307 1412 soles;
3342 1341 3498 1401 nihil
3537 1343 3615 1404 de

351 1448 708 1514 admirabili
739 1447 1095 1527 prudentia,
1131 1459 1255 1522 qua
1281 1449 1344 1504 et
1374 1441 1577 1503 civilia
1614 1448 1675 1502 et
1702 1439 1924 1502 bellica
1969 1441 2222 1517 negotia
2269 1440 2705 1512 administras;
2739 1437 2894 1500 nihil
2927 1436 3004 1497 de
3032 1437 3291 1515 justitia,
3318 1458 3504 1518 quam
3552 1442 3618 1504 in

351 1549 648 1613 omnibus
687 1547 866 1608 factis
902 1539 1727 1621 dictisque-religiosissime
1769 1556 2017 1612 servas;
2060 1538 2215 1598 nihil
2247 1539 2326 1599 de.
2356 1538 2709 1600 incredibili
2748 1537 2964 1614 vigore
3006 1534 3249 1612 ingenii
3298 1539 3426 1612 tui;
3460 1541 3620 1604 nihil

351 1649 433 1711 de
469 1647 713 1728 prolixa
748 1646 816 1707 in
858 1644 1092 1705 litteras
1123 1638 1579 1712 muniﬁcentia,
1611 1654 1879 1716 quarum
1918 1643 1981 1698 te
2019 1643 2359 1716 patronum
2390 1639 2518 1717 jam
2561 1637 2804 1716 pridem
2847 1633 3202 1696 declarasti.
3236 1637 3619 1700 Prtetermit-

350 1759 479 1812 tam
532 1755 626 1810 tot
662 1746 920 1810 bellicas
949 1741 1384 1823 expeditiones
1409 1745 1570 1811 tuas,
1611 1738 2111 1817 expugnationes
2154 1737 2401 1798 urbium
2451 1744 2640 1816 atque
2684 1735 3089 1815 Oppidorum,
3132 1738 3444 1799 exercitus
3498 1739 3620 1803 hoe-

337 1851 543 1912 stium
591 1864 813 1919 caesos,
862 1853 1099 1923 tropzea
1147 1842 1214 1901 in
1256 1839 1495 1917 Belgio,
1527 1839 1592 1900 in
1633 1839 1982 1912 Germania,
2037 1844 2098 1898 et
2135 1838 2201 1898 in
2237 1838 2443 1900 media
2493 1844 2700 1900 erecta
2755 1837 3103 1898 Pannonia.
3139 1838 3341 1899 Taceo
3386 1841 3621 1906 Turcos

355 1947 561 2026 primo
592 1944 862 2006 adventu
894 1940 1217 2019 cepiarum
1257 1942 1504 1998 tuarum
1551 1935 1726 1997 fusos
1772 1941 1835 1996 et
1877 1933 2150 2011 fugatos,
2187 1941 2249 1996 et
2293 1952 2543 1997 amnem
2591 1934 3001 1998 cadaveribus
3053 1934 3408 2013 oppletum.
3451 1938 3619 2000 Nihil

354 2047 564 2108 dicam
598 2043 678 2106 de
728 2042 1066 2104 novissima
1105 2036 1505 2115 expeditione
1547 2042 1654 2097 tua
1684 2036 1751 2096 in
1783 2035 2093 2113 Belgium,
2125 2053 2249 2114 qua
2284 2036 2500 2115 plures
2534 2037 2722 2098 urbes
2754 2035 2942 2096 unius
2985 2035 3218 2095 aestatis
3266 2037 3468 2114 spatio
3509 2055 3619 2100 ce-

355 2144 531 2224 pisti,
563 2158 751 2222 quam
778 2145 910 2201 toto
936 2136 1265 2216 superiore
1300 2133 1470 2195 bello
1507 2151 1542 2195 a
1573 2133 1730 2195 divae
1765 2133 2086 2196 memoriae
2117 2135 2433 2197 Ludovico
2475 2141 2734 2214 parente
2778 2140 2889 2195 tuo
2927 2130 3182 2194 fuerant
3214 2144 3614 2214 expugnatae.

357 2247 535 2307 Mitto
581 2242 944 2306 comitatum
986 2235 1390 2313 Burgundiaa,
1422 2235 1633 2296 medio
1672 2233 1898 2296 hiemis
1939 2234 2154 2312 algore
2191 2240 2440 2324 raptum
2470 2234 2682 2312 potius
2713 2250 2898 2312 quam
2947 2242 3221 2315 captum.
3257 2238 3430 2301 Illam
3469 2260 3618 2304 vero

352 2361 600 2423 pacem,
647 2358 835 2421 quam
880 2355 1087 2417 nuper
1131 2335 1507 2415 Aquisgrani
1543 2352 1687 2396 cum
1733 2353 1880 2414 rege
1910 2337 2193 2415 Hispano
2234 2335 2551 2415 pepigisti,
2584 2337 2805 2398 tacitus
2841 2339 3161 2416 praeterire
3201 2341 3376 2404 nullo
3420 2347 3613 2409 modo

354 2459 638 2523 possum.
669 2443 797 2514 Qua
831 2439 896 2499 in
921 2434 1386 2516 componenda,
1416 2441 1645 2513 quanta
1671 2441 1835 2495 esset
1864 2436 2126 2512 aequitas
2161 2451 2233 2495 ac
2270 2433 2616 2494 moderatio
2651 2434 2845 2497 animi
2888 2441 2978 2501 tui
3025 2445 3359 2521 perspicue
3404 2447 3617 2511 decla-

357 2543 526 2604 rasti.
573 2544 712 2602 Non
737 2540 906 2602 enim
934 2539 1362 2618 ampliﬁcandi
1393 2539 1573 2616 regni.
1591 2538 1901 2618 cupiditas
1927 2544 2045 2599 tea
2079 2545 2248 2599 recto
2286 2537 2542 2616 justitiae
2577 2539 2824 2600 tramite
2859 2543 3138 2606 abduxit.
3173 2549 3310 2608 Non
3352 2550 3618 2614 militum

350 2653 614 2708 tuorum
663 2645 856 2706 robur
898 2661 969 2705 ac
1004 2643 1364 2717 multitudo,
1399 2659 1526 2703 non
1579 2641 1809 2703 ducum
1854 2641 2235 2720 praestantia,
2275 2657 2405 2701 non
2448 2641 2820 2717 magnitudo
2850 2643 3058 2706 bellici
3098 2656 3455 2726 apparatus,
3491 2670 3621 2716 non

344 2745 629 2807 hostium
660 2741 1002 2824 provinciae
1031 2743 1402 2804 militaribus
1431 2741 1634 2820 c0piis
1664 2739 1938 2813 nudatae,
1963 2741 2241 2801 animum
2277 2745 2453 2800 tuum
2501 2740 2933 2803 sollicitarunt.
2966 2746 3086 2805 Sed
3118 2753 3226 2807 tuo
3258 2758 3618 2829 contentus,

342 2847 512 2908 nihil
545 2847 805 2908 ulterius
852 2845 1286 2924 concupivisti.
1317 2844 1626 2923 Equidem
1663 2843 1828 2905 hanc
1869 2859 2088 2922 pacem
2128 2844 2422 2903 omnibus
2454 2844 2726 2904 victoriis
2763 2863 2833 2907 ac
2873 2842 3209 2922 triumphis
3251 2850 3372 2908 tuis
3426 2851 3616 2930 longe

340 2947 862 3025 anteponendam
902 2953 1079 3026 puto.
1112 2949 1266 3009 Nam
1297 2957 1358 3009 et
1391 2949 1582 3009 urbes
1609 2946 1810 3024 Belgii
1849 2946 2148 3007 maximas
2196 2962 2266 3006 ac
2307 2944 2752 3006 munitissimas
2785 2944 3009 3005 ditioni
3047 2953 3172 3004 tuae
3213 2949 3517 3026 adjunxit,
3557 2962 3620 3015 et

350 3043 597 3104 nomini
628 3049 736 3104 tuo
757 3043 1175 3107 immortalem
1206 3044 1468 3122 gloriam
1509 3043 1916 3122 comparavit.
1950 3041 2106 3114 Quid
2145 3041 2314 3102 enim
2360 3039 2693 3117 gloriosius
2723 3058 2911 3118 quam
2959 3046 3023 3106 in
3046 3064 3287 3110 summa
3324 3051 3621 3118 felicitate

350 3145 755 3223 semetipsum
789 3145 1062 3218 vincere,
1096 3150 1157 3203 et
1193 3159 1385 3220 supra
1412 3149 1651 3220 tropaea
1690 3146 1979 3212 stantem,
2015 3139 2288 3200 victoriae
2321 3155 2449 3199 sua:
2481 3139 2736 3199 modum
2768 3140 3146 3221 imponere?
3179 3150 3353 3228 Cepit
3386 3168 3460 3212 ex
3501 3154 3618 3218 hac

350 3260 510 3322 pace
543 3261 672 3304 non
713 3243 1100 3304 mediocrem
1140 3240 1419 3301 fructum
1449 3238 1694 3315 religio,
1727 3239 1904 3315 cujus
1948 3237 2015 3296 in
2055 3235 2416 3297 renovando
2456 3236 2694 3300 foedere
2724 3242 3106 3321 praecipuam
3149 3250 3450 3312 rationem
3501 3253 3616 3316 ha-

349 3344 622 3406 bendam
657 3361 795 3404 esse
826 3343 1082 3404 duxisti.
1114 3345 1262 3414 Quae
1294 3358 1434 3402 cum
1482 3356 1648 3416 (egre
1676 3339 2020 3400 admodum
2043 3345 2334 3401 cerneret
2384 3340 2543 3401 duos
2581 3343 3052 3421 potentissimos
3092 3348 3260 3408 orbis
3291 3350 3619 3415 Christiani

351 3445 677 3524 principes
720 3444 886 3505 inter
938 3461 1005 3505 se
1041 3442 1278 3517 collidi,
1322 3447 1383 3502 et
1420 3442 1654 3502 mutuis
1677 3441 1957 3502 cladibus
1986 3458 2127 3502 sese
2172 3447 2436 3504 atterere
2475 3444 2607 3523 jam
2655 3455 2946 3524 paratos;
2977 3447 3169 3527 idque
3208 3466 3285 3512 eo
3331 3459 3616 3534 tempore

353 3559 481 3624 quo
525 3546 661 3624 ipsa
716 3546 794 3606 ab
841 3545 1128 3608 hostibus
1165 3544 1492 3617 Christiani
1547 3544 1824 3606 nominis
1865 3550 2031 3605 terra
2073 3545 2357 3624 marique
2398 3546 2910 3626 impugnaretur;
2959 3568 3128 3614 nunc
3177 3555 3418 3618 ﬁrmato
3455 3559 3619 3621 inter

353 3643 612 3704 eosdem
640 3643 962 3723 principes
994 3643 1166 3722 pacis
1194 3641 1431 3703 foedere
1478 3641 1743 3715 laetatur,
1777 3648 1862 3716 et,
1901 3649 2220 3720 resumpta
2243 3643 2491 3716 ﬁducia,
2518 3646 2908 3726 tritimphum
2956 3653 3076 3713 sibi
3120 3653 3199 3716 de
3229 3655 3441 3736 impiis
3491 3660 3614 3722 illis

352 3744 614 3841 Deoque
653 3747 873 3808 invisis
901 3747 1259 3827 pollicetur.
1304 3747 1424 3808 Sed
1448 3757 1509 3809 et
1536 3747 1813 3810 Ecclesia
1853 3747 2164 3810 Gallicana
2194 3767 2412 3828 pacem
2445 3751 2562 3813 sibi
2596 3751 2761 3814 haud
2793 3755 2983 3817 dubia
3007 3774 3122 3837 spe
3149 3761 3281 3839 jam
3317 3764 3608 3841 spondet.

355 3827 505 3922 Quae
555 3869 699 3912 cum
741 3851 958 3931 plures
978 3853 1109 3932 jam
1159 3871 1276 3933 per
1312 3871 1514 3915 annos
1567 3853 1944 3931 gravissimis
1988 3853 2484 3916 dissensionibus
2530 3873 2834 3920 concussa
2878 3860 3066 3924 fuerit
3116 3872 3305 3945 atque
3343 3869 3608 3942 turbata,

352 3967 525 4012 nunc
555 3951 913 4014 interventu
945 3954 1227 4033 paciﬁcae
1265 3956 1601 4034 Majestatis
1628 3958 1776 4016 Tute
1808 3955 1884 4016 ad
1931 3956 2252 4034 pristinam
2293 3959 2694 4020 concordiam
2763 3967 2824 4023 et
2862 3967 3372 4045 tranquillitatem
3424 3989 3606 4032 revo-

351 4055 479 4116 cari
517 4073 582 4118 se
613 4075 802 4135 posse
832 4058 1116 4120 conﬁdit.
1157 4059 1440 4138 Denique
1469 4057 1692 4120 litterae
1725 4065 1980 4131 nostrae,
2014 4056 2199 4137 hujus
2233 4060 2407 4138 pacis
2436 4077 2643 4134 causa,
2682 4062 3038 4127 incredibili
3077 4071 3305 4146 gaudio
3337 4071 3612 4148 gestiunt

349 4162 536 4234 atque
572 4158 905 4219 exsultant.
940 4160 1087 4231 Quae
1125 4177 1267 4220 cum
1313 4158 1425 4219 tibi
1453 4158 1834 4238 jampridem
1877 4155 2216 4236 plurimum
2260 4158 2529 4219 debeant
2560 4160 2640 4220 ob
2672 4162 2943 4237 regalem
2973 4185 3118 4244 erga
3158 4169 3327 4248 ipsas
3361 4172 3612 4230 muniﬁ-

349 4259 618 4319 centiam
649 4267 842 4333 tuam,
869 4278 1039 4322 nunc
1077 4277 1144 4321 se
1174 4261 1361 4321 vitam
1408 4260 1608 4338 ipsam
1642 4259 1762 4321 hoc
1799 4258 2056 4321 nomine
2086 4259 2197 4319 tibi
2231 4259 2460 4321 debere
2497 4261 2770 4339 ingenue
2809 4265 3205 4343 proﬁtentur.
3251 4268 3406 4327 Sunt
3438 4269 3606 4329 enim

347 4361 619 4424 alumna:
649 4361 845 4439 pacis,
871 4365 932 4421 et
960 4359 1223 4421 comites
1262 4359 1494 4438 quietis
1524 4366 1710 4438 atque
1751 4359 1883 4419 otii.
1907 4362 2127 4437 Itaque
2164 4377 2386 4421 omnes
2417 4362 2641 4423 eruditi
2683 4382 2754 4425 ac
2783 4367 2988 4444 probi,
3020 4367 3339 4446 przecipue
3378 4384 3525 4429 vero
3562 4368 3606 4430 ii

346 4465 413 4526 in
444 4483 603 4542 quos
641 4465 829 4544 hujus
864 4464 1012 4525 belli
1051 4470 1390 4543 tempestas
1420 4463 1817 4536 incubuerat,
1851 4467 1919 4523 ut
1946 4461 2078 4522 haec
2103 4481 2223 4541 pax
2256 4464 2548 4526 diuturna
2579 4483 2650 4527 ac
2692 4475 2993 4547 perpetua
3028 4467 3126 4540 sit,
3150 4467 3603 4529 ardentissimis

347 4565 506 4625 votis
547 4564 744 4623 Deum
791 4562 1232 4641 deprecantur.
1274 4565 1363 4624 Ex
1402 4580 1673 4642 quorum
1710 4580 1828 4640 ego
1873 4578 2164 4635 numero,
2211 4563 2328 4624 hos
2370 4563 2810 4629 ecclesiasticae
2835 4567 3122 4629 Historiae
3161 4565 3380 4641 libros,
3423 4585 3459 4629 a
3499 4587 3601 4631 me

347 4664 670 4744 expositos
703 4669 892 4742 atque
931 4664 1322 4736 emendatos,
1367 4662 1666 4742 Majestati
1690 4664 1837 4723 Tuae
1869 4661 2072 4722 libens
2109 4662 2252 4723 dico
2284 4669 2473 4740 atque
2518 4664 2741 4727 offero.
2779 4669 2945 4739 Quos
2978 4663 3258 4744 quidem,
3302 4671 3603 4746 tanquam

346 4764 598 4824 obsides
638 4762 1022 4824 devotissimi
1059 4763 1349 4842 obsequii
1384 4763 1530 4836 mei,
1557 4761 1843 4839 gratique
1885 4761 2078 4821 animi
2117 4762 2504 4825 certissimos
2542 4771 2756 4840 testes,
2782 4774 2850 4827 ut
2878 4764 3155 4841 benigno
3185 4763 3358 4826 vultu
3397 4765 3599 4830 susci-

347 4863 511 4942 pias,
539 4863 921 4941 Majestatem
963 4863 1159 4925 Tuam
1191 4862 1379 4925 etiam
1400 4869 1589 4940 atque
1622 4859 1806 4922 etiam
1833 4875 2010 4938 rogo.

2582 4964 2648 5024 S.
2682 4965 2775 5025 M.
2819 4968 2889 5028 T.
2926 4969 3358 5030 Dicatissimus

2651 5065 2974 5128 HENRICUS
3032 5070 3357 5131 Vamsms.
