4050 6348
2319 183 2362 195 ’θ

509 305 570 364 13
1924 307 2315 370 ῬΚᾹΞΕΛΤΙΟ.
3678 327 3702 383 l
3716 326 3747 385 ι

524 442 3691 471 MM

1557 540 2152 652 STUDIO‘SO
2240 560 2753 654 LECTORI

571 812 696 868 Post
716 810 1012 865 Eusebium
1036 812 1449 878 Caesariensem,
1478 825 1642 882 quem
1668 819 1951 881 parentem
1995 810 2382 869 ecclesiasticae
2414 815 2657 873 historiae
2697 821 2895 876 merito
2930 825 3205 894 appellare
3237 840 3549 898 possumus,
3590 829 3752 885 multi

503 906 588 978 pia
610 900 957 958 aemulatione
980 906 1253 970 succensi,
1296 904 1442 960 idem
1480 908 1863 973 argumentum
1893 907 2130 955 tractare
2156 901 2535 959 instituerunt.
2562 906 2668 962 Sed
2702 926 2816 980 pra:
2852 916 3066 969 caeteris
3102 918 3361 974 omnibus
3387 920 3661 985 Socrates,
3698 928 3755 975 et

500 997 833 1055 Sozomenus
857 1015 922 1055 ac
943 996 1335 1060 Thcodoritus,
1360 994 1532 1049 totius
1557 990 1905 1062 antiquitatis
1924 990 2135 1063 judicio
2164 993 2427 1049 celebrati
2455 1002 2616 1063 sunt;
2644 1000 2739 1066 qui
2778 1002 2848 1056 ab
2870 1003 2941 1058 iis
2965 1006 3307 1075 temporibus
3328 1010 3509 1064 exorsi
3548 1010 3604 1065 in
3627 1010 3754 1080 qui.
3830 1046 3835 1052 ι

500 1091 601 1147 bus
628 1092 900 1149 Eusebius
930 1090 1207 1147 scribendi
1245 1087 1409 1142 finem
1433 1087 1658 1151 fecerat,
1686 1085 1755 1140 ad
1792 1084 2089 1139 Theodosii
2130 1084 2377 1142 Junioris
2416 1094 2664 1157 tempora
2689 1104 2828 1159 opus
2852 1107 3010 1149 suum
3045 1098 3440 1166 perduxerunt.
3487 1102 3554 1156 Et
3595 1101 3757 1156 initio

497 1186 717 1256 quidem
744 1193 856 1241 tres
881 1186 1016 1240 istos
1036 1184 1337 1254 scriptores
1360 1180 1524 1235 simul
1547 1180 1770 1250 junctos
1795 1177 1851 1231 in
1876 1179 2057 1232 lucem
2097 1178 2351 1249 proferre
2389 1178 2765 1246 decreveram,
2805 1191 2866 1237 ut
2903 1188 3365 1253 quemadmodum
3392 1209 3560 1248 unum
3585 1193 3759 1247 ideni-

496 1295 600 1350 que
623 1286 1007 1349 argumentum
1033 1275 1232 1330 litteris
1270 1270 1549 1344 prosecuti
1574 1277 1723 1334 sunt,
1753 1269 1833 1325 sic
1856 1269 2022 1324 etiam
2063 1284 2174 1324 uno
2210 1269 2515 1339 eodemque
2540 1270 2821 1326 volumine
2844 1276 3227 1343 comprehensi
3273 1280 3605 1349 legerentur.
3649 1282 3759 1337 Sed

496 1372 752 1442 quoniam
780 1370 948 1425 nimis
970 1368 1244 1440 prolixum
1269 1367 1374 1422 hoc
1396 1365 1540 1420 facto
1561 1364 1812 1419 futurum
1836 1372 1958 1419 erat
1982 1364 2263 1430 volumen,
2294 1365 2503 1420 idcirco
2542 1364 2846 1420 editionem
2883 1367 3204 1425 Theodoriti
3243 1373 3394 1427 aliud
3440 1374 3497 1429 in
3532 1383 3751 1446 tempus

498 1468 719 1522 differre
742 1481 865 1521 sum
887 1473 1129 1521 coaetus.
1152 1462 1253 1518 Cui
1276 1462 1493 1533 Evagrii
1518 1459 1947 1532 Epiphaniensis
1972 1459 2269 1515 Historiam
2293 1475 2417 1515 cum
2444 1462 2719 1530 excerptis
2746 1462 3098 1535 Philostorgii
3123 1482 3187 1521 ac
3210 1467 3487 1525 Theodori
3510 1470 3759 1527 Lectoris

498 1561 808 1630 adjungam,
836 1565 897 1611 ut
923 1564 1098 1611 totum
1137 1571 1341 1625 corpus
1388 1553 1774 1609 ecclesiastica:
1809 1552 2085 1616 historiae,
2123 1560 2314 1607 nostro
2352 1552 2545 1608 labore
2584 1554 2895 1622 expositum
2934 1566 3098 1625 atque
3133 1559 3486 1628 explicatum,
3525 1561 3760 1618 studiosi

498 1654 723 1724 p-usthae
743 1653 957 1723 possint
981 1652 1325 1723 pervolvere.
1354 1650 1581 1704 Interim
1606 1663 1741 1703 vero
1764 1647 1937 1703 habes
1977 1648 2037 1701 in
2074 1648 2180 1702 hoc
2219 1662 2473 1718 corpore,
2508 1646 2727 1714 Lector,
2773 1647 3056 1706 Socratem
3093 1669 3159 1708 ac
3196 1651 3562 1712 Sozomenum
3595 1657 3759 1713 simul

492 1746 730 1815 junctos.
755 1740 818 1800 In
841 1759 1078 1815 quorum
1101 1742 1343 1798 editione
1367 1740 1501 1811 quid
1522 1739 1894 1811 praestiterim,
1918 1738 2109 1809 paucis
2130 1739 2337 1810 accipe.

566 1839 706 1894 Ante
730 1854 904 1893 annos
926 1846 1072 1901 octo,
1099 1850 1225 1890 eum
1250 1832 1476 1890 Eusebii
1498 1828 1856 1887 Caesariensis
1881 1829 2179 1886 Historiam
2213 1830 2371 1900 jussu
2407 1838 2571 1901 atque
2612 1832 2876 1903 auspiciis
2912 1833 3415 1892 illustrissimorum
3451 1839 3761 1894 antistitum

496 1933 926 1990 cleriGallicani
954 1933 1009 1987 in
1046 1932 1225 1987 lucem
1250 1929 1499 1992 ederem,
1539 1928 1647 1982 tria
1697 1925 1974 1997 praecipue
2010 1923 2067 1977 in
2110 1922 2202 1978 illa
2246 1922 2493 1981 editione
2531 1934 2792 1995 praestare
2835 1926 3042 1982 studui.
3090 1928 3336 1984 Primum
3375 1930 3525 1983 enim
3563 1945 3761 1985 manu-

502 2026 721 2096 scriptis
742 2025 963 2095 optimae
986 2032 1129 2079 nota:
1148 2022 1437 2078 codicibus
1457 2020 1702 2090 undique
1728 2017 2080 2088 conquisitis,
2104 2033 2168 2073 ea
2194 2033 2314 2088 qua:
2337 2019 2393 2073 in
2414 2018 2697 2089 prioribus
2719 2020 3061 2077 editionibus
3077 2029 3335 2092 corrupta
3349 2031 3407 2077 et
3431 2022 3763 2094 interpolata

500 2119 720 2174 fuerant
759 2116 1047 2172 emendavi
1075 2123 1238 2184 atque
1264 2111 1509 2168 distinxi.
1536 2108 1745 2167 Deinde
1773 2125 1899 2165 cum
1925 2109 2242 2179 superiores
2266 2109 2618 2181 interpretes,
2644 2126 2742 2168 seu
2776 2114 3111 2183 seriptorum
3144 2114 3544 2184 exemplarium
3586 2129 3763 2185 penu-

502 2213 605 2276 ria,
628 2226 726 2266 seu
750 2210 820 2264 ob
848 2208 1011 2264 aliam
1036 2206 1340 2278 quamlibet
1363 2218 1583 2260 causam
1624 2203 1815 2258 multis
1840 2201 1895 2256 in
1920 2202 2058 2257 locis
2095 2200 2234 2271 lapsi
2270 2210 2476 2267 essent,
2500 2218 2570 2257 ne
2594 2203 2817 2259 illorum
2845 2204 3230 2274 interpretatio
3267 2205 3504 2261 lectores
3526 2206 3580 2259 in
3604 2221 3761 2259 erro-

506 2318 618 2356 rem
641 2301 946 2365 induceret,
970 2314 1168 2354 novam
1194 2299 1311 2369 ipse
1340 2295 1849 2367 interpretationem
1875 2294 2178 2357 elaboravi,
2218 2308 2327 2363 qua
2340 2293 2630 2350 studiosos
2654 2295 2712 2350 in
2732 2303 3018 2365 posterum
3045 2303 3334 2351 contentos
3369 2295 3492 2367 fore
3520 2296 3758 2354 conﬁdo.

501 2392 784 2449 Postremo
817 2393 1205 2449 annotationes
1230 2390 1462 2461 subjeci,
1511 2388 1716 2459 quibus
1753 2398 1869 2443 tum
1913 2388 2361 2444 emendationum
2408 2402 2659 2446 mearum
2708 2390 2979 2447 rationem
3024 2390 3352 2456 redderem,
3392 2398 3512 2445 tum
3549 2392 3756 2448 obscu-

501 2483 647 2538 riora
668 2498 898 2553 qureque
921 2497 985 2537 ac
1007 2480 1314 2537 diliiciliora
1354 2481 1473 2535 loca
1501 2493 1835 2549 exponerem
1859 2485 2023 2547 atque
2052 2478 2406 2534 illustrareni.
2430 2479 2610 2550 Atque
2633 2480 2751 2536 haec
2772 2481 2964 2545 editio,
2993 2482 3230 2553 benigne
3268 2482 3339 2537 ab
3361 2484 3620 2540 omnibus
3654 2502 3756 2541 ex-

497 2587 675 2649 cepta,
699 2586 953 2634 versatur
978 2578 1206 2633 nuncin
1230 2576 1486 2632 manibus
1507 2575 1875 2631 eruditorum.
1914 2574 2071 2641 Quod
2099 2574 2267 2647 igitur
2290 2574 2348 2630 in
2370 2575 2614 2631 Historia
2634 2576 2989 2650 Caesariensis
3019 2579 3246 2635 Eusebii
3281 2587 3413 2634 tunc
3451 2580 3761 2650 opitulante

500 2669 612 2724 Deo
634 2669 859 2739 perfeci,
879 2668 1025 2723 idem
1049 2681 1197 2722 nunc
1216 2667 1272 2721 in
1289 2667 1528 2722 Historia
1551 2664 1796 2721 Socratis
1817 2672 1984 2735 atque
2009 2664 2325 2729 Sozomeni,
2346 2667 2503 2737 jussu
2522 2674 2693 2736 atque
2715 2668 2977 2738 auspiciis
2998 2670 3323 2725 earumdem
3356 2685 3497 2740 quos
3518 2670 3633 2725 dixi
3658 2688 3760 2725 an-

499 2760 756 2825 tistitum,
784 2758 1047 2830 perlicere
1070 2774 1194 2815 sum
1217 2765 1468 2812 conatus.
1493 2756 1634 2812 Nam
1660 2762 1722 2810 ut
1744 2755 1931 2826 priore
1956 2757 2082 2810 loco
2103 2756 2284 2812 dicam
2322 2756 2390 2811 de
2413 2753 2661 2822 Socrate,
2686 2758 2783 2827 qui
2811 2759 2963 2828 prior
2984 2759 3053 2814 ad
3077 2760 3435 2816 scribendum
3471 2776 3529 2814 se
3554 2769 3753 2817 contu-

500 2853 586 2917 lit,
611 2855 730 2924 ejus
755 2852 1051 2908 Historiam
1074 2850 1362 2907 emendavi
1388 2864 1492 2920 ope
1515 2858 1683 2920 atque
1729 2848 1934 2903 auxilio
1955 2848 2125 2918 trium
2150 2863 2281 2902 mss.
2308 2848 2585 2913 codicum,
2625 2849 2893 2906 ‘Sfortiani
2923 2852 3159 2918 scilicet,
3198 2850 3504 2909 Florentini
3529 2862 3587 2909 et
3608 2854 3763 2909 Alla-

499 2945 656 3007 tiani.
682 2945 993 3001 Sfortianus
1014 2944 1188 3000 codex
1201 2942 1444 3013 optimus
1482 2956 1547 2997 ac
1582 2940 1994 2996 vetustissimus
2026 2949 2276 2995 servatur
2299 2956 2449 2996 nunc
2470 2940 2528 2995 in
2551 2941 2887 2997 bibliotheca
2918 2939 3200 2999 Vaticana.
3245 2943 3405 3000 Hunc
3426 2944 3760 3016 jampridem

504 3037 559 3092 in
604 3036 833 3107 gratiam
861 3034 1221 3089 illustrissimi
1245 3033 1349 3089 viri
1376 3032 1559 3088 Caroli
1584 3031 1900 3095 Monchalli,
1926 3029 2325 3101 archiepiscopi
2350 3030 2627 3096 Tolosani,
2666 3048 2791 3087 cum
2826 3033 3069 3089 editione
3103 3034 3413 3091 Genevensi
3451 3036 3766 3091 contulerat

502 3127 675 3183 Lucas
700 3127 1039 3191 Holstenius,
1068 3127 1153 3182 vir
1174 3127 1528 3182 doctissimus
1552 3138 1567 3191 ;
1593 3132 1651 3179 et
1672 3124 1855 3178 varias
1876 3123 2144 3177 lectiones
2168 3138 2276 3178 una
2299 3138 2424 3178 eum
2447 3124 2934 3180 emendationibus
2958 3126 3309 3199 Philostorgii
3344 3145 3415 3184 ex
3434 3143 3539 3183 ms.
3566 3128 3760 3184 codice

506 3216 844 3275 Scoriacensi
870 3220 1168 3290 decerptis,
1194 3220 1262 3275 ad
1282 3219 1540 3275 eumdem
1560 3217 1866 3273 antistitem
1891 3215 2138 3282 miserat,
2160 3231 2289 3271 cum
2314 3218 2495 3273 clerus
2516 3214 2833 3274 Gallicanus
2862 3220 3069 3276 veteris
3095 3221 3352 3277 Historiae
3372 3224 3764 3279 ecclesiastica:

503 3328 699 3368 novam
725 3314 1025 3369 editionem
1050 3314 1386 3385 procurandi
1411 3329 1612 3369 munus
1633 3312 1684 3368 ei
1710 3310 2046 3377 mandasset,
2071 3318 2133 3365 ut
2154 3311 2350 3367 scribit
2373 3312 2520 3368 idem
2542 3312 2863 3369 Holstenius
2883 3313 2941 3368 in
2961 3315 3191 3384 epistola
3213 3315 3285 3370 ad
3316 3315 3542 3371 Petrum
3567 3317 3761 3371 Possi—

504 3421 634 3459 num
656 3406 949 3462 Societatis
969 3407 1099 3463 Jesu
1124 3407 1459 3476 theologum.
1484 3406 1679 3461 Postea
1700 3420 1855 3469 vero,
1872 3419 2022 3470 cum,
2041 3411 2233 3475 rogatu
2251 3403 2425 3475 ipsius
2440 3406 2843 3478 archiepiscopi
2861 3407 3140 3473 Tolosani,
3165 3406 3261 3478 qui
3284 3408 3356 3462 ob
3372 3407 3573 3462 nimias
3595 3423 3764 3463 oecu-

505 3502 753 3571 pationes
776 3501 912 3557 huic
933 3499 1167 3558 editioni
1187 3517 1381 3557 vacare
1404 3516 1462 3555 se
1484 3515 1596 3554 non
1620 3513 1781 3570 posse
1805 3498 2168 3568 intelligebat,
2194 3499 2379 3554 clerus
2392 3498 2710 3556 Gallicanos
2730 3515 2853 3556 eam
2875 3501 3218 3571 provinciam
3238 3500 3375 3554 mihi
3402 3500 3758 3570 injunxisset,

506 3593 686 3650 varias
709 3594 978 3648 lectiones
1000 3592 1307 3663 supradicti
1327 3590 1537 3647 codicis
1559 3589 1822 3645 Sfortiani
1838 3629 1854 3653 ,
1879 3588 1952 3643 ad
1975 3590 2280 3661 marginem
2305 3589 2567 3645 editionis
2587 3588 2926 3648 Genevensis
2954 3592 3220 3662 ascriptas
3242 3607 3339 3646 sua
3365 3591 3538 3660 ipsius
3565 3606 3757 3657 manu,

508 3685 658 3740 misit
678 3684 747 3739 ad
769 3700 857 3739 me
880 3683 1028 3740 idem
1051 3684 1391 3749 Holstenius,
1416 3699 1525 3739 una
1549 3692 1675 3739 cum
1698 3681 2184 3738 emendationibus
2208 3682 2320 3737 illis
2355 3684 2737 3754 Philostorgii:
2763 3685 2923 3755 plura
2964 3685 3193 3754 insuper
3228 3683 3537 3749 missurus,
3575 3685 3623 3739 si
3647 3686 3763 3740 vita

508 3778 611 3848 ipsi
635 3778 849 3849 longior
867 3792 1130 3834 concessa
1152 3777 1362 3832 fuisset.
1388 3776 1607 3831 Etenim
1631 3776 1796 3845 paulo
1819 3784 1947 3831 ante
1970 3776 2184 3831 obitum
2208 3776 2624 3831 dissertationes
2646 3777 2857 3846 aliquot
2876 3777 2944 3831 ad
2967 3793 3055 3832 me
3096 3777 3249 3831 misit
3274 3778 3342 3831 de
3374 3777 3513 3833 locis
3534 3777 3767 3847 quibus-

506 3875 629 3929 dam
664 3873 886 3933 concilii
926 3872 1136 3928 Nicaeni
1176 3881 1233 3927 et
1254 3871 1473 3927 concilii
1499 3870 1985 3936 Chalcedonensis,
2009 3870 2190 3940 deque
2227 3869 2440 3942 Synesii
2465 3870 2803 3940 episcopatu.
2829 3870 2961 3936 Quae
2982 3870 3206 3941 quidem
3248 3871 3686 3935 dissertationes,
3714 3871 3764 3925 si

507 3965 652 4022 Deus
668 3967 895 4037 juverit,
920 3966 980 4022 in
1000 3967 1164 4021 tertio
1200 3966 1457 4021 Historiae
1478 3964 1867 4021 ecclesiasticae
1892 3974 2043 4021 torno
2060 3966 2297 4022 edentur
2314 3980 2351 4019 a
2384 3964 2567 4030 nobis,
2592 3980 2662 4020 ne
2689 3965 2998 4034 respublica
3021 3965 3291 4021 litteraria
3321 3966 3626 4022 doctissimi
3651 3966 3759 4020 viri

505 4058 984 4116 lucubrationibus
1006 4058 1216 4121 diutius
1240 4059 1544 4115 fraudetur.
1571 4059 1836 4129 Sequitur
1859 4060 2032 4117 codex
2064 4060 2441 4124 Florentinus,
2478 4067 2607 4115 ante
2630 4075 2804 4115 annos
2825 4061 3049 4115 circiter
3072 4061 3404 4130 quingentos
3426 4061 3760 4131 descriptus,

509 4148 602 4219 qui
646 4166 796 4206 nunc
818 4158 1071 4206 servatur
1093 4150 1387 4206 Florentiae
1411 4151 1469 4206 in
1500 4150 1837 4206 bibliotheca
1880 4152 1935 4206 S.
1975 4152 2275 4207 Laurentii.
2302 4150 2477 4222 Hujus
2508 4151 2775 4207 indicium
2800 4160 2967 4221 atque
3002 4166 3162 4205 usum
3201 4152 3379 4208 debeo
3401 4151 3657 4208 Emerico
3679 4153 3769 4207 Bi-

506 4245 672 4313 gotio,
698 4245 1051 4315 sagacissimo
1072 4246 1542 4301 bibliothecarum
1565 4254 1815 4301 veterum
1842 4246 2185 4316 indagatori:
2211 4246 2371 4315 cujus
2392 4245 2675 4316 diligentia
2719 4245 2923 4301 factum
2945 4253 3031 4300 est
3056 4254 3137 4311 ut,
3172 4245 3264 4300 hic
3300 4244 3557 4300 sedentes
3595 4252 3762 4314 atque

507 4337 689 4400 otiosi,
714 4337 1015 4392 multarum
1038 4352 1102 4391 ac
1124 4336 1681 4407 disjunctissimarum
1718 4335 2180 4391 bibliothecarum
2216 4336 2416 4406 opibus
2439 4336 2821 4406 thesaurisque
2844 4335 3172 4391 frueremur.
3215 4336 3348 4407 Ejus
3384 4337 3533 4393 enim
3570 4345 3764 4408 rogatu

507 4426 733 4481 Michael
757 4424 1339 4497 Erminius,patricius
1361 4424 1738 4493 Florentinus,
1760 4426 2005 4483 codicem
2030 4428 2184 4482 illum
2212 4429 2446 4484 contulit
2469 4444 2592 4483 eum
2618 4428 2862 4483 editione
2886 4428 3213 4493 Genevensi,
3240 4437 3296 4484 et
3316 4430 3497 4485 varias
3516 4430 3765 4499 ejusdem

506 4517 769 4571 lectiones
794 4516 864 4571 ad
888 4532 975 4571 me
999 4518 1320 4573 transmisit.
1348 4517 1472 4585 Quo
1494 4518 1717 4588 quidem
1743 4520 1965 4575 nomine
1990 4520 2213 4590 utrique
2240 4520 2539 4590 plurimum
2562 4536 2650 4575 me
2674 4520 2876 4575 debere
2898 4519 3179 4589 proﬁteor.
3208 4520 3428 4576 Tertius
3464 4529 3549 4575 est
3589 4520 3767 4575 codex

510 4606 708 4663 Leonis
728 4607 936 4673 Allatii,
962 4608 1069 4663 viri
1105 4608 1472 4678 undecunque
1499 4610 1829 4675 doctissimi,
1858 4619 1914 4665 et
1936 4611 2004 4666 de
2030 4612 2359 4681 antiquitate
2393 4611 2768 4666 ecclesiastica
2804 4613 3010 4680 optime
3048 4612 3251 4666 meriti.
3287 4610 3388 4668 Hic
3425 4613 3598 4667 codex
3622 4627 3762 4666 con-

508 4698 644 4753 tinet
663 4698 959 4754 Historiam
981 4700 1410 4757 ecclesiasticam
1453 4698 1730 4756 Theodori
1756 4702 2027 4768 Leetoris,
2060 4702 2278 4758 duobus
2302 4703 2458 4758 libris
2478 4703 2968 4772 comprehensam:
2997 4719 3163 4773 quam
3202 4702 3527 4760 Theodorus
3565 4705 3765 4760 Lector

507 4802 572 4842 ex
599 4786 775 4844 tribus
798 4790 1300 4845 ecclesiasticarum
1324 4804 1508 4844 rerum
1532 4791 1917 4860 scriptoribus,
1945 4792 2170 4848 Socrate
2194 4792 2424 4857 scilicet,
2451 4791 2757 4848 Sozomeno
2780 4807 2845 4848 ac
2869 4793 3204 4849 Theodorito
3222 4795 3540 4865 collegerat,
3566 4795 3764 4850 eodem

454 4914 457 4917 -
506 4880 664 4948 plane
688 4880 850 4935 modo
882 4897 993 4950 quo
1014 4880 1376 4936 Cassiodorus
1400 4880 1630 4937 Senator
1655 4882 2010 4952 Tripartitam
2052 4884 2348 4939 Historiam
2386 4884 2711 4953 composuit.
2760 4884 2962 4938 Verum
3009 4884 3281 4953 tripertita
3325 4886 3441 4940 haec
3485 4886 3762 4942 Theodori

506 4971 750 5026 Lectoris
787 4970 1029 5025 Historia
1067 4986 1156 5026 res
1183 4978 1397 5026 tantum
1426 4971 1741 5042 principatu
1779 4973 2124 5029 Constantini
2148 4983 2204 5028 et
2224 4972 2528 5028 Constantii
2568 4974 2625 5026 in
2668 4973 2913 5028 Ecclesia
2955 4984 3136 5044 gestas
3177 4976 3607 5045 complectitur:
3648 4981 3764 5034 sive

502 5064 647 5134 quod
673 5059 999 5117 Theodorus
1022 5063 1221 5117 Lector
1243 5080 1353 5118 non
1379 5080 1702 5134 progressus
1725 5073 1847 5119 erat
1873 5066 2126 5129 ulterius,
2163 5066 2277 5120 sive
2305 5065 2453 5135 quod
2491 5064 2688 5134 reliqui
2719 5066 2840 5136 ejus
2876 5066 3061 5135 operis
3093 5066 3219 5121 libri
3262 5070 3555 5124 vetustatis
3591 5072 3765 5141 negli-

498 5156 677 5225 gentia
701 5155 1006 5226 perierunt.
1031 5152 1111 5209 Ex
1137 5156 1243 5209 hoc
1264 5156 1441 5226 igitur.
1454 5158 1646 5212 codice
1669 5158 1851 5212 varias
1875 5159 2142 5213 lectiones
2167 5158 2222 5211 in
2243 5157 2461 5212 duobus
2485 5157 2762 5225 prioribus
2785 5157 3027 5212 Socratis
3052 5158 3212 5213 libris
3235 5159 3347 5213 Leo
3368 5158 3600 5215 Allatius
3620 5162 3760 5231 jam-

499 5245 709 5314 pridem
735 5253 1109 5315 excerpserat,
1133 5254 1191 5299 et
1228 5245 1297 5299 ad
1340 5246 1775 5301 illustrissimum
1818 5248 2119 5304 antistitem
2160 5246 2416 5301 Carolum
2459 5246 2825 5301 Monehallum
2872 5247 3270 5313 transmiserat,
3312 5264 3479 5304 manu
3520 5265 3617 5304 sua
3659 5250 3761 5303 de-

500 5336 744 5405 scriptas.
771 5335 921 5402 Quas
941 5351 1044 5406 ego
1067 5345 1255 5405 postea
1278 5347 1474 5391 nactus
1496 5353 1617 5392 sum
1641 5337 1908 5393 beneﬁcio
1929 5338 2284 5392 illustrissimi
2305 5337 2413 5391 viri
2436 5337 2679 5408 Dionysii
2702 5337 2889 5401 Talzei,
2917 5337 2975 5391 in
3002 5352 3259 5407 suprema
3293 5337 3629 5393 Parisiorum
3658 5354 3758 5392 cu-

498 5423 576 5478 ria
597 5425 869 5494 generalis
891 5423 1144 5479 advocati
1168 5423 1313 5495 regis
1337 5423 1814 5480 Christianissimi.
1854 5427 2057 5481 Praeter
2094 5427 2196 5480 hos
2221 5435 2331 5480 tres
2354 5426 2572 5481 codices
2594 5426 3018 5495 manuscriptos,
3045 5443 3176 5482 usus
3200 5444 3319 5482 sum
3345 5427 3515 5497 hegio
3537 5427 3756 5494 codice,

496 5529 666 5585 eoque
689 5532 800 5571 non
823 5515 1125 5571 admodum
1149 5528 1362 5583 vetere,
1391 5532 1555 5589 quem
1579 5534 1748 5572 unum
1774 5518 2049 5573 Robcrtus
2071 5515 2384 5586 Stephanus
2423 5518 2564 5588 typis
2596 5517 2711 5571 suis
2753 5518 3039 5588 expressit.
3067 5518 3186 5584 Quo
3227 5519 3410 5572 minus
3444 5517 3756 5572 mirandum

495 5612 598 5672 est,
620 5608 665 5662 si
682 5611 917 5680 vulgata;
940 5609 1209 5666 hactenus
1232 5611 1475 5667 Socratis
1497 5611 1774 5666 editiones
1814 5611 1953 5665 adeo
1985 5610 2196 5665 vitiosae
2236 5620 2386 5677 sunt,
2423 5627 2548 5665 cum
2573 5626 2640 5664 ex
2679 5611 2842 5665 unico
2881 5610 3205 5680 exemplari,
3243 5624 3419 5677 eoque
3457 5609 3753 5664 admodum

497 5702 731 5767 recente,
754 5714 953 5756 omnes
974 5698 1263 5773 descripta:
1288 5700 1417 5756 sint.
1459 5700 1633 5758 Porro
1664 5701 1810 5758 hunc
1847 5699 2095 5757 codicem
2136 5715 2203 5758 ex
2235 5701 2402 5772 Regia
2441 5701 2773 5758 bibliotheca
2807 5701 3211 5770 depromptum,
3254 5699 3569 5755 humaniter
3614 5700 3748 5755 mihi
