4050 6348
275 285 340 341 l5
1380 288 1658 344 l'lENRlCl
1698 285 1964 343 VALESH
2005 281 2387 338 PREFATIO.
3455 287 3522 340 16

271 407 697 468 communicavit
724 406 1130 462 illustrissimus
1168 425 1229 462 ac
1269 409 1759 464 reverendissimus
1799 407 2028 461 antistes
2053 403 2310 458 Nicelaus
2333 402 2644 468 Colbertus,
2682 402 3044 458 Lucionensis
3087 405 3396 476 episcopus,
3441 408 3524 460 vir

271 496 466 550 eximia
495 497 757 565 praeditus
781 497 1030 554 doctrina
1054 510 1107 555 et
1131 503 1333 555 virtute
1378 518 1440 555 ac
1479 501 1765 570 dignitate.
1797 501 1872 554 De
1916 499 2077 568 cujus
2119 495 2378 550 laudibus
2421 495 2580 566 plura
2622 495 2863 551 dicerem
2896 498 3001 552 hoc
3025 499 3168 562 loco,
3212 500 3317 552 risi
3344 515 3430 553 me
3471 499 3524 552 id

271 588 502 640 maxime,
531 589 841 658 cupientem
869 591 1163 662 singularis
1189 593 1308 662 ejus
1331 591 1598 645 modestia
1623 589 1925 644 cohiberet.
1952 587 2130 656 Atque
2155 587 2270 641 haec
2293 596 2420 642 sunt
2443 587 2642 641 auxilia
2689 587 3018 658 scriptorum
3043 591 3295 645 codicum
3323 589 3526 659 quibus

268 678 439 732 fultus
458 680 523 732 ad
550 681 691 735 hanc
714 681 958 737 Socratis
978 683 1277 738 editionem
1305 698 1391 735 me
1413 681 1643 736 accinxi.

341 770 397 823 in
424 770 661 826 Historia
685 789 816 826 vero
841 773 1128 827 Sozomeni
1181 773 1503 842 corrigenda
1532 772 1819 840 pauciores
1857 771 1991 825 mihi
2027 771 2246 826 codices
2269 771 2583 827 adfuerunt.
2623 773 2756 827 Nam
2783 783 2981 842 praeter
3014 772 3291 842 exemplar
3323 771 3515 826 biblio-

273 859 446 914 thecae
471 862 672 933 Regim,
699 864 845 932 quod
873 863 1147 918 Robertus
1172 865 1483 932 Stephanus
1532 864 1587 916 in
1619 863 1862 917 editione
1889 879 1989 918 sua
2023 865 2314 932 expressit,
2339 873 2395 918 et
2420 873 2617 935 prmter
2643 864 2889 920 codicem
2917 863 3071 917 illum
3095 864 3294 918 Leonis
3336 863 3520 917 Allatii

266 953 426 1021 cujus
449 968 612 1022 supra
637 953 970 1007 mentionem
995 954 1121 1017 feci,
1150 954 1243 1023 qui
1271 953 1324 1006 in
1348 960 1588 1021 quatuor
1611 953 1881 1006 duntaxat
1903 952 2186 1022 prioribus
2209 951 2497 1008 Sozomeni
2531 954 2690 1008 libris
2724 960 2779 1008 et
2803 953 2859 1007 in
2882 953 3155 1023 principio
3178 954 3305 1007 libri
3341 951 3519 1020 quinti

268 1043 428 1097 nobis
455 1044 772 1114 adjumento
797 1045 920 1110 fuit,
947 1046 1170 1100 unicum
1196 1043 1364 1097 habui
1387 1043 1633 1098 codicem
1658 1043 2043 1099 Fuketianum.
2083 1045 2186 1099 llic
2218 1045 2360 1100 liber
2397 1046 2635 1116 primum
2679 1045 2903 1115 quidem
2941 1045 3120 1100 fuerat
3149 1045 3330 1101 Caroli
3372 1049 3522 1101 Mon-

265 1137 451 1200 challi,
478 1138 877 1208 archiepiscopi
905 1136 1180 1198 Tolosani,
1209 1135 1309 1189 viri
1332 1135 1716 1190 ecclesiasticae
1733 1136 1977 1190 historia:
2017 1136 2426 1191 studiosissimi.
2461 1135 2658 1192 Postea
2696 1153 2827 1192 vero
2852 1138 2906 1191 in
2930 1137 3282 1191 Fuketianam
3317 1139 3517 1192 biblio—

266 1227 480 1280 thecam
509 1229 822 1290 translatus,
849 1229 918 1280 ab
943 1227 1280 1296 amplissimo
1303 1227 1424 1280 viro
1446 1227 1672 1281 Nicolao
1692 1227 1922 1281 Fuketio
1947 1227 2080 1280 mihi
2121 1229 2500 1284 commodatus
2519 1238 2621 1284 est.
2648 1228 2820 1295 Quam
2845 1228 2916 1282 ob
2935 1243 3155 1282 causam
3180 1227 3234 1280 in
3273 1228 3515 1283 Annota-

263 1316 506 1371 tionibus
530 1320 666 1371 meis
690 1316 1055 1371 Fuketianum
1079 1333 1206 1371 eum
1229 1316 1474 1372 codicem
1499 1318 1789 1387 appellavi.
1815 1318 2057 1372 Tandem
2083 1333 2214 1372 vero
2237 1319 2430 1374 effecta
2446 1322 2558 1391 jam
2576 1321 2818 1376 editione
2843 1327 3050 1384 nostra,
3072 1319 3243 1374 codex
3263 1321 3386 1384 iste,
3408 1338 3516 1377 una

259 1422 384 1461 eum
409 1408 636 1478 reliquis
659 1425 789 1464 mss.
815 1409 1223 1479 exemplaribus
1246 1408 1594 1464 bibliotheca:
1612 1410 1946 1472 Fuketianze,
1969 1411 2188 1465 transiit
2212 1411 2370 1482 injus
2393 1427 2455 1466 ac
2471 1411 2775 1466 dominium
2799 1411 3154 1465 illustrissimi
3180 1411 3304 1475 viri,
3321 1420 3377 1465 et
3401 1420 3515 1465 tum

257 1498 393 1561 suis,
421 1505 536 1553 tum
561 1501 972 1570 patrismeritis
996 1501 1406 1569 Spectatissimi,
1431 1501 1613 1556 Caroli
1639 1501 1887 1556 Mauricii
1912 1501 2158 1565 Tellerii,
2187 1503 2401 1557 abbatis
2440 1501 2496 1558 S.
2527 1501 2778 1573 Benigni,
2805 1503 2898 1574 qui
2934 1520 3080 1558 nunc
3117 1503 3400 1573 coadjutor
3431 1513 3515 1557 est

258 1593 312 1646 in
339 1595 812 1664 arcliiepiscopatu
833 1591 1114 1647 Remensi.
1137 1590 1238 1648 ‘Est
1263 1594 1488 1664 quidem
1516 1595 1606 1648 hic
1629 1595 1802 1650 codex
1827 1611 1937 1650 non
1962 1596 2260 1651 admodum
2283 1605 2535 1651 vetustus
2553 1636 2566 1660 ,
2591 1596 2811 1666 optimae
2838 1607 3019 1650 tamen
3044 1605 3186 1651 nota:
3207 1605 3262 1651 et
3285 1613 3348 1650 ex
3375 1597 3512 1666 optic

256 1699 347 1738 mo
371 1686 669 1755 exemplari
695 1685 1024 1756 descriptus.
1051 1686 1222 1740 Tituli
1245 1687 1483 1757 capitum
1508 1690 1600 1758 qui
1631 1689 1685 1742 in
1715 1689 1905 1744 codice
1929 1690 2101 1760 Regio
2127 1701 2182 1745 et
2206 1692 2262 1746 in
2295 1691 2537 1746 editione
2581 1689 2806 1746 Roberti
2832 1690 3094 1760 Stephani
3138 1690 3342 1759 praeﬁxi
3385 1699 3514 1743 sunt

259 1776 512 1832 Historia:
533 1777 843 1842 Sozomeni,
871 1779 927 1832 in
953 1777 1058 1832 hoc
1081 1777 1402 1834 codice'non
1420 1779 1715 1834 habentur.
1731 1780 1895 1835 Nulla
1921 1781 2051 1836 item
2077 1782 2318 1851 capitum
2344 1781 2626 1836 distinctio
2651 1789 2736 1836 est
2758 1782 2812 1836 in
2837 1781 3067 1851 singulis
3091 1778 3270 1836 libris.
3298 1782 3375 1835 Ex
3398 1793 3508 1849 quo

255 1868 622 1937 praestantiam
647 1884 711 1923 ac
729 1875 1054 1923 vetustatem
1081 1869 1199 1939 ejus
1222 1869 1428 1924 codicis
1451 1870 1578 1924 licet
1601 1870 2034 1940 deprehendere.
2061 1873 2276 1928 Indices
2296 1874 2443 1927 enim
2468 1873 2545 1927 illi
2569 1888 2666 1926 seu
2690 1873 2834 1928 tituli
2861 1873 3123 1942 capitum,
3147 1889 3177 1926 a
3197 1869 3513 1942 'Niccphoro

253 1958 498 2024 Callisto,
523 1961 608 2014 vel
633 1961 817 2030 potius
839 1959 908 2014 ab
932 1960 1117 2029 aliquo
1141 1959 1468 2024 recentiore,
1497 1960 1786 2030 compositi
1822 1969 1953 2016 sunt
1977 1962 2161 2032 inepte
2186 1977 2412 2032 prorsus
2437 1972 2531 2017 aut
2553 1962 2806 2016 barbare.
2833 1962 2985 2017 Adeo
3009 1971 3071 2016 ut
3096 1963 3252 2027 mihi,
3279 1977 3510 2016 accura-

255 2047 364 2104 tius
389 2049 646 2115 intuenti,
670 2050 914 2120 cujusvis
951 2052 1136 2121 potius
1175 2063 1342 2119 quam
1365 2048 1662 2118 Nicephori
1684 2064 1806 2104 esse
1830 2050 2141 2105 videantur.
2167 2052 2341 2106 Porro
2378 2067 2447 2107 ne
2472 2067 2636 2121 quem
2661 2067 2759 2106 sua
2782 2051 2943 2107 laude
2967 2052 3308 2118 defraudem,
3331 2053 3511 2107 varias

253 2143 517 2198 lectiones
540 2143 596 2196 in
620 2143 858 2198 Historia
882 2142 1170 2197 Sozomeni
1195 2156 1259 2196 ac
1280 2137 1623 2205 Theodoriti,
1648 2156 1716 2196 ex
1742 2141 2060 2211 supradicto
2092 2141 2282 2198 codice
2313 2143 2606 2206 Allatiano,
2637 2142 2692 2197 id
2715 2149 2802 2197 est
2837 2157 2906 2196 ex
2927 2141 3168 2198 Historia
3209 2142 3508 2214 Tripartita

253 2231 531 2285 Theodori
554 2229 804 2285 Lectoris
825 2236 1130 2299 excerptas,
1157 2227 1334 2284 debeo
1358 2227 1598 2284 Samueli
1623 2228 1916 2296 Tennulio,
1945 2231 2068 2284 viro
2093 2230 2410 2286 doctissimo
2447 2232 2665 2302 meique
2685 2232 3082 2296 amantissimo,
3108 2234 3200 2303 qui
3231 2249 3374 2289 nunc
3395 2235 3508 2289 No-

252 2323 484 2394 viomagi
510 2323 721 2377 litteras
743 2338 938 2394 magna
966 2337 1091 2377 cum
1115 2320 1276 2376 laude
1300 2320 1609 2392 profitetur.
1636 2320 1737 2376 Hic
1758 2323 1908 2376 enim
1932 2322 2062 2377 dum
2084 2324 2274 2378 Roma:
2297 2331 2463 2387 esset,
2486 2339 2580 2379 eas
2601 2339 2765 2380 manu
2791 2341 2890 2382 sua
2913 2325 3204 2398 descripsit
3226 2341 3294 2380 ex
3317 2325 3508 2380 codice

251 2415 451 2470 Leonis
473 2414 679 2478 Allatii,
703 2414 806 2468 viri
833 2429 1114 2484 nunquam
1138 2412 1272 2468 satis
1294 2412 1532 2467 laudati:
1557 2412 1652 2483 qui
1676 2429 1800 2468 meo
1823 2422 2015 2485 rogatu
2040 2429 2269 2484 meaque
2303 2429 2467 2469 causa
2495 2415 2681 2470 varias
2705 2415 2825 2470 illas
2847 2415 3114 2472 lectiones
3136 2417 3316 2471 eidem
3359 2416 3506 2471 Teu-

250 2505 404 2559 nulio
426 2505 818 2561 describendas
841 2513 1211 2560 concesserat.
1242 2505 1447 2560 Horum
1471 2505 1640 2577 igitur
1661 2505 2059 2576 exemplarium
2080 2506 2354 2571 subsidio,
2389 2514 2500 2561 tam
2542 2507 2600 2561 in
2627 2506 2858 2562 Socrate
2881 2523 3045 2576 quam
3086 2509 3140 2562 in
3178 2508 3506 2572 Sozomeno,

253 2596 672 2652 innumerabilia
696 2596 814 2650 loca
836 2611 958 2665 qua:
977 2602 1137 2650 antea
1160 2595 1576 2665 corruptissima
1598 2596 1922 2667 legebantur
1949 2596 2260 2660 emendavi,
2287 2596 2512 2651 lacunas
2533 2595 2798 2667 plurimas
2826 2597 3105 2668 supplevi,
3125 2599 3508 2657 distinctiones

253 2689 500 2753 restitui,
526 2702 724 2742 novam
759 2685 996 2756 denique
1035 2683 1544 2755 interpretationem
1573 2685 1766 2756 adieci.
1792 2685 1869 2741 De
1891 2701 1998 2756 qua
2027 2700 2174 2740 nunc
2195 2701 2370 2756 pauca
2395 2684 2594 2741 dicam.

319 2784 450 2851 Quae
473 2784 542 2838 de
565 2780 793 2836 Musculi
817 2787 874 2834 et
895 2777 1378 2850 Christophorsoni
1403 2778 1950 2850 interpretationibus
1976 2779 2107 2834 olim
2135 2778 2248 2834 dixi
2277 2781 2331 2834 in
2356 2779 2768 2850 przefatione'ad
2806 2780 3208 2838 illustrissimos
3246 2784 3505 2840 Ecclesiae

247 2876 539 2929 tialiicanze
560 2871 854 2936 antistites,
877 2885 998 2942 quae
1012 2869 1243 2926 editioni
1267 2870 1491 2926 Eusebii
1509 2869 1682 2926 nostri
1703 2868 1922 2940 praefixa
1936 2877 2040 2936 est,
2062 2887 2125 2927 ea
2148 2872 2643 2943 impraesentiarum
2667 2872 2805 2927 nihil
2830 2873 3027 2928 attinet
3050 2889 3501 2931 commemorare.

248 2967 306 3021 id
336 2981 506 3019 unum
529 2963 728 3020 addam
765 2980 778 3015 :
805 2962 851 3016 si
873 2968 997 3032 post
1020 2961 1146 3016 illos
1167 2975 1306 3031 quos
1329 2961 1443 3017 dixi
1467 2961 1818 3032 interpretes,
1844 2960 2086 3016 Historia
2107 2960 2463 3017 Caesariensis
2481 2951 2708 3017 Eusebii
2746 2976 2890 3017 novo
2913 2963 3216 3032 interprete
3239 2979 3379 3034 Opus
3401 2965 3503 3020 ha-

246 3060 387 3124 lauit,
414 3059 588 3112 multo
623 3055 796 3127 magis
832 3051 1201 3108 necessariam
1233 3050 1402 3108 fuisse
1434 3065 1634 3107 novam
1659 3050 2168 3122 interpretationem
2195 3051 2448 3108 Historiae
2487 3050 2730 3107 Socratis
2757 3051 3255 3122 atque'Sozomeni.
3297 3055 3505 3110 Horum

245 3151 393 3206 enim
421 3149 662 3204 Historia
686 3142 846 3218 longe
869 3144 1186 3200 mendosior
1205 3143 1276 3198 ad
1303 3159 1405 3200 nos
1427 3143 1701 3215 pervenit,
1726 3157 1891 3212 quam
1917 3142 2006 3196 illa
2031 3142 2386 3199 Caesariensis
2409 3145 2654 3198 Eusebii.
2695 3143 2864 3212 idque
2899 3160 2967 3198 ex
3004 3145 3248 3202 editione
3274 3147 3503 3204 Roberti

247 3245 511 3316 Stephani
539 3243 783 3314 prudens
811 3243 988 3296 lector
1033 3239 1193 3294 facile
1231 3236 1628 3307 deprehendet.
1679 3236 1893 3306 Quippe
1943 3237 2219 3290 Robertus
2263 3235 2574 3304 Stephanus
2619 3234 2674 3286 in
2714 3233 2945 3288 Eusebii
2991 3237 3215 3305 quidem
3258 3238 3501 3294 editione

244 3339 432 3409 plures
456 3352 584 3391 mss.
613 3334 831 3409 codices
857 3329 1129 3394 adhibuit,
1153 3343 1222 3382 ex
1247 3328 1581 3383 bibliotheca
1608 3328 1776 3397 Regia
1801 3328 2189 3398 depromptos:
2212 3327 2272 3380 in
2297 3325 2633 3381 excudendis
2646 3333 2837 3378 autem
2860 3325 3100 3381 Socratis
3122 3343 3188 3382 ac
3211 3328 3502 3386 Sozomeni

245 3408 609 3484 Historiarum
629 3408 806 3485 libris,
832 3421 1056 3475 unicum
1082 3418 1422 3488 singulorum
1447 3417 1640 3472 habuit
1661 3416 1926 3473 codicem.
1955 3417 2143 3486 Itaque
2167 3417 2235 3472 ad
2259 3417 2463 3471 calcem
2494 3414 2752 3470 editionis
2779 3431 2912 3480 suae,
2937 3417 2994 3471 in
3018 3418 3243 3474 Eusebii
3267 3421 3492 3490 quidem

244 3523 406 3578 libris
428 3520 610 3575 varias
648 3517 914 3572 lectiones
939 3529 1009 3569 ex
1031 3512 1441 3577 vetustissimis,
1468 3520 1530 3566 ut
1555 3511 1671 3582 ipse
1694 3509 1850 3576 dicit,
1876 3511 2287 3582 exemplaribus
2313 3509 2630 3578 desumptas
2653 3509 2883 3564 notavit.
2931 3510 2992 3564 In
3034 3510 3276 3568 Socratis
3311 3522 3498 3568 autem

241 3610 620 3671 ac'Sozomeni
637 3608 875 3664 Historia
898 3606 1076 3662 nullas
1098 3603 1354 3675 apposuit
1375 3605 1650 3660 variantes
1666 3603 1950 3668 lectiones,
1967 3610 2260 3674 propterea
2283 3600 2430 3672 quod
2455 3601 2676 3655 unicum
2701 3601 2986 3673 utriusque
3010 3603 3296 3675 scriptoris
3316 3621 3503 3660 exem-

242 3709 364 3778 plar
379 3713 571 3760 nactus
583 3703 780 3758 fuerat.
797 3700 865 3755 Et
886 3696 1112 3754 Eusebii
1130 3693 1360 3767 quidem
1382 3695 1740 3768 exemplaria,
1761 3695 1965 3766 quibus
1981 3709 2113 3750 usus
2135 3702 2220 3749 est
2241 3691 2572 3762 Stephanus,
2591 3691 2796 3761 optima
2821 3702 2982 3747 erant
3003 3711 3068 3750 ac
3090 3695 3490 3761 vetustissima,

243 3810 308 3857 ut
329 3801 446 3872 ipse
470 3805 722 3854 testatur.
773 3792 1014 3862 Uterque
1052 3797 1239 3845 autem
1277 3789 1472 3854 codex,
1507 3796 1619 3844 tam
1654 3788 1899 3846 Socratis
1921 3802 2085 3858 quam
2131 3786 2441 3850 Sozomeni,
2467 3800 2630 3856 quem
2671 3785 2946 3840 Robertus
2968 3785 3278 3856 Stephanus
3302 3789 3356 3842 in
3380 3788 3500 3843 edi-

244 3892 396 3947 tione
418 3906 516 3946 sua
539 3886 831 3960 expressit,
857 3881 1273 3940 recentissimus
1293 3889 1399 3947 est,
1429 3888 1491 3935 ut
1516 3880 1622 3952 ipsi
1643 3881 1904 3945 vidimus,
1928 3879 2252 3950 mendisque
2295 3877 2533 3933 refertus
2555 3878 2992 3948 quamplurimis.
3015 3879 3254 3935 Proinde
3292 3882 3490 3936 mirum

242 4004 352 4043 non
375 3993 459 4042 est
494 3986 642 4040 viros
665 3982 856 4038 doctos
879 3980 934 4034 in
960 3978 1046 4033 his
1071 3976 1312 4034 Socratis
1335 3993 1399 4032 ac
1424 3975 1716 4032 Sozomeni
1741 3975 1901 4031 libris
1934 3969 2362 4044 interpretandis
2382 3973 2581 4043 saepius
2605 3973 2967 4030 hallucinatos
2987 3973 3154 4030 fuisse
3177 4015 3190 4039 ,
3218 3989 3342 4028 cum
3385 3983 3492 4029 tam

247 4079 443 4133 vitiosa
467 4091 529 4131 ac
555 4073 748 4130 mutila
769 4067 1104 4140 exemplaria
1127 4082 1239 4138 pra:
1261 4067 1436 4123 oculis
1472 4066 1763 4131 haberent,
1787 4074 1845 4122 et
1875 4079 2007 4118 mss.
2035 4063 2286 4118 codicum
2313 4063 2519 4118 auxilio
2545 4063 2999 4119 destituerentur.
3046 4065 3181 4120 Nam
3223 4066 3499 4122 Musculus

242 4169 466 4248 quidem
484 4170 654 4224 solam
679 4163 907 4221 Roberti
931 4159 1522 4230 Stephani‘editionem
1551 4158 1784 4214 viderat.
1808 4156 2342 4248 Christophorsonus
2364 4170 2517 4248 vero,
2545 4155 2769 4248 Eusebii
2791 4156 3028 4248 quidem
3064 4173 3128 4212 ac
3169 4157 3491 4214 Theodori“

242 4245 371 4321 mss.
399 4260 619 4318 codices
641 4256 849 4324 aliquot
870 4250 1125 4320 inspexit.
1147 4249 1390 4304 Socratis
1408 4265 1542 4305 vero
1561 4264 1624 4304 ac
1648 4247 1939 4303 Sozomeni
1964 4247 2114 4301 nulla
2139 4261 2270 4300 mss.
2295 4245 2858 4316 habuitexemplaria,
2886 4247 3022 4300 utin
3045 4251 3492 4306 annotationibus

243 4354 380 4409 meis
402 4367 513 4406 non
536 4347 705 4403 semel
727 4339 1034 4399 observavi.
1061 4339 1252 4394 Varias
1272 4337 1538 4392 duntaxat
1560 4337 1844 4402 lectiones,
1867 4347 1925 4392 et
1943 4336 2231 4391 doctorum
2256 4335 2540 4391 hominum
2556 4339 2921 4408 conjecturas,
2946 4337 3014 4392 ad
3039 4341 3337 4410 marginem
3364 4342 3486 4394 edi-

189 4415 206 4428 κ
242 4446 408 4500 tionis
431 4439 659 4497 Roberti
701 4433 966 4505 Stephani
993 4440 1284 4487 annotatas
1309 4431 1522 4486 viderat
1557 4449 1569 4484 :
1600 4429 1908 4502 cuiusmodi
1948 4430 2166 4486 codices
2198 4430 2591 4501 quamplurimi
2625 4431 2680 4484 in
2715 4446 2911 4485 manus
2947 4438 3165 4486 nostras
3198 4446 3487 4490 venerunt.

240 4541 444 4595 Verum
468 4532 732 4588 lectiones
753 4527 859 4580 illa
885 4523 1094 4579 nullius
1115 4522 1230 4578 fere
1255 4531 1384 4577 sunt
1405 4521 1671 4593 ponderis
1702 4530 1866 4591 atque
1905 4523 2272 4586 auctoritatis,
2303 4537 2427 4576 cum
2454 4522 2657 4576 nullam
2681 4520 2918 4575 habeant
2961 4522 3253 4592 ascriptam
3293 4535 3479 4580 notam

239 4628 455 4698 antiqui
476 4619 805 4692 exemplaris
827 4632 895 4671 ex
919 4630 1030 4686 quo
1053 4614 1343 4684 descripta:
1367 4621 1514 4668 sunt.
1565 4613 1678 4683 Ego
1700 4628 1832 4668 vero
1855 4629 1980 4668 cum
2021 4614 2259 4684 optimos
2298 4628 2362 4667 ac
2395 4612 2798 4668 vetustissimos
2837 4613 3056 4666 codices
3094 4620 3200 4666 tam
3239 4613 3485 4673 Socratis

238 4736 402 4792 quam
430 4713 719 4773 Sozomeni
744 4719 939 4766 nactus
961 4708 1087 4773 sim,
1113 4722 1320 4776 eosque
1343 4721 1454 4760 non
1478 4705 1597 4760 sine
1619 4720 1836 4760 summo
1855 4705 2043 4759 labore
2069 4720 2192 4760 cum
2217 4705 2454 4774 vulgatis
2486 4704 2824 4759 editionibus
2858 4703 3208 4770 contulerim,
3235 4705 3484 4764 faciliore

239 4815 500 4882 deinceps
524 4822 589 4862 ac
609 4803 859 4876 planiore
879 4801 970 4855 via
993 4799 1063 4854 ad
1085 4812 1280 4853 eorum
1305 4797 1822 4866 interpretationem
1844 4796 2071 4851 accessi.
2099 4795 2296 4850 Nostra
2325 4795 2492 4864 igitur
2518 4795 2634 4848 haec
2655 4794 2826 4848 editio
2849 4793 3125 4857 omnibus,
3153 4804 3261 4850 tam
3296 4799 3484 4855 Grzece

237 4904 434 4964 doctis,
460 4912 625 4970 quam
648 4895 715 4951 iis
739 4893 834 4963 qui
857 4891 1044 4946 Graeca
1062 4887 1337 4949 nesciunt,
1362 4903 1429 4942 ex
1452 4902 1629 4956 aequo,
1652 4894 1714 4940 ut
1736 4901 1918 4956 spero,
1945 4885 2261 4940 satisfaciet.
2286 4885 2421 4940 Nam
2443 4894 2498 4940 et
2516 4885 2702 4940 Graece
2728 4883 2894 4945 docti,
2923 4884 3198 4940 Socratem
3226 4906 3290 4944 ac
3312 4889 3481 4945 Sozo-
3579 4903 3586 4907 '

236 5012 461 5055 menum
484 5000 673 5048 nostra
695 5003 863 5058 opera
881 4984 1202 5041 emendatos
1224 4999 1288 5037 ac
1307 4989 1670 5052 perpurgatos
1691 4981 1904 5050 legent;
1929 4988 1988 5033 et
2011 4978 2104 5049 qui
2127 4977 2316 5033 Graeca
2353 4978 2537 5032 minus
2571 4977 2791 5038 callent,
2819 4973 3038 5028 eosdem
3067 4976 3254 5034 Latina
3301 4981 3478 5038 inter-

237 5089 545 5164 pretationc
565 5100 597 5138 a
619 5082 778 5137 nobis
800 5080 1030 5133 donatos
1052 5075 1268 5130 facilius
1290 5074 1624 5128 intellecturi
1646 5083 1792 5128 sunt.

309 5181 627 5250 Sequuntur
649 5170 1066 5228 annotationes:
1099 5167 1154 5220 in
1180 5166 1383 5236 quibus
1419 5164 1648 5236 perinde
1675 5179 1739 5219 ac
1763 5165 1820 5219 in
1841 5164 2221 5220 natationibus
2257 5161 2617 5224 Euscbianis,
2659 5157 2769 5214 duo
2804 5155 3070 5228 perlicere
3104 5162 3330 5216 tentavi.
3372 5163 3492 5217 Pri-

234 5289 408 5337 mum,
435 5279 496 5326 ut
517 5264 964 5325 emendationum
987 5275 1234 5316 mearum
1259 5259 1528 5315 rationem
1551 5259 1863 5325 redderem,
1913 5265 1969 5314 et
2007 5259 2188 5313 varias
2213 5258 2478 5313 lectiones
2521 5271 2590 5311 ex
2635 5269 2766 5310 mss.
2813 5251 3096 5308 codicibus
3119 5254 3487 5326 depromptas,

234 5369 458 5427 lectoris
476 5363 682 5438 judicio
705 5373 1089 5432 proponerem.
1119 5355 1350 5422 Deinde,
1376 5364 1437 5410 ut
1463 5355 1788 5410 obscuriora
1811 5371 2041 5425 quaeque
2065 5371 2129 5410 ac
2154 5354 2462 5409 difﬁciliora
2485 5353 2624 5416 loca,
2654 5368 2776 5422 quae
2801 5353 3034 5423 legentis
3058 5354 3338 5425 ingenium
3367 5366 3488 5406 mo-

235 5467 343 5520 rari
368 5479 527 5535 posse
555 5458 908 5518 videbantur,
934 5468 1036 5523 pro
1061 5452 1284 5507 modulo
1307 5466 1430 5505 meo
1456 5451 1812 5504 illustrarem.
1861 5450 1974 5504 Nec
2018 5450 2211 5519 ignoro
2248 5448 2449 5502 multos
2486 5461 2605 5500 esse
2644 5446 2906 5500 delicatos
2948 5463 3011 5500 ac
3038 5447 3346 5499 fastidiosos
3385 5445 3489 5497 ho-

232 5555 429 5615 mines,
455 5550 548 5620 qui
575 5546 874 5617 exquisitas
888 5543 1153 5596 duntaxat
1175 5540 1588 5595 observationes
1614 5547 1668 5592 et
1692 5553 2014 5592 communes
2037 5555 2173 5607 quos
2198 5547 2395 5592 vocant
2419 5539 2584 5601 locos,
2611 5536 2678 5590 ad
2706 5552 2958 5606 pompam
2983 5544 3038 5589 et
3062 5535 3491 5589 ostentationem

235 5645 585 5712 compositos,
611 5641 716 5697 sibi
743 5635 994 5694 exhiberi
1025 5635 1223 5688 velint:
1254 5634 1400 5687 illam
1425 5648 1556 5687 vero
1582 5632 1998 5686 annotationum
2028 5640 2238 5700 partem
2287 5647 2406 5701 qua:
2446 5629 2858 5684 cmendationes
2900 5643 2961 5680 ac
2999 5625 3178 5678 varias
3225 5624 3491 5678 lectiones

232 5734 494 5800 continet,
523 5737 698 5789 levem
723 5747 948 5804 prorsus
973 5745 1034 5785 ac
1060 5727 1468 5799 despiciendam
1512 5727 1844 5782 existiment.
1875 5725 2087 5793 Quibus
2121 5744 2220 5799 ego
2247 5727 2298 5782 id
2329 5742 2650 5798 responsum
2674 5725 2836 5779 velim
2888 5739 2898 5774 :
2939 5721 3039 5775 etsi
3074 5717 3490 5776 emendationes

3983 3997 4048 4033 “‘21
