4050 6348
491 511 553 566 r7
1308 504 1397 561 DE
1436 504 1596 561 VITA
1633 501 1735 560 ET
1759 500 2065 559 SCRIPTIS
2104 499 2449 557 SOCRATIS'
2477 500 2563 556 ET
2604 498 2963 558 SOZOMENI.
3677 494 3744 549 l8

487 632 590 685 Illa:
614 645 677 683 ac
714 626 879 682 variae
915 627 1186 684 lectiones
1222 642 1359 696 quas
1398 623 1982 693 ϐτωεὶδιττογραφεας
2009 631 2226 686 vocant,
2255 622 2510 677 insuaves
2533 622 2856 691 plerumque
2883 636 2947 674 ac
2973 618 3219 673 molestae
3258 616 3370 671 sint
3414 613 3745 684 legentibus,

490 723 652 778 utiles
679 729 859 775 tamen
882 734 976 774 eas
999 733 1120 774 esse
1149 719 1439 789 imprimis,
1472 734 1535 773 ac
1554 733 1778 788 prorsus
1801 716 2159 779 necessarias,
2188 716 2243 770 in
2285 716 2370 770 his
2410 715 2714 786 praesertim
2740 714 3107 785 scriptoribus
3128 725 3366 783 quorum
3402 708 3533 763 libri
3564 707 3750 762 minus

492 811 765 868 emendati
791 810 861 865 ad
884 825 985 865 nos
1007 817 1398 880 pervenerunt.
1430 809 1752 881 Hujusmodi
1778 817 1961 863 autem
1985 822 2106 862 esse
2133 808 2377 863 Socratis
2414 823 2478 862 ac
2514 807 2802 861 Sozomeni
2840 807 3013 861 libros
3044 807 3155 875 jam
3179 802 3436 874 superius
3460 798 3744 855 admonui.

492 904 557 959 Ea
579 901 998 957 observationes
1017 901 1243 971 quidem
1283 902 1549 972 majorem
1585 900 1825 970 speciem
1857 899 2157 970 praeferunt
2182 899 2543 954 eruditionis:
2570 897 2886 955 emendatio
2909 911 3044 951 vero
3070 896 3196 966 plus
3232 893 3437 965 ingenii
3462 908 3527 947 ac
3547 890 3742 962 judicii

489 991 765 1061 rsquirere
789 988 926 1043 mihi
950 988 1191 1043 videtur.
1218 988 1408 1058 Neque
1446 988 1595 1044 enim
1636 989 1879 1058 cujusvis
1903 996 1988 1042 εει
2026 986 2096 1042 de
2118 1001 2248 1042 vera
2283 1001 2347 1042 ac
2382 1001 2640 1058 germana
2664 993 2916 1041 veterum
2958 985 3293 1055 scriptorum
3317 982 3556 1038 lectione
3599 980 3747 1035 ferre

490 1083 834 1146 Qutentiam,
883 1081 979 1137 sed
1002 1084 1122 1152 ejus
1143 1082 1238 1152 qui
1262 1091 1320 1138 et
1342 1083 1632 1153 multiplici
1659 1082 1908 1137 doctrina
1933 1082 2237 1137 instructus
2258 1082 2349 1145 sit,
2374 1088 2431 1136 et
2453 1081 2511 1135 iu
2536 1080 2641 1135 hac
2658 1080 2941 1152 judicandi
2956 1089 3079 1135 arte
3099 1080 3196 1135 diu
3221 1079 3568 1147 multumque
3589 1090 3750 1129 exer-

498 1175 711 1230 citatus.
739 1173 910 1228 Porro
936 1173 1385 1229 annotationibus
1408 1181 1520 1231 tres
1541 1190 1573 1228 a
1596 1190 1683 1230 me
1707 1174 1983 1245 subjuncti
2018 1182 2162 1229 sunt
2189 1174 2320 1229 libri
2355 1173 2807 1230 Observationum
2845 1173 3366 1235 ecclesiasticarum,
3401 1185 3524 1240 quae
3549 1167 3619 1221 ad
3644 1165 3743 1221 So-

503 1266 665 1322 cratis
709 1281 775 1323 ac
816 1265 1109 1322 Sozomeni
1154 1267 1452 1323 Historiam
1493 1268 1874 1324 illustrandam
1917 1270 2218 1339 pertinent.
2264 1270 2401 1326 Nam
2446 1284 2573 1326 cum
2616 1269 3130 1334 animadverterem,
3178 1269 3235 1323 in
3258 1266 3423 1324 rebus
3464 1262 3750 1320 Athanasii

500 1360 853 1419 Alexandrini
877 1372 941 1419 et
956 1365 1111 1420 Pauli
1138 1365 1727 1438 Constantinopolitani
1752 1365 2079 1433 referendis,
2107 1367 2313 1422 multos
2339 1375 2397 1421 et
2434 1365 2702 1422 maximos
2736 1380 2956 1420 errores
2998 1365 3268 1419 admissos
3290 1377 3411 1417 esse
3454 1376 3484 1414 a
3523 1358 3789 1414 Socrate‘

488 1460 645 1521 atque
669 1452 995 1519 Sozomeno,
1019 1455 1167 1511 etab
1193 1455 1262 1512 iis
1283 1457 1379 1527 qui
1404 1457 1527 1513 illos
1548 1458 1896 1528 postmodum
1920 1457 2095 1513 secuti
2118 1465 2282 1523 sunt,
2308 1472 2429 1512 eam
2454 1456 2700 1511 historia:
2734 1464 2968 1527 partem,
3000 1462 3204 1525 quanta
3244 1452 3363 1508 fieri
3402 1451 3581 1522 potuit
3615 1465 3747 1504 cura

496 1560 557 1602 ac
579 1547 884 1619 diligentia,
912 1549 1131 1606 duobus
1153 1552 1438 1622 prioribus
1459 1552 1619 1607 libris
1646 1552 1924 1607 illustrare
1951 1552 2158 1608 studui.
2184 1553 2245 1607 tn
2269 1552 2474 1623 quibus
2498 1551 2671 1606 multa
2698 1551 2976 1621 reperient
3015 1548 3250 1605 studiosi
3275 1564 3306 1602 a
3329 1564 3416 1603 me
3435 1546 3748 1610 observata,

499 1654 616 1709 qua.
635 1642 870 1697 aliorum
892 1643 1230 1717 diligentiam
1253 1646 1523 1717 fugerant.
1551 1648 1773 1703 Tertius
1797 1658 1981 1704 autem
2009 1648 2175 1714 liber,
2210 1649 2304 1718 qui
2340 1647 2763 1718 explicationem
2803 1646 3047 1701 continet
3070 1644 3216 1700 sexti
3259 1643 3486 1699 canonis
3531 1640 3750 1697 concilii

493 1729 718 1796 Nicmni,
742 1732 947 1790 idcirco
970 1750 1001 1789 a
1024 1749 1112 1790 me
1135 1735 1226 1791 hic
1250 1737 1529 1807 subjectus
1551 1745 1655 1801 est,
1679 1737 1827 1808 quod
1853 1738 1909 1791 in
1934 1752 2000 1792 eo
2023 1751 2231 1792 canone
2254 1736 2436 1807 agitur
2460 1735 2529 1791 de
2549 1736 2673 1806 jure
2701 1750 2765 1790 ac
2799 1740 3067 1805 potestate
3112 1730 3569 1805 patriarcharum,
3608 1744 3751 1799 quo—

503 1837 621 1876 rum
645 1838 676 1876 a
698 1822 925 1880 Socrate
947 1835 1139 1881 nostro
1159 1827 1365 1883 mentio
1392 1826 1452 1882 fit
1475 1829 1528 1883 in
1552 1829 1697 1884 libro
1720 1837 1875 1884 sexto
1897 1843 1961 1883 ac
1983 1827 2235 1897 septimo.
2265 1827 2435 1899 Cujus
2459 1826 2682 1897 quidem
2717 1826 2797 1881 rei
2837 1825 2961 1881 ideo
2985 1825 3221 1879 lectores
3243 1820 3620 1878 admonendos
3646 1837 3752 1893 pn—

497 1917 627 1982 tavi,
652 1934 722 1974 ne
748 1920 874 1989 quis
893 1920 1235 1977 existimaret
1257 1937 1346 1978 me
1385 1924 1709 1995 cujusquam
1748 1921 2183 1994 reprehendendi
2207 1937 2369 1976 causa
2411 1922 2616 1977 librum
2661 1920 2811 1975 hunc
2835 1919 3064 1989 reliquis
3090 1917 3409 1973 attexuisse.
3445 1916 3566 1972 Non
3603 1915 3753 1970 enim

500 2009 744 2079 profecto
767 2010 822 2064 id
846 2010 984 2067 mihi
1009 2013 1300 2069 consilium
1325 2013 1448 2069 fuit.
1493 2014 1601 2070 Sed
1633 2015 1814 2086 primo
1837 2015 2084 2086 quidem,
2119 2014 2370 2070 veritatis
2409 2013 2729 2085 indagandae
2761 2011 2948 2068 studio
2979 2026 3245 2066 canonem
3290 2009 3445 2065 illum
3477 2022 3755 2079 exponere

498 2116 784 2171 aggressus
808 2117 961 2169 sum;
1004 2103 1204 2160 deinde
1230 2121 1382 2170 vero,
1408 2114 1469 2161 ut
1490 2107 1747 2177 scriptori
1770 2122 1894 2162 meo
1916 2107 2096 2162 lucem
2119 2107 2360 2177 aliquam
2398 2104 2675 2171 aﬂ'errem,
2712 2121 2840 2160 eum
2867 2104 3117 2159 libellum
3141 2100 3592 2158 annotationibus
3614 2100 3756 2154 meis

503 2190 729 2261 subieci.
756 2191 817 2247 In
841 2208 951 2263 quo
976 2195 1021 2248 si
1048 2210 1078 2249 a
1104 2195 1224 2250 viro
1246 2195 1410 2252 docto
1431 2205 1593 2267 atque
1608 2197 1785 2253 amico
1805 2197 2092 2259 dissentio.
2118 2198 2172 2254 id
2196 2198 2464 2263 modeste,
2489 2213 2592 2253 nec
2617 2197 2735 2253 sine
2760 2194 3061 2252 honoriﬁca
3083 2195 3203 2267 ejus
3228 2192 3592 2265 appellatione
3627 2191 3782 2247 feci.-

495 2282 781 2339 Corollarii
807 2286 931 2341 loco
952 2287 1140 2344 addita
1161 2299 1247 2346 est
1269 2290 1568 2361 disputatio
1593 2292 1846 2349 Archelai
1872 2292 2277 2364 Mesopotamiae
2302 2294 2547 2366 episcopi
2569 2293 2838 2349 adversus
2863 2292 3244 2357 Manichreum,
3271 2291 3429 2361 cujus
3464 2288 3671 2345 mentio
3697 2286 3757 2342 fit

494 2373 770 2433 aSocrate
794 2377 852 2431 in
876 2378 1023 2434 libro
1048 2380 1247 2450 primo.
1274 2382 1535 2454 Ejusdem
1558 2384 1742 2455 operis
1765 2384 2017 2441 meminit
2052 2384 2395 2457 Epiphanius
2419 2386 2475 2440 in
2498 2387 2693 2442 haeresi
2715 2384 3163 2448 Manichaeorum,
3201 2391 3259 2438 et
3296 2382 3663 2454 Hieronymus
3698 2381 3755 2433 in

491 2467 640 2522 libro
660 2469 737 2523 De
758 2471 1125 2541 scriptoribus
1145 2476 1555 2544 ecclesiasticis,
1583 2478 1741 2549 cujus
1762 2479 1881 2536 haec
1904 2487 2034 2534 sunt
2054 2480 2261 2539 verba:
2284 2481 2598 2547 Archelaus,
2616 2481 2890 2553 episcopus
2912 2477 3328 2549 Mesopotamiw,
3356 2474 3548 2532 librum
3571 2474 3755 2544 dispu-

489 2559 704 2613 tationis
725 2575 855 2626 sua,
877 2578 1040 2633 quam
1060 2564 1243 2623 habuit
1267 2567 1545 2622 aduersum
1566 2567 1916 2625 Manicheum
1942 2578 2218 2627 exeuntem
2240 2572 2305 2626 de
2326 2569 2723 2643 Perside,_Syro
2746 2585 2987 2625 sermone
3008 2569 3322 2640 composuit,
3345 2569 3436 2640 qui
3460 2563 3756 2621 translatus

487 2648 804 2706 infirmum
829 2653 1057 2708 habetur.
1079 2673 1111 2709 a
1129 2657 1566 2715 multis..Claruit
1584 2660 1680 2716 sub
1702 2663 1833 2732 imp.
1856 2660 2048 2715 Probo.
2079 2662 2195 2719 Hoc
2214 2664 2496 2735 egregium
2532 2661 2878 2734 antiquitatis
2913 2658 3297 2717 ecclesiasticae
3332 2666 3750 2714 monumentum

488 2740 546 2798 in
568 2741 734 2798 Italia
754 2743 1107 2804 bibliothecis
1131 2748 1401 2807 hactenus
1421 2749 1736 2808 delituerat.
1764 2751 2006 2810 Tandem
2034 2770 2167 2811 vero
2196 2755 2443 2812 Emerici
2468 2754 2665 2827 Bigotii
2704 2753 2812 2809 viri
2835 2748 3126 2808 clarissimi
3153 2749 3338 2807 studio
3359 2764 3429 2806 ac
3471 2749 3758 2820 diiigcntia

487 2834 785 2892 etenebris
806 2846 1050 2906 erutum,
1075 2840 1131 2895 in
1153 2841 1336 2898 lucem
1359 2844 1564 2914 prodit.
1593 2843 1703 2900 Sed
1734 2845 2033 2902 dolendum
2079 2855 2166 2904 est
2190 2847 2337 2919 quod
2374 2847 2656 2918 exemplar
2688 2845 2826 2902 illud
2871 2860 2939 2900 ex
2982 2859 3093 2915 quo
3133 2843 3251 2898 haec
3286 2841 3562 2921 descripta
3604 2848 3760 2905 sunt,

488 2925 703 2984 mendis
720 2929 985 2987 refertum
1010 2933 1336 3003 innumeris,
1360 2945 1418 2993 et
1440 2937 1824 3008 imperfectum
1847 2939 2074 3011 insuper
2094 2955 2160 2997 ac
2197 2942 2455 2997 mutilum
2491 2939 2561 2997 ad
2582 2956 2689 2997 nos
2712 2938 2985 3011 pervenit.
3014 2937 3328 2994 Desiderari
3350 2937 3501 2991 enim
3538 2935 3762 2991 videtur

488 3020 789 3092 disputatio
814 3022 932 3093 ipsa
953 3023 1229 3092 Archelai,
1256 3043 1422 3098 quam
1463 3028 1659 3084 habuit
1702 3029 1971 3087 adversus
1994 3030 2352 3087 Manicheum
2376 3032 2434 3087 in
2456 3031 2700 3087 Marcelli
2723 3030 2912 3095 domo,
2940 3044 3128 3086 coram
3152 3036 3390 3099 quatuor
3416 3026 3702 3099 judicibus
3727 3043 3757 3080 a

487 3111 740 3168 Marcello
761 3112 973 3169 electis.
999 3115 1114 3170 Nisi
1137 3115 1278 3173 forte
1303 3117 1553 3175 dicamus
1567 3119 2001 3192 disputationem
2024 3120 2281 3179 Archelai
2302 3116 2575 3179 contineri
2600 3122 2659 3178 in
2675 3122 2910 3194 epistola
2932 3120 3001 3176 ad
3018 3119 3318 3176 Diodorum
3344 3118 3751 3189 presbyterum,

488 3202 547 3257 in
568 3218 674 3273 qua
694 3202 998 3261 Archelaus
1018 3205 1445 3277 disputationem
1469 3209 1616 3267 illam
1639 3227 1806 3283 quam
1831 3211 2099 3270 adversus
2120 3214 2479 3271 Manicheum
2521 3214 2814 3279 habuerat,
2839 3212 3110 3286 integram
3142 3212 3334 3270 refert.
3379 3218 3442 3267 ut
3480 3210 3769 3282 colligitur

487 3310 560 3350 ex
578 3294 686 3350 line
709 3295 861 3353 illius
882 3299 1149 3368 epistolae.

560 3384 735 3458 Atque
758 3386 875 3443 hac
896 3379 1117 3447 s'untde
1141 3392 1361 3463 quibus
1385 3395 1442 3452 in
1465 3396 1739 3468 principio
1763 3398 1930 3471 hujus
1952 3396 2139 3470 aperis
2158 3398 2396 3455 lectores
2416 3397 2797 3455 admonendos
2819 3412 2943 3454 esse
2965 3396 3300 3462 existimavi,
3330 3404 3392 3451 ut
3410 3396 3541 3467 quid
3570 3396 3626 3450 in
3653 3396 3758 3451 hac

486 3486 675 3538 nostra
717 3479 963 3538 editione
1006 3484 1355 3556 praecipuum
1392 3497 1576 3555 esset,
1603 3505 1708 3546 nec
1754 3490 1812 3546 in
1852 3490 2239 3562 superioribus
2280 3490 2451 3563 hujus
2487 3489 2746 3547 Historia:
2785 3488 3128 3546 editionibus
3160 3487 3526 3552 inveniretur,
3574 3487 3757 3558 primo

486 3570 673 3626 statim
716 3571 921 3631 intuitu
960 3584 1187 3646 possent
1226 3591 1578 3649 cognoscere.
1626 3580 1820 3637 Restat
1875 3596 2026 3637 nunc
2065 3590 2128 3637 ut
2170 3579 2240 3638 de
2286 3580 2520 3638 Socrate
2569 3596 2637 3641 ac
2679 3579 2987 3639 Sozomeno
3041 3595 3218 3651 pauca
3271 3578 3489 3645 dicam;
3551 3579 3645 3649 qui
3702 3590 3795 3634 θι»

484 3666 679 3735 ψιιθε
695 3666 933 3738 fuerint;
954 3672 1107 3742 quod
1124 3687 1301 3745 genus
1320 3674 1448 3731 vitat
1469 3676 1685 3743 sectati,
1709 3691 1876 3748 quam
1911 3675 2247 3748 religionem.
2271 3675 2507 3747 professi
2539 3674 2767 3741 fuerint,
2803 3684 2862 3731 et
2899 3682 3024 3731 uter
3046 3688 3239 3730 eorum
3261 3673 3416 3744 prior
3462 3672 3757 3728 Historiam

485 3757 909 3830 conscripserit-

1106 3873 1208 3936 ΒΕ
1247 3876 1427 3940 VITA
1463 3878 1563 3940 ET
1604 3879 1957 3941 SCRIP‘I‘ISV
1990 3879 2359 3943 SOCRATIS
2401 3880 2657 3956 ATQUE
2700 3880 3116 3943 SOZOMENI.

560 3997 817 4055 Socrates
856 3999 1021 4071 igitur
1063 4009 1272 4068 noster,
1300 4001 1370 4057 ab
1403 4001 1509 4057 hoc
1567 4002 1715 4057 enim
1756 4002 2063 4069 ordiemur,
2095 4007 2139 4065 Α
2171 4012 2289 4059 tcm-
2310 4011 2558 4058 nostrum
2582 4002 2727 4058 circa
2756 4003 2981 4058 exordia
3012 4002 3356 4073 principatus
3385 4004 3678 4061 Theodosii
3703 4006 3759 4062 in

484 4088 723 4160 patriam
742 4088 938 4145 habuit
954 4088 1502 4162 Constantinopolim.
1529 4092 1648 4161 Ipse
1673 4103 1824 4149 certe
1851 4094 1906 4148 in
1927 4093 2071 4149 libro

483 4181 683 4252 quinto
713 4179 968 4237 Historia:
995 4183 1401 4251 ecclesiasticae,
1425 4199 1544 4255 cap.
1569 4184 1660 4250 24,
1683 4200 1742 4241 se
1775 4185 1832 4239 in
1852 4200 1917 4241 ea
1934 4186 2071 4241 urbe

484 4281 679 4329 natum
718 4281 887 4345 atque
915 4274 1210 4332 educatum
1247 4275 1417 4333 fuisse
1461 4283 1714 4343 testatur,
1742 4286 1800 4333 et
1836 4277 1909 4333 ob
1948 4293 2068 4333 eam

480 4380 710 4423 causam
753 4382 846 4423 res
873 4367 996 4424 illas
1029 4355 1306 4440 pmcipue
1341 4384 1833 4434 commemorasse,
1858 4385 1979 4441 qua:
2015 4371 2070 4425 in

481 4472 550 4512 ea
586 4457 807 4514 civitate
835 4459 1171 4515 acciderant.
1204 4459 1588 4518 Grammatica:
1620 4461 1759 4516 artis
1781 4463 2073 4532 praeceptis

485 4548 778 4606 institutus
793 4559 900 4617 est,
925 4551 1221 4607 admodum
1259 4553 1599 4619 adolescens,
1632 4554 1702 4608 ab
1734 4554 1984 4608 Helladio
2015 4564 2072 4609 et

485 4636 779 4694 Ammonio
812 4641 1213 4711 grammaticis,
1248 4643 1342 4714 qui
1378 4651 1508 4699 tunc
1562 4643 1705 4699 forte
1740 4644 2071 4701 Alexandria

486 4728 728 4799 profugi,
765 4729 1297 4802 Constantinopolim
1342 4750 1400 4789 se
1445 4744 1787 4805 receperant.
1835 4734 2069 4790 Causam

486 4835 625 4876 vero
654 4836 754 4875 cur
787 4823 1127 4892 grammatici
1159 4824 1236 4878 illi
1262 4825 1591 4879 Alexandria
1628 4827 2004 4897 migraverint,
2024 4828 2068 4882 si

486 4910 615 4979 quis
649 4911 790 4967 scire
835 4913 1136 4981 desiderat,
1180 4932 1301 4970 eam
1344 4916 1585 4971 inveniet
1626 4919 1852 4973 relatam
1888 4935 1915 4972 a
1967 4918 2068 4973 So-

486 5009 641 5055 crate
673 5002 730 5056 in
754 5003 848 5057 lib.
874 5021 926 5070 v,
958 5020 1078 5075 cap.
1110 5006 1194 5061 l6.
1219 5008 1356 5061 Nam
1392 5024 1516 5063 cum
1554 5010 1751 5079 templa
1783 5010 2069 5079 gentilium

484 5090 770 5147 destructa
800 5103 985 5150 essent
1011 5098 1378 5163 Alexandria},
1406 5116 1537 5154 cura
1571 5116 1634 5155 ac
1674 5102 1857 5156 studio
1895 5103 2071 5158 'l‘hco-

484 5182 648 5252 phili,
692 5185 847 5241 urbis
884 5187 1030 5242 illius
1063 5190 1329 5260 episcopi,
1356 5191 1637 5246 llelladius
1670 5202 1725 5246 et
1752 5193 2071 5249 Ammonius

485 5275 869 5341 grammatici,
893 5293 1128 5346 quorum
1158 5280 1295 5332 alter
1321 5280 1490 5344 Jovis,
1523 5281 1660 5334 alter
1694 5282 1847 5335 Simii
1887 5299 2068 5337 sacer—

2174 4095 2354 4151 luccm
2383 4094 2592 4149 editum
2619 4092 2810 4148 fuisse.
2848 4092 3061 4164 Quippe
3085 4094 3245 4164 pueri
3269 4110 3414 4155 anno
3442 4096 3619 4150 aetatis
3647 4100 3759 4153 cir-.

2174 4183 2314 4239 citer
2341 4182 2556 4237 decimo
2579 4181 2723 4236 tradi
2756 4182 3009 4238 solebant
3044 4183 3415 4254 grammaticis
3447 4185 3757 4244 erudiendi.

2172 4274 2304 4330 Post
2349 4274 2465 4329 haec
2516 4273 2773 4330 Socrates
2824 4274 3156 4329 rhetoricam
3201 4273 3394 4329 didicit
3433 4277 3538 4331 sub
3574 4277 3763 4337 Troilo

2175 4367 2441 4436 sophista,
2487 4368 2583 4438 qui
2635 4382 2735 4437 per
2788 4366 2843 4421 id
2896 4374 3115 4438 tempus
3165 4382 3376 4422 summa
3425 4384 3549 4423 cum
3596 4371 3761 4430 laude

2173 4458 2541 4527 eloquentiam
2592 4457 2826 4513 docebat
2872 4456 3374 4529 Constantinopoli.
3421 4460 3481 4514 1d
3533 4463 3760 4532 quidem

2175 4549 2380 4604 diserte
2412 4565 2523 4605 non
2564 4548 2697 4604 dicit
2741 4549 2996 4604 Socrates
3037 4559 3243 4603 noster.
3283 4551 3485 4605 Verum
3540 4569 3606 4607 ex
3640 4556 3762 4626 ejus

2174 4641 2360 4696 verbis
2388 4650 2632 4695 attentus
2670 4656 2734 4695 ac
2777 4640 3011 4712 diligens
3041 4641 3214 4696 lector
3251 4643 3395 4697 istud
3438 4645 3583 4714 quod
3622 4647 3755 4713 dixi,

2176 4730 2334 4786 facile
2360 4731 2599 4801 colliget.
2632 4730 2819 4785 Toties
2843 4730 3013 4795 enim,
3052 4740 3272 4801 tamque
3311 4733 3611 4790 honoriﬁce
3640 4738 3760 4807 ejus

2175 4821 2512 4877 mentionem
2554 4821 2706 4885 facit,
2743 4830 2803 4885 ut
2836 4822 3099 4892 magistro
3130 4823 3392 4878 Minerva]
3426 4827 3636 4882 solvere
3677 4830 3757 4880 vi-

2175 4914 2390 4967 deatur.
2420 4913 2557 4967 Nam
2597 4919 2653 4967 et
2678 4913 2912 4982 patriam
2941 4914 3061 4984 ejus
3104 4914 3373 4978 nominat,
3403 4915 3569 4971 Siden
3598 4918 3757 4972 Parn—

2175 5004 2403 5075 phyliaz;
2431 5004 2659 5074 ejusque
2686 5003 2989 5074 discipulos
3017 5014 3413 5059 commemorat
3442 5007 3586 5061 haud
3621 5025 3758 5077 pau—

2175 5118 2289 5165 cos,
2334 5100 2634 5156 Eusebium
2675 5100 2888 5156 scilicet
2922 5098 3345 5165 Scholasticum,
3386 5109 3441 5155 ct
3479 5103 3756 5156 Silvanum

2174 5202 2338 5263 atque
2361 5192 2653 5246 Ablabium
2672 5192 2979 5262 episcopos.
3000 5191 3249 5262 Denique
3271 5193 3329 5245 in
3353 5193 3496 5247 libro
3522 5196 3759 5263 septimo

2174 5283 2527 5338 Anthemium
2594 5283 2913 5351 praefectum
2974 5282 3252 5352 praetorio,
3307 5285 3400 5352 qui
3451 5283 3757 5337 Theodosio

485 5359 590 5415 dos
643 5370 765 5416 erat
808 5345 1182 5431 Alexandria},
1220 5370 1606 5424 contumeliam
1655 5370 1794 5424 hanc
1840 5371 2069 5427 deorum
2105 5345 2144 5399 Β
2176 5375 2404 5431 Juniore
2447 5374 2629 5429 adhuc
2672 5390 2844 5443 puero
2883 5373 3275 5443 rempublicam
3321 5373 3756 5434 administrabat,

486 5468 714 5507 suorum
738 5470 881 5525 {egre
915 5455 1177 5522 ferentes,
1203 5460 1391 5514 relicta
1414 5462 1550 5515 urbe
1578 5461 1907 5516 Alexandria
1929 5463 2071 5517 Con-

485 5547 900 5618 stantinOpolim
929 5550 1181 5619 profecti,
1206 5551 1543 5607 domicilium
1569 5569 1729 5607 suum
1766 5554 1877 5609 illic
1905 5557 2072 5611 collo-

485 5646 701 5693 carunt.
754 5640 932 5695 Porro
993 5642 1277 5710 gentilium
1328 5646 1527 5715 templa
1584 5645 1925 5700 Alexandria:
1971 5646 2068 5701 de-

485 5733 692 5785 structa
712 5740 844 5786 sunt
866 5730 1108 5785 Timasio
1129 5741 1185 5787 et
1204 5734 1461 5790 Promoto
1483 5736 1820 5801 consulibus,
1847 5745 1907 5790 ut
1931 5738 2068 5791 scri-

487 5816 571 5871 bit
600 5818 955 5877 Marcellinus
981 5821 1036 5876 in
1060 5822 1354 5887 Chronico,
1388 5826 1481 5894 qui
1505 5842 1683 5879 annus
1708 5826 1826 5879 erat.
1853 5827 2074 5880 undeci-

487 5921 608 5964 mus
642 5910 996 5983 imperatoris
1021 5910 1330 5967 Theodosii.
1367 5915 1440 5967 Εϊ
1480 5931 1587 5984 quo
1617 5923 1836 5983 apparo)!
1883 5916 2075 5970 Socra-

2180 5466 2351 5520 Troili
2375 5465 2633 5535 sophista:
2659 5464 2907 5521 consiliis
2926 5466 3199 5535 praecipue
3226 5480 3383 5518 usum
3402 5480 3522 5517 esse
3547 5464 3757 5517 scribit.

2178 5558 2281 5614 Ubi
2319 5556 2488 5612 etiam
2532 5556 2685 5609 illum
2722 5556 2826 5609 hoc
2867 5564 3095 5609 exornat
3136 5553 3345 5623 elogio:
3380 5554 3438 5615 ὃς
3483 5553 3623 5623 μετά
3662 5557 3760 5622 τῆς

2179 5649 2345 5720 οῠσης
2369 5647 2518 5718 αὐτῷ
2546 5646 2860 5715 φιλοσοφίας
2888 5648 2988 5717 (sic
3014 5647 3161 5700 enim
3195 5645 3549 5699 scribendum
3570 5654 3673 5711 est,
3703 5656 3761 5700 ut

2180 5740 2235 5794 in
2269 5739 2570 5810 appendice
2613 5737 3032 5791 annotationum
3072 5733 3314 5802 monui),
3348 5736 3442 5787 ml
3483 5736 3623 5789 κατὰ
3662 5736 3760 5806 τὴν

2178 5824 2459 5894 πολιτικὴν
2497 5824 2758 5894 φρόνησιν
2800 5823 2877 5891 τῷ
2925 5823 3189 5892 ’Λνοεμίῳ
3232 5823 3524 5892 ἐφάμιλλος
3566 5820 3656 5895 ἦν’
3702 5826 3756 5878 id

2178 5927 2291 5973 est:
2336 5917 2422 5987 qui
2451 5927 2641 5985 ιιι-πίω·
2669 5913 3048 5982 philosophiam
3078 5932 3193 5983 (μαῖ’
3218 5917 3267 5968 in
3311 5916 3419 5985 ipso
3450 5920 3642 5978 inerat,
3680 5918 3753 5969 cir-
