4050 6348
285 473 353 528 i9
1531 481 1618 532 DE
1658 478 1816 532 VITA
1854 478 1940 533 ΕΤ
1983 478 2296 535 SCRIPTIS‘
3459 479 3528 532 29

283 587 465 642 vilium
494 602 696 658 quoque
718 603 896 642 rerum
925 590 1203 660 prudentia
1226 609 1324 662 par
1351 593 1624 647 Anthemio
1646 611 1752 649 esse
1776 598 1854 650 vi-
1884 601 1926 656 Α
1961 595 2214 652 Socrates
2259 595 2553 652 Historiam
2577 609 2730 649 suam
2751 593 3137 664 conscripserit
3163 601 3287 664 post
3317 595 3527 652 obitum

281 683 520 734 dabatur.
544 680 640 735 His
659 681 964 736 rationibus
986 682 1274 747 adductus,
1293 681 1571 737 Socratem
1602 693 1857 740 nostrum-

280 773 337 826 in
383 772 660 826 rhetorica
696 772 880 828 Troilo
939 773 1201 843 magistro
1252 788 1409 827 usum
1455 773 1624 830 fuisse
1668 776 1854 830 existi-

280 865 444 919 mavi.
479 866 680 921 Verum
720 867 787 921 de
828 868 933 922 hac
973 883 1034 922 re
1069 868 1446 938 unusquisque
1483 885 1585 940 pro
1623 872 1852 928 arbitrio

278 971 380 1009 suo
413 963 634 1011 statuet.
658 956 954 1013 Sciendum
974 974 1139 1030 porro
1161 967 1264 1025 est,
1293 969 1508 1016 veteres
1527 976 1636 1016 non
1655 964 1850 1033 raptim

278 1061 342 1100 ac
383 1057 762 1116 properanter,
810 1049 954 1104 sicut
997 1065 1146 1103 nunc
1195 1048 1314 1105 ﬁeri
1356 1051 1516 1116 solet,
1555 1053 1651 1108 sed
1691 1053 1853 1126 longo

275 1137 573 1192 admodum
629 1147 876 1210 tempore
939 1141 1268 1212 eloquentiae
1329 1156 1552 1213 operam
1613 1144 1857 1201 dedisse.

275 1227 441 1284 Certe
481 1229 776 1300 Gregorius
815 1232 1196 1289 Nazianzenus
1240 1235 1297 1289 in
1339 1234 1596 1291 Carmine
1628 1237 1696 1292 de
1739 1237 1853 1292 vita

276 1334 374 1372 sua
392 1327 641 1381 testatur,
686 1337 744 1375 se
778 1339 924 1377 anno
950 1324 1126 1380 aetatis
1174 1326 1452 1382 tricesimo
1476 1327 1708 1384 Athenis
1743 1329 1855 1384 dis-

275 1410 524 1474 cessisse,
556 1426 680 1465 cum
725 1412 782 1466 in
819 1429 883 1467 ea
937 1414 1070 1468 urbe
1102 1417 1356 1472 oratoriae
1402 1418 1535 1473 artis
1581 1428 1851 1490 praecepta

275 1497 574 1553 didicisset.
631 1501 761 1555 Post
787 1503 903 1557 haec
935 1502 1190 1560 Socrates
1237 1507 1427 1561 relicta
1463 1508 1633 1562 Troili
1667 1509 1851 1564 schola

273 1586 342 1640 ad
371 1586 550 1640 forum
581 1604 639 1644 se
673 1591 925 1656 contulit,
950 1600 1006 1647 et
1037 1608 1232 1649 causas
1261 1595 1507 1650 actitavit
1542 1597 1855 1652 Constanti-

273 1675 480 1744 nopoli.
500 1677 656 1733 Unde
689 1691 1110 1750 cognomentum
1138 1684 1370 1754 adeptus
1399 1696 1484 1741 est
1505 1686 1848 1742 Scholastici.

275 1766 366 1822 Sic
399 1768 545 1822 enim
577 1771 827 1826 advocati
864 1788 930 1828 eo
971 1780 1214 1844 tempore
1244 1777 1590 1842 dicebantur,
1625 1787 1687 1833 ut
1714 1780 1852 1850 jam-

273 1859 487 1929 pridem
517 1861 587 1916 ab
618 1862 742 1917 aliis
776 1863 1128 1919 observatum
1149 1873 1264 1921 est:
1296 1883 1406 1922 non
1439 1869 1584 1938 quod
1607 1869 1661 1924 in
1690 1870 1848 1925 scho-

1954 686 2229 740 Theodori
2268 686 2655 757 Mopsuesteni.
2688 685 2796 740 Sed
2827 686 2938 755 jam
2987 693 3202 756 tempus
3245 695 3329 742 est
3363 698 3424 742 ut
3461 690 3530 745 de

1953 778 2073 847 ejus
2093 785 2241 832 secta
2271 793 2335 833 ac
2364 778 2648 849 religione,
2685 780 2829 834 sicut
2859 777 3015 836 initio
3050 783 3279 850 polliciti
3317 798 3527 849 sumus,

1953 867 2316 938 inquiramus.

2022 958 2289 1014 Baronius
2307 959 2530 1029 quidem
2561 960 2616 1014 in
2637 961 2961 1024 Annalibus,
2983 972 3049 1043 let
3078 963 3363 1034 Philippus
3392 964 3531 1018 Lab-

1951 1047 2103 1103 bteus
2136 1049 2193 1102 in
2215 1050 2359 1104 libro
2389 1052 2465 1105 De
2503 1051 2867 1122 scriptoribus
2893 1053 3297 1120 ecclesiasticis,
3338 1055 3530 1110 Socra-

1952 1148 2062 1196 tem
2113 1148 2364 1195 nostrum
2409 1153 2558 1198 secta
2597 1144 2961 1199 Novatianum
3007 1145 3177 1201 fuisse
3233 1146 3522 1202 affirmant.

1951 1229 2099 1284 lde'm
2133 1231 2297 1286 etiam
2334 1241 2460 1288 ante
2492 1234 2611 1290 illos
2645 1235 2859 1290 censuit
2888 1235 3231 1306 Nicephorus
3267 1238 3321 1290 in
3349 1254 3530 1308 proce-

1952 1321 2062 1375 mio
2089 1321 2342 1378 Historia:
2373 1324 2775 1391 ecclesiasticae,
2812 1325 2898 1382 his
2918 1328 3103 1382 verbis
3128 1346 3140 1382 :
3182 1329 3211 1380 ὁ
3239 1328 3336 1398 τὴν
3364 1347 3530 1399 προσ·-

1950 1412 2199 1482 ηγορίαν,
2238 1414 2299 1466 οὐ
2344 1414 2449 1485 μὴν
2479 1414 2535 1467 δέ
2568 1432 2631 1482 γε
2669 1417 2762 1469 καὶ
2792 1417 2891 1486 τὴν
2932 1418 3249 1490 προαίρεσιν
3293 1419 3528 1489 καθαρὸς

1949 1502 2264 1574 Σωκράτης.
2297 1504 2354 1559 Id
2375 1513 2491 1559 est:
2519 1514 2566 1559 et
2596 1508 2639 1560 is
2674 1508 2764 1577 qui
2785 1509 3086 1578 cognomine
3106 1510 3316 1580 quidem
3340 1510 3526 1564 Καθα-

1953 1593 2064 1662 ρός,
2085 1595 2176 1648 sed
2199 1597 2378 1650 animo
2414 1599 2587 1651 minus
2615 1615 2747 1668 puro
2786 1599 2904 1668 fuit,
2938 1597 3200 1657 Socrates.
3232 1599 3387 1667 Quod
3416 1616 3528 1656 non

1950 1681 2025 1736 ita
2051 1683 2428 1753 accipiendum
2453 1695 2556 1750 est,
2580 1688 2733 1756 quasi
2759 1687 3012 1743 Socrates
3048 1690 3302 1760 Καθαρὸς
3323 1706 3528 1761 cogno-

1950 1773 2188 1829 minatus
2223 1774 2312 1840 sit,
2348 1775 2446 1830 sed
2475 1785 2536 1831 ut
2572 1777 2938 1832 Novatianum
2969 1780 3123 1833 illum
3161 1780 3328 1836 fuisse
3363 1782 3529 1851 signi-

1951 1862 2163 1918 ﬁcetur.
2191 1865 2328 1919 Nam
2361 1865 2647 1920 Novatiani
2683 1883 2742 1922 se
2775 1869 3027 1924 catharos
3064 1871 3427 1940 appellabant,
3467 1879 3528 1926 ut

273 1951 356 2006 las
395 1953 551 2008 relati
603 1962 821 2020 essent,
864 1956 960 2011 sed
1013 1959 1142 2027 quia
1182 1959 1412 2029 juvenes
1453 1935 1519 2014 ὲκ
1564 1957 1848 2016 rhetorum
1881 1935 1924 1990 Β
1951 1950 2298 2006 doeeteanon
2321 1961 2548 2009 octavus
2570 1956 2786 2010 concilii
2821 1958 3045 2013 Nicaani.
3080 1935 3228 2012 Idem
3257 1960 3526 2030 Nicephoc

274 2043 476 2099 scholis
506 2044 758 2114 profecti,
778 2055 950 2102 artem
979 2049 1120 2104 hanc
1149 2050 1565 2120 proﬁtebantur.
1605 2052 1847 2108 Tandem

217 2195 230 2209 ο
271 2149 406 2189 vero
445 2134 654 2205 abjecta
692 2137 1048 2220 causidicina,
1087 2140 1153 2193 ad
1195 2128 1538 2196 scribendam
1593 2143 1848 2198 ecclesia-

273 2223 465 2278 sticam
487 2225 781 2282 Historiam
803 2228 1043 2282 animum
1069 2245 1227 2284 suum
1250 2231 1528 2301 applicuit.
1548 2231 1662 2298 Qua
1687 2234 1743 2288 in
1764 2251 1842 2297 rc,

271 2320 329 2367 et
355 2314 565 2384 judicio
588 2323 644 2369 et
669 2315 956 2386 diligentia.
983 2334 1115 2374 usus
1146 2327 1231 2374 est
1275 2319 1558 2391 singulari.
1595 2321 1673 2376 Ac
1695 2322 1844 2392 judi-

275 2404 421 2459 cium
452 2406 696 2475 quidem,
721 2406 1004 2463 declarant
1034 2409 1444 2467 observationes
1467 2427 1532 2467 ac
1560 2412 1846 2467 sentcntiae

271 2495 470 2564 passim
510 2494 566 2551 in
598 2497 756 2555 libris
783 2500 904 2570 ejus
931 2499 1182 2556 intextae:
1219 2502 1440 2570 quibus,
1470 2517 1593 2557 meo
1620 2503 1844 2574 quidem

265 2584 494 2654 judicio,
521 2587 658 2641 nihil
701 2598 786 2642 est
832 2589 1120 2645 illustrius.
1149 2591 1498 2662 Diligentiam
1530 2608 1681 2656 vero,
1718 2608 1843 2647 eum

269 2675 374 2730 alia
397 2677 575 2732 multa
590 2685 879 2744 testantur,
907 2689 1019 2733 tum
1051 2681 1182 2736 illud
1216 2681 1503 2752 imprimis,
1527 2682 1674 2751 quod
1709 2691 1843 2737 tem-

268 2781 463 2835 porum
529 2776 749 2832 notam,
793 2769 846 2824 id
892 2779 978 2824 est
1030 2771 1351 2827 consulatus
1403 2780 1459 2827 et
1507 2773 1842 2843 olympiadas

267 2871 644 2926 saepenumero
683 2860 926 2929 apponit,
960 2864 1261 2930 praesertim
1290 2863 1385 2918 ubi
1439 2879 1528 2919 res
1578 2865 1840 2934 quasdam

266 2949 491 3018 majoris
518 2950 781 3005 momenti
814 2963 1224 3010 commemorat.
1259 2956 1448 3026 Neque
1485 2973 1618 3011 vero
1657 2956 1840 3013 Histo-

267 3039 404 3094 riam
426 3056 581 3096 suam
607 3043 943 3114 negligenter
974 3061 1039 3101 ac
1068 3048 1259 3118 supine
1282 3049 1623 3119 conscripsit,
1653 3065 1841 3119 quem-

265 3132 558 3188 admodum
607 3134 840 3194 Ruﬂnus
883 3137 1270 3206 Aquileiensis,
1322 3139 1416 3207 qui
1473 3139 1620 3193 duos‘
1666 3140 1840 3195 libros

267 3225 522 3281 Historiae
562 3227 979 3292 ecclesiastica,
1027 3245 1166 3297 quos
1219 3230 1443 3284 Eusebii
1491 3229 1840 3284 Caasariensis

266 3315 421 3375 libris
447 3318 700 3379 attexuit,
716 3309 1038 3370 memoriier
1054 3317 1190 3371 mihi
1206 3317 1424 3371 videtur
1444 3319 1836 3385 composuisse.

265 3406 449 3476 Longe
485 3405 643 3458 aliter
671 3404 924 3458 Socrates
964 3413 1173 3476 noster,
1197 3406 1291 3473 qui
1327 3405 1649 3473 conquisitis
1678 3405 1840 3460 undi-

264 3509 372 3564 que
411 3494 634 3564 optimis
671 3494 1063 3558 monumentis,
1104 3494 1157 3551 id
1199 3502 1304 3558 est,
1338 3494 1585 3564 epistolis
1621 3495 1840 3550 antisti-

268 3597 404 3651 tum,
442 3585 579 3641 actis
618 3583 1003 3656 synodalibus,
1050 3591 1106 3638 et
1147 3584 1306 3638 libris
1347 3585 1841 3641 ecclesiasticorum

267 3676 618 3746 scriptorum,
649 3688 718 3727 ex
757 3687 954 3740 eorum
993 3671 1100 3727 ﬁde
1125 3671 1422 3727 Historiam
1459 3689 1612 3728 suam
1653 3676 1842 3730 elucu-

267 3766 464 3821 bravit.
491 3765 738 3834 Cumque
762 3765 818 3818 in
844 3763 1021 3833 prima
1050 3763 1294 3824 editione
1319 3763 1503 3834 operis
1541 3765 1646 3828 sui,
1684 3764 1838 3819 Ruﬁ—

267 3875 396 3912 num
418 3863 658 3921 secutus,
681 3856 947 3928 synodum
971 3855 1096 3928 Tyri
1118 3865 1175 3911 et
1195 3855 1580 3926 relegationem
1598 3855 1838 3910 Athana—

267 3947 333 4008 sii
375 3946 430 4000 in
471 3945 691 4010 Gallias,
727 3945 1033 4016 principatu
1078 3943 1383 4000 Constantii
1416 3944 1642 4015 Augusti
1693 3953 1841 3999 retu-

266 4039 436 4104 lisset,
464 4038 622 4093 lectis
658 4045 848 4108 postea
876 4036 1160 4094 Athanasii
1198 4037 1356 4093 libris
1393 4054 1638 4093 errorem
1679 4055 1838 4094 suum

266 4130 670 4185 animadvertit.
701 4129 879 4196 Quare
910 4146 1135 4186 necesse
1175 4129 1371 4185 habuit
1402 4146 1598 4184 novam
1635 4130 1836 4186 editio-

265 4237 390 4276 nem
431 4220 686 4284 Historiae
719 4235 830 4274 sua:
859 4219 1169 4285 instituere,
1205 4219 1261 4273 in
1302 4236 1408 4290 qua
1448 4229 1564 4274 tum
1594 4229 1835 4275 erratum

267 4313 399 4366 illud
429 4311 573 4382 quod
613 4311 760 4374 dixi,
795 4309 1138 4375 emendavit;
1171 4318 1285 4364 tum
1316 4311 1420 4364 alia
1458 4310 1704 4380 quaedam
1745 4311 1839 4365 ad~

261 4405 411 4474 jecit,
456 4419 578 4472 qua:
627 4401 684 4456 in
737 4401 920 4472 priore
971 4401 1211 4456 editione
1258 4401 1732 4467 desiderabantur,
1777 4412 1838 4458 ut

267 4495 380 4563 ipse
409 4500 637 4546 testatur
657 4491 712 4544 in
745 4489 1014 4560 principio
1043 4489 1172 4542 libri
1204 4489 1450 4542 secundi.
1501 4490 1580 4542 Ex
1603 4505 1714 4558 quo
1744 4505 1836 4559 ap-

1950 2057 2046 2096 rus
2077 2042 2134 2096 in
2177 2043 2320 2097 libro
2358 2061 2415 2110 ιι,
2460 2047 2638 2116 capite
2679 2048 2766 2113 14,
2795 2048 2869 2102 ita
2913 2049 3108 2104 scribit
3145 2050 3213 2104 de
3246 2049 3470 2105 Socrate
3507 2069 3522 2104 :

1949 2131 2073 2186 Ha’c
2108 2133 2204 2186 sibi
2241 2137 2542 2188 renuntiata
2573 2152 2682 2189 esse
2725 2135 2965 2192 Socrates
2998 2138 3114 2207 (qui
3155 2140 3247 2192 hoc
3278 2138 3386 2192 loco
3419 2156 3522 2193 non

1913 2215 2229 2276 ‘abltorrere
2273 2238 2328 2275 se
2359 2239 2390 2276 a
2423 2223 2843 2279 Novatianorum
2889 2228 3141 2280 institutis
3185 2227 3365 2298 palam
3413 2245 3524 2298 pra:

1946 2331 2001 2368 se
2020 2314 2146 2385 fert)
2174 2331 2207 2368 a
2235 2330 2358 2368 sene
2394 2315 2622 2386 quodam
2646 2317 2842 2384 scribit,
2873 2327 2978 2373 etc.
3006 2317 3115 2373 Cur
3139 2327 3319 2374 autem
3348 2320 3524 2376 Nova-

1947 2407 2129 2462 tianus
2155 2422 2187 2461 a
2220 2407 2496 2478 plerisque
2525 2407 2746 2463 habitus
2774 2409 2845 2463 sit
2880 2409 3134 2464 Socrates
3159 2420 3364 2475 noster,
3388 2428 3519 2466 cau-

1947 2515 2021 2554 sa).
2047 2514 2150 2554 nec
2173 2515 2358 2569 pauca:
2384 2510 2533 2566 sunt,
2558 2516 2661 2556 nec
2679 2501 2846 2556 leves.
2883 2501 3126 2556 Primum
3148 2504 3294 2557 enim
3321 2505 3520 2559 seriem

1945 2588 2329 2659 episcoporum
2389 2589 2846 2654 Novatianorum,
2906 2590 3000 2660 qui
3051 2591 3519 2661 Constantinopoli

1945 2678 2233 2732 ecclesiam
2270 2679 2491 2738 illorum
2533 2695 2730 2735 rexere
2769 2681 2880 2751 jam
2933 2681 3058 2736 inde
3105 2697 3135 2735 a
3179 2681 3520 2737 Constantini

1946 2768 2306 2837 temporibus,
2335 2769 2628 2840 diligenter
2658 2780 3071 2835 commemorat,
3111 2773 3314 2826 notatis
3351 2772 3519 2826 etiam

1944 2856 2284 2922 consulibus,
2308 2858 2510 2927 quibus
2553 2859 2751 2931 singuli
2799 2875 2865 2914 ex
2903 2859 3004 2915 hac
3040 2860 3160 2914 luce
3189 2860 3515 2931 migrarunt.

1941 2946 2148 3004 Deinde
2176 2965 2621 3020 unumquemque
2659 2966 2852 3006 eorum
2891 2951 3118 3006 summis
3151 2951 3313 3007 eﬁ‘ert
3344 2952 3519 3006 laudi-

1945 3034 2066 3101 bus,
2099 3038 2371 3108 przecipue
2397 3036 2647 3108 Agelium
2675 3055 2740 3094 ac
2766 3039 3086 3106 Sisinnium,
3115 3039 3519 3112 Chrysanthum

1941 3142 2005 3179 ac
2033 3127 2281 3184 Paulum.
2313 3128 2484 3200 Cujus
2509 3132 2674 3184 etiam
2696 3133 2958 3200 precibus
2989 3132 3316 3186 miraculum
3343 3132 3518 3202 quod-

1941 3215 2065 3269 dam
2088 3228 2461 3288 perpetratum
2488 3234 2608 3274 esse
2625 3221 2818 3274 scribit
2837 3220 3327 3290 Constantinopoli.
3356 3222 3520 3276 Deni-

1943 3319 2050 3372 que
2075 3313 2272 3360 cuncta
2298 3322 2419 3375 qua:
2450 3307 2518 3364 ad
2547 3317 2750 3363 sectam
2767 3309 3194 3378 Novatianoyum
3220 3311 3514 3380 pertinent,

1945 3405 2090 3456 tanta
2121 3414 2252 3455 cura
2278 3414 2343 3454 ac
2371 3397 2649 3468 diligentia
2697 3401 3071 3470 persequitur,
3099 3407 3161 3454 ut
3191 3400 3319 3455 huic
3356 3411 3517 3457 secta)

1942 3491 2193 3547 addictus
2217 3491 2384 3546 fuisse
2409 3490 2681 3548 videatur.
2699 3491 2902 3546 Verum
2933 3492 2978 3546 si
3008 3493 3132 3562 quis
3152 3492 3269 3547 haec
3289 3509 3515 3548 accura-

1942 3583 2053 3637 tius
2080 3581 2393 3636 examinare
2421 3581 2678 3646 voluerit,
2705 3579 2844 3635 uibii
2867 3581 2924 3636 in
2961 3581 3049 3637 his
3099 3582 3337 3653 reperiet
3370 3582 3517 3654 quod

1943 3672 2224 3728 Socratem
2283 3679 2534 3726 nostrum
2585 3671 2946 3727 Novatianum
2990 3673 3158 3730 fuisse
3207 3674 3512 3730 convincat.

1941 3761 2077 3816 Nam
2116 3770 2173 3816 et
2214 3760 2542 3821 Arianorum
2584 3761 2872 3831 episcopos
2905 3764 3000 3833 qui
3045 3764 3512 3836 ConstantinOpoli

1940 3851 2227 3906 ecclesiam
2279 3850 2495 3905 illorum
2540 3849 3022 3917 administrarunt,
3068 3855 3186 3924 pari
3238 3855 3514 3926 diligentia

1940 3953 2267 3998 enumerat:
2311 3959 2412 4002 nec
2447 3951 2626 3998 tamen
2656 3943 2863 3998 idcirco
2897 3945 3135 4001 Arianus
3175 3946 3341 4001 fuisse
3381 3946 3516 4000 dici—

1940 4041 2050 4088 tur.
2079 4034 2288 4090 Cuncta
2333 4035 2499 4094 etiam
2543 4050 2664 4104 qum
2705 4035 2925 4090 Arianis
2968 4045 3024 4090 et
3064 4036 3418 4092 Eunomianis
3450 4053 3514 4092 ac

1940 4124 2339 4184 Macedonianis
2367 4125 2713 4196 contigerunt
2746 4125 3236 4198 Constantinopoli,
3258 4143 3369 4184 non
3408 4129 3512 4181 mi-

1940 4230 2073 4269 nore
2108 4215 2291 4269 studio
2331 4215 2538 4280 retulit,
2567 4231 2729 4284 quam
2761 4233 2882 4286 quae
2921 4217 3238 4270 Novatianis
3267 4219 3510 4288 conlige»

1940 4313 2086 4358 runt.
2112 4303 2280 4376 Cujus
2295 4305 2515 4374 quidem
2548 4306 2626 4360 rei
2652 4306 2768 4375 ipse
2794 4305 3061 4360 rationem
3080 4305 3271 4366 reddit
3293 4307 3345 4359 in
3368 4306 3511 4359 libro

1938 4395 2152 4464 quinto,
2194 4411 2313 4465 cap.
2372 4395 2462 4460 2i,
2509 4395 2604 4449 ubi
2660 4395 2850 4450 scribit
2899 4395 2953 4449 id
3010 4394 3114 4450 sibi
3167 4395 3510 4464 propositum

1939 4485 2126 4549 fuisse,
2159 4493 2220 4539 ut
2253 4501 2316 4539 ea
2349 4485 2693 4555 potissimum
2729 4493 3185 4541 commemoraret
3224 4500 3343 4554 quae
3371 4482 3512 4538 Con-

264 4593 419 4654 parct
444 4582 631 4652 quanti
679 4598 707 4635 a
747 4580 907 4635 nobis
934 4579 1178 4634 facienda
1212 4581 1281 4633 sit
1312 4580 1428 4634 haec
1466 4579 1704 4634 Socratis
1737 4581 1832 4635 Hi-
1866 4583 1910 4638 D
1940 4576 2290 4646 stantinopoli
2322 4577 2651 4640 acciderant,
2687 4585 2803 4629 tum
2837 4575 2984 4645 quod
3015 4575 3128 4644 ipse
3174 4574 3228 4627 in
3274 4589 3336 4627 ea
3375 4573 3510 4626 urbe

266 4676 452 4741 Storia,
481 4675 568 4728 cui
601 4673 834 4742 scriptor
864 4671 977 4740 ipse
1012 4671 1258 4724 ultimam
1297 4685 1515 4724 manum
1559 4671 1826 4726 adhibuit.

265 4766 322 4826 In
385 4761 670 4818 scribenda
726 4767 908 4815 autem
977 4760 1212 4814 Historia
1264 4776 1394 4815 usus
1445 4769 1530 4815 est
1585 4761 1834 4818 Socrates

265 4857 402 4927 stylo
428 4854 656 4924 simplici
675 4861 835 4921 atque
857 4853 1089 4922 abjecto,
1106 4851 1270 4921 idque
1292 4851 1359 4906 de
1397 4851 1661 4906 industria
1681 4893 1694 4915 ,
1725 4869 1833 4921 quo

263 4942 330 4994 ab
349 4939 604 4994 omnibus
631 4937 844 4991 facilius
879 4937 1110 5006 intelligi
1133 4942 1335 5006 posset,
1355 4943 1415 4988 ut
1445 4935 1559 5003 ipse
1604 4943 1833 4990 testatur

266 5035 318 5087 in
340 5030 568 5086 exordio
587 5028 712 5082 libri
738 5027 897 5098 primi
928 5042 991 5080 ac
1005 5027 1173 5080 tertii.
1191 5027 1333 5080 Hlud
1355 5027 1502 5081 enim
1519 5027 1748 5080 sublime
1778 5033 1833 5079 et

263 5130 514 5177 ornatum
556 5118 772 5175 dicendi
807 5133 978 5188 genus
1011 5117 1352 5188 panegyricis
1394 5116 1578 5187 potius
1625 5116 1831 5170 oratio-

264 5215 427 5269 nibus
455 5227 616 5284 quam
655 5225 841 5264 rerum
888 5208 1380 5264 ecclesiasticarum
1431 5208 1674 5263 historia:
1697 5223 1830 5263 con-

269 5303 457 5363 venire
475 5299 824 5357 existimavit.
838 5299 1010 5357 Porro
1027 5297 1320 5352 Historiam
1333 5312 1485 5351 suam
1497 5297 1832 5365 nuncupavit

261 5394 550 5450 Theodoro
585 5391 798 5447 cuidam
819 5431 833 5455 ,
877 5404 1039 5458 quem
1074 5389 1128 5456 in
1153 5386 1420 5457 principio
1449 5385 1580 5440 libri
1607 5385 1830 5440 secundi

261 5503 476 5542 sacrum
496 5486 593 5541 Dei
632 5484 908 5539 hominem
939 5482 1195 5552 appellat,
1222 5479 1449 5549 perinde
1473 5493 1536 5533 ac
1561 5477 1830 5532 Eusebius

266 5588 450 5633 noster
473 5579 760 5633 Paulinum
780 5577 1095 5645 episcopum
1115 5573 1242 5644 Tyri
1260 5572 1550 5641 compellat
1586 5571 1640 5624 in
1665 5586 1826 5625 exor-

265 5667 355 5727 dio
391 5669 518 5722 libri
553 5668 770 5724 decimi.
807 5666 1066 5733 Quisnam
1090 5673 1272 5720 autem
1294 5663 1472 5717 sithic
1487 5662 1826 5725 Theodorus,

267 5757 396 5812 mihi
419 5759 637 5826 quidem
660 5760 1055 5829 incompertum
1073 5765 1176 5812 cst.
1200 5756 1387 5826 Neque
1409 5754 1555 5809 enim
1572 5753 1827 5807 Theodo-

267 5863 385 5902 rum
424 5849 762 5919 Mopsuestiae
806 5852 1119 5921 episcopum
1149 5866 1268 5906 esse
1311 5847 1658 5910 crediderim,
1703 5862 1824 5900 cum

1942 4667 2182 4737 degeret,
2227 4667 2282 4721 in
2315 4684 2422 4738 qua
2468 4675 2522 4722 et
2564 4661 2726 4721 natus
2768 4667 2947 4720 fuerat
2983 4673 3038 4719 et
3075 4664 3366 4730 educatus;
3395 4673 3508 4717 tum

1938 4758 2083 4828 quod
2120 4775 2208 4812 res
2242 4758 2297 4812 in
2327 4775 2390 4813 ea
2420 4759 2641 4814 civitate
2671 4763 2836 4827 gestae
2879 4755 3205 4810 illustriores
3245 4763 3427 4808 essent
3457 4764 3512 4808 et

1937 4850 2204 4903 memoria
2236 4849 2517 4902 hominum
2547 4848 2844 4917 digniores.
2877 4846 3030 4912 Quod
3061 4845 3103 4898 si
3141 4846 3264 4914 quis
3290 4845 3512 4916 objiciet

1932 4941 2262 4995 Arianorum
2287 4939 2571 5009 episcopos
2603 4954 2714 4992 non
2745 4937 2970 5007 perinde
2996 4936 3205 4991 laudari
3229 4951 3260 4989 a
3286 4936 3508 4990 Socrate

1934 5044 1997 5084 ac
2046 5028 2495 5090 Novatianorum,
2556 5025 2730 5080 facilis
2790 5032 2874 5079 cst
2929 5024 3234 5094 responsio.
3297 5024 3509 5092 Quippe

1932 5119 2259 5174 Arianorum
2280 5119 2543 5190 episc0pi,
2563 5119 2656 5188 qui
2685 5125 2798 5171 tum
2837 5116 3308 5186 Constantinopoli
3343 5117 3504 5183 dege-

1933 5209 2086 5274 bant,
2129 5210 2288 5280 longe
2337 5209 2624 5264 inferiores
2653 5208 2806 5261 fuere
2856 5206 3130 5276 episcopis
3171 5205 3503 5260 Novatiano-

1933 5318 2074 5356 rum.
2113 5302 2319 5356 Horum
2346 5301 2492 5355 enim
2515 5300 2744 5355 ecclesia
2782 5315 2882 5369 per
2917 5299 3007 5354 illa
3038 5308 3283 5368 tempora
3319 5295 3504 5348 multis

1932 5408 1993 5447 ac
2036 5391 2499 5463 przestantissimis
2542 5390 2920 5445 sacerdotibus
2973 5387 3289 5444 abundavit.
3335 5385 3501 5454 quue

1932 5483 2266 5538 Sozomenus
2310 5480 2476 5537 etiam
2525 5498 2625 5537 suo
2684 5482 2995 5537 testimonio
3051 5478 3356 5538 conﬁrmat,
3409 5473 3504 5543 qui

1931 5575 2104 5643 eloi'aia
2141 5589 2332 5629 eorum
2369 5574 2555 5636 refert,
2595 5575 2838 5629 Socratis
2879 5571 3052 5627 nostri
3103 5567 3293 5638 elogiis
3334 5566 3504 5620 simil-

1931 5665 2077 5718 lima.
2107 5663 2372 5730 Quocirca
2399 5672 2492 5719 aut
2513 5666 2876 5720 Sozomenum
2900 5676 3117 5733 quoque
3142 5656 3500 5712 Novatianu-m

1931 5755 2097 5810 fuisse
2135 5757 2426 5811 dicendum
2463 5768 2565 5819 est,
2599 5768 2690 5812 aut
2722 5759 2971 5811 Socrates
3005 5760 3188 5806 noster
3219 5749 3502 5803 absolven-

1935 5848 2038 5902 dus
2088 5848 2155 5903 ab
2195 5849 2298 5904 bac
2340 5850 2628 5905 calumnia.
2673 5848 2832 5918 Atqui
2877 5852 3083 5900 constat
3136 5841 3500 5896 Sommcuum
