4050 6348
422 395 493 450 El'
1648 396 1984 459 SOCRATIS
2021 402 2108 457 ET
2150 403 2510 463 SOZOMENI.
3613 415 3693 473 Β

419 528 528 568 non
560 510 732 566 fuisse
772 508 1156 564 Novatianum.
1198 509 1333 565 Nam
1373 518 1433 565 ut
1468 513 1720 569 omittam
1757 516 2005 573 testimo-
2030 525 2079 582 Δ
2106 524 2230 578 scha
2256 525 2460 580 decima
2482 534 2677 595 quarta
2709 526 3008 596 luna,etc.,
3041 531 3156 589 haec
3176 532 3257 588 ait
3280 552 3293 588 :
3318 533 3389 590 Et
3412 537 3550 607 quod
3582 536 3685 593 So-

417 605 567 660 nium
598 602 877 658 Theodori
914 602 1193 667 Lectoris,
1230 604 1327 674 qui
1368 605 1423 660 in
1456 606 1685 676 epistola
1709 625 1874 679 quam
1904 610 2001 665 Hi-

418 697 597 753 storia:
633 711 747 750 sua:
784 694 1101 765 Tripartita:
1128 696 1381 766 praeﬁxit,
1418 712 1545 753 eum
1585 700 2003 772 μακαριώτατον

386 788 669 859 ξαρρειιιιι,
711 786 831 856 ipse
875 787 934 841 in
981 786 1128 842 libro
1166 803 1316 841 nono
1354 788 1666 847 interfuisse
1704 807 1764 846 se
1810 791 2004 846 scribit

420 878 755 950 processioni
792 878 1046 947 publicae,
1081 893 1203 949 qua:
1245 878 1302 933 in
1346 879 1612 935 honorem
1642 882 2004 954 quadraginta

423 973 711 1041 tlartyrum
740 968 1218 1039 Constantinopoli
1242 970 1516 1025 celebrata
1539 979 1643 1034 cst,
1678 972 1872 1027 Proclo
1901 964 2004 1028 Ec-

418 1063 633 1117 clesiam
659 1062 816 1116 urbis
839 1062 989 1117 illius
1016 1061 1451 1118 administrante.
1484 1064 1563 1117 Ex
1584 1079 1694 1134 quo
1717 1065 2003 1120 manifeste

418 1151 685 1221 colligitur
731 1150 1096 1205 Sozomcnum
1138 1150 1420 1204 catholicm
1470 1152 1872 1208 conuunnionis
1900 1153 2002 1207 ho-

418 1239 616 1292 minem
644 1238 837 1302 fuisse,
863 1241 1067 1310 quippe
1104 1240 1200 1309 qui
1244 1256 1351 1294 una
1385 1255 1509 1295 cum
1543 1239 1842 1297 Catholicis
1868 1259 2002 1315 sup-

416 1328 692 1397 plicationi
713 1329 949 1398 publica:
976 1330 1308 1385 interfuerit.
1336 1330 1533 1385 Fateor
1557 1331 1776 1402 quidem
1802 1333 2001 1389 Socra-

423 1430 525 1474 tem
554 1430 806 1475 nostrum
838 1422 1025 1477 favere
1054 1421 1379 1491 plerumque
1408 1422 1761 1478 Novatianis:
1790 1432 1849 1478 ut
1876 1440 2003 1479 cum

417 1512 780 1567 Novatianum
827 1521 991 1568 secta:
1033 1513 1183 1568 illius
1228 1521 1509 1569 auctorem
1556 1515 1699 1569 inter
1736 1525 2005 1589 martyres

416 1612 687 1668 numerat,
727 1620 855 1658 cum
896 1605 1231 1661 Novatianos
1269 1606 1577 1660 arctissima
1620 1606 2003 1664 benevolentia

414 1695 737 1764 coniunctos
778 1694 950 1750 fuisse
978 1696 1114 1751 dicit
1144 1695 1464 1761 Catholicis,
1499 1706 1556 1752 et
1586 1714 1694 1754 una
1723 1715 1847 1754 cum
1895 1701 2004 1757 illis

417 1784 471 1838 in
510 1786 745 1840 ecclesia
782 1787 956 1840 Deum
999 1802 1224 1854 orasse;
1264 1803 1390 1843 cum
1428 1787 1651 1845 Sisinnii
1696 1792 2000 1847 orationem

415 1875 785 1940 commendat,
832 1891 996 1945 quam
1046 1876 1239 1932 habuit
1288 1879 1552 1934 adversus
1601 1880 1808 1935 dictum
1866 1882 2000 1936 illud

320 1955 327 1959 ’
414 1965 822 2035 Chrysostomi:
863 1967 1043 2022 Etiam
1080 1970 1125 2022 si
1172 1968 1364 2024 millies
1397 1972 1759 2042 paenitentiam
1810 1974 1997 2043 egeris,

416 2057 616 2110 accede.
655 2058 861 2112 Verum
905 2059 1055 2113 aliud
1097 2068 1184 2113 cst
1217 2060 1405 2114 favere
1458 2061 1798 2127 Novatianis,
1847 2063 1999 2119 aliud

414 2145 780 2200 Novatianum
826 2161 968 2201 esse.
1022 2146 1210 2202 Potuit
1252 2148 1473 2219 quidem
1518 2148 1771 2206 Socrates
1812 2160 2002 2207 noster

413 2236 594 2291 favere
620 2238 965 2303 Novatianis,
999 2254 1095 2293 seu
1132 2238 1281 2309 quod
1309 2241 1719 2298 necessitudine
1746 2258 1811 2299 ac
1846 2243 2002 2299 fami-

412 2327 648 2395 liaritate
690 2328 886 2384 iisdem
916 2330 1246 2400 conjunctus
1278 2341 1450 2397 esset,
1480 2348 1578 2387 seu
1622 2334 1768 2404 quod
1805 2349 2000 2391 eorum

413 2419 753 2489 disciplinam
778 2430 943 2490 atque
960 2422 1348 2476 abstinentiam
1379 2424 1661 2492 probaret.
1682 2425 1808 2480 Fuit
1828 2427 1998 2493 enim,

411 2520 674 2580 quantum
700 2512 923 2582 quidem
952 2528 1020 2566 ex
1041 2513 1163 2583 ejus
1188 2512 1347 2569 libris
1388 2516 1649 2586 colligere
1684 2534 1996 2588 possumus,

411 2604 575 2672 paulo
612 2604 877 2659 severior.
917 2605 1024 2660 Sed
1053 2606 1417 2662 Novatianum
1459 2609 1612 2665 illum
1639 2610 1829 2677 fuisse,
1855 2628 1999 2684 segne

411 2695 701 2750 admodum
759 2696 895 2750 mihi
948 2698 1354 2767 persuaserim;
1399 2703 1707 2770 praisertim
1752 2720 1879 2760 cum
1928 2720 1998 2761 ex

410 2785 621 2854 aliquot
664 2785 802 2840 locis
837 2802 959 2855 qua:
992 2787 1050 2841 in
1088 2788 1210 2858 ejus
1248 2787 1487 2844 Historia
1524 2801 1842 2857 occurrunt,
1869 2809 1999 2849 con-

412 2876 636 2929 trarium
665 2876 801 2930 mihi
834 2877 1024 2931 videar
1058 2877 1515 2948 deprehendisse.
1563 2881 1807 2936 Primum
1849 2883 1995 2938 enim

412 2965 469 3020 in
504 2966 649 3020 libro
667 2983 728 3030 ιι,
759 2982 880 3037 cap.
912 2968 1000 3031 38,
1023 2969 1151 3030 τοὺς
1177 2968 1279 3038 τῆς
1307 2970 1632 3040 Ἐκκλησίας
1672 2988 1785 3026 non
1827 2974 1997 3028 semel

409 3058 641 3126 appellat
697 3058 1042 3126 Catholicos;
1103 3076 1312 3131 eosque
1367 3062 1598 3131 opponit
1661 3064 1992 3123 Novatianis.

2106 627 2278 672 crates
2303 619 2496 673 dicitur
2524 619 2875 686 Novatianus,
2897 622 3176 693 dupliciter
3201 628 3320 695 capi
3348 635 3532 698 potest.
3569 629 3684 684 Uno

2105 709 2244 777 quod
2272 708 2461 777 fauerit
2492 712 2759 766 interdum
2787 713 3097 770 Novatianis
3123 735 3140 770 :
3164 719 3301 786 quod
3324 720 3485 774 etiam
3506 722 3687 775 scribit

2064 840 2065 843 η
2103 798 2465 855 Bellarminus
2504 803 2559 856 in
2588 802 2720 857 libro
2752 803 2832 858 De
2856 807 3198 877 scriptoribus
3232 810 3592 865 ecclesiasticis
3615 813 3686 866 ad

2106 906 2308 944 annum
2328 889 2546 949 Domini
2578 892 2702 959 ιω,
2733 902 2846 949 tam
2876 896 2941 949 de
2978 896 3074 951 illo
3098 914 3259 967 quam
3280 899 3345 953 de
3372 899 3679 955 Sozomeno.

2103 982 2304 1048 Altero,
2331 984 2472 1054 quod
2498 985 2658 1055 fuerit
2679 989 2933 1043 haereseos
2956 989 3393 1047 Novatianorum.
3416 992 3479 1047 In
3524 996 3684 1048 citato

2104 1073 2313 1141 quidem
2335 1075 2510 1145 capite
2550 1092 2643 1130 nec
2678 1092 2734 1131 se
2761 1094 2870 1132 esse
2897 1079 3144 1146 ostendit,
3188 1097 3282 1135 nec
3320 1081 3515 1151 favere.
3542 1081 3685 1136 Nam

2104 1171 2153 1217 et
2176 1162 2297 1218 illos
2329 1166 2617 1237 vituperat,
2645 1175 2694 1220 et
2723 1168 3070 1225 dissensiones
3106 1187 3170 1225 ac
3199 1172 3330 1225 vitia
3357 1172 3550 1242 detegit
3582 1189 3598 1225 :
3624 1182 3683 1226 ut

2106 1271 2210 1309 non
2239 1256 2463 1322 amicus,
2494 1257 2769 1313 sed‘ltostis
2807 1259 3070 1325 videatur,
3096 1270 3189 1315 aut
3212 1273 3457 1318 neutrum
3488 1265 3707 1335 potius,

2102 1348 2197 1402 sed
2220 1350 2456 1404 veritatis
2478 1361 2761 1404 enarrator
2779 1368 2796 1406 :
2814 1352 2952 1423 quod
2970 1354 3201 1408 historici
3222 1362 3299 1409 est
3321 1372 3531 1409 manus.
3553 1358 3684 1411 Hac-

2107 1448 2270 1494 tenus
2290 1440 2360 1495 de
2389 1440 2634 1497 Socrate.
2652 1442 2809 1497 Nunc
2836 1444 2905 1499 de
2937 1430 3241 1501 Sozomcno
3260 1446 3553 1505 dicendum
3576 1458 3680 1503 cst.

2174 1530 2426 1587 Hermias
2447 1532 2786 1589 Sozomenus
2818 1533 2923 1589 fuit
2960 1543 3016 1589 et
3043 1535 3156 1605 ipse
3197 1538 3507 1593 causidicus
3541 1539 3686 1595 Con-

2104 1623 2479 1693 stantinopoli,
2522 1625 2719 1680 iisdem
2766 1626 3105 1696 temporibus
3162 1628 3365 1697 quibus
3409 1629 3681 1685 Socrates.

2104 1712 2335 1783 Majores
2361 1714 2555 1772 habuit
2580 1731 2690 1771 non
2706 1716 2997 1787 ignobiles,
3021 1730 3173 1772 ortos
3197 1734 3264 1772 ex
3290 1718 3595 1785 Palaestina,
3616 1735 3685 1776 ex

2102 1804 2224 1859 vico
2247 1805 2484 1875 quodam
2504 1808 2657 1877 juxta
2680 1807 2883 1862 Gazam
2905 1808 3003 1878 qui
3036 1808 3277 1863 Betbelia
3316 1809 3539 1864 dicitur.
3584 1810 3684 1867 llic

2102 1898 2260 1952 vicus
2303 1898 2435 1952 olim
2482 1899 2799 1955 abundabat
2849 1900 3153 1956 incolarum
3216 1900 3589 1967 multitudine,
3629 1911 3686 1957 ct

2102 1987 2228 2043 fana
2275 1989 2516 2045 habebat
2570 1990 2946 2061 pulcherrima
3004 2008 3069 2048 ac
3118 1994 3512 2069 vetustissima.
3575 1994 3683 2049 Sed

2102 2095 2217 2149 prec
2241 2081 2469 2151 reliquis
2505 2081 2789 2137 Pantheon
2821 2082 3118 2150 eminebat,
3163 2084 3291 2139 colli
3332 2101 3496 2140 manu
3540 2085 3684 2152 facto

2103 2172 2446 2241 impositum,
2473 2171 2620 2241 quod
2661 2173 2812 2228 velut
2834 2188 2934 2227 arx
2954 2174 3204 2243 quaedam
3236 2183 3357 2231 erat
3402 2176 3681 2243 Betbclitc,

2103 2271 2165 2315 ut
2190 2260 2388 2317 scribit
2414 2260 2754 2317 Sozomenus
2792 2262 2848 2317 in
2872 2261 3016 2317 libro
3055 2279 3087 2317 ν
3128 2263 3383 2318 Historia:
3420 2265 3683 2319 ecclesia-

2102 2352 2277 2418 stica,
2305 2366 2425 2423 cap.
2455 2352 2541 2408 15.
2571 2352 2653 2408 Ex
2676 2368 2745 2407 eo
2768 2354 2891 2409 vico
2923 2362 3081 2409 ortus
3102 2369 3238 2410 avus
3260 2354 3497 2410 Hermia:
3519 2354 3685 2411 Sozo-

2102 2444 2272 2509 meni,
2297 2444 2367 2499 ad
2405 2443 2613 2500 Christi
2656 2443 2821 2499 fidem
2862 2446 3103 2515 primum
3144 2461 3444 2502 conversus
3482 2455 3567 2502 est
3612 2448 3683 2503 ab

2102 2534 2382 2590 Hilarione
2430 2534 2720 2589 monacho.
2765 2534 2901 2589 Nam
2948 2550 3073 2590 cum
3118 2535 3389 2606 Alaphion
3431 2537 3679 2608 ejusdem

2102 2627 2210 2682 vici
2236 2626 2411 2682 incola
2438 2642 2468 2680 a
2494 2626 2764 2683 dtemonio
2787 2635 3115 2694 vexaretur,
3149 2635 3205 2683 et
3248 2628 3420 2685 Judaei
3464 2646 3527 2685 ac
3567 2646 3681 2684 me-

2101 2712 2209 2767 dici
2251 2714 2472 2784 quidam
2512 2728 2709 2770 sanare
2752 2714 2907 2769 illum
2954 2714 3215 2785 aggressi,
3260 2714 3685 2770 incantamentis
3770 2766 3781 2773 .

2100 2804 2216 2859 suis
2255 2804 2394 2859 nihil
2430 2804 2817 2875 profecissent,
2865 2804 3113 2860 Hilarion
3157 2805 3274 2860 solo
3320 2806 3417 2861 Dei
3460 2807 3683 2861 nomine

2100 2900 2355 2956 invocato
2379 2900 2682 2954 daemonem
2704 2898 2931 2969 fugavit.
2961 2897 3080 2965 Quo
3103 2898 3370 2954 miraculo
3416 2900 3679 2970 obstupe-

2098 2990 2275 3046 factus
2297 3007 2431 3045 avus
2454 2990 2766 3055 Sozomeni,
2805 2997 2861 3044 et
2897 2989 3166 3059 Alaphion
3206 2990 3342 3060 ipse,
3387 3005 3511 3044 cum
3561 2993 3683 3046 uni-

2097 3098 2259 3138 versa
2281 3081 2486 3145 familia
2507 3081 2874 3139 Christianam
2900 3081 3220 3151 religionem
3252 3082 3485 3153 amplexi
3533 3092 3678 3138 sunt.

407 3147 741 3204 Novatianos
784 3165 918 3221 ergo
962 3158 1116 3215 extra
1163 3152 1465 3217 Ecclesiam
1488 3154 1681 3209 'fuisse
1727 3157 1991 3226 agnoscit.

2100 3174 2169 3229 Et
2191 3188 2327 3228 avus
2353 3172 2578 3243 quidem
2606 3171 2895 3227 Sozomeni
2920 3172 2976 3225 in
3003 3171 3343 3242 exponendis
3380 3171 3550 3227 sacris
3574 3171 3680 3227 Vo—

409 3238 561 3304 Quod
582 3241 833 3310 profecto
852 3258 1132 3313 nunquam
1158 3244 1390 3310 faceret,
1414 3245 1459 3299 si
1482 3246 1768 3302 Novatiani
1792 3256 1994 3302 sectam

409 3331 691 3400 amplexus
714 3332 928 3389 fuisset.
960 3334 1069 3391 Sed
1095 3342 1153 3390 et
1179 3335 1235 3390 in
1268 3336 1413 3391 libro
1438 3346 1615 3403 sexto,
1639 3339 1817 3407 capite
1842 3338 1913 3393 20
1940 3348 1997 3394 et

407 3420 498 3487 25,
522 3422 856 3481 Novatianos
878 3426 1022 3480 inter
1039 3427 1329 3483 haereticos
1345 3428 1613 3494 nominat,
1630 3445 1755 3484 cum
1776 3430 1996 3487 Arianis

407 3512 640 3579 scilicet,
671 3515 1081 3574 Macedonian‘s
1125 3528 1183 3574 et
1226 3520 1604 3575 Eunomianis.
1645 3521 1893 3591 Denique
1928 3538 1997 3578 ex

406 3607 588 3676 capite
624 3607 690 3662 l9
717 3608 964 3678 ejusdem
1008 3610 1136 3664 .ibri
1170 3621 1358 3681 aperte
1401 3612 1678 3681 colligitur
1714 3613 1994 3669 Socratem

407 3698 772 3754 Novatianum
798 3716 911 3755 non
933 3702 1122 3757 fuisse.
1152 3696 1338 3758 Primo
1362 3703 1511 3759 enim
1544 3704 1846 3759 Ecclesiam
1872 3721 1998 3776 per-

409 3798 576 3860 petuo
612 3792 857 3863 appellat
896 3792 1221 3862 simpliciter
1273 3803 1328 3850 et
1370 3795 1642 3860 absolute,
1694 3796 1995 3852 Ecclesiam

405 3879 815 3936 Catholicorum
838 3897 1159 3952 :opponens
1192 3899 1313 3940 eam
1357 3886 1609 3941 ecclesiis
1650 3886 1879 3942 aliarum
1912 3904 1997 3944 se-

409 3977 649 4037 ctarum,
679 3971 748 4027 de
795 3973 999 4042 quibus
1031 3975 1144 4044 agit
1178 3975 1235 4029 in
1289 3977 1651 4047 sequentibus
1699 3979 1991 4049 capitibus,

406 4061 736 4116 Arianorum
777 4064 1006 4129 scilicet,
1056 4066 1489 4122 Novatianorum
1524 4076 1583 4123 et
1623 4069 1994 4126 Eunomiano-

410 4169 552 4206 rum.
575 4153 784 4210 Deinde
811 4155 1108 4212 consilium
1146 4157 1283 4212 illud
1311 4158 1550 4214 Nectarii
1586 4160 1680 4229 qui
1719 4160 1994 4229 poeniten-

411 4244 634 4299 tiarium
674 4247 1056 4318 presbyterum
1095 4248 1341 4314 sustulit,
1378 4265 1489 4304 non
1530 4250 1763 4306 obscure
1800 4267 1996 4321 repre-

409 4333 622 4389 hendit.
664 4335 757 4391 Ait
792 4338 942 4393 enim
982 4339 1088 4395 hoc
1127 4340 1273 4396 facto
1307 4341 1492 4396 datam
1537 4356 1661 4396 esse
1713 4342 1994 4398 licentiam

409 4428 787 4495 peccantibus,
818 4444 951 4484 cum
995 4446 1160 4486 nemo
1187 4440 1331 4487 esset
1368 4433 1460 4500 qui
1514 4441 1804 4502 peccantes
1841 4449 1996 4489 coar-

2098 3261 2402 3317 luminibus
2424 3261 2702 3327 excelluit,
2727 3277 2853 3315 cum
2892 3270 3038 3317 esset
3075 3261 3309 3332 eleganti
3347 3262 3587 3333 ingenio,
3626 3271 3683 3318 ct

2097 3355 2458 3426 intelligentia
2478 3354 2703 3409 valeret.
2750 3355 2881 3409 Erat
2913 3360 3177 3424 praeterea
3215 3353 3521 3425 disciplinis
3562 3371 3680 3410 me—

2097 3445 2363 3501 diocriter
2405 3445 2675 3503 eruditus.
2729 3445 2920 3515 Itaque
2983 3444 3313 3501 Christianis
3366 3445 3564 3501 Gazam
3627 3456 3684 3502 ct

2096 3538 2422 3595 Ascalonem
2446 3555 2511 3593 ac
2536 3538 2767 3593 finitima
2801 3538 2919 3592 loca
2947 3536 3316 3592 incolentibus
3352 3537 3553 3593 charos
3588 3538 3683 3593 ad—

2096 3630 2322 3686 modum
2351 3630 2476 3695 fuit,
2503 3636 2694 3700 utpote
2732 3629 2884 3683 utilis
2921 3644 2986 3684 ac
3021 3628 3370 3683 necessarius
3407 3629 3678 3699 religioni,

2096 3734 2152 3781 et
2171 3725 2265 3796 qui
2281 3738 2567 3780 sacrorum
2580 3721 2935 3778 Voluminum
2960 3720 3136 3774 nodos
3156 3719 3311 3774 facile
3335 3719 3679 3775 dissolveret.

2097 3816 2420 3887 Alaphionis
2457 3822 2640 3875 autem
2686 3811 2918 3883 posteri,
2946 3811 3237 3889 sanctitate
3280 3811 3405 3865 vitm
3447 3818 3503 3865 et
3550 3826 3682 3883 erga

2096 3924 2367 3979 pauperes
2410 3906 2752 3965 humanitate
2810 3920 2873 3958 ac
2925 3903 3152 3972 reliquis
3214 3903 3512 3959 virtutibus
3567 3919 3682 3974 prae

2097 4001 2311 4055 ueteris
2355 4000 2771 4054 inclaruerunt:
2809 3995 3086 4065 primique
3138 3994 3383 4049 omnium
3421 3995 3682 4051 ecclesias

2096 4096 2152 4143 et
2178 4088 2508 4143 monasteria
2549 4086 2662 4140 illic
2705 4083 3093 4149 condiderunt,
3136 4089 3200 4136 ut
3239 4090 3469 4138 testatur
3516 4084 3682 4139 Sozo-

2096 4191 2293 4231 menus
2320 4176 2377 4229 in
2398 4176 2520 4231 loco
2536 4175 2647 4246 jam
2688 4174 2874 4229 citato.
2914 4171 3019 4227 Ubi
3066 4172 3233 4226 etiam
3276 4172 3432 4230 addit
3470 4189 3537 4229 ex
3577 4175 3677 4230 ista

2096 4268 2416 4340 Alaphionis
2435 4267 2639 4323 familia
2660 4268 2812 4322 viros
2851 4266 3115 4337 quosdam
3160 4272 3379 4321 sanctos
3415 4265 3483 4321 ad
3524 4282 3679 4321 suam

2095 4377 2273 4432 usque
2328 4368 2543 4417 aetatem
2608 4361 2948 4431 pervenisse,
3009 4358 3339 4429 quibuscum
3397 4358 3513 4428 ipse
3579 4359 3678 4413 ad-

2095 4449 2319 4505 modum
2344 4448 2665 4504 adolescens
2685 4457 2938 4503 versatus
2957 4449 3050 4514 sit,
3087 4455 3143 4503 et
3181 4448 3249 4503 de
3290 4446 3491 4518 quibus
3536 4446 3679 4501 infra

406 4525 621 4585 gueret.
650 4518 782 4585 Quae
827 4521 1049 4590 quidem
1087 4524 1357 4577 sententia
1384 4522 1657 4593 proficisci
1682 4540 1791 4579 non
1813 4533 1994 4595 potest

2097 4541 2408 4596 locuturum
2432 4555 2489 4595 se
2512 4556 2632 4595 esse
2666 4540 2974 4609 pollicetur.
3023 4538 3284 4610 lntelligit
3325 4547 3507 4593 autem
3550 4554 3679 4608 pro-

408 4608 480 4662 ab
501 4609 724 4665 homine
760 4611 1087 4677 Novatiano,
1116 4629 1241 4669 cum
1274 4614 1560 4669 Novatiani
1595 4631 1698 4670 nec
1724 4616 1992 4685 paeniten—

410 4702 540 4755 tiam
566 4718 671 4758 nec
702 4705 1084 4776 presbyterum
1113 4707 1582 4777 pcenitentiarium
1622 4696 1863 4779 unquam
1897 4709 1993 4763 ad-

410 4793 682 4860 miserint,
727 4806 791 4851 ut
829 4797 1034 4852 ibidem
1070 4806 1302 4854 testatur
1341 4799 1612 4854 Socrates.
1648 4800 1872 4855 Accedit
1914 4808 1992 4855 te-

407 4884 725 4943 stimonium
761 4888 1035 4943 Theodori
1075 4889 1344 4955 Lectoris,
1374 4882 1467 4960 qui
1492 4891 1546 4944 in
1568 4892 1797 4960 epistola
1825 4907 1988 4961 quam

408 4975 662 5032 Historia:
694 4978 1081 5039 ecclesiastica:
1118 4981 1374 5050 prasfixit.
1421 4983 1703 5038 Socratem
1720 4994 1776 5039 et
1815 4985 1986 5041 Sozo-

406 5082 627 5122 menum
667 5084 734 5124 ac
766 5070 1163 5125 Theodoritum
1202 5073 1398 5144 ἄνδρας
1433 5074 1693 5142 θεοφιλεῖς
1731 5078 1987 5146 appellat,

408 5158 461 5213 id
491 5167 577 5215 est
596 5160 749 5215 viros
770 5162 892 5231 pios
914 5163 1135 5233 Deoque
1163 5173 1437 5233 acceptos.
1462 5167 1634 5220 Porro
1665 5167 1989 5224 Theodorus

354 5236 367 5247 ’
402 5246 604 5305 Lector
644 5251 702 5305 in
745 5252 938 5306 eadem
988 5254 1122 5308 urbe
1159 5264 1215 5309 et
1253 5255 1447 5309 iisdem
1488 5256 1599 5310 fere
1647 5257 1988 5326 temporibus

403 5339 538 5394 vixit
571 5343 776 5412 quibus
821 5343 1094 5410 Socrates,
1134 5346 1422 5401 Anastasio
1460 5348 1667 5402 scilicet
1696 5348 1986 5417 imperium

402 5430 845 5491 administrante.
878 5435 1125 5506 Denique
1165 5438 1363 5492 Petrus
1399 5439 1701 5495 Halloixius
1736 5440 1792 5494 in
1833 5441 1988 5496 Notis

404 5521 473 5576 ad
503 5525 680 5581 Vitam
738 5526 890 5582 beati
932 5527 1144 5593 lrenaei,
1176 5545 1297 5600 pag.
1347 5531 1469 5594 664,
1516 5531 1659 5584 idem
1697 5532 1986 5587 nobiscum

402 5617 582 5670 scatit.
614 5618 919 5688 Disputans
946 5618 1093 5673 enim
1126 5620 1390 5675 adversus
1428 5623 1739 5687 Baronium,
1775 5624 1871 5692 qui
1918 5624 1984 5678 ad

404 5719 604 5762 annum
627 5708 839 5764 Christi
897 5708 1003 5762 159
1048 5710 1124 5764 ita
1176 5712 1505 5781 scripserat:
1554 5714 1676 5767 Ha’c
1742 5714 1982 5771 Socrates

404 5794 757 5868 Novatianus,
799 5818 920 5855 cum
965 5801 1164 5857 Judtcis
1194 5806 1302 5874 ipse
1336 5822 1538 5875 quoque
1566 5808 1832 5860 celebrans
1872 5806 1980 5861 Pa—

2095 4630 2355 4687 culdubio
2404 4630 2770 4697 Salamanem,
2820 4632 3148 4696 Fusconem,
3195 4631 3561 4686 Malchionem
3621 4639 3677 4685 ct

2091 4718 2439 4794 C'rispionem
2480 4723 2701 4789 fratres,
2728 4724 2796 4779 de
2843 4723 3046 4795 quibus
3088 4724 3335 4794 loquitur
3376 4724 3432 4777 in
3477 4724 3573 4778 lib.
3599 4740 3674 4787 vi,

2094 4828 2213 4883 cap.
2241 4813 2328 4867 52.
2365 4813 2456 4868 Ait
2489 4814 2637 4868 enim
2680 4815 2783 4869 hos
2817 4814 3038 4878 fratres,
3082 4815 3138 4870 in
3173 4816 3474 4869 monastica
3506 4814 3673 4869 disci-

2094 4906 2240 4976 plina
2264 4905 2333 4960 ab
2357 4905 2638 4960 Hilarione
2661 4906 2964 4971 institutos,
2988 4906 3231 4961 Valentis
3270 4906 3580 4976 principatu
3618 4905 3676 4960 in

2092 4999 2393 5055 Palaestina:
2431 4997 2783 5055 monasteriis
2825 4998 3124 5053 enituisse:
3174 4997 3450 5053 habitasse
3489 5004 3674 5052 autem

2087 5093 2241 5163 juxta
2266 5090 2602 5155 Bcthelcam,
2629 5090 2724 5160 qui
2760 5089 2915 5145 vicus
2960 5096 3044 5144 est
3076 5089 3131 5143 in
3170 5104 3301 5160 agro
3333 5088 3669 5143 Gazaeorum.

2091 5183 2262 5238 Erant
2285 5182 2430 5237 enim
2458 5182 2624 5236 nobili
2656 5181 2797 5251 apud
2824 5182 2946 5236 illos
2969 5196 3168 5251 genere
3195 5180 3321 5234 orti.
3343 5179 3669 5233 Eorumde

2089 5270 2343 5324 meminit
2387 5269 2444 5322 in
2491 5269 2586 5322 lib.
2616 5285 2728 5333 vm,
2756 5284 2874 5338 cap.
2926 5269 3011 5331 14,
3064 5267 3158 5322 ubi
3208 5266 3547 5336 Crispioncm
3596 5274 3672 5317 a:t

2088 5357 2257 5412 fuisse
2316 5356 2766 5412 archidiaconum
2835 5356 3147 5425 Epiphanii.
3211 5339 3451 5424 Apparet
3504 5352 3669 5421 igitur

2089 5446 2287 5499 fratres
2318 5445 2449 5499 istos
2474 5459 2610 5513 quos
2634 5444 2767 5508 dixi,
2795 5459 2861 5497 ex
2897 5442 3217 5512 Alaphionis
3257 5440 3460 5494 familia
3485 5440 3671 5491 crint.-

2088 5532 2187 5587 dos
2226 5533 2415 5588 fuisse.
2461 5532 2585 5586 Fuit
2610 5540 2790 5585 autem
2829 5531 3057 5600 Alaphio
3101 5528 3507 5600 propinquitate
3546 5528 3673 5596 jun-
3712 5528 3715 5553 τ

2088 5634 2211 5678 etus
2231 5639 2355 5677 cum
2382 5639 2483 5676 avo
2508 5621 2813 5676 Sozomeni.
2844 5622 3010 5689 quue
3046 5636 3113 5673 ex
3152 5634 3218 5671 eo
3244 5616 3495 5687 conjicio,
3524 5616 3667 5684 quod

2089 5727 2222 5765 avus
2250 5709 2537 5765 Sozomcni
2580 5723 2704 5763 cum
2741 5708 2997 5760 universa
3038 5705 3201 5758 domo
3246 5717 3342 5755 sua
3388 5702 3455 5755 ad
3506 5702 3670 5761 fidem

2086 5802 2289 5859 Christi
2317 5817 2617 5857 conversus
2639 5815 2758 5853 esse
2781 5798 2983 5851 dicitur
3007 5797 3075 5849 ob
3113 5794 3488 5849 admirandam
3540 5796 3667 5849 Ala-
