4050 6348
313 437 321 442 ’
364 434 435 489 25
1599 448 2016 506 TESTIMONIA
2055 450 2406 510 VETERUM.
3319 486 3323 490 η
3535 453 3602 507 ’25

363 550 584 621 phionis
621 557 983 624 curationem,
1022 577 1183 630 quem
1230 561 1471 616 Hilarion
1518 561 1634 615 solo
1681 560 1932 629 omnipo-
1962 565 2006 617 A
2038 563 2218 617 storia
2244 565 2436 630 libros,
2463 565 2758 635 scripserat
2783 565 3116 623 Sozomenus
3153 567 3491 622 Breviarium
3517 585 3603 622 re-

363 643 528 698 tentis
569 644 664 699 Dei
701 649 922 704 nomine
969 651 1220 704 invocato
1267 657 1572 705 sanaverat.
1625 651 1830 705 Deinde
1865 666 1932 705 ex

357 748 426 786 eo
446 733 593 803 quod
616 737 809 791 scribit
834 738 1185 805 Sozomcnus,
1211 755 1268 794 se
1293 739 1587 794 admodum
1611 740 1929 796 adolescen-

2034 669 2157 706 rum
2182 657 2699 722 ecclesiasticarum,
2724 659 2792 712 ab
2829 674 3055 714 ascensu
3088 659 3293 714 Christi
3331 675 3502 728 usque
3534 660 3604 714 ad

2030 746 2531 800 exauctorationem
2554 746 2774 802 Licinii.
2808 746 2963 812 Quod
3007 763 3146 818 opus
3185 747 3403 802 duobus
3447 748 3603 802 libris

358 831 468 877 tem
512 839 638 879 cum
681 829 986 896 grandavis
1039 830 1320 884 monachis
1374 832 1470 900 qui
1515 840 1670 886 erant
1727 847 1795 886 ex
1840 846 1932 902 ge-
2031 837 2491 904 comprehensum
2516 847 2656 903 erat,
2694 846 2756 892 ut
2797 838 2914 908 ipse
2958 846 3186 893 testatur
3231 838 3288 892 in
3334 838 3603 908 prooemio

357 929 493 968 nere
531 914 853 986 Alaphionis
897 919 1061 983 illius,
1095 919 1439 976 familiariter
1477 937 1596 977 esse
1627 931 1923 977 versatum.

355 1002 659 1070 Postremo,
687 1021 755 1061 ex
779 1022 845 1061 eo
867 1009 1012 1076 quod
1045 1009 1378 1068 Sozomenus
1409 1013 1479 1067 ab
1518 1013 1637 1068 istis
1673 1012 1927 1082 Alapliio-

353 1093 440 1146 nis
461 1095 545 1148 vel
572 1095 699 1150 filiis
721 1097 806 1152 vel
840 1101 1153 1168 nepotibus,
1188 1118 1388 1159 nomen
1421 1105 1650 1174 accepit.
1700 1103 1927 1157 Diceba-

355 1189 445 1235 tur
467 1185 614 1238 enim
639 1185 954 1243 Salamanes
976 1189 1227 1247 Hermias
1265 1192 1621 1258 Sozomenus,
1661 1191 1925 1263 quemad-

353 1269 573 1323 modum
602 1279 832 1329 testatur
857 1275 1083 1332 Pbotius
1117 1279 1174 1332 in
1210 1279 1567 1345 Bibliotheca,
1603 1296 1671 1334 ex
1703 1278 1923 1334 nomine

353 1358 659 1418 Salamanis
678 1363 832 1420 illius.
846 1383 1010 1436 quem
1032 1370 1316 1438 Fusconis,
1343 1373 1664 1428 Malchionis
1687 1379 1743 1427 et
1778 1371 1925 1426 Cris-

349 1440 532 1507 pionis
586 1443 816 1502 fratrem
858 1448 1027 1505 fuisse
1073 1454 1328 1522 superius
1375 1454 1682 1509 observavi.
1745 1453 1922 1520 Quare

349 1533 735 1593 emendandus.
760 1546 846 1594 est
889 1556 1047 1596 error
1090 1544 1386 1614 Nicephori
1424 1553 1480 1600 et
1525 1546 1779 1609 aliorum,
1827 1545 1920 1614 qui

349 1620 715 1682 Sozomenum
760 1628 1040 1686 Salaminii
1085 1649 1387 1705 cognomen
1431 1636 1689 1690 habuisse
1732 1635 1921 1690 existi-

2027 926 2156 980 libri
2184 926 2367 997 primi.
2395 929 2597 984 Verum
2621 929 2678 982 hi
2701 929 2810 984 duo
2851 929 2980 983 libri
3019 929 3414 999 longinquitate
3461 937 3600 983 tem-

2028 1018 2180 1085 poris
2223 1019 2642 1073 interciderunt.
2689 1019 2750 1072 In
2794 1018 3085 1073 scribenda
3125 1027 3307 1073 autem
3365 1018 3601 1072 Historia

2027 1123 2161 1162 usus
2185 1117 2269 1163 est
2301 1108 2634 1165 Sozomenus
2656 1110 2816 1180 style,
2855 1124 2958 1164 nec
2983 1109 3244 1178 depresso
3288 1109 3454 1163 nimis
3497 1123 3600 1163 nec

2027 1200 2264 1269 turgido,
2311 1200 2406 1255 sed
2449 1203 2543 1271 qui
2584 1203 2728 1256 inter
2769 1208 3065 1270 utrumque
3101 1201 3314 1256 medius
3372 1201 3594 1257 incedit.

1977 1310 1992 1320 -
2023 1288 2128 1355 Qui
2152 1290 2373 1359 quidem
2410 1292 2582 1362 stylus
2615 1291 3112 1346 ecclesiasticarum
3139 1307 3322 1347 rerum
3346 1292 3596 1362 scriptori

2024 1380 2227 1448 optime
2252 1381 2528 1435 convenit.
2558 1381 2625 1435 Et
2646 1381 2876 1435 Photius
2898 1380 3120 1450 quidem
3145 1381 3202 1434 in
3239 1380 3595 1442 Bibliotheca,

2024 1471 2315 1526 dictionem
2341 1471 2626 1527 Sozomeni
2659 1472 2880 1543 prafert
2922 1472 3150 1527 dictioni
3192 1470 3448 1526 Socratis.
3495 1470 3601 1525 Cui

1997 1557 2124 1616 nos
2143 1561 2379 1616 libenter
2405 1563 2734 1618 accedimus.
2763 1562 2868 1618 Sed
2894 1571 3159 1633 quantum
3192 1561 3452 1616 dictionis
3489 1562 3596 1615 ele-

2023 1653 2203 1720 gantia
2229 1652 2401 1708 vincit
2440 1653 2793 1719 Sozomenus,
2836 1662 3048 1708 tantum
3094 1653 3348 1708 Socrates
3390 1652 3597 1722 judicio

347 1723 521 1814 mant,
560 1728 853 1814 propterea
899 1727 1046 1795 quod
1088 1743 1157 1783 ex
1197 1730 1398 1799 oppido
1441 1730 1605 1802 Cypri
1650 1729 1918 1786 Salamine

2023 1743 2212 1797 vincit.
2259 1743 2394 1799 Nam
2437 1743 2692 1800 Socrates
2716 1745 2938 1814 quidem
2999 1753 3114 1798 tum
3161 1745 3228 1798 de
3283 1744 3436 1806 viris,
3479 1750 3594 1797 tum

349 1805 620 1876 originem
657 1811 905 1869 duceret.
944 1817 1109 1886 Atqui
1145 1835 1253 1874 non
1285 1819 1566 1890 Cyprium,
1609 1822 1708 1876 sed
1750 1821 1918 1876 Pela-

350 1896 554 1951 stinum
577 1899 746 1958 fuisse
770 1903 1131 1963 Sozomenum
1156 1925 1318 1980 supra
1339 1928 1407 1966 ex
1436 1912 1609 1982 ipsius
1634 1913 1920 1968 Sozomeni

351 1989 661 2047 testimonio
686 1993 1076 2053 demonstravi.
1100 2000 1220 2055 Non
1245 2001 1392 2056 enim
1415 2002 1592 2057 solum
1615 2019 1751 2059 avus
1774 2003 1922 2058 illius

349 2075 667 2136 Palastinus
693 2082 814 2150 fuit,
842 2093 905 2140 ut
926 2087 1181 2156 superius
1203 2088 1409 2144 dictum
1420 2098 1525 2154 est,
1545 2106 1736 2145 verum
1755 2092 1919 2146 etiam

347 2163 684 2225 Sozomenus
710 2172 824 2242 ipse
860 2174 1128 2231 educatus
1158 2185 1242 2232 est
1264 2179 1318 2232 in
1363 2180 1669 2245 Palaestina,
1699 2183 1754 2235 in
1798 2197 1922 2251 gre-

348 2259 478 2324 mio,
504 2268 564 2316 ut
586 2263 659 2318 ita
683 2264 938 2332 dixerim,
975 2271 1368 2325 monachorum
1407 2273 1620 2327 illorum
1644 2275 1739 2344 qui
1760 2282 1919 2330 erant

346 2360 416 2401 ex
456 2348 779 2420 Alaphionis
816 2355 1043 2412 familia.
1088 2358 1205 2425 Qua
1237 2361 1458 2430 quidem
1487 2379 1555 2418 ex
1593 2365 1918 2420 educatione

345 2436 594 2496 hausisse
639 2444 775 2500 mihi
821 2447 1041 2503 videtur
1086 2449 1421 2507 Sozomenus
1470 2454 1918 2526 ardentissimum

345 2527 498 2582 illum
522 2545 765 2589 amorem
791 2539 1104 2595 monastica
1124 2541 1248 2596 vita
1287 2557 1351 2598 ac
1387 2543 1709 2615 disciplina,
1753 2561 1917 2616 quem

347 2620 549 2686 passim
571 2622 628 2677 in
653 2624 894 2683 Historia
936 2644 1034 2685 sua
1077 2632 1319 2701 prafert.
1366 2635 1506 2690 Hinc
1543 2643 1628 2690 est
1667 2637 1814 2706 quod
1860 2637 1916 2692 in

345 2710 504 2767 libris
528 2714 1086 2790 suisvhaudquaquam
1107 2731 1398 2780 contentus
1418 2725 1522 2780 fuit
1553 2726 1762 2782 referre
1791 2729 1916 2797 qui-

346 2815 471 2888 nam
494 2809 679 2870 patres
697 2813 862 2880 atque
894 2817 1147 2867 auctores
1177 2812 1413 2868 fuissent
1446 2816 1762 2872 monastica
1795 2817 1916 2888 phi-

345 2887 642 2960 losophiae:
658 2911 852 2952 verum
878 2899 1043 2954 etiam
1066 2915 1414 2960 successores
1435 2921 1626 2961 eorum
1651 2923 1716 2962 ac
1748 2908 1918 2964 disci-

345 2981 505 3048 pulos
529 2985 773 3044 studiose
795 2995 1271 3061 commemoravit,
1289 3004 1404 3051 tum
1439 2999 1533 3067 qui
1571 2999 1628 3053 in
1663 2998 1914 3072 Egypto,

333 3069 402 3126 'et
427 3072 583 3144 Syria
618 3093 683 3134 ac
718 3080 1025 3149 Palastina,
1050 3093 1173 3142 tum.
1205 3088 1300 3159 qui
1336 3088 1393 3144 in
1433 3090 1630 3157 Ponto,
1659 3069 1918 3149 Armenia

343 3169 509 3232 atque
532 3163 813 3226 Osdroena
832 3171 938 3227 hoc
959 3175 1085 3230 vita
1121 3192 1294 3247 genus
1341 3181 1727 3236 exeoluissent.
1775 3181 1916 3238 Hinc

341 3258 429 3304 est
453 3254 598 3322 quod
625 3255 682 3311 in
704 3260 883 3328 primo
906 3261 1160 3319 Historia
1201 3266 1364 3331 libro,
1385 3283 1506 3336 cap.
1533 3269 1628 3331 42,
1657 3269 1914 3324 ambitio-

342 3355 466 3429 sum
496 3346 630 3402 illud
651 3349 888 3420 elogium
910 3356 1225 3410 monastica
1257 3357 1632 3428 philosophia,
1659 3366 1916 3429 tanquam

344 3428 402 3482 in
424 3432 696 3510 vestibulo
713 3434 1002 3505 legendum
1039 3442 1342 3510 proposuit.
1383 3442 1594 3513 Quippe
1643 3428 1916 3514 ingratum

343 3533 404 3572 se
428 3518 545 3575 fore
571 3524 922 3592 existimavit,
951 3527 1056 3584 nisi
1080 3530 1166 3584 his
1192 3531 1246 3585 in
1277 3546 1514 3600 quorum
1553 3536 1917 3592 contubernio

344 3607 577 3675 vixerat,
605 3619 662 3666 et
684 3629 715 3668 a
737 3615 1095 3684 quibus,tam'
1125 3621 1388 3688 praclara
1427 3622 1586 3678 bona
1627 3639 1918 3681 conversa—

343 3699 512 3756 tionis
553 3705 800 3775 exempla
841 3717 1126 3778 acceperat
1179 3711 1522 3781 adolescens,
1567 3716 1673 3771 hoc
1724 3719 1916 3772 saltem

345 3791 511 3848 modo
553 3795 786 3865 gratiam
824 3797 1074 3854 referret.
1125 3801 1184 3857 ld
1230 3802 1377 3858 enim
1421 3805 1538 3876 ipse
1595 3806 1802 3863 indicat
1861 3810 1916 3864 in

344 3885 614 3952 procemio
638 3887 766 3942 libri
797 3890 1290 3960 primi.fCaterum
1327 3912 1438 3951 non
1481 3913 1550 3953 ex
1596 3899 1700 3955 hoc
1741 3900 1916 3955 solum

345 3973 466 4030 loco
489 3992 652 4047 quem
677 3981 812 4049 dixi,
849 3982 1214 4041 Sozomenum
1260 3987 1417 4044 Gaza
1455 3990 1750 4046 educatum
1795 4007 1917 4048 esse

345 4069 638 4140 colligitur,
663 4075 758 4130 sed
784 4076 950 4132 etiam
975 4092 1044 4132 ex
1065 4077 1172 4135 fine
1202 4079 1330 4135 libri
1373 4082 1573 4148 octavi,
1621 4083 1712 4137 ubi
1755 4082 1918 4139 Sozo-

346 4174 542 4217 menus
562 4164 718 4220 aitse
741 4167 944 4223 vidisse
981 4169 1255 4226 Zenonem
1295 4173 1612 4244 episcopum
1649 4174 1912 4232 Maiuma.

347 4250 634 4332 Estautein
651 4256 1088 4316 Maiumanavale
1111 4261 1446 4319 Gazaorum.
1469 4265 1570 4332 Qui
1597 4267 1726 4321 licet
1746 4283 1918 4323 annos

346 4353 510 4401 natus
529 4355 675 4402 esset
699 4353 1093 4420 propemodum
1117 4363 1360 4420 centum,
1380 4372 1409 4410 a
1434 4359 1718 4413 matutinis
1737 4367 1915 4415 tamen

345 4450 412 4492 ac
436 4441 1004 4514 vespertinisliymnis
1025 4461 1305 4515 nunquam
1327 4447 1597 4513 abfuerat,
1634 4451 1739 4505 nisi
1777 4451 1916 4506 forte

2023 1832 2091 1889 de
2137 1835 2304 1891 rebus
2339 1851 2405 1891 ac
2439 1837 2672 1906 negotiis
2711 1836 3101 1892 ecclesiasticis
3138 1836 3342 1906 Optime
3362 1834 3590 1906 judicat.

2022 1923 2170 1980 Nihil
2235 1933 2321 1980 est
2381 1926 2442 1980 in
2498 1926 2591 1980 illo
2652 1925 2754 1981 nisi
2812 1943 2975 1997 grave
3033 1943 3096 1982 ac
3176 1927 3401 1981 serium.
3446 1925 3592 1982 Nihil

2021 2016 2169 2085 quod
2197 2025 2455 2086 tanquam
2501 2018 2839 2087 superﬂuum
2879 2019 3054 2088 possis
3087 2032 3418 2088 expungere.
3447 2015 3592 2071 Con-

2021 2113 2103 2161 tra
2127 2121 2259 2161 vero
2282 2105 2339 2159 in
2371 2104 2675 2160 Sozomeno
2715 2107 2964 2177 quadam
3005 2114 3305 2162 occurrunt
3344 2105 3485 2160 levia
3530 2121 3593 2159 ac

2020 2196 2272 2266 puerilia.
2298 2195 2614 2267 Cujusmodi
2637 2205 2722 2251 est
2745 2198 2798 2251 in
2823 2198 2966 2253 libro
2995 2197 3174 2267 primo
3210 2210 3468 2251 excessus
3503 2195 3597 2248 ille

2020 2286 2088 2341 de
2111 2286 2336 2341 conditu
2375 2287 2528 2342 urbis
2571 2287 2849 2353 Hemona,
2892 2295 2950 2344 et
2993 2287 3062 2342 de
3101 2285 3452 2356 Argonautis,
3495 2286 3588 2364 qui

2018 2390 2214 2430 navem
2237 2375 2384 2446 Argo
2413 2376 2659 2430 humeris
2699 2375 2814 2430 suis
2850 2391 2951 2446 per
2986 2377 3192 2445 aliquot
3215 2375 3386 2429 stadia
3411 2381 3590 2427 trans-

2017 2473 2325 2534 portarunt.
2349 2466 2484 2520 Item
2523 2465 2822 2536 descriptio
2865 2467 2956 2520 illa
2997 2466 3354 2536 Daplinensis.
3390 2463 3591 2519 subur-

2018 2553 2169 2621 bani,
2205 2571 2324 2625 qua
2360 2555 2594 2610 habetur
2636 2555 2694 2610 in
2717 2555 2861 2610 libro
2900 2556 3114 2624 quinto,
3155 2569 3278 2624 pag.
3303 2553 3426 2609 209.
3456 2554 3590 2608 Item

2018 2645 2331 2702 observatio
2354 2647 2445 2704 illa
2467 2647 2536 2703 de
2569 2645 2980 2717 pulchritudine
3023 2644 3292 2715 corporis,
3343 2645 3435 2699 ubi
3482 2646 3594 2715 agit

2019 2740 2087 2795 de
2108 2739 2320 2811 virgine
2342 2740 2431 2795 illa
2458 2740 2600 2811 apud
2624 2754 2786 2810 quam
2813 2739 2906 2794 diu
2941 2738 3176 2793 latitavit
3209 2737 3402 2792 beatus
3425 2736 3594 2791 Atha-

2017 2829 2224 2887 nasiuc.
2264 2829 2511 2900 Denique
2534 2829 2676 2884 liber
2711 2843 2890 2884 nonus
2911 2828 3052 2883 nihil
3073 2827 3186 2883 fere
3221 2825 3372 2881 aliud
3411 2827 3589 2881 conti-

2017 2927 2116 2975 net
2143 2935 2307 2990 quam
2345 2928 2578 2976 eventus
2612 2920 2862 2985 bellicos,
2902 2919 3104 2990 quibus
3132 2919 3269 2974 nihil
3300 2931 3594 2974 commune

2017 3019 2102 3067 est
2121 3026 2248 3067 cum
2270 3011 2510 3068 Historia
2531 3012 2922 3068 ecclesiastica.
2951 3010 3058 3066 Sed
3080 3019 3139 3066 et
3157 3011 3326 3066 dictio
3352 3010 3466 3080 ipsa
3493 3007 3593 3063 So-

2019 3103 2254 3169 zomeni,
2271 3119 2434 3174 quam
2447 3104 2674 3159 Photius
2685 3103 2912 3158 dictioni
2935 3101 3177 3157 Socratis
3190 3099 3490 3170 anteponit,
3504 3099 3589 3152 vi—

1942 3209 1988 3269 c
2018 3195 2110 3249 tiis
2131 3195 2247 3249 suis
2266 3209 2378 3249 non
2403 3201 2574 3249 caret.
2599 3193 2896 3249 Observavi
2934 3193 3081 3246 enim
3122 3191 3378 3260 periodos
3411 3206 3441 3244 a
3487 3190 3588 3243 So—

2020 3298 2249 3338 zomeno
2271 3299 2382 3337 non
2405 3284 2566 3338 aliter
2589 3283 2733 3338 inter
2756 3297 2814 3336 se
2838 3281 3091 3336 conneeti
3123 3295 3286 3350 quam
3325 3295 3426 3348 per
3461 3293 3588 3348 par-

2019 3373 2214 3427 ticulas
2255 3373 2382 3426 illas
2413 3372 2470 3425 δέ
2509 3380 2564 3426 et
2606 3371 2686 3436 τέ,
2731 3371 2931 3441 quibus
2972 3370 3111 3424 nihil
3155 3378 3241 3424 est
3282 3368 3586 3423 molestius.

2017 3464 2174 3530 Quod
2205 3465 2251 3520 si
2275 3465 2413 3534 'quis
2452 3464 2737 3535 epistolam
2778 3463 2924 3518 illam
2958 3461 3221 3517 attentius
3258 3460 3452 3531 legerit
3481 3476 3589 3530 qua

2021 3556 2355 3612 Sozomenus
2402 3570 2540 3625 opus
2577 3569 2737 3610 suum
2765 3552 2977 3610 Juniori
3028 3551 3337 3608 Theodosio
3371 3565 3592 3606 nuncu-

2019 3647 2188 3717 pavit,
2213 3647 2457 3701 inveniet
2476 3645 2721 3716 profecto
2756 3645 2810 3700 id
2854 3643 2998 3715 quod
3048 3644 3180 3709 dixi,
3228 3643 3587 3698 Sozomenum

2018 3753 2129 3793 non
2151 3752 2409 3809 magnum
2430 3745 2706 3792 oratorem
2733 3737 2920 3792 fuisse.
2960 3737 3222 3807 Superest
3243 3745 3305 3791 ut
3342 3737 3588 3806 inquira-

2019 3844 2143 3883 mus
2165 3837 2288 3884 uter
2314 3828 2530 3884 illorum
2557 3828 2708 3898 prior
2733 3828 3035 3898 scripserit,
3059 3835 3116 3882 et
3141 3823 3261 3882 u‘ter
3303 3825 3370 3880 ab
3415 3825 3590 3878 altero

2021 3927 2322 3984 mutuatus,
2351 3933 2448 3973 seu
2471 3919 2656 3989 potius
2687 3917 2901 3972 furatus
2923 3918 3011 3972 sit.
3059 3916 3219 3972 Certe
3260 3930 3385 3970 cum
3427 3913 3590 3969 ambo

2020 4009 2088 4063 de
2110 4008 2304 4063 iisdem
2331 4009 2493 4063 rebus
2510 4023 2650 4078 pene
2685 4008 2886 4064 eadem
2933 4008 3272 4078 scripserint,
3317 4005 3478 4061 ambo
3519 4005 3588 4059 ab

2017 4099 2210 4155 eodem
2235 4099 2506 4170 principio
2544 4100 2723 4156 exorsi
2767 4100 2836 4155 ad
2883 4099 3128 4155 eamdem
3174 4106 3374 4153 metam
3418 4098 3588 4152 decu—

2019 4191 2313 4255 currerint,
2343 4206 2375 4246 a
2409 4192 2722 4262 principatu
2750 4191 2961 4247 scilicet
2997 4191 3343 4247 Constantini
3391 4190 3458 4245 ad
3485 4205 3588 4243 xvii

2020 4282 2364 4336 consulatum
2387 4281 2682 4337 Theodosii
2704 4283 2970 4346 J-unioris,
3000 4298 3228 4352 prorsus
3253 4295 3478 4336 necesse
3505 4289 3590 4334 est

2020 4380 2082 4426 ut
2105 4372 2243 4427 alter
2265 4372 2496 4428 alterius
2543 4373 2745 4427 scrinia
2785 4359 3178 4442 compilaverit.
3220 4370 3374 4437 Quod
3418 4385 3590 4440 genus

2020 4463 2181 4532 plagii
2227 4479 2256 4516 a
2314 4462 2501 4517 multis
2564 4462 2768 4518 Gracis
2817 4463 3176 4532 scriptoribus
3237 4460 3587 4515 commissum

345 4527 575 4583 morbus
616 4530 796 4599 ipsum
839 4530 1182 4588 detinuisset.
1229 4535 1357 4589 Post
1412 4537 1529 4592 hac
1585 4537 1918 4596 Sozomenus

2020 4527 2187 4606 fuisse
2214 4559 2445 4605 testatur
2470 4551 2808 4621 Porphyrius
2823 4527 2964 4619 apud
2987 4551 3282 4605 Eusebium
3300 4551 3356 4604 in
3387 4551 3527 4603 libro
3557 4564 3589 4601 x

346 4619 696 4676 causidicina
710 4637 934 4692 operam
961 4623 1131 4678 dedit.
1151 4625 1218 4679 Et
1235 4626 1326 4696 jus
1345 4627 1567 4696 quidem
1587 4630 1745 4684 civile
1771 4631 1915 4685 didi-

347 4709 422 4762 cit
462 4709 666 4782 Beryti,
694 4728 816 4782 qua
856 4713 992 4768 urbs
1037 4723 1120 4770 est
1165 4716 1474 4784 Phoenices,
1523 4719 1670 4775 haud
1725 4723 1916 4791 procul

346 4798 557 4854 distans
578 4816 608 4854 a
632 4802 809 4870 patria
835 4802 1158 4871 Sozomeni;
1188 4805 1245 4860 in
1268 4822 1374 4876 qua
1397 4809 1633 4864 celebris
1671 4820 1790 4864 erat
1823 4813 1915 4882 ju-

347 4885 731 4957 risprudentia
755 4891 958 4946 schola.
995 4892 1200 4948 Causas
1239 4903 1419 4950 autem
1460 4897 1572 4968 egit
1601 4898 1915 4954 Constanti-

345 4978 552 5046 nopoli,
577 4980 1035 5048 quemadmodum
1062 4983 1178 5053 ipse
1203 4992 1433 5040 testatur
1455 4987 1509 5040 in
1536 4988 1680 5042 libro
1703 5006 1761 5054 ιι,
1795 5007 1911 5060 cap.

347 5067 400 5121 ὅ.
442 5068 554 5124 Nec
595 5078 776 5126 tamen
826 5073 980 5128 valde
1021 5085 1320 5146 occupatus
1365 5077 1533 5134 fuisse
1588 5079 1806 5135 videtur
1859 5083 1914 5136 in

349 5155 529 5214 causis
550 5162 792 5231 agendis.
818 5161 1030 5219 Etenim
1056 5183 1123 5222 eo
1164 5169 1281 5238 ipso
1315 5179 1556 5240 tempore
1597 5188 1711 5243 quo
1753 5173 1916 5228 advo-

349 5258 504 5305 catus
547 5260 666 5306 erat
707 5253 1198 5326 Constantinopoli,
1246 5261 1670 5317 ecclesiasticam
1732 5264 1915 5320 Histo-

350 5341 487 5395 riam
511 5345 860 5414 conscripsit,
889 5357 949 5400 ut
969 5364 1037 5404 ex
1058 5349 1230 5420 ipsius
1251 5352 1436 5406 verbis
1474 5353 1602 5409 licet
1641 5356 1912 5426 colligere.

350 5432 442 5488 Sic
462 5435 611 5488 enim
634 5435 711 5489 ait
737 5436 791 5490 in
815 5453 936 5508 pag.
963 5438 1032 5492 48
1071 5439 1236 5510 hujus
1274 5442 1532 5497 editionis
1561 5462 1573 5496 :
1624 5444 1753 5510 Quae
1799 5464 1916 5501 vero

350 5525 630 5578 acciderint
668 5525 937 5596 Aquilino,
971 5529 1082 5582 viro
1120 5532 1211 5601 qui
1253 5532 1504 5602 hodieque
1559 5552 1758 5590 mecum
1810 5554 1916 5590 una

351 5624 609 5680 uersatur,
640 5619 767 5671 etin
789 5619 968 5672 eodem
1002 5619 1114 5690 foro
1136 5623 1512 5676 causidicinam
1543 5635 1764 5690 exercet,
1797 5646 1919 5698 par-

353 5706 446 5758 tim
467 5715 522 5759 ut
544 5709 608 5762 ab
626 5709 737 5778 ipso
761 5709 959 5775 audiri,
989 5711 1185 5780 partim
1220 5721 1274 5766 ut
1312 5715 1418 5783 ipse
1462 5719 1724 5786 conspexi;
1748 5720 1917 5773 dicam

355 5801 661 5853 necessario.
687 5801 858 5857 Porro
884 5811 1006 5857 ante
1046 5803 1144 5859 hos
1178 5820 1371 5858 novem
1414 5807 1792 5865 ecclesiasticae
1831 5813 1920 5867 lli—

2021 4643 2435 4712 Praparationis
2459 4642 2803 4712 evangelica.
2829 4642 3028 4696 Verum
3047 4651 3171 4696 uter
3187 4642 3480 4712 plagiarius
3498 4641 3587 4705 sit,

2020 4730 2339 4788 Socratesne
2362 4749 2433 4787 an
2459 4732 2813 4797 Sozomenus,
2839 4732 3055 4787 difﬁcile
3089 4741 3174 4787 est
3212 4733 3418 4797 dicere,
3462 4748 3588 4787 cum

2019 4825 2180 4877 ambo
2207 4823 2398 4878 iisdem
2422 4824 2763 4894 temporibus
2795 4824 3051 4888 vixerint,
3089 4825 3250 4878 ambo
3281 4824 3585 4896 principatu

2019 4913 2313 4968 Theodosii
2335 4899 2581 4969 Junioris
2607 4914 2898 4969 Historiam
2920 4929 3074 4975 suam
3098 4916 3440 4986 scripserint.
3476 4916 3586 4970 Ita—

2017 5019 2123 5074 que
2150 5005 2202 5058 in
2227 5004 2392 5074 hujus
2416 5004 2733 5074 quaestionis
2764 5005 3164 5075 disceptatione
3199 5007 3463 5060 utendum
3503 5014 3587 5061 est

2018 5099 2353 5168 conjectura.
2381 5097 2469 5151 Sic
2491 5097 2828 5168 Porphyrius
2849 5099 3060 5152 inlibro
3079 5115 3245 5169 supra
3263 5109 3582 5160 memorato,

2019 5202 2140 5240 cum
2157 5187 2426 5241 incertum
2445 5197 2590 5242 esset
2611 5196 2794 5241 utrum
2809 5189 3110 5260 Hyperides
3123 5207 3189 5246 ex
3203 5192 3581 5251 Demosthene,

2019 5293 2087 5331 an
2112 5280 2506 5334 Demosthenes
2529 5295 2594 5333 ex
2620 5279 2890 5349 Hyperide
2913 5281 3129 5337 furatus
3151 5291 3315 5346 esset,
3333 5290 3584 5351 propter-

2017 5383 2080 5422 ea
2107 5367 2253 5437 quod
2280 5369 2440 5422 ambo
2469 5368 2661 5422 eodem
2689 5378 2931 5439 tempore
2968 5373 3250 5436 vixissent,
3275 5373 3584 5440 conjectura

2022 5458 2284 5512 utendum
2311 5473 2432 5512 esse
2457 5459 2849 5527 pronuntiavit.
2878 5461 3174 5516 Videamus
3192 5475 3322 5530 ergo
3347 5461 3400 5513 in
3425 5476 3586 5528 quem

2021 5547 2178 5602 cadat
2216 5547 2456 5616 suspicio
2499 5548 2651 5602 furti.
2695 5549 2960 5619 Equidem
3009 5555 3088 5607 sic
3130 5551 3401 5611 existimo,
3453 5549 3588 5602 infe—

2024 5638 2223 5690 riorcm
2256 5637 2575 5706 plerumque
2611 5637 2781 5692 furari
2808 5655 2838 5692 a
2880 5641 3280 5707 praestantiore,
3313 5649 3368 5693 et
3399 5639 3584 5708 junio-

2023 5743 2136 5780 rem
2158 5742 2187 5780 a
2215 5729 2444 5781 seniore.
2473 5727 2635 5798 Atqui
2661 5729 2994 5784 Sozomenus
3032 5744 3154 5783 meo
3196 5729 3413 5797 quidem
3443 5729 3587 5798 judi-

2024 5816 2108 5870 cio
2147 5815 2302 5886 longe
2333 5817 2554 5873 inferior
2589 5828 2670 5874 est
2708 5820 2971 5873 Socrate:
3017 5819 3200 5889 junior
3247 5820 3377 5874 item
3425 5833 3584 5889 quam
