4050 6348
265 295 338 353 33
1268 289 1590 346 HISTORIA
1634 293 2182 349 ECCLESIASTICA.
2228 326 2296 333 —
2339 295 2467 350 LIB.
2509 296 2548 348 1.
3457 295 3532 351 38

1167 455 1278 459 -M
1299 455 1510 462 .ﬂ—-
1519 457 1558 461 ε.

601 586 984 672 ΤΟΜΟΣ
1042 584 1512 670 ΠΡΩΤΟΣ.

812 763 1207 816 ΚΕΦΑΛΑῘΟΝ
1235 765 1308 818 Λ’.

547 453 926 462 ___.___.——-—.———

648 875 716 928 Τὸ
749 875 852 927 τοῦ
879 877 1126 938 ,ϐιϐλίου
1158 877 1487 947 προοίμιον.

2270 581 2626 668 LIBER
2718 583 3205 670 PRIMUS.

2460 760 2683 814 CAPUT
2735 761 3015 816 PRIMUM.

2378 874 2700 927 Proa’mium
2747 875 2902 926 totius
2951 873 3088 926 libri.

338 966 597 1028 Εὐσέϐιος
647 971 675 1020 ὁ
708 967 996 1036 Παμφίλου
1059 968 1116 1018 ὲν
1163 967 1301 1030 ὅλοις
1330 968 1462 1021 δέκα
1498 967 1721 1038 βιϐλίοις
1753 970 1830 1041 τὴι

2013 967 2148 1038 1-5
2190 966 2461 1020 Eusebius
2507 966 2775 1035 Pamphili
2824 980 2912 1017 res
2963 964 3018 1017 in
3063 964 3304 1019 Ecclesm
3349 971 3526 1033 gestas

268 1058 616 1126 ἑκκλησιαστι
645 1057 730 1126 ιὴν
769 1057 1008 1128 ἱστορίαν
1047 1056 1358 1128 ἐκθέμενος,
1400 1059 1745 1113 κατέπαυσεν
1772 1062 1852 1124 είς

267 1151 388 1211 τοὺς
421 1151 651 1219 χρόνοις
677 1149 769 1202 τοῦ
807 1150 1070 1220 βασιλέως
1097 1151 1530 1217 Κωνσταντίνου,
1562 1150 1620 1213 ἐν
1646 1147 1727 1214 οἷς
1761 1153 1851 1205 καὶ

268 1243 474 1311 ὸηπαρὰ
507 1241 601 1294 τοῦ
635 1241 1021 1310 Διοκλητιανοῦ
1073 1244 1212 1294 κατὰ
1245 1241 1586 1312 Χριστιανῶν
1625 1243 1854 1312 γενόμε-

266 1348 351 1392 νος
377 1331 615 1402 διωγμὸς
643 1331 718 1401 (1)
749 1332 1122 1387 ἀπεπαύσατο.
1153 1333 1381 1403 Γράφων
1424 1333 1480 1385 δὲ
1511 1335 1540 1385 ὁ
1564 1333 1726 1396 αὐτὸς
1771 1335 1850 1397 είς

267 1423 356 1476 τὸν
379 1424 491 1492 βίον
531 1424 967 1489 Κωνσταντίνου,
997 1424 1105 1477 τῶν
1127 1425 1245 1477 κατ’
1270 1426 1486 1494 Ἀρειον
1512 1425 1752 1496 μερικῶς
1771 1425 1848 1494 (2)

271 1513 489 1582 μνήμην
535 1513 855 1582 πεποίηται,
890 1514 999 1566 τῶν
1034 1512 1269 1566 ἐπαίνων
1303 1513 1396 1566 τοῦ
1439 1514 1721 1587 βασιλέως,
1755 1515 1848 1567 καὶ

266 1602 359 1672 τῆς
398 1607 783 1675 πανηγυρικῆς
810 1605 1112 1674 ὑψηγορίας
1139 1604 1248 1658 τῶν
1281 1606 1455 1673 λόγων
1504 1605 1723 1676 μᾶλλον,
1771 1605 1849 1667 ὡς

264 1695 321 1746 ὲν
354 1695 617 1766 ἐγκωμίῳ
642 1696 953 1765 φροντίσας,
990 1697 1023 1767 ἢ
1060 1697 1186 1768 περὶ
1221 1697 1313 1751 τοῦ
1343 1697 1588 1768 ἀκριϐῶς
1619 1697 1846 1768 περιλα-

181 1773 190 1784 ’
265 1786 376 1838 δεῖν
401 1787 470 1840 τὰ
499 1789 788 1858 γενόμενα.
847 1789 1038 1860 Ἡμεῖς
1061 1789 1126 1842 δὲ
1169 1790 1494 1859 προθέμενοι
1533 1789 1846 1860 συγγράψαι

265 1877 333 1930 τὰ
380 1877 437 1943 ἐξ
485 1879 694 1932 ἐκείνου
736 1880 899 1951 μέχρι
946 1881 1058 1933 τῶν
1085 1882 1210 1952 τῇδε
1241 1883 1370 1950 περὶ
1407 1881 1504 1943 τὰς
1549 1881 1846 1951 ἐκκλησίας

263 1968 548 2036 γενόμενα,
583 1972 682 2040 τῆς
723 1971 1033 2035 ὑποθέσεως
1069 1973 1274 2042 ἀρχὴν,
1324 1972 1385 2036 ἐξ
1407 1966 1481 2025 ὧν
1510 1974 1713 2036 ἐκεῖνος
1739 1972 1846 2024 ἀπ-

263 2059 520 2131 έλιπε,(5)
537 2062 894 2134 ποιησόμεθα·
913 2064 973 2116 οὐ
993 2067 1245 2136 φράσεως
1261 2064 1427 2133 ὄγκου
1445 2063 1841 2135 φροντίζοντες,

259 2147 373 2201 ἀλλ’
408 2151 510 2204 ὅσα
537 2152 570 2222 ἢ
600 2154 894 2224 ἐγγράφως
923 2155 1175 2226 εὕρομεν,
1228 2156 1263 2227 ἢ
1301 2156 1453 2226 παρὰ
1488 2155 1599 2208 τῶν
1631 2157 1846 2226 ἱστορη-

262 2239 471 2293 σάντων
535 2242 848 2314 ἠκούσαμεν
902 2245 1277 2317 διηγουμένων
1337 2243 1437 2318 (ι).
1492 2247 1603 2301 Καὶ
1656 2246 1842 2316 ἐπειδὴ

1957 1061 2146 1115 decem
2170 1057 2330 1112 libris
2355 1057 2690 1124 complexus,
2716 1057 3029 1125 principatu
3049 1054 3394 1109 Constantini
3419 1055 3528 1106 Au-

1955 1152 2098 1223 gusti
2119 1150 2414 1205 Historiam
2442 1164 2594 1202 suam
2615 1149 2931 1202 terminavit
2964 1167 2974 1199 :
3002 1164 3109 1216 quo
3129 1155 3371 1216 tempore
3397 1161 3525 1214 per—

1955 1244 2164 1300 secutio
2189 1241 2512 1297 Diocletiani
2536 1239 2799 1293 adversus
2814 1239 3154 1294 Christianos
3172 1238 3333 1291 ﬁnem
3357 1253 3491 1291 acce
3509 1265 3527 1276 -

1952 1337 2051 1407 pit.
2090 1335 2239 1390 Idem
2276 1333 2330 1386 in
2359 1333 2530 1386 ‘Iibris
2554 1346 2693 1400 quos
2717 1331 2784 1384 dc
2822 1330 2945 1384 Vita
2979 1329 3334 1399 imperatoris
3380 1329 3527 1384 Con-

1952 1427 2178 1483 stantini
2211 1425 2560 1494 conscripsit,
2605 1439 2668 1477 ea
2715 1422 2836 1491 quaé
2877 1421 2945 1474 ad
2991 1421 3181 1475 Arium
3225 1420 3525 1490 pertinent,

1950 1518 2132 1572 obiter
2154 1523 2370 1569 tantum
2410 1511 2736 1582 perstrinxit
2786 1527 2798 1560 :
2843 1509 3044 1578 quippe
3079 1510 3167 1562 cui
3189 1549 3204 1573 ,
3234 1511 3296 1562 ut
3329 1509 3384 1562 in
3422 1523 3526 1562 en-

1949 1609 2144 1664 comiis
2161 1607 2275 1660 ﬁeri
2301 1605 2462 1668 solet,
2483 1601 2832 1672 imperatoris
2855 1601 3044 1654 Iaudes
3065 1608 3120 1653 et
3145 1599 3526 1670 panegyricam

1948 1699 2255 1754 orationem
2291 1704 2586 1750 contexere
2627 1693 2800 1763 magis
2839 1707 2985 1746 curae
3031 1698 3207 1755 esset,
3233 1706 3396 1759 quam
3439 1706 3528 1745 res
3621 1717 3626 1726 -

1947 1798 2128 1860 gestas
2169 1793 2424 1842 accurate
2477 1799 2927 1840 commemorare.
2977 1783 3090 1836 Nos
3149 1799 3279 1837 vero
3324 1783 3528 1852 quibus

1947 1876 2291 1948 propositum
2326 1882 2497 1928 estea
2519 1888 2640 1943 qua:
2679 1872 2752 1926 ab
2788 1872 2896 1926 illis
2939 1872 3278 1941 temporibus
3313 1872 3385 1924 ad
3423 1887 3524 1924 no-

1947 1978 2119 2025 stram
2143 1982 2314 2036 usque
2337 1973 2552 2018 anatem
2586 1964 2640 2018 in
2672 1963 2915 2019 Ecclesia
2944 1970 3096 2031 gesta
3128 1969 3278 2024 sunt,
3305 1959 3526 2030 scriptis

1946 2059 2234 2123 mandare,
2267 2057 2338 2112 ab
2376 2056 2442 2111 iis
2476 2056 2642 2110 rebus
2681 2069 2818 2125 quas
2854 2054 2946 2108 ille
2990 2053 3224 2120 intactas
3264 2051 3520 2120 reliquit,

1945 2152 2128 2224 operis
2159 2149 2332 2204 nostri
2362 2163 2643 2203 sumemus
2669 2144 2977 2201 exordium.
3004 2144 3080 2198 Ac
3108 2143 3175 2198 de
3203 2143 3355 2197 inani
3393 2143 3521 2212 qui-

1945 2245 2072 2300 dem
2111 2243 2406 2298 verborum
2438 2254 2634 2310 pompa
2668 2253 2864 2308 parum
2901 2235 3147 2299 solliciti,
3179 2247 3521 2304 quacunque

259 2330 395 2398 προς
442 2331 505 2384 τὺ
551 2335 909 2405 προκείμενον
961 2335 1402 2408 συλλαμϐάνεται
1447 2340 1581 2409 ἡμῖν
1631 2353 1830 2408 μνημο-

1941 2343 2037 2392 aut
2061 2335 2370 2390 litterarum
2405 2329 2777 2386 monumentis
2804 2327 3026 2398 prodita
3061 2325 3394 2396 reperimus,
3425 2332 3522 2377 aut

259 2419 461 2490 νεῦσαι,
486 2424 608 2478 τίνα
639 2427 842 2497 τρόπον
867 2429 898 2482 ὁ
924 2427 1179 2498 βασιλεὺς
1219 2432 1625 2492 Κωνσταντίνος
1656 2429 1750 2482 ἐπὶ
1772 2427 1830 2481 τὸ

1939 2424 2011 2480 ab
2045 2423 2112 2478 iis
2149 2421 2244 2492 qui
2284 2420 2451 2476 rebus
2490 2418 2622 2488 ipsis
2669 2416 3033 2471 interfuerant
3069 2412 3260 2468 auditu
3303 2412 3517 2481 accepi-

257 2513 654 2585 Χριστιανίζειν
676 2518 929 2590 ἐλήλυθε,
962 2521 1134 2592 μικρὰ
1164 2522 1292 2592 περὶ
1316 2521 1509 2574 τούτου
1537 2519 1613 2583 ὡς
1635 2511 1746 2574 οἷόν
1774 2535 1830 2572 τι

1938 2529 2083 2578 mus,
2114 2506 2432 2582 singillatim
2463 2522 2820 2579 exponemus.
2861 2506 2928 2560 Et
2959 2505 3218 2576 quoniam
3247 2503 3319 2559 ad
3355 2503 3516 2557 iusti.

259 2608 743 2681 μνημονεύωμεν,
757 2611 966 2667 ἐνθένδε
982 2611 1146 2666 ποθὲν
1155 2613 1253 2684 τὴν
1265 2611 1438 2684 ἀρχὴν
1457 2611 1830 2682 ποιησάμενοι.

1939 2612 2120 2660 tutum
2143 2608 2395 2656 nostrum
2417 2599 2721 2668 plurimum
2744 2595 2957 2652 confert
2989 2611 3149 2651 nosse
3167 2611 3277 2666 qua
3303 2596 3516 2651 ratione

258 2695 387 2769 imp.
423 2697 907 2757 Constantinusad
927 2701 1302 2757 Christianam
1331 2703 1656 2774 religionem
1681 2694 2022 2758 transiverit,
2054 2707 2121 2748 ea
2165 2690 2234 2747 de
2267 2705 2326 2744 re
2351 2703 2456 2759 pro
2483 2688 2631 2743 virili
2664 2695 2818 2757 parte
2848 2702 3020 2757 pauca
3047 2688 3248 2747 dicam.

859 2815 1112 2870 ΚΕΦΑΛ.
1146 2816 1221 2869 B’.

261 2922 399 2978 17m
446 2923 674 2990 τρόπον
721 2925 755 2977 δ
775 2924 1074 2991 ,ϐασιλεὺς
1114 2925 1572 2992 Κωνσταντῖνος
1617 2926 1718 2981 ἐπὶ
1761 2925 1832 2981 τὸ

648 2993 1075 3061 Χριστιανκὲιν
1103 2995 1426 3066 ἐλήλυθεν.
1493 3015 1496 3017 ‘

332 3090 526 3148 Ἦνίκα
571 3093 650 3164 (5)
677 3097 1078 3168 Διοκλητιανδς,
1122 3099 1216 3152 καὶ
1258 3098 1602 3170 Μαξιμιανδς
1646 3101 1676 3154 ὁ
1712 3099 1833 3152 ἔπι-

258 3183 468 3255 κληθεὶς
517 3186 832 3258 Ἦρκούλιος
855 3201 903 3253 ι,
949 3189 1013 3242 ὲκ
1047 3189 1382 3261 συνθέματος
1423 3189 1522 3261 τὴν
1555 3189 1831 3260 βασιλειαν

258 3278 603 3348 ἀποθέμενοι,
667 3279 758 3333 τὸν
818 3281 1086 3334 ἰδιωτικὸν
1125 3283 1470 3336 ἐπανείλοντο
1523 3283 1670 3352 βίον·
1733 3282 1829 3336 καὶ

257 3369 592 3439 Μαξιμιανὸς
636 3373 664 3424 ὁ
695 3372 1009 3443 ἐπικληθεὶς
1044 3373 1338 3444 -Γαλέριος,
1383 3375 1413 3427 ὁ
1465 3373 1828 3445 συμϐασιλεύ-

258 3475 352 3523 σας
373 3459 579 3523 αὐτοῖς.
612 3462 808 3526 ἐπιϐὰς
835 3463 933 3533 τῆς
965 3464 1216 3530 Ἰταλίας,
1248 3466 1341 3519 δύο
1367 3467 1670 3536 κατέστησε
1695 3465 1830 3520 Καί-

256 3555 444 3621 σαρας,
477 3552 782 3622 Μαξιμῖνον
825 3555 924 3624 μὲν
946 3558 1004 3609 ὲν
1036 3559 1146 3619 τοῖς
1180 3558 1321 3610 κατά
1365 3557 1465 3627 τὴν
1499 3557 1694 3627 Ἐῴαν,
1727 3559 1825 3610 Σε-

252 3639 487 3708 ϐἧρονδὲ
513 3643 570 3694 ὲν
593 3644 703 3704 τοῖς
730 3642 867 3694 κατὰ
887 3643 984 3712 τὴν
1018 3643 1268 3696 Ἰταλίαψ
1293 3644 1449 3696 Κατὰ
1463 3643 1518 3696 δὲ
1546 3644 1643 3706 τὰς
1662 3643 1827 3715 Βρετ-
1853 3629 1896 3688 C

251 3731 433 3795 τανίας
467 3731 545 3803 (6)
580 3733 986 3797 Κωνσταντῖνος
1030 3734 1388 3806 ἀνηγορεύθη
1415 3734 1688 3805 βασιλεὺς,
1742 3737 1822 3800 είς

2586 2799 2738 2856 CAP.
2789 2800 2854 2854 II.

1935 2915 2054 2982 Qua
2083 2913 2288 2967 ratione
2318 2914 2447 2982 imp.
2480 2911 2858 2968 Constantinus
2897 2918 2966 2967 ad
3001 2913 3359 2971 Christianam
3392 2913 3516 2970 reli—

2440 2985 2646 3054 gionem
2673 2999 2730 3037 se
2753 2984 2994 3038 contulit.

2002 3091 2267 3164 60rdiar
2280 3105 2447 3162 porro
2463 3091 2533 3144 ab
2551 3090 2620 3146 iis
2645 3091 2986 3160 temporibus
3001 3091 3205 3161 quibus
3224 3091 3514 3148 Diocletia-

1923 3198 2039 3247 nus
2064 3190 2121 3238 et
2149 3182 2510 3238 Maximianus
2539 3189 2905 3252 cognomento
2927 3182 3238 3248 Herculius,
3278 3184 3512 3254 imperio

1934 3273 2206 3345 deposito,
2224 3289 2293 3328 ex
2312 3282 2598 3344 compacto
2617 3275 2886 3344 privatam
2907 3275 3080 3330 vitam
3097 3275 3330 3344 amplexi
3348 3285 3474 3330 sunt
3495 3296 3506 3330 :

1933 3363 2296 3419 Maximianus
2318 3379 2450 3419 vero
2477 3364 2524 3420 is
2560 3365 2653 3435 qui
2674 3364 2928 3420 Galerius
2961 3367 3379 3436 cognominatus
3403 3378 3509 3431 est,

1931 3463 1988 3511 et
2027 3458 2122 3528 qui
2171 3475 2296 3514 cum
2358 3459 2556 3513 iisdem
2594 3460 2705 3514 illis
2750 3460 3151 3530 imperaverat,
3199 3461 3255 3514 in
3300 3461 3508 3516 Italiam

1931 3548 2232 3617 profectus,
2257 3549 2396 3604 duos
2443 3549 2714 3615 Caesares,
2767 3551 3123 3604 Maximinum
3162 3553 3217 3606 in
3261 3550 3506 3616 Oriente,

1931 3639 2194 3694 Severum
2222 3640 2276 3694 in
2303 3641 2454 3695 Italia
2482 3644 2789 3697 constituit.
2826 3644 2883 3697 In
2909 3643 3189 3698 Britannia
3211 3659 3342 3698 vero
3361 3645 3508 3700 Con-

1932 3730 2209 3785 stantinus
2231 3741 2449 3787 creatus
2472 3742 2555 3787 est
2580 3734 2900 3803 imperator,
2927 3733 2982 3786 in
3009 3733 3190 3787 locum
3220 3736 3394 3803 patris
3421 3735 3506 3790 sui

1451 3844 1722 3900 VALESII
1758 3834 2035 3902 ΑΝΝΟΤΑ
2044 3846 2310 3903 TIONES.

318 3959 362 4026 (Ι
426 3958 760 4026 Γενόμενος
779 3958 1060 4027 πόλεμος.
1089 3957 1180 4012 Sic
1200 3973 1268 4012 ex
1294 3957 1482 4012 codice
1506 3958 1584 4011 Re
1626 3957 1677 4011 io
1703 3957 1820 4014 edi-

318 3957 628 4080 .lgobertus
647 4027 978 4080 Stephanus.
1010 4027 1115 4080 Sed
1141 4027 1196 4080 in
1246 4029 1470 4080 outimis
1511 3973 1814 4080 codicibus.

246 4027 324 4081 dit
346 4027 628 4082 Robertus
647 4027 978 4097 Stephanus.
1010 4027 1115 4082 Sed
1141 4027 1196 4081 in
1246 4029 1470 4097 optimis
1511 4027 1814 4091 codicibus,

247 4097 562 4150 Florentino
586 4105 643 4151 et
667 4097 965 4161 Sfortiano,
991 4099 1258 4166 scriptum
1307 4098 1620 4152 invenimus
1665 4100 1816 4165 γενό-

247 4183 404 4246 μενος
435 4167 696 4246 διωγμός,
743 4169 1019 4246 quomodo
1069 4169 1234 4220 etiam
1278 4166 1816 4237 Christophorsonus

244 4237 298 4289 in
321 4237 438 4290 suis
463 4237 874 4307 exemplaribus
901 4247 1201 4307 repererat.

311 4307 388 4428 (2)
420 4309 703 4374 Μερικῶς.
732 4306 846 4360 Hoc
868 4305 988 4360 loco
1015 4307 1253 4376 μερικῶς
1277 4322 1386 4360 non
1410 4305 1682 4428 signiﬁcat
1706 4309 1816 4361 sin-

311 4376 494 4428 Tatim.
527 4377 624 4428 sed
649 4377 709 4425 ὲκ
745 4375 960 4428 μέρους.
993 4377 1201 4428 Revera
1243 4377 1391 4428 enim
1482 4377 1708 4428 usebius
1756 4379 1813 4428 in

280 4375 494 4446 itla’tim,
527 4377 624 4446 sed
649 4377 709 4446 ὲκ
745 4375 960 4446 μέρους.
993 4375 1201 4431 Revera
1243 4377 1391 4430 enim
1428 4375 1708 4446 Eusebius
1756 4379 1814 4433 in

263 4446 397 4518 ibris
424 4445 491 4498 de
518 4442 1034 4518 VitaConstantini,
1083 4446 1373 4500 historiam
1411 4445 1536 4518 Arii
1564 4461 1632 4518 ex
1656 4458 1812 4518 parte

239 4514 507 4568 duntaxat
555 4515 755 4583 attigit,
803 4531 915 4569 non
959 4531 1094 4570 vero
1137 4523 1309 4571 totam
1352 4530 1454 4570 nec
1495 4514 1811 4588 singillatim

237 4593 694 4654 prosecutus_est.

312 4655 388 4723 (5)
431 4655 533 4716 Ἐξ
562 4649 650 4706 ὧν
667 4655 899 4720 ἐκεῖνος
926 4653 1204 4709 ἀπέλιπε.
1236 4658 1518 4713 Musculus
1541 4657 1690 4712 hunc
1732 4660 1813 4713 lo-

235 4737 358 4777 cum
386 4724 463 4778 ita
486 4723 681 4777 vertit:
708 4727 1074 4780 commentarii
1100 4730 1265 4781 nostri
1291 4730 1509 4782 exordia
1554 4729 1677 4781 inde
1720 4746 1812 4782 su-

234 4766 574 4868 ἷεῖὶιιὶῖζ
592 4766 688 4846 iiii
708 4766 1815 4868 ξιὲἑὲἓῖίλὶῆᾙὲίῖἷζἰὲῖἔὲἤὲἴειὸῥὶἷπέἇῖ
1845 4766 1892 4824 θ

231 4876 371 4927 nus,
422 4864 531 4917 nisi
577 4863 725 4933 quod
768 4865 943 4934 magis
984 4866 1234 4932 barbare,
1284 4878 1341 4923 et
1389 4863 1814 4924 minus—Latine

235 4933 554 4987 transtulit:
583 4949 650 4986 ea;
674 4935 738 4987 iis
765 4933 916 4988 rebus
966 4953 998 4989 a
1044 4937 1229 4993 quibus
1253 4939 1318 4991 ab
1365 4955 1424 4991 eo
1467 4938 1692 4992 desitum
1738 4949 1813 4993 est

232 5003 477 5078 scrilgere,
503 5003 675 5057 nostri
699 5005 869 5078 operis
895 5003 1171 5078 exordium
1197 5010 1487 5078 capiemus.
1517 5009 1632 5078 Ego
1678 5025 1812 5064 vero

231 5074 415 5149 malim
442 5085 664 5149 vertere
694 5091 707 5126 :
737 5074 800 5126 ab
823 5076 885 5128 iis
914 5076 1065 5149 rebus
1089 5093 1224 5149 quas
1248 5074 1340 5131 ille
1359 5148 1364 5149 ί
1384 5079 1529 5149 nobis
1567 5074 1808 5149 reliquit,

228 5143 486 5196 scribendi
511 5160 784 5198 sumemus
809 5143 1111 5198 exordium.
1132 5147 1260 5201 Vult
1281 5148 1428 5202 enim
1471 5148 1657 5203 dicere
1686 5143 1810 5204 "So-

228 5223 428 5287 crates,
453 5229 789 5268 exarsurum
815 5229 872 5268 se
898 5216 966 5268 ab
992 5216 1222 5287 historia
1250 5218 1389 5283 Arii,
1439 5235 1603 5287 quam
1630 5219 1806 5274 Euse-

229 5280 351 5355 bius
402 5293 676 5355 exparte
725 5292 940 5355 tantum
992 5286 1250 5355 attigerat
1302 5280 1546 5341 inlibris
1587 5289 1655 5342 de
1685 5290 1806 5345 Vita

225 5349 568 5429 Constantini
595 5372 608 5406 :
637 5353 942 5429 Eusebium
968 5349 1121 5429 enini
1140 5356 1197 5409 in
1218 5357 1289 5429 iis
1309 5359 1468 5429 libris
1498 5361 1671 5429 magis
1694 5367 1809 5413 stu-

226 5420 406 5477 duisse
433 5433 492 5498 ut
514 5422 877 5498 imperatoris
899 5425 1090 5480 laudes
1131 5427 1510 5496 ampliﬁcaret,
1555 5420 1721 5498 quam
1748 5438 1809 5484 ut

228 5506 312 5564 res
334 5494 746 5550 ecclesiasticas
789 5503 1048 5548 accurate
1096 5494 1494 5564 perscriberet:
1545 5494 1603 5553 se
1650 5515 1805 5564 vero,

226 5563 316 5631 qui
339 5565 509 5620 resin
536 5564 794 5620 Ecclesia
829 5571 1013 5634 gestas
1035 5563 1260 5635 scriptis
1301 5569 1561 5624 mandare
1607 5563 1812 5624 consti-

1930 3963 2121 4026 tuerit,
2145 3961 2432 4016 historiam
2453 3961 2670 4014 Arianze
2687 3961 2960 4016 haereseos
2976 3961 3292 4031 diligentius
3312 3979 3504 4018 narra-

1926 4043 2134 4096 turum,
2157 4040 2212 4085 et
2235 4031 2304 4085 ab
2329 4032 2397 4085 iis
2425 4034 2740 4099 rebusquas
2767 4031 3038 4085 Eusebius
3053 4033 3136 4084 vel
3155 4032 3222 4085 de
3237 4033 3505 4089 industria

1963 4102 2374 4164 rmtermiserat,
2400 4103 2486 4155 vel
2532 4102 2661 4170 quia
2685 4101 2823 4153 nihil
2854 4101 2920 4154 ad
2957 4103 3271 4154 institutum
3331 4103 3504 4170 ipsius

1940 4174 2180 4235 ’acerent,
2206 4171 2386 4224 obiter
2414 4169 2621 4225 tantum
2647 4170 3064 4238 perstrinxerat,
3084 4171 3299 4224 initium
3319 4169 3502 4226 Histo-

1920 4242 2018 4296 ria:
2048 4258 2160 4296 suae
2182 4241 2477 4294 facturum.
2504 4241 2668 4295 Certe
2695 4240 2952 4294 Socrates
2996 4257 3106 4294 non
3142 4241 3269 4295 inde
3316 4241 3501 4296 Histo-

1919 4312 2058 4365 riam
2083 4326 2237 4366 suam
2262 4310 2562 4374 inchoavit,
2590 4311 2682 4364 ubi
2728 4310 3001 4365 Eusebius
3042 4311 3299 4364 desierat.
3327 4311 3501 4366 Euse-

1918 4380 2046 4435 bius
2068 4382 2217 4435 enim
2243 4395 2416 4449 usque
2443 4381 2511 4434 ad
2536 4381 2750 4434 obitum
2776 4379 3122 4434 Constantini
3147 4396 3286 4448 opus
3333 4396 3494 4436 suum

1920 4451 2197 4521 perduxit.
2225 4450 2754 4521 Historiamquidem
2777 4451 3203 4505 ecclesiasticam
3225 4450 3499 4507 Eusebius

1923 4519 2097 4590 usque
2121 4519 2189 4575 ad
2217 4521 2512 4574 tumultum
2537 4519 2751 4583 Arii,et
2773 4535 2837 4573 ea
2864 4536 2985 4588 qua:
3009 4521 3286 4574 Nicaenum
3312 4521 3500 4574 conci-

1919 4590 2054 4644 lium
2101 4606 2454 4658 prazcesserc,
2509 4591 2770 4644 continua
2837 4591 2980 4643 serie
3010 4599 3334 4658 persecutus
3392 4601 3496 4645 est.

1920 4659 2160 4714 Proinde
2205 4661 2250 4713 si
2319 4659 2511 4714 decem
2577 4660 2751 4713 libros
2797 4659 3054 4712 Historim
3116 4659 3500 4715 ecclesiasticae

1920 4739 2252 4798 spectemus,
2295 4729 2574 4784 Socratem
2618 4729 2746 4783 inde
2773 4729 3041 4798 incepisse
3090 4730 3182 4781 ubi
3231 4729 3499 4784 Eusebius

1919 4799 2198 4854 scribendi
2224 4800 2388 4852 ﬁnem
2433 4800 2661 4861 fecerat,
2709 4814 3003 4868 possumus
3038 4799 3243 4852 dicere.
3295 4798 3400 4852 Sed
3451 4800 3497 4853 si

1918 4880 2188 4938 praaterea
2245 4871 2542 4939 jungamus
2605 4871 2780 4922 libros
2843 4868 2912 4939 de
2965 4870 3088 4924 Vita
3123 4869 3494 4934 Constantini,

1916 4940 2060 4993 sicut
2080 4938 2262 5010 junxit
2286 4940 2561 5003 Socrates,
2588 4938 2886 5010 tumriistud
2923 4954 3115 4992 verum
3154 4955 3264 5010 non
3291 4939 3420 4991 erit.

1990 5009 2091 5081 (4)
2116 5011 2546 5081 Διηγρυμένων.
2593 5009 2966 5081 Scribendum
2998 5009 3244 5081 omnino
3283 5017 3368 5061 est
3415 5009 3495 5062 δι-

1916 5079 2233 5150 ηγούμενοι,
2260 5079 2603 5150 licetscripti
2634 5079 2853 5132 codices
2892 5079 3030 5150 nihil
3057 5086 3294 5150 mutent.

1993 5147 2073 5222 (5)
2105 5149 2332 5222 Ἠγίκα.
2365 5148 2712 5222 llocinitium
2736 5164 2858 5202 esse
2882 5148 3093 5218 periodi
3137 5147 3420 5222 Musculus
3435 5159 3492 5204 et

1914 5218 2457 5288 Christophorsonus
2483 5219 2898 5282 existimarunt,
2923 5233 3049 5272 cum
3078 5227 3260 5271 tamen
3306 5218 3492 5286 perio-

1917 5287 2343 5346 dusinchoanda
2367 5287 2438 5341 sit
2467 5288 2535 5341 ab
2566 5289 2633 5342 iis
2662 5289 2848 5342 verbis
2871 5304 2992 5356 qum
3016 5289 3070 5341 in
3108 5287 3213 5340 ﬁne
3241 5288 3490 5356 superio-

1917 5361 1995 5416 ris
2017 5360 2214 5432 capitis
2232 5359 2515 5432 leguntur,
2560 5358 2768 5432 ἐνθένθε
2798 5360 2958 5410 ποθὲν
2989 5357 3088 5427 τὴν
3132 5358 3304 5432 ἀρχὴν
3338 5374 3486 5432 ποιη-

1919 5428 2162 5500 σάμενοι.
2191 5429 2358 5500 quue
2382 5443 2482 5500 nos
2503 5428 2558 5500 in
2581 5428 2834 5500 versione
2856 5437 3044 5500 nostra
3079 5429 3251 5500 secuti
3281 5428 3489 5500 sumus.

1991 5494 2066 5572 (6)
2094 5501 2254 5553 Κατὰ
2271 5494 2476 5572 δὲᾳτὰς
2509 5496 2910 5572 Bpetrarlac._
2935 5499 3285 5572 Existimasse
3336 5494 3486 5546 vidc-

1921 5567 2012 5625 tur
2037 5567 2309 5635 Socrates,
2335 5567 2760 5623 Constantinum
2783 5577 2839 5622 et
2862 5567 3193 5621 Maxentium
3220 5577 3486 5632 imperare

1687 5683 2062 5739 VARIORUM.

296 5779 320 5808 ι
355 5767 669 5841 Stephanus
697 5775 759 5824 et
787 5768 1037 5823 Valesius
1059 5768 1310 5823 scribunt
1338 5785 1436 5839 per
1466 5771 1507 5824 E
1545 5771 1599 5826 in
1637 5773 1812 5839 prima
1851 5775 2073 5847 syllaba.
