4050 6348
293 270 362 327 39
1744 261 2079 315 SOCRA'TIS
3485 263 3552 317 1.0

933 385 1083 440 CAP.
1145 385 1230 438 ll‘l.

296 478 565 546 Quomodo
608 477 731 530 dum
771 475 1150 531 Constantinus
1194 491 1275 546 rcs
1309 474 1725 546 Christianorum
1751 491 1868 526 am-

363 547 646 629 pliﬁcaret,
675 547 902 600 Licinius
949 548 1060 615 ejus
1106 545 1304 614 collega
1332 544 1533 595 eosdem
1574 555 1869 612 persecutus

360 625 452 672 sit.

365 709 434 762 Et
471 705 865 762 Constantinus
895 704 1116 773 quidem
1152 703 1280 772 imp.
1312 701 1514 756 Christi
1551 701 1870 771 religionem

293 795 598 865 amplexus,
623 800 818 847 cuncta
845 791 1038 862 agebat
1074 800 1328 859 tanquam
1356 789 1702 844 Christianus
1726 807 1738 841 :
1776 805 1869 844 ec-

295 887 496 941 clesias
551 893 918 948 construens,
967 898 1170 951 easque
1234 881 1542 952 magniﬁcis
1596 896 1870 936 exornans

297 979 571 1033 donariis:
605 974 897 1045 gentilium
929 982 1113 1026 autem
1152 971 1352 1041 templa
1388 971 1650 1025 claudens
1687 986 1752 1025 ac
1783 971 1869 1024 di-

297 1085 483 1133 ruens,
507 1077 562 1122 et
584 1075 793 1122 statuas
831 1065 888 1119 in
918 1065 1024 1118 illis
1051 1065 1257 1134 positas
1287 1064 1592 1133 publicans.
1627 1063 1871 1118 Licinius

293 1178 426 1217 vero
465 1161 585 1230 ejus
633 1158 862 1227 collega,
893 1156 1178 1226 gentilium
1216 1155 1501 1209 erroribus
1538 1155 1868 1224 implicatus,

292 1250 484 1305 oderat
510 1245 872 1303 Christianos.
907 1245 974 1299 Et
994 1245 1172 1314 palam
1195 1243 1416 1313 quidem
1434 1244 1871 1312 persecutionem

291 1342 554 1397 adversus
579 1354 675 1394 eos
701 1337 981 1393 concitare
1011 1337 1236 1390 minime
1263 1335 1520 1401 audebat,
1550 1343 1697 1390 metu
1717 1335 1869 1405 prin-

293 1433 431 1502 cipis
459 1430 826 1487 Constantini.
854 1428 1039 1483 Multis
1061 1436 1244 1482 tamen
1269 1429 1483 1482 occulte
1511 1426 1758 1481 struebat
1783 1425 1870 1478 in-

291 1525 480 1580 sidias.
530 1522 775 1578 Tandem
816 1535 950 1574 vero
1009 1533 1106 1572 eos
1149 1525 1339 1587 aperto
1392 1525 1566 1571 marte
1614 1515 1873 1585 persequi

291 1630 579 1686 aggressus
602 1621 704 1668 est.
737 1612 915 1681 Atque
941 1611 1059 1664 hac
1090 1610 1312 1679 quidem
1338 1607 1652 1679 persecutio
1680 1607 1874 1664 localis

291 1706 414 1759 fuit.
438 1705 500 1759 In
522 1705 591 1758 iis
628 1703 777 1759 enim
801 1699 1340 1769 duntaxatgpartibus
1358 1706 1602 1770 grassata
1629 1706 1714 1754 est
1751 1714 1875 1770 qua

2591 377 2840 430 ΚΕΦΑΛ.
2877 375 2948 428 Γ’.

1979 466 2110 531 Πῶς
2163 467 2621 519 Κωνστιιντί-νου
2691 467 2759 518 τὰ
2817 464 3184 534 Χριστιανῶν
3237 465 3550 530 αὔξοντος,

2050 539 2351 656 ᾼὲξιίννιος
2397 540 2429 588 0'
2472 538 2935 606 συμϐασιλεύων
2960 536 3121 600 αὐτῷ
3159 537 3553 604 Χριστιανοὺς

2050 623 2078 656 ε·
2121 624 2318 656 ιωκεν.

2049 623 2318 660 εοιωκεν.

2061 698 2220 749 Ἀλλὰ
2251 699 2654 762 Κωνσταντῖνος
2708 701 2804 768 μὲν
2847 701 2876 752 ό
2909 698 3159 768 βασιλεὺς
3190 699 3257 751 τὰ
3290 697 3382 750 τοῦ
3418 699 3554 769 Χρι-

1981 788 2104 840 στοῦ
2152 790 2383 860 φρονῶν,
2427 792 2604 844 πάντα
2651 791 2726 854 ῶς
2769 791 3090 860 Χριστιανὸς
3133 789 3424 860 ἔπραττεν,
3463 791 3554 843 ἀν-

1978 878 2206 948 εγείρων
2248 880 2348 943 τὰς
2385 881 2698 948 ἐκκλησίας,
2741 881 2834 932 καὶ
2862 879 3174 933 πολυτελέσι
3221 879 3396 949 τιμῶν
3422 880 3555 932 ἀνα-

1979 969 2216 1039 ϐήμασιν
2239 987 2252 1000 ’
2281 971 2360 1024 ἔτι
2387 972 2444 1024 δὲ
2472 973 2712 1034 καὶτοὺς
2753 971 3017 1041 Ἑλλήνων
3046 972 3206 1034 ναοὺς
3240 971 3434 1023 κλείων
3463 968 3555 1024 καὶ

1943 1058 1946 1063 “
1977 1057 2278 1130 καθαιρῶν,
2321 1060 2414 1114 καὶ
2442 1060 2778 1130 δημοσιεύων
2810 1061 2878 1114 τὰ
2909 1062 2966 1113 ἐν
3010 1061 3194 1123 αὐτοῖς
3236 1059 3550 1128 ἀγάλματα.

1977 1150 2248 1213 Λικίννιος
2291 1150 2348 1203 δὲ
2391 1152 2420 1202 ό
2462 1151 2876 1221 συμϐασιλεύων
2919 1153 3090 1223 αύτῷ,
3137 1152 3235 1214 τὰς
3271 1150 3557 1221 ἐλληνικὰς

1979 1238 2117 1308 ἔχων
2157 1239 2332 1304 δόξας,
2385 1241 2567 1310 ἐμίσει
2611 1241 2987 1313 Χριστιανούς.
3021 1243 3130 1295 Kal
3171 1241 3410 1311 διωγμὸν
3458 1241 3556 1310 μὲν

1978 1333 2252 1403 προφανῆ,
2283 1333 2434 1404 φόϐῳ
2469 1333 2564 1386 τοῦ
2601 1333 2866 1404 βασιλέως
2906 1333 3340 1396 Κωνσταντίνου,
3387 1334 3557 1384 κινεῖν
3628 1379 3640 1404 τ

1980 1424 2360 1482 ὑπεστέλλετο.
2411 1427 2727 1500 Λεληθότως
2788 1427 2845 1480 δὲ
2894 1427 3121 1489 πολλοὺς
3175 1426 3555 1494 ἐσκευωρεῖτο.

1978 1517 2192 1588 Προϊὼν
2216 1518 2292 1586 δὲ,
2318 1520 2415 1572 καὶ
2453 1521 2702 1590 φανερῶς
2731 1520 2932 1582 αὐτοὺς
2976 1518 3233 1588 βλάπτειν
3263 1516 3556 1586 ἐπεχείρει.

1979 1609 2089 1662 Kal
2132 1610 2241 1682 γὰρ
2287 1604 2441 1675 οὗτος
2491 1615 2521 1666 ό
2551 1613 2791 1681 διωγμὸς
2841 1611 3082 1675 τοπικός.
3120 1609 3290 1662 Ἔνθα
3342 1610 3451 1680 γὰρ
3491 1604 3560 1678 ἦν

1979 1699 2272 1767 Λικίννιος,
2308 1702 2425 1754 ἐκεῖ
2452 1703 2612 1773 μόνον
2639 1703 2873 1771 ἐγένετο.
2913 1701 3064 1755 Ἐπεὶ
3094 1700 3152 1754 δὲ
3184 1699 3358 1753 ταῦτά
3380 1710 3440 1752 τε
3466 1699 3560 1752 καὶ

291 1797 398 1854 sub
451 1797 663 1851 ditione
705 1801 866 1850 erant
912 1791 1133 1847 Licinii.
1182 1791 1308 1846 Hac
1345 1799 1402 1846 et
1441 1791 1713 1862 ejusmodi
1766 1791 1874 1848 alia

1986 1791 2116 1846 ἄλλα
2179 1795 2518 1865 τυραννικῶς
2583 1796 2772 1860 ποιῶν,
2835 1794 3088 1865 οὐδαμῶς
3151 1793 3594 1858 Κωνσταντῖνον,

294 1891 580 1962 tyrannice
603 1902 802 1958 gerens
831 1885 1101 1948 Licinius,
1126 1882 1548 1939 Constantinum
1585 1882 1874 1954 haudqua-

291 1996 457 2051 quam
487 1978 663 2033 latuit.
689 1976 860 2043 Quem
892 1990 1017 2030 cum
1043 1974 1251 2029 idcirco
1275 1973 1595 2044 gravissime
1626 1989 1873 2030 commo-

292 2069 408 2126 tum
445 2085 564 2125 esse
591 2068 939 2138 intelligeret,
962 2081 1195 2138 purgare
1235 2081 1293 2120 se
1324 2065 1469 2135 apud
1508 2065 1662 2120 illum
1708 2066 1873 2121 insti-

292 2162 418 2216 tuit.
456 2162 526 2216 Et
547 2159 764 2215 blandis
799 2156 1269 2214 assentationibus
1301 2171 1428 2211 eum
1463 2156 1766 2223 deliniens,
1801 2158 1880 2213 si-

293 2254 514 2308 mulatae
547 2250 803 2306 amicitia
831 2264 957 2304 cum
992 2263 1060 2303 eo
1093 2246 1274 2302 fmdus
1310 2247 1537 2318 pepigit,
1579 2247 1880 2304 identidem

289 2348 482 2418 jurans
525 2360 584 2400 se
619 2343 757 2398 nihil
788 2356 1029 2412 unquam
1065 2339 1352 2412 tyrannice
1395 2339 1738 2395 moliturum.
1774 2340 1883 2396 Sed

290 2438 622 2513 juramentis
659 2437 1016 2507 conjunctum
1059 2443 1183 2490 erat
1221 2433 1546 2504 perjurium.
1587 2433 1880 2504 Nunquam

291 2531 444 2586 enim
482 2545 586 2584 nec
615 2544 648 2582 a
678 2526 980 2599 tyrannicis
1015 2525 1285 2581 adversus
1315 2524 1740 2581 Constantinum
1761 2541 1882 2580 ma-

293 2619 738 2684 chinationibus,
782 2632 886 2672 nec
923 2632 955 2672 a
1003 2616 1389 2686 persecutione
1439 2615 1883 2672 Christianorum

293 2711 581 2767 abstinuit.
604 2709 816 2778 Quippe
845 2708 964 2778 lege
998 2707 1108 2761 lata
1129 2746 1144 2771 ,
1184 2707 1472 2778 episcopos
1504 2705 1573 2760 ad
1597 2705 1882 2777 gentilium

293 2801 440 2856 ades
467 2800 644 2854 vetuit
667 2797 954 2862 accedere,
982 2811 1052 2851 ne
1079 2794 1294 2850 scilicet
1323 2794 1766 2850 Christianorum
1789 2810 1882 2850 re-

292 2891 429 2964 ligio
451 2889 767 2962 huiusmodi
801 2889 1032 2944 obtentu
1050 2894 1468 2960 propagaretur.
1503 2883 1745 2956 Eratque
1769 2885 1886 2941 hac

1980 1882 2292 1938 ἐλάνθανεν.
2327 1886 2510 1954 Ἔγνω
2535 1903 2593 1940 τε
2624 1887 2720 1940 ἐπὶ
2745 1885 2956 1949 τούτοις
2978 1883 3394 1955 χαλεπαίνοντα,
3423 1881 3559 1950 πρὸς

1981 1974 2281 2044 ἀπολογίαν
2313 1977 2594 2048 ἐτρέπετο.
2630 1978 2739 2030 Kal
2769 1976 3087 2048 θεραπεύων
3111 1974 3295 2041 αὐτὸν,
3318 1972 3560 2044 πλαστὴν

1981 2067 2162 2138 φιλίαν
2197 2069 2505 2134 ἐσπένδετο,
2537 2069 2767 2133 πολλοὺς
2809 2071 3005 2141 ὅρκους
3037 2069 3230 2139 ὀμνὺς,
3255 2066 3428 2138 μηδὲν
3463 2083 3559 2117 τυ-

1983 2158 2237 2229 ραννικὸν
2298 2160 2589 2230 φρονήσειν
2651 2159 2814 2214 ποτέ·
2875 2159 2995 2230 ἃμα
3061 2175 3156 2212 τε
3203 2159 3395 2229 ὀμνὺς,
3464 2158 3559 2211 καὶ

1979 2249 2274 2320 ἐπιορκῶν.
2308 2250 2383 2302 Ού
2408 2249 2516 2321 γὰρ
2551 2248 2859 2320 μετετίθετο
2890 2249 2986 2302 τοῦ
3035 2251 3252 2320 φρονεῖν
3288 2265 3347 2301 τε
3373 2245 3444 2302 τὰ
3469 2264 3563 2300 τυ·

1986 2339 2238 2411 ραννικὰ,
2258 2339 2354 2394 καὶ
2381 2342 2524 2395 κατὰ
2543 2341 2886 2411 Χριστιανῶν
2907 2345 3077 2394 κινεῖν
3102 2340 3364 2412 διωγμόν.
3392 2340 3562 2409 Νόμῳ

1980 2433 2092 2504 γὰρ
2123 2433 2396 2497 ἐκέλευσε,
2422 2433 2549 2496 τοὺς
2580 2434 2912 2497 ἐπισκόπους
2944 2434 3019 2504 μὴ
3050 2435 3240 2504 φοιτᾷν
3269 2432 3400 2503 παρ’
3434 2431 3564 2485 Ἕλ-

1982 2523 2159 2595 λησιν,
2193 2525 2269 2588 ὡς
2296 2525 2362 2580 ἂν
2385 2525 2462 2596 μὴ
2488 2523 2604 2595 ἔχοι
2633 2526 2906 2595 πρόφασιν
2935 2525 3194 2590 αῠξεσθαι
3221 2526 3288 2580 τὰ
3304 2527 3566 2598 Χριστια-

1983 2605 2110 2666 νῶν.
2138 2607 2247 2664 Ἦν
2274 2611 2332 2666 δέ
2375 2614 2403 2666 ὁ
2430 2613 2668 2684 διωγμὸς
2702 2613 3100 2686 θρυλλούμενος
3149 2615 3214 2668 ἐν
3243 2615 3424 2686 ταύτῷ
3468 2616 3564 2669 καὶ

1983 2703 2314 2775 ἀπόρρητος.
2363 2705 2693 2776 Ἐκρύπτετό
2739 2723 2800 2758 τε
2843 2705 2921 2776 τῷ
2966 2706 3128 2776 λόγῳ,
3181 2706 3276 2760 καὶ
3308 2705 3455 2777 ἔργῳ
3493 2701 3564 2777 ἦν

1986 2794 2240 2866 φανερός.
2311 2794 2613 2864 ’Δνήκεστα
2667 2793 2847 2866 γὰροί
2901 2794 3244 2865 διωκόμενοι,
3289 2795 3370 2858 εῐς
3403 2810 3464 2847 τε
3503 2791 3564 2846 τό

1989 2885 2170 2957 σῶμα,
2197 2885 2291 2939 καὶ
2315 2887 2396 2950 είς
2419 2885 2488 2940 τὰ
2515 2887 2774 2958 χρήματα
2804 2887 3062 2958 ἔπασχον.

295 2983 607 3056 persecutio
632 2988 822 3051 aperta
847 2980 1009 3035 simul
1035 2987 1092 3035 et
1115 2979 1350 3036 occulta.
1380 2977 1519 3032 Nam
1541 2977 1728 3033 verbis
1751 2975 1976 3046 quidem
2019 2975 2474 3032 dissimulabatur
2503 2995 2516 3032 :
2563 2979 2746 3050 reipsa
2779 2995 2910 3036 vero
2943 2988 3064 3036 erat
3100 2977 3561 3036 manifestissima.

293 3073 338 3127 li
361 3074 510 3128 enim
537 3072 634 3143 qui
665 3067 1039 3142 persecutioni
1077 3066 1457 3142 subjacebant,
1499 3065 1870 3123 intolerabilia
1910 3069 2052 3122 mala
2092 3075 2208 3124 tum
2239 3069 2298 3124 in
2331 3070 2514 3137 bonis,
2548 3078 2665 3150 tum
2701 3073 2759 3128 in
2794 3073 3119 3143 corporibus
3152 3073 3267 3128 suis
3287 3071 3564 3142 perpetie-

295 3164 518 3222 bantur.

949 3263 1102 3319 CAP.
1161 3263 1252 3319 IV.

371 3350 616 3416 Qualiter
653 3352 794 3406 inter
836 3352 1247 3409 Constantinum
1301 3363 1351 3406 et
1392 3351 1652 3406 Licinium
1688 3347 1883 3404 bellum

610 3431 825 3491 propter
851 3421 1179 3476 Christianos
1205 3432 1447 3476 exortum
1475 3430 1574 3474 est.

371 3511 481 3566 Has
509 3512 580 3565 ob
611 3527 827 3578 causas,
852 3513 1249 3569 Constantinus
1279 3514 1410 3582 imp.
1448 3511 1712 3566 adversus
1735 3509 1884 3564 Lici-

298 3601 453 3656 nium
502 3602 825 3672 gravissima
887 3603 1264 3673 indignatione
1315 3603 1549 3658 exarsit:
1611 3609 1884 3671 ruptoque

301 3693 570 3748 simulatae
598 3693 852 3747 amicitia
891 3693 1121 3757 radere,
1156 3693 1344 3746 hostes
1383 3692 1489 3746 sibi
1521 3698 1713 3745 mutuo
1755 3687 1886 3744 facti

301 3791 448 3838 sunt.
475 3784 587 3838 Nec
611 3784 775 3854 longo
794 3793 918 3853 post
939 3791 1184 3854 tempore
1209 3784 1354 3838 bello
1376 3798 1434 3838 se
1459 3782 1694 3836 invicem
1717 3795 1886 3850 appe-

305 3874 534 3928 tierunt.
573 3875 866 3944 Multisque
892 3875 1094 3944 praliis
1119 3883 1265 3928 terra
1305 3873 1554 3942 marique
1593 3869 1884 3934 consertis,

305 3965 527 4020 tandem
575 3964 643 4018 ad
671 3964 1054 4036 Chrysopolim
1083 3965 1348 4035 Bithynia
1368 4005 1381 4029 ,
1407 3963 1556 4033 quod
1590 3961 1784 4016 navale
1803 3967 1889 4016 est

303 4057 857 4122 Chalcedonensium,
883 4039 1134 4113 devictus
1158 4056 1424 4120 Licinius,
1443 4055 1814 4110 Constantino
1829 4070 1889 4110 se

306 4144 536 4200 dedidit.
569 4147 741 4200 Porro
776 4145 1173 4201 Constantinus
1223 4151 1444 4214 captum
1488 4143 1745 4198 tractavit
1782 4143 1889 4197 hu-

307 4238 656 4292 manissime:
687 4252 790 4291 nec
822 4237 934 4290 ullo
964 4236 1223 4290 allectum
1264 4235 1536 4305 supplicio
1556 4275 1570 4299 ,
1593 4235 1889 4312 Thessalo-

308 4329 445 4384 nica
473 4328 659 4397 quiete
708 4335 765 4381 ct
803 4334 996 4397 pacate
1041 4326 1098 4396 9
1142 4326 1339 4396 degere
1372 4325 1649 4394 praeepit.
1689 4324 1760 4379 At
1798 4326 1889 4380 ille

307 4434 434 4474 cum
475 4417 874 4486 aliquantisper
909 4415 1234 4485 quievisset,
1267 4414 1514 4469 collectis
1547 4421 1735 4484 postea
1762 4417 1888 4484 qui-

308 4509 539 4564 busdam
562 4505 836 4570 barbaris,
861 4505 1073 4559 cladem
1113 4519 1267 4559 suam
1301 4503 1569 4557 resarcire
1599 4519 1664 4557 ac
1687 4503 1889 4558 bellum

2606 3258 2862 3311 ΚΕΦΔΛ.
2890 3259 2965 3312 A'.

1987 3350 2117 3402 ὀτι
2137 3350 2395 3418 πόλεμος
2413 3347 2642 3417 μεταξὺ
2660 3350 3121 3405 Κωσταντίνου
3137 3350 3236 3405 καὶ
3261 3352 3566 3408 Λικιννίου

2373 3417 2473 3472 διὰ
2496 3419 2891 3486 Χριστιανοὺς
2915 3418 3176 3488 ἐγένετο.

2067 3508 2162 3562 Ἐκ
2183 3508 2241 3562 δέ
2269 3509 2483 3574 τούτου,
2511 3510 2650 3580 πρὸς
2679 3509 2976 3580 ἀπέχθειαν
3004 3512 3268 3584 μεγίστην
3288 3513 3380 3567 τὸν
3412 3514 3564 3585 βασις

1985 3599 2084 3654 λέα
2112 3601 2518 3654 Κωνσταντῖνον
2547 3600 2817 3671 ἐκίνησεν.
2848 3596 3028 3656 Ἧσάν
3055 3619 3114 3654 τε
3160 3603 3428 3675 πολέμιοι,
3457 3607 3565 3659 δια-

1986 3689 2248 3761 κοπείσης
2299 3691 2484 3754 αὐτοῖς
2532 3691 2632 3760 τῆς
2694 3689 3030 3744 ἐπιπλάστου
3080 3693 3278 3762 φιλίας.
3333 3695 3446 3748 Οὐκ
3487 3697 3566 3758 είς

1991 3782 2210 3851 μακράν
2249 3798 2309 3833 τε
2360 3783 2441 3844 είς
2494 3781 2555 3834 τὸ
2607 3781 2866 3852 πολεμεῖν
2916 3782 3178 3852 ἀλλήλους
3224 3786 3563 3856 ἐτράπησαν.

1988 3875 2100 3928 Kal
2135 3871 2344 3926 πολλῶν
2375 3872 2681 3943 γενομένων
2727 3873 3013 3944 συμϐολῶν
3039 3876 3133 3927 καὶ
3167 3876 3308 3928 κατὰ
3340 3877 3442 3948 γῆν
3471 3877 3566 3931 καὶ

1989 3965 2132 4020 κατὰ
2156 3965 2444 4031 θάλατταν,
2475 3964 2627 4028 τέλος
2647 3964 2782 4038 πρὸς
2803 3966 3140 4037 Χρυσόπολιν
3162 3967 3263 4036 τῆς
3291 3967 3562 4034 Βιθυνίας,

1988 4052 2223 4106 ἐπίνειον
2267 4052 2323 4104 δὲ
2369 4051 2524 4106 τοῦτο
2573 4053 2672 4124 τῆς
2713 4053 3054 4125 Χαλκηδόνος
3106 4057 3273 4120 ἐστὶν,
3314 4058 3566 4128 ἡττηθεὶς

1990 4143 2248 4208 ἐξέδωκεν
2273 4143 2482 4197 ἑαυτόν.
2512 4143 2700 4199 Ζῶντα
2719 4140 2813 4198 οὖν
2833 4145 3109 4199 συλλαϐὼν
3134 4147 3566 4218 φιλανθρωπεύε-

1990 4250 2116 4289 ται·
2152 4235 2248 4287 καὶ
2276 4234 2474 4288 κτείνει
2525 4235 2624 4304 μὲν
2666 4236 2939 4307 οὐδαμῶς,
2981 4239 3148 4291 οἰκεῖν
3195 4239 3252 4291 δὲ
3292 4239 3392 4312 τήν
3429 4240 3564 4294 Θεσ-

1994 4325 2280 4397 σαλονίκην
2305 4325 2637 4396 προσέταξεν
2658 4327 3018 4397 ἡσυχάζοντα.
3057 4329 3120 4384 ’0
3138 4330 3194 4382 δὲ
3222 4332 3356 4402 πρὸς
3387 4333 3565 4400 ὀλίγον

1991 4416 2295 4486 ἡσυχάσας,
2353 4414 2580 4486 ὕστερον
2647 4415 2956 4487 βαρϐάρους
3011 4419 3164 4482 τινὰς
3221 4422 3563 4489 συναγαγὼν,

1993 4503 2441 4576 ἀναμαχέσασθαι
2474 4504 2572 4576 τὴν
2607 4499 2778 4577 ἧτταν
2817 4507 3166 4572 ἐσπούδαζεν.
3197 4509 3366 4563 Τοῦτο
3411 4515 3568 4578 γνοὺς

310 4616 564 4670 reparare
602 4607 834 4652 conatus
856 4606 959 4652 est.
993 4597 1113 4663 Quo
1155 4605 1457 4665 comperto,
1493 4593 1880 4652 Constantinus

1991 4599 2019 4650 ὁ
2055 4597 2326 4668 βασιλεὺς,
2378 4597 2732 4668 ἀναιρεθῆναι
2781 4599 2942 4653 αὐτὸν
2985 4599 3303 4671 προσέταξε.
3336 4601 3443 4654 Kal
3473 4620 3567 4655 κε-

308 4707 434 4746 eum
470 4690 656 4745 necari
694 4689 1013 4744 mandavit:
1053 4689 1282 4758 ejusque
1310 4688 1463 4758 jussu
1513 4687 1760 4743 Licinius
1802 4695 1887 4741 est

307 4778 543 4833 occisus.
569 4779 647 4833 lta
669 4778 1064 4833 Constantinus
1088 4777 1255 4831 totius
1275 4777 1427 4831 orbis
1454 4777 1684 4831 Romani
1710 4777 1886 4847 impe-

313 4870 454 4923 rium
492 4869 744 4938 adeptus,
769 4879 825 4923 et
862 4871 992 4940 imp.
1037 4878 1200 4940 atque
1239 4868 1517 4939 Augustus
1559 4872 1884 4940 appellatus,

312 4959 495 5014 denuo
525 4959 592 5013 ad
620 4975 708 5013 res
732 4959 1172 5014 Christianorum
1208 4958 1616 5027 ampliﬁcandas
1645 4961 1889 5016 studium

313 5067 475 5106 suum
517 5051 771 5104 contulit.
814 5050 970 5116 Quod
1015 5051 1238 5120 quidem
1276 5051 1445 5105 variis
1471 5052 1650 5107 modis
1687 5053 1757 5106 ab
1797 5053 1890 5106 illo

313 5150 400 5198 est
420 5142 722 5212 prastitum
744 5161 757 5195 :
781 5142 918 5197 adeo
943 5150 1004 5196 ut
1033 5143 1152 5214 ejus
1168 5158 1336 5212 opera
1351 5157 1439 5197 res
1453 5142 1892 5198 Christianorum

1994 4689 2282 4752 λεύσαντος
2308 4687 2472 4742 αὑτοῦ
2495 4689 2754 4760 ἀνῃρέθη.
2784 4690 3189 4754 Κωνσταντῖνος
3217 4691 3394 4744 τοίνυν
3435 4695 3570 4746 πάνο-

1993 4798 2101 4833 των
2121 4780 2408 4849 γενόμενος
2427 4779 2718 4850 ἐγκρατὴς,
2738 4780 3094 4850 αὐτοκράτωρ
3109 4798 3166 4833 τε
3186 4781 3470 4853 βασιλεὺς(
3485 4785 3568 4851 14)

1993 4869 2346 4939 ἀναδειχθεὶς,
2375 4869 2442 4923 τὰ
2467 4869 2807 4941 Χριστιανῶν
2829 4867 2984 4933 αὖθις
3009 4871 3191 4935 αὔξειν
3218 4872 3563 4938 ἐσπούδαζεν.

2010 4960 2212 5013 Ἐποίει
2240 4977 2300 5013 τε
2329 4959 2486 5013 τοῦτο
2519 4961 2787 5031 διαφόρως
2814 4977 2827 4990 ·
2862 4963 2956 5014 καὶ
2983 4958 3050 5032 ἦν
3079 4965 3138 5015 ἐν
3163 4964 3352 5036 βαθείᾳ
3377 4967 3566 5036 εἰρήνῃ

1996 5050 2066 5104 τὰ
2105 5050 2196 5102 τοῦ
2237 5048 2669 5121 Χριστιανισμοῦ
2719 5049 2786 5102 δι’
2819 5051 3000 5104 αὐτόν.
3054 5052 3214 5106 Ἀλλὰ
3249 5053 3310 5122 δὴ
3340 5055 3440 5124 τὴν
3467 5072 3566 5124 τη-

1998 5141 2261 5212 λικαύτην
2286 5143 2509 5212 εἰρήνην
2543 5140 2801 5210 ἐμφύλιος
2822 5141 2930 5194 τῶν
2962 5143 3304 5213 Χριστιανῶν
3336 5146 3567 5214 πόλεμος

1518 5278 1602 5332 VA
1613 5277 1790 5333 LESll
1827 5276 2272 5334 ANNOTATION
2280 5276 2382 5332 ES.

389 5395 503 5475 (in!)
527 5395 914 5475 Ᾱὺτρκρὰτωρ
957 5393 1054 5449 καὶ
1080 5394 1400 5475 ρασιλεύς.
1426 5395 1485 5448 In
1512 5395 1699 5450 codice
1724 5395 1880 5475 Regic

2000 5395 2332 5475 phorsonus,
2359 5409 2544 5475 regem
2613 5393 2821 5475 Alludit
2845 5394 3308 5475 autem.Socrates.
3331 5393 3399 5475 ad
3427 5392 3566 5472 mili-

318 5463 740 5522 ct'Florentino
784 5466 939 5520 deest
985 5466 1252 5590 particula
1293 5467 1593 5534 xal,quam
1619 5463 1896 5534 supplevit
2001 5463 2114 5519 tum
2160 5463 2601 5529 acclamationes,
2641 5465 2734 5534 qui
2777 5473 2900 5534 post
2947 5465 3214 5533 insignem
3258 5463 3563 5526 victoriam,

319 5535 865 5590 Christoohorsonus.
911 5536 979 5590 Mi
1025 5534 1042 5588 i
1093 5550 1204 5588 non
1244 5535 1537 5589 admodum
1582 5536 1891 5590 necessaria
1998 5537 2299 5590 principem
2333 5551 2492 5589 suum
2536 5535 2926 5590 imperatorem
2959 5543 3015 5588 et
3044 5535 3343 5590 Augustum
3376 5531 3563 5590 appel-

319 5535 865 5607 Christophorsonus.
911 5534 1042 5590 Mihi
1090 5550 1204 5607 non
1244 5535 1537 5607 admodum
1582 5536 1891 5607 necessaria

321 5604 556 5674 videtur:
582 5607 738 5674 Quod
765 5607 808 5660 si
848 5621 970 5661 eam
1000 5605 1239 5659 retinere
1264 5605 1622 5669 voluerimus,
1649 5614 1762 5658 tum
1791 5605 1890 5673 βα-

329 5673 503 5739 σιλεὺς
526 5673 826 5748 Augustum
851 5675 1197 5748 signiﬁcabit,
1223 5691 1333 5732 non
1372 5685 1429 5730 ut
1453 5676 1616 5731 vertit
1638 5674 1886 5733 Christo-

2039 5537 2299 5604 rincipem
2333 5551 2492 5589 suum
2536 5531 2926 5604 imperatorem
2959 5543 3015 5588 et
3044 5531 3343 5604 Augustum
3376 5531 3564 5604 appel-

2015 5621 2107 5660 are
2133 5603 2548 5661 consueverant.
2577 5603 2723 5659 ldem
2748 5605 3020 5660 faciebant
3044 5603 3210 5669 cives,
3247 5617 3371 5656 cum
3413 5603 3564 5673 prin-

1993 5691 2120 5746 ceps
2144 5677 2317 5732 victor
2343 5676 2399 5732 in
2439 5676 2630 5732 urbem
2657 5676 2928 5732 introiret.
