4050 6348
493 214 564 269 45
1480 212 1803 271 HISTORIA
1841 212 2393 275 ECCLESIASTICA.
2436 252 2504 261 —
2544 222 2673 277 LIB.
2722 224 2759 277 1.
3671 230 3744 286 ιο

492 350 582 388 ται
609 333 700 386 καὶ
727 333 928 384 τούτων
950 330 1059 385 τῶν
1081 329 1426 393 ἀποστατῶν,
1457 331 1550 384 καὶ¹
1580 330 1811 402 γράφειν
1852 330 2054 401 ἐπεχείε

2164 349 2280 390 sem
2319 336 2695 407 episcopatum
2736 338 2887 392 nullo
2922 338 3240 403 ulciscente,
3288 342 3511 412 impune
3561 352 3739 402 trans-

493 441 625 496 ρησε
649 422 939 490 πανταχοῦ,
977 422 1238 476 συνιστῶν
1262 422 1477 486 αὐτοὺς,
1495 422 1661 484 εἷπως
1679 419 1926 492 ὑποσύρῃ
1948 422 2059 491 (19)

489 515 641 578 τινὰς
674 513 1000 582 ἀγνοοῦντας
1029 516 1108 577 εἰς
1144 513 1243 584 τὴν
1291 514 1526 583 ἐσχάτην
1569 514 1660 565 καὶ
1698 514 2062 582 χριστομάχον

490 606 700 678 αἵρεσιν
723 623 736 637 δ
780 606 1025 676 ἀνάγκην
1077 606 1255 676 ἔσχον,
1301 606 1455 669 εἰδὼς
1484 606 1546 659 τὸ
1591 607 1648 657 ὲν
1676 604 1754 674 τῷ
1782 605 1932 674 νόμῳ
1965 620 2055 671 γε-

489 698 827 768 γραμμένον,
879 696 1074 767 μηκέτι
1124 698 1220 767 μὲν
1280 697 1578 764 σιωπῆσαι,
1632 696 1951 764 ἀναγγεῖλαι
2004 693 2062 749 δὲ
2104 702 2110 709 “

489 790 653 841 πᾶσιν
684 789 832 858 ὑμῖν,
867 789 953 841 ἵνα
983 786 1287 856 γινώσκητε
1313 785 1438 850 τούς
1465 802 1526 839 σε
1552 786 1863 848 ἀποστάτας
1909 778 2061 853 γενοο

490 880 704 949 μένους,
728 878 905 932 καὶτὰ
926 878 1027 948 τῆς
1047 878 1310 950 αἱρέσεως
1333 877 1514 930 αὐτῶν
1537 876 1773 946 δύστηνα
1795 862 2058 947 ῥημάτια,

484 972 579 1025 καὶ
608 973 699 1025 ἐὰν
743 972 929 1042 γράφῃ
962 970 1238 1045 Εὐσέϐιος,
1285 970 1359 1041 μὴ
1404 969 1730 1041 προσέχητε.
1756 969 1800 1020 Τ
1803 968 1868 1039 ὴν
1895 968 2060 1025 πάλαι

485 1064 594 1132 γὰρ
631 1063 796 1116 αὐτοῦ
840 1062 1132 1116 κακόνοιαν
1161 1062 1260 1130 τὴν
1290 1062 1469 1131 χρόνῳ
1523 1060 1912 1130 σιωπηθεῖσαν,
1966 1058 2060 1115 νῦν

483 1154 571 1208 διὰ
598 1153 805 1206 τούτων
832 1151 1134 1206 ἀνανεῶσαι
1160 1150 1503 1221 βουλόμενος,
1536 1147 1929 1218 σχηματίζεται
1961 1148 2059 1218 μὲν

484 1245 561 1308 ὡς
605 1245 747 1313 ὑπὲρ
794 1244 1001 1299 τούτων
1051 1245 1308 1316 γράφων·
1359 1245 1506 1317 ἔργῳ
1548 1245 1604 1298 δὲ
1644 1245 1936 1305 δείκνυσιν,
1985 1244 2061 1307 ὼς

482 1337 565 1390 ὅτι
614 1336 754 1407 ὑπὲρ
806 1335 1002 1390 ἑαυτοῦ
1052 1336 1388 1401 σπουδάζων,
1441 1334 1599 1389 τοῦτο
1639 1338 1799 1389 ποιεῖ.
1845 1336 1907 1388 Oi
1961 1334 2060 1404 μὲν

480 1424 575 1483 οὖν
614 1429 918 1482 ἀποστάται
964 1428 1247 1498 γενόμενοί
1288 1430 1459 1480 εἰσιν·
1507 1429 1743 1497 Ἀρειος,
1787 1426 2057 1496 Ἀχιλλᾶς,

494 1519 779 1590 Ἀειθαλὴς
829 1521 925 1572 καὶ
964 1519 1297 1588 Καρπὼνης,
1334 1518 1426 1571 καὶ
1473 1519 1658 1584 ἔτερος
1691 1518 1927 1587 Ἄρειος,
1969 1518 2060 1570 καὶ

479 1609 779 1679 Σαρμάτης
810 1609 866 1672 ιι,
917 1610 1013 1661 καὶ⁵
1054 1606 1314 1670 Εὐζὼῖος,
1352 1606 1445 1660 καὶ
1485 1606 1734 1670 Λούκιος,
1787 1607 1881 1659 καὶ
1930 1608 2059 1658 Ἰου-

2165 441 2385 497 gressus
2408 438 2512 491 est,
2538 429 2736 483 horum
2760 438 3127 499 apostatarum
3172 434 3536 501 patrocinium
3563 437 3740 492 susei-

2164 519 2265 588 pit,
2314 526 2371 572 et
2413 519 2626 574 litteras
2666 533 3076 589 quaquaversus
3134 536 3299 576 ausus
3339 531 3423 577 est
3476 524 3738 590 scribere,

2164 607 2558 663 commendans
2583 610 2726 673 illos,
2754 617 2814 663 ut
2840 609 3124 679 imperitos
3169 610 3424 669 homines
3468 614 3536 668 ad
3563 616 3737 683 pessi-

2163 711 2307 751 mam
2352 697 2683 768 Christoque
2729 700 2993 755 infensam
3022 701 3272 757 haaresim
3319 703 3610 758 traducat:
3644 722 3743 760 nc-

2162 791 2461 843 cessarium
2487 791 2617 845 duxi
2645 791 2924 845 silentium
2951 792 3299 863 abrumpere,
3328 801 3515 863 utpote
3556 796 3742 850 sciens

2163 879 2218 933 id
2242 881 2391 949 quod
2439 883 2493 935 in
2542 883 2661 953 lege
2711 884 2979 953 scriptum
3025 893 3130 945 est,
3170 885 3438 955 vobisque
3484 888 3741 941 omnibus

2163 974 2501 1037 renuntiare,
2551 990 2662 1044 quo
2683 984 2742 1028 et
2787 984 3059 1044 apostatas
3087 977 3235 1046 ipsos
3265 986 3321 1031 et
3365 978 3739 1034 infelicissima

2160 1065 2368 1119 erroris
2415 1065 2564 1119 illius
2610 1065 2777 1120 verba
2828 1066 3188 1135 cognoscatis,
3237 1083 3302 1121 ac
3325 1068 3370 1121 si
3398 1067 3538 1123 forte
3573 1070 3742 1127 Euse-

2162 1155 2289 1210 bius
2337 1156 2646 1225 scripserit,
2703 1157 2755 1210 ei
2802 1157 3029 1211 minime
3080 1158 3393 1215 attendatis.
3444 1160 3739 1216 Pristinam

2161 1246 2308 1302 enim
2336 1246 2774 1301 malevolentiam
2798 1263 2974 1313 suam,
3001 1264 3122 1318 quae
3154 1250 3554 1320 longinquitate
3607 1262 3741 1307 tem—

2162 1336 2313 1406 poris
2329 1337 2440 1406 jam
2491 1336 2755 1390 oblivioni
2800 1353 2864 1391 ac
2909 1337 3131 1394 silentio
3178 1339 3380 1394 tradita
3424 1341 3735 1407 videbatur,

2163 1440 2261 1494 per
2289 1424 2422 1479 istos
2449 1440 2716 1479 renovare
2744 1441 2891 1479 nunc
2914 1426 3160 1491 studens,
3190 1429 3411 1484 simulat
3432 1431 3653 1501 quidem
3680 1447 3738 1487 se

2159 1531 2352 1572 eorum
2379 1531 2543 1571 causa
2569 1518 2783 1573 litteras
2813 1519 3056 1573 scribere
3084 1538 3096 1573 :
3126 1521 3306 1589 reipsa
3353 1530 3535 1577 tamen
3560 1523 3740 1579 decla-

2161 1616 2264 1669 rat,
2292 1622 2349 1660 se
2377 1622 2476 1661 sua
2502 1621 2667 1661 causa
2694 1608 3033 1662 laborantem
3058 1609 3112 1663 id
3140 1625 3318 1679 agere.
3347 1612 3550 1666 Eorum
3577 1629 3739 1681 porro

477 1698 680 1761 λιανὸς,
732 1697 829 1751 καὶ
856 1698 1068 1769 Μηνᾶς,
1122 1696 1216 1749 καὶ
1257 1695 1545 1758 Ἐλλάδιος.
1594 1696 1687 1748 καὶ
1735 1694 1913 1759 Γάϊος.
1967 1698 2054 1749 καὶ

2159 1699 2252 1768 qui
2272 1700 2341 1753 ab
2364 1700 2606 1755 Ecclesia
2631 1700 2953 1756 defecerunt
2978 1702 3094 1757 haec
3120 1712 3247 1758 sunt
3270 1705 3527 1758 nomina:
3552 1705 3736 1771 Arius,

479 1790 577 1843 σὺν
610 1790 794 1852 αὐτοῖς
820 1787 1110 1850 Σεκοῦνδος
1141 1788 1235 1839 καὶ
1266 1788 1503 1851 Θεωνᾶς,
1536 1788 1585 1839 οἱ
1616 1788 1747 1840 ποτὲ
1778 1787 2057 1857 λεχθέντες

476 1882 789 1937 ἐπίσκοποι.
848 1882 983 1943 Ποῖα
1038 1880 1094 1932 δὲ
1142 1877 1295 1949 παρὰ
1344 1879 1443 1940 τὰς
1488 1880 1710 1949 Γραφάς
1738 1881 2058 1951 ἐφευρόντες

474 1971 747 2033 λαλοῦσιν,
808 1972 921 2024 ἔστι
956 1970 1126 2024 ταῦτα
1164 1969 1299 2040 (ΞΟ)-
1337 1970 1449 2023 Οὐκ
1501 1970 1588 2023 ἀεὶ
1625 1971 1654 2023 ὁ
1700 1972 1831 2034 Θεὸς
1874 1972 2057 2042 πατὴρ

475 2059 545 2133 ἦν
573 2061 624 2100 1·
671 2061 787 2115 ἀλλ’
820 2058 888 2131 ἦν
926 2061 1014 2114 ὅτε
1063 2063 1091 2113 ὁ
1122 2060 1255 2123 Θεὸς
1299 2061 1479 2133 πατὴρ
1526 2062 1627 2114 οὐκ
1684 2056 1772 2133 ἦν.
1824 2061 1941 2116 Οὐκ
1971 2062 2059 2115 ἀεὶ

472 2150 544 2228 ἦν
576 2157 605 2208 ὁ
632 2156 727 2209 τοῦ
756 2156 893 2208 Θεοῦ
928 2155 1120 2223 Λόγος,
1148 2153 1263 2206 ἀλλ’
1287 2153 1345 2220 ἐξ
1369 2155 1468 2207 οὐκ
1513 2154 1682 2207 ὄντων
1715 2154 1956 2225 γέγονεν.
2001 2157 2058 2209 Ὀ

474 2247 585 2316 γὰρ
614 2245 689 2299 ὣν
715 2246 868 2309 Θεὸς,
890 2245 982 2297 τὸν
1016 2244 1089 2315 μὴ
1114 2245 1242 2297 ὅντα
1276 2244 1341 2296 ἐκ
1364 2242 1458 2297 τοῦ
1488 2244 1561 2315 μὴ
1583 2245 1733 2308 ὄντος
1763 2246 2051 2316 πεποίηκε.

475 2338 568 2390 Διὸ
599 2337 696 2390 καὶ
736 2332 805 2408 ἦν
837 2352 991 2399 ποτε,
1041 2336 1129 2388 ὅτε
1170 2335 1269 2387 οὐκ
1290 2330 1377 2405 ἦν.
1406 2335 1628 2405 Κτίσμα
1661 2338 1768 2407 γάρ
1796 2338 1912 2389 ὲστι
1961 2338 2057 2392 καὶ

474 2428 690 2499 ποίημα
716 2429 744 2480 ό
777 2428 927 2491 Υἱός.
957 2425 1094 2480 υῦτε
1125 2426 1181 2479 δὲ
1214 2426 1399 2498 ὅμοιος
1426 2427 1547 2480 κατ’
1572 2427 1758 2481 οὐσίαν
1784 2429 1860 2499 τῷ
1883 2430 2059 2500 Πατρί

473 2524 645 2587 ἐστιν,
701 2522 822 2575 οὔτε
857 2522 1108 2592 ἀληθινὸς
1157 2524 1251 2576 καὶ
1299 2523 1458 2591 φύσει
1506 2524 1598 2577 τοῦ
1644 2526 1856 2596 Πατρὸς
1888 2526 2059 2594 Λόγος

471 2629 641 2689 ἐστὶν,
685 2627 807 2681 οὔτε
848 2628 1076 2700 ἀληθινὴ
1117 2628 1274 2697 σοερία
1312 2628 1476 2682 αὐτοῦ
1507 2630 1621 2683 ἐστι
1650 2630 1792 2701 (21)·
1829 2632 1945 2685 ἀλλ’
1979 2629 2057 2697 εἷς

477 2734 575 2805 μὲν
613 2732 721 2785 τῶν
751 2732 1070 2802 ποιημάτων
1099 2732 1192 2785 καὶ
1230 2732 1473 2803 γενητῶν
1504 2736 1618 2787 ἐστι
1639 2752 1651 2764 ·
1684 2752 2056 2807 καταχρηστι-

473 2838 583 2901 κῶς
635 2838 690 2890 δὲ
741 2839 915 2905 Λόγος
965 2837 1060 2890 καὶ
1108 2837 1298 2906 Σοφία,
1340 2838 1627 2907 γενόμενος
1667 2840 1761 2891 καὶ
1800 2840 1962 2903 αὐτὸς
2000 2841 2057 2893 δὲ

471 2942 551 3011 τῷ
575 2942 686 3013 (2‘2)
714 2942 827 3013 ἰδίῳ
855 2942 945 2995 τοῦ
966 2941 1100 2995 Θεοῦ
1127 2942 1288 3012 λόγῳ,
1312 2945 1406 2995 καὶ
1430 2945 1495 3013 τῇ
1521 2943 1579 2994 ὲν
1616 2942 1693 3011 τῷ
1714 2942 1831 3011 Θεῷ
1873 2944 2053 3013 σοφίᾳ,

2159 1789 2422 1852 Achillas,
2448 1789 2712 1852 Aithales,
2738 1789 3037 1860 Carpones,
3065 1793 3204 1846 alter
3228 1792 3413 1857 Arius,
3443 1794 3736 1859 Sarmates,

2158 1880 2417 1945 Euzoius,
2436 1880 2664 1945 Lucius,
2689 1881 2962 1945 Julianus,
2985 1883 3189 1947 Menas,
3213 1884 3513 1949 Ilelladius,
3530 1885 3699 1939 Gaius
3723 1903 3736 1937 :

2159 1987 2391 2042 cumque
2438 1973 2525 2028 his
2566 1973 2852 2028 Secundus
2897 1990 2959 2029 ac
3007 1973 3279 2039 Thconas,
3306 1977 3397 2045 qui
3443 1977 3572 2031 olim
3618 1977 3739 2046 epi-

2159 2064 2309 2133 scopi
2334 2075 2464 2119 sunt
2485 2065 2777 2135 appellati.’
2791 2064 2865 2119 Ea
2887 2080 3027 2120 vero
3051 2080 3173 2134 quae
3197 2067 3317 2119 sine
3356 2066 3465 2120 ulla
3493 2066 3741 2137 Scriptu-

2160 2171 2344 2209 rarum
2372 2158 2699 2211 auctoritate
2722 2155 3015 2210 commenti
3055 2164 3262 2211 temere
3286 2155 3565 2223 eﬂ‘utiunt,
3613 2170 3736 2214 sunt

2159 2245 2472 2317 hujusmodi
2502 2265 2512 2297 :
2540 2246 2706 2309 Deus,
2733 2246 3005 2315 inquiunt,
3034 2262 3146 2302 non
3168 2261 3384 2316 semper
3421 2246 3526 2303 fuit
3564 2259 3737 2315 pater,

2159 2337 2255 2391 sed
2290 2348 2508 2407 tempus
2551 2337 2765 2393 exstitit
2801 2352 2925 2390 cum
2971 2338 3116 2392 Deus
3142 2339 3369 2392 minimc
3391 2349 3540 2394 esset
3563 2350 3736 2410 pater.

2158 2428 2401 2483 Verbum
2425 2429 2522 2482 Dei
2546 2444 2654 2483 non
2681 2444 2897 2498 semper
2919 2427 3043 2492 fuit,
3083 2430 3180 2482 sed
3228 2436 3409 2483 ortum
3431 2438 3608 2484 estex
3651 2433 3742 2486 ni—

2160 2521 2291 2575 hilo.
2322 2521 2469 2575 Deus
2489 2522 2637 2575 enim
2663 2522 2756 2591 qui
2790 2529 2893 2585 est,
2922 2521 3073 2573 illum
3101 2520 3195 2589 qui
3222 2535 3330 2574 non
3376 2531 3514 2585 erat,
3564 2538 3632 2577 ex
3674 2538 3740 2578 co

2160 2615 2305 2684 quod
2329 2630 2438 2667 non
2463 2623 2549 2668 est
2572 2613 2898 2683 procreavit.
2939 2612 3177 2667 Proinde
3209 2621 3423 2683 tempus
3448 2615 3737 2683 aliquando

2161 2706 2265 2759 fuit
2304 2721 2429 2759 cum
2479 2720 2589 2759 non
2630 2714 2774 2758 esset
2825 2722 2837 2756 ε
2891 2705 3093 2773 quippe
3142 2703 3314 2757 Filius
3358 2714 3608 2759 creatura
3657 2715 3735 2760 est

2161 2812 2429 2867 opusque.
2479 2798 2666 2865 Neque
2714 2812 2844 2850 vero
2894 2796 3093 2850 similis
3136 2803 3221 2851 est
3245 2795 3391 2850 Patri
3436 2796 3738 2851 secundum

2162 2889 2543 2952 substantiam,
2594 2902 2774 2955 neque
2827 2902 3018 2940 verum
3059 2903 3121 2942 ac
3148 2889 3444 2956 genuinum
3468 2888 3561 2943 Dei
3611 2890 3736 2942 Ver-

2162 2981 2316 3043 bum,
2344 2994 2447 3033 nec
2471 2994 2600 3032 vera
2622 2977 2867 3047 ejusdem
2895 2978 3180 3045 sapientia.
3209 2977 3313 3030 Sed
3349 2993 3491 3032 unus
3515 2979 3735 3047 quidem

472 3048 535 3099 ὲν
628 3047 722 3099 καὶ
745 3045 813 3099 τὰ
840 3048 1015 3099 πάντα
1062 3048 1158 3100 καὶ
1182 3047 1344 3100 αὐτὸν
1381 3046 1681 3116 πεποίηκεν
1707 3048 1736 3099 ό
1769 3047 1919 3110 Θεός.
1958 3048 2051 3100 Διὸ

2161 3081 2335 3126 estex
2362 3070 2625 3139 operibus
2666 3079 2722 3121 ct
2760 3067 3029 3121 creaturis
3060 3083 3071 3118 :
3102 3067 3327 3120 abusive
3375 3077 3557 3121 autem
3606 3071 3724 3122 Ver.

474 3152 569 3205 καὶ
596 3153 830 3223 στρεπτός
874 3153 989 3204 ἐστι
1023 3152 1117 3204 καὶ
1165 3151 1454 3214 ἀλλοιωτὸς
1477 3151 1575 3222 τὴν
1610 3150 1793 3219 φύσιν,
1855 3153 1929 3213 ὡς
1959 3154 2053 3205 καὶ

472 3257 649 3309 πάντα
696 3256 763 3310 τὰ
801 3256 1014 3327 λογικά.
1041 3255 1201 3318 Ξένος
1236 3272 1293 3306 τε
1321 3254 1415 3307 καὶ
1443 3255 1743 3324 ἀλλότριος,
1801 3255 1895 3307 καὶ
1945 3256 2051 3307 ἀπ-

2162 3162 2293 3215 bum
2320 3161 2522 3215 dicitur
2547 3168 2711 3228 atque
2761 3156 3067 3225 Sapientia,
3097 3156 3299 3225 quippe
3346 3172 3469 3211 cum
3518 3168 3573 3213 et
3624 3160 3734 3229 ipse

2159 3252 2435 3306 exstiterit
2460 3266 2559 3321 per
2580 3248 2863 3319 proprium
2894 3247 2994 3315 12
3039 3247 3135 3301 Dei
3160 3247 3388 3302 verbum
3414 3259 3469 3304 et
3509 3266 3608 3320 per
3632 3259 3733 3305 'sa-

1671 3367 1938 3422 VALESII
1993 3365 2543 3423 ANNOTATIONES.

542 3456 651 3525 (l9)
686 3458 858 3520 Ἴσως
899 3458 1199 3525 ὑποσύρῃ.
1237 3457 1393 3526 Apud
1431 3456 1706 3511 Gelasium
1732 3457 1786 3509 in
1814 3457 2052 3510 Ilisloria

467 3526 691 3599 concilii
718 3527 919 3599 Niezcni
945 3528 1097 3599 libro
1130 3543 1187 3589 ll,
1214 3529 1431 3599 legitur
1472 3528 1618 3589 ὅπως
1647 3526 1911 3599 ὑποσύρῃ.
1946 3526 2052 3599 Sed

470 3596 528 3648 in
574 3597 769 3667 codice
804 3596 1003 3650 Leonis
1042 3597 1223 3651 Allatii
1266 3596 1531 3666 Scriptum
1569 3603 1651 3649 cst
1694 3596 1881 3659 εἴπως,
1908 3596 2054 3667 quod

466 3665 871 3736 praeferendum
898 3678 1048 3735 puto.

543 3730 651 3805 (~20)
684 3737 849 3805 Ἔστι
877 3730 1079 3790 facta.
1124 3738 1251 3791 Post
1278 3736 1393 3791 haec
1422 3737 1585 3789 verba
1614 3738 1667 3788 in
1693 3734 1882 3790 codice
1930 3734 2052 3805 Flo-

466 3805 690 3876 rentino
714 3804 827 3876 haec
850 3806 1141 3870 habentur,
1161 3807 1275 3868 πῶς
1307 3807 1593 3875 φρονοῦσιν
1620 3804 2051 3876 ’Λρειανοίηρυὶῑξ

465 3874 537 3926 ad
563 3875 865 3944 marginem
893 3877 1076 3945 potius
1118 3877 1317 3931 ascribi
1352 3874 1692 3929 debuerant.
1717 3875 1871 3942 Apud
1895 3874 2052 3928 Gela-

432 3950 441 3957 '
466 3944 1184 4015 slumsitniliter'scriptum
1223 3955 1307 4001 est
1334 3946 1437 3999 hoc
1462 3947 1581 3999 loco
1606 3946 1799 4015 δόγμα,
1817 3946 1871 3994 Ἀ
1884 3946 2044 4015 ρείου.

541 4013 653 4082 (21)
684 4015 831 4067 Οὔτε
855 4013 1113 4083 ἀληθινὴ
1139 4019 1324 4083 σοφία
1350 4016 1535 4068 αὑτοῦ
1563 4016 1751 4066 ἐστιν.
1781 4014 1909 4067 Post
1934 4014 2048 4067 lucc

464 4083 851 4156 verbadeerat
892 4085 1100 4153 integra
1147 4087 1429 4156 perieope,
1454 4100 1617 4153 quam
1645 4100 1746 4137 nos
1768 4100 1841 4156 ea
1870 4084 2051 4156 tribus

464 4153 752 4207 codicibus
776 4156 1001 4218 nostris,
1033 4153 1370 4216 Florentino,
1412 4155 1706 4215 Sfortiano,
1751 4153 2044 4213 Allatiano,

462 4231 523 4294 e_t
547 4237 613 4275 ex
630 4222 851 4294 Gelasio
873 4224 1141 4294 Cyziceno
1165 4225 1541 4293 supplevimus
1582 4225 1687 4278 hoc
1720 4223 1903 4294 modo,
1932 4224 2047 4275 ἀλλ’

461 4287 567 4363 εἷς,
587 4292 686 4360 μὲν
711 4294 819 4344 τῶν
860 4287 1179 4363 ποιημάτων
1208 4287 1301 4345 καὶ
1339 4296 1577 4360 γενητῶν
1612 4300 1747 4345 ἐστι.
1771 4292 1901 4357 Qum
1926 4310 2048 4347 vcr-

464 4362 534 4415 ba
558 4362 615 4414 in
641 4377 742 4416 suo
766 4365 930 4417 etiam
956 4362 1144 4418 etitdice
1171 4365 1374 4431 legerat
1422 4364 1619 4432 Epiph.
1649 4363 2041 4427 Scholastieus,

460 4433 609 4511 sicut
629 4446 698 4485 ex
722 4434 972 4511 versione
1013 4436 1132 4503 ejus
1173 4434 1647 4511 apparet._”l‘otm_n
1675 4433 1821 4485 enim
1862 4433 2041 4511 lectum
2079 4457 2119 4511 ι)

462 4502 541 4555 ita
584 4504 862 4556 transtulit
892 4521 903 4554 :
931 4503 1189 4557 Creatura
1234 4513 1308 4555 est
1358 4505 1493 4555 enim
1522 4512 1571 4556 et
1598 4504 1805 4570 factura
1852 4502 2039 4562 Filius.

459 4587 630 4642 neque
652 4573 838 4626 similis
866 4583 940 4626 est
967 4575 1119 4627 Patri
1159 4573 1441 4626 secundum
1469 4574 1851 4635 substantiam;
1879 4590 2041 4642 neque

456 4657 614 4696 verus
637 4651 733 4713 est,
762 4660 926 4711 neque
950 4661 1071 4713 vera
1095 4645 1357 4713 sapientia
1386 4645 1499 4712 ejus
1528 4653 1620 4706 est,
1651 4658 1815 4711 neque
1860 4659 2039 4695 verum

459 4712 787 4766 naturaliter
814 4714 990 4767 Patris
1019 4711 1236 4768 Verbum
1260 4721 1356 4775 est,
1386 4711 1475 4767 sed
1500 4731 1632 4765 unus
1660 4712 1868 4781 quidem
1889 4729 2040 4766 crea-

460 4792 708 4836 turarum
748 4792 795 4835 et
842 4783 1171 4851 iacturarum
1197 4792 1291 4837 est.
1319 4784 1397 4836 Ex
1426 4784 1511 4837 bis
1535 4790 1764 4852 apparet
1790 4782 2037 4836 GrIecum

2158 3458 2406 3511 codicem
2432 3455 2674 3510 Socratis
2697 3470 2806 3525 quo
2831 3470 2966 3511 usus
2988 3463 3072 3510 est
3095 3455 3293 3526 Epiph.
3343 3456 3732 3525 Scholastirus,

2157 3542 2185 3580 a
2214 3527 2416 3581 nostris
2442 3526 2604 3594 paulo
2630 3526 2907 3579 diversum
2956 3526 3143 3580 fuisse.
3169 3526 3351 3581 Codex
3387 3536 3566 3582 tamen
3595 3531 3731 3584 Leo-

2156 3598 2243 3669 nis
2267 3596 2630 3669 Allatiiplane
2651 3596 2851 3669 similis
2871 3606 2948 3651 est
2975 3598 3024 3650 ei
3049 3612 3226 3669 quem
3253 3604 3473 3669 secutus
3496 3607 3576 3652 est
3607 3602 3731 3669 Epi-

2155 3667 2410 3735 phanius.
2449 3666 2539 3736 Sic
2575 3665 2721 3719 enim
2765 3666 2971 3720 habet:
3014 3666 3149 3720 Οὔτε
3188 3667 3242 3736 δὲ
3275 3668 3523 3736 ἀληθινός
3565 3665 3731 3732 ἐστὶν,

2154 3737 2276 3788 οὒτε
2306 3735 2534 3804 ἀληθινὴ
2564 3736 2724 3804 σοφία
2765 3737 2928 3789 αὐτοῦ
2972 3739 3119 3789 ἐστιν
3139 3752 3151 3767 ο
3184 3735 3308 3806 οὔτε
3358 3735 3607 3806 ἀληθινὸς
3638 3743 3734 3793 καῖ

2155 3806 2312 3873 φύσει
2340 3807 2430 3857 τοῦ
2460 3807 2669 3876 Πατρός
2699 3806 2867 3876 Λόγος
2901 3808 3066 3858 ἐστίν·
3100 3806 3216 3857 ἀλλ’
3240 3804 3319 3867 εἷς
3357 3804 3456 3876 μὲν
3486 3809 3592 3858 τῶν
3614 3826 3734 3874 γεν-

2152 3876 2409 3944 νημάτων
2439 3875 2534 3926 καὶ
2567 3875 2804 3945 ποιητῶν
2829 3877 2943 3927 ἐστι
2967 3893 2979 3904 ·
3019 3875 3471 3945 καταχρηστικῶς
3494 3878 3548 3929 δὲ
3579 3878 3733 3945 λὲγε-

2152 3963 2241 3997 ται
2274 3947 2465 4008 Λόγος,
2509 3944 2623 4005 καί,
2657 3954 2762 3997 etc.
2791 3945 2939 3997 Adeo
2966 3946 3107 3997 inter
3135 3962 3191 3997 se
3242 3947 3596 4000 consentiunt
3631 3944 3731 4002 au-

2153 4024 2334 4067 ctores
2358 4014 2610 4066 Historia:
2630 4014 2915 4082 tripertitae
2939 4014 3140 4067 Grzeeze
3168 4031 3229 4067 ac
3257 4015 3481 4079 Latium,
3512 4027 3569 4069 ut
3593 4020 3733 4072 alter

2148 4085 2215 4137 ab
2241 4084 2413 4136 altero
2440 4091 2721 4135 mutuatus
2745 4084 2918 4136 videri
2943 4084 3135 4151 possit.

2220 4154 2331 4225 (2'2)
2358 4154 2690 4225 (everterat;
2721 4154 2822 4225 arat
2843 4152 3023 4225 αὐτὸς
3051 4152 3239 4225 δὲξΐῷ.
3270 4154 3329 4206 In
3356 4156 3731 4225 manuscripto

2148 4223 2338 4275 codice
2372 4222 2780 4295 l.eonis_All_atii
2812 4223 3077 4295 bicﬂlocus
3127 4223 3203 4295 ita
3252 4224 3474 4295 legitur,
3505 4222 3731 4295 γενόμε-

2148 4310 2235 4353 νος
2269 4295 2361 4344 καὶ
2391 4292 2549 4353 αὐτὸς
2579 4293 2632 4343 δὲ
2663 4292 2736 4342 ὢν
2772 4295 2828 4344 ὲν
2858 4292 2931 4359 τῷ
2976 4292 3088 4361 ἰδίῳ
3115 4293 3207 4343 τοῦ
3258 4294 3392 4346 (εξοῦ
3437 4294 3599 4362 λόγῳ,
3639 4292 3729 4349 καὶ

2148 4365 2204 4413 ὲν
2230 4367 2295 4431 τῇ
2332 4363 2425 4413 τοῦ
2456 4362 2589 4412 Θεοῦ
2627 4363 2805 4432 σοφίᾳ.
2849 4362 3021 4427 Quam
3064 4362 3356 4415 lectionem
3404 4373 3625 4419 secutus
3648 4377 3727 4419 est

2148 4433 2313 4485 etiam
2340 4433 2537 4505 Epiph.
2567 4432 2836 4485 Scholast.
2856 4434 2956 4505 qui
3002 4432 3083 4505 sic
3103 4433 3268 4485 vertit
3295 4452 3306 4485 :
3336 4434 3525 4487 Fartus
3552 4444 3599 4487 et
3624 4439 3727 4505 ipse

2149 4513 2195 4554 et
2245 4505 2495 4575 ersistojns
2522 4504 2573 4553 in
2599 4504 2813 4575 propria
2849 4503 2938 4575 Dei
2976 4504 3237 4575 eurbo,_rt
3284 4506 3335 4556 in
3379 4505 3474 4557 Dei
3516 4503 3727 4575 sapien-

2152 4574 2379 4635 tia,ete.
2410 4574 2518 4624 Nos
2565 4587 2696 4623 vero
2742 4573 3032 4624 lectionem
3082 4572 3333 4625 codicum
3386 4572 3726 4640 nostrorum,

2150 4643 2326 4707 Regii.
2357 4641 2655 4713 Florentini
2679 4649 2733 4694 et
2758 4642 3016 4713 Sl‘ortiani
3043 4644 3197 4709 sequi
3226 4645 3538 4709 maluimus,
3563 4664 3726 4713 quam

2147 4720 2203 4766 ct
2229 4713 2477 4766 Gelasitts
2500 4711 2821 4773 confirmat;
2848 4712 2953 4763 nisi
3000 4713 3143 4779 quod
3186 4715 3513 4780 particulam
3540 4711 3595 4768 ὃξ
3620 4733 3724 4771 non

2149 4784 2414 4851 agnoscit,
2443 4798 2561 4850 quae
2586 4797 2684 4849 pro
2708 4781 2770 4850 δὴ
2796 4782 2972 4849 posita
2999 4781 3231 4837 videtur.

1918 4893 2303 4949 \‘ARIORUM.

454 4991 833 5061 subiecerunt.
862 4989 1082 5059 Legitur
1105 4989 1256 5061 item,
1281 4988 1721 5061 inquiunt,_apud
1745 4986 2043 5061 Gelasium,

454 5056 664 5125 libftt,
716 5077 836 5129 cap.
887 5056 1110 5121 Eiram
1161 5056 2045 5129 subscriptionibus,sedtuemlis

452 5132 622 5185 etiam
668 5127 866 5184 obsita.
913 5130 1157 5182 llabetur
1205 5129 1439 5197 denique
1491 5129 1632 5193 apud
1678 5127 2041 5197 I‘Zpipbaniutn

453 5201 880 5260 Scholasticum,
906 5199 1156 5253 Historim
1183 5199 1471 5267 tripertita:
1503 5198 1596 5249 lib.
1629 5213 1808 5267 μαψ.
1840 5196 1923 5247 15.

530 5272 555 5308 li
582 5272 691 5322 Καὶ
721 5269 1054 5337 Στιρμάτης.
1086 5271 1213 5323 Pest
1241 5265 1532 5336 Σαρμάτης
1562 5266 1711 5319 addit
1759 5265 2038 5333 exemplar

451 5340 944 5395 Benedictinorum
982 5342 1030 5391 οἱ
1078 5341 1205 5392 ποτὲ
1255 5339 1640 5410 πρεσϐύτεροι·
1673 5343 1729 5388 cl
1756 5351 1879 5389 mox
1917 5343 2040 5403 post

450 5411 637 5474 Γάϊος,
668 5413 716 5463 οἱ
751 5412 885 5462 ποτὲ
918 5410 1171 5462 διάκονοι.

588 5483 711 5535 Οὐκ
741 5481 834 5534 ἀεὶ
860 5484 890 5532 ό
918 5479 1060 5543 Θεὸς
1085 5478 1280 5546 πατὴρ
1302 5475 1500 5548 ἧνται.
1526 5476 1790 5548 Georgius
1826 5474 2033 5548 Bullus,

450 5551 509 5607 in
534 5551 650 5607 haec
676 5552 933 5620 dogmata
958 5548 1281 5620 Arianorum
1325 5546 1786 5620 animadvertetis,
1815 5546 1911 5620 ait,
1942 5560 2038 5597 eos

448 5622 622 5691 Λόγον
648 5615 953 5693 duplicem,
986 5628 1043 5671 ut
1085 5628 1137 5672 ct
1191 5619 1461 5686 duplicem
1494 5618 1687 5684 Σοφίαν
1737 5615 2032 5678 statuisse;

2152 4986 2384 5038 alterum
2414 4987 2467 5038 in
2506 4986 2624 5054 ipso
2650 4988 2809 5040 Patre
2839 4988 3175 5041 residentem
3207 4989 3395 5055 Λόγον,
3424 4991 3720 5043 natumlcm

2150 5055 2322 5123 ipsius
2344 5066 2399 5109 et
2426 5058 2735 5124 proprium;
2767 5073 2862 5125 per
2888 5073 3071 5125 quem,
3101 5066 3154 5110 et
3194 5060 3601 5113 universitatem
3644 5077 3729 5111 rc-

2150 5141 2269 5178 rum
2295 5134 2347 5180 et
2376 5130 2545 5191 Λόγον
2567 5128 2730 5180 alium
2757 5128 3031 5191 condidit;
3060 5129 3292 5182 alterum
3320 5145 3347 5182 a
3376 5130 3535 5183 Patre
3562 5139 3616 5181 et
3640 5131 3725 5182 in—

2142 5196 2246 5247 sito
2267 5197 2420 5264 Λόγῳ
2448 5206 2813 5263 procreatum,
2832 5199 2923 5265 qui
2944 5198 3115 5263 Λόγος
3138 5201 3453 5252 nominetur
3477 5200 3727 5261 abusive,

2137 5266 2337 5333 quippe
2364 5269 2456 5334 qui
2501 5283 2603 5318 nee.
2628 5268 2925 5333 genuinum
2970 5269 3090 5336 ejus
3115 5270 3352 5322 Verbum
3380 5270 3469 5326 sit,
3502 5284 3599 5321 nec
3624 5270 3723 5336 ipsi

2136 5346 2492 5393 court-ornum,
2524 5339 2617 5389 sed
2647 5338 2705 5399 ἐξ
2728 5339 2825 5389 οὐκ
2866 5340 3032 5389 ὄντων
3061 5356 3087 5391 a
3118 5340 3227 5391 Deo
3272 5342 3414 5391 hunc.
3457 5339 3715 5391 mundum

2137 5406 2427 5459 condituro
2453 5408 2629 5460 factus
2655 5408 2821 5461 fuerit
2845 5426 2858 5467 :
2900 5416 2952 5459 et
2992 5410 3137 5461 hunc
3166 5411 3525 5475 posteriorem
3552 5408 3719 5471 Λόγον

2136 5475 2475 5611 Filimlp)l)ei
2523 5478 2794 5533 dicebant.
2828 5480 3060 5546 (nefriis.
3096 5478 3237 5531 Fidei
3282 5480 3418 5540 Min,
3470 5486 3601 5529 sect.
3630 5477 3714 5530 lli.

2136 5560 2256 5611 cap.
2327 5588 2337 5598 .

2135 5560 2256 5615 cap.
2285 5547 2337 5599 lt.
