4050 6348
325 194 393 249 47
1770 178 1891 235 SOC

1996 177 2103 231 TIS
3497 177 3566 232 48

322 311 590 382 pientiam
613 323 734 379 quze
758 309 816 363 in
839 309 950 365 Deo
975 317 1080 373 est,
1110 308 1164 361 in
1192 321 1299 376 qua
1346 306 1491 358 Deus
1539 310 1652 357 tum
1701 310 1891 356 caetera

2001 299 2403 368 εσχοινισμένος
2425 298 2572 352 ἐστὶν
2593 300 2621 352 6
2643 298 2812 368 Λόγος
2834 298 2933 368 τῆς
2961 298 3054 352 τοῦ
3075 297 3210 352 Θεοῦ
3232 298 3436 362 οὐσίας.
3459 300 3568 353 Καὶ

319 401 530 465 omnia,
559 407 675 454 tum
720 414 847 455 eum
895 400 1074 469 ipsum
1096 396 1244 451 fecit.
1291 393 1656 461 Quamobrem
1702 399 1893 460 suapte

322 508 520 555 natura
544 490 892 548 conversioni
913 488 1185 544 obnoxius
1207 494 1290 541 est
1331 500 1395 540 ae
1416 482 1726 546 mutationi,
1772 495 1897 550 per-

330 588 456 644 inde
498 601 564 641 ac
604 583 817 653 reliqua
861 579 1170 636 rationalia.
1219 577 1551 631 Extraneum
1573 582 1632 628 et
1654 574 1895 628 alienum

326 691 411 735 est
452 676 715 739 Verbum,
761 687 827 729 ac
866 679 1136 727 semotum
1161 667 1312 722 aDei
1337 665 1660 721 substantia.
1701 664 1897 747 Invisi-

331 770 455 825 bilis
477 775 639 837 atque
663 760 1046 819 inenarrabilis
1065 766 1150 812 est
1171 754 1307 811 Filio
1331 755 1523 810 Pater:
1549 768 1726 823 neque
1745 752 1896 808 enim

329 858 568 932 perfecte
590 861 647 911 et
667 860 853 909 exacte
876 850 1046 906 Filius
1070 847 1226 902 novit
1256 847 1495 910 Patrem,
1541 860 1720 914 neque
1764 858 1893 898 eum

325 948 567 1022 perfecte
590 945 779 1001 videre
800 949 999 1012 potest.
1023 940 1158 994 Nam
1185 952 1287 992 nec
1333 951 1487 992 suam
1537 936 1713 1006 ipsius
1759 934 1895 990 sub-

327 1041 583 1096 stantiam
605 1034 757 1092 novit
779 1032 971 1096 Filius,
1007 1027 1315 1101 cujusmodi
1340 1028 1430 1083 sit.
1457 1026 1740 1097 Siquidem
1764 1042 1894 1097 pro-

326 1144 447 1204 pter
487 1144 591 1186 nos
613 1128 789 1183 factus
831 1132 938 1190 est,
963 1131 1027 1177 ut
1067 1122 1189 1191 ejus
1232 1128 1494 1190 tanquam
1540 1118 1895 1174 instrumenti

319 1222 605 1295 cujusdam
637 1231 804 1289 opera
825 1216 973 1271 Deus
1013 1230 1114 1271 nos
1136 1220 1367 1270 crearet.
1410 1211 1523 1267 Nec
1565 1212 1682 1281 ipse
1725 1210 1893 1265 exsti-

326 1316 482 1369 tisset
516 1325 780 1381 unquam,
828 1307 938 1363 nisi
979 1308 1125 1362 Deus
1146 1321 1249 1361 nos
1292 1319 1481 1360 creare
1513 1304 1799 1358 voluisset.
1827 1302 1896 1356 Et

323 1415 446 1455 cum
488 1398 711 1470 quidam
733 1411 831 1453 eos
877 1396 1289 1465 interrogasset,
1314 1402 1497 1447 utrum
1520 1391 1620 1446 Dei
1654 1390 1894 1445 Verbum

323 1492 523 1548 mutari
550 1496 737 1562 posset
761 1487 925 1543 sicuti
947 1494 1194 1541 mutatus
1226 1492 1311 1540 est
1333 1483 1605 1546 diabolus,
1657 1480 1763 1552 ipsi
1784 1496 1895 1536 non

321 1583 481 1639 veriti
509 1590 640 1638 sunt
664 1578 997 1651 respondere
1024 1594 1037 1630 :
1063 1576 1226 1633 Certe
1262 1583 1463 1647 potest.
1490 1574 1586 1629 Est
1606 1574 1755 1629 enim
1797 1589 1896 1628 na-

1996 390 2232 462 ἄρρητὸς
2257 391 2406 444 ἐστιν
2423 390 2536 463 (25)
2557 393 2585 444 6
2605 391 2795 461 Πατὴρ
2814 390 2891 461 τῷ
2912 390 3045 461 Υίῷ.
3065 391 3203 444 Οὔτε
3218 390 3328 460 γὰρ
3346 390 3568 456 τελείως

1997 482 2095 535 καὶ
2122 480 2367 552 ἀκριϐῶς
2400 479 2656 550 γινώσκει
2702 482 2732 533 6
2767 481 2892 546 Υίὸς
2936 481 3027 535 τὸν
3055 481 3294 551 Πατέρα,
3323 479 3447 534 οὔτε
3482 498 3569 535 τε-

1999 572 2159 637 λείως
2188 573 2323 644 ὀρᾷν
2357 572 2522 627 αὑτὸν
2549 573 2795 627 δύναται.
2837 571 2942 626 Καὶ
2978 572 3088 644 γὰρ
3123 572 3317 628 ἑαυτοῦ
3346 571 3444 643 τὴν
3472 573 3563 626 ού-

1997 665 2120 717 σίαν
2144 664 2245 718 οὐκ
2267 660 2407 717 οἶδεν
2432 666 2461 717 6
2507 664 2631 727 Υἱὸς
2662 663 2738 726 ὡς
2760 662 2876 717 ἐστι
2896 679 2910 694 ’
2935 663 3001 716 δι’
3030 664 3176 734 ἡμᾶς
3209 664 3318 733 γὰρ
3339 663 3570 737 πεποίη-

1994 773 2108 817 ται,
2144 756 2231 810 ἵνα
2254 758 2400 827 ἡμᾶς
2427 756 2494 809 δι’
2523 754 2690 809 αὑτοῦ
2714 756 2789 818 ὼς
2814 755 2881 808 δι’
2908 755 3143 827 ὀργάνου
3167 755 3330 827 κτίσῃ
3347 755 3377 807 6
3395 754 3528 818 Θεός
3547 770 3563 785 ⁸

1995 848 2090 901 καὶ
2120 846 2221 900 οὐκ
2255 848 2323 901 ἂν
2359 848 2586 917 ὑπέστη.
2621 849 2670 900 εί
2708 845 2784 918 μὴ
2817 847 2964 917 ἡμᾶς
2986 848 3015 900 6
3036 846 3168 910 Θεὸς
3192 846 3386 914 ἢθελεν
3411 847 3568 916 ποιῆ-

1997 955 2108 993 σαι.
2157 938 2434 1010 Ἥρώτησε
2479 938 2608 1008 γοῦν
2652 957 2735 1002 τις
2778 939 2997 1005 αὐτοὺς,
3050 940 3099 992 εί
3130 937 3352 993 δύναται
3398 939 3430 991 ὁ
3470 936 3566 992 τοῦ

1994 1029 2130 1082 Θεοῦ
2174 1030 2345 1098 Λόγος
2380 1022 2659 1101 τραπῆναι
2688 1031 2763 1094 ὡς
2802 1032 2831 1083 6
2872 1028 3118 1093 διάϐολος
3171 1030 3383 1101 ἐτράπη
3404 1045 3417 1060 ’
3471 1029 3569 1084 καὶ

1994 1121 2095 1174 ούκ
2126 1121 2474 1192 ἐφοϐήθησαν
2520 1124 2715 1185 εἰπεῖν,
2760 1122 2867 1175 Nai.
2897 1122 3141 1175 δύναται.
3177 1122 3428 1192 Τρεπτῆς
3460 1120 3567 1192 γὰρ

1996 1208 2215 1278 φύσεώς
2244 1212 2355 1281 (Ἡ)
2382 1214 2521 1274 ἐστι,
2554 1210 2810 1283 γεννητὸς
2841 1211 2952 1280 (‘25)
2985 1211 3078 1264 καὶ
3118 1211 3350 1282 τρεπτός
3396 1211 3568 1281 ὑπάρ-

1995 1319 2125 1372 χων.
2172 1302 2356 1356 Ταῦτα
2399 1303 2658 1371 λέγοντας
2693 1303 2819 1367 τοὺς
2874 1302 3005 1373 περὶ
3037 1303 3279 1375 Ἀρειον,
3337 1303 3434 1356 καὶ⁹
3478 1302 3569 1355 ἐπὶ

1994 1393 2205 1457 τούτοις
2250 1393 2759 1464 ἀναισχυντοῦντας,
2791 1394 2986 1459 αὐτούς
3016 1410 3079 1447 τε
3120 1394 3217 1449 καὶ
3266 1395 3392 1458 τοὺς
3444 1411 3567 1446 συν-

1996 1483 2466 1554 ακολουθήσαντας
2500 1485 2703 1549 αὐτοῖς,
2727 1486 2886 1555 ἡμεῖς
2909 1486 3007 1554 μὲν
3037 1484 3174 1557 μετὰ
3198 1484 3305 1538 τῶν
3337 1484 3456 1538 κατ’
3479 1483 3567 1536 Λῖ-

1996 1591 2202 1642 γυπτον
2236 1575 2549 1629 ἐπισκόπων
2578 1575 2675 1629 καὶ
2706 1579 2804 1646 τῆς
2833 1577 3037 1646 Λιϐύης
3069 1575 3202 1646 (ἓϐ),
3251 1576 3418 1643 ἐγγὺς
3445 1576 3567 1628 ἐκα-

323 1684 461 1729 turae
503 1671 806 1735 mutabilis,
853 1684 979 1725 cum
1028 1667 1178 1739 gigni
1223 1664 1397 1736 possit
1420 1670 1477 1719 et
1521 1663 1719 1718 creari.
1768 1661 1891 1717 [iam

1993 1664 2083 1718 τὸν
2109 1663 2297 1728 ὄντων,
2353 1663 2693 1727 συνελθόντες
2721 1663 3191 1735 ἀνεθεματίσαμεν
3210 1681 3225 1695 ο
3258 1666 3309 1717 οί
3339 1664 3396 1716 δὲ
3440 1665 3570 1736 περὶ

202 1748 209 1754 ’
322 1764 491 1834 igitur
512 1762 786 1817 dicentem
808 1758 997 1813 Arium
1040 1764 1100 1812 et
1121 1770 1335 1811 summa
1380 1768 1505 1809 cum
1554 1752 1892 1823 impudentia

321 1852 699 1915 atiirmantem,
724 1865 827 1905 nos
847 1848 1070 1920 quidem
1094 1862 1202 1902 una
1224 1860 1348 1902 eum
1370 1844 1584 1917 Egypti
1628 1859 1691 1898 ac
1710 1842 1893 1914 Libyae

321 1943 619 2016 episcopis,
640 1955 813 2012 prope
836 1947 1058 1995 centum
1103 1952 1357 2001 numero,
1386 1937 1443 1990 in
1470 1951 1641 1990 unum
1665 1949 1894 2004 congre-

320 2034 481 2103 gatis,
509 2039 625 2086 tum
649 2031 849 2101 ipsum,
875 2037 991 2084 tum
1013 2042 1110 2082 eos
1132 2027 1223 2097 qui
1255 2026 1332 2081 illi
1371 2026 1723 2080 adhaeserunt
1763 2036 1893 2077 ana-

321 2126 561 2179 themate
602 2121 959 2193 perculimus.
1004 2109 1277 2174 Eusebius
1320 2132 1453 2172 vero
1486 2132 1582 2171 eos
1625 2115 1888 2184 suscepit,

320 2215 658 2287 impietatem
704 2212 917 2283 pietati.
981 2219 1040 2266 et
1082 2210 1305 2265 veritati
1353 2207 1583 2264 studens
1648 2207 1889 2262 miscere

320 2305 682 2362 mendacium.
705 2302 816 2359 Sed
836 2316 1181 2372 nequaquam
1195 2298 1529 2370 praevalebit.
1549 2298 1731 2353 Vincit
1744 2297 1890 2350 enim

318 2395 521 2450 veritas
546 2412 560 2448 :
584 2407 688 2449 nec
712 2391 820 2446 ulla
841 2398 928 2445 est
947 2390 1182 2445 societas
1201 2387 1310 2443 luci
1335 2402 1458 2441 cum
1500 2385 1762 2449 tenebris,
1787 2399 1892 2439 nec

317 2486 520 2543 Christi
545 2500 670 2541 cum
696 2482 915 2538 diabolo
936 2479 1243 2535 consensio.
1289 2477 1424 2544 Quis
1457 2478 1606 2532 enim
1650 2489 1888 2545 unquam

319 2577 447 2632 talia
469 2572 716 2630 audivit?
740 2572 849 2627 Aut
871 2571 998 2640 quis
1030 2578 1115 2624 est
1139 2568 1233 2639 qui
1258 2576 1315 2622 et
1338 2581 1483 2621 nunc
1506 2565 1737 2621 audiens
1778 2579 1888 2618 non

316 2668 686 2735 obstupescat,
730 2671 789 2717 et
828 2676 992 2721 aures
1017 2674 1127 2713 non
1173 2658 1411 2722 obturet,
1460 2671 1530 2710 ne
1575 2654 1888 2725 hujusmodi

318 2757 612 2812 verborum
655 2752 847 2809 sordes
888 2759 1176 2821 penetrare
1219 2747 1285 2802 ad
1329 2762 1423 2802 eas
1463 2745 1715 2817 possint?
1755 2743 1890 2811 Quis

315 2847 580 2907 Joannem
603 2842 834 2897 audiens
858 2839 1132 2894 dicentem
1157 2838 1198 2901 ',
1222 2836 1287 2891 In
1328 2837 1583 2907 principio
1605 2844 1720 2889 erat
1768 2834 1890 2889 Ver-

317 2936 460 3001 bum,
484 2949 598 2989 non
642 2931 968 2987 condemnet
991 2928 1125 2983 istos
1165 2927 1259 2997 qui
1285 2933 1557 2990 asserunt,
1581 2925 1708 2980 Fuit
1752 2934 1889 2981 tem-

317 3041 420 3097 pus
443 3040 569 3081 cum
592 3038 701 3079 non
723 3021 907 3077 esset?
950 3020 1058 3076 Aut
1078 3019 1205 3089 quis
1225 3018 1455 3074 audiens
1498 3018 1615 3072 haec
1635 3017 1801 3105 verba
1822 3032 1890 3072 ex
1917 2988 1959 3044 θ

318 3116 629 3189 Evangelia,
659 3114 964 3187 Unigenitus
988 3112 1155 3167 Filius
1176 3113 1197 3144 ³
1225 3129 1237 3163 :
1284 3118 1360 3175 et,
1388 3110 1487 3163 Per
1532 3111 1704 3180 ipsum
1747 3110 1889 3179 facta

313 3223 438 3267 sunt
482 3210 663 3267 omnia
689 3210 753 3273 ³⁸,
799 3208 938 3263 istos
960 3220 1070 3260 non
1093 3202 1292 3267 oderit,
1317 3200 1648 3256 allirmantes
1690 3200 1889 3254 Filium

318 3319 437 3361 esse
463 3317 632 3361 unum
653 3315 723 3355 ex
743 3297 1053 3355 creaturis?
1075 3295 1369 3350 Enimvero
1394 3292 1670 3363 quomodo
1712 3300 1891 3361 potest

318 3405 462 3445 unus
505 3397 629 3443 esse
650 3402 719 3441 ex
765 3386 874 3441 illis
894 3399 1016 3453 quae
1041 3398 1139 3453 per
1165 3383 1345 3453 ipsum
1369 3381 1510 3436 facta
1554 3381 1726 3435 sunt?
1748 3379 1894 3447 Quo-

317 3478 482 3534 modo
503 3484 685 3547 potest
697 3490 818 3530 esse
839 3474 1173 3545 unigenitus,
1197 3472 1313 3542 qui,
1334 3473 1489 3543 juxta
1518 3471 1737 3526 illorum
1764 3486 1888 3525 sen-

321 3571 566 3637 tentiam,
591 3583 701 3624 una
723 3582 848 3623 cum
870 3566 1095 3636 reliquis
1130 3565 1387 3621 omnibus
1410 3565 1465 3619 in
1508 3572 1887 3620 creaturarum

317 3663 513 3719 ordine
563 3657 1000 3725 censeturlQua
1023 3656 1236 3712 ratione
1258 3664 1415 3711 ortus
1458 3657 1533 3711 sit
1576 3670 1643 3709 ex
1688 3655 1883 3719 nihilo,

316 3768 442 3811 cum
485 3752 647 3807 Pater
692 3748 859 3814 dicat,
905 3744 1178 3803 Eructauit
1223 3761 1314 3799 cor
1357 3761 1531 3799 meum
1553 3744 1764 3798 uerbum
1800 3743 1890 3797 bo-

318 3861 446 3898 num
467 3842 488 3873 ³
514 3858 529 3895 :
555 3848 611 3896 et
638 3838 790 3905 alibi,
834 3837 919 3892 Ea:
941 3844 1091 3891 utero
1127 3843 1250 3890 ante
1274 3835 1545 3906 luciferum
1566 3836 1720 3904 genui
1761 3842 1810 3888 te
1830 3833 1890 3887 ‘?

315 3936 427 3990 Aut
467 3930 743 4004 quomodo
786 3928 1093 3986 substantia
1138 3926 1420 3982 dissimilis
1462 3935 1547 3980 est
1568 3926 1736 3990 Patri,
1761 3939 1887 3979 eum

316 4023 390 4078 sit
409 4022 587 4092 imago
612 4018 853 4091 perfecta
875 4026 931 4074 et
954 4015 1211 4090 splendor
1234 4014 1410 4071 Patris
1428 4055 1443 4080 ,
1489 4028 1724 4084 cumque
1770 4013 1887 4084 ipse

316 4112 484 4176 dicat,
510 4108 614 4175 Qui
654 4109 783 4163 uidit
816 4123 920 4173 me,
945 4106 1073 4161 vidit
1110 4103 1326 4160 Patrem
1349 4103 1369 4133 '
1394 4103 1417 4157 ?
1441 4102 1596 4169 Quod
1622 4102 1669 4158 si
1717 4103 1887 4158 Filius

318 4200 458 4257 ratio
481 4198 659 4255 Patris
679 4205 764 4253 est
784 4212 849 4252 ac
873 4195 1161 4267 sapientia,
1208 4193 1484 4263 quomodo
1523 4192 1628 4248 fuit
1670 4203 1887 4264 tempus

1997 1755 2255 1809 Εὐσέϐιον
2283 1755 2693 1826 προσεδέξαντο,
2727 1757 3119 1821 σπουδάζοντες
3165 1756 3566 1826 συγκαταμίξαι

1992 1847 2053 1899 τὸ
2085 1847 2279 1916 ψεῦδος
2308 1850 2374 1917 τῇ
2398 1846 2644 1919 ἀληθείᾳ,
2679 1848 2774 1902 καὶ
2801 1847 2900 1919 τὴν
2924 1848 3178 1903 ἀσέϐειαν
3201 1850 3268 1919 τῇ
3291 1847 3566 1918 εὐσεϐείᾳ.

2007 1939 2144 1993 Ἀλλ’
2181 1940 2282 1993 οὐκ
2326 1939 2624 2009 ίσχύσουσι.
2660 1940 2807 2011 Νικᾷ
2834 1940 2943 2012 γὰρ
2976 1942 3009 2012 ἠ
3055 1939 3313 2009 ἀλήθεια·
3349 1939 3445 1993 καὶ
3478 1939 3566 1992 οὐ·

1992 2030 2154 2100 δεμία
2181 2030 2300 2083 ἐστὶ
2327 2031 2578 2084 κοινωνία
2608 2031 2751 2100 φωτὶ
2781 2032 2915 2103 πρὸς
2953 2031 3161 2095 σκότος,
3191 2030 3311 2084 οὐδὲ
3344 2028 3566 2099 συμφώι

1992 2137 2147 2189 νησις
2182 2118 2405 2191 Χριστῷ
2453 2119 2590 2192 πρὸς
2616 2120 2832 2190 Βελίαρ.
2865 2122 2961 2185 Τίς
2986 2122 3095 2193 γὰρ
3121 2122 3318 2192 ἢκουσε
3350 2120 3566 2173 πώποτε

1990 2207 2251 2274 τοιαῦτα;
2282 2209 2355 2261 Ἦ
2401 2208 2484 2271 τίς
2533 2207 2627 2261 νῦν
2657 2208 2870 2263 ἁκούων
2906 2210 2969 2263 οὐ
3020 2209 3304 2274 ξενίζεται,
3346 2209 3567 2273 καὶτὰς

1991 2299 2161 2364 ἀκοὰς
2215 2299 2351 2369 βύει,
2405 2300 2546 2370 ὑπὲρ
2594 2299 2687 2353 τοῦ
2742 2298 2817 2371 μὴ
2857 2301 2949 2354 τὸν
2985 2300 3154 2373 ῥύπον
3202 2302 3407 2355 τούτων
3456 2301 3568 2355 τῶν

1992 2390 2250 2460 ῥημάτων
2296 2387 2502 2459 ψαῦσαι
2528 2390 2631 2460 τῆς
2677 2391 2847 2462 ἀκοῆς
2876 2408 2892 2456 ;
2920 2391 3019 2455 Τίς
3063 2391 3275 2446 ἀκούων
3320 2392 3566 2445 Ἰωάννου

1990 2479 2259 2546 λέγοντος,
2306 2482 2407 2536 Ἔν
2436 2480 2596 2550 ἀρχῇ
2628 2477 2707 2550 ἦν
2738 2484 2771 2535 ό
2799 2483 3012 2552 Λόγος,
3061 2484 3123 2537 οὐ
3170 2483 3567 2552 καταγινώσκει

1988 2567 2192 2622 τούτων
2219 2568 2506 2637 λεγόντων,
2527 2565 2637 2624 Ἧν
2665 2588 2796 2624 ποτε
2834 2572 2923 2625 ὅτε
2947 2573 3047 2625 οὐκ
3075 2567 3176 2643 ἧνς
3209 2575 3277 2626 ’Π
3304 2574 3385 2636 τίς
3405 2573 3566 2626 ἁκού-

1990 2678 2065 2713 ων
2098 2663 2157 2713 ὲν
2187 2661 2265 2732 τῷ
2293 2662 2630 2734 Εὐαγγελίῳ,
2653 2663 2992 2734 μονογενὴς
3026 2665 3177 2728 Υἱὸς,
3206 2666 3318 2728 καὶ,
3344 2666 3423 2719 Δι’
3459 2666 3566 2718 αὑ·-

1989 2750 2095 2804 τοῦ
2126 2750 2361 2820 ἐγένετο
2409 2752 2481 2805 τὰ
2523 2751 2742 2817 πάντα,
2791 2754 2853 2806 ού
2889 2755 3108 2826 μισήσει
3150 2753 3370 2819 τούτους
3402 2754 3566 2824 φθεγ-

1988 2841 2273 2912 γομένους,
2308 2841 2389 2895 ὅτι
2417 2836 2496 2907 εἷς
2531 2844 2646 2896 ἐστι
2679 2843 2788 2897 τῶν
2822 2846 3143 2915 ποιημάτων
3179 2846 3209 2897 6
3235 2845 3399 2913 Υίός;
3441 2845 3567 2908 Πῶς
3630 2894 3641 2901 ,

1989 2933 2046 2985 δὲ
2074 2931 2298 2986 δύναται
2338 2933 2450 2996 ίσος
2480 2927 2619 2987 εἶναι
2647 2932 2762 3004 (27)
2782 2933 2892 2986 τῶν
2928 2933 2996 2986 δι’
3017 2933 3183 2986 αὑτοῦ
3217 2934 3522 3003 γενομένων
3549 2948 3566 2997 ;

1997 3025 2072 3077 Ἢ
2096 3023 2215 3087 πῶς
2237 3022 2550 3094 μονογενὴς,
2574 3025 2602 3076 6
2625 3026 2739 3086 τοῖς
2759 3026 2895 3077 πᾶσι
2914 3026 3034 3077 κατ’
3057 3024 3296 3086 ἐκείνους
3317 3022 3569 3093 συναριθε-

1997 3114 2264 3184 μούμενος
2293 3131 2307 3180 ;
2334 3114 2453 3178 Πῶς
2480 3115 2537 3167 δὲ
2567 3114 2627 3179 te
2664 3115 2765 3169 οὐκ
2790 3116 2958 3169 ὄντων
2989 3115 3056 3169 ἂν
3094 3117 3200 3186 εἴη.
3231 3115 3322 3168 τοῦ
3356 3115 3567 3182 Πατρὺς

1993 3204 2266 3271 λέγοντος,
2311 3202 2700 3270 Ἐξηρεύεατο
2747 3205 2785 3272 ἡ
2812 3204 3027 3272 καρδία
3060 3221 3180 3273 μου
3206 3205 3393 3272 λόγον
3420 3203 3565 3270 ἀγη-

1993 3294 2133 3346 θόν·
2164 3294 2279 3355 καὶ,
2323 3293 2422 3345 Ἐκ
2467 3293 2723 3361 γαστρὸς
2754 3293 2866 3361 πρὸ
2905 3293 3213 3361 ἑωσφόρον
3263 3290 3565 3360 ἐγέννησὰ

1992 3398 2104 3445 σε;
2141 3383 2211 3434 Ἦ
2264 3380 2380 3443 πῶς
2416 3381 2665 3450 ἀνόμοιος
2713 3384 2779 3453 τῇ
2827 3382 2985 3454 οὐσίᾳ
3029 3382 3125 3435 τοῦ
3169 3382 3401 3450 Πατρὸς,
3434 3384 3463 3434 6
3489 3382 3565 3434 ῶν

1992 3472 2155 3525 εἰκὼν
2201 3470 2401 3536 τελεία,
2456 3473 2550 3525 καὶ
2593 3472 2935 3544 ἀπαύγασμα
2958 3474 3052 3527 τοῦ
3086 3474 3316 3544 Πατρὺς,
3347 3475 3441 3527 καὶ
3473 3474 3562 3527 λέ-

1992 3580 2127 3631 γων,
2156 3562 2209 3613 'U
2224 3560 2331 3631 ἐμὲ
2351 3561 2641 3630 ἑωρακὼς,
2668 3561 2887 3631 ἑώρακε
2908 3565 3017 3617 τὸν
3039 3563 3271 3630 Πατέρα
3290 3579 3307 3627 ;
3335 3564 3457 3626 Πῶς
3481 3564 3560 3627 δὲ,

1992 3654 2041 3705 εί
2073 3652 2229 3720 λόγος
2257 3652 2349 3705 καὶ
2383 3653 2543 3722 σοφία
2575 3653 2691 3706 ἐστὶ
2715 3653 2810 3707 τοῦ
2835 3653 2970 3708 Θεοῦ
2998 3656 3029 3709 6
3052 3655 3201 3719 Υίὸς,
3225 3652 3293 3726 ἦν
3318 3673 3445 3708 ποτε
3473 3657 3564 3709 ὅτε

1992 3743 2094 3795 οὐκ
2121 3738 2225 3812 ἧν;
2273 3741 2384 3797 ίσον
2412 3743 2521 3814 γάρ
2567 3744 2713 3796 ἐστιν
2752 3744 2949 3809 αὐτοὺς
2979 3744 3177 3815 λέγειν,
3227 3746 3420 3815 ἄλογον
3469 3747 3566 3801 καὶ

1992 3835 2191 3903 ἄσοφον
2221 3850 2355 3887 ποτε
2382 3835 2474 3888 τὴν
2503 3834 2657 3892 Θεόν.
2691 3834 2815 3899 Πῶς
2848 3836 2905 3889 δὲ
2931 3837 3164 3908 τρεπτὺς
3195 3839 3227 3909 ἢ
3252 3837 3560 3904 ἀλλοιωτὸς,

1992 3925 2022 3977 ὀ
2042 3924 2213 3992 λέγων
2236 3923 2302 3977 δι’
2331 3924 2550 3989 ἑαυτοῦ,
2578 3926 2641 3978 Ἐ
2648 3924 2725 3994 γὼ
2754 3926 2824 3980 ἐν
2846 3925 2928 3991 τῷ
2947 3928 3152 3996 Harp},
3177 3926 3273 3981 καί
3304 3930 3337 3980 ὁ
3359 3926 3561 3995 Πατὴρ

1990 4015 2060 4067 ἐν
2087 4014 2219 4083 ἐμοί
2244 4029 2257 4045 ·
2299 4015 2391 4068 καὶ
2420 4054 2438 4078 ,
2487 4014 2635 4085 Ἐγὼ
2685 4016 2783 4070 καί
2815 4020 2848 4071 ό
2891 4019 3094 4088 Πατὴρ
3124 4020 3193 4073 ἐν
3221 4019 3439 4089 ἐσμεν·
3468 4019 3559 4072 διὰ

1987 4103 2045 4157 δὲ
2070 4104 2164 4158 τοῦ
2199 4105 2500 4176 προφήτου,
2542 4105 2728 4161 Ἰδετέ
2769 4126 2845 4177 με
2876 4110 2965 4164 ὅτι
2994 4109 3109 4180 ἐγώ
3137 4113 3273 4180 εἰμι,
3307 4110 3406 4165 καί
3448 4112 3559 4164 οὐκ

1988 4195 2355 4264 ήλλοίωμαι;
2403 4199 2466 4251 Εἰ
2502 4198 2561 4253 δὲ
2594 4201 2689 4254 καὶ
2714 4201 2801 4253 ἐπ’
2829 4201 2991 4254 αὐτόν
3018 4219 3101 4265 τις
3124 4202 3214 4256 τὸν
3248 4200 3463 4273 Πατέρα
3496 4201 3560 4255 τὸ

393 4332 748 4396 'Joan.t,l.
825 4329 1091 4385 'ibid.3.
1168 4325 1477 4383 "ibid.18.
1555 4327 1997 4393 'Psal.xuv,2.
2072 4328 2253 4384 ‘Psal.
2296 4334 2483 4396 oms.
2558 4336 2977 4401 sica..,x.v,9,

1509 4486 1779 4543 VALESII
1816 4485 2363 4546 ANNOTATIONES.

385 4603 499 4688 ςεδ)
528 4603 639 4688 ἔξω
658 4601 1150 4688 ,δέέέηΞάςμέῖντέξ
1167 4598 1886 4688 ,ἶπέεετρὲίθὲἒίὶφξξὲἓὲἒίί

1997 4601 2172 4688 λιθϐ)
2198 4602 2443 4688 linit-frg
2474 4606 2713 4688 Λιϐύης..
2740 4605 2798 4688 [ξι
2823 4605 3009 4688 codice
3035 4605 3234 4660 Leonis
3268 4605 3453 4688 alla‘tii
3473 4609 3550 4688 le-

314 4668 409 4746 qai
434 4668 1011 4746 continet_'1listoriam
1052 4669 1400 4746 tripertitam,
1426 4684 1615 4746 quam_
1636 4668 1888 4724 Theodo-

318 4738 413 4801 r'us
452 4742 650 4797 Lector
668 4740 855 4798 Greece
894 4738 1200 4811 composuit
1219 4753 1288 4811 ex
1311 4738 1557 4811 Socrate,
1582 4738 1887 4811 Sozomeno

314 4830 381 4871 ac
417 4811 781 4882 Theodorito,
809 4808 1137 4882 legitur—nat
1172 4808 1422 4881 ἀόρατος.
1457 4808 1635 4882 Atque
1671 4808 1755 4882 ita
1799 4809 1885 4862 le-

314 4885 394 4955 git
433 4881 635 5006 IEpipb.
680 4878 1069 4947 Scholasticus,
1095 4878 1252 4936 sicut
1268 4893 1337 4933 ex
1361 4879 1611 4934 versione
1634 4878 1756 4949 ejus
1790 4892 1887 4947 ap-

316 4967 447 5006 nare
478 4991 492 5004 .

387 4967 492 5007 τοι.

527 5019 788 5094 Τρεπζῆς
814 5020 1211 5094 γὰρ-ςούσειιιηςΣ
1232 5020 1338 5094 Pro
1358 5018 1462 5094 his
1481 5018 1672 5075 verbis
1709 5015 1882 5094 codex

385 5038 497 5104 tu}
528 5038 788 5089 ἰρεπτης
814 5038 1211 5145 γιιρὶξυσειιιιιςχΖ
1232 5038 1338 5105 nlo
1359 5038 1462 5101 IIIS.
1481 5038 1672 5075 vernis
1710 5038 1882 5074 couex

316 5091 499 5173 Aliam
526 5091 642 5147 ham
685 5091 876 5173 habet,
888 5108 929 5173 .o
1011 5106 1360 5173 pangat?
1393 5105 1609 5170 ιρυσεως
1638 5089 1734 5143 καὶ
1759 5102 1883 5155 γεν-

316 5162 494 5234 νητός,
531 5162 805 5234 quomodo
827 5159 1148 5234 etiamlegit
1170 5159 1527 5229 Epiphanius.

387 5225 501 5304 (25)
534 5225 854 5304 Γενζητός.
883 5225 1243 5304 Scribendum
1272 5225 1420 5304 puto
1440 5228 1686 5304 γενητρς,
1715 5237 1776 5304 ut
1796 5225 1881 5304 lef

351 5295 462 5357 itur
483 5295 629 5372 apud
650 5295 925 5372 Gelasium
949 5295 1303 5372 Gyzieenum.’
1321 5295 1510 5368 Neque
1551 5295 1709 5353 aliter
1748 5295 1883 5372 legit

314 5316 462 5425 Ellul‘
483 5316 629 5372 apuu
650 5316 925 5357 Gelasium
949 5316 1296 5370 uyzncenum.
1322 5316 1510 5368 neque
1551 5316 1709 5353 auter
1748 5316 1883 5377 tegit

335 5371 671 5441 ipiphanius.
699 5371 873 5427 Vertit
893 5368 1039 5425 enim
1066 5386 1080 5422 :
1108 5366 1298 5450 Factus
1322 5377 1498 5423 autem
1541 5376 1592 5423 et
1624 5375 1883 5447 converti-

315 5441 432 5495 bilis
456 5448 550 5495 est.
578 5440 735 5502 Quod
757 5448 939 5496 autem
983 5444 1254 5502 sequitur,
1281 5438 1377 5493 καὶ
1405 5437 1657 5502 τρεπτός,
1683 5437 1882 5492 melius

317 5440 433 5495 bilis
456 5448 550 5495 est.
578 5440 735 5510 Quod
757 5448 939 5496 autem
983 5440 1254 5509 sequitur,
1281 5440 1377 5493 καὶ
1405 5440 1657 5509 τρεπτός,
1683 5440 1881 5492 melius

317 5508 369 5562 in
396 5510 609 5582 Gelasio
628 5511 828 5582 legitur
847 5511 940 5563 καὶ
980 5507 1218 5576 κτιστός,
1240 5523 1408 5580 quam
1450 5508 1781 5580 scripturam
1823 5505 1881 5561 in

318 5580 565 5637 versione
587 5580 708 5638 mea
734 5596 854 5638 sum
879 5588 1120 5638 secutus.

2026 4672 2135 4744 itur
2162 4673 2256 4725 καὶ
2294 4672 2519 4744 Λιϐύην.
2546 4672 2707 4744 Αριιά
2745 4675 3021 4730 Gelasium
3060 4690 3193 4730 vero
3215 4676 3308 4728 καὶ
3342 4678 3440 4740 τὰς
3463 4681 3558 4735 Λι-

2026 4742 2145 4805 ύας,
2170 4742 2317 4821 quod
2340 4742 2511 4821 magis
2549 4742 2747 4821 placet.
2799 4744 3009 4814 Duplex
3046 4745 3190 4799 enim
3237 4753 3320 4799 est
3346 4745 3552 4821 Libya.

1986 4810 2160 4889 Porro
2181 4810 2455 4889 notandus
2476 4810 2569 4889 es_t
2599 4814 2689 4889 hic
2726 4810 2991 4868 numerus
3029 4825 3248 4869 centum
3272 4810 3555 4889 episcopo-

1986 4895 2109 4935 rum
2238 4880 2487 5006 Egyyto.
2513 4883 2778 4964 Eumdem
2802 4898 3020 5006 quoiue
3057 4880 3344 4939 numerum
3371 4880 3553 4957 lcgére

1986 4964 2213 5005 memini
2246 4964 2351 5006 anu
2422 4952 2779 5006 Athanasnum
2823 4968 2880 5006 tn
2970 4953 3179 5006 noloaia
3205 4971 3263 5006 ιι.
3291 4956 3553 5006 adversus

1986 4952 2213 5005 memini
2246 4952 2390 5020 apud
2422 4952 2779 5007 Athanasium
2823 4952 2880 5006 in
2922 4952 3179 5024 Apologia
3205 4971 3263 5018 ιι,
3291 4952 3556 5026 adversus

1985 5020 2241 5097 Arianos,
2259 5035 2382 5097 pag.
2409 5022 2513 5076 788
2537 5022 2899 5097 :__’E1tto'xonoi_
2922 5025 3058 5097 εἰσιν
3086 5026 3143 5077 ὲν
3170 5025 3431 5097 Αἰγύπτῳ
3458 5030 3553 5082 καὶ

1984 5090 2159 5159 Λιϐύῃ
2190 5090 2284 5159 καὶ
2317 5090 2657 5153 πενταπόλει,
2684 5092 2849 5159 ἐγγὺς
2879 5092 3092 5147 ἑκατόν.

2056 5158 2166 5229 (27)
2198 5158 2333 5225 Πῶς
2362 5159 2430 5229 δὲ
2454 5160 2699 5214 δύναται
2723 5158 2869 5225 ἴσως
2893 5159 3066 5216 εἶναι.
3092 5164 3152 5218 In
3190 5164 3379 5219 codice
3426 5165 3549 5221 Flo-

1984 5228 2302 5299 rentinoet
2339 5228 2614 5284 Sfortiano
2639 5232 2750 5293 ἴσος
2775 5230 2993 5299 legitur.
3027 5234 3220 5287 Verum
3266 5234 3322 5288 in
3362 5234 3550 5291 cadice

1982 5297 2183 5374 Leonis
2204 5297 2419 5374 Allatii,
2434 5308 2492 5355 et
2511 5299 2654 5374 apud
2670 5370 2681 5374 _
2696 5297 2971 5374 Gelasium
3008 5302 3334 5374 Cyzicenum
3358 5304 3447 5359 hic
3470 5305 3553 5374 lo—

1981 5382 2080 5425 cus
2100 5369 2259 5445 longe
2285 5370 2778 5445 r_ectius_scril_)itur
2804 5370 2907 5445 lioc
2933 5369 3097 5429 modo
3123 5392 3135 5427 :
3166 5373 3288 5445 Πῶς
3316 5373 3424 5445 γὰρ
3453 5373 3548 5445 δύ-

1977 5454 2135 5515 ναται
2164 5434 2411 5515 είς-εἷναι
2450 5440 2558 5515 τῶν
2584 5440 2651 5515 δι’
2679 5440 2844 5515 αύτοῦ
2867 5446 3204 5515 γενομένων;
3234 5434 3422 5514 Neque
3449 5444 3550 5499 ali-

1978 5515 2064 5564 ter
2089 5508 2220 5580 legit
2238 5508 2435 5580 Epiplt.
2466 5510 2854 5569 Scholasticus.
