4050 6348
413 492 482 547 49
1388 487 1707 545 HISTORIA
1743 489 2291 549 ECCLESIASTICA.
2331 523 2401 533 —
2436 491 2566 548 LIB.
2613 492 2656 548 Ι.
3573 487 3643 544 50

409 606 567 678 ῥητὸν
608 603 830 657 δύναται
872 600 1184 672 ἀναφέρειν,
1244 600 1381 655 ἀλλὰ
1429 602 1522 655 καὶ
1569 594 1968 673 ἁρμοδιώτερον

2077 620 2192 660 cum
2236 619 2346 661 non
2368 605 2551 661 esset?
2595 602 2828 659 Perinde
2869 602 3018 661 enim
3063 610 3146 660 est
3188 615 3253 659 ac
3295 600 3342 658 si
3366 600 3639 667 dicerent,

403 699 470 753 ἂν
498 695 583 766 εῐη
610 693 853 765 περὶτοῦ
875 693 1048 760 Λόγου
1074 691 1169 745 νῦν
1195 691 1502 760 λεγόμενον,
1531 693 1612 745 ὅτι
1633 693 1725 745 καὶ
1748 692 1971 763 γενόμε-

405 804 491 851 νος
517 784 799 854 ἄνθρωπος
829 782 927 836 οὐκ
954 780 1241 851 ήλλοέωται
1261 820 1277 844 ,
1310 780 1421 834 ἀλλ’
1456 779 1530 842 ὡς
1558 782 1587 833 6
1631 780 1971 845 Ἀπόστολος,

419 876 654 945 Ἰησοῦς
682 873 932 943 Χριστὸς
960 872 1101 942 χθὲς
1135 872 1232 927 καὶ
1263 872 1550 942 σήμερον,
1584 875 1617 927 ό
1657 871 1837 937 αὐτὸς
1873 873 1970 926 καὶ

406 970 486 1034 εις
508 967 650 1032 τοὺς
674 965 914 1030 αἰῶνας.
951 965 1017 1017 Τί
1060 964 1117 1018 δὲ
1149 963 1256 1034 ἄρα
1284 965 1458 1016 εἰπεῖν
1499 962 1695 1027 αὐτοὺς
1732 962 1968 1026 ἔπεισεν,

407 1061 482 1114 ὅτι
507 1059 572 1111 δι’
604 1058 751 1128 ἡμᾶς
783 1056 994 1124 γέγονε,
1027 1052 1204 1108 καίτοι
1248 1052 1341 1106 τοῦ
1376 1052 1589 1106 Παύλου
1635 1052 1968 1124 γράφοντος,

409 1149 480 1204 Δι’
520 1147 592 1202 ὃν
622 1147 694 1200 τὰ
723 1145 939 1210 πάντα,
971 1145 1068 1198 καὶ
1096 1142 1172 1197 δι’
1210 1139 1283 1200 οὗ
1325 1145 1397 1198 τὰ
1432 1141 1664 1207 acina;
1705 1142 1841 1214 Περὶ
1873 1143 1971 1213 μὲν

409 1233 494 1292 οὖν
517 1236 610 1289 τοῦ
659 1235 996 1305 βλασφημεῖν
1030 1233 1227 1297 αὐτοὺς
1247 1271 1263 1297 ,
1294 1234 1378 1288 ὅτι
1406 1233 1507 1286 οὐκ
1549 1230 1659 1286 οἶδε
1690 1232 1907 1301 τελείως
1941 1235 1970 1287 6

407 1327 528 1390 Υἱὸς
558 1326 647 1379 τὸν
677 1324 915 1399 Πατέρα,
943 1323 1005 1377 ού
1029 1323 1110 1376 δεῖ
1135 1321 1453 1394 θαυμάζειν.
1482 1320 1667 1388 "Au-ai
1695 1322 1803 1393 γὰρ
1832 1340 1969 1394 προ-

409 1418 616 1490 θέμενοι
639 1416 1045 1489 χριστομαχεῖν,
1074 1412 1512 1484 παρακρούονται
1537 1413 1631 1466 καὶ
1662 1412 1758 1475 τὰς
1786 1412 1969 1482 φωνὰς

408 1507 563 1561 αὑτοῦ
600 1505 693 1558 τοῦ
731 1504 937 1577 Κυρίου
963 1503 1213 1570 λέγοντος
1231 1540 1246 1565 ,
1278 1500 1474 1566 Καθὼς
1520 1499 1795 1568 γινώσκει
1835 1516 1905 1564 με
1936 1501 1970 1552 ό

408 1599 624 1669 Πατὴρ,
660 1597 823 1667 κάγὼ
851 1596 1123 1667 γινώσκω
1150 1595 1258 1650 τὸν
1282 1594 1529 1663 Πατέρα.
1562 1593 1625 1646 Εί
1656 1592 1756 1663 μὲν
1777 1588 1869 1647 οὖν
1904 1593 1968 1645 ὲκ

409 1689 604 1760 μέρους
629 1685 885 1756 γινώσκει
920 1687 950 1738 6
978 1685 1167 1755 Πατὴρ
1197 1682 1289 1736 τὸν
1332 1681 1480 1745 Υίὺν,
1516 1679 1673 1751 δῆλον
1701 1679 1783 1732 δτι
1818 1681 1912 1732 καὶ
1940 1683 1969 1733 ὁ

406 1781 529 1844 Υἱὸς
560 1782 623 1832 ὲκ
656 1778 854 1850 μέρους
892 1775 1148 1845 γινώσκει
1194 1774 1285 1826 τὸν
1326 1772 1565 1843 Πατέρα.
1607 1772 1670 1825 Et
1706 1772 1764 1825 δὲ
1812 1769 1968 1824 τοῦτο

406 1872 578 1940 λέγειν
605 1870 667 1923 ού
702 1869 886 1938 θέμις,
917 1865 1023 1919 οἶδε
1054 1865 1111 1918 δὲ
1143 1863 1362 1927 τελείως
1395 1866 1424 1917 ὁ
1460 1863 1645 1933 Πατὴρ
1685 1861 1775 1915 τὸν
1816 1861 1966 1924 Υἱὸν,

405 1933 558 2030 δῆλον
583 1960 666 2014 ὅτι
687 1933 867 2019 καθὼς
891 1955 1147 2025 γινώσκει
1173 1957 1200 2008 6
1228 1953 1414 2024 Πατὴρ
1441 1954 1531 2005 τὸν
1556 1953 1747 2006 ἑαυτοῦ
1777 1952 1969 2019 Λόγον,
2004 1933 2043 1985 Β

406 2051 545 2106 οὕτω
576 2051 668 2104 καὶ
695 2052 725 2103 ὀ
764 2048 936 2117 Λόγος
961 2045 1221 2114 γινώσκει
1248 2044 1341 2097 τὸν
1380 2043 1573 2097 ἑαυτοῦ
1606 2044 1825 2113 Πατέρα
1849 2083 1863 2108 ,
1913 2037 1975 2098 οῦ

408 2142 498 2196 καὶ
519 2142 634 2196 ἔστι
661 2140 855 2204 Λόγος.
890 2138 1002 2194 Καὶ
1030 2136 1200 2192 ταῦτα
1232 2135 1483 2206 λέγοντες
1505 2175 1519 2198 ,
1567 2135 1659 2189 καὶ⁴
1700 2136 1976 2189 ἀναπτύσ-

411 2251 585 2297 σοντες
632 2233 729 2296 τὰς
778 2232 929 2294 θείας
982 2228 1240 2301 Γραφὰς,
1293 2226 1553 2289 πολλάκις
1604 2225 1977 2297 ἀνετρέψαμεν

409 2324 618 2387 αύτούς.
660 2324 770 2377 Καὶ
819 2322 984 2376 πάλιν
1021 2321 1098 2386 ὡς
1129 2318 1512 2390 χαμαιλέοντες
1561 2317 1974 2387 μετεϐάλλοντο,

409 2414 826 2484 φιλονεικοῦντες
840 2416 920 2477 είς
943 2414 1165 2475 ἑαυτοὺς
1181 2409 1471 2480 ὲφελκῦσαι
1492 2406 1552 2460 τὸ
1572 2407 1973 2478 γεγραμμένον,

412 2506 591 2559 Ὅταν
620 2506 768 2573 ἔλθῃ
799 2507 833 2558 ό
871 2502 1097 2571 ἀσεϐὴς
1127 2504 1215 2568 είς
1240 2500 1400 2570 βάθη
1440 2499 1663 2562 κακῶν,
1696 2514 1980 2567 καταφρο-

409 2594 502 2650 νεῖ
529 2607 590 2648 II.
624 2595 822 2649 Πολλαὶ
854 2592 985 2662 γοῦν
1030 2593 1266 2664 αἱρέσεις
1306 2593 1414 2664 προ
1445 2590 1625 2647 αὐτῶν
1669 2587 1974 2657 γεγόνασιν,

408 2687 605 2747 αἰτινες
631 2685 791 2739 πλέον
816 2683 913 2740 τοῦ
963 2684 1171 2747 δέοντος
1208 2685 1548 2755 τολμήσασαι
1570 2721 1585 2746 ,
1625 2678 1978 2734 πεπτώκασιν

409 2781 486 2842 είς
518 2776 848 2847 ἀφροσύνην.
876 2769 1035 2829 Οὗτοι
1069 2774 1126 2827 δὲ
1160 2774 1250 2828 διὰ
1281 2775 1494 2829 πάντων
1519 2771 1699 2827 αὐτῶν
1737 2769 1845 2823 τῶν
1879 2771 1977 2840 ρη-

411 2868 594 2938 μάτων
619 2868 752 2938 (28),
786 2866 1229 2936 ἐπιχειρήσαντες
1255 2868 1374 2928 ταῖς
1403 2863 1713 2934 ἀναιρέσεσι
1735 2859 1847 2929 (29)
1879 2860 1975 2929 τῆς

410 2960 505 3014 τοῦ
540 2960 714 3027 Λόγου
743 2957 1016 3028 θεότητος,
1046 2955 1364 3010 ἐδικαίωσαν
1405 2953 1465 3019 ἐξ
1491 2953 1698 3007 ἑαυτῶν
1726 2950 1938 3012 ὲκείνας
1962 2989 1975 3012 ,

412 3052 484 3115 ὡς
512 3050 792 3120 ἐγγύτεροι
814 3047 908 3103 τοῦ
934 3045 1270 3119 ἀντιχρίστου
1293 3045 1592 3115 γενόμενοι.
1617 3042 1706 3101 Δό
1751 3041 1844 3095 καὶ
1873 3041 1977 3093 ἀπ-

412 3141 791 3213 εκηρύχθησαν
812 3140 921 3194 ἀπὸ
940 3138 1039 3208 τῆς
1073 3136 1417 3208 Ἐκκλησίας,
1450 3137 1543 3189 καὶ
1557 3132 1982 3204 ἁνεθεματίσθη-

415 3249 532 3286 σαν.
560 3230 893 3300 Δυπούμεθα
921 3229 1019 3300 μὲν
1042 3222 1134 3282 οὖν
1160 3228 1253 3280 ἐπὶ
1276 3230 1341 3298 τῇ
1367 3226 1611 3297 ἀπωλείᾳ
1638 3224 1860 3285 τούτων,
1890 3222 1982 3274 καὶ

416 3319 644 3395 μάλιστα
671 3320 753 3372 ὅτι
783 3317 1042 3392 μαθόντες
1065 3317 1195 3370 ποτὲ
1228 3317 1322 3370 καὶ
1349 3318 1502 3369 αὐτοὶ
1525 3316 1595 3368 τὰ
1614 3316 1711 3383 τῆς
1753 3312 1978 3383 Ἐκκλη·

414 3415 553 3479 σίας,
582 3414 677 3467 νῦν
702 3407 1079 3482 ἀπεπήδησσιν.
1115 3407 1189 3460 Οὐ
1222 3406 1538 3479 ξενιζόμεθα
1569 3406 1644 3459 δέ.
1675 3405 1845 3458 Τοῦτο
1873 3404 1980 3476 γὰρ

414 3503 504 3555 καὶ
536 3502 821 3573 Ὑμέναιος
847 3501 941 3553 καὶ
962 3500 1185 3569 Φιλητὺς
1215 3497 1529 3552 πεπόνθασι·
1557 3496 1650 3549 καὶ
1675 3495 1781 3566 πρὸ
1804 3494 1980 3547 αὐτῶν

426 3593 642 3656 Ἰούδας,
675 3591 1045 3663 ἀκολουθήσας
1068 3591 1146 3660 τῷ
1178 3590 1421 3660 Σωτῆρι,
1449 3587 1672 3659 ὕστερον
1694 3587 1752 3641 δὲ
1789 3586 1982 3658 προδό-

412 3703 509 3757 της
540 3686 635 3738 καὶ
656 3685 970 3754 ἀποστάτης
1013 3683 1321 3754 γενόμενος.
1357 3683 1464 3736 Καὶ
1514 3683 1641 3750 περὶ
1685 3677 1887 3733 τούτων
1924 3678 1981 3731 δὲ

415 3778 590 3831 αὐτῶν
623 3778 723 3830 οὐκ
758 3775 1027 3830 ἁδίδακτοι
1066 3777 1469 3844 μεμενήκαμεν.
1512 3772 1649 3826 Ἀλλ’
1678 3774 1707 3824 6
1740 3772 1840 3841 μὲν
1868 3770 1982 3823 Κύ-

418 3886 526 3939 ριος
552 3868 847 3939 προείρηκε
867 3906 883 3930 ,
917 3864 1178 3920 Βλέπετε
1204 3865 1289 3932 μή
1332 3882 1420 3931 τις
1448 3862 1603 3932 ὑμᾶς
1668 3861 1978 3928 πλανήσῃ·

413 3956 631 4013 πολλοὶ
676 3957 787 4027 γὰρ
814 3956 1168 4011 ἐλεύσονται
1195 3954 1293 4008 ἐπὶ
1336 3953 1416 4021 τῷ
1452 3953 1694 4022 ὀνόματί
1732 3968 1851 4021 μου
1878 3948 1980 4003 λέ-

412 4064 642 4118 γοντες,
693 4045 839 4116 Ἐγώ
864 4047 999 4116 ειμι,
1032 4046 1127 4099 καὶ
1157 4047 1189 4099 ὁ
1220 4044 1417 4111 καιρὸς
1446 4042 1669 4113 ἥγγικε·
1703 4041 1801 4095 καὶ
1834 4043 1983 4093 πολ-

413 4140 562 4206 λοὺς
591 4138 1003 4208 πλανήσουσι.
1038 4137 1133 4203 Μὴ
1168 4134 1493 4203 πορευθῆτε
1535 4133 1728 4187 ὀπίσω
1763 4131 1979 4185 αὐτῶν.

423 4231 483 4287 ⁸0
499 4232 560 4285 δὲ
587 4229 797 4295 Παῦλος
820 4228 1005 4300 μαθὼν
1030 4228 1201 4283 ταῦτα
1228 4227 1378 4298 παρὰ
1407 4226 1499 4279 τοῦ
1531 4226 1801 4295 Σωτῆρος,
1828 4224 1985 4295 ἐγρα-

411 4319 534 4389 ψεν,
566 4321 649 4374 ὅτι
692 4321 787 4373 Ἐν
810 4317 1081 4388 ὑστέροις
1110 4317 1333 4386 καιροῖς
1357 4314 1806 4382 ἀποστήσονταί
1829 4329 1983 4379 τινες

413 4410 524 4479 τῆς
557 4411 813 4477 πίστεως
833 4407 941 4478 τῆς
965 4408 1369 4477 ὑγιαινούσης,
1395 4404 1793 4476 προσέχοντες
1814 4404 1982 4456 πνεύ-

410 4516 561 4571 μασι
586 4499 841 4566 πλάνοις
858 4538 874 4562 ,
901 4498 999 4553 καὶ
1028 4497 1443 4563 διδασκαλίαις
1468 4496 1805 4565 δαιμονίων,
1839 4495 1984 4549 ἀπο-

2074 697 2247 749 Deum
2292 694 2583 766 aliquando
2626 694 2855 750 rationis
2896 704 2954 751 et
3015 693 3297 764 sapientiae
3359 702 3642 763 expertem

2074 785 2259 841 fuisse.
2328 785 2612 853 Quomodo
2676 784 2983 841 mutationi
3026 782 3487 852 conversionique
3546 783 3645 837 oh-

2072 878 2270 932 noxius
2291 880 2383 942 sit,
2409 893 2533 932 cum
2557 877 2625 933 de
2647 892 2706 932 se
2732 877 2847 947 ipse
2869 876 3035 941 dicat,
3066 876 3174 946 Ego
3199 877 3255 930 in
3278 875 3440 930 Patre
3463 883 3513 929 et
3534 874 3643 929 Pa-

2072 974 2153 1020 ter
2174 968 2228 1020 in
2253 984 2335 1020 me
2352 968 2402 1034 ⁸;
2429 976 2485 1021 et
2505 968 2658 1029 alibi,
2684 967 2798 1038 Ego
2822 975 2870 1020 et
2893 965 3058 1021 Pater
3082 982 3245 1019 unum
3267 981 3444 1019 sumus
3466 965 3487 996 '
3507 981 3522 1031 ;
3545 980 3644 1034 per

2071 1057 2365 1127 prophetas
2390 1073 2521 1111 vero
2564 1058 2738 1111 multo
2786 1064 2913 1112 ante
2954 1056 3396 1128 pronuntiaverit
3426 1073 3439 1108 :
3467 1053 3644 1109 Videte

2072 1163 2174 1213 me,
2199 1146 2337 1217 quod
2358 1163 2451 1216 ego
2469 1163 2587 1201 sum
2610 1155 2660 1201 et
2683 1164 2787 1202 non
2811 1156 2984 1202 mutor
3005 1146 3064 1199 "3
3099 1146 3175 1201 Ac
3195 1146 3327 1200 licet
3369 1145 3496 1215 quis
3538 1144 3646 1200 hoc

2071 1236 2278 1293 dictum
2300 1237 2368 1292 ad
2392 1238 2609 1294 Patrem
2632 1237 2808 1307 ipsum
2855 1237 3057 1293 referre
3085 1235 3185 1306 13
3227 1235 3419 1305 possit,
3466 1235 3647 1304 aptius

2070 1339 2253 1386 tamen
2298 1330 2467 1385 fuerit
2508 1345 2657 1385 nunc
2697 1329 2766 1384 de
2809 1329 2949 1386 Filio
2994 1328 3203 1384 dictum
3254 1326 3503 1395 accipere
3538 1340 3646 1379 :eo

2068 1421 2214 1492 quod
2238 1436 2362 1477 cum
2386 1422 2550 1478 homo
2571 1419 2747 1477 factus
2769 1420 2861 1485 sit,
2886 1435 3229 1491 nequaquam
3267 1425 3352 1472 est
3395 1418 3648 1473 immuta-

2070 1521 2179 1576 tus,
2205 1512 2322 1575 sed,
2368 1520 2428 1567 ut
2472 1512 2553 1567 ait
2593 1511 2908 1584 Apostolus,
2952 1512 3104 1566 Iesus
3154 1512 3392 1568 Christus
3439 1511 3549 1563 heri
3595 1517 3645 1561 ct

2068 1605 2236 1669 hodie,
2284 1605 2420 1659 idem
2463 1606 2575 1676 ipse
2618 1604 2746 1658 etin
2789 1603 2982 1659 sarcula
3005 1604 3046 1658 ’.
3071 1603 3345 1669 Quidnam
3386 1616 3517 1655 vero
3552 1613 3647 1652 eos

2071 1695 2311 1765 impulit,
2340 1702 2401 1749 ut
2424 1695 2672 1751 dicerent
2694 1695 2847 1750 illum
2886 1702 3109 1765 propter
3151 1710 3254 1749 nos
3275 1694 3476 1749 factum
3501 1705 3642 1750 esse,

2068 1801 2192 1840 cum
2214 1786 2414 1841 Paulus
2436 1786 2624 1856 utique
2647 1786 2792 1841 dicat
2818 1803 2829 1837 :
2856 1785 3078 1856 Propter
3098 1800 3251 1855 quem
3275 1784 3473 1846 omnia,
3493 1788 3540 1833 et
3555 1794 3643 1848 per

2070 1892 2222 1946 quem
2245 1877 2421 1930 omnia
2451 1876 2535 1929 “l?
2575 1877 2651 1931 De
2677 1875 3012 1945 blasphemia
3032 1888 3164 1928 vero
3187 1873 3279 1928 illa
3303 1886 3411 1949 qua
3456 1870 3644 1924 dicunt

2074 1964 2292 2021 Patrem
2308 1979 2417 2021 non
2439 1963 2676 2034 perfecte
2702 1964 2955 2034 cognosci
2980 1980 3009 2017 a
3035 1963 3192 2026 Filio,
3217 1961 3423 2016 nemini
3446 1959 3646 2013 mirum

2078 2054 2252 2109 videri
2275 2054 2459 2109 debet.
2505 2054 2639 2108 Nam
2684 2068 2807 2108 cum
2832 2052 2999 2109 semel
3041 2052 3265 2107 Christo
3311 2050 3516 2104 bellum
3564 2048 3649 2101 in-

2077 2144 2336 2207 dixerint,
2362 2152 2626 2213 spernunt
2652 2158 2868 2213 quoque
2892 2142 3058 2196 verba
3082 2142 3255 2211 ipsius
3298 2138 3512 2194 Domini
3560 2136 3647 2191 di-

2078 2235 2253 2291 centis
2277 2235 2317 2266 “
2341 2252 2353 2287 :
2388 2235 2451 2291 Ut
2476 2235 2734 2305 cognoscit
2760 2250 2841 2287 me
2866 2232 3046 2298 Pater,
3071 2242 3119 2286 et
3143 2248 3236 2302 ego
3259 2246 3510 2302 cognosco
3534 2226 3645 2282 Pa-

2080 2336 2231 2380 trem.
2257 2324 2491 2381 Proinde
2515 2324 2561 2381 si
2586 2316 2829 2394 exparte
2869 2330 3081 2379 tantum
3122 2322 3320 2377 Filium
3367 2318 3646 2391 cognoscit

2080 2415 2259 2477 Pater,
2286 2413 2463 2482 palam
2492 2422 2576 2467 est
2613 2411 2761 2482 quod
2790 2421 2845 2468 et
2886 2412 3055 2467 Filius
3096 2425 3165 2467 ex
3195 2416 3351 2481 parte
3367 2406 3648 2480 cognoscit

2079 2504 2313 2560 Patrem.
2339 2502 2495 2570 Quod
2518 2504 2563 2557 si
2592 2503 2695 2557 hoc
2719 2503 2903 2559 dicere
2946 2501 3099 2557 nefas
3144 2509 3248 2569 est,
3299 2509 3357 2556 et
3400 2501 3445 2555 si
3485 2499 3648 2554 Pater

2080 2595 2317 2666 perfecte
2342 2596 2495 2652 novit
2517 2595 2733 2659 Filium,
2757 2595 3110 2666 perspicuum
3154 2602 3239 2650 est
3264 2592 3411 2665 quod
3454 2607 3647 2663 quem-

2080 2686 2375 2741 admodum
2425 2687 2587 2741 Pater
2631 2686 2869 2741 Verbum
2913 2700 3076 2742 suum
3121 2683 3424 2755 cognoscit,
3475 2682 3551 2736 ita
3593 2688 3652 2735 et

2081 2776 2253 2830 Filius
2274 2775 2425 2831 novit
2464 2776 2682 2833 Patrem
2726 2790 2885 2830 suum
2932 2777 3092 2849 cujus
3134 2783 3219 2830 est
3261 2773 3525 2831 Verbum.
3573 2770 3651 2826 Ac

2081 2881 2181 2919 nos
2202 2865 2425 2935 quidem
2451 2865 2568 2922 haec
2589 2865 2854 2930 dicentes,
2904 2874 2960 2921 ct
2983 2876 3164 2921 sacras
3210 2865 3521 2934 Scripturas
3567 2875 3654 2915 re-

2082 2955 2367 3024 plicantes,
2392 2970 2765 3024 saepenumero
2806 2971 2902 3013 eos
2923 2955 3280 3010 convicimus.
3328 2955 3527 3009 Verum
3574 2950 3651 3005 illi

2084 3055 2339 3116 tanquam
2362 3046 2799 3110 chamazleontcs,
2830 3046 3061 3101 subinde
3087 3046 3278 3100 mutati
3328 3053 3474 3107 sunt,
3521 3043 3652 3097 dum

2084 3139 2307 3193 student
2352 3135 2709 3208 sibimetipsis
2767 3137 3025 3208 privatim
3073 3136 3354 3192 vindicare
3404 3135 3459 3189 id
3506 3136 3651 3204 quod

2084 3230 2350 3299 scriptum
2372 3237 2458 3283 est
2484 3246 2495 3279 :
2523 3227 2725 3298 Impius
2759 3245 2877 3283 cum
2920 3229 2974 3281 in
3024 3227 3344 3297 profundum
3389 3224 3653 3279 malorum

2082 3322 2338 3392 gurgitem
2376 3321 2595 3384 venerit,
2634 3322 2851 3390 spernit.
2894 3320 3075 3375 Multae
3116 3319 3338 3390 quidem
3382 3325 3506 3372 ante
3533 3317 3655 3371 illos

2084 3411 2316 3468 haereses
2336 3411 2689 3474 exstiterunt,
2714 3427 2835 3482 quae
2858 3411 2980 3481 plus
3003 3426 3169 3480 quam
3217 3409 3449 3465 decebat
3486 3423 3653 3470 ause.

2083 3503 2140 3557 in
2183 3510 2483 3559 extremam
2527 3502 2858 3558 dementiam
2900 3501 3168 3573 prolapsae
3210 3509 3356 3555 sunt.
3406 3500 3500 3554 Isti
3522 3513 3656 3553 vero

2081 3593 2423 3648 divinitatem
2447 3594 2610 3650 Verbi
2633 3594 2846 3649 cunctis
2868 3593 3213 3649 sermonibus
3257 3592 3371 3647 suis
3419 3591 3650 3647 subver-

2083 3693 2198 3740 tere
2244 3685 2440 3747 moliti,
2489 3686 2790 3741 eﬂ'ecerunt
2815 3693 3082 3755 quantum
3125 3683 3345 3753 quidem
3372 3683 3428 3737 in
3455 3698 3513 3737 se
3543 3690 3647 3745 est,

2083 3780 2144 3826 ut
2165 3772 2375 3842 priores
2396 3773 2629 3827 haereses
2651 3773 2754 3827 illa:
2769 3774 2927 3844 justas
2950 3789 3071 3828 esse
3094 3773 3433 3838 viderentur,
3452 3772 3653 3843 quippe

2082 3863 2176 3931 qui
2199 3862 2266 3916 ad
2294 3862 2684 3917 Antichristum
2713 3864 2936 3934 propius
2958 3864 3240 3919 accedant.
3277 3864 3641 3930 Quamobrem

2082 3954 2318 4009 abdicati
2344 3960 2468 4009 sunt
2492 3953 2561 4008 ab
2598 3954 2859 4017 Ecclesia,
2885 3962 2941 4008 et
2986 3956 3333 4010 anathemate
3382 3956 3649 4024 percussi.

2080 4044 2158 4098 Ac
2180 4043 2366 4098 dolore
2388 4043 2608 4114 quidem
2626 4044 2891 4098 aﬂieimur
2915 4045 2985 4097 ob
3009 4046 3238 4099 exitium
3262 4046 3500 4109 illorum,
3528 4046 3653 4100 ideo

2081 4135 2384 4205 praesertim
2407 4135 2553 4205 quod
2577 4151 2701 4189 cum
2724 4135 2980 4190 Ecclesia:
3003 4136 3305 4190 doctrinam
3353 4137 3481 4191 olim
3525 4152 3650 4207 per-

2082 4226 2361 4295 ceperint,
2389 4242 2537 4281 nunc
2567 4227 2636 4281 ab
2681 4243 2745 4281 ea
2769 4227 3139 4283 desciverunt.
3190 4228 3545 4299 Nequaquam
3574 4238 3653 4283 ta-

2082 4334 2206 4372 men
2250 4332 2572 4388 magnopere
2615 4316 2896 4371 miramur.
2948 4318 3095 4373 Idem
3152 4319 3299 4374 enim
3363 4318 3653 4389 llymcnmo

2082 4410 2310 4480 contigit
2330 4417 2385 4465 et
2409 4410 2623 4464 Phileto
2649 4411 2691 4440 ¹¹
2722 4428 2734 4461 :
2782 4417 2836 4464 et
2881 4416 3005 4463 ante
3030 4410 3131 4464 hos
3152 4410 3303 4465 Iuda:
3324 4451 3336 4474 ,
3389 4412 3481 4480 qui
3528 4428 3651 4466 cum

2083 4500 2426 4554 Servatorem
2470 4506 2711 4554 sectatus
2757 4499 2970 4563 fuisset,
3001 4500 3218 4555 tandem
3267 4502 3514 4570 proditor
3535 4504 3653 4572 ejus

413 4589 787 4661 τρεφομένων
825 4589 939 4657 τὴν
965 4588 1271 4655 ἀλήθειαν.
1307 4587 1411 4640 Τοῦ
1446 4587 1624 4640 τοίνυν
1654 4585 1859 4659 Κυρίου
1892 4585 1977 4637 καὶ

2086 4590 2259 4646 factus
2278 4599 2362 4645 est
2386 4605 2449 4645 ac
2471 4590 2737 4646 desertor.
2764 4593 2840 4645 Ac
2862 4591 2930 4646 de
2964 4593 3051 4648 his
3073 4594 3235 4649 etiam
3263 4594 3393 4663 ipsis
3418 4609 3651 4665 prmum-

414 4684 664 4754 Σωτῆρος
692 4681 845 4752 ήμῶν
882 4681 1054 4750 Ἰησοῦ
1089 4678 1346 4750 Χριστοῦ,
1379 4679 1467 4732 διὰ
1491 4695 1551 4730 τε
1575 4676 1736 4730 αὑτοῦ
1764 4692 1980 4748 παραγ-

2088 4682 2327 4739 nitiones
2351 4682 2668 4751 neutiquam
2691 4682 2853 4737 nobis
2875 4682 3190 4739 defuerunt.
3218 4684 3349 4737 Nam
3392 4684 3653 4737 Dominus

414 4772 714 4842 τέλλοντος,
742 4773 837 4826 καὶ
863 4772 951 4825 διὰ
977 4771 1071 4825 τοῦ
1108 4769 1430 4823 ’Δποστόλου
1458 4769 1818 4839 σημαίναντος
1855 4768 1977 4836 περὶ

2088 4771 2308 4841 quidem
2335 4771 2445 4841 ipse
2472 4771 2722 4841 praedixit
2751 4790 2764 4825 :
2792 4772 2979 4835 Cavete
3024 4790 3087 4826 ne
3131 4775 3242 4844 quis
3288 4792 3373 4827 vos
3418 4776 3647 4828 seducet.

414 4862 523 4916 τῶν
540 4861 816 4927 τοιούτων,
838 4860 1145 4924 ἀκολούθως
1168 4862 1326 4930 ἡμεῖς
1346 4859 1598 4928 αὐτήκοοι
1612 4857 1709 4927 τῆς
1730 4858 1977 4922 ἀσεϐείας

2092 4862 2307 4916 Veniant
2352 4863 2489 4916 enim
2534 4863 2687 4917 multi
2731 4865 2786 4917 in
2834 4866 3041 4917 nomine
3070 4882 3202 4928 meo,
3229 4866 3496 4919 dicentes:
3542 4865 3653 4935 Ego

415 4955 595 5009 αὐτῶν
617 4954 933 5025 γενόμενοι,
961 4953 1431 5024 ἀνεθεματίσαμεν
1477 4950 1615 5004 καθὰ
1651 4951 1977 5022 προείπομεν

2086 4969 2223 5018 sum,
2250 4964 2299 5007 ct
2326 4965 2525 5025 tempus
2571 4958 3009 5027 appropinquavit
3036 4975 3051 5013 :
3078 4958 3370 5030 multosque
3413 4961 3466 5013 in
3511 4976 3655 5012 erro—

488 5110 680 5166 ‘Joan.
710 5126 763 5175 ιι,
796 5110 883 5165 58.
960 5111 979 5142 ⁷
1016 5109 1148 5165 ibid.
1196 5109 1280 5162 50.
1358 5109 1378 5138 ⁸
1403 5108 1627 5163 Malacb.
1655 5124 1733 5172 ιιι,
1768 5108 1818 5163 6.
1895 5111 1915 5140 ⁸
1944 5110 1977 5164 ll

2077 5127 2110 5163 ι.
2151 5126 2265 5176 xm,
2313 5113 2363 5167 8.

2461 5111 2502 5142 '°
2527 5112 2691 5167 llebr.
2722 5130 2779 5179 ιι,
2810 5115 2893 5168 10.

418 5180 559 5235 Tim.
587 5195 645 5245 ιι,
674 5180 762 5234 17.

2992 5115 3205 5170 “Joan.
3250 5131 3302 5177 ιε,
3349 5115 3433 5169 15.
3522 5116 3562 5145 ¹²
3605 5114 3647 5167 11

1621 5294 1886 5350 VALESll
1926 5294 2474 5354 ANNOTATIONES.

417 5453 431 5465 .
488 5379 740 5467 (282.4“?
769 5382 1011 5467 mirth
1048 5385 1259 5467 quemn
1291 5385 1726 5467 τῶνρηέιάτων.
1753 5388 1977 5467 [ἴοιςῑίιιε

2120 5392 2262 5467 ’(29)
2285 5391 2818 5467 ξΕπτιχειρήσαντες
2876 5394 2999 5467 ταῖς
3038 5392 3651 5467 ’ἀναιρέσεσιη-Μῃεὶε

416 5453 484 5533 in.
500 5453 1110 5538 codice’LeonisnAllatii
1139 5455 1335 5524 legitur
1357 5456 1442 5508 διὰ
1459 5453 1691 5538 ’πάντων
1713 5456 1819 5538 τῷν
1849 5461 1975 5538 suo:

2083 5453 2597 5538 plaeetnleetio'vquas'
2618 5453 2851 5538 habetur
2874 5463 2930 5517 in
2954 5453 3141 5538 codice
3168 5453 3366 5538 L'eonis
3386 5453 3649 5517 Allatiivet

414 5524 523 5605 τών
567 5524 844 5606 ῥημρτων.
895 5524 1144 5606 Gelas-ius
1190 5541 1321 5606 vero
1364 5526 1630 5595 scriptum
1679 5526 1843 5581 habet
1892 5528 1977 5580 διὰ

2085 5524 2228 5599 apud
2256 5524 2550 5594 Gciasiufn,
2578 5533 3019 5602 ἐπιχειρήσαντες
3042 5535 3107 5586 τὰ
3135 5537 3213 5594 εἰς
3245 5534 3537 5602 ἀναίρεσιν.

418 5595 631 5647 πάντων
656 5595 767 5646 τῶν
795 5595 1007 5646 ἑαυτῶν
1038 5595 1336 5664 ῥηματίων.

1860 5702 2233 5759 VARIORUM.

487 5790 732 5872 ξ’ζςίλτᾳιί
754 5791 905 5872 ἔλθῃ
934 5795 963 5841 (ἶ
994 5792 1216 5857 ἀσεϐὴς
1244 5798 1325 5859 εἰς
1366 5796 1523 5860 βάθη
1579 5795 1790 5857 κανών,
1844 5814 1977 5849 2mm

2077 5798 2211 5851 [νεῖ.
2270 5800 2443 5852 Locus
2494 5801 2811 5869 desumptus
2855 5822 2881 5849 ι·
2924 5802 3185 5854 l’rmvrh.
3222 5818 3364 5861 xun.
3402 5803 3451 5859 5.
3497 5804 3647 5872 juxta

418 5855 574 5914 LXX.
604 5860 684 5915 W.
714 5855 929 5916 Lowtli.
