4050 6348
300 459 362 521 ει
1752 474 1874 534 θος

1977 480 2095 539 .TIS
3478 485 3550 544 52

300 601 411 642 rem
436 587 699 641 inducent.
727 585 900 643 Nolite
921 603 1008 642 eos
1045 587 1190 659 sequi
1217 587 1279 640 ¹³.
1325 585 1526 646 Paulus
1569 599 1749 648 autem
1775 595 1870 664 qui

1977 601 2098 665 τοὺς
2129 603 2420 670 τοιούτους,
2455 606 2831 672 ἀποδείξαντες
2870 607 3066 670 αὐτοὺς
3096 605 3408 676 ἀλλοτρίους
3450 605 3551 672 τῆς

298 678 405 734 ista
451 693 482 733 a
531 677 822 734 Servatore
845 678 1134 744 didicerat,
1160 679 1235 734 ita
1257 679 1454 735 scribit
1499 697 1513 734 :
1563 681 1871 740 Novissimis

299 767 612 838 temporibus
639 767 878 835 deﬁcient
902 756 1143 836 quidam’
1159 784 1192 820 a
1215 765 1320 835 ﬁde
1341 784 1496 834 sana,
1543 773 1871 830 attendentes

295 857 566 928 spiritibus
611 859 824 922 erroris,
872 867 921 913 et
961 859 1207 913 doctrinis
1253 859 1552 916 dwmonum
1596 865 1870 920 veritatem

295 949 652 1002 aversantium
679 953 743 1002 υ.
779 947 916 1003 Cum
943 949 1109 1018 igitur
1130 959 1187 1006 et
1211 950 1470 1006 Servator
1496 961 1684 1009 noster
1709 956 1865 1010 Jesns

293 1039 547 1095 Christus
589 1055 688 1108 per
733 1055 791 1093 se
840 1041 952 1110 ipse
979 1041 1081 1096 hoc
1125 1045 1474 1113 prteceperit,
1500 1050 1557 1097 et
1597 1059 1699 1114 per
1723 1048 1870 1116 Apo-

293 1129 492 1184 stolum
517 1129 584 1184 de
610 1130 729 1184 istis
763 1129 1174 1200 significaverit,
1218 1135 1342 1202 jure
1386 1133 1585 1187 merito
1625 1149 1730 1190 nos
1775 1138 1868 1204 qui

293 1221 626 1290 impietatem
656 1221 874 1276 illorum
901 1238 1085 1278 coram
1112 1223 1446 1290 audivimus,
1473 1226 1744 1296 ejusmodi
1774 1227 1870 1281 ho—

291 1313 487 1378 mines,
551 1315 694 1368 sicut
739 1315 1062 1384 praedictum
1109 1325 1212 1382 est,
1239 1319 1588 1374 anathemate
1625 1321 1869 1389 perculi-

287 1419 432 1467 mus,
484 1420 688 1476 eosque
737 1407 804 1461 ab
844 1409 1090 1464 Ecclesia
1129 1425 1193 1464 ac
1217 1408 1323 1465 fide
1349 1411 1616 1466 catholica
1659 1412 1869 1470 alienos

288 1509 410 1550 esse
434 1495 850 1554 declaravimus.
876 1499 1116 1571 ldipsum
1143 1508 1325 1557 autem
1350 1513 1552 1558 vestrae
1567 1504 1761 1574 pietati
1788 1505 1871 1560 in-

289 1585 616 1653 dicavimus,
643 1589 824 1646 dilecti
857 1591 960 1664 14
981 1601 1036 1647 et
1065 1593 1374 1674 citatissimi
1399 1597 1782 1662 comministri,
1811 1607 1871 1652 ut

289 1693 469 1750 neque
491 1695 606 1745 eos,
637 1687 681 1742 si
705 1683 842 1740 forte
865 1685 932 1739 ad
957 1702 1053 1740 vos
1077 1686 1243 1740 etiam
1265 1689 1454 1742 venire
1501 1703 1868 1758 praesumpse-

289 1771 423 1834 rint,
455 1773 787 1844 suscipiatis,
829 1793 1007 1846 neque
1043 1777 1389 1852 Eusebio’vel
1417 1778 1574 1833 alteri
1611 1779 1868 1848 cuiquam

289 1863 384 1932 qui
410 1863 630 1918 illorum
673 1880 836 1921 causa
879 1867 946 1921 ad
972 1884 1067 1922 vos
1117 1867 1421 1938 scripserit,
1460 1867 1622 1924 ﬁdem
1647 1885 1867 1925 accom-

1974 688 2266 763 καθολικῆς
2311 694 2636 766 Ἐκκλησίας
2663 713 2722 748 τε
2753 697 2845 748 καὶ
2870 695 3128 758 πίστεως.
3175 692 3552 763 Ἐδηλώσαμεν
3605 716 3611 728 τ

1971 777 2028 832 δὲ
2053 780 2146 834 καὶ
2175 784 2240 852 τῇ
2265 783 2506 855 ὑμετέρᾳ
2535 785 2834 856 θεοσεϐείᾳ,
2865 784 3138 852 ἀγαπητοὶ
3167 783 3262 838 καὶ
3289 782 3553 850 τιμιώτα-

1971 885 2052 921 τοι
2084 869 2514 942 συλλειτουργοὶ,
2547 875 2634 936 ἵνα
2667 876 2802 946 μήτε
2836 875 2992 938 τινὰς
3021 875 3080 939 ἐξ
3109 875 3308 938 αὐτῶν,
3342 878 3391 929 εί
3423 893 3555 946 προ-

1975 962 2326 1018 πετεύσαιντο
2356 967 2450 1020 καί⁸
2480 968 2614 1038 πρὸς
2644 967 2788 1037 ὑμᾶς
2821 967 3016 1030 ἐλθεῖν,
3053 967 3126 1037 μὴ
3159 967 3549 1038 προσδέξησθε,

1976 1054 2112 1122 μήτε
2141 1055 2386 1126 Εὑσεϐίῳ
2409 1097 2424 1120 ,
2469 1059 2502 1130 ἢ
2549 1059 2720 1131 ἑτέρῳ
2763 1059 2870 1112 τινὶ
2901 1059 3164 1130 γράφοντι
3209 1060 3340 1120 περὶ
3373 1059 3552 1114 αὐτῶν

1973 1143 2248 1213 πεισθῆτε.
2283 1147 2490 1218 Πρέπει
2519 1149 2626 1220 γὰρ
2661 1149 2808 1221 ἡμᾶς
2849 1148 2926 1212 ὡς
2963 1145 3327 1220 Χριστιανοὺς
3355 1149 3549 1215 ὄντας,

1973 1233 2177 1298 πάντας
2201 1237 2326 1300 τοὺς
2354 1237 2494 1292 κατὰ
2521 1239 2757 1311 Χρςττοῦ
2782 1237 3038 1308 λέγοντάς
3069 1255 3130 1292 τε
3169 1239 3264 1292 καὶ
3298 1237 3557 1309 φρονοῦν-

1971 1341 2090 1390 τας,
2121 1325 2196 1390 ὡς
2227 1326 2525 1400 θεομάχους
2551 1330 2642 1384 καὶ
2673 1331 2909 1401 φθορέας
2933 1329 3042 1384 τῶν
3071 1329 3262 1400 ψυχῶν
3287 1330 3557 1402 ἀποστρὲ-

1973 1414 2186 1483 φεσθαι,
2223 1417 2316 1470 καὶ
2355 1419 2488 1489 μηδὲ
2519 1419 2621 1474 κᾶν
2653 1421 2864 1491 χαίρειν
2917 1421 3032 1483 τοῖς
3065 1420 3326 1484 τοιούτοις
3352 1420 3554 1488 λέγειν,

1973 1505 2061 1558 ἵνα
2090 1507 2164 1576 μή
2203 1524 2331 1561 ποτε
2368 1510 2461 1562 καὶ
2487 1512 2605 1574 ταῖς
2643 1511 2941 1582 ἁμαρτίαις
2969 1510 3150 1564 αὐτῶν
3187 1510 3436 1564 κοινωνοὶ
3465 1527 3561 1576 γε-

1973 1594 2212 1667 νώμεθα,
2241 1599 2316 1662 ὡς
2340 1601 2707 1671 παρήγγειλεν
2729 1603 2756 1655 ὁ
2786 1599 3051 1671 μακάριος
3085 1599 3356 1670 Ἰωάννης.
3381 1599 3556 1668 Προσ-

1973 1689 2163 1742 είπατε
2189 1691 2314 1754 τοὺς
2345 1695 2472 1761 παρ’
2513 1694 2642 1762 ύμῖν
2685 1689 2964 1762 ἀδελφούς.
3010 1691 3196 1762 Ὑμᾶς
3227 1692 3274 1744 οἱ
3305 1690 3403 1744 σὺν
3433 1689 3556 1760 ἐμοὶ

1973 1783 2460 1853 προσαγορεύουσι.

289 1955 544 2012 modctis.
573 1956 682 2012 Nos
706 1958 852 2012 enim
879 1960 971 2029 qui
1019 1959 1314 2015 Christiani
1340 1975 1552 2026 sumus,
1595 1976 1692 2016 eos
1721 1954 1926 2017 omnes
1967 1962 2062 2032 qui
2111 1961 2376 2017 adversus
2420 1960 2698 2018 Christum
2737 1969 2792 2017 et
2837 1959 3138 2030 loquuntur
3181 1967 3239 2014 et
3284 1957 3549 2020 sentiunt,

291 2063 402 2103 non
445 2063 605 2105 secus
646 2065 708 2104 ac
751 2051 846 2105 Dei
873 2052 1057 2106 hostes
1085 2059 1140 2106 et
1165 2061 1516 2122 corruptores
1547 2051 1857 2108 animorum
1899 2053 2142 2108 aversari
2171 2053 2458 2118 debemus,
2495 2068 2558 2108 ac
2606 2067 2676 2108 ne
2717 2051 2832 2108 Ave
2879 2051 3105 2121 quidem
3149 2047 3419 2122 ejusmodi
3455 2047 3558 2101 ho-

293 2139 536 2197 minibus
577 2141 764 2197 dicere
813 2143 876 2204 ¹⁵,
923 2157 991 2198 ne
1039 2142 1342 2198 sceleribus
1405 2159 1594 2198 eorum
1639 2143 1914 2199 ullatenus
1973 2145 2465 2209 communicenms,
2513 2147 2658 2200 sicut
2699 2144 2918 2200 abeato
2960 2143 3170 2199 Joanne
3217 2149 3552 2212 praeceptum

295 2241 396 2289 est.
451 2233 692 2288 Salutate
735 2233 935 2288 fratres
976 2232 1071 2302 qui
1113 2231 1396 2287 vobiscum
1433 2238 1580 2287 sunt.
1627 2231 1694 2286 Hi
1747 2232 1840 2302 qui
1882 2232 2026 2303 apud
2073 2247 2174 2288 nos
2217 2241 2366 2298 sunt,
2396 2248 2493 2288 vos
2517 2233 2776 2287 salutant.

366 2327 692 2398 Huiusmodi
717 2325 918 2380 litteris
939 2324 1009 2380 ad
1031 2339 1222 2379 omnes
1269 2323 1561 2394 episcopos
1605 2339 1701 2394 per
1752 2325 1869 2379 sin-

2043 2327 2279 2380 Τοιαῦτα
2322 2329 2434 2389 τοῖς
2467 2325 2778 2396 ἁπανταχοῦ
2810 2325 2951 2380 κατὰ
2997 2325 3152 2380 πόλιν
3203 2323 3552 2396 Ἀλεξάνδρου

293 2422 448 2491 gulas
469 2419 634 2474 urbes
657 2416 983 2474 constitutos
1005 2415 1073 2470 ab
1096 2414 1407 2470 Alexandro
1452 2415 1616 2479 datis,
1665 2414 1866 2468 malum

179 2555 194 2565 .
293 2515 350 2568 in
373 2513 618 2568 deterius
642 2509 893 2582 profecit,
923 2523 1047 2564 cum
1072 2509 1110 2562 ii
1137 2507 1231 2577 qui
1257 2507 1470 2562 litteras
1517 2515 1865 2576 acceperant,

291 2606 360 2662 ad
381 2604 788 2660 contentionem
811 2600 1202 2656 excitarentur.
1228 2598 1296 2653 Et
1321 2598 1413 2652 alii
1461 2597 1686 2668 quidem
1713 2597 1864 2652 litte-

295 2700 372 2751 ris
427 2693 856 2757 consentientes,
927 2690 1122 2746 iisdem
1167 2690 1333 2744 etiam
1391 2687 1865 2758 subscripserunt.

293 2789 396 2844 Alii
424 2803 556 2842 vero
580 2785 918 2849 contrarium
941 2781 1142 2838 fecere.
1191 2779 1301 2836 Sed
1347 2779 1582 2834 maxime
1624 2779 1869 2834 omnium

292 2881 564 2938 Eusebius
581 2875 1012 2934 Nicomediensis
1032 2873 1321 2942 episcopus
1337 2869 1404 2925 ad
1433 2869 1870 2925 dissentiendum

291 2971 563 3042 impulsus
604 2975 707 3032 est,
753 2983 820 3021 co
853 2963 1002 3035 quod
1047 2961 1357 3018 Alexander
1403 2961 1460 3015 in
1509 2961 1628 3016 suis
1670 2961 1872 3016 litteris

291 3060 614 3118 nominatim
676 3058 854 3129 ipsum
899 3052 1326 3124 perstrinxisset.
1371 3051 1541 3106 Porro
1602 3050 1872 3106 Eusebius

290 3165 425 3210 tunc
463 3151 729 3222 temporis
771 3147 1068 3219 plurimum
1119 3150 1357 3214 poterat,
1384 3150 1680 3212 propterea
1724 3141 1871 3210 quod

292 3249 593 3318 imperator
648 3241 882 3311 degebat
939 3235 1292 3292 Nicomedire.
1341 3233 1459 3287 lllic
1514 3232 1662 3286 enim
1710 3231 1872 3301 paulo

293 3347 420 3396 ante
446 3335 821 3392 Diocletianus
863 3327 1130 3399 palatium
1153 3324 1550 3381 aaditicaverat.
1578 3323 1730 3376 lianc
1776 3321 1876 3390 igi-

294 3438 387 3483 tur
409 3427 481 3482 oh
503 3438 724 3480 causam
749 3419 904 3474 multi
940 3417 1184 3488 episcopi
1209 3414 1450 3470 Eusebio
1493 3413 1874 3482 obsequeban-

296 3529 408 3577 tur.
435 3518 504 3574 Et
547 3516 636 3572 ille
667 3513 987 3582 frequentes
1031 3509 1244 3564 litteras
1290 3505 1562 3569 mittebat,
1612 3520 1760 3559 nunc
1805 3503 1872 3558 ad

295 3609 670 3668 Alexandrum
689 3646 704 3672 ,
730 3617 962 3660 monens
985 3610 1046 3656 ut
1087 3614 1382 3670 suppressa
1424 3596 1728 3667 quaestione
1753 3611 1874 3666 quae

1971 2417 2274 2488 γράφοντος
2295 2461 2310 2484 ,
2342 2420 2522 2488 χεῖρον
2555 2417 2769 2485 ἐγένετο
2793 2417 2853 2470 τὸ
2891 2417 3079 2480 κακὸν,
3110 2417 3190 2478 είς
3224 2414 3555 2484 φιλονεικίαν

1973 2511 2374 2581 ὲξαπτομὲνων,
2411 2505 2492 2574 οἷς
2531 2511 2599 2564 τὰ
2643 2510 2923 2582 γραφέντα
2967 2509 3314 2581 ὲγνωρίζετο.
3365 2508 3475 2561 Καὶ
3505 2509 3556 2561 οἱ

1975 2603 2073 2673 μὲν
2094 2603 2208 2664 τοῖς
2236 2603 2492 2672 γραφεῖσι
2524 2599 2802 2672 σύμψηφοι
2832 2602 3128 2672 γινόμενοι,
3177 2600 3272 2652 καὶ
3299 2615 3552 2668 προσυπ-

1973 2693 2227 2762 ἐγραφον.
2270 2693 2332 2744 Οἱ
2360 2693 2414 2744 δὲ
2444 2693 2752 2746 τούναντίον
2775 2691 3012 2745 ἐποίουν.
3039 2690 3290 2744 Μάλιστα
3328 2688 3386 2741 δὲ
3420 2686 3558 2758 πρὸς

1971 2783 2325 2838 άντιπάθειαν
2353 2784 2634 2852 ἐκεκίνητο
2671 2785 2698 2836 ὁ
2726 2782 2826 2852 τῆς
2859 2781 3228 2852 Νικομηδείας
3259 2777 3520 2842 Εὐσέϐιος
3538 2819 3552 2841 ,

1971 2875 2052 2929 ὅτι
2078 2873 2244 2930 αὑτοῦ
2289 2874 2474 2938 κακῶς
2512 2875 2856 2946 Ἀλέξανδρος
2894 2873 2950 2927 ὲν
2975 2874 3089 2937 τοῖς
3127 2873 3384 2942 γραφεῖσι
3420 2869 3557 2940 μνή-

1978 2983 2085 3038 μην
2114 2966 2395 3035 πεποίητο.
2432 2967 2614 3036 Ἴσχυε
2644 2965 2700 3018 δὲ
2727 2966 2850 3018 κατ’
2891 2966 3068 3018 ἐκεῖνο
3098 2963 3192 3016 τοῦ
3222 2962 3416 3034 καιροῦ
3450 2961 3558 3032 μά-

1973 3059 2131 3113 λιστα
2161 3060 2190 3112 ό
2227 3041 2504 3122 ὧσέϐικ,
2529 3060 2610 3113 ὅτι
2643 3059 2784 3112 κατὰ
2811 3057 2910 3128 τὴν
2939 3055 3312 3126 Νικομήδειαν
3342 3056 3370 3106 ό
3405 3054 3558 3124 βασι-

1974 3151 2099 3212 λεὺς
2126 3149 2245 3202 τότε
2275 3147 2530 3216 διέτριϐε.
2567 3148 2678 3201 Καὶ
2710 3147 2818 3216 γὰρ
2841 3149 2958 3200 ἐκεῖ
2993 3146 3060 3199 τὰ
3091 3145 3338 3214 βασίλεια
3365 3143 3560 3214 μικρὸν

1974 3237 2283 3309 ἔμπροσθεν
2300 3240 2346 3291 οί
2365 3253 2430 3290 πε
2441 3237 2493 3308 pl.
2512 3235 2884 3288 Διοκλετιανδν
2906 3236 3250 3304 ἐπεποίηντο.
3273 3233 3372 3286 Διὰ
3393 3233 3558 3286 τοῦτο

1975 3324 2066 3381 οὖν
2096 3326 2279 3379 πολλοὶ
2320 3324 2429 3378 τῶν
2476 3324 2790 3378 ἐπισκόπων
2836 3321 2914 3392 τῷ
2965 3321 3210 3391 Εύσεὸίῳ
3251 3321 3560 3390 ὑπήκουον·

1975 3419 2224 3478 κάκεῖνος
2277 3415 2514 3485 συνεχῶς
2547 3412 2883 3476 ἐπέστελλεν,
2929 3411 3266 3482 Ἀλεξάνδρῳ
3297 3412 3416 3481 μὲν,
3468 3411 3560 3464 ἵνα

1976 3508 2239 3577 καθυφεὶς
2276 3506 2336 3560 τὸ
2380 3505 2696 3574 κινούμενον
2727 3503 2950 3574 ζήτημα
2983 3502 3096 3572 (50)
3119 3543 3133 3568 ,
3179 3500 3402 3572 δέξηται
3433 3503 3565 3566 τοὺς

1977 3598 2106 3668 περὶ
2155 3597 2395 3667 Ἀρειον.
2439 3595 2566 3656 Τοῖς
2599 3593 2657 3646 δὲ
2698 3592 2834 3646 κατὰ
2869 3591 3042 3653 πόλιν,
3074 3590 3224 3652 ὅπως
3262 3589 3327 3644 ἂν
3357 3589 3430 3660 μὴ
3462 3588 3562 3657 γέ-

296 3708 442 3764 intcr
471 3705 619 3776 ipsos
655 3707 928 3758 commota
971 3697 1170 3758 fuerat,
1201 3693 1392 3747 Arium
1437 3691 1494 3744 in
1540 3689 1874 3744 communio-

1981 3703 2154 3741 νοιντο
2175 3685 2454 3756 σύμψηφοι
2499 3683 2855 3755 Ἀλεξάνδρῳ.
2886 3681 3048 3736 Ὅθεν
3075 3679 3143 3734 τὰ
3166 3679 3343 3734 πάντα
3369 3675 3436 3750 ἦν
3463 3695 3566 3732 τα-

297 3815 424 3856 nem
449 3796 742 3866 reciperet,
771 3805 920 3846 nunc
941 3787 1009 3844 ad
1033 3785 1381 3856 singularum
1407 3781 1630 3837 urbium
1658 3779 1875 3850 episco-

298 3907 422 3964 pos,
475 3887 717 3945 suadens
764 3899 834 3940 ne
877 3879 1190 3938 Alexandro
1213 3889 1542 3932 consensum
1569 3888 1877 3927 accommo-

301 3963 520 4038 darent.
559 3978 680 4047 Quo
712 3977 918 4033 factum
955 3980 1043 4028 est
1084 3977 1147 4025 ut
1192 3966 1430 4024 tumultu
1477 3979 1542 4019 ac
1583 3963 1877 4034 perturba—

304 4073 550 4128 tionibus
593 4071 777 4124 omnia
825 4064 1258 4134 complerentur.
1304 4057 1494 4126 Neque
1537 4055 1685 4108 enim
1735 4054 1880 4109 solos

301 4163 662 4218 ecclesiarum
697 4157 972 4213 antistites
1009 4152 1194 4210 verbis
1225 4150 1368 4204 inter
1415 4162 1474 4201 se
1519 4145 1880 4216 digladiantes

302 4269 530 4311 cernere
565 4251 788 4315 licebat,
815 4263 1006 4304 verum
1045 4245 1211 4300 etiam
1243 4239 1429 4313 pOpuli
1469 4236 1880 4293 multitudinem

302 4345 441 4398 duas
466 4343 519 4396 in
545 4348 728 4410 partes
761 4337 991 4391 divisam
1019 4353 1032 4387 :
1059 4333 1180 4388 aliis
1207 4331 1274 4386 ad
1323 4333 1444 4396 hos,
1473 4330 1595 4385 aliis
1645 4327 1713 4382 ad
1757 4326 1880 4380 illos

302 4452 423 4492 sese
447 4430 870 4504 applicantibus.
899 4427 1145 4496 Denique
1171 4441 1238 4480 eo
1262 4422 1614 4494 indignitatis
1636 4435 1727 4474 res
1752 4434 1880 4488 pro-

302 4526 490 4588 cessit,
519 4531 578 4577 ut
601 4521 821 4592 publice
858 4521 914 4572 in
941 4517 1076 4587 ipsis
1096 4515 1265 4570 etiam
1305 4513 1539 4568 theatris
1563 4507 1882 4565 Christiana

302 4619 494 4688 religio
520 4613 887 4670 derideretur.
913 4610 982 4664 Et
1006 4609 1042 4663 ii
1067 4607 1291 4678 quidem
1320 4605 1414 4674 qui
1451 4611 1616 4658 erant
1643 4600 1884 4655 Alexan-

301 4713 455 4776 driae,
485 4710 550 4765 de
579 4705 811 4763 summis
854 4703 981 4758 ﬁdei
1009 4708 1214 4756 nostra:
1258 4695 1606 4768 dogmatibus
1633 4691 1879 4763 pertina-

301 4809 441 4858 citer
467 4799 896 4856 contendebant.
931 4793 1014 4849 Ab
1041 4792 1238 4847 iisdem
1281 4789 1349 4844 ad
1379 4785 1722 4858 singularum
1747 4798 1880 4853 pro-

302 4894 609 4949 vinciarum
634 4891 922 4962 episcopos
945 4887 1124 4941 missa:
1149 4891 1276 4938 sunt
1319 4878 1643 4951 legationes.
1669 4875 1740 4930 Et
1786 4873 1878 4929 isti

303 4989 356 5042 in
387 4987 704 5040 alterutram
745 4981 908 5038 divisi
935 4989 1168 5050 partem,
1197 4973 1444 5046 ejusdem
1489 4985 1614 5025 cum
1640 4967 1748 5023 illis
1795 4981 1880 5020 se-

1981 3778 2151 3849 ραχῆς
2185 3778 2483 3847 ἀνάμεστα.
2541 3776 2614 3829 Ού
2646 3774 2753 3844 γὰρ
2800 3772 2992 3844 μόνους
3023 3767 3091 3842 ἦν
3126 3771 3252 3824 ἰδεῖν
3289 3771 3418 3833 τοὺς
3454 3769 3571 3822 τῶν

1977 3868 2287 3940 ἐκκλησιῶν
2309 3868 2473 3940 προέδ
2482 3884 2606 3938 ρους
2627 3866 2805 3934 λόγοις
2827 3861 3402 3934 διαπληκτιζομένους,
3428 3860 3574 3915 ἀλλὰ

1978 3959 2074 4014 καὶ
2117 3958 2298 4029 πλήθη
2345 3958 2684 4028 τεμνόμεναο
2730 3954 2838 4010 τῶν
2888 3955 2986 4026 μὲν
3045 3953 3122 4017 ὡς
3169 3952 3384 4029 τούτοις
3413 3953 3561 4018 (51),

1977 4049 2084 4102 τῶν
2107 4050 2162 4102 δὲ
2198 4047 2444 4117 Θατέροις
2473 4045 2916 4115 ἐπικλινομένων.
2956 4043 3050 4104 Εἰς
3073 4040 3328 4094 τοσοῦτον
3360 4040 3416 4094 δὲ
3441 4041 3578 4096 ἀτο-

1981 4142 2110 4204 πίας
2144 4139 2349 4212 προέϐη
2377 4139 2436 4191 τὸ
2467 4139 2718 4208 πρᾶγμα,
2747 4135 2888 4188 ὥστε
2920 4133 3152 4203 δημοσίᾳ
3180 4131 3273 4186 καὶ
3300 4133 3358 4184 ὲν
3381 4133 3581 4196 αὐτοῖς

1979 4231 2228 4302 θεάτροις
2253 4230 2344 4282 τὸν
2369 4231 2412 4282 Χ
2422 4227 2793 4300 ριστιανισμὸν
2823 4224 3096 4294 γελᾶσθαι.
3117 4225 3177 4276 Ol
3205 4223 3302 4294 μὲν
3325 4219 3419 4277 οὖν
3443 4223 3579 4276 κατ’

1980 4323 2148 4393 αὐτὴν
2167 4320 2264 4392 τὴν
2297 4320 2722 4392 Ἀλεξάνδρειαν,
2743 4319 3002 4383 νεανικῶς
3028 4318 3153 4389 περὶ
3176 4315 3283 4370 τῶν
3309 4314 3588 4369 ἀνωτάτω

1979 4414 2264 4483 δογμάτων
2305 4411 2744 4482 διεπληκτίζοντο
2768 4450 2780 4472 ,
2834 4405 3282 4480 διεπρεσϐεύοντὸ
3317 4421 3378 4456 τε
3430 4407 3588 4476 πρὸς

1979 4506 2106 4569 τοὺς
2141 4505 2260 4559 κατ’
2289 4501 2556 4574 ἐπαρχίαν
2593 4501 2944 4563 ἐπισκόπους.
2997 4500 3061 4552 OE
3092 4498 3178 4564 δὲ,
3221 4499 3302 4559 εἰς
3343 4494 3593 4567 θάτερον

1967 4594 2302 4666 τεμνόμενοι
2336 4593 2521 4664 μέρος,
2555 4592 2656 4661 τῆς
2699 4591 2921 4644 ἐκείνων
2956 4587 3144 4655 ὁμοίας
3180 4586 3420 4648 στάσεως
3459 4585 3594 4653 ἐγί-

1982 4705 2154 4742 νοντο.
2193 4684 2655 4756 Συνανεμίγνυντο
2686 4681 2742 4734 δὲ
2785 4683 2898 4742 τοῖς
2958 4669 3350 4749 ’Ᾱρειανίςουσι
3404 4676 3594 4729 Μελι-

1981 4783 2150 4836 τιανοὶ
2169 4781 2303 4853 (52),
2328 4780 2378 4832 οἱ
2406 4777 2599 4848 μικρὸν
2626 4772 2930 4845 ἔμπροσθεν
2947 4771 3050 4841 τῆς
3073 4767 3393 4838 Ἐκκλησίας
3415 4784 3596 4839 χωρι-

1985 4874 2224 4935 σῦέντες.
2263 4871 2420 4933 Τίνες
2451 4868 2507 4922 δέ
2534 4869 2670 4919 εἰσιν
2707 4859 2874 4926 οὗτοι,
2904 4862 3140 4916 λεκτέον.
3197 4859 3334 4912 Ὑπὸ
3364 4858 3595 4926 Πέτρου

1983 4963 2077 5018 τοῦ
2111 4963 2410 5016 ἐπισκόπου
2451 4954 2891 5025 Ἀλεξανδρείας,
2931 4952 3024 5006 τοῦ
3070 4951 3162 5004 ἐπὶ
3190 4947 3599 5018 Διοκλητιανοῦ

379 5115 424 5144 ⁸³
452 5111 645 5168 Matth.
674 5127 817 5174 xxw,
847 5111 880 5164 οἱ
909 5124 1028 5177 sqq.
1109 5108 1150 5138 "
1185 5105 1205 5158 Ι
1246 5104 1385 5158 Tim.
1417 5118 1489 5166 Iv,
1523 5101 1572 5153 1.
1655 5099 1699 5131 ¹⁸
1722 5097 1769 5152 ll
1793 5097 1951 5152 Joan.
1997 5094 2082 5148 l0.

1510 5211 1780 5270 VALESII
1822 5203 2373 5266 ANNOTATIONES.

379 5348 492 5418 (30)
530 5351 572 5401 Τ
572 5347 599 5399 ὀ
633 5344 986 5418 κιγοιξμενον
1018 5333 1473 5418 ζήτημαβοιιυκ
1515 5328 1892 5418 Ιίροιιὶβγᾼῌιι-

311 5400 873 5488 tii‘sctziptuxullqbct
903 5412 969 5488 τὸ
1012 5400 1195 5488 nunc?)
1217 5407 1323 5488 ’τὴν
1353 5402 1615 5488 ταραχὴνῒ

310 5471 719 5544 cuii—consentit
762 5480 1100 5551 Epiphanius
1144 5471 1742 5551 §c11_olasti_ctis.'l’au_lo
1768 5477 1892 5551 post

697 5539 981 5628 σύμέμξφοι
1011 5546 1370 5628 ᾊλεὲἁνδρῳ,
1407 5543 1550 5596 idem
1594 5541 1762 5594 codex
1791 5539 1889 5591 ha-

315 5631 406 5682 ln-t
435 5616 737 5704 σύμψηφοι,
771 5616 1251 5704 ρῗς’ξΑ).ἐξα;ιδρος
1291 5616 1557 5704 ἔγραφε...

389 5677 668 5764 iit—fidi;-
719 5677 956 5761 ᾆιὲγίὼς
999 5677 1260 5764 τούτοις.
1321 5677 1670 5764 Florentinus
1714 5677 1884 5733 codex

321 5751 583 5834 scriptum
609 5751 796 5824 habet,
825 5764 899 5823 ὼς
921 5751 1168 5834 τούτους,
1203 5754 1354 5834 quod
1375 5769 1484 5806 non
1509 5751 1778 5834 displicet.

392 5821 501 5902 (5'22)
542 5821 1060 5900 Σιινανεμιᾋ-τψντο
1090 5827 1155 5878 δὲ
1186 5821 1308 5889 τοῖς
1343 5821 1748 5902 ’Λρειαγζᾷλυσι
1775 5821 1891 5898 Με-

323 5888 593 5959 λέὲιίάοί.
633 5888 861 5959 Fallitur:
901 5902 988 5956 hic
1030 5888 1299 5961 Socrates,
1328 5888 1666 5962 uthuidem
1704 5888 1892 5943 existi-

1927 5330 1969 5386 t)
2000 5340 2108 5378 mo.
2144 5322 2335 5392 Neque
2377 5319 2524 5392 enim
2568 5315 2827 5392 M_e_l_itiani
2855 5312 3076 5392 Arianis
3099 5325 3156 5365 se
3183 5309 3604 5392 adjun‘acrunt,

2001 5376 2106 5449 nisi
2147 5376 2274 5462 posit
2312 5389 2577 5462 Synodum
2609 5383 3002 5462 Nicaenamtap
3039 5376 3274 5461 E“§°bi°
3317 5376 3608 5462 mecm-8-

2000 5447 2175 5519 ζείουἐὶ
2213 5447 2492 5516 sollicitati
2520 5466 2581 5512 ut
2604 5455 2866 5510 adversus
2891 5447 3615 5519 Athanasiumcalumnias

2002 5517 2272 5595 tenerent,
2299 5526 2761 5599 quemadmodum
2801 5532 3033 5599 testatur
3078 5522 3196 5599 ipse
3242 5517 3615 5599 Athanasius

1998 5585 2433 5672 int—Apologc'tico
2477 5596 3020 5672 secundoadversus
3061 5585 3318 5672 Αἶηίιιιιοεἶ
3339 5585 3521 5672 gerte
3554 5591 3613 5643 si

1996 5655 2413 5729 blieliiianiuante
2441 5671 2706 5741 synodum
2735 5665 3006 5741 Neronem
3045 5656 3320 5741 conjuncti
3345 5655 3619 5741 fuissent

1999 5725 2402 5803 culinarianis,
2431 5731 2540 5794 non
2588 5749 2697 5794 tam
2739 5735 2973 5803 benigne
2997 5746 3092 5785 eos
3120 5725 3456 5784 tractassem
3489 5725 3620 5783 Pa-

2002 5825 2112 5870 tres
2139 5813 2328 5871 smodi
2355 5813 2604 5867 Nicaeum.

1731 6341 1974 6348 —_______
1983 6341 2132 6348 _.-—_
2161 6345 2166 6348 .

4011 867 4026 1086 ἐ

4015 1094 4026 1355 ’z
