4050 6348
341 432 414 489 55
1004 423 1008 427 ⁴
1799 435 2133 497 SOCRATIS
3525 458 3595 513 56

338 554 400 602 ot
427 544 642 612 Arium,
682 562 782 617 per
828 549 1006 605 virum
1044 560 1300 621 spectate
1343 552 1505 620 ﬁdei,
1541 553 1770 610 Hosium
1821 558 1923 610 no-

2033 557 2251 631 Ἀρειον
2282 561 2510 635 πέμπει,
2541 564 2609 618 δι’
2638 566 2830 637 ἀνδρὸς
2870 566 3205 636 ἀξιοπίστου,
3231 563 3276 640 ᾧ
3303 569 3474 642 ὄνομα
3500 573 3601 643 μὲν

342 636 526 702 mine,
570 638 889 712 episcopum
928 640 1199 698 Corduba:
1243 659 1366 715 quae
1414 645 1691 716 Hispania:
1728 646 1919 702 civitas

341 735 429 784 est
453 746 468 781 :
492 744 657 799 quem
678 732 900 801 quidem
937 732 1234 803 imperator
1265 743 1322 790 et
1358 736 1575 792 amabat
1609 745 1666 793 et
1705 737 1920 795 colebat

340 818 663 888 plurimum.
701 822 906 878 Harum
954 823 1263 881 litterarum
1300 840 1512 898 partem
1552 829 1643 886 hic
1678 830 1919 887 inserere

342 922 712 983 Opportunum
744 916 848 986 ιθ
868 916 1019 972 duxi.
1064 918 1295 991 Integra:
1329 922 1478 977 enim
1510 932 1731 980 exstant
1766 925 1823 980 in
1854 924 1921 980 li-

339 1002 461 1061 bris
480 1005 707 1063 Eusebii
731 1007 798 1062 de
820 1008 943 1063 Vita
963 1008 1330 1068 Constantini.

345 1187 519 1243 Victor
557 1187 936 1246 Constantinus
978 1193 1243 1318 misimus
1288 1195 1574 1268 Augustus,
1617 1198 1921 1255 Alexandro

1014 1280 1042 1316 e
1151 1282 1249 1318 no.

1014 1280 1065 1316 et
1099 1280 1249 1319 ΑΠΟ.

411 1367 705 1425 Praesentis
748 1379 1138 1431 controversae
1199 1377 1417 1433 initium
1478 1380 1608 1437 hinc
1646 1383 1924 1440 exstitisse

339 1460 791 1529 comperio.Cum
813 1463 961 1518 enim
982 1472 1064 1532 tu,
1080 1465 1404 1536 Alexander,
1420 1487 1450 1526 a
1470 1474 1803 1546 presbyteris
1816 1476 1925 1532 tuis

341 1549 676 1619 requireres,
694 1552 828 1623 quid
840 1556 1219 1629 unusquisque
1241 1574 1432 1615 eorum
1452 1562 1521 1618 de
1541 1564 1776 1634 quodam
1790 1565 1926 1636 legis

341 1640 464 1696 loco
488 1643 738 1709 sentiret,
776 1660 875 1701 seu
917 1649 1107 1719 potius
1148 1650 1220 1707 de
1262 1653 1500 1723 quadam
1547 1666 1703 1727 parte
1747 1659 1927 1716 inanis

340 1733 663 1800 quaestionis
692 1750 790 1791 eos
837 1736 1208 1811 interrogares
1260 1760 1274 1796 :
1309 1758 1545 1814 cumque
1582 1754 1671 1813 tu,
1705 1747 1832 1815 Ari,
1869 1749 1927 1804 id

342 1825 492 1893 quod
515 1826 602 1881 vel
638 1843 921 1898 nunquam
942 1831 1207 1902 cogitare,
1238 1834 1329 1890 vel
1370 1850 1502 1892 sane
1533 1838 1829 1909 cogitatum
1854 1840 1929 1896 si-

342 1913 516 1975 lentio
537 1932 789 1987 premere
830 1920 1134 1990 debueras,
1169 1924 1550 1996 imprudenter
1570 1930 1923 1999 protulisses;
1957 1889 1999 1942 Β

342 2004 579 2061 excitata
605 2006 751 2063 inter
772 2024 871 2064 vos
909 2010 1206 2080 discordia,
1232 2017 1548 2074 communio
1573 2018 1796 2089 quidem
1832 2020 1927 2076 de-

343 2106 539 2168 negata
561 2107 675 2166 est;
698 2101 1078 2159 sanctissimus
1096 2114 1279 2160 autem
1300 2109 1537 2177 populus
1558 2109 1695 2165 duas
1717 2111 1773 2165 in
1795 2126 1927 2181 par-

345 2195 429 2242 tes
474 2189 772 2258 discissus,
814 2206 848 2248 a
892 2194 1062 2250 totius
1103 2198 1357 2266 corporis
1400 2199 1612 2255 unitate
1654 2200 1924 2256 discessit.

340 2277 614 2346 Quocirca
656 2289 894 2353 uterque
932 2293 1183 2341 vestrum
1224 2288 1441 2343 veniam
1486 2290 1728 2346 vicissim
1769 2292 1928 2347 alteri

346 2370 620 2437 tribuens,
665 2373 723 2428 id
770 2377 1154 2447 amplectatur,
1205 2378 1353 2449 quod
1397 2393 1706 2437 conservus
1746 2392 1930 2439 vester

343 2464 504 2520 vobis
531 2465 840 2536 iustissime
883 2470 1096 2525 suadet.
1143 2471 1416 2538 Quidnam
1460 2489 1593 2529 vero
1636 2474 1773 2531 illud
1808 2476 1932 2532 est?

343 2555 459 2611 Nec
479 2556 817 2629 interrogare
840 2559 910 2616 de
931 2561 1249 2634 bujusmodi
1285 2566 1451 2622 rebus
1472 2568 1745 2638 principio
1766 2567 1929 2624 dece-

346 2647 460 2713 bat,
486 2662 595 2704 nec
618 2650 1021 2723 interrogatum
1050 2655 1412 2726 respondere.
1440 2658 1757 2715 Istiusmodi
1783 2662 1930 2716 enim

345 2738 700 2805 quaestiones,
727 2755 866 2811 quas
887 2743 1096 2800 nullius
1118 2745 1256 2817 legis
1280 2749 1580 2804 necessitas
1601 2751 1928 2819 praescribit,

348 2828 446 2883 sed
494 2829 711 2888 inutilis
754 2834 854 2890 otii
896 2836 1179 2892 altercatio
1211 2841 1502 2910 proponit,
1540 2841 1670 2896 licet
1726 2840 1949 2913 ingenii

345 2921 637 2976 exercendi
668 2936 833 2979 causa
878 2925 1258 2994 instituantur,
1308 2938 1490 2985 tamen
1537 2929 1681 2985 intra
1730 2931 1933 2987 mentis

346 3018 551 3068 nostrae
575 3017 875 3084 penetralia
912 3020 1199 3076 continere
1224 3021 1509 3087 debemus,
1536 3038 1639 3078 nec
1659 3039 1753 3078 eas
1775 3023 1933 3080 facile

347 3098 405 3156 in
442 3103 692 3171 publicos
714 3105 913 3163 eﬂ‘erre
936 3117 1262 3176 conventus,
1296 3126 1401 3166 nec
1423 3111 1652 3167 auribus
1673 3113 1821 3183 vulgi
1845 3114 1932 3167 in—

2017 648 2085 724 ἧν
2117 654 2304 718 "Octo;
2335 662 2382 721 ο,
2419 657 2548 726 μιᾶς
2595 657 2653 712 δέ
2685 658 2792 711 τῶν
2854 659 2914 713 ἐν
2967 662 3033 731 τῇ
3094 661 3339 733 ’Ῑσπανίᾳ
3391 663 3600 719 πόλεων

2017 744 2189 815 ὄνομα
2221 745 2590 818 Κουδρούϐης,
2620 748 2864 819 ὑπῆρχεν
2906 749 3221 815 ἐπίσκοπος*
3250 752 3392 806 πάνυ
3413 771 3473 808 τε
3500 756 3600 809 αύ-

2018 834 2110 889 τδν
2134 837 2345 906 ἠγάπα,
2370 839 2464 892 καὶ
2493 839 2581 893 διὰ
2596 840 2763 911 τιμῆς
2786 837 2921 912 ἦγεν
2949 844 2978 895 ὁ
3008 842 3279 912 βασιλεύς.
3298 840 3403 898 Ὧν
3420 864 3601 918 γραμ-

2024 925 2209 997 μάτων
2237 926 2404 998 μέρος
2435 928 2669 982 ἐνταῦθα
2719 930 2933 985 κεῖσθαι
2963 932 3065 985 οὐκ
3094 932 3342 1004 ἄκαιρον.
3401 936 3464 988 Ἡ
3491 936 3601 1008 γὰρ

2020 1016 2115 1088 ὅλη
2138 1016 2392 1089 ἐπιστολὴ
2424 1019 2482 1071 ἐν
2513 1021 2627 1083 τοῖς
2667 1020 2930 1075 Εὑσεὸίου
2960 1023 3041 1086 είς
3065 1021 3158 1076 τὸν
3187 1025 3598 1082 Κωνσταντίνου

2025 1110 2137 1183 βίον
2162 1113 2335 1163 κεῖται
2373 1109 2596 1180 βιϐλίοις
2620 1110 2756 1182 (54).

2058 1199 2322 1270 Νικητὴς
2359 1195 2833 1273 Κωνστακτῖύος.
2868 1201 3187 1272 Μέγιστος,
3234 1206 3553 1273 Σεϐαστὸς,

2426 1271 2799 1341 Ἀλεξάνδρῳ
2835 1273 2934 1327 καί
2966 1271 3196 1342 Ἃρείῳ.

2093 1360 2367 1417 Μανθάνω
2408 1363 2617 1417 ἐκεῖθεν
2664 1364 2939 1435 ὑπῆρχθαι
2996 1364 3091 1418 τοῦ
3129 1366 3399 1436 παρόντος
3429 1364 3598 1437 ζητή-

2029 1470 2196 1525 ματος
2220 1453 2318 1525 τὴν
2351 1453 2678 1526 καταϐολὴν.
2715 1455 2843 1508 Ὅτε
2891 1455 2999 1525 γὰρ
3039 1457 3125 1521 σὺ,
3173 1452 3217 1511 ὧ
3260 1458 3596 1529 Ἀλέξανδρε,

2026 1545 2240 1617 ἐζήτεις
2271 1545 2423 1618 παρά
2449 1546 2558 1600 τῶν
2586 1547 3004 1619 πρεσϐυτέρων,
3038 1548 3093 1602 τί
3124 1548 3328 1618 δήποτε
3371 1550 3601 1614 ἕκαστος

2027 1633 2205 1689 αὐτῶν
2232 1634 2345 1705 (35)
2378 1634 2519 1706 ὑπέρ
2562 1651 2708 1698 τινος
2741 1635 2907 1688 τόπου
2948 1635 3058 1688 τῶν
3102 1638 3160 1689 ἐν
3190 1636 3268 1706 τῷ
3319 1637 3467 1707 νόμῳ
3511 1654 3602 1705 γε-

2026 1727 2383 1798 γραμμένων,
2426 1726 2626 1797 μᾶλλον
2669 1726 2727 1779 δὲ
2779 1725 2922 1797 ὑπέρ
2973 1743 3119 1789 τινος
3156 1727 3384 1796 ματαίου
3435 1727 3604 1798 ζητή-

2033 1833 2202 1887 ματος
2253 1816 2452 1887 μέρους
2508 1816 2820 1870 πυνθάνοιο·
2869 1816 2932 1870 σύ
2966 1834 3047 1879 τε,
3077 1810 3124 1869 ὦ
3166 1818 3371 1887 ’Δρειε,
3410 1817 3601 1889 ὅπερῆ

2030 1907 2165 1979 μήτε
2198 1906 2299 1978 τὴν
2335 1908 2509 1979 ἀρχὴν
2535 1907 2923 1979 ἐνθυμηθῆναι,
2950 1908 2982 1977 ἦ
3008 1906 3397 1979 ἐνθυμηθέντα,
3420 1910 3599 1978 σιωπῇ

2027 1998 2362 2072 παραδοῦναι
2409 2000 2682 2070 προσῆκον
2729 1995 2835 2071 ἦν,
2893 1999 3215 2070 ἀπροόπτως
3268 1999 3600 2061 ἐντέθεικαςσ

2027 2089 2150 2144 ὅθεν
2177 2090 2276 2161 τῆς
2304 2091 2362 2142 ἐν
2390 2091 2519 2161 ὑμῖν
2557 2088 2822 2160 διχονοίας
2860 2088 3199 2160 ἐγερθείσης,
3241 2091 3274 2160 ή
3324 2089 3424 2159 μὲν
3471 2089 3603 2142 σύν-

2027 2181 2402 2253 οδοςὴρνήθηο
2452 2183 2481 2234 ὁ
2509 2181 2565 2234 δέ
2618 2180 2919 2263 ἀγιώτατος
2950 2181 3076 2246 λαὸς
3129 2183 3208 2244 είς
3263 2179 3605 2252 ἀμφοτέρους

2031 2276 2295 2347 σχισθεὶς,
2362 2277 2430 2329 ἐκ
2499 2275 2598 2347 τῆς
2659 2275 2755 2329 τοῦ
2800 2276 2981 2330 κοινοῦ
3034 2277 3283 2347 σώματος
3340 2276 3605 2347 ἁρμονίας

2030 2368 2327 2440 ἐχωρίσθη.
2355 2366 2562 2423 Οὐκοῦν
2590 2368 2849 2439 ἑκάτερος
2891 2368 3044 2438 ὑμῶν
3065 2368 3241 2433 ἐξίσου
3261 2368 3360 2438 τὴν
3379 2366 3606 2438 γνώμην

2030 2457 2351 2530 παρασχὼν,
2408 2458 2545 2529 ὅπερ
2597 2458 2663 2512 ἂν
2713 2461 2742 2510 ὁ
2790 2459 3140 2530 ωνθερὰπων
3194 2458 3348 2529 ὑμῶν
3385 2458 3607 2522 δικαίως

2032 2551 2305 2619 παραινεῖ,
2355 2547 2596 2614 δεξάσθω
2656 2546 2791 2617 ('56).
2842 2549 2906 2602 Τί
2938 2549 2994 2602 δὲ
3027 2548 3185 2602 τοῦτό
3235 2551 3415 2616 ἐστιν;
3465 2548 3607 2606 Οὔτε

2032 2640 2241 2710 ἐρωτᾷν
2272 2638 2410 2710 ὑπὲρ
2438 2638 2545 2692 τῶν
2572 2638 2831 2693 τοιούτων
2889 2638 2951 2704 ἐξ
2996 2640 3173 2712 ἀρχῆς
3206 2641 3484 2711 προσῆκον
3515 2637 3606 2711 ἦν,

2031 2729 2152 2783 οὔτε
2184 2729 2538 2800 ἐρωτώμενον
2574 2730 2994 2802 ἀποκρίνασθαι.
3047 2731 3158 2796 Τάς
3190 2732 3300 2803 γὰρ
3349 2731 3606 2797 τοιαύτας

2031 2819 2309 2889 ζητήσεις,
2337 2819 2537 2883 ὁπόσας
2564 2820 2624 2873 οὐ
2652 2820 2817 2891 νόμου
2837 2821 2982 2885 τινὸς
3014 2821 3226 2895 ἀνάγκη
3257 2821 3604 2892 προστάττει,

2033 2909 2170 2963 ἀλλά
2193 2908 2502 2978 ἀνωφελοῦς
2522 2909 2717 2980 ἀργίας
2743 2910 3025 2982 ἐρεσχελία
3053 2912 3425 2985 προστίθησιν,
3442 2915 3490 2968 εί
3518 2914 3610 2967 καὶ

2034 3002 2274 3072 φυσικῆς
2338 3019 2484 3066 τινος
2549 3003 2856 3073 γυμνασίας
2934 3004 3099 3060 ἕνεκα
3159 3006 3393 3075 γίνοιτο,
3461 3007 3609 3075 ὅμως

2034 3092 2325 3161 ὀφείλομεν
2376 3092 2508 3146 εἵσω
2562 3095 2663 3163 τῆς
2717 3093 2956 3158 διανοίας
3012 3094 3279 3163 ἐγκλείειν
3303 3134 3319 3161 ,
3388 3095 3483 3148 καὶ
3532 3094 3608 3165 μὴ

347 3193 597 3248 consulte
618 3195 983 3251 committere.
1022 3196 1468 3268 Quotusquisque
1499 3200 1649 3254 enim
1682 3208 1787 3265 est,
1838 3200 1932 3269 qui

2037 3184 2348 3254 προχείρως
2396 3186 2479 3247 είς
2528 3183 2792 3256 δημοσίας
2844 3185 3093 3249 συνόδους
3137 3187 3416 3255 ἐκφέρειν,
3474 3184 3609 3254 μηδέ

350 3288 626 3335 tantarum
668 3284 854 3337 rerum
881 3291 1101 3354 tamque
1124 3286 1428 3343 difﬁcilium
1451 3282 1561 3342 vim
1584 3299 1747 3359 atque
1769 3299 1930 3345 natu-

351 3383 468 3422 ram
492 3376 589 3423 aut
609 3380 863 3427 accurate
885 3374 1375 3443 comprehendere,
1411 3384 1506 3430 aut
1534 3393 1634 3446 pro
1670 3378 1932 3448 dignitate

348 3458 627 3528 explicare
669 3459 935 3516 suﬁiciat?
956 3460 1114 3529 Quod
1157 3464 1205 3519 si
1249 3465 1376 3535 quis
1415 3465 1471 3519 id
1493 3465 1650 3521 facile
1672 3477 1934 3537 prmstare

351 3563 514 3619 posse
546 3551 913 3618 existimetur,
937 3563 1118 3624 quotaa
1143 3557 1359 3613 tandem
1384 3559 1531 3630 parti
1555 3559 1702 3631 vulgi
1730 3560 1785 3615 id
1806 3575 1933 3631 per-

352 3655 622 3698 suasurus
662 3643 789 3698 est?
827 3643 939 3699 Aut
983 3645 1108 3714 quis
1150 3647 1206 3701 in
1252 3648 1523 3719 ejusmodi
1569 3652 1933 3721 quaestionum

353 3729 545 3785 subtili
594 3737 652 3785 et
692 3740 947 3787 accurata
987 3733 1359 3804 disputatione
1388 3777 1403 3802 ,
1448 3738 1587 3794 citra
1629 3741 1933 3811 periculum

354 3821 661 3891 gravissimi
703 3823 891 3895 lapsus
916 3827 1089 3896 possit
1111 3828 1452 3884 consistere?
1494 3830 1683 3902 Itaque
1732 3834 1787 3888 in
1833 3836 1937 3890 hu-

348 3912 590 3982 iusmodi
612 3916 1010 3985 questionibus
1032 3918 1334 3989 loquacitas
1372 3924 1784 3993 comprimenda
1808 3935 1893 3982 est
1916 3946 1931 3995 ;

355 4018 426 4059 ne
450 4003 592 4061 forte
614 4016 711 4063 aut
731 4008 892 4064 nobis
918 4008 1052 4080 ipsis
1086 4010 1143 4065 id
1167 4012 1315 4081 quod
1341 4017 1684 4085 propositum
1709 4026 1813 4084 est,
1838 4036 1934 4074 ex-

354 4095 563 4165 plicare
598 4114 709 4155 non
730 4101 1062 4169 valentibus,
1087 4102 1158 4158 ob
1189 4112 1399 4162 natura:
1418 4116 1618 4164 nostra:
1646 4109 1937 4165 inﬁrmita-

356 4194 469 4240 tem
493 4226 508 4251 ,
543 4197 640 4243 aut
681 4190 1026 4248 auditoribus
1050 4195 1122 4249 ob
1146 4195 1350 4267 ingenii
1394 4200 1705 4257 tarditatem
1729 4218 1792 4257 ea
1816 4218 1938 4273 quae

356 4274 618 4351 dicuntur
662 4279 887 4337 minime
929 4285 1384 4354 assequentibus;
1435 4303 1501 4342 ex
1545 4289 1811 4346 alterutro
1834 4291 1937 4345 ho-

356 4380 506 4432 rum,
533 4377 626 4422 aut
652 4369 708 4424 in
733 4370 1107 4442 blasphemia},
1132 4384 1229 4430 aut
1264 4376 1321 4430 in
1357 4377 1667 4436 schismatis
1700 4383 1939 4437 necessi-

358 4462 524 4511 tatem
552 4459 789 4529 pnpulus
814 4460 1082 4518 incurrat.
1109 4463 1347 4520 Proinde
1370 4473 1427 4520 et
1450 4465 1667 4523 incauta
1701 4470 1936 4527 interro-

2035 3276 2156 3340 ταῖς
2185 3276 2403 3329 πάντων
2457 3277 2644 3341 ἀκοαῖς
2704 3278 3055 3349 ἀπρονοήτως
3104 3276 3397 3330 πιστεύειν.
3437 3275 3609 3339 Πόσος

2033 3368 2143 3438 γάρ
2173 3368 2318 3421 ἐστιν
2343 3367 2593 3436 ἕκαστος,
2617 3368 2694 3432 ὣς
2732 3386 2793 3422 τε
2825 3367 3165 3439 πραγμάτων
3188 3366 3331 3420 οὓτω
3358 3365 3609 3437 μεγάλων

2039 3459 2134 3512 καὶ
2194 3459 2313 3513 λίαν
2364 3459 2643 3532 δυσχερῶν
2689 3460 2935 3530 δύναμιν,
2990 3459 3023 3529 ἢ
3078 3458 3214 3530 πρὸς
3264 3458 3326 3512 τὸ
3386 3457 3610 3529 ἀκριὸἐς

2035 3550 2287 3616 συνιδεῖν,
2316 3550 2349 3622 ἢ
2374 3553 2492 3605 κατ’
2515 3551 2670 3617 ἀξίαν
2698 3548 3064 3621 ἐρμηνεῦσαι;
3110 3549 3173 3603 Et
3211 3549 3268 3603 δὲ
3311 3548 3404 3602 καὶ
3454 3548 3613 3602 τοῦτο

2037 3643 2208 3697 ποιεῖν
2228 3659 2312 3706 τις
2336 3640 2575 3713 εὐχερῶς
2597 3639 2902 3712 νομισθείη,
2933 3639 3098 3693 πόσον
3138 3638 3303 3709 μέρος
3329 3637 3421 3691 τοῦ
3440 3637 3611 3708 δήμου

2035 3735 2250 3799 πείσεις
2279 3733 2313 3804 ἢ
2341 3734 2425 3797 τίς
2445 3735 2474 3787 ὁ
2506 3734 2627 3797 ταῖς
2653 3731 2761 3786 τῶν
2806 3729 3063 3785 τοιούτων
3094 3729 3424 3801 ζητημάτων
3455 3730 3613 3797 ἀκρι-

2035 3827 2229 3891 ϐείαις,
2243 3825 2348 3893 ἔξω
2360 3826 2458 3896 τῆς
2470 3824 2810 3880 ἐπικινδύνου
2827 3841 2904 3878 πα
2911 3823 3129 3895 ρολισθή
3137 3840 3293 3888 σεως,
3306 3820 3611 3892 ἀντισταίης

2037 3916 2249 3970 Οὐκοῦν
2296 3915 2554 3985 ἐφεκτέον
2596 3916 2789 3980 ἐντοῖς
2828 3916 3091 3981 τοιούτοις
3126 3916 3227 3987 τὴν
3259 3912 3612 3982 πολυλογίαν,

2038 4006 2124 4058 ἵνα
2164 4007 2359 4076 μήπως
2387 4006 2422 4077 ἡ
2462 4004 2618 4077 ἡμῶν
2644 4006 2900 4061 ἀσθένεια
2927 4007 3028 4078 τῆς
3064 4006 3299 4076 φύσεως,
3333 4005 3394 4060 τὸ
3420 4020 3614 4075 προτε-

2038 4096 2126 4150 θέν
2143 4096 2476 4167 ἑρμηνεῦσαι
2505 4098 2582 4170 μὴ
2599 4099 2957 4170 δυνηθέντων,
2974 4099 3008 4169 ἢ
3031 4100 3065 4170 ἠ
3086 4099 3194 4152 τῶν
3216 4097 3615 4168 διδασκομένων

2037 4186 2320 4258 ἀκροατῶν
2371 4187 2679 4261 βραδυτέρα
2710 4191 2944 4256 σύνεσις,
2980 4192 3117 4263 πρὸς
3163 4190 3366 4262 ἀκριϐῆ
3390 4189 3484 4242 τοῦ
3514 4191 3615 4258 ρη-

2038 4277 2223 4343 θέντος
2254 4280 2559 4352 κατάληψιν
2593 4282 2766 4338 ἐλθεῖν
2808 4284 2883 4357 μὴ
2933 4282 3321 4357 χωρησάντων,
3374 4277 3530 4343 αὖθις
3557 4279 3617 4343 ἐξ

2040 4369 2305 4441 ἐκατέρου
2364 4371 2568 4428 τούτων
2615 4376 2648 4447 ἢ
2688 4376 3070 4448 βλασφημίας,
3122 4374 3156 4443 ἢ
3197 4373 3494 4445 σχίσμα-τος
3538 4371 3617 4431 εἰς

2040 4461 2285 4531 ἀνάγκην
2317 4463 2345 4515 ὁ
2375 4462 2543 4535 δῆμος
2593 4469 2905 4539 περισταίη.
2967 4468 3167 4537 Διόπερ
3210 4465 3304 4517 καὶ
3349 4462 3616 4534 ἐρώτησις

356 4546 523 4615 gatio,
548 4556 603 4603 et
627 4549 934 4607 inconsulta
968 4556 1276 4626 responsio,
1311 4557 1457 4627 apud
1492 4569 1789 4631 utrumque
1846 4581 1934 4620 ve-

2046 4551 2483 4626 ἀπροφύλακτος,
2522 4561 2616 4614 καὶ
2649 4562 2938 4633 ἀπόκρισις
2972 4558 3329 4629 ἀπρονόητος,
3351 4557 3452 4627 τὴν
3494 4554 3617 4624 ἴσην

1556 4715 1827 4772 VALESII
1865 4719 2417 4779 ANNOTATIONES.

430 4815 542 4888 (54)
569 4819 765 4893 Κεῒται
796 4821 1056 4893 βιϐλίοις
1093 4826 1222 4883 Post
1256 4827 1373 4884 haec
1401 4829 1567 4884 verba
1614 4829 1667 4883 in
1703 4829 1933 4885 Floren-

361 4885 481 4968 tino
517 4885 988 4968 codice‘additur,
1028 4885 1190 4968 μέρος
1243 4900 1552 4968 ἐπιπολῆς.
1585 4897 1716 4965 Quae
1769 4900 1935 4956 verba

361 4915 478 4941 uuu
517 4915 704 4945 cuuwc
745 4915 988 4961 auuuur,
1028 4915 1094 4967 με
1134 4915 1190 4961 ος
1243 4915 1552 4968 επιστολης.
1585 4915 1716 4965 uua:
1769 4915 1935 4956 verba

360 4957 490 5014 licet
514 4960 585 5041 ad
615 4963 917 5041 marginem
951 4915 1160 5041 ascribi
1183 4968 1414 5039 possinl,
1448 4969 1722 5041 interdum
1753 4978 1937 5025 tamen

359 5043 393 5083 a
419 5032 794 5109 scriptoribus
820 5044 1100 5109 ponuntur
1125 5032 1204 5109 in
1242 5032 1493 5109 corpore,
1538 5048 1599 5094 ut
1630 5040 1820 5109 videre
1852 5049 1938 5096 est

360 5098 506 5178 apud
537 5098 894 5178 gmnasium
917 5105 975 5178 in
1004 5098 1358 5178 Apologetico
1392 5098 1657 5178 adversus
1680 5107 1931 5165 Arianos.

361 5168 510 5293 A3:55)
554 5168 621 5223 Τί
671 5170 896 5239 δήποτε
945 5168 1209 5243 ἕκαστος’
1257 5177 1473 5233 αὐτῶν.
1524 5177 1708 5235 Codex
1735 5179 1935 5235 Leonis

430 5239 547 5293 latii
586 5248 643 5293 et
689 5242 942 5293 Gelasium
988 5245 1291 5293 Cvzimnng
1325 5248 1535 5293 addunt
1562 5251 1765 5293 manust-
1798 5249 1935 5293 Vidn.

430 5239 547 5294 latii
586 5248 643 5295 et
689 5242 942 5301 Gelasius
988 5239 1291 5319 Cyzice'nus
1325 5248 1535 5304 addunt
1562 5251 1767 5321 φρονεῖ.
1798 5249 1935 5305 Vide

2043 4849 2167 4903 qua:
2198 4834 2383 4907 notavi
2420 4833 2493 4907 ad
2541 4831 2764 4907 Eusebii
2823 4829 2918 4907 lib.
2965 4843 3001 4907 ιι
3033 4825 3249 4907 (ιελγίιει
3280 4825 3616 4907 (lentantinb

2041 4896 2160 4973 cap.
2189 4905 2275 4957 69.
2302 4904 2471 4957 Paulo
2488 4910 2617 4984 post
2639 4901 2731 4954 ubi
2752 4900 2952 4967 legitur
2981 4896 3310 4961 ἐντέθεικας,
3346 4896 3492 4950 idem
3530 4910 3623 4950 οι)-

2041 4974 2147 5028 dex
2179 4973 2365 5027 Allatii
2394 4978 2659 5028 scriptum
2699 4969 2864 5023 habet
2887 4965 3224 5028 ἀντέθεικας.

2038 4968 2147 5028 de'x
2179 4973 2365 5027 Allatii
2394 4968 2659 5041 scriptum
2699 4969 2864 5023 habet
2887 4968 3224 5028 ἀντέθεικας.

2038 5113 2052 5120 _
2112 5043 2222 5120 (36)
2250 5041 2624 5120 ΔςξᾴσίξωᾸῃ
2658 5038 2976 5120 Florentino
3009 5044 3067 5091 et
3108 5036 3386 5120 Sfortiano
3433 5035 3622 5120 codice

2036 5105 2240 5239 {egitu'r
2289 5110 2535 5178 δέξασθε,
2567 5117 2732 5180 atque
2772 5109 2847 5163 ita
2896 5107 3013 5164 fere
3060 5108 3235 5164 codex
3279 5105 3480 5162 Leonis
3531 5105 3613 5161 Al-

2060 5182 2179 5238 atii.

1816 5412 2198 5470 VARIORUM.

439 5527 465 5554 ο
495 5517 725 5593 Ὄσιος.
756 5517 979 5593 Hosius,
998 5527 1176 5593 gente
1202 5520 1492 5592 Hispanus,
1528 5525 1819 5593 Corduba,
1849 5526 1950 5582 Se-

366 5604 518 5679 neca:
549 5596 606 5670 et
636 5588 843 5642 Lucani
865 5590 1142 5679 natalibus
1165 5588 1486 5679 inclinat-in
1510 5588 1815 5679 provincia
1835 5597 1952 5679 {3m-

366 5658 475 5730 tica
504 5658 815 5730 episcopus,
828 5658 944 5730 sub
979 5658 1359 5730 persecutione
1390 5658 1704 5722 Maximiani
1736 5666 1953 5723 confes-

369 5726 787 5801 sione'nobilis;
818 5726 1076 5801 Interfuit
1108 5733 1317 5801 synodo
1341 5735 1545 5791 lllibcri
1583 5737 1785 5793 habitae
1809 5750 1955 5791 anno

369 5794 499 5871 sos,
533 5811 628 5871 seu
655 5799 1081 5871 ex_Fcrdinand.
1116 5794 1394 5859 Mcndozae
1438 5807 1668 5871 calculo,
1719 5806 1842 5870 300,
1867 5805 1953 5858 vel

351 5862 499 5932 ,3015
528 5866 683 5935 Apud
711 5867 1130 5927 Constantinum
1178 5872 1244 5927 Μ.
1280 5891 1490 5929 summa
1526 5878 1577 5930 in
1614 5862 1784 5947 gratia
1811 5862 1955 5929 mul-

2052 5535 2137 5583 tos
2163 5542 2337 5582 annos
2364 5525 2570 5591 ﬂoruit,
2605 5525 2767 5594 eique
2815 5530 2935 5579 erat
2984 5537 3013 5577 a
3053 5516 3526 5594 sacri_s_consiliis;
3554 5516 3625 5571 ab

2051 5613 2119 5653 eo
2152 5597 2220 5652 ad
2250 5596 2519 5669 synodum
2553 5590 2931 5669 Arelatensem
2997 5607 3140 5669 anno
3185 5590 3289 5669 5h}
3325 5593 3622 5669 evocatps;

2052 5669 2123 5722 ab
2169 5655 2363 5723 eodém
2420 5684 2565 5723 anno
2613 5667 2718 5721 524
2783 5662 3168 5736 Alexandriam
3215 5658 3281 5736 ad
3328 5655 3622 5736 sedandam

2054 5738 2486 5793 controversiam
2515 5738 2772 5792 Arianam
2802 5749 2928 5790 cum
2972 5731 3174 5787 litteris
3204 5730 3423 5784 missus.
3456 5725 3622 5800 (Guil.

2053 5808 2215 5876 Cave,
2245 5809 2312 5865 ad
2341 5826 2468 5865 ann.
2495 5807 2642 5878 516.)
