4050 6348
306 432 370 487 ετ
1296 443 1623 504 HISTORIA
1659 446 2213 509 ECCLESIASTICA.
2255 483 2317 495 —
2361 454 2489 516 LIB.
2533 456 2571 511 l.
3493 461 3565 520 58

583 545 969 644 ἐπιδιδότωσαν
1002 551 1089 622 ἐφ’
1115 553 1365 630 ἑκατέρῳ
1390 561 1740 634 συγγνώμην
1763 560 1878 616 οὐδὲ

1991 567 2171 618 strum
2188 567 2403 622 veniam
2426 567 2531 623 sibi
2558 577 2750 624 mutuo
2774 569 3099 626 concedant:
3118 587 3300 644 neque
3325 576 3473 631 enim
3497 578 3567 634 de

306 635 409 706 γὰρ
443 636 586 707 ὑπὲρ
638 638 736 693 τοῦ
782 644 1077 713 κορυφαίου
1116 645 1225 701 τῶν
1254 649 1312 703 ἐν
1362 649 1442 721 τῷ
1490 652 1640 724 νόμῳ
1667 670 1884 725 παραγ-

305 727 592 795 γελμάτων
625 729 759 800 ὑμῖν
808 730 1014 806 ἐξήφθη
1064 738 1360 807 πρόφασις,
1420 741 1540 795 οὑδὲ
1588 744 1748 814 καινή
1801 761 1886 808 τις

306 818 429 887 ὑμῖν
494 818 640 891 ὑπὲρ
687 821 788 892 τῆς
826 823 922 877 τοῦ
974 824 1109 879 Θεοῦ
1160 828 1459 900 θρησκείας
1513 833 1723 904 αἵρεσις
1760 835 1885 889 ἀντ·

303 909 554 981 εισήχθηο
620 911 739 967 ἀλλ’
782 914 880 968 ἕνα
934 917 1152 974 καὶτὸν
1187 921 1351 974 αὑτὸν
1404 923 1558 994 ἔχετε
1590 925 1881 997 λογισμὸν,

301 998 489 1069 ὥσπερ
512 1001 576 1056 τὸ
600 1003 702 1074 τῆς
721 1007 1006 1072 κοινωνίας
1038 1009 1312 1082 σύνθημα.
1352 1013 1538 1085 ’Υμῶν
1566 1014 1674 1090 γὰρ
1704 1017 1765 1071 ὲν
1791 1016 1885 1070 ἁλ-

299 1093 482 1164 λήλοις
515 1095 658 1167 ὑπὲρ
692 1098 904 1169 μικρῶν
928 1100 1023 1155 καὶ
1055 1100 1175 1155 λίαν
1195 1104 1491 1174 ἐλαχίστων
1515 1106 1883 1175 φιλονεικούν-

295 1203 433 1251 των,
475 1188 735 1242 τοσοῦτον
785 1190 877 1244 τὸν
927 1191 1023 1245 τοῦ
1076 1194 1212 1247 Θεοῦ
1241 1195 1369 1249 λαὸν
1411 1200 1535 1261 ταῖς
1592 1198 1884 1271 ὑμετέραις

299 1280 585 1335 ἰθύνεσθαι
648 1285 840 1354 φρεσὶν
890 1287 1004 1357 (5'7)
1037 1291 1326 1360 προσήκει,
1369 1291 1457 1344 διὰ
1489 1291 1550 1344 τὸ
1601 1292 1881 1363 διχονοεῖν,

291 1371 411 1425 ἀλλ’
427 1371 556 1426 οὔτε
581 1375 816 1445 πρέπον,
837 1376 961 1430 οὕτε
978 1379 1114 1442 ὅλως
1141 1378 1359 1451 θεμιτὸν
1379 1376 1518 1435 εἶναι
1543 1383 1879 1438 πιστεύεται·

296 1463 385 1516 ἵνα
411 1464 472 1517 δὲ
524 1465 712 1537 μικρῷ
757 1469 1160 1538 παραδείγματι
1204 1470 1306 1542 τὴν
1364 1472 1634 1544 ὑμετέραν
1668 1472 1883 1529 σύνεσιν

304 1556 632 1627 ὑπομνήσω,
667 1557 828 1623 λέξω.
859 1561 1003 1614 Ἵστε
1047 1561 1113 1632 δὴ
1143 1561 1239 1616 καὶ
1278 1563 1409 1628 τοὺς
1434 1564 1758 1635 φιλοσόφους
1781 1567 1882 1620 αὑ-

292 1646 442 1709 τοὺς,
496 1647 576 1711 ὡς
649 1649 730 1703 ἑνὶ
790 1650 891 1721 μὲν
935 1652 1174 1716 ἅπαντες
1226 1655 1455 1724 δόγματι
1521 1656 1878 1712 συντίθενται⁶

296 1738 562 1800 πολλάκις
589 1739 647 1793 δὲ
685 1741 905 1797 ἐπειδὰν
956 1743 1014 1799 ἔν
1052 1762 1159 1798 τινι
1200 1746 1310 1802 τῶν
1357 1748 1687 1817 ἀποφάσεων
1721 1748 1881 1820 μέρει

264 1828 659 1898 ’διαφωνοῦσιν
678 1872 693 1897 ,
727 1834 778 1886 εί
827 1835 923 1888 καὶ
950 1837 1018 1907 τῇ
1048 1837 1146 1906 τῆς
1176 1839 1488 1909 ἐπιστήμης
1516 1841 1686 1912 ἀρετῇ
1716 1841 1878 1911 χωρί-

1986 656 2265 727 praecipuo
2307 667 2362 715 et
2403 676 2618 716 summo
2638 662 2775 732 legis
2800 672 2999 718 nostra:
3023 664 3279 719 mandato
3304 666 3449 721 inter
3472 684 3572 725 vos

1985 755 2071 803 est
2095 757 2215 805 orta
2237 754 2518 807 contentio
2544 771 2556 807 :
2582 769 2761 824 neque
2794 755 2969 809 ullum
3009 771 3214 811 novum
3254 774 3286 813 a
3318 759 3479 814 vobis
3500 760 3571 815 de

1982 839 2080 895 Dei
2095 842 2244 897 cultu
2262 843 2634 901 introductum
2648 856 2733 904 est
2750 847 2966 919 dogma,
2988 849 3082 904 sed
3108 866 3271 905 unam
3288 854 3573 909 eamdem-

1983 945 2092 1001 que
2134 936 2461 990 sententiam
2503 938 2665 994 ambo
2704 940 2935 1005 tenetis,
2971 941 3110 997 adeo
3135 951 3198 997 ut
3233 944 3301 997 ad
3325 961 3571 1000 commu-

1984 1022 2166 1079 nionis
2192 1026 2510 1082 societatem
2555 1030 2705 1085 coire
2739 1030 2897 1087 facile
2920 1033 3163 1102 possitis.
3209 1034 3379 1091 Vobis
3419 1037 3569 1092 enim

1984 1114 2343 1183 pertinaciter
2382 1120 2843 1177 contendentibus
2886 1124 2957 1178 de
3002 1123 3169 1178 rebus
3192 1126 3377 1194 parvis
3400 1135 3567 1197 atque

1981 1207 2295 1275 levissimis,
2324 1218 2440 1265 tum
2474 1227 2830 1267 numerosum
2854 1215 2950 1268 Dei
2979 1217 3240 1286 populum
3265 1226 3452 1271 vestro
3476 1234 3568 1272 ar-

1984 1297 2154 1353 bitrio
2181 1300 2294 1370 regi
2318 1309 2487 1370 atque
2512 1300 2716 1371 impelli
2742 1318 2851 1356 non
2875 1303 3054 1369 decet,
3083 1305 3137 1358 in
3165 1312 3316 1359 tanta
3340 1320 3569 1374 praeser-

1985 1391 2081 1445 tim
2104 1390 2413 1445 animorum
2437 1391 2778 1446 dissensione
2804 1409 2820 1458 ;
2851 1393 2951 1462 17
2977 1408 3080 1448 nec
3103 1395 3281 1449 solum
3323 1395 3379 1448 id
3410 1394 3567 1449 inde-

1984 1495 2197 1547 corum,
2234 1481 2331 1536 sed
2373 1495 2605 1552 pnursus
2628 1482 2781 1537 nefas
2824 1498 2947 1537 esse
2989 1483 3374 1551 existimatur;
3402 1493 3567 1554 atque

1982 1580 2045 1626 ut
2068 1572 2415 1642 prudentiam
2461 1580 2699 1627 vestram
2738 1574 2951 1629 minore
2974 1576 3226 1644 exemplo
3249 1591 3567 1632 commone-

1981 1662 2178 1718 faciam
2208 1682 2221 1718 :
2267 1663 2431 1718 Scitis
2456 1665 2604 1735 ipsos
2626 1666 2790 1720 etiam
2815 1666 3173 1736 philosophos
3216 1668 3382 1721 unius
3406 1676 3568 1723 sectae

1981 1756 2321 1826 professione
2345 1756 2489 1811 inter
2512 1772 2570 1812 se
2595 1772 2785 1811 omnes
2810 1756 3097 1823 foederari;
3138 1757 3360 1812 eosdem
3386 1766 3565 1813 tamen

1982 1850 2037 1904 in
2083 1850 2266 1919 aliqua
2308 1850 2675 1904 asscrtionum
2722 1858 2875 1920 parte
2919 1850 3199 1904 interdum
3226 1850 3562 1921 discrepare.

296 1919 502 2014 ζονται,
525 1925 595 1994 τῇ
628 1923 813 1994 μέντοι
838 1925 936 1981 τοῦ
970 1927 1223 1998 σώματος
1251 1930 1442 1985 ένώσει
1490 1932 1651 1987 πάλιν
1683 1934 1764 1996 είς
1787 1933 1878 1986 ἅλ-

1984 1944 2182 1999 Verum
2207 1943 2335 1998 licet
2360 1944 2416 2000 in
2443 1943 2559 2013 ipsa
2583 1919 2827 2000 scientia:
2862 1944 3195 2014 perfectione
3218 1919 3566 2010 dissentiant,

296 2012 489 2081 λήλους
517 2015 907 2084 συμπνέουσιν,
946 2019 1010 2071 Et
1032 2019 1089 2073 δὲ
1118 2019 1278 2075 τοῦτό
1309 2021 1446 2087 ἐστι,
1472 2021 1588 2086 πῶς
1608 2023 1671 2077 οὑ
1702 2022 1881 2093 πολλῷ

295 2101 637 2175 δικαιότερον
670 2106 813 2177 ὑμᾶς
839 2109 966 2173 τοὺς
990 2108 1084 2163 τοῦ
1119 2111 1357 2181 μεγάλου
1385 2112 1521 2166 Θεοῦ
1547 2112 1883 2183 θεράποντας

298 2195 681 2262 καθεστῶτας,
741 2199 802 2252 ἐν
867 2201 1091 2273 τοιαύτῃ
1158 2203 1478 2275 προαιρέσει
1550 2203 1880 2276 θρησκείας,

296 2287 610 2359 όμοψύχους
656 2290 909 2362 ἀλλήλοις
961 2290 1137 2362 cluat;
1176 2295 1632 2367 Ἐπισκεψώμεθα
1682 2297 1741 2351 δὲ
1794 2297 1881 2352 λο-

297 2381 482 2451 γισμῷ
514 2380 744 2451 μείζονι,
776 2385 872 2437 καὶ
922 2384 1128 2439 πλείονι
1161 2387 1372 2441 συνέσει
1402 2388 1464 2442 τὸ
1514 2388 1675 2460 ῥηθὲν
1728 2390 1882 2445 ἐνθυ-

302 2471 589 2543 μηθῶμεν,
618 2477 781 2546 είπερ
829 2476 1005 2547 ὀρθῶς
1043 2477 1156 2548 ἔχει
1196 2477 1264 2532 δι’
1293 2479 1481 2547 ὀλίγας
1505 2480 1598 2534 καὶ
1650 2482 1882 2551 ματαίας

300 2564 565 2643 ῥημάτων
612 2567 673 2618 ὲν
724 2568 855 2636 ὑμῖν
897 2567 1262 2637 φιλονεικίας,
1321 2571 1586 2640 ἀδελφοὺς
1633 2573 1880 2643 ἀδελφοῖς

298 2642 655 2718 ἀντικεῖσθαι,
682 2658 779 2711 καὶ
816 2659 879 2712 τὸ
903 2659 1004 2731 τῆς
1025 2660 1242 2715 συνόδου
1277 2662 1456 2733 τίμιον
1508 2663 1697 2717 ἀσεϐεῖ
1735 2642 1881 2736 διχο-

299 2746 417 2818 νοίᾳ
450 2749 786 2820 χωρίζεσθαι
830 2750 898 2806 δι’
939 2752 1115 2823 ὑμῶν,
1166 2754 1216 2808 οἳ
1256 2755 1393 2826 πρὸς
1446 2755 1708 2827 ἀλλήλους
1739 2758 1880 2830 ὑπὲρ

302 2841 514 2911 μικριῖιν
552 2841 695 2895 οὑτω
733 2845 827 2897 καὶ
871 2844 1137 2915 μηδαμῶς
1181 2848 1497 2915 ἀναγκαίων
1538 2850 1878 2919 φιλονεικοῦ-

301 2950 432 3008 μεν;
478 2934 713 3005 Δημὼὁη
763 2935 913 2989 ταῦτ’
955 2935 1071 2991 ἔστι
1099 2978 1115 3003 ,
1175 2940 1272 2993 καὶ
1333 2941 1610 3005 παιδικαίς
1669 2944 1880 3006 ἀνοίαις

297 3027 640 3099 ἁρμόττοντα
664 3027 884 3097 μᾶλλον,
909 3029 944 3101 ἢ
997 3033 1065 3102 τῇ
1107 3031 1215 3084 τῶν
1244 3032 1438 3103 ίερέων
1465 3032 1562 3086 καὶ
1600 3034 1879 3104 φρονίμων

298 3123 505 3193 ἀνδρῶν
564 3121 780 3175 συνέσει
826 3124 1194 3194 προσήκοντα.
1256 3125 1613 3197 Ἀποστῶμεν
1660 3127 1878 3192 ἑκόντες

296 3215 401 3269 τῶν
419 3214 755 3307 λδιαϐολικῶν
796 3215 1138 3307 πειρασμῶν.
1180 3217 1239 3269 Ὀ
1280 3217 1453 3287 μέγας
1509 3216 1666 3290 ήμῶν
1692 3218 1824 3283 Θεὸς
1848 3221 1877 3272 ό
1903 3249 1945 3307 C

297 3305 485 3378 Σιιηὴρ
505 3306 746 3372 πάντων,
784 3305 961 3360 κοινὸν
999 3306 1170 3361 ἀπασι
1197 3307 1258 3362 τὸ
1290 3307 1405 3377 φῶς
1433 3308 1719 3374 ἐξέτεινεν.
1754 3311 1873 3380 Ἐφ’

298 3392 356 3455 οὗ
398 3401 467 3469 τῇ
532 3399 788 3470 προνοίᾳ,
836 3399 1040 3470 ταύτην
1095 3399 1220 3470 ἐμοὶ
1281 3400 1359 3470 τῷ
1412 3400 1719 3474 θεραπευτῇ
1776 3404 1872 3458 τοῦ

300 3491 606 3562 κρείττονος
627 3491 727 3561 τὴν
757 3490 998 3561 σπουδὴν
1029 3492 1112 3555 είς
1140 3491 1292 3557 τέλος
1319 3494 1562 3562 ἐνεγκεῖν
1593 3497 1875 3566 συγχωρή-

299 3598 445 3647 σατε,
476 3584 627 3645 ὅπως
660 3583 807 3653 ὑμᾶς
839 3583 967 3647 τοὺς
990 3584 1203 3637 ἐκείνου
1231 3584 1453 3655 δήμους,
1485 3587 1590 3657 ἐμῇ
1618 3603 1874 3658 προσφω-

298 3674 441 3744 νήσει
481 3675 578 3727 καὶ
616 3673 921 3746 ὑπηρεσίᾳ,
969 3675 1066 3727 καὶ
1118 3675 1399 3741 νουθεσίας
1452 3678 1699 3731 ἐνστάσει
1737 3678 1874 3748 πρὸς

296 3766 389 3835 τὴν
422 3766 525 3835 τῆς
546 3766 767 3819 συνόδου
798 3767 1083 3821 κοινωνίαν
1111 3767 1460 3837 ἐπανάγοιμι.
1508 3769 1723 3839 Ἐπειδὴ
1743 3770 1872 3839 γὰρ,

301 3858 373 3922 ὡς
404 3859 566 3930 ἔφην,
600 3860 700 3929 μία
726 3860 813 3923 τίς
862 3860 981 3913 ἐστι
1027 3858 1211 3923 πίστις
1242 3863 1299 3914 ὲν
1344 3861 1493 3931 ὑμῖν,
1528 3862 1621 3915 xui.
1653 3860 1747 3931 μία
1774 3862 1875 3930 τῆς

297 3949 412 4002 καθ’
444 3951 592 4020 ὑμᾶς
616 3951 883 4020 αἱρέσεως
915 3950 1153 4016 σύνεσις,
1182 3951 1243 4004 τό
1259 3968 1319 4004 τε
1345 3950 1438 4004 τοῦ
1464 3951 1630 4021 νόμου
1662 3952 1873 4024 παράγ-

294 4040 490 4113 γελμα,
514 4043 631 4105 τοῖς
648 4042 719 4096 δι’
747 4043 937 4096 ἑαυτοὺ
964 4043 1188 4113 μέρεσιν
1214 4045 1292 4106 είς
1319 4043 1447 4112 μίαν
1475 4044 1653 4114 ψυχῆς
1680 4045 1875 4116 πρόθε-

295 4151 397 4195 σιν,
428 4132 494 4186 τὸ
523 4134 646 4187 ’όλον
679 4133 976 4201 συγκλείει·
1009 4135 1168 4188 τοῦτο
1211 4135 1351 4207 ὅπερ
1390 4135 1517 4206 ὑμῖν
1547 4136 1606 4190 ὲν
1627 4136 1874 4208 ἀλλήλοις

294 4226 626 4296 φιλονεικίαν
651 4226 893 4299 ἤγειρεν,
938 4227 1127 4299 ἐπειδὴ
1158 4228 1231 4298 μὴ
1269 4228 1404 4300 πρὸς
1432 4229 1529 4301 τὴν
1553 4229 1646 4284 τοὺ
1673 4231 1873 4294 παντὸς

298 4315 463 4385 νόμου
497 4313 727 4384 δύναμιν
751 4315 965 4385 ἀνήκει,
997 4315 1279 4386 χωρισμόν
1305 4332 1425 4369 τινα
1461 4316 1555 4369 καὶ
1606 4317 1792 4371 στάσιν
1815 4318 1873 4370 ὲν

294 4406 420 4476 ὑμῖν
443 4405 713 4477 μηδαμῶς
758 4405 1076 4476 ἐμποιείτω.
1110 4405 1219 4460 Καὶ
1268 4405 1410 4474 λέγω
1447 4405 1642 4472 ταῦτα,
1674 4407 1773 4477 οὑχ
1798 4406 1872 4471 ὡς

292 4496 621 4565 ἀναγκάζων
653 4496 799 4567 ὑμᾶς
831 4495 1131 4561 ἑξάπαντος
1151 4500 1219 4568 τῇ
1263 4496 1382 4551 λίαν
1415 4498 1619 4568 εὑήθει,
1655 4500 1748 4552 καὶ
1783 4501 1872 4553 οία

1983 2034 2346 2090 nihilominus
2407 2036 2480 2090 ob
2549 2043 2713 2090 secta:
2761 2035 3209 2091 communionem
3267 2050 3463 2091 rursus
3509 2036 3568 2091 in

1984 2140 2153 2179 unum
2199 2126 2536 2195 conspirant.
2583 2125 2742 2192 Quod
2786 2125 2832 2180 si
2879 2125 2957 2180 ita
2999 2133 3106 2191 est,
3153 2125 3430 2195 quomodo
3454 2141 3567 2181 non

1982 2223 2155 2277 multo
2173 2221 2379 2292 iustius
2424 2220 2611 2286 fuerit,
2657 2236 2756 2276 vos
2798 2219 2896 2291 qui
2942 2220 3143 2275 summi
3187 2219 3284 2275 Dei
3322 2220 3565 2275 ministri

1982 2314 2135 2377 estis,
2163 2314 2220 2368 in
2260 2312 2507 2384 ejusdem
2563 2312 2848 2383 religionis
2892 2312 3234 2382 professione
3278 2312 3568 2367 unanimes

1982 2405 2341 2475 permanere?
2366 2404 2474 2460 Sed
2498 2404 2809 2465 accuratius
2835 2404 2878 2457 si
2903 2404 3082 2474 placet
3102 2411 3160 2458 et
3181 2403 3445 2457 attentius
3468 2419 3565 2457 cx-

1980 2496 2286 2567 pcndamus
2320 2495 2376 2551 id
2402 2496 2550 2566 quod
2585 2496 2696 2566 jam
2738 2494 2874 2559 dixi,
2899 2509 3191 2565 aequumne
3213 2493 3287 2548 sit
3305 2502 3367 2548 ut
3388 2493 3459 2547 ob
3474 2493 3565 2549 le-

1980 2588 2129 2641 vium
2172 2596 2230 2643 et
2273 2587 2519 2642 inanium
2542 2587 2840 2641 verborum
2865 2586 3012 2640 inter
3040 2599 3139 2640 vos
3162 2585 3564 2650 contentiones,

1979 2676 2179 2733 fratres
2202 2676 2470 2732 fratribus
2504 2677 2658 2731 velut
2688 2677 2745 2731 in
2769 2676 2886 2731 acie
2910 2675 3151 2745 oppositi
3178 2682 3366 2740 stent;
3393 2684 3565 2741 utque

1980 2766 2311 2822 venerabilis
2346 2774 2670 2831 conventus,
2707 2782 2808 2836 per
2829 2780 2930 2821 vos
2968 2765 3065 2835 qui
3109 2764 3179 2820 de
3223 2763 3390 2819 rebus
3426 2763 3566 2818 adeo

1979 2859 2193 2929 exiguis
2234 2868 2291 2913 et
2332 2859 2558 2913 minime
2586 2858 2912 2919 necessariis
2950 2854 3227 2919 rixamini,
3253 2854 3418 2923 impia
3447 2853 3563 2908 dis-

1981 2950 2239 3004 sensione
2276 2948 2573 3004 dissideat?
2616 2947 2835 3002 Plebeia
2876 2955 3005 3001 sunt
3043 2946 3180 3008 haec,
3204 2954 3403 3014 etquae
3423 2957 3564 3011 pue-

1981 3039 2071 3092 rili
2091 3038 2263 3109 magis
2287 3038 2514 3093 inscitia:
2546 3052 2711 3106 quam
2758 3035 3107 3090 sacerdotum
3130 3044 3188 3089 et
3208 3034 3562 3104 prudentium

1978 3130 2222 3185 virorum
2263 3127 2544 3198 sapientia:
2585 3132 2909 3197 congruant.
2961 3124 3336 3180 Abscedamus
3378 3130 3562 3176 nostra

1979 3226 2172 3291 sponte
2195 3236 2223 3274 a
2248 3218 2450 3274 diaboli
2477 3216 2893 3273 tentationibus.
2920 3215 3187 3270 Maximus
3208 3212 3354 3268 Deus
3374 3218 3565 3267 noster

1978 3321 2034 3366 ει
2076 3311 2322 3365 omnium
2386 3309 2647 3366 Servator
2705 3322 3054 3365 communem
3126 3302 3342 3361 cunctis
3382 3302 3563 3357 lucem

1978 3402 2243 3474 porrexit.
2291 3400 2406 3456 Sub
2448 3400 2609 3471 cujus
2654 3399 2900 3469 auspicio
2942 3413 3008 3453 ac
3036 3394 3404 3467 providentia,
3429 3392 3565 3448 mihi

1977 3496 2097 3565 ejus
2119 3493 2323 3548 famulo
2345 3498 2401 3547 et
2423 3491 2623 3547 cultori
2644 3489 2948 3553 concedite,
2971 3502 3177 3557 quaeso,
3203 3494 3265 3541 ut
3300 3485 3406 3540 hoc
3426 3498 3567 3553 opus

1978 3588 2045 3643 ad
2069 3588 2275 3643 exitum
2323 3584 2622 3656 perducam
2647 3599 2663 3650 ;
2691 3599 2801 3653 quo
2827 3581 3065 3652 pepulus
3096 3579 3245 3634 illius
3269 3592 3391 3632 mea
3431 3576 3567 3631 allo-

1977 3681 2199 3737 cutione
2240 3687 2404 3749 atque
2431 3692 2624 3747 opera,
2649 3683 2705 3731 et
2729 3673 3165 3729 admonitionum
3192 3667 3470 3732 instantia,
3495 3665 3562 3720 ad

1976 3780 2280 3828 conventus
2323 3770 2590 3825 unitatem
2638 3773 2950 3821 revocetur.
2986 3764 3122 3818 Nam
3149 3778 3274 3816 cum
3303 3760 3478 3824 vobis,
3504 3766 3563 3812 ut

1976 3865 2109 3928 dixi,
2137 3879 2244 3918 una
2266 3862 2569 3931 eademque
2610 3861 2683 3914 sit
2731 3858 2887 3922 ﬁdes,
2918 3872 3027 3910 una
3050 3855 3121 3909 de
3145 3853 3413 3923 religione
3463 3866 3562 3905 no-

1977 3958 2093 4003 stra
2116 3949 2410 4014 sententia,
2441 3963 2678 4016 cumque
2702 3946 2837 4016 legis
2864 3951 3195 4014 prmceptum
3224 3949 3453 4008 utraque
3478 3944 3561 3995 sui

1977 4048 2130 4112 parte
2194 4055 2388 4095 omnes
2453 4038 2509 4091 in
2554 4051 2719 4091 unam
2783 4035 3093 4088 animorum
3140 4031 3561 4087 consensionem

1977 4130 2355 4200 constringat:
2388 4128 2534 4183 istud
2579 4126 2723 4196 quod
2758 4127 2935 4179 levem
2974 4125 3121 4178 inter
3164 4136 3263 4177 vos
3305 4121 3561 4175 excitavit

1975 4222 2415 4284 contentionem,
2460 4217 2903 4290 quandoquidem
2950 4214 3020 4270 ad
3071 4214 3238 4269 totius
3284 4210 3562 4282 religionis

1974 4329 2246 4369 summam
2288 4326 2399 4366 non
2422 4311 2687 4382 pertinet,
2712 4326 2821 4364 non
2846 4315 2931 4362 est
2954 4322 3054 4362 cur
3097 4305 3270 4359 ullum
3299 4304 3444 4357 inter
3465 4316 3561 4356 vos

1975 4402 2265 4459 dissidium
2312 4417 2376 4455 ac
2403 4399 2731 4455 seditionem
2756 4397 2939 4453 faciat.
2970 4396 3149 4465 Atque
3186 4395 3303 4448 haec
3325 4408 3427 4463 ego
3451 4407 3559 4446 non

1974 4512 2041 4551 eo
2065 4496 2208 4559 dico,
2250 4501 2313 4549 ut
2334 4510 2432 4548 vos
2462 4492 2530 4547 de
2568 4492 2773 4562 inepta,
2797 4488 3191 4560 qualiscunque
3218 4486 3439 4541 demum
3462 4500 3560 4539 v0—

292 4588 489 4658 δήτοοτέ
525 4593 675 4643 ἐστιν
727 4588 909 4658 ἐκείνη
952 4590 1175 4661 ζητήσει
1229 4591 1589 4644 συντίθεσθαι.
1642 4592 1875 4646 Δύναται

1979 4600 2149 4645 cauda
2194 4598 2297 4654 est,
2324 4588 2623 4659 quaestione
2677 4587 2825 4641 idem
2867 4584 3092 4640 omnino
3118 4583 3321 4637 sentire
3348 4595 3555 4651 cogam.

294 4682 397 4754 γὰρ
427 4683 524 4736 καὶ
548 4681 612 4735 τὸ
630 4681 732 4752 τῆς
761 4682 981 4736 συνόδου
1010 4683 1189 4752 τίμιον
1222 4684 1348 4754 ὑμῖν
1376 4684 1633 4755 ἀκέραιον
1665 4685 1869 4752 φυλάτ-

294 4772 499 4835 τεσθαι,
521 4773 619 4827 καὶ
649 4775 682 4843 ἡ
705 4773 844 4845 αὑτὴ
864 4773 1006 4827 κατὰ
1030 4774 1246 4828 πάντων
1279 4775 1533 4829 κοινωνία
1560 4777 1868 4847 τηρεῖσθαι,

1969 4684 2155 4739 Potest
2199 4683 2346 4737 enim
2392 4680 2628 4756 gravitas
2667 4686 2971 4734 conventus
3019 4677 3231 4746 integra
3274 4673 3420 4744 apud
3462 4689 3558 4728 vos

1969 4774 2304 4839 conservari,
2350 4779 2407 4828 et
2455 4788 2562 4826 una
2588 4771 2896 4840 eademque
2923 4769 3071 4823 inter
3094 4781 3286 4822 omnes
3308 4780 3557 4820 commu-

296 4865 392 4917 κᾶν
429 4865 497 4918 τά
536 4864 777 4935 μάλιστά
801 4883 886 4929 τις
944 4868 1002 4919 ὲν
1052 4866 1206 4937 μέρει
1260 4870 1396 4938 πρὸς
1439 4867 1698 4938 ἀλλήλους
1733 4869 1872 4938 ὑπὲρ

1979 4868 2062 4922 nio
2106 4866 2354 4929 retineri,
2380 4864 2632 4934 quamvis
2681 4862 2916 4917 invicem
2963 4860 3031 4914 de
3057 4875 3115 4913 re
3138 4858 3320 4927 aliqua
3343 4855 3557 4911 minimi

294 4955 574 5027 ἐλαχίστου
609 4957 880 5026 διαφωνία
919 4956 1164 5027 γένηταιο
1212 4958 1334 5012 ἐπεὶ
1389 4958 1523 5029 μηδὲ
1583 4960 1782 5024 πάντες
1813 4961 1871 5014 ὲν

1979 4958 2234 5013 momenti
2258 4955 2613 5010 dissentiatis.
2644 4953 2929 5023 Siquidem
2954 4966 3056 5005 nec
3084 4949 3228 5003 idem
3253 4963 3444 5002 omnes
3465 4962 3560 5001 vo—

294 5048 604 5101 πᾶσιταὺτδ
634 5046 957 5118 βουλόμεθα,
994 5049 1126 5120 μηδὲ
1158 5050 1255 5119 μία
1281 5068 1364 5114 τις
1395 5052 1455 5103 έν
1489 5052 1618 5121 ἡμῖν
1649 5049 1808 5120 φύσις
1836 5051 1869 5122 ἢ

295 5136 480 5209 γνώμη
502 5134 869 5192 πολιτεύεται.
903 5139 1040 5210 Περὶ
1070 5140 1166 5209 μὲν
1182 5136 1275 5193 οὖν
1300 5141 1400 5209 τῆς
1424 5141 1574 5203 θείας
1614 5140 1870 5211 προνοίας

298 5231 391 5299 μία
428 5248 516 5294 τις
571 5233 632 5285 ὲν
680 5231 812 5303 ὑμῖν
860 5230 1001 5285 ἔστω
1058 5232 1261 5296 πίστις,
1330 5234 1427 5302 μία
1487 5232 1720 5297 σύνεσις,
1773 5232 1873 5302 μία

298 5319 532 5394 συνθήκη
557 5322 653 5378 τοῦ
679 5320 1006 5394 κρείττονος.
1047 5322 1111 5376 "A
1167 5325 1224 5379 δὲ
1262 5324 1401 5395 ὑπὲρ
1428 5325 1537 5378 τῶν
1575 5323 1873 5394 ἐλαχίστων

1977 5053 2161 5106 lumus
2184 5050 2239 5104 in
2262 5049 2538 5111 omnibus,
2580 5065 2681 5103 nec
2707 5062 2812 5101 una
2841 5044 3088 5101 omnium
3129 5042 3343 5097 indoles
3365 5049 3448 5096 est
3471 5048 3557 5095 at-

1980 5161 2087 5214 que
2112 5144 2403 5197 sententia.
2433 5142 2619 5210 itaque
2643 5140 2710 5195 de
2735 5138 2919 5194 divina
2942 5136 3165 5207 quidem
3192 5133 3556 5205 providentia,

1981 5250 2089 5288 una
2114 5233 2259 5287 inter
2280 5246 2380 5285 vos
2423 5231 2495 5285 sit
2539 5228 2695 5293 ﬁdes,
2724 5242 2865 5282 unus
2908 5240 3126 5287 sensus,
3171 5238 3340 5276 unum
3387 5218 3557 5274 divini

1980 5324 2225 5381 numinis
2269 5322 2453 5379 foedus
2512 5320 2643 5387 Qua:
2681 5334 2814 5374 vero
2859 5317 2927 5375 de
2950 5314 3242 5372 levissimis
3264 5312 3383 5368 istis
3406 5324 3557 5380 qua:-

1502 5500 1770 5555 V'ALESII
1808 5495 2360 5554 ANNOTATIONES.

502 5634 646 5718 ταῖς
673 5636 987 5718 ὑμετέραις
1014 5640 1323 5718 ίθύνεσθαι
1348 5640 1584 5718 φρεσίν,
1612 5648 1718 5718 etc:
1738 5635 1874 5718 “To-

294 5707 379 5763 tus
412 5707 502 5764 hic
523 5708 686 5763 locus
717 5707 774 5759 in
796 5707 984 5762 codice
1014 5708 1214 5763 Leonis
1243 5707 1429 5764 Allatii
1466 5710 1540 5762 ita
1584 5707 1869 5766 scribitur,

292 5779 534 5832 τοτοῧτον
563 5777 663 5831 τοῦ
698 5776 834 5849 Θεοῦ
855 5777 982 5849 λαόν
1008 5779 1066 5831 ὃν
1096 5781 1199 5831 ὑπὸ
1230 5786 1349 5842 ταῖς
1372 5779 1663 5849 ὑμετέραις
1690 5778 1873 5849 εὐχαῖς

293 5849 381 5903 καὶ
424 5849 622 5919 φρεσὶν
678 5846 1019 5902 εὑθυνεῖσθαι
1083 5846 1681 5922 προσήκει,”διχονοεῖν
1747 5846 1870 5898 οὔτε

1973 5632 2202 5702 πρέπον,
2235 5641 2341 5685 etc.
2393 5630 2505 5702 Nec
2539 5628 2873 5702 aliter_lcgit
2913 5628 3113 5702 Epipli.
3149 5623 3421 5679 Scholast.
3463 5618 3555 5702 _Sic

1971 5698 2119 5758 enim
2172 5702 2382 5755 vertit:
2420 5700 2647 5754 Tantum
2692 5699 2787 5752 Dei
2830 5698 3103 5771 populum,
3151 5709 3306 5771 quem
3366 5698 3555 5771 uestris

1972 5772 2297 5826 orationibus
2324 5783 2371 5823 et
2400 5771 2700 5842 prudentia,
2727 5759 2978 5842 conuenit-
3013 5759 3317 5842 guberna-ri,
3360 5759 3556 5842 discor-

1974 5844 2101 5895 dare
2130 5858 2219 5895 nec
2248 5831 2410 5903 decet;
2442 5858 2533 5894 nec
2562 5840 2773 5892 omnino
2805 5837 2878 5900 (as
2905 5831 3285 5887 cssc‘crcdibile
3311 5838 3410 5883 est.
