4050 6348
487 448 556 504 59
1819 491 1825 498 .
1949 445 2031 503 SO

2134 445 2282 502 ATIS
2301 481 2318 496 ο
3661 445 3738 502 60

486 565 764 620 stionibus
787 565 930 619 inter
957 580 1052 620 vos
1079 565 1354 619 subtiliter
1377 564 1688 636 disputatis,
1713 565 1843 621 licet
1864 581 1976 620 non
2001 566 2031 620 ἰ]

2159 563 2364 619 τούτων
2386 562 2665 633 ζητήσεων
2692 563 2750 616 ὲν
2772 562 3018 634 ἀλλήλοις
3044 560 3506 633 ἀκριϐολογεῖσθε,
3535 559 3638 614 κᾶν
3666 561 3743 632 μὴ

483 657 736 711 eamdem
783 657 1125 713 conveniatis
1169 655 1521 721 sententiam,
1550 656 1815 711 interiore
1860 657 2060 712 mentis

484 745 815 814 cogitatione
855 746 1156 808 continere,
1192 753 1248 800 et
1271 761 1470 800 arcano
1496 747 1736 816 pectoris
1762 749 2058 803 recondere

483 837 716 891 debetis.
756 836 968 891 Maneat
1011 836 1165 890 ﬁrma
1190 837 1245 890 in
1272 839 1430 892 vobis
1454 841 1762 894 communis
1803 841 2060 895 amicitiae

483 927 866 997 praerogativa,
911 936 968 981 et
1008 928 1255 982 veritatis
1283 928 1438 994 ﬁdes,
1466 939 1523 984 et
1548 931 1643 984 Dei
1669 931 1915 1001 legisque
1954 931 2059 986 ob-

483 1019 752 1072 servantia
777 1035 791 1084 ;
819 1019 1086 1072 recurrite
1111 1020 1180 1074 ad
1205 1030 1451 1076 mutuam
1477 1023 1826 1079 dilectionem
1853 1032 1908 1080 et
1930 1025 2059 1080 cha-

481 1108 729 1173 ritatem;
777 1109 992 1164 reddite
1037 1111 1297 1166 universo
1333 1113 1536 1182 populo
1578 1130 1707 1170 suos
1749 1117 2050 1186 amplexus.

481 1195 584 1265 Ipsi
629 1198 871 1252 vicissim
917 1203 1252 1272 expurgatis,
1300 1213 1360 1257 ut
1401 1205 1473 1258 ita
1501 1205 1697 1272 dicam,
1737 1209 1934 1262 animis
1957 1225 2052 1263 ve-

479 1287 637 1351 stris,
662 1297 874 1343 vosmet
897 1289 1044 1359 ipsos
1067 1292 1362 1361 agnoscite.
1391 1292 1544 1362 Saepe
1566 1295 1713 1348 enim
1739 1305 1861 1365 post
1881 1297 2051 1366 depo-

475 1378 608 1434 sitas
648 1381 966 1439 inimicitias
1011 1387 1362 1442 reconciliata
1411 1388 1608 1443 itcrum
1636 1391 2050 1461 gratia,jucun-

471 1471 596 1527 dior
615 1475 827 1530 exsistit
851 1479 1111 1534 amicitia.
1141 1481 1373 1537 Reddite
1401 1485 1507 1554 18
1554 1485 1720 1554 igitur
1743 1487 1875 1540 mihi
1905 1496 2051 1542 tran-

470 1561 672 1630 quillos
718 1564 858 1629 dies,
905 1575 962 1621 et
1009 1578 1197 1624 noctes
1219 1586 1478 1626 curarum
1515 1585 1800 1643 expertes;
1832 1586 1890 1630 ut
1914 1578 2048 1633 mihi

470 1669 689 1723 quoque
732 1672 883 1726 purae
925 1659 1063 1714 lucis
1086 1661 1337 1731 voluptas
1373 1673 1430 1719 et
1472 1666 1670 1734 quietae
1694 1668 1818 1722 vita:
1860 1667 2046 1724 lmtitia

469 1743 524 1798 in
548 1755 829 1814 posterum
853 1760 1231 1807 conservetur.
1260 1752 1416 1820 Quod
1442 1756 1545 1810 nisi
1571 1766 1901 1812 consecutus
1925 1759 2045 1816 fue-

467 1851 550 1899 ro,
576 1835 926 1908 ingemiscam
964 1857 1189 1898 necesse
1214 1853 1319 1910 est,
1347 1853 1602 1916 totusque
1642 1848 1894 1920 lacrymis
1921 1867 2044 1922 per-

465 1921 665 1980 fundar
689 1941 702 1978 :
732 1942 835 1982 nec
861 1929 1135 2000 reliquum
1161 1931 1288 1986 vitae
1329 1939 1545 2002 tempus
1565 1934 1780 2003 placide
1805 1921 2040 2006 exigam.

464 2014 597 2068 Nam
624 2019 866 2085 quandiu
913 2023 1150 2090 populus
1196 2024 1314 2088 Dei,
1361 2040 1656 2081 conservos
1699 2043 1852 2083 meos
1894 2030 2040 2097 dico,

463 2105 649 2175 iniqua
691 2125 756 2164 ac
778 2112 1087 2180 perniciosa
1132 2117 1483 2171 contentione
1529 2117 1791 2174 discissus
1816 2131 1920 2186 est,
1949 2123 2042 2192 qui

463 2196 578 2250 ﬁeri
609 2206 786 2268 potest
808 2209 868 2256 ut
899 2218 1000 2274 ego
1023 2204 1282 2276 deinceps
1305 2208 1486 2262 animo
1514 2211 1841 2266 consistam?
1865 2214 2042 2284 Atque

463 2295 523 2342 ut
545 2288 751 2345 doloris
777 2292 878 2348 hac
909 2295 976 2349 de
1013 2311 1072 2351 re
1099 2297 1206 2352 mei
1232 2300 1662 2369 magnitudinem
1701 2303 2037 2375 intelligatis,

460 2381 736 2451 paulisper
769 2386 1057 2441 attendite.
1088 2389 1275 2459 Nuper
1301 2407 1426 2445 cum
1455 2393 1827 2450 Nicomediam
1854 2399 2039 2452 venis-

459 2486 596 2535 sem,
624 2474 875 2541 protinus
919 2476 972 2530 in
1019 2476 1298 2534 Orientem
1321 2481 1424 2535 iter
1446 2482 1628 2538 facere
1665 2484 2033 2541 decreveram.

455 2558 702 2630 Cumque
745 2565 1142 2632 profectionem
1185 2585 1458 2639 urgcrcm,
1507 2583 1562 2627 et
1606 2577 1814 2646 majore
1832 2578 1942 2647 jam
1971 2594 2038 2634 ex

456 2658 609 2719 parte
635 2654 918 2709 vobiscum
945 2673 1144 2724 essem,
1172 2659 1341 2730 hujus
1368 2663 1445 2717 rei
1486 2665 1717 2720 nuntius
1742 2669 2035 2722 consilium

455 2749 704 2796 nostrum
753 2754 903 2801 retro
945 2749 1184 2816 avertit;
1233 2767 1302 2806 ne
1326 2767 1552 2824 cogerer
1577 2771 1639 2810 ea
1667 2773 1848 2812 coram
1889 2761 2036 2828 aspi-

453 2846 598 2898 cere,
627 2849 749 2904 qua:
771 2852 839 2892 ne
861 2838 1050 2894 auditu
1075 2842 1296 2912 quidem
1321 2853 1480 2900 tenus
1507 2848 1740 2905 tolerare
1761 2867 1849 2904 me
1877 2869 2034 2922 posse

451 2923 853 2982 existimabam.
901 2930 1133 2986 Posthac
1178 2933 1345 3004 igitur
1383 2952 1655 2992 consensu
1683 2947 1866 2996 vestro
1889 2943 2032 2996 viam

451 3011 582 3065 mihi
621 3014 675 3068 in
717 3015 999 3074 Orientem
1037 3023 1268 3091 aperite,
1309 3040 1472 3094 quam
1498 3028 1632 3082 mihi
1658 3032 1866 3085 mutuis
1891 3033 2032 3086 inter

450 3116 545 3157 vos
583 3108 1026 3166 contentionibus
1073 3113 1444 3171 obstruxistis.
1493 3117 1626 3172 Date
1663 3119 1768 3174 hoc
1791 3122 1946 3184 mihi,
1972 3131 2030 3175 ut

2161 657 2299 729 πρὸς
2327 656 2455 727 μίαν
2476 655 2702 726 γνώμην
2728 656 3068 727 συμφέρητε,
3103 653 3285 725 μένειν
3309 653 3440 707 εἵσω
3464 653 3742 722 λογισμῶν

2160 749 2448 818 προσήκει,
2479 746 2558 818 τῷ
2589 747 2687 818 τῆς
2712 747 2950 808 διανοίας
2981 747 3280 818 ἀπορρήτῳ
3308 743 3637 814 τηρούμενα.
3663 747 3739 798 Τὸ

2161 839 2343 908 μέντοι
2366 839 2463 908 τῆς
2483 838 2668 909 κοινῆς
2690 837 2872 907 φιλίας
2899 835 3206 907 ἀπόρρητόν
3226 851 3286 888 τε
3309 835 3403 888 καὶ
3435 834 3734 903 ἐξαίρετον,

2158 931 2251 982 καὶ
2277 933 2308 1000 ή
2345 931 2442 998 τῆς
2494 928 2751 999 ἀληθείας
2801 927 3003 992 πίστις,
3033 927 3068 996 ἥ
3103 943 3161 979 τε
3192 926 3318 997 περὶ
3349 925 3440 978 τὸν
3481 924 3613 978 Θεὸν
3641 928 3736 980 καὶ

2156 1020 2253 1088 τὴν
2283 1019 2378 1072 τοῦ
2411 1021 2578 1091 νόμου
2633 1018 2932 1089 θρησκείαν
2973 1017 3129 1087 τιμὴ,
3191 1016 3398 1087 μενέτω
3441 1018 3571 1084 παρ’
3603 1018 3733 1087 ὑμῖν

2154 1111 2470 1175 ἀσάλευτοςο
2522 1111 2846 1165 ἐπανέλθετε
2875 1110 2932 1164 δὲ
2963 1111 3098 1180 πρὸς
3139 1110 3238 1179 τὴν
3278 1109 3524 1180 ἀλλήλων
3551 1109 3732 1178 φιλίαν

2152 1219 2210 1254 τε
2237 1203 2331 1256 καὶ
2364 1203 2541 1273 χάριν.
2577 1203 2827 1256 Ἀπόδοτε
2857 1201 2934 1273 τῷ
2957 1202 3231 1272 σύμπαντι
3261 1201 3375 1292 λαςὺ
3402 1201 3500 1265 τὰς
3524 1203 3731 1265 οἰκείας

2153 1294 2488 1365 περιπλοκάς
2525 1311 2538 1325 ·
2584 1295 2743 1362 ὑμεῖς
2795 1311 2854 1346 τε
2889 1294 3040 1346 αὐτοὶ
3073 1293 3325 1364 καθάπερ
3349 1291 3473 1355 τὰς
3518 1292 3730 1346 ἑαυτῶν

2151 1383 2330 1454 ψυχὰς
2389 1383 2833 1454 ἐκκαθάραντες,
2897 1380 3052 1446 αὖθις
3112 1382 3375 1454 ἀλλήλους
3434 1384 3724 1452 ὲπίγνωτε.

2163 1475 2355 1530 Ἦδίων
2403 1477 2514 1546 γάρ
2556 1476 2818 1541 πολλάκις
2864 1476 3069 1544 γίνεται
3102 1475 3250 1544 φιλία
3297 1475 3437 1546 μετὰ
3483 1476 3584 1548 τὴν
3623 1479 3729 1548 τῆς

2150 1567 2349 1639 ἔχθρας
2372 1567 2630 1620 ὑπόθεσιν
2666 1566 2799 1638 (58)’
2831 1562 2986 1630 αὖθις
3011 1568 3091 1630 εἰς
3125 1565 3470 1635 καταλλαγὴν
3499 1565 3728 1618 ἐπανέλ-

2149 1657 2291 1712 θετε.
2339 1658 2590 1712 Ἀπόδοτε
2618 1655 2712 1712 οὖν
2747 1675 2836 1729 μοι
2857 1657 3096 1728 γαληνὰς
3122 1659 3222 1727 μὲν
3257 1657 3491 1729 ἡμέρας,
3521 1655 3725 1720 νύκτας

2146 1751 2201 1803 δὲ
2231 1753 2587 1823 ἀμερίμνους,
2632 1752 2721 1805 ἵνα
2751 1751 2916 1821 κάμοί
2948 1767 3032 1815 τις
3069 1751 3231 1822 ήδονὴ
3255 1749 3497 1819 καθαροῦ
3521 1749 3721 1818 φωτὸς,

2125 1827 2242 1897 ’καὶ
2283 1843 2398 1912 βίου
2429 1841 2615 1898 λοιπὸν
2662 1843 2866 1913 ἥσυχος
2918 1841 3226 1912 εὐφροσύνη
3283 1839 3544 1909 σώζηται·
3587 1841 3637 1892 εί
3664 1839 3722 1892 δὲ

2151 1935 2246 2006 μὴ,
2279 1935 2486 1988 στένειν
2509 1934 2745 2004 ἀνάγκη,
2762 1934 2856 1988 καὶ
2871 1933 3126 2004 δακρύοις
3150 1933 3217 1986 δι’
3237 1931 3358 1984 ὅλου
3380 1931 3718 2000 συνέχεσθαι,

2147 2026 2240 2079 καὶ
2267 2025 2399 2095 μηδὲ
2429 2025 2520 2080 τὸν
2541 2024 2636 2078 τοῦ
2658 2023 2756 2094 ζῇν
2783 2023 2955 2078 αἰῶνα
2983 2023 3202 2094 πραέως
3227 2020 3572 2090 ὑφίστασθαι.
3598 2021 3720 2074 Τῶν

2144 2115 2335 2186 γάρτοι
2367 2114 2461 2166 τοῦ
2513 2114 2648 2167 Θεοῦ
2689 2113 2874 2177 λαῶν,
2925 2113 3033 2166 τῶν
3075 2113 3524 2183 συνθεραπόντων
3575 2111 3720 2180 λέγω

2141 2204 2249 2258 τῶν
2279 2206 2448 2275 ὲμῶν,
2480 2205 2651 2269 οὕτως
2679 2204 2849 2276 ἀδίκῳ
2889 2205 2984 2257 καὶ
3022 2203 3262 2275 βλαϐερᾷ
3291 2203 3427 2275 πρὸς
3456 2201 3719 2273 ἀλλήλους

2142 2297 2445 2368 φιλονεικία
2508 2296 2932 2368 κεχωρισμένων
2967 2336 2982 2360 ,
3037 2296 3138 2365 ἐμὲ
3195 2297 3311 2360 πῶς
3363 2296 3597 2365 ἐγχωρεῖ
3637 2293 3718 2364 τῷ

2139 2388 2385 2460 λογισμῷ
2415 2389 2733 2442 συνεστάναι
2783 2388 3006 2452 λοιπόν;
3035 2387 3152 2451 Ἵνα
3191 2387 3249 2440 δὲ
3280 2386 3379 2456 τῆς
3427 2385 3521 2438 ἐπὶ
3545 2381 3716 2454 τούτῳ

2139 2478 2314 2550 λύπης
2351 2479 2448 2550 τὴν
2507 2476 2814 2549 ὑπερϐολὴν
2859 2476 3150 2548 αἴσθησθε,
3197 2476 3485 2532 ἀκούσατε.
3515 2472 3716 2545 Πρὼην

2137 2571 2368 2634 ἐπιστὰς
2404 2573 2470 2642 τῇ
2501 2571 2854 2641 Νικομηδέων
2895 2569 3068 2630 πόλει,
3123 2571 3468 2640 παραχρῆμα
3494 2569 3573 2631 εἰς
3616 2567 3715 2635 τὴν

2137 2661 2276 2732 ἑῴαν
2315 2663 2626 2732 ἠπειγόμην
2661 2665 2728 2732 τῇ
2769 2661 2988 2733 γνώμῃ.
3021 2661 3314 2716 Σπεὺδοντι
3343 2661 3401 2715 δέ
3449 2677 3536 2732 μοι
3570 2659 3707 2730 πρὸς

2136 2755 2279 2823 ὑμᾶς
2309 2755 2432 2824 ήδη,
2452 2757 2545 2808 καὶ
2565 2755 2644 2826 τῷ
2673 2755 2877 2809 πλείονι
2902 2756 3057 2826 μέρει
3082 2757 3178 2811 σὺν
3199 2757 3325 2826 ὑμῖν
3349 2755 3532 2825 δντι,ή
3559 2751 3710 2804 τοῦδε

2133 2846 2226 2911 τοῦ
2245 2846 2568 2917 πράγματος
2585 2845 2834 2915 ἀγγελία,
2855 2846 2990 2918 πρὸς
3014 2847 3074 2900 τὸ
3096 2846 3331 2917 ἔμπαλιν
3345 2844 3436 2897 τὸν
3455 2841 3712 2912 λογισμὸν

2132 2938 2491 3010 ἀνεχαίτισεν
2541 2940 2629 2992 ἵνα
2684 2940 2758 3012 μὴ
2806 2942 2919 3004 τοῖς
2957 2939 3254 3009 ὀφθαλμοῖς
3298 2939 3430 3009 όρᾷν
3472 2937 3713 3002 ἀναγκα-

2134 3029 2338 3100 σθείην,
2357 3029 2394 3083 ἃ
2424 3031 2558 3102 μηδὲ
2589 3033 2712 3094 ταῖς
2745 3033 2938 3095 ἀκοαῖς
2973 3030 3268 3100 προσέσθαι
3295 3028 3518 3083 δυνατὸν
3543 3025 3710 3096 ἡγού-

2134 3137 2258 3190 μην.
2309 3120 2580 3185 ’Δνοίξατε
2605 3121 2669 3190 δή
2705 3138 2796 3189 μοι
2825 3121 3011 3174 λοιπὸν
3058 3123 3116 3173 ὲν
3143 3123 3207 3188 τῇ
3246 3118 3367 3171 καθ’
3408 3117 3552 3186 ὑμᾶς
3583 3117 3711 3184 όμο-

451 3200 503 3248 et
526 3211 623 3251 vos
663 3207 721 3253 et
763 3201 1003 3272 reliquos
1029 3219 1220 3259 omnes
1245 3208 1477 3276 populos
1515 3209 1667 3264 laatos
1700 3220 1863 3280 atque
1893 3213 2031 3266 hila-

2134 3211 2250 3280 νοίᾳ
2283 3211 2382 3279 τῆς
2418 3209 2562 3278 ἑῴας
2621 3210 2720 3278 τὴν
2771 3211 2912 3272 όδὸν,
2969 3211 3036 3278 ἢν
3087 3211 3208 3269 ταῖς
3256 3207 3392 3275 πρὸς
3447 3204 3708 3296 ἀλλήλους

451 3300 536 3339 res
559 3291 961 3360 quamprimum
1003 3295 1220 3361 videre,
1263 3305 1320 3351 et
1355 3314 1456 3366 pro
1479 3303 1756 3355 communi
1779 3305 2026 3358 omnium

451 3380 736 3436 concordia
759 3397 823 3438 ac
845 3384 1098 3440 libertate
1118 3387 1332 3442 debitas
1355 3389 1465 3442 Deo
1488 3391 1710 3458 gratias,
1735 3407 1860 3446 cum
1887 3411 2024 3448 una-

450 3459 578 3516 nimi
601 3465 823 3524 laudum
849 3479 1118 3524 concentu
1143 3473 1354 3528 referre
1377 3475 1597 3543 possim.

2135 3300 2488 3369 φιλονεικίαις
2513 3299 2896 3352 ἀπεκλείσατε.
2949 3298 3057 3351 Καὶ
3096 3296 3486 3385 συχχωρήσατε
3511 3293 3708 3346 θᾶττον

2135 3393 2279 3462 ὑμᾶς
2305 3408 2360 3442 τε
2394 3390 2552 3459 ὁμοῦ,
2580 3391 2676 3442 καὶ
2715 3391 2841 3452 τοὺς
2875 3389 3065 3452 ἄλλους
3097 3389 3342 3450 ἅπαντας
3366 3387 3569 3457 δήμους
3607 3386 3708 3436 ἐπ-

2136 3482 2264 3535 ιδεῖν
2284 3481 2592 3551 χαίροντας,
2631 3480 2725 3532 καὶ
2755 3480 2853 3550 τὴν
2882 3481 3022 3550 ὑπὲρ
3071 3484 3171 3552 τῆς
3218 3481 3402 3549 κοινῆς
3449 3477 3707 3532 ἁπάντων

449 3551 699 3623 5ί-δοονοίαιῗ
723 3575 783 3611 τε
815 3559 910 3614 καὶ
936 3561 1247 3634 ἐλευθερίας
1293 3565 1648 3639 ὀφειλομένην
1689 3571 1872 3640 χάριν,
1906 3573 1992 3625 ἐπ’
2031 3575 2300 3644 εὐφήμοις
2329 3573 2503 3640 λόγων
2531 3572 2891 3645 συνθήμασιν,
2939 3574 3271 3646 ὁμολογῆσαι
3298 3571 3378 3644 τῷ
3415 3569 3702 3642 κρείττονι·

1062 3759 1214 3815 CAP.
1261 3763 1398 3818 Vill.

447 3839 521 3894 De
559 3843 757 3913 synodo
791 3861 908 3929 qua;
947 3847 1240 3929 habita-est
1278 3852 1468 3929 Niciam
1489 3857 1542 3909 in
1566 3855 1833 3929 Bithynia,
1875 3868 1924 3913 et
1961 3860 2026 3914 de

814 3915 922 3985 fide
945 3934 1064 3988 qua:
1085 3920 1155 3976 ibi
1190 3923 1529 3996 promulgata
1554 3935 1648 3981 est.

515 4025 580 4086 Et
622 4026 739 4083 lucc
782 4029 1004 4100 quidem
1051 4032 1354 4104 imperator
1402 4039 1712 4096 admirabili
1759 4045 2023 4113 sapientia

445 4119 705 4186 [δ”ίῐῖιιίιυε
731 4137 830 4190 per
855 4123 1068 4179 litteras
1093 4127 1379 4183 suadebat.
1407 4131 1515 4186 Sed
1541 4133 1743 4188 malum
1771 4136 1910 4192 adeo
1935 4138 2022 4192 in-

444 4210 716 4276 valnerat,
742 4221 803 4267 ut
833 4231 937 4270 nec
961 4217 1311 4288 imperatoris
1333 4221 1634 4293 diligentia,
1661 4241 1764 4280 nec
1786 4230 2024 4284 auctori-

445 4305 527 4350 tas
551 4297 696 4354 illius
721 4302 813 4370 qui
833 4303 1047 4360 litteras
1073 4307 1350 4374 attulerat,
1378 4312 1676 4382 quidquam
1693 4315 2018 4384 profecerit:

446 4401 567 4440 nam
592 4405 768 4458 neque
791 4393 1118 4460 Alexander,
1143 4415 1322 4468 neque
1345 4401 1528 4468 Arius,
1555 4404 1642 4460 bis
1666 4406 1865 4463 litteris
1888 4410 2022 4464 mol-

445 4479 524 4532 liti
550 4489 679 4536 sunt
706 4500 718 4536 :
749 4492 804 4539 ct
850 4486 905 4539 in
953 4488 1068 4557 ipsa
1113 4491 1272 4558 plebe
1312 4493 1500 4564 ingens
1525 4499 1791 4557 tumultus
1813 4511 1866 4556 et
1889 4520 2019 4557 con-

443 4572 615 4627 tentio
639 4577 1002 4645 grassabatur.
1031 4580 1136 4636 Sed
1161 4592 1215 4637 et
1242 4585 1383 4641 alius
1406 4589 1631 4645 suberat
1652 4592 1841 4648 localis
1865 4613 2012 4650 mor-

439 4659 566 4725 bus,
610 4663 704 4732 qui
752 4667 1013 4722 ecclesias
1058 4686 1166 4725 non
1214 4675 1565 4730 mediocriter
1606 4683 2010 4738 conturbubut:

439 4749 708 4808 dissensio
731 4756 938 4810 scilicet
960 4758 1028 4813 de
1053 4761 1191 4816 festo
1215 4763 1435 4821 Pascha:
1467 4768 1589 4834 die;
1631 4787 1752 4839 quze
1793 4773 2013 4842 quidem

440 4842 496 4896 in
538 4841 778 4900 Orientis
820 4847 1084 4906 duntaxat
1129 4857 1377 4924 partibus
1419 4863 1780 4916 versabatur:
1810 4841 2015 4921 i‘lilel-

437 4931 681 4989 d:eorum
709 4953 858 4992 more
880 4938 1080 4997 festum
1108 4944 1250 5000 diem
1277 4948 1579 5015 celebrare,
1623 4952 1731 5006 illis
1771 4955 2015 5024 reliquos

437 5024 607 5080 totius
627 5028 778 5084 orbis
799 5030 1139 5090 Christianos
1183 5038 1238 5091 in
1285 5039 1391 5094 hoc
1413 5040 1614 5096 imitari
1641 5045 2010 5103 studentibus.

435 5112 706 5170 Cmtcrum
749 5123 1000 5188 quamvis
1046 5125 1114 5178 de
1160 5126 1250 5180 die
1289 5129 1428 5183 festo
1473 5131 1616 5186 inter
1639 5150 1695 5187 se
1727 5136 1827 5190 hoc
1853 5139 2015 5192 modo

437 5203 787 5274 dissiderent,
811 5227 920 5266 non
959 5221 1141 5271 tamen
1167 5218 1288 5272 ideo
1326 5235 1357 5274 a
1397 5225 1782 5280 communione
1825 5237 2014 5284 mutua

435 5295 804 5355 abstinebant.
823 5300 932 5358 Sed
946 5303 1056 5360 diei
1075 5305 1195 5361 festi
1214 5308 1400 5364 laatitia
1423 5311 1530 5368 hoc
1543 5313 1902 5371 dissensionis
1915 5333 2017 5370 nu-

2718 3773 2969 3827 ΚΕΦΑΛ.
3017 3773 3101 3826 H'.

2123 3864 2262 3932 Περὶ
2311 3863 2420 3929 τῆς
2459 3865 2862 3946 γεγενημένης
2889 3863 3192 3946 μιξοθρδοα
3332 3858 3553 3946 Notata
3597 3859 3704 3928 τῆς

2158 3932 2576 3999 Βιθυνίας,ῃή
2601 3932 2736 4001 περὶ
2756 3932 2862 4001 τῆς
2875 3933 3003 3986 ἐκεῖ
3021 3933 3369 4000 ἐκτεθείσης
3387 3933 3667 3998 πίστεως.

2196 4044 2435 4098 Τοιαῦτα
2484 4044 2583 4116 μὲν
2631 4039 2724 4098 οὖν
2779 4043 3070 4114 θαυμαστὰ
3131 4043 3224 4098 καὶ
3282 4043 3474 4112 σοφίας
3529 4041 3702 4112 μεστὰ

2125 4131 2360 4203 παρῄνει
2414 4135 2446 4203 ἠ
2511 4132 2605 4186 τοῦ
2667 4133 2936 4203 βασιλέως
2994 4133 3270 4203 ἐπιστολή.
3320 4133 3394 4186 Τὸ
3423 4133 3480 4186 δὲ
3531 4133 3701 4186 κακὸν

2120 4223 2579 4296 ἐπικρατέστερον
2619 4219 2688 4294 ἦν
2724 4225 2818 4278 καὶ
2850 4225 2949 4296 τῆς
2998 4226 3093 4278 τοῦ
3119 4225 3383 4295 βασιλέως
3438 4225 3696 4294 σπουδῆς,

2119 4316 2214 4370 καὶ
2239 4315 2580 4382 ἀξιοπιστίας
2599 4315 2693 4370 τοῦ
2729 4316 3192 4387 διακονησαμένου
3223 4319 3334 4377 τοῖς
3353 4317 3694 4388 γράμμασιν·

2118 4406 2241 4460 οὔτε
2261 4407 2372 4478 γὰρ
2406 4408 2770 4480 Ἀλέξανδρος,
2788 4409 2912 4462 οὗτε
2941 4411 3156 4480 Ἄρειος
3191 4409 3298 4462 ὑπὸ
3330 4409 3436 4461 τῶν
3461 4408 3699 4478 γραφέν-

2125 4515 2232 4552 των
2257 4499 2649 4569 ὲμαλάσσοντο,
2703 4500 2840 4554 ἀλλά
2885 4518 2968 4564 τις
3009 4495 3078 4570 ἦν
3134 4500 3357 4570 ἄκριτος
3407 4499 3498 4551 καὶ
3549 4499 3697 4567 παρὰ

2120 4593 2233 4654 τοῖς
2265 4590 2412 4654 λαοῖς
2441 4591 2557 4662 ἔρις
2597 4593 2694 4646 καὶ
2719 4593 2958 4662 ταραχή·
2995 4592 3315 4662 προϋπῆρχε
3341 4591 3396 4642 δὲ
3442 4591 3534 4644 καὶ
3562 4590 3693 4660 ἄλλη

2118 4697 2204 4746 τις
2233 4683 2476 4753 προτέρα
2518 4683 2672 4746 νόσος
2731 4683 2953 4752 τοπικὴ,
3017 4683 3115 4745 τὰς
3154 4683 3448 4751 ἐκκλησίας
3495 4683 3696 4752 ταράτ-

2117 4790 2304 4836 τουσα,
2343 4775 2376 4843 ή
2417 4775 2680 4843 διαφωνία
2710 4775 2810 4844 τῆς
2832 4775 2924 4828 τοῦ
2953 4776 3141 4844 Πάσχα
3183 4776 3394 4846 ἑορτῆς
3419 4775 3538 4843 ἥτις
3569 4776 3695 4841 περὶ

2117 4863 2186 4917 τὰ
2227 4859 2327 4934 τῆς
2371 4864 2512 4934 ἑῴας
2545 4863 2686 4936 μέρη
2721 4866 2879 4932 μόνον
2928 4864 3162 4931 ὲγένετο’
3191 4863 3298 4918 τῶν
3333 4865 3430 4935 μὲν
3472 4863 3692 4916 Ἰουδαῖ-

2119 4953 2359 5025 κώτερον
2411 4956 2604 5026 ἑορτὴν
2655 4958 2830 5008 ποιεῖν
2871 4955 3299 5019 ἐσπουδακότων,
3349 4956 3459 5006 τῶν
3506 4954 3561 5006 δὲ
3608 4972 3695 5022 μι-

2119 5047 2403 5116 μουμένων
2430 5045 2750 5117 σύμπαντας
2770 5048 2894 5109 τοὺς
2925 5047 3063 5100 κατὰ
3083 5047 3182 5116 τὴν
3213 5047 3537 5115 οἰκουμένην
3562 5048 3694 5114 Χρι-

2117 5138 2386 5201 στιανούς.
2441 5138 2842 5208 Διαφωνοῦντες
2897 5138 2953 5190 δὲ
3005 5138 3144 5192 οὕτω
3179 5139 3308 5208 περὶ
3336 5139 3432 5204 τῆς
3459 5137 3653 5207 ἑορτῆς
3674 5177 3688 5200 ,

2115 5231 2214 5298 τῆς
2235 5229 2517 5292 κοινωνίας
2542 5229 2638 5299 μὲν
2659 5228 2906 5299 οὐδαμῶς
2943 5228 3287 5300 ἐχωρίζοντο,
3321 5229 3687 5298 στυγνοτέραν

2114 5319 2170 5370 δὲ
2201 5319 2298 5389 τὴν
2319 5319 2514 5391 ἑορτὴν
2539 5323 2605 5391 τῇ
2628 5321 2895 5392 διαφωνία
2931 5321 3265 5393 είργάζοντο.
3298 5320 3376 5372 Δι’
3401 5321 3688 5390 ἀμφότερα

1640 5466 1908 5522 VALESII
1945 5467 2494 5527 ANNOTATIONES.

505 5564 615 5636 (58)
648 5565 763 5633 Τῆς
787 5567 1004 5637 ἔχθρας
1029 5573 1338 5628 ὑπόθεσιν.
1358 5574 1416 5630 1η
1447 5575 1907 5634 Αηιιοιιιιίοιιίὺιιε
1929 5581 1996 5634 ad

433 5634 637 5708 librum
661 5652 696 5690 ιι
721 5634 944 5698 Eusebii
974 5634 1040 5694 de
1067 5643 1185 5696 Vita
1230 5645 1596 5708 Constantini,
1628 5650 1812 5702 monui
1858 5651 1996 5703 seri-

435 5702 674 5784 bendum
707 5708 892 5784 _videri
933 5711 1209 5784 ἀπόθεσιν,
1251 5725 1309 5768 ιιι
1350 5715 1400 5767 in
1445 5702 1770 5784 quibusdam
1810 5736 1994 5772 exem-

435 5772 680 5846 plaribus
707 5778 922 5846 legitur.
961 5781 1066 5836 Sed
1103 5772 1226 5837 eum
1271 5787 1444 5839 nostri
1465 5772 1690 5841 'codiecs
1729 5789 1994 5843 Florenti-

437 5854 560 5906 nus,
592 5842 896 5905 Siortianus
913 5860 967 5907 et
990 5853 1193 5919 Allatii,
1219 5855 1354 5912 nihil
1379 5855 1465 5909 hic
1493 5865 1722 5918 mutent.
1748 5861 1876 5913 ferri
1898 5842 1991 5930 po-

2103 5592 2211 5661 test
2243 5585 2461 5661 vulgata
2513 5589 2696 5653 lectio,
2745 5608 2905 5661 quam
2951 5593 3239 5645 confirmat
3268 5603 3434 5645 etiam
3481 5591 3678 5661 Epiph.

2104 5655 2490 5712 Si-holaslictls.
2535 5661 2624 5715 Sic
2649 5655 2792 5715 enim
2824 5664 2986 5716 vertit
3020 5681 3031 5715 :
3057 5662 3333 5715 Suat‘iorrs
3357 5655 3540 5714 crebra
3559 5655 3682 5714 sunt

2103 5726 2348 5778 antirilim
2392 5740 2505 5798 post
2551 5731 2952 5786 inimicitiarum
2997 5749 3183 5785 rutlsus
3233 5733 3300 5785 ad
3349 5733 3680 5787 concordiam

2103 5811 2179 5846 νὼ»
2188 5807 2202 5846 ί
2211 5822 2219 5848 ι
2229 5807 2276 5846 ii?
2288 5807 2351 5851 (α’
2360 5844 2368 5851 .
