4050 6348
247 456 304 515 ϐί
331 485 339 489 -
1230 470 1553 527 IIISTORIA
1597 474 1817 534 ECCLE

1920 482 2154 540 iSTICA.
2199 517 2266 525 —
2304 486 2432 542 LIB.
2477 490 2515 543 I.
3427 492 3497 550 69.

251 575 415 682 τοίνυν
439 576 587 682 ὀρῶν
609 581 639 633 6
657 579 908 651 βασιλεὺς
926 591 1330 661 ταραττομένην
1347 592 1442 662 τὴν
1459 594 1808 666 Ἐκκλησίαν,

1920 599 2027 656 bilo
2042 601 2371 661 fuscabatur.
2396 607 2533 662 Cum
2555 607 2720 682 igitur
2736 608 3030 677 imperator
3047 608 3263 664 duobus
3285 609 3372 668 his
3385 625 3498 663 ma-

251 667 454 722 σύνοδον
495 669 880 745 οἰκουμενικὴν
921 678 1256 749 συνεκρότει,
1305 685 1432 746 τοὺς
1478 687 1816 756 πανταχόθεν

248 759 574 823 ἐπισκόπους
592 761 682 816 διὰ
701 766 1038 836 γραμμάτων
1068 771 1148 832 είς
1177 771 1411 828 Νίκαιαν
1440 774 1539 844 τῆς
1568 775 1819 842 Βιθυνίας

249 849 550 918 ἀπαντῆσαι
624 857 972 926 παρακαλῶν.
1041 861 1296 932 Παρῆσάν
1352 881 1411 917 τε
1491 867 1556 920 ἐκ
1609 868 1818 922 πολλῶν

249 937 518 1028 ἐπαρχιῶν
533 939 628 994 καὶ
645 943 854 998 πόλεων
869 948 916 999 οἱ
933 949 1238 1004 ἐπίσκοποι·
1259 969 1324 1005 πε
1332 954 1386 1024 ρὶ
1400 948 1475 1008 ὧν
1489 956 1517 1008 6
1535 957 1817 1028 Παμφίλου

251 1026 500 1092 Εὐσέϐιος
531 1034 590 1084 ἐν
628 1033 706 1102 τῷ
742 1037 907 1108 τρίτῳ
947 1038 1134 1110 βιϐλίῳ
1170 1043 1276 1096 τῶν
1302 1047 1381 1107 εἰς
1417 1046 1506 1099 τὸν
1533 1026 1821 1102 Κωνσταν-

248 1117 385 1170 τίνου
414 1118 552 1188 βίον,
584 1123 712 1176 τάδε
760 1127 898 1180 κατὰ
949 1127 1091 1192 λέξιν
1137 1130 1326 1200 φησίν·
1381 1133 1501 1186 Τῶν
1546 1134 1676 1202 γοῦν
1725 1137 1816 1188 ἐκ·

248 1211 481 1280 κλησιῶν
509 1215 762 1281 ἁπασῶν,
811 1219 866 1271 αϊ
899 1219 994 1291 τὴν
1028 1221 1299 1293 Εὐρώπην
1331 1225 1569 1289 ἃπασαν,
1616 1228 1818 1298 Λιϐύην

247 1322 302 1360 τε
333 1305 430 1359 καὶ
457 1307 557 1375 τὴν
610 1308 795 1362 Ἀσίαν
835 1311 1125 1384 ἐπλήρουν,
1155 1315 1288 1383 ὁμοῦ
1318 1317 1552 1386 συνῆκτο
1585 1316 1692 1372 τῶν
1725 1319 1816 1372 τοῦ

250 1397 380 1450 θεοῦ
462 1398 796 1469 λειτουργῶν
873 1403 940 1454 τὰ
1011 1403 1311 1475 ἀκροθίνια.
1381 1403 1474 1470 Εἷς
1541 1425 1601 1461 τε
1673 1407 1818 1472 οἶκος

248 1487 570 1559 εὐκτήριος,
629 1489 817 1558 ὥσπερ
879 1494 944 1546 ἐκ
1019 1493 1153 1548 Θεοῦ
1234 1496 1667 1569 πλατυνόμενος,
1734 1500 1818 1554 έν-

249 1576 332 1628 δον
370 1576 570 1648 ἐχώρει
615 1579 758 1634 κατᾶ
789 1580 852 1634 τὸ
897 1581 1026 1634 αὐτὸ
1078 1584 1283 1656 Σύρους
1322 1603 1381 1639 τε
1428 1590 1522 1642 καὶ
1562 1588 1815 1655 Κίλικας,

251 1666 494 1730 Φοίνικάς
529 1686 586 1721 τε
641 1671 738 1723 καὶ
778 1672 1082 1743 Ἀραϐίους,
1137 1676 1230 1730 καὶ
1259 1677 1670 1742 Παλαιστινοὺς,
1725 1683 1818 1734 καὶ

251 1756 338 1808 ἐπὶ
360 1757 573 1820 τούτοις
599 1758 950 1826 Αἰγυπτίους,
1001 1761 1284 1832 Θηϐαίους,
1347 1765 1568 1829 Λίϐυας,
1608 1767 1732 1830 τούς
1759 1786 1817 1820 τε

255 1845 314 1896 ἐκ
337 1843 511 1914 μέσης
554 1845 668 1928 τῶν
717 1851 977 1919 ποταμῶν
1027 1853 1400 1924 ὁρμωμένους*
1461 1857 1561 1928 ἤδη
1619 1857 1674 1910 δὲ
1725 1859 1818 1910 καὶ

257 1934 465 2006 Πέρσης
496 1925 794 2002 ἐπίσκοπος
834 1941 899 2013 τῇ
952 1943 1150 2014 συνόδῳ
1189 1945 1389 2015 παρῆν·
1437 1925 1559 1999 οὔτε
1608 1948 1819 2017 Σκύθης

257 2024 657 2094 ἁπελιμπάνετο
705 2031 802 2099 τῆς
845 2032 1080 2102 χορείας.
1138 2035 1336 2099 Πόντος
1387 2053 1446 2088 τε
1507 2038 1600 2091 καὶ
1646 2038 1816 2102 Ἀσία,

255 2117 457 2185 Φρυγία
486 2135 546 2171 τε
574 2123 669 2174 καὶ
695 2122 1161 2192 Παμφυλίαρτοὺς
1193 2128 1321 2196 παρ’
1350 2130 1532 2190 αὐτοῖς
1563 2133 1820 2201 παρεῖχον

255 2209 553 2279 ἐκκρίτους.
595 2212 756 2267 Ἀλλά
784 2217 880 2270 καὶ
907 2215 1120 2288 Θρᾷκες
1150 2221 1245 2272 καὶ
1261 2221 1586 2284 Μακεδόνες,
1615 2224 1820 2292 Ἀχαιοί

255 2319 311 2354 τε
355 2304 449 2356 καὶ
506 2305 874 2378 Ἠπειρῶται,
927 2310 1131 2364 τούτων
1180 2329 1238 2365 τε
1285 2313 1334 2365 οἱ
1373 2311 1454 2366 ἔτι
1484 2315 1820 2383 προσωτάτω

254 2391 522 2459 οἰκοῦντες
553 2397 829 2466 ἀπήντων.
860 2399 1030 2463 Αὐτός
1062 2417 1120 2452 τε
1166 2403 1425 2458 Ὶσπανῶν
1449 2407 1478 2458 6
1516 2408 1653 2462 πάνυ
1687 2405 1820 2474 βοώ-

255 2499 432 2551 μενος,
462 2479 542 2547 εἷς
576 2481 644 2555 ἦν
678 2490 788 2550 τοῖς
824 2489 1036 2553 πολλοῖς
1066 2491 1182 2560 ἅμα
1215 2493 1567 2563 συνεδρεύων.
1614 2497 1726 2564 Τῆς
1763 2497 1819 2549 δέ

255 2591 311 2643 γε
338 2575 728 2646 βασιλευούσης
767 2579 990 2642 πόλεως,
1014 2583 1040 2632 6
1071 2582 1168 2651 μὲν
1194 2584 1493 2652 προεστὼς,
1530 2585 1617 2639 διὰ
1646 2588 1820 2657 γῆρας

255 2667 482 2738 ὑστέρειο
516 2667 876 2738 πρεσϐύτεροι
903 2669 961 2723 δὲ
989 2670 1154 2723 αὐτοῦ
1187 2673 1448 2743 παρόντες
1471 2714 1486 2738 ,
1525 2677 1622 2745 τὴν
1654 2675 1817 2729 αὑτοῦ

252 2755 396 2822 τᾶξιν
427 2757 716 2828 ἐπλήρουν.
747 2759 998 2813 Τοιοῦτον
1027 2761 1186 2831 μόνον
1217 2763 1275 2827 ἐξ
1305 2764 1518 2830 αἰῶνος,
1550 2761 1628 2829 εἷς
1664 2765 1818 2836 βασι-

251 2849 368 2911 λεῖος
392 2849 822 2914 Κωνσταντῖνος,
852 2853 1067 2922 Χριστῷ
1094 2853 1354 2923 στέφανον
1373 2855 1555 2926 δεσμῷ
1581 2857 1818 2926 συνάψας

251 2944 468 3012 εἰρήνης
487 2984 502 3004 ,
537 2941 614 3012 τῷ
647 2943 810 2996 αὑτοῦ
847 2945 1059 3015 Σωτῆρι
1088 2945 1186 3014 τῆς
1214 2949 1330 2999 κατ’
1360 2947 1569 3017 ἐχθρῶν
1596 2948 1687 2999 καὶ
1724 2965 1821 3000 πο-

249 3033 448 3104 λεμίων
478 3033 632 3105 νίκης
661 3033 958 3106 Θεοπρεπές
987 3036 1208 3107 ἀνετίθη
1241 3039 1616 3107 χαριστήριον,
1638 3037 1819 3090 εἰκόνα

250 3125 460 3196 χορείας
479 3127 841 3196 ἀποπολικῆς
861 3127 1060 3198 ταύτην
1081 3127 1203 3180 καθ’
1227 3129 1372 3197 ἡμᾶς
1395 3128 1816 3196 συστησάμενος.

263 3218 410 3270 Ἐπεὶ
455 3217 577 3270 κατ’
632 3219 873 3280 ἐκείνους
921 3217 1181 3287 συνῆχθαι
1223 3218 1408 3284 λόγος,
1458 3217 1566 3270 ἀπὸ
1619 3217 1818 3280 παντὸς
1846 3258 1886 3314 C

254 3308 430 3371 ἔθνους
473 3307 581 3360 τῶν
628 3307 733 3360 ὑπὸ
795 3307 886 3360 τὸν
925 3309 1150 3376 οὐρανὸν
1199 3308 1397 3378 ἄνδρας
1453 3307 1720 3373 εὐλαϐεῖς,
1761 3310 1818 3359 ἐν

235 3390 327 3458 ὀἷς
350 3396 646 3466 ἐτύγχανον
689 3398 902 3466 Πάρθοι
935 3399 1032 3450 καί
1083 3397 1274 3466 Μῆδοι
1321 3405 1416 3454 καὶ
1483 3401 1780 3468 Ἑλαμῖται
1805 3441 1818 3462 ,

254 3489 342 3540 καὶ
373 3490 427 3540 al
458 3487 885 3554 κατοικοῦντες
915 3490 1396 3558 Μεσοποταμίαν,
1435 3490 1726 3545 Ἰουδαίαν
1760 3510 1823 3546 τε

255 3578 345 3630 καὶ
395 3576 848 3640 Καππαδοκίαν,
895 3579 1125 3632 Πόντον
1167 3595 1233 3632 τε
1277 3579 1374 3634 καὶ
1417 3580 1530 3647 τὴν
1589 3581 1818 3647 Ἀσίαν,

256 3671 512 3740 ὠγυγίαν
554 3687 619 3724 τε
664 3669 762 3724 καὶ
803 3671 1182 3740 Παμφυλίαν.
1224 3671 1526 3740 Αἴγυπτον
1599 3673 1698 3726 καί
1751 3677 1824 3729 τὰ

249 3765 391 3828 μέρη
424 3761 536 3830 τῆς
574 3763 822 3830 Λιϐύης,
864 3760 973 3830 τῆς
1003 3762 1154 3815 κατὰ
1183 3761 1484 3832 Κυρήνην·
1519 3764 1576 3816 οἵ
1613 3781 1678 3818 τε
1707 3764 1824 3818 ἐπι-

255 3854 579 3922 δημοῦντες
611 3853 894 3923 Ῥωμαῖοι,
925 3843 1202 3908 Ἰουδαῑοῖ
1222 3871 1284 3907 τε
1303 3855 1400 3908 καὶ
1427 3857 1819 3924 προσήλυτοι,

255 3945 476 4012 Κρῆτες
497 3945 600 4000 καὶ
623 3946 886 4014 Ἀραϐες.
908 3946 1052 4017 Πλὴν
1075 3947 1195 3999 ὅσον
1217 3947 1442 4012 ἐκείνοις
1471 3949 1566 4018 μὲν
1587 3950 1820 4020 ὑστέρει,

254 4035 309 4086 τὸ
336 4037 410 4106 μὴ
446 4038 512 4090 ἐκ
539 4036 680 4090 Θεοῦ
715 4038 1042 4110 λειτουργῶν
1077 4040 1396 4092 συνεστάναι
1435 4041 1559 4102 τοὺς
1595 4041 1820 4102 πάντας

254 4128 342 4180 ἐπὶ
368 4127 424 4180 δὲ
448 4128 549 4198 τῆς
578 4129 858 4200 παρούσης
884 4130 1122 4200 χορείας,
1150 4130 1462 4183 ἐπισκόπων
1489 4131 1586 4198 μέν
1619 4130 1825 4200 πληθὺς

251 4221 580 4291 τριακοσίων
611 4221 841 4294 ἀριθμὸν
874 4223 1371 4292 ὑπερακοντίζουσα
1546 4221 1826 4289 ἑπομένων

251 4311 306 4364 δὲ
332 4312 542 4376 τούτοις
573 4313 954 4384 πρεσϐυτέρων
990 4315 1083 4366 καὶ
1127 4314 1404 4376 διακόνων,
1439 4312 1742 4366 ἀκολούθων
1767 4329 1824 4363 τε

254 4400 516 4454 πλείστων
549 4402 688 4455 ὅσων
717 4403 939 4472 ἐτέρων,
969 4403 1088 4455 οὐδὲ
1116 4399 1182 4473 ἦν
1213 4404 1462 4474 ἀριθμός.
1493 4403 1613 4454 Τῶν
1646 4402 1701 4454 δὲ
1732 4400 1825 4452 τοῦ

251 4492 382 4545 Θεοῦ
415 4493 750 4564 λειτουργῶν
787 4495 837 4547 οἱ
872 4496 969 4564 μὲν
1025 4495 1317 4564 διέπρεπον
1350 4494 1541 4561 cogam;
1575 4493 1736 4563 λόγῳ·
1777 4493 1827 4544 οί

254 4582 309 4636 δὲ
343 4583 458 4653 βίου
491 4586 841 4658 στερρότητι,
875 4587 969 4639 καὶ
1017 4587 1311 4658 καρτερίας
1365 4588 1630 4656 ὑπομονῇ·
1675 4585 1723 4637 οἱ
1769 4584 1824 4636 δὲ
1861 4605 1900 4656 D

253 4670 328 4741 τῷ
359 4672 509 4744 μέσῳ
533 4674 721 4745 τρόπῳ
748 4674 1202 4744 κατεκοσμοῦντο.
1239 4671 1419 4728 *Ησαν
1451 4675 1509 4726 δὲ
1551 4674 1753 4726 τούτων
1781 4675 1828 4726 οἱ

259 4763 355 4832 μὲν
391 4765 587 4834 χρόνου
648 4767 814 4836 μήκει
849 4767 1236 4837 τετιμημένον
1290 4767 1338 4818 οἱ
1379 4767 1436 4818 δὲ
1491 4766 1699 4833 νεότητι
1737 4766 1830 4818 καὶ

257 4853 428 4924 ψυχῆς
469 4858 621 4927 ἀκμῇ
651 4855 1062 4926 διαλάμποντεςο
1090 4859 1138 4910 οἱ
1177 4859 1233 4910 δὲ
1287 4859 1410 4928 ἄρτι
1473 4857 1831 4926 παρελθόντες

258 4948 344 4998 ἐπὶ
363 4947 454 5000 τὸν
476 4948 575 5018 τῆς
597 4947 936 5018 λειτουργίας
958 4949 1170 5021 δρόμον.
1195 4945 1288 5012 Οἷς
1319 4949 1382 5018 δὴ
1423 4950 1555 5002 πᾶσι
1581 4949 1830 5018 βασιλεὺς

257 5037 339 5104 ἐφ’
371 5037 610 5107 ἑκάστης
639 5039 850 5108 ἡμέρας
889 5040 956 5092 τὰ
985 5041 1268 5109 σιτηρέσια
1309 5038 1542 5108 δαψιλῶς,
1579 5043 1828 5110 χορηγεί-

259 5126 377 5180 σθαι
401 5128 704 5193 διετάξατο.
733 5131 843 5184 Καὶ
873 5132 1096 5185 τοιαῦτα
1129 5132 1224 5200 μὲν
1259 5148 1324 5182 πε
1337 5132 1386 5200 ρὶ
1416 5129 1523 5182 τῶν
1557 5130 1672 5182 ἐκεῖ
1705 5145 1826 5182 συν-

257 5216 514 5272 ελθόντων
571 5220 830 5284 Εὐσέϐιος
867 5221 998 5291 (59).
1052 5219 1398 5282 Ἐπιτελέσας
1426 5220 1483 5272 δὲ
1511 5220 1539 5270 ὁ
1581 5217 1831 5288 βασιλεὺς

257 5309 516 5363 ἐπινίκιον
545 5313 688 5365 κατὰ
731 5313 1001 5367 Λικιννίου
1036 5313 1246 5384 ἐορτὴν,
1292 5312 1508 5380 ἀπήντα
1548 5308 1642 5364 καὶ
1673 5308 1831 5371 αὐτὸς

329 5466 371 5499 ⁸⁸
395 5466 516 5524 Act.
547 5483 607 5534 ιι,
631 5465 726 5522 9-1
743 5466 788 5522 I.

1919 693 1988 747 Iis
2005 693 2302 750 Ecclesiam
2328 699 2546 754 concuti
2580 699 2814 764 videret,
2839 699 3203 754 universalem
3231 700 3498 770 synodum

1922 785 2286 853 congregavit,
2314 801 2506 842 omnes
2533 787 2894 857 undequaque
2917 787 3204 858 episcopos
3229 804 3326 858 per
3348 789 3497 843 litte-

1919 885 2013 924 ras
2031 871 2286 933 invitans,
2307 884 2368 929 ut
2386 877 2614 931 Nicaeam
2635 877 2898 948 Bithynia:
2914 880 3290 931 convenirent.
3307 878 3500 932 Proin-

1919 961 1986 1016 de
2011 978 2077 1016 ex
2102 965 2265 1018 variis
2278 968 2577 1034 provinciis
2599 984 2663 1022 ac
2683 968 3002 1022 civitatibus
3024 967 3178 1021 multi
3204 968 3501 1022 adfuerunt

1921 1055 2254 1124 cpiscopi,de
2268 1058 2466 1126 quibus
2479 1059 2749 1114 Eusebius
2767 1060 3032 1129 Pamphili
3051 1060 3103 1113 in
3128 1061 3289 1114 tertio
3300 1061 3367 1114 de
3378 1061 3499 1116 Vita

1918 1142 2261 1198 Constantini
2286 1146 2428 1200 libro
2452 1147 2567 1200 hmc
2590 1147 2657 1200 ad
2689 1149 2918 1202 verbum
2950 1148 3143 1202 scribit
3171 1149 3281 1202 :Ex
3318 1149 3498 1202 omni—

1919 1230 2022 1288 bus
2041 1235 2293 1288 ecclesiis
2318 1250 2439 1304 qua:
2469 1235 2780 1289 universam
2820 1221 3116 1305 Europam,
3151 1237 3392 1290 Africam
3418 1244 3501 1290 at-

1919 1337 2025 1390 que
2038 1322 2220 1378 Asiam
2242 1324 2666 1394 impleverant,ii
2684 1326 2776 1394 qui
2793 1325 2934 1379 inter
2950 1327 3046 1379 Dei
3069 1327 3351 1381 ministros
3366 1327 3502 1382 emi-

1921 1413 2148 1477 nebant,
2163 1414 2325 1468 simul
2351 1431 2678 1470 convenere.
2702 1415 2926 1486 Unaquc
2959 1417 3104 1470 mdes
3129 1432 3303 1480 sacra,
3324 1416 3499 1471 veluti
3577 1457 3587 1464 .

1921 1503 2014 1556 Dei
2040 1512 2176 1557 nutu
2202 1504 2446 1570 dilatata,
2475 1505 2640 1576 Syros
2679 1505 2843 1560 simul
2873 1515 2930 1560 et
2949 1505 3173 1570 Cilices,
3200 1506 3494 1561 Pbuznices

1924 1593 2028 1662 l9
2068 1602 2122 1648 et
2162 1595 2386 1658 Arabes,
2419 1604 2475 1650 et
2513 1596 2848 1660 Palaestinos,
2891 1595 3172 1667 [Egyptios
3207 1603 3496 1666 praeterea,

1920 1682 2184 1738 Thebazos
2205 1700 2268 1738 ac
2285 1683 2501 1755 Libyas,
2525 1685 2768 1755 aliosque
2810 1701 2875 1739 ex
2897 1685 3284 1754 Mesopotamia
3319 1684 3502 1753 prole-

1920 1784 2038 1830 ctos
2064 1776 2272 1830 ambitu
2297 1792 2398 1830 suo
2421 1777 2705 1846 complexa
2727 1785 2830 1831 est.
2845 1776 3074 1843 Quidam
3093 1777 3256 1830 etiam
3282 1791 3349 1829 ex
3372 1776 3502 1830 Per-

1919 1869 2036 1924 side
2075 1869 2365 1939 episcopus
2383 1870 2616 1924 concilio
2653 1869 2920 1924 interluit.
2948 1871 3024 1924 Ac
3041 1885 3110 1924 ne
3135 1869 3336 1941 Scytha
3376 1869 3500 1940 qui-

1851 1931 1892 1989 B
1921 1961 2044 2014 dem
2059 1959 2404 2016 desideratus
2420 1969 2504 2015 est
2527 1961 2582 2015 in
2611 1961 2714 2016 hoc
2735 1961 2927 2016 choro.
2953 1962 3160 2016 Pontus
3179 1931 3502 2024 itcm,Cala-

1920 2052 2015 2114 tia,
2031 2052 2348 2130 Pamphylia
2365 2060 2420 2105 et
2433 2051 2795 2121 Cappadocia,
2814 2052 2938 2106 Asia
2953 2067 3169 2121 quoque
3189 2059 3245 2105 et
3267 2051 3498 2122 Phrygia

1917 2136 2276 2191 lectissimum
2313 2153 2586 2206 quemque
2637 2155 2703 2191 ex
2741 2140 2854 2193 suis
2900 2139 3204 2209 praebuere.
3256 2139 3500 2194 Thraces

1919 2237 2181 2298 praeterea
2213 2244 2278 2284 ac
2319 2229 2662 2293 Macedones,
2688 2229 2881 2283 Achivi
2922 2237 2979 2283 et
3017 2229 3274 2299 Epirota),
3301 2238 3357 2284 et
3401 2231 3498 2299 qui

1919 2319 2236 2388 longissimo
2259 2320 2404 2373 ultra
2432 2319 2533 2375 hos
2578 2320 2864 2374 intervallo
2901 2321 3065 2390 positi
3111 2326 3257 2384 sunt,
3288 2321 3497 2374 nihilo-

1919 2411 2101 2463 minus
2135 2411 2384 2465 adfuere.
2415 2410 2498 2464 Ab
2542 2410 2657 2479 ipsa
2697 2425 2916 2479 quoque
2967 2409 3227 2478 Hispania
3271 2411 3356 2464 vir
3400 2411 3496 2480 ille

1920 2503 2091 2554 multo
2115 2503 2358 2556 omnium
2397 2517 2655 2556 sermone
2708 2502 3020 2556 celebratus
3048 2517 3153 2554 una
3197 2516 3320 2554 cum
3365 2501 3497 2555 reli-

1918 2593 2042 2660 quis
2065 2593 2184 2645 aliis
2206 2593 2472 2648 consedit.
2513 2593 2715 2646 Aberat
2738 2592 2959 2661 quidem
2988 2591 3150 2660 regia:
3199 2590 3354 2645 urbis
3403 2607 3500 2644 an-

1921 2681 2074 2734 tistes
2102 2699 2113 2732 :
2155 2681 2251 2735 sed
2271 2689 2478 2750 prsesto
2519 2689 2677 2735 erant
2701 2681 3026 2752 presbyteri,
3053 2679 3147 2750 qui
3193 2680 3342 2735 vices
3383 2681 3503 2750 ejus

1921 2771 2230 2840 implerent.
2269 2771 2592 2842 Iiujusmodi
2620 2787 2878 2826 coronam
2921 2771 3072 2841 pacis
3104 2771 3326 2825 vinculo
3372 2787 3502 2826 con-

1919 2871 2119 2914 sertam
2145 2870 2200 2915 et
2234 2877 2556 2925 connexam,
2585 2863 2735 2916 solus
2772 2863 2842 2916 ab
2867 2861 3014 2916 omni
3039 2877 3155 2917 aevo
3199 2863 3501 2933 imperator

1918 2951 2330 3014 Constantinus,
2356 2951 2507 3004 velut
2530 2950 2778 3004 divinum
2803 2951 2942 3019 grati
2966 2952 3134 3004 animi
3175 2967 3501 3006 monumen-

1922 3050 2036 3093 tum
2065 3055 2163 3110 pro
2187 3041 2434 3094 vietoriis
2457 3055 2593 3108 quas
2615 3040 2682 3093 de
2720 3041 2973 3094 hostibus
2998 3049 3054 3094 et
3077 3041 3316 3095 inimicis
3341 3050 3498 3095 retu-

1920 3135 2078 3198 lerat,
2107 3134 2328 3189 Christo
2353 3132 2629 3188 Servatori
2657 3149 2758 3187 suo
2799 3133 3106 3197 dedicavit;
3135 3133 3240 3187 hoc
3275 3134 3500 3202 amplis-

1921 3229 2060 3281 simo
2104 3235 2282 3290 cmtu,
2335 3234 2591 3294 tanquam
2642 3224 2877 3294 imagine
2927 3222 3162 3292 quadam
3207 3224 3494 3293 apostolici

1922 3319 2098 3382 chori,
2127 3317 2332 3371 nostris
2374 3315 2714 3384 temporibus
2761 3322 3080 3368 convocato.
3111 3313 3396 3382 Siquidem
3443 3321 3501 3369 ct

1920 3409 2290 3479 apostolorum
2335 3406 2707 3477 temporibus,
2733 3404 2836 3458 viri
2871 3403 3112 3474 religiosi
3135 3419 3203 3457 ex
3235 3403 3384 3458 omni
3408 3419 3504 3458 na-

1925 3501 2072 3555 tione
2098 3516 2218 3569 qua:
2241 3498 2344 3553 sub
2367 3499 2507 3552 coelo
2533 3505 2635 3559 est,
2675 3496 2731 3550 in
2755 3510 2926 3549 unum
2952 3494 3273 3548 convenisse
3301 3494 3500 3549 dicun-

1923 3602 2032 3646 tur.
2056 3591 2204 3644 Inter
2236 3605 2375 3659 quos
2401 3597 2559 3642 erant
2591 3586 2800 3651 Parthi,
2827 3586 2986 3649 Medi,
3026 3584 3297 3648 Elamitw,
3327 3595 3374 3639 et
3415 3588 3504 3657 qui

1922 3684 2166 3736 habitant
2210 3681 2667 3751 Mesopotamiam,
2703 3678 2947 3733 Judwam
2992 3686 3040 3732 et
3088 3677 3502 3749 Cappadociam,

1922 3769 2171 3832 Pontum,
2196 3771 2376 3824 Asiam
2401 3780 2448 3822 et
2474 3769 2760 3839 Phrygiam
2812 3785 2874 3821 ac
2905 3767 3310 3838 Pamphyliam,
3336 3765 3504 3838 Αἰθυ-

1922 3871 2070 3932 ptum
2098 3871 2144 3914 et
2161 3871 2336 3931 partes
2363 3860 2536 3930 Libya:
2558 3875 2674 3929 qua:
2698 3867 2773 3911 est
2789 3859 2949 3928 juxta.
2974 3856 3229 3927 Cyrcnem
3255 3859 3506 3912 :advcnaz

1923 3969 2126 4022 quoque
2172 3952 2419 4013 Romani,
2461 3951 2634 4004 Judari
2680 3959 2728 4003 et
2795 3949 3078 4020 prosclyti,
3125 3948 3396 4004 Cretenses
3457 3960 3504 4003 et

1923 4043 2119 4096 Arabes
2149 4043 2209 4096 “.
2271 4042 2476 4096 Verum
2519 4041 2662 4110 apud
2721 4041 2857 4094 istos
2907 4039 3129 4108 quidem
3177 4041 3281 4094 hoc
3324 4042 3506 4096 minus

1922 4135 2046 4198 fuit,
2075 4135 2220 4203 quod
2247 4150 2353 4187 non
2394 4148 2584 4185 omnes
2608 4139 2766 4185 erant
2791 4131 2888 4184 Dei
2915 4130 3149 4183 ministri
3177 4131 3268 4199 qui
3310 4147 3506 4184 conve—

1908 4233 2137 4278 nerant.
2168 4223 2227 4276 In
2279 4221 2532 4290 praesenti
2573 4229 2754 4274 autem
2779 4219 2950 4274 choro
2991 4218 3233 4288 episcopi
3279 4219 3500 4288 quidem

1926 4313 2152 4368 trecenti
2181 4320 2236 4364 et
2258 4311 2492 4380 amplius
2517 4311 2832 4374 all‘uerunt,
2884 4309 3343 4378 presbyterorum
3374 4326 3505 4365 vero

1923 4405 2134 4474 quieos
2175 4403 2417 4457 comitati
2465 4409 2612 4466 sunt,
2661 4401 3049 4463 diaeonorum,
3095 4401 3502 4466 acoluthornm,

1926 4497 2268 4565 aliorumque
2293 4495 2661 4564 complurium
2703 4509 2964 4547 numerus
2992 4493 3119 4546 iniri
3167 4492 3253 4544 vix
3299 4501 3500 4561 potest.

1926 4586 2096 4640 Porro
2120 4602 2186 4639 ex
2224 4585 2310 4638 his
2345 4584 2436 4638 Dei
2465 4583 2732 4637 ministris
2787 4584 2880 4638 alii
2925 4597 3176 4637 sermone
3203 4583 3502 4650 sapicntim,

1928 4677 2018 4732 alii
2043 4677 2307 4746 gravitate
2355 4675 2478 4729 vitaz
2501 4685 2556 4730 et
2581 4676 2828 4728 laborum
2851 4676 3136 4729 tolerantia
3155 4675 3500 4740 eminebant;

1926 4769 2019 4823 alii
2047 4769 2316 4823 modestia
2359 4776 2415 4821 et
2458 4767 2714 4821 comitate
2762 4779 2976 4823 morum
3017 4777 3173 4822 erant
3216 4766 3504 4830 ornati,ac

1927 4859 2174 4913 nonnulli
2219 4858 2442 4926 quidem
2513 4872 2704 4910 eorum
2770 4855 2841 4908 ob
2910 4865 3223 4925 provectam
3283 4863 3502 4909 tetatcm

1927 4949 2163 5003 maximo
2189 4950 2242 5002 in
2277 4949 2486 5003 honore
2517 4955 2714 5001 erant:
2759 4947 3007 5000 nonnulli
3052 4956 3108 5000 et
3157 4946 3404 5015 corporis
3447 4953 3505 4998 et

1929 5038 2096 5090 animi
2117 5037 2351 5108 juvenili
2381 5038 2563 5106 vigore
2586 5035 2903 5100 enitebant;
2940 5035 3163 5104 quidam
3195 5051 3386 5090 recens
3411 5035 3502 5088 ad-

1927 5129 2152 5182 modum
2182 5128 2476 5183 ministerii
2505 5129 2589 5180 sui
2627 5129 2862 5182 stadium
2905 5136 3064 5180 erant
3095 5127 3343 5198 ingrcssi.
3369 5126 3501 5192 Qui~

1928 5219 2032 5273 bus
2055 5221 2310 5273 omnibus
2336 5219 2581 5289 quotidie
2607 5236 2849 5271 annonas
2887 5219 3106 5286 copiose
3135 5219 3363 5287 praeberi
3407 5217 3503 5270 im-

1929 5319 2150 5379 perator
2175 5311 2548 5365 mandaverat.
2575 5309 2654 5364 Ac
2687 5309 2754 5364 de
2780 5310 2866 5363 his
2892 5309 3113 5378 quidem
3137 5310 3230 5378 qui
3255 5324 3322 5364 eo
3369 5324 3498 5363 con-

1457 5625 1728 5680 VALESII
1766 5623 2315 5680 ANNOTATIONES.

323 5721 430 5794 (59)
462 5721 602 5790 Περὶ
631 5721 755 5774 τῶν
782 5721 908 5794 ἐκεῖ
923 5723 1343 5774 συνελθόντων
1373 5723 1675 5794 μσς.
1713 5720 1826 5794 Hoc

257 5791 368 5847 loco
395 5791 609 5863 aliquot
646 5791 862 5846 voculis
893 5794 1116 5863 auctior
1171 5802 1253 5846 est
1291 5792 1458 5844 codex
1492 5792 1694 5863 Allatii.
1734 5791 1823 5863 Sic

256 5863 392 5917 enim
447 5861 640 5927 habet,
679 5864 810 5932 περὶ
849 5861 953 5916 τῶν
985 5863 1100 5915 ἐκεῖ
1148 5863 1322 5915 συνελ.
1359 5863 1386 5912 6
1420 5862 1704 5931 Παμφίλου
1740 5861 1818 5912 δι-

1934 5719 2154 5788 εξῆλθεν
2176 5719 2444 5782 Εὐσέϐιος.
2477 5717 2633 5783 Quod
2670 5718 2889 5788 quidem
2938 5717 3193 5785 majorem
3222 5714 3382 5768 habet
3409 5714 3502 5786 ἐμ.-

1933 5807 2112 5856 φασιν.
