4050 6348
518 479 593 537 63
1980 491 2102 550 SOC

2207 494 2317 550 TIS
3715 507 3787 563 64

524 622 744 672 venere,
769 607 1044 664 Eusebius
1078 609 1152 664 ita
1176 608 1388 665 scribit.
1416 609 1724 681 Imperator
1768 627 1925 679 vero,
1971 628 2097 669 cum

2204 617 2281 681 είς
2300 614 2399 690 τὴν
2415 616 2670 673 Νίκαιαν.
2700 619 3003 693 Διέπρεπον
3025 621 3079 676 δὲ
3103 621 3160 674 ἐν
3185 622 3300 685 τοῖς
3323 621 3642 688 ἐπισκόποις
3680 624 3790 677 Πα-

521 694 594 749 ob
630 695 914 750 victoriam
952 697 1021 751 de
1058 697 1271 753 Licinio
1310 705 1521 769 partam
1548 699 1909 771 triumphales
1940 701 2099 758 ludos

522 784 809 848 edidisset,
837 786 953 856 ipse
978 802 1197 856 quoque
1234 789 1470 843 Nicaeam
1509 792 1774 860 perrexit.
1797 791 1971 846 Erant
2013 792 2100 847 in-

520 884 609 929 ter
649 875 942 945 episcopos
988 875 1100 930 duo
1148 877 1376 946 quidam
1438 880 1790 937 celeberrimi
1836 883 2100 947 nominis,

522 964 865 1035 Paphnutius
886 981 953 1020 ex
980 968 1267 1036 superiore
1291 969 1595 1037 Thebaide,
1622 981 1680 1027 et
1703 972 1979 1045 Spyridon
2000 972 2105 1045 Cy-

524 1059 694 1127 prius.
720 1055 1090 1123 Quamobrem
1134 1075 1266 1114 vero
1310 1061 1544 1117 istorum
1587 1067 1924 1122 mentionem
1951 1066 2100 1121 fece-

525 1147 646 1213 rim,
672 1149 850 1204 dicam
881 1151 1047 1221 paulo
1090 1161 1233 1222 post.
1281 1154 1528 1210 Aderant
1571 1158 1740 1213 etiam
1785 1160 2101 1230 complures

523 1238 671 1305 laici,
699 1239 1003 1297 dialecticae
1026 1243 1163 1298 artis
1187 1246 1375 1314 periti,
1401 1262 1515 1303 suae
1537 1251 1710 1320 partis
1730 1252 2097 1321 patrocinium

472 1344 475 1347 ·
522 1329 698 1398 parati
738 1331 1039 1402 suscipere.
1066 1333 1341 1391 Caeterum
1378 1337 1497 1393 Arii
1521 1340 1838 1410 opinionem
1866 1344 2100 1398 tueban-

522 1423 613 1471 tur
636 1426 750 1473 tum
774 1420 1045 1478 Eusebius
1070 1424 1527 1494 Nicomediensis,
1555 1437 1616 1484 ut
1638 1438 1799 1486 antea
1820 1432 1954 1500 dixi,
1983 1442 2098 1489 tum

521 1503 796 1578 Theognis
819 1520 874 1565 et
900 1512 1062 1568 Maris
1089 1532 1101 1567 :
1142 1531 1378 1585 quorum
1404 1519 1494 1574 ille
1518 1521 1741 1590 quidem
1770 1523 1981 1591 Nicaea},
2012 1526 2103 1581 hic

519 1593 885 1655 Chalcedonis
925 1602 981 1658 in
1025 1604 1280 1677 Bithynia
1322 1617 1445 1663 erat
1482 1613 1793 1683 episcopus.
1823 1615 2102 1673 Adversus

520 1686 658 1744 istos
678 1689 1012 1751 Athanasius
1056 1698 1277 1755 fortiter
1323 1700 1642 1769 dimicabat,
1678 1706 1772 1776 qui
1798 1715 1927 1763 tunc
1971 1710 2100 1780 qui-

522 1780 648 1835 dem
705 1784 1088 1843 Alexandriiue
1134 1790 1394 1848 Ecclesiae
1461 1793 1731 1852 diaconus
1801 1799 2096 1857 militabat.

2201 705 2452 776 φνούτιός
2481 725 2539 761 τε
2568 710 2597 763 6
2622 711 2688 763 ἐκ
2711 709 2811 781 τῆς
2847 711 2958 766 ἄνω
2991 710 3279 783 Θηϐαΐδος,
3310 712 3404 766 καὶ
3440 713 3787 786 Σπυρίδων-ὁ

2201 796 2266 849 ἐκ
2313 795 2562 869 Κύπρου.
2604 796 2771 853 Ὀτου
2815 800 2976 871 χάριν
3021 802 3079 855 δὲ
3117 801 3324 857 τούτων
3368 802 3785 874 ἐμνημονεύσα-

2203 904 2301 956 μεν
2337 887 2472 959 (40),
2511 888 2649 961 μετά
2696 890 2869 945 ταῦτα
2914 892 3043 964 ἐρῶ.
3075 894 3452 966 Συμπαρῆσαν
3501 896 3558 951 δὲ
3608 895 3787 951 λαϊκοὶ

2202 977 2386 1031 πολλοὶ
2413 978 2761 1051 διαλεκτικῆς
2792 981 3068 1054 ἔμπειροι,
3115 985 3174 1037 ἐν
3203 984 3450 1057 ἐκατέρῳ
3477 986 3632 1057 μέρει
3663 1004 3789 1041 συν-

2200 1073 2421 1141 ηγορεῖν
2443 1072 2903 1144 προθυμούμενοι.
2946 1074 3110 1128 Ἀλλά
3131 1074 3229 1147 τὴν
3260 1075 3358 1147 μὲν
3394 1077 3605 1148 Ἀρείου
3628 1077 3788 1144 δόξαν

2203 1164 2559 1235 συνεκρότουν
2608 1165 2866 1231 Εὑσέϐιός
2907 1183 2966 1219 τε
3016 1166 3399 1238 Νικομηδεὺς,
3438 1169 3514 1234 ὥς
3568 1188 3659 1241 μοι
3693 1172 3789 1225 καὶ

2203 1255 2467 1326 πρότερον
2500 1256 2737 1330 εἴρηται,
2766 1258 2861 1312 καὶ
2890 1257 3134 1327 Θέογνις,
3164 1260 3257 1312 καὶ
3287 1260 3491 1330 Μάρις·
3520 1255 3595 1314 ὧν
3623 1263 3653 1315 6
3689 1262 3790 1332 μὲν

2202 1346 2437 1410 Νικαίας
2456 1347 2753 1411 ἐπίσκοπος
2776 1343 2867 1418 ῆν,
2888 1348 3073 1420 Μάρις
3097 1347 3152 1401 δὲ
3176 1351 3275 1419 τῆς
3317 1350 3375 1402 ἐν
3409 1350 3629 1422 Βιθυνίᾳ
3654 1352 3792 1404 Χαλο
3858 1358 3859 1361 “

2203 1437 2445 1508 κἠδόνος⁹
2476 1437 2687 1504 τούτοις
2731 1438 2788 1493 δὲ
2823 1441 3092 1508 γενναίως
3125 1440 3523 1511 ἀντηγωνίζετο
3563 1443 3789 1500 Ἀθανά-

2205 1542 2319 1590 σιος
2340 1565 2357 1589 ,
2404 1525 2651 1593 διάκονος
2695 1528 2796 1599 μὲν
2827 1529 2928 1600 τῆς
2988 1529 3382 1601 Ἀλεξανδρέων
3437 1531 3786 1603 Ἐκκλησίας.

2205 1618 2416 1690 Σφόδρα
2445 1619 2501 1673 δὲ
2547 1619 2711 1674 αὐτὸν
2741 1619 2830 1673 διὰ
2855 1620 3020 1692 τιμῆς
3049 1616 3185 1693 ἦγεν
3223 1621 3575 1695 Ἀλέξανδρος
3595 1626 3624 1677 ὁ
3665 1624 3789 1677 ἐπί-

2206 1725 2427 1772 σκοπος
2456 1708 2540 1762 διδ
2584 1711 2680 1764 καὶ
2731 1710 2923 1781 φθόνος
2969 1711 3248 1766 ὡπλίσατο
3298 1713 3419 1767 κατ’
3462 1713 3662 1780 αὐτοῦ,
3713 1715 3791 1779 ὡς

2206 1799 2431 1872 ὕστερον
2469 1801 2713 1872 λέξομεν.
2756 1803 2969 1873 Μικρὸν
2997 1799 3091 1858 οὖν
3122 1804 3229 1877 πρὸ
3263 1806 3362 1876 τῆς
3395 1807 3475 1869 είς
3500 1806 3596 1860 ἕνα
3626 1806 3791 1861 τόπον

520 1872 797 1929 Caeterum
834 1894 1032 1949 magno
1073 1882 1127 1935 in
1151 1883 1361 1940 honore
1385 1887 1531 1955 apud
1564 1888 1937 1946 Alexandrum
1979 1904 2102 1949 erat

2208 1891 2570 1956 συνελεύσεως
2589 1893 2698 1947 τῶν
2719 1894 3056 1958 ἐπισκόπων,
3079 1895 3129 1949 οἱ
3148 1895 3478 1951 διαλεκτικοὶ
3507 1898 3642 1968 πρὸς
3662 1900 3791 1961 τοὺς

519 1966 879 2039 episcopum:
918 1973 1027 2042 2ο
1063 1974 1207 2030 unde
1231 1977 1400 2031 etiam
1449 1979 1677 2037 invidia:
1720 1982 1865 2038 livor
1912 1995 2102 2041 contra

2208 1982 2433 2047 πολλοὺς
2467 1984 2794 2054 προαγῶνας
2836 1984 3118 2039 ἐποιοῦντο
3145 1986 3253 2039 τῶν
3294 1986 3489 2055 λόγων.
3536 1959 3793 2059 Ἕλκομέλ

519 2074 647 2114 eum
683 2064 909 2129 exarsit,
950 2066 1094 2122 sicut
1136 2077 1325 2137 postea
1375 2072 1630 2129 dicturus
1678 2091 1822 2130 sum.
1872 2077 2103 2133 Interim

519 2166 673 2216 vero,
697 2154 862 2222 paulo
885 2162 1180 2228 antequam
1222 2160 1278 2214 in
1325 2178 1495 2217 unum
1520 2163 1703 2218 locum
1746 2168 2106 2223 convenirent

519 2241 788 2312 episcopi,
816 2243 1093 2301 dialectici
1120 2249 1454 2318 quibusdam
1483 2269 1805 2309 sermonum
1827 2257 2104 2326 prolusio-

520 2331 687 2387 nibus
712 2342 903 2391 contra
927 2340 1226 2396 nonnullos
1250 2343 1564 2411 velitantes,
1590 2362 1713 2402 sese
1751 2350 2100 2405 exercebant.

520 2421 767 2494 Cumque
789 2429 948 2483 multi
971 2431 1269 2488 verborum
1295 2437 1562 2491 suavitate
1601 2437 1975 2506 allicerentur,
2000 2440 2105 2494 lai-

520 2529 620 2569 cus
644 2515 869 2585 quidam
897 2534 965 2573 ex
990 2523 1370 2578 conlcssorum
1395 2542 1650 2591 numero,
1689 2535 1845 2583 recto
1870 2544 1935 2584 ac
1977 2529 2108 2584 sim-

519 2615 937 2685 plicipra‘ditus
963 2630 1150 2679 sensu,
1196 2631 1323 2670 cum
1372 2617 1682 2674 dialecticis
1724 2621 2102 2692 congreditur,

520 2704 717 2774 hisque
744 2705 866 2760 illos
894 2705 1081 2760 verbis
1124 2708 1476 2777 compellavit
1515 2728 1528 2763 :
1573 2709 1827 2769 Christus
1870 2721 1927 2769 et
1968 2730 2104 2783 apo-

520 2796 647 2850 stoli
664 2811 772 2851 non
789 2804 963 2851 artem
985 2797 1148 2853 nobis
1167 2798 1532 2867 dialecticam,
1556 2818 1660 2858 nec
1681 2802 1901 2859 inanem
1916 2820 2107 2860 versu-

524 2886 655 2941 tiam
681 2887 1052 2954 tradiderunt,
1079 2887 1175 2944 sed
1216 2898 1464 2961 apertam
1511 2908 1578 2949 ac
1622 2894 1931 2965 simplicem
1975 2912 2104 2952 sen-

522 2981 790 3047 tentiam,
839 2996 963 3050 qua:
1017 2980 1124 3037 fide
1172 2982 1445 3054 bonisque
1492 2985 1711 3041 actibus
1767 2987 2100 3043 custoditur.

519 3072 650 3139 Quae
685 3089 810 3128 cum
837 3071 1087 3139 dixisset,
1113 3089 1304 3131 omnes
1328 3075 1424 3145 qui
1450 3076 1700 3144 aderant,
1741 3078 2105 3135 admiratione

520 3164 782 3234 perculsi,
817 3164 869 3220 ei
917 3175 1318 3233 assenserunt;
1364 3167 1641 3223 dialectici
1691 3186 1825 3226 vero
1869 3171 2105 3242 simplici

519 3271 775 3311 sermone
809 3255 1062 3312 veritatis
1100 3257 1313 3324 audito,
1358 3258 1591 3327 posthac
1633 3261 1876 3330 aequiore
1920 3263 2106 3318 animo

519 3348 916 3417 conquievere.
942 3348 1003 3403 ln
1044 3348 1195 3403 hunc
1224 3349 1450 3403 modum
1491 3351 1760 3407 tumultus
1802 3354 1893 3408 ille
1939 3369 2102 3424 quem

519 3439 809 3495 dialectica
865 3442 1271 3506 concitaverat,
1324 3442 1546 3512 penitus
1588 3459 1938 3514 compressus
1998 3454 2100 3500 est.

521 3530 749 3585 Postero
779 3531 867 3585 die
895 3532 1139 3602 episcopi
1165 3547 1357 3586 omnes
1383 3549 1556 3587 unum
1598 3535 1652 3589 in
1677 3537 1861 3590 locum
1899 3552 2103 3591 convc-

520 3621 700 3678 niunt.
750 3623 883 3677 Post
930 3622 1054 3678 illos
1100 3623 1323 3679 advenit
1388 3625 1560 3679 etiam
1610 3625 1931 3695 imperator.
1998 3626 2104 3692 Qui

521 3723 812 3784 postquam
836 3714 1119 3784 ingressus
1153 3724 1259 3781 est,
1289 3717 1444 3771 stetit
1471 3717 1525 3771 in
1552 3717 1736 3773 medio
1763 3735 1776 3772 :
1825 3734 1926 3773 nec
1952 3719 2105 3790 prius

520 3804 715 3861 sedere
741 3804 1026 3869 sustinuit,
1060 3820 1222 3874 quam
1249 3807 1494 3877 episcopi
1539 3808 1592 3862 id
1630 3816 1769 3862 nutu
1803 3810 2106 3880 signiﬁcas-

521 3904 662 3949 sent.
702 3897 875 3951 Tanta
902 3897 1026 3952 illos
1068 3896 1418 3953 observantia
1463 3913 1528 3952 ac
1570 3901 1880 3954 reverentia
1928 3901 2102 3970 impc-

520 3993 673 4041 rator
694 3987 1151 4057 prosequebatur.
1178 3974 1346 4043 Facto
1380 3989 1604 4056 deinde,
1630 3999 1692 4045 ut
1726 4008 1826 4061 par
1851 4001 1990 4055 erat,
2031 3993 2105 4048 si-

522 4065 713 4142 lentio,
740 4080 1043 4150 imperator
1069 4096 1137 4135 ex
1177 4081 1311 4135 sella
1355 4081 1526 4135 verba
1570 4082 1752 4136 facere
1798 4085 1985 4153 CCBpit,
2032 4085 2099 4139 ad

520 4188 852 4228 consensum
908 4189 1005 4229 eos
1051 4175 1351 4231 exhortans
1400 4184 1566 4245 atque
1612 4178 2002 4245 concordiam;
2048 4188 2105 4235 et

518 4263 762 4332 privatas
786 4263 1010 4333 quidem
1034 4265 1344 4320 simultates
1386 4273 1449 4320 ut
1492 4266 1689 4338 singuli
1739 4266 2101 4337 deponerent,

516 4352 823 4409 admonuit.
846 4352 1058 4424 Quippe
1082 4355 1395 4426 complures
1433 4372 1625 4411 eorum
1650 4373 1771 4413 sese
1796 4366 1986 4412 mutuo
2008 4375 2102 4415 ac-

516 4445 826 4499 cusabant:
862 4447 1111 4501 nonnulli
1141 4448 1307 4503 etiam
1341 4448 1520 4519 pridie
1566 4450 1688 4521 ejus
1732 4450 1842 4506 diei
1890 4450 2103 4507 libellos

2206 2093 2312 2127 νων
2338 2074 2395 2128 δὲ
2418 2075 2628 2129 πολλῶν
2658 2076 2793 2147 πρὸς
2811 2077 2870 2129 τὸ
2898 2076 2992 2130 τοῦ
3016 2077 3175 2146 λόγου
3205 2078 3456 2148 τερπνὸν,
3482 2073 3563 2141 εἷς
3583 2096 3664 2141 τις
3681 2077 3791 2131 τῶν

2204 2165 2551 2236 ὁμολογητῶν
2579 2166 2764 2231 λαῖκὺς
2783 2209 2797 2233 ,
2829 2168 3086 2239 ἀκέραιον
3127 2168 3266 2240 ἔχων
3295 2169 3355 2225 τὸ
3385 2171 3668 2241 φρόνημα,
3698 2171 3792 2223 ἀν-

2202 2256 2447 2310 τιπίπτει
2489 2260 2600 2321 τοῖς
2633 2257 3024 2323 διαλεκτικοῖς,
3059 2260 3155 2314 καί
3199 2277 3332 2332 φησι
3375 2259 3513 2330 πρὸ-ς
3560 2258 3786 2324 αὐτούς’

2204 2348 2282 2413 ὡς
2308 2349 2416 2421 ἄρα
2442 2351 2470 2403 ὁ
2502 2348 2757 2419 Χριστὸς,
2785 2352 2879 2405 καὶ
2915 2353 2984 2404 οῖ’
3009 2351 3296 2406 ἀπόστολοι
3340 2352 3401 2405 ού
3446 2352 3791 2425 διαλεκτικὴν

2204 2442 2336 2511 ἡμῖν
2382 2441 2688 2512 παρέδοσαν
2724 2443 2952 2514 τέχνην,
2995 2442 3116 2497 οὐδὲ
3164 2443 3327 2516 κενὴν
3369 2445 3607 2516 ἀπάτην,
3654 2444 3790 2500 ἀλλά

2204 2532 2420 2604 γυμνὴν
2458 2533 2683 2603 γνώμην
2747 2535 2884 2602 (Ml,
2919 2534 3099 2589 πίστει
3131 2537 3225 2590 καὶ⁵
3254 2536 3439 2600 καλοῖς
3474 2536 3655 2608 ἔργοις
3690 2553 3790 2604 φυ-

2205 2622 2557 2695 λαττομένην.
2582 2623 2767 2677 Ταῦτα
2795 2624 3062 2691 εἰπόντος,
3091 2626 3142 2680 οἱ
3165 2627 3264 2698 μὲν
3295 2626 3562 2698 παρόντες
3587 2626 3788 2689 πάντες

2204 2714 2522 2785 ἐθαύμασαν
2564 2714 2656 2769 καὶ
2694 2715 3042 2782 ἀπεδέξαντο·
3071 2721 3119 2771 οί
3148 2717 3204 2771 δὲ
3231 2717 3561 2772 διαλεκτικοὶ
3588 2718 3791 2786 εὐγνω-

2209 2805 2532 2877 μονέστερον
2582 2804 2864 2871 ποιοῦντες
2910 2806 3214 2878 ἡσύχασαν,
3263 2807 3354 2861 τὸν
3391 2805 3596 2865 ἁπλοῦν
3633 2806 3790 2874 λόγον

2204 2894 2307 2965 τῆς
2333 2894 2587 2966 ἀληθείας
2615 2896 2967 2960 ἀκούσαντες.
3018 2896 3151 2950 Τότε
3186 2897 3283 2967 μὲν
3325 2892 3418 2951 οὖν
3448 2896 3621 2961 οὕτως
3664 2897 3692 2949 ό
3726 2897 3790 2949 ἐκ

2205 2985 2306 3055 τῆς
2334 2984 2676 3058 διαλεκτικῆς
2704 2986 2987 3058 γινόμενος
3014 2986 3241 3059 θόρυϐος
3271 2987 3594 3057 κατεστάλη.
3629 2987 3707 3058 Τῇ
3734 2984 3791 3039 δὲ

2207 3077 2334 3149 ἑξῆς
2390 3076 2589 3142 πάντες
2620 3078 2736 3149 ἅμα
2763 3082 2811 3132 οἱ
2844 3079 3133 3133 ἐπίσκοποι
3169 3080 3248 3141 είς
3275 3079 3372 3133 ἕνα
3398 3078 3559 3132 τόπον
3590 3078 3790 3148 συνήρ-

2207 3184 2381 3239 χοντο.
2418 3166 2627 3238 Παρῄει
2668 3167 2723 3218 δὲ
2772 3166 2865 3220 καὶ
2893 3170 2921 3220 6
2963 3167 3215 3235 βασιλεὺς
3263 3166 3381 3236 μετ’
3414 3164 3629 3226 αύτούς.
3682 3163 3790 3215 Καὶ

2210 3256 2332 3309 ἐπεὶ
2375 3256 2669 3326 παρῆλθεν,
2714 3257 2793 3318 εἰς
2832 3254 3030 3323 μέσους
3082 3253 3244 3325 έστηο
3285 3252 3379 3305 καὶ
3419 3253 3481 3304 ού
3526 3251 3791 3321 πρότερον

2210 3344 2454 3407 καθίζειν
2483 3346 2694 3415 ᾑρεῖτο,
2730 3344 2859 3410 πρὶν
2896 3341 2963 3396 ἂν
2990 3344 3038 3395 οί
3087 3342 3372 3394 ἐπίσκοποι
3421 3339 3785 3392 ἐπινεύσειαν.

2206 3435 2453 3505 Τοσαύτη
2480 3452 2562 3497 τις
2583 3431 2839 3485 εὐλάϐεια
2866 3433 2960 3484 καὶ
2986 3431 3151 3495 αἰδὼς
3196 3430 3305 3484 τῶν
3335 3429 3544 3500 ἀνδρῶν
3576 3429 3666 3481 τὸν
3699 3428 3790 3498 βα-

2207 3526 2358 3579 σιλέα
2383 3527 2654 3594 κατεῖχεν.
2694 3522 2850 3575 Ἐπεὶ
2881 3523 2938 3575 δὲ
2988 3523 3082 3577 καὶ
3110 3524 3145 3594 ἡ
3187 3522 3475 3594 πρέπουσα
3504 3519 3582 3592 τῷ
3611 3520 3789 3592 καιρῷ

2202 3620 2402 3695 ἡσυχία
2434 3619 2671 3689 ἐγένετο,
2707 3617 2910 3690 ἧρξατο
2938 3619 2967 3672 6
3022 3616 3277 3688 βασιλεὺς
3324 3614 3549 3669 αὐτόθεν
3588 3616 3653 3668 ἐκ
3688 3614 3789 3685 τῆς

2206 3709 2474 3782 καθέδρας
2509 3710 2920 3780 παραινετικοῖς
2940 3708 3078 3778 πρὸς
3104 3707 3304 3771 αὐτοὺς
3329 3705 3565 3779 χρῆσθαι
3585 3705 3786 3773 λόγοις,

2207 3801 2343 3870 πρὸς
2364 3798 2683 3869 συμφωνίαν
2705 3798 2801 3852 καὶ⁹
2824 3798 3079 3869 ὁμόνοιαν
3100 3798 3426 3869 προτρέπων
3449 3796 3667 3859 αὐτούς’
3693 3797 3789 3849 καὶ

2203 3892 2302 3960 τὴν
2335 3890 2433 3958 μὲν
2463 3890 2698 3944 ἑκάστου
2753 3890 3061 3956 ἰδιάζουσαν
3086 3890 3265 3959 λύπην
3289 3890 3424 3960 πρὸς
3444 3889 3534 3943 τὸν
3562 3888 3790 3960 πλησίον

2204 3985 2557 4054 παραχωρεῖν
2601 3982 2983 4036 συνεϐούλευε⁸
3033 3983 3129 4035 καὶ
3178 3981 3289 4052 γὰρ
3328 3979 3790 4047 ἀντεγκαλοῦντες

2202 4070 2341 4144 ἦσαν
2372 4074 2622 4146 ἀλλήλοις
2645 4074 2694 4127 οί
2727 4072 2991 4137 πλείονες
3017 4072 3200 4126 πολλοὶ
3225 4088 3284 4124 τε
3307 4070 3367 4135 ἐξ
3394 4069 3571 4122 αὐτῶν
3607 4069 3790 4140 βιϐλία

2201 4165 2435 4237 δεήσεων
2477 4165 2558 4236 τῷ
2608 4164 2815 4235 βασιλεῖ
2839 4167 2904 4236 τῇ
2947 4163 3245 4235 προτεραίᾳ
3291 4157 3430 4233 ἦσαν
3477 4161 3785 4231 ὀρέξαντες.

2215 4256 2339 4310 Ἐπὶ
2366 4256 2422 4310 δὲ
2452 4254 2514 4309 τὸ
2537 4255 2916 4327 προκείμενον,
2942 4255 3023 4310 διὸ
3053 4257 3147 4308 καὶ
3174 4252 3648 4323 συνεληλύθεισαν,
3681 4270 3790 4322 χω-

2204 4349 2318 4418 ρεῖν
2361 4346 2782 4418 παρακαλέσας,
2825 4346 2895 4400 τά
2939 4345 3121 4417 βιϐλία
3160 4342 3426 4412 καυθῆναι
3478 4341 3789 4404 ἐκέλευσεν,

2202 4437 2444 4493 ἐπειπὼν
2476 4440 2655 4511 μόνον’
2687 4438 2918 4493 Κελεύει
2944 4437 3179 4510 Χριστὸς
3204 4435 3421 4504 ἀφιέναι
3446 4433 3524 4504 τῷ
3573 4431 3793 4503 ἀδελφῷ

519 4537 798 4606 supplices
846 4539 1165 4608 imperatori
1225 4548 1601 4609 perrexerant.
1659 4542 1782 4612 Ipse
1824 4558 1988 4608 vero,
2041 4553 2102 4617 ut

2204 4534 2293 4586 τὸν
2328 4533 2574 4600 ἀφέσεως
2606 4536 2787 4603 τυχεῖν
2816 4531 3186 4601 ἐπειγόμενον.
3216 4527 3349 4580 Τότε
3377 4522 3470 4580 οὖν
3498 4525 3628 4630 τους
3649 4524 3786 4630 ,περὶ

520 4627 804 4697 proposito
847 4628 1090 4698 negotio,
1136 4630 1294 4700 cujus
1338 4629 1511 4700 gratia
1560 4640 1968 4698 convenerant,
2012 4614 2101 4688 ιηέ

2205 4625 2452 4695 ὁμονοίας
2487 4625 2582 4677 καλ⁵
2619 4625 2841 4695 εἰρήνης
2873 4623 3063 4691 λόγους
3107 4622 3186 4681 εἰς
3226 4617 3426 4679 πλάτος
3474 4614 3780 4683 διεξελθὼν,

519 4725 679 4777 stare~
710 4719 897 4788 potius
920 4720 1144 4785 vellent,
1182 4736 1279 4775 eos
1326 4721 1600 4785 hortatus,
1648 4722 1867 4778 libellos
1908 4739 2100 4779 omnes

2206 4712 2363 4779 αὖθις
2396 4716 2525 4787 περὶ
2557 4715 2662 4769 τῶν
2704 4714 2990 4784 δογμάτων
3030 4710 3452 4782 ἐπιμελέστερον
3493 4706 3791 4776 ἐπισκέψα-

518 4806 681 4861 exuri
709 4807 892 4877 jussit,
929 4807 1145 4879 adjecto
1190 4814 1405 4862 tantum
1449 4808 1555 4863 hoc
1598 4808 1814 4879 elogio:
1842 4808 2098 4865 Christus

2205 4807 2327 4861 σθαι
2355 4809 2421 4878 τῇ
2466 4805 2646 4860 αὐτῶν
2685 4804 2879 4876 γνώμῃ
2922 4802 3241 4875 ἐπέτρεψεν.
3283 4794 3386 4854 υἷα
3424 4798 3480 4852 δέ
3524 4799 3619 4851 καὶ⁸
3659 4798 3790 4868 περὶ

518 4895 769 4966 praecipit
795 4903 856 4949 ut
879 4898 1096 4952 veniam
1125 4896 1282 4952 fratri
1316 4897 1429 4962 det,
1456 4896 1710 4967 quisquis
1745 4898 1851 4953 sibi
1876 4899 1979 4968 ipsi
2005 4916 2102 4954 ve-

2204 4896 2406 4950 τούτων
2440 4896 2498 4950 ὲν
2534 4894 2612 4966 τῷ
2655 4894 2803 4965 αὐτῷ
2847 4895 3015 4964 τρίτῳ
3048 4892 3239 4963 βιϐλίῳ
3277 4888 3386 4944 τῶν
3427 4891 3507 4951 είς
3535 4888 3625 4941 τὸν
3667 4886 3785 4955 βίον

520 4982 668 5042 niam
693 4983 811 5041 dari
831 4987 987 5042 velit.
1015 4987 1169 5044 Tunc
1201 4986 1369 5058 igitur
1395 5003 1519 5043 cum
1566 4988 1634 5042 de
1678 5003 1813 5059 pace
1858 4996 1916 5043 et
1961 5004 2097 5045 con-

2204 4987 2614 5044 Κωνσταντίνου
2658 4988 2687 5039 6
2727 4987 2891 5049 αὐτός
2943 5002 3106 5055 φησιν
3153 4983 3437 5046 Εὐσέϐιος,
3483 4978 3787 5033 ἐπακοῦσαι

1731 5188 2000 5246 VALESII
2038 5188 2590 5247 ANNOTATIONES.

2203 5354 2286 5421 _te_s
2315 5346 2459 5421 hanc
2482 5343 2882 5421 _narrati_01_iem
2934 5341 3155 5421 videtur
3184 5342 3459 5421 .hausisse.
3496 5339 3783 5421 exnﬂul‘mi

2201 5416 2348 5469 libro
2375 5414 2613 5479 decimo,
2638 5414 2733 5469 ubi
2758 5415 2989 5470 Ruﬁnus
3025 5415 3137 5479 agit
3168 5412 3235 5467 de
3268 5412 3500 5467 concilio
3538 5409 3782 5479 Nicgeno.

2205 5456 2962 5558 's'é'avs‘ééis‘ié‘é’q"q2éci5}}i"&e
2998 5456 3270 5537 industria
3323 5480 3575 5533 mutavit.
3604 5476 3785 5558 Cela-

2203 5555 2319 5610 sius
2341 5568 2472 5630 vero
2504 5568 2630 5630 cum
2675 5554 3427 5630 hocAargumcnttnnmnactus
3472 5556 3637 5630 esset,
3681 5554 3783 5599 ini-

2204 5641 2326 5678 rum
2354 5622 2410 5678 in
2444 5623 2665 5677 modum
2686 5625 2839 5679 auxit
2865 5618 3027 5693 atque
3050 5620 3418 5693 amplificavit,
3442 5618 3782 5688 singulorum

2204 5692 2656 5764 philosophorum
2681 5691 3135 5764 interrogationes
3157 5691 3419 5764 referens,
3441 5697 3497 5742 ct
3525 5700 3782 5764 responsa

2204 5755 2609 5833 episcoporum.
2652 5764 2782 5830 Qua:
2837 5755 3019 5817 omnia
3064 5760 3274 5814 fabulas
3305 5759 3486 5829 potius
3534 5755 3787 5812 redolent

2206 5780 2609 5887 episcop‘orum.
2652 5780 2782 5830 uua:
2837 5780 3019 5817 omnia
3064 5780 3227 5814 ianun

2206 5850 2368 5903 quam
2448 5834 2694 5890 isteriam
2728 5850 2911 5889 rerum
2937 5840 3227 5902 gestarum.

599 5338 709 5415 (40)
765 5344 993 5415 τούτων
1022 5343 1571 5415 ἐμντυιονεύσαμεν.
1620 5345 1735 5402 Hoc
1773 5346 1939 5401 etiam
1982 5345 2105 5401 loco

522 5415 670 5477 idem
691 5412 882 5469 codex
910 5412 1093 5467 Allatii
1126 5412 1316 5470 vecem
1342 5416 1623 5470 interserit
1653 5416 1759 5470 hoc
1790 5416 1975 5479 modo,
2008 5414 2104 5468 τοῦ

521 5488 681 5608 χάριν
728 5481 784 5536 δὲ
834 5483 1041 5537 τούτων
1091 5485 1272 5548 ίδικῶς
1318 5486 1735 5556 ἐμνημόνευσα,
1770 5485 1910 5556 μετά
1932 5485 2106 5539 ταῦτα

557 5572 656 5608 me.

594 5619 707 5693 (Al)
745 5622 932 5677 Ἀλλὰ
982 5622 1513 5696 γυμνὴν·ςγνώμιίυα·ῗ
1544 5623 1715 5696 Magis
1753 5624 1933 5696 placet
1964 5623 2106 5696 scri-

523 5692 693 5766 plura
710 5708 874 5763 quam
899 5693 1118 5766 prazl‘ert
1150 5692 1321 5766 codex
1354 5694 1539 5766 Allatii
1579 5692 1807 5766 γύμνῆν
1821 5694 2106 5766 γνῷσινμὲν

532 5762 737 5835 πίστει,
761 5771 869 5817 etc.
900 5762 1106 5835 'Atque
1152 5763 1225 5817 ita
1262 5779 1499 5835 prorsus
1519 5762 1725 5835 legerat
1749 5762 2107 5835 'Epiphanius

524 5831 919 5887 Srholasticus.
950 5833 1042 5886 Sic
1073 5835 1220 5887 enim
1251 5831 1449 5889 vertit:
1475 5831 1597 5888 Sed'
1616 5831 2106 5889 puram—scientiam

523 5898 628 5963 ﬁde
670 5909 717 5953 ct
744 5902 887 5955 bonis
915 5903 1152 5972 operibus
1183 5904 1579 5963 observandam.
1604 5898 1876 5961 Caeterum
1911 5903 2089 5958 Socra-
