4050 6348
220 287 287 343 65
1203 280 1533 339 HISTORIA
1570 280 2123 337 ECCLESIASTICA.
2164 314 2232 321 —-—
2271 283 2397 337 LIB.
2440 285 2480 338 Ι.
2740 332 2745 335 ,
3394 289 3465 344 co

219 398 397 454 καλόν·
428 396 547 451 ἐστι
568 397 625 450 δὲ
656 395 848 452 ταῦτα·
888 396 1161 450 Πλείστων
1188 396 1253 468 δὴ
1294 397 1404 451 τῶν
1432 397 1524 466 ὑφ’
1550 395 1795 467 ἑκατέρῳ

1898 395 2090 450 cordia
2114 396 2331 451 abunde
2365 397 2738 463 disseruisset,
2765 397 3028 469 deinceps
3049 406 3109 454 ut
3141 399 3211 454 de
3244 399 3467 471 religio-

220 491 452 558 τάγματι
500 486 952 557 προτεινομένων,
992 488 1193 557 πολλῆς
1237 504 1298 541 τε
1336 488 1667 557 ἀμφιλογίας
1696 503 1792 539 τα-

220 579 403 652 πρῶτα
427 576 844 647 συνισταμένης,
880 576 1219 641 ἀνεξικάκως
1240 577 1550 649 ἐπηκροᾶτο
1578 579 1606 629 ὁ
1640 576 1794 645 βασι-

220 671 335 732 λεὺς
369 668 483 721 τῶν
526 666 767 730 πάντων,
816 666 982 737 σχολῇ
1013 683 1074 720 τε
1104 666 1308 737 εὐτόνῳ
1351 668 1453 729 τὰς
1500 666 1792 737 προτάσεις

222 761 523 832 ὑπεδέχετο.
594 760 682 813 Ἑν
749 758 908 829 μέρει
956 773 1020 810 τε
1091 755 1621 827 ἀντιλαμϐανόμενος
1683 754 1792 808 τῶν

222 855 340 928 παρ’
393 851 662 922 ἑκατέρου
712 849 993 919 τάγματος
1044 848 1356 918 λεγομένων
1377 886 1394 912 ,
1445 847 1629 919 ἡρέμα
1669 862 1794 901 συν-

221 947 313 1015 ῆγε
332 946 462 1007 τοὺς
480 941 802 1013 φιλονείκως
824 940 1210 1012 ἐνισταμένους
1228 978 1244 1005 ,
1280 940 1500 1011 πραέως
1525 956 1585 993 τε
1616 939 1794 994 ποιού-

226 1053 375 1107 μενος
411 1033 514 1097 τὰς
566 1031 706 1104 πρὸς
736 1031 969 1084 ἕκαστον
1005 1030 1240 1100 ὁμιλίας
1280 1030 1607 1101 Ἐλληνίζων
1631 1046 1691 1083 τε
1724 1031 1790 1102 τῇ

222 1129 402 1199 φωνῇ,
446 1127 530 1181 ὅτι
564 1124 706 1195 μηδὲ
754 1124 961 1193 ταύτης
1009 1121 1240 1192 ἀμαθῶς
1289 1117 1437 1192 εἶχε,
1464 1121 1794 1192 γλυκύτερός

219 1237 295 1283 τις
329 1214 399 1289 ἦν
436 1217 533 1271 καὶ
560 1215 711 1286 ἡδὺς,
739 1215 867 1278 τοὺς
917 1215 1015 1285 μὲν
1057 1212 1394 1281 συμπείθων,
1434 1212 1560 1276 τοὺς
1606 1212 1662 1267 δὲ
1702 1212 1794 1267 καὶ

215 1308 477 1363 δυσωπῶν
526 1307 605 1376 τῷ
649 1305 814 1375 λόγῳο
861 1306 985 1368 τοὺς
1026 1304 1083 1357 δὲ
1125 1300 1186 1359 εὗ
1233 1304 1490 1373 λέγοντας
1531 1303 1791 1361 ἐπαινῶν.

219 1400 429 1461 Πάντας
451 1397 508 1450 δὲ
536 1399 616 1459 είς
646 1397 898 1467 ὁμόνοιαν
925 1395 1184 1461 ἐλαύνων,
1211 1396 1600 1468 ὁμογνώμονας
1621 1414 1679 1451 τε
1702 1399 1796 1451 καὶ

217 1487 497 1558 ὁμοδόξους
535 1486 730 1547 αὐτοὺς
760 1484 852 1537 ἐπὶ
884 1485 996 1548 τοῖς
1028 1484 1563 1557 ἀμφισϐητουμένοις
1593 1486 1796 1541 ἅπασιν

221 1579 305 1631 ἐπὶ
322 1578 383 1630 τὸ
409 1576 545 1629 αὐτὸ
566 1577 962 1653 κατεστῄσατο,
984 1577 1060 1640 ώς
1079 1578 1377 1649 ὁμοφώνως
1402 1582 1499 1651 μὲν
1520 1582 1796 1653 κρατῆσαι

222 1668 309 1737 τὴν
332 1667 543 1730 πίστιν,
568 1668 669 1736 τῆς
708 1665 765 1719 δὲ
792 1665 1061 1737 σωτηρίου
1102 1668 1293 1739 ἑορτῆς
1319 1670 1411 1723 τὸν
1449 1671 1611 1725 αὑτὸν
1645 1670 1796 1742 παρὰ

219 1761 321 1821 τοῖς
349 1759 519 1811 πᾶσιν
550 1755 951 1829 ὁμολογηθῆναι
992 1759 1203 1829 καιρόν.
1251 1761 1542 1832 Ἐκυροῦτό
1579 1781 1641 1817 τε
1692 1764 1792 1835 ήδη

222 1852 308 1904 καὶ
333 1848 634 1921 ἐγγράφως
672 1848 739 1902 δι’
776 1850 1236 1922 ὐποσημειώσεως
1270 1854 1503 1908 ἑκάστου
1542 1857 1613 1911 τὰ
1640 1860 1792 1929 κοινῇ

222 1941 531 2011 δεδογμένα.
578 1938 817 1994 Τοιαῦτα
861 1942 955 1995 καὶ
1002 1943 1131 2015 περὶ
1181 1944 1388 1999 τούτων
1437 1949 1556 2010 ταῖς
1602 1947 1795 2002 ἑαυτοῦ

225 2035 415 2102 φωναῖς
456 2033 486 2085 ὁ
512 2031 773 2093 Εὐσέϐιος
805 2032 1100 2104 ἐγγράφως
1136 2037 1447 2091 κατέλιπεν.
1506 2040 1696 2109 Ἡμεῖς
1738 2040 1795 2092 δὲ

221 2124 314 2177 οὐκ
333 2121 584 2192 ἀκαίρως
609 2122 794 2184 αὐτοῖς
823 2122 1197 2194 ἐχρησάμεθα·
1225 2125 1359 2179 ἀλλὰ
1396 2126 1631 2197 μάρτυσι
1653 2126 1796 2198 χρώ-

225 2231 367 2285 μενοι
398 2213 515 2275 τοῖς
540 2211 633 2264 ὑπ’
654 2212 819 2267 αὐτοῦ
840 2213 1098 2284 λεχθεῖσι,
1115 2216 1240 2287 τῇδε
1263 2217 1403 2271 αὐτά
1423 2219 1795 2290 κατετάξαμεν

222 2307 283 2374 τῇ
310 2304 534 2373 γραφῇ·
573 2302 640 2355 ἶν’
667 2302 795 2356 ὃταν
834 2306 979 2369 τινὲς
1015 2309 1113 2377 τῆς
1143 2309 1199 2361 ἑν
1224 2308 1428 2380 Νικαίᾳ
1461 2310 1679 2363 συνόδου
1720 2310 1796 2375 ὼς

221 2392 344 2464 περὶ
355 2392 456 2462 τὴν
473 2389 657 2444 πίστιν
679 2392 974 2466 σφαλείσης
994 2406 1019 2446 P
1032 2397 1501 2465 καταγινώσκωσι,
1523 2400 1598 2470 μὴ
1617 2400 1795 2456 αὐτῶν

220 2477 573 2553 ἀνεχώμεθα.
617 2479 753 2550 μηδὲ
782 2484 1161 2555 πιστεύσωμεν
1200 2486 1409 2558 Σαϐίνῳ
1436 2489 1513 2559 τῷ
1548 2491 1795 2544 Μακεδο-

220 2574 379 2644 νιανῴ
407 2574 550 2643 (42),
578 2576 795 2638 ἰδιώτας
819 2576 1016 2638 αὐτοὺς
1041 2576 1137 2631 καὶ
1156 2577 1373 2645 ἀφελεζς
1396 2580 1647 2634 καλοῦντι
1672 2583 1796 2646 τοὺς

223 2667 388 2719 ἐκεῖσε
414 2666 795 2730 συνελθόντας.
825 2665 1047 2730 Σαϐῖνος
1066 2667 1195 2739 γὰρ,
1224 2669 1253 2721 ὁ
1275 2668 1384 2724 τῶν
1409 2670 1467 2724 ἑν
1503 2670 1797 2744 Ἡρακλείᾳ

222 2757 313 2826 τῆς
335 2757 566 2829 Θρᾴκης
589 2758 1004 2812 Μακεδονιανῶν
1028 2760 1345 2826 ἐπίσκοπος,
1380 2764 1698 2834 συναγωγὴν
1721 2759 1796 2819 ὧν

220 2849 459 2919 διάφοροι
522 2848 840 2903 ἐπισκόπων
903 2849 1111 2905 σύνοδοι
1172 2852 1465 2923 ἐγγράφως
1529 2855 1795 2920 ἐξέδωκαν

220 2941 612 3010 ποιησάμενος,
659 2940 788 3005 τοὺς
828 2941 929 3012 μὲν
975 2942 1035 2995 ἑν
1072 2942 1307 3014 Νικαίςι,
1335 2944 1411 3008 ὡς
1445 2945 1663 3015 ἀφελεῖς
1704 2949 1797 3001 καὶ

1893 486 1979 541 nis
2042 494 2245 542 nostra:
2305 486 2657 558 dogmatibus
2707 486 3019 546 accuratqu
3072 490 3464 560 disquirerent,

1891 594 2088 633 eorum
2110 578 2344 634 arbitrio
2363 581 2735 651 potestatique
2757 582 3026 652 permisit.
3057 583 3260 638 Verum
3285 598 3467 653 opera:

1892 668 2134 736 pretium
2174 668 2345 725 fuerit
2386 670 2601 737 audire,
2647 672 2783 743 quid
2827 673 2896 728 de
2941 673 3029 729 his
3072 674 3238 729 rebus
3279 682 3467 729 narret

1891 759 2166 816 Eusebius
2192 762 2248 817 in
2271 762 2438 818 tertio
2463 764 2558 818 illo
2575 765 2688 835 jam
2713 766 2970 836 superius
2989 780 3020 820 a
3042 765 3202 821 nobis
3230 779 3470 820 comme-

1891 860 2106 905 morato
2127 851 2273 907 libro
2299 851 2368 908 de
2415 852 2538 908 Vita
2562 854 2914 925 imperatoris
2952 853 3324 909 Constantini.
3378 853 3467 909 Sic

1891 950 2073 997 autem
2100 942 2180 997 ait
2204 960 2217 996 :
2247 943 2434 999 Multis
2456 945 2624 1016 igitur
2646 946 2794 1001 hunc
2815 946 2871 1001 in
2898 945 3121 1001 modum
3143 961 3211 1000 ex
3233 952 3467 1014 utraque

1892 1039 2048 1101 parte
2091 1032 2412 1102 propositis,
2462 1049 2766 1105 magnaque
2811 1035 3187 1090 controversia
3248 1034 3306 1088 in
3348 1035 3468 1102 ipso

1893 1123 2167 1194 principio
2187 1124 2451 1189 excitata,
2478 1125 2778 1195 imperator
2821 1134 3020 1182 cuncta
3066 1126 3468 1196 patientissime

1894 1216 2232 1281 auscultans,
2282 1216 2496 1271 intento
2539 1216 2725 1272 animo
2779 1219 3093 1287 propositas
3138 1217 3471 1287 quaestiones

1894 1305 2145 1375 excepit;
2169 1313 2226 1360 et
2249 1321 2371 1375 quae
2393 1305 2464 1361 ab
2492 1312 2722 1374 utraque
2745 1314 2903 1375 parte
2941 1306 3287 1369 dicebantur,
3308 1303 3473 1359 vicis-

1895 1395 1996 1450 sim
2022 1404 2275 1451 astruens
2320 1403 2488 1466 atque
2532 1395 2816 1465 adjuvans,
2860 1395 3199 1465 pertinacius
3246 1402 3469 1450 certan-

1896 1494 1978 1540 tes
2022 1486 2288 1556 paulatim
2334 1487 2670 1544 coneiliavit.
2717 1486 2965 1555 Cumque
3021 1501 3214 1541 omnes
3258 1484 3471 1555 placide

1895 1575 2288 1644 alloqueretur,
2328 1583 2387 1631 et
2410 1575 2601 1632 Graeca
2631 1584 2882 1631 uteretur
2903 1577 3110 1646 lingua,
3135 1575 3337 1645 quippe
3375 1571 3471 1643 qui

1897 1681 1965 1720 ne
1990 1666 2154 1736 hujus
2176 1666 2398 1736 quidem
2441 1666 2639 1737 linguae
2665 1668 2886 1737 ignarus
2925 1673 3092 1730 esset,
3116 1664 3475 1719 suavissimus

1899 1755 2418 1825 aejueundissimus
2442 1756 2578 1822 fuit,
2622 1757 2752 1811 dum
2779 1757 2915 1811 alios
2961 1756 3013 1810 vi
3059 1755 3332 1808 rationum
3379 1752 3477 1807 ad-

1897 1846 2093 1902 ductos
2138 1848 2194 1903 in
2240 1864 2397 1905 suam
2439 1849 2767 1904 sententiam
2817 1849 3024 1913 trahit,
3070 1848 3206 1901 alios
3251 1853 3375 1899 orat
3418 1849 3477 1899 et

1896 1937 2099 2003 ﬂectit,
2126 1952 2331 2008 eosque
2354 1937 2450 2008 qui
2474 1947 2624 1992 recte
2668 1936 2952 2001 dixissent,
2978 1936 3235 1991 laudibus
3268 1933 3472 1999 allicit,

1895 2038 1953 2084 et
1975 2030 2265 2086 universos
2286 2030 2355 2085 ad
2379 2029 2730 2085 concordiam
2772 2029 2983 2083 incitat.
3028 2029 3213 2083 Donec
3252 2027 3472 2082 tandem

1895 2138 1992 2177 eos
2014 2122 2320 2179 concordes
2346 2124 2403 2178 in
2427 2122 2690 2178 omnibus
2733 2121 2802 2176 de
2850 2121 3052 2190 quibus
3095 2128 3255 2175 antea
3299 2126 3478 2174 certa-

1895 2212 2079 2279 batur,
2108 2221 2275 2283 atque
2300 2214 2590 2269 unanimes
2614 2211 2799 2266 effecit
2826 2228 2837 2264 :
2864 2212 3004 2265 adeo
3047 2218 3109 2263 ut
3155 2226 3267 2265 non
3310 2208 3477 2263 modo

1896 2306 2065 2360 unius
2088 2305 2216 2361 ﬁdei
2240 2305 2597 2360 consonantia
2620 2304 2765 2375 apud
2791 2318 2984 2358 omnes
3019 2302 3337 2366 obtineret,
3381 2316 3478 2355 ve-

1897 2415 2020 2454 rum
2045 2399 2212 2453 etiam
2237 2412 2407 2452 unum
2446 2396 2699 2467 idemque
2724 2403 2941 2465 tempus
2967 2395 3022 2449 in
3070 2395 3172 2464 21
3218 2395 3479 2449 salutaris

1896 2490 2021 2547 festi
2049 2488 2420 2544 celebratione
2451 2487 2522 2542 ab
2547 2487 2805 2542 omnibus
2831 2486 3170 2540 ﬁrmaretur.
3194 2486 3366 2539 Porro
3409 2502 3475 2539 ea

1896 2600 2019 2655 qua:
2045 2587 2103 2638 in
2148 2596 2440 2638 commune
2466 2580 2810 2650 placuerant,
2857 2577 3080 2648 scriptis
3122 2576 3377 2631 mandata
3420 2583 3478 2631 et

1897 2675 2241 2745 singulorum
2286 2672 2693 2742 subscriptione
2753 2670 3010 2724 roborata
3057 2674 3204 2723 sunt.
3250 2666 3320 2722 Et
3361 2666 3479 2722 haec

1898 2766 2121 2835 quidem
2147 2764 2421 2819 Eusebius
2443 2762 2513 2817 ad
2548 2762 2779 2817 verbum
2826 2761 3030 2831 scripta
3052 2760 3174 2815 istis
3196 2760 3265 2813 de
3313 2759 3481 2813 rebus

1899 2857 2058 2912 nobis
2081 2855 2322 2923 reliquit.
2360 2854 2468 2908 Nos
2493 2867 2628 2907 vero
2650 2867 2715 2907 ea
2764 2851 2869 2906 hoc
2897 2852 3019 2906 loco
3064 2850 3316 2921 proferre
3366 2866 3478 2905 non

1898 2948 2139 3003 alienum
2162 2944 2421 2998 duximus
2450 2961 2462 2997 :
2515 2943 2610 2998 sed
2635 2955 2831 2997 eorum
2872 2942 3189 2996 testimonio
3235 2947 3477 3004 utentes,

224 3032 429 3095 ἰδιώτας
472 3032 690 3103 διέσυρε
715 3072 732 3097 ,
788 3033 865 3105 μὴ
912 3034 1330 3105 αἰσθανόμενος,
1374 3037 1455 3090 ὅτι
1495 3038 1591 3092 καὶ
1637 3039 1796 3093 αὑτὸν

1900 3038 2030 3091 huic
2065 3035 2319 3090 Historiae
2358 3040 2561 3088 nostra:
2607 3033 2860 3086 consulto
2905 3031 3277 3094 inseruimus,
3326 3038 3387 3083 ut
3428 3029 3475 3085 si

224 3122 498 3186 Εύσέϐιον,
550 3122 645 3176 τὸν
685 3123 824 3192 μετὰ
872 3124 1072 3195 πολλῆς
1108 3125 1433 3195 δοκιμασίας
1476 3129 1573 3200 τὴν
1614 3129 1796 3182 πίστιν

224 3214 632 3286 ὁμολογήσαντα
652 3253 668 3278 ,
703 3214 780 3278 ὡς
813 3214 1027 3286 ἰδιώτην
1053 3216 1347 3273 διαϐάλλει.
1396 3220 1504 3273 Καὶ
1536 3221 1658 3275 τινὰ
1700 3222 1797 3292 μὲν

223 3304 354 3356 ἑκὼν
380 3304 714 3375 ταιρέλιπεν,
750 3305 872 3358 τινὰ
894 3305 951 3359 δὲ
973 3307 1329 3378 παρέτρεψεν.
1364 3310 1549 3364 Πάντα
1580 3311 1636 3365 δὲ
1661 3312 1796 3385 πρὸς

220 3396 523 3449 τὸνοίκεῖον
548 3397 752 3450 σκοπὸν
776 3397 976 3467 μᾶλλον
1000 3398 1299 3469 ἑξείληφεν.
1331 3401 1441 3455 Καὶ
1471 3402 1683 3457 ἐπαινεῖ
1700 3404 1798 3474 μὲν

220 3485 302 3539 τὸν
343 3485 644 3556 Παμφίλου
694 3485 972 3551 Εύσέϐιον,
1018 3488 1094 3551 ώς
1154 3488 1461 3553 ἀξιόπιστον
1513 3491 1796 3563 μάρτυρα·

223 3576 423 3629 ἐπαινεῖ
443 3576 504 3629 δὲ
530 3575 741 3630 καὶτὸν
772 3576 994 3646 βασιλέα
1011 3618 1028 3644 ,
1054 3577 1130 3642 ὡς
1152 3579 1218 3631 τὰ
1241 3580 1576 3651 Χριστιανῶν
1598 3580 1797 3652 δογμα-

220 3668 380 3731 τίζειν
412 3667 753 3737 δυνάμενον
790 3668 1063 3739 μέμφεται
1100 3671 1158 3726 δὲ
1193 3674 1258 3743 τῇ
1286 3672 1567 3745 ἑκτεθείσῃ
1599 3676 1657 3729 ἑν
1693 3676 1795 3729 Νι·

223 3758 342 3828 ut;
368 3759 577 3822 πίστει,
609 3758 688 3821 ῶς
716 3758 822 3812 ὑπὸ
846 3759 1067 3814 ἰδιωτῶν
1113 3762 1205 3814 καὶ
1236 3762 1389 3816 οὐδὲν
1420 3765 1796 3835 ἐπισταμένων

224 3842 563 3914 ἰκδεδομὲνῃ·
593 3845 691 3897 καὶ
730 3844 789 3898 ὃν
814 3845 888 3910 ὡς
917 3847 1078 3916 σοφὸν
1104 3850 1195 3902 καὶ
1222 3851 1425 3922 ἀψευδῆ
1471 3853 1626 3906 καλεῖ
1656 3855 1797 3926 μάρ-

224 3949 370 4004 τυρα,
417 3935 618 3989 τούτου
657 3935 759 3997 τὰς
802 3939 986 4007 φωνάς
1032 3942 1292 4006 ἑκουσίως
1346 3943 1607 4016 ὑπερορᾷ.
1659 3946 1799 4018 Φησὶ

226 4026 327 4097 γὰρ
347 4028 373 4079 ὁ
394 4026 682 4091 Εὐσέϐιος,
716 4029 799 4081 ὅτι
828 4029 935 4082 τῶν
968 4032 1247 4102 παρόντων
1291 4036 1348 4087 ἐν
1377 4038 1440 4105 τῇ
1472 4037 1673 4107 Νικαίᾳ
1702 4036 1798 4091 τοῦ

224 4111 350 4166 Θεοῦ
383 4114 726 4185 λειτουργῶν
759 4117 809 4169 oi
862 4117 960 4186 μὲν
1008 4118 1296 4191 διέπρεπον
1325 4126 1512 4193 σοφίας
1541 4125 1713 4196 λόγῳ,
1748 4130 1798 4181 οἱ

224 4201 273 4254 δὲ
303 4203 414 4273 βίου
447 4207 806 4277 στερρότητι·
842 4207 936 4261 καὶ
960 4209 1040 4262 ὅτι
1073 4212 1102 4263 ό
1136 4210 1383 4281 βασιλεὺς
1412 4218 1620 4288 παρὼν,
1658 4218 1794 4271 πάν-

1894 3129 1986 3198 qui
2016 3127 2153 3181 forte
2176 3127 2458 3180 Niczenum
2496 3124 2791 3178 concilium
2827 3129 3085 3192 tanquam
3111 3121 3168 3175 in
3205 3136 3373 3176 causa
3415 3120 3479 3175 fi-

1894 3219 1984 3273 dei
2007 3218 2220 3287 lapsum
2259 3214 2627 3270 condemnare
2656 3214 2955 3278 voluerint,
3000 3211 3070 3267 iis
3118 3212 3345 3267 minime
3388 3218 3477 3266 at-

1896 3310 2212 3372 tendamus,
2258 3323 2361 3363 nec
2387 3306 2591 3361 Sabino
2614 3305 3004 3363 Macedoniano
3027 3303 3339 3368 credamus,
3381 3305 3477 3374 qui

1897 3402 2182 3472 imperitos
2201 3415 2265 3455 ac
2291 3399 2569 3469 simplices
2593 3405 2753 3452 vocat
2775 3412 2872 3452 eos
2903 3396 2998 3467 qui
3032 3398 3089 3451 in
3136 3411 3203 3451 eo
3244 3397 3479 3451 concilio

1905 3498 2301 3547 convenerunt.
2327 3490 2462 3544 Nam
2490 3488 2727 3543 Sabinus
2772 3487 3289 3542 Macedoniauorum
3333 3486 3479 3556 apud

1907 3584 2225 3639 lleracieam
2251 3581 2498 3635 Thraciae
2526 3580 2724 3634 urbem
2752 3578 3065 3649 episcopus,
3092 3577 3186 3647 qui
3230 3577 3480 3632 diversa-

1908 3692 2029 3730 rum
2078 3675 2413 3746 synodoruin
2438 3680 2559 3726 acta
2585 3687 2753 3725 unum
2773 3671 2830 3725 in
2874 3686 3077 3742 corpus
3116 3670 3356 3740 collegit,
3384 3669 3479 3723 Ni-

1906 3769 2039 3822 caani
2082 3766 2303 3836 quidem
2362 3764 2578 3818 concilii
2630 3763 2965 3827 sacerdotes,
3008 3762 3164 3832 quasi
3209 3760 3372 3815 rudes
3417 3775 3483 3815 ac

1906 3858 2187 3927 simplices
2210 3855 2463 3920 deridet;
2492 3870 2592 3909 nec
2623 3853 3012 3909 animadvertit
3043 3868 3102 3907 se
3126 3853 3305 3921 ipsum
3344 3866 3482 3920 quo-

1906 3962 2013 4017 que
2035 3946 2356 4011 Eusebium,
2376 3946 2469 4014 qui
2494 3944 2655 3998 fidem
2683 3945 2830 3997 illam
2852 3950 2976 4012 post
2999 3942 3275 3995 diuturna:
3301 3941 3483 4009 inqui-

1915 4039 2130 4094 sitionis
2152 4053 2381 4091 examen
2404 4037 2691 4105 amplexus
2720 4043 2825 4099 esl,
2855 4041 2917 4087 ut
2961 4033 3275 4102 imperitum
3316 4031 3481 4085 simul

1908 4128 2211 4183 criminari.
2242 4130 2320 4183 Ac
2347 4127 2606 4182 nonnulla
2631 4125 2853 4195 quidem
2874 4123 2940 4177 de
2966 4122 3235 4176 industria
3259 4128 3485 4191 praeter-

1906 4220 2106 4275 misit:
2150 4218 2400 4289 qumdam
2449 4233 2584 4273 vero
2628 4216 2896 4287 pervertit
2940 4221 3104 4282 atque
3150 4210 3478 4267 immutavit.

1427 4369 1694 4424 VALESll
1734 4370 2287 4429 ANNOTATIONES.

290 4487 398 4574 (42)
433 4488 675 4574 {regit-9)
700 4487 787 4574 in}:
823 4488 1261 4573 Μακεδονιανῷ.
1294 4493 1393 4574 llic
1415 4494 1654 4574 §abinus
1689 4500 1796 4574 epi-

1910 4502 2025 4556 sius
2041 4501 2291 4574 haeresim
2316 4501 2699 4574 pertinebant,
2730 4501 2989 4574 omittens
3009 4515 3142 4574 vero
3172 4499 3479 4574 contraria:

223 4571 413 4626 scopas
448 4558 560 4611 fuit
599 4557 1115 4614 Macedonianorum
1150 4562 1205 4615 in
1246 4565 1381 4618 urbe
1415 4566 1661 4622 Thracia:
1694 4557 1802 4623 lic-

222 4629 415 4690 raelea,
446 4628 549 4696 qui
584 4628 972 4705 collectionem
1002 4639 1251 4705 actorum
1280 4636 1619 4705 synodalium
1651 4653 1803 4691 com-

214 4708 502 4774 posuerat,
537 4698 863 4774 _opus_utile
907 4700 1270 4774 admodum“;
1296 4698 1454 4774 cujus
1482 4708 1803 4763 testimonio

213 4768 416 4845 saepius
468 4767 659 4845 utitur;
694 4766 962 4845 Socrates
993 4769 1050 4845 in
1098 4770 1185 4827 his
1216 4766 1802 4845 libriilleprchendit

215 4843 436 4922 tamen"
454 4836 884 4922 eumisocrate‘s
912 4838 1276 4922 plerisque__in
1315 4843 1471 4922 locis,
1508 4836 1632 4922 tum
1651 4850 1800 4916 quod

212 4906 359 4984 mala
403 4905 514 4960 fide
555 4921 693 4984 usus
723 4915 873 4984 esset
910 4905 969 4962 in
1014 4905 1153 4965 actis
1198 4910 1305 4984 illis
1347 4905 1697 4984 colligendis}
1734 4933 1799 4972 ea

206 4975 437 5042 quidem
488 4976 742 5031 studiose
775 4976 1021 5034 referens
1061 4993 1179 5050 quat
1219 4980 1287 5035 ad
1333 4975 1696 5039 astruvendam'
1726 4987 1807 5056 ip-

1911 4582 2026 4625 tum
2060 4572 2206 4641 quod
2230 4569 2552 4641 orthodoxis
2584 4573 2857 4641 episcOpis
2882 4569 3399 4641 semperinfensum
3423 4585 3483 4623 se

1911 4589 2026 4625 tum
2101 4589 2206 4626 uoa
2230 4589 2552 4627 OPIDOGOXIS
2584 4589 2857 4641 episcopis
2882 4589 3100 4639 semper
3127 4589 3399 4624 iniensum
3423 4589 3483 4623 se

1905 4589 2240 4696 ostentderet.
2281 4640 2601 4710 Cujusmodi
2638 4641 2773 4694 illud
2811 4650 2897 4695 est
2934 4639 3080 4710 quod
3110 4640 3215 4693 hoc
3248 4640 3369 4693 loco
3389 4655 3485 4710 ire-

1901 4710 2008 4765 fert
2029 4710 2302 4776 Socrates,
2327 4711 2519 4766 Patres
2541 4710 2742 4765 Nicmni
2779 4709 2996 4765 concilii
3024 4709 3239 4778 ignaros
3271 4725 3334 4761 ac
3356 4709 3487 4761 sim-

1900 4782 2070 4851 plices
2115 4781 2303 4834 fuisse.
2336 4780 2462 4851 nSed
2509 4781 2751 4834 solemne
2782 4789 2867 4835 est
2903 4780 3193 4851 haereticis,
3221 4780 3486 4851 adversus

1899 4848 2278 4931 sanctissimos
2335 4849 2594 4905 Ecclesiae
2648 4851 2836 4906 Patres
2878 4866 2943 4905 ac
3000 4848 3256 4904 doctores
3295 4848 3482 4903 convi-

1898 4935 2058 4974 Clarl.

1666 5134 2046 5193 VARIORUM.

288 5241 463 5317 P_"hj‘
503 5243 657 5298 ὅταν
691 5244 856 5309 τινὲς
893 5244 1005 5313 τῆς
1036 5247 1105 5300 ἐν
1137 5250 1349 5315 Numici
1399 5249 1666 5304 συνόδου
1710 5252 1791 5317 ὡς

205 5313 344 5377 περὶ
390 5314 503 5387 τὴν
530 5317 749 5387 πίστιν
776 5317 1141 5387 σφαλείσης.
1169 5319 1286 5371 Non
1308 5313 1425 5373 sine
1467 5313 1797 5387 indignatio;

204 5400 304 5446 ne,
348 5385 596 5457 adeoque
621 5386 861 5441 horrore
884 5386 1118 5457 quodam
1148 5390 1331 5441 recolo
1355 5385 1678 5457 stupendam
1702 5407 1802 5445 eo-

207 5469 336 5505 rum
367 5454 671 5528 inscitiam.
700 5470 801 5509 seu
827 5456 1018 5528 potius
1045 5457 1263 5525 impiam
1300 5454 1598 5523 vesaniam,
1625 5461 1719 5528 qui
1746 5462 1798 5515 in

203 5526 549 5598 venerandos
578 5527 779 5581 Patres
826 5524 1077 5598 Nicaenos
1124 5524 1231 5579 non
1278 5529 1437 5581 veriti
1464 5537 1593 5581 sunt
1620 5524 1800 5598 palam

204 5593 556 5667 debacchari,
604 5606 887 5667 tanquam
935 5594 1049 5667 qui‘
1081 5598 1403 5653 catholicam
1449 5599 1516 5652 de
1566 5593 1798 5667 persona

204 5662 341 5717 Iesu
379 5666 575 5725 Christi
621 5662 977 5727 doctrinam,
1003 5663 1070 5717 ab
1111 5669 1374 5736 apostolis
1419 5662 1693 5735 traditam,
1738 5686 1801 5724 ac

1897 5271 1996 5324 per
2029 5254 2131 5309 tria
2178 5255 2356 5325 prima
2397 5255 2593 5309 szecula
2621 5256 2675 5308 in
2701 5254 2943 5308 Ecclesia
2968 5263 3367 5320 Conservatam,
3396 5256 3483 5310 vel

1900 5324 2195 5387 malitiose,
2216 5325 2299 5379 vel
2326 5335 2473 5379 certe
2503 5341 2599 5393 per
2655 5324 2985 5394 imperitiam
3031 5341 3094 5377 ac
3134 5334 3343 5379 temere
3387 5326 3489 5379 dc-

1899 5397 2277 5466 pravaverint,
2326 5394 2845 5466 novamqueﬁdem
2886 5395 3007 5447 orbi
3046 5395 3359 5451 Christiano
3385 5395 3487 5447 0b-

1900 5464 2185 5520 strucrint.
2231 5466 2346 5519 Hoc
2388 5466 2609 5519 nomine
2645 5464 2728 5535 (ut
2751 5475 2964 5518 veteres
3000 5472 3204 5517 taceam
3233 5465 3490 5535 Arianos)

1899 5536 2027 5589 olim
2081 5535 2300 5588 infamis
2344 5535 2449 5589 fuit
2492 5534 2751 5594 Sabinus,
2803 5534 3200 5587 Maccdonianm
3236 5534 3489 5586 factionis

1900 5606 2125 5661 assccla.
2160 5605 2260 5675 (Cl.
2289 5605 2477 5660 Bullus
2501 5605 2658 5658 initio
2683 5605 3010 5673 Defensionis
3039 5603 3181 5657 Fidei
3203 5601 3343 5671 Nic.)
