4050 6348
608 247 679 304 57
2071 240 2404 298 SOCRATIS
3791 253 3850 308 68

604 363 876 420 Cancrum
921 367 1117 414 cuncta
1159 357 1228 413 ad
1291 356 1603 412 institutum
1659 368 1820 409 suum
1867 368 2162 423 sensumqu

2301 371 2400 416 τας
2429 355 2505 415 εἰς
2533 352 2780 422 ὁμόνοιαν
2809 354 2976 421 ἄγων,
3030 354 3416 426 ὁμογνώμονας
3451 359 3544 412 καὶ
3580 359 3850 430 ὁμοδόξους

606 450 898 524 pertraxit.
925 449 994 504 Et
1017 449 1316 504 Eusebium
1339 447 1562 517 quidem
1597 444 1892 514 Pamphili,
1923 451 2162 515 tanquan

2289 445 2641 514 κατέστησεν.
2690 443 2853 498 Ἀλλὰ
2889 444 3118 498 Σαϐίνου
3146 447 3267 515 μὲν,
3299 444 3358 500 εἶ’
3385 465 3490 501 που
3519 451 3677 520 χρεία
3705 454 3853 508 καλέ-

605 549 804 598 testem
831 540 935 594 ﬁde
958 539 1338 610 dignissimum
1363 536 1550 591 laudat
1575 553 1588 588 :
1617 536 2002 606 imperatorem
2041 551 2162 604 quo-

2291 553 2394 599 σοι,
2426 535 2763 606 ποιησόμεθα
2805 536 3045 608 μνήμην.
3087 537 3153 590 Ἦ
3181 537 3238 590 δὲ
3261 541 3320 591 ὲν
3352 539 3558 611 Νικαίᾳ
3591 544 3742 614 παρὰ
3764 547 3850 618 τῆς

604 650 713 704 que
738 634 916 703 ipsum
955 629 1246 700 prteconiis
1289 628 1477 692 allicit,
1503 636 1695 696 utpote
1719 627 1814 696 qui
1857 627 2162 682 Christiana

2293 626 2534 697 μεγάλης
2575 625 2793 678 συνόδου
2820 626 3217 696 μεγαλοφώνως
3241 629 3578 702 ἐξενεχθεῖσα
3593 633 3708 703 445)
3735 653 3852 707 συμ.

605 724 734 778 ﬁdei
758 725 1010 794 dogmata
1041 720 1285 788 apprime
1310 720 1571 785 calleret;
1610 719 1773 772 ﬁdem
1815 733 1947 772 vero
1989 718 2162 773 Nicaea

2289 719 2463 787 φωνία
2480 717 2580 786 τῆς
2613 717 2845 779 πίστεως
2876 717 3022 771 ἐστιν
3046 719 3206 788 αΰτψ

602 822 905 884 expositam
957 811 1334 880 reprehendit,
1382 819 1640 880 tanquam
1693 811 1764 865 ab
1810 811 2015 880 ignaris
2061 817 2117 864 et
2163 810 2440 881 imperitis
2483 809 2790 866 hominibus
2832 812 3320 881 conseriptam;et
3355 827 3520 883 quem
3561 817 3852 884 sapientem

603 905 782 958 virum
803 919 866 957 ac
889 916 1142 956 veracem
1169 908 1366 956 testem
1391 903 1662 964 noininat,
1695 901 1816 972 ejus
1855 900 2023 954 verba
2048 899 2230 954 sciens
2273 915 2338 954 ac
2362 899 2612 969 prudens
2656 899 2893 970 despicit
2931 908 2990 954 et
3032 902 3359 959 contemnit.
3405 903 3679 960 Eusebius
3718 909 3852 962 enim

604 993 816 1055 scribit,
843 1007 911 1045 ex
961 989 1234 1046 ministris
1272 991 1372 1046 Dei
1417 991 1512 1060 qui
1559 992 1793 1046 Nicaznae
1841 990 2054 1062 synodo
2099 987 2496 1054 interfuerunt,
2543 989 2682 1044 alios
2728 1005 2983 1045 sermone
3022 991 3326 1059 sapientiaa,
3379 994 3519 1048 alios
3557 994 3686 1050 vita:
3729 1012 3852 1051 cor.-

604 1085 802 1141 stantia
838 1099 904 1139 ac
947 1083 1277 1138 fortitudine
1323 1085 1681 1148 excelluisse;
1731 1091 1788 1138 et
1813 1085 2203 1154 imperatorem
2243 1081 2422 1150 ipsum
2466 1079 2559 1150 qui
2601 1080 2811 1144 aderat,
2840 1081 2908 1134 ad
2933 1082 3280 1136 concordiam
3323 1090 3553 1138 cunctos
3592 1085 3853 1141 reducen-

602 1186 732 1240 tem,
760 1175 1048 1230 unanimes
1074 1183 1132 1231 et
1166 1175 1586 1230 consentientes
1636 1175 1968 1229 reddidisse.
2019 1175 2228 1226 Verum
2267 1171 2335 1225 de
2379 1172 2580 1226 Sabino
2621 1172 2864 1240 quidem,
2893 1173 3068 1228 sicubi
3101 1175 3398 1242 necessitas
3420 1177 3684 1245 exegerit,
3713 1191 3854 1232 men-

597 1265 802 1318 tionem
826 1266 1024 1319 facturi
1051 1282 1262 1321 sumus.
1303 1265 1451 1319 Fidei
1489 1279 1620 1320 vero
1659 1267 1948 1320 consensio
1990 1265 2184 1318 Nicaea:
2220 1278 2252 1318 a
2299 1277 2496 1334 magno
2533 1263 2768 1318 concilio
2812 1262 3098 1334 magniﬁce
3145 1265 3486 1336 promulgata
3514 1305 3529 1332 ,
3569 1266 3686 1321 haec
3730 1275 3852 1322 est:

663 1376 952 1432 Credimus
977 1379 1033 1433 in
1060 1396 1230 1434 unum
1257 1381 1452 1445 Deum,
1475 1380 1692 1433 Patrem
1717 1380 2162 1449 omnipotentem,

2353 1375 2688 1445 Πιστεύομεν
2727 1375 2806 1438 εἰς
2841 1373 2940 1428 ἕνα
2969 1375 3102 1429 Θεὸν
3127 1375 3269 1448 (44),
3307 1377 3526 1448 Πατέρα
3557 1381 3853 1449 παντοκρά-

595 1467 842 1520 omnium
874 1468 1182 1522 visibilium
1231 1477 1287 1524 et
1332 1468 1695 1523 invisibilium
1737 1468 2162 1533 Creatorcm;et

2279 1486 2432 1540 τορα,
2469 1470 2686 1522 πάντων
2727 1467 2938 1540 ὁρατῶν
2967 1485 3024 1520 τε
3055 1468 3148 1521 καὶ
3182 1469 3426 1538 ἀοράτων
3470 1470 3728 1541 Ποιητήν·
3767 1475 3856 1526 καὶ⁵

599 1557 654 1611 in
682 1574 850 1611 unum
888 1559 1182 1614 Dominum
1223 1561 1409 1616 Jcsum
1457 1559 1761 1624 Christum,
1810 1561 2006 1614 Filium
2050 1562 2162 1625 Dei,

2281 1562 2359 1624 εἰς
2391 1561 2487 1614 ἕνα
2521 1560 2720 1631 Κύριον
2769 1559 2974 1631 Ἰησοῦν
3007 1560 3236 1630 Χριστὸν
3272 1559 3361 1612 τὸν
3409 1560 3528 1613 Υίὸν
3560 1562 3651 1614 τοῦ
3683 1563 3849 1624 Θεοῦ,

595 1647 842 1716 genitum
867 1663 935 1701 ex
959 1649 1120 1702 Patre
1147 1647 1516 1717 unigenitum,
1544 1647 1651 1701 hoc
1671 1653 1777 1711 est,
1803 1661 1870 1700 ex
1908 1646 2167 1700 substan-

577 1737 672 1826 ‘tia
697 1737 908 1792 Patris:
937 1739 1109 1792 Deum
1135 1739 1202 1792 de
1232 1739 1364 1802 Deo,
1397 1737 1582 1792 lumen
1627 1737 1971 1801 de'lumine,
1997 1737 2171 1792 Deum

595 1844 785 1882 verum
808 1829 876 1883 de
900 1831 1012 1884 Deo
1032 1845 1163 1884 vero
1187 1847 1200 1884 :
1227 1831 1497 1900 genitum,
1525 1845 1636 1883 non
1665 1829 1902 1894 factum;
1929 1829 2170 1883 consub-

595 1922 905 1977 stantialem
928 1923 1080 1977 Patri
1111 1941 1122 1976 :
1157 1940 1254 1992 per
1277 1939 1440 1992 quem
1469 1923 1652 1976 omnia
1678 1922 1819 1977 facta
1864 1929 2012 1984 sunt,
2049 1936 2172 1991 qua:

601 2015 658 2068 in
681 2016 822 2069 cmlo
847 2021 1054 2069 suntet
1098 2014 1154 2067 in
1185 2021 1350 2068 terra.
1377 2013 1479 2079 Qui
1504 2019 1728 2082 propter
1773 2027 1874 2066 nos
1921 2011 2172 2066 homines

595 2107 701 2176 22
741 2115 799 2162 et
839 2115 1064 2177 prOpter
1088 2107 1321 2162 salutem
1348 2115 1591 2160 nostram
1639 2105 1944 2168 descendit,
1993 2104 2171 2159 incar-

590 2205 862 2265 natusque
885 2206 940 2251 et
965 2198 1130 2251 homo
1169 2197 1346 2252 l‘actus
1384 2205 1489 2262 est,
1514 2204 1571 2250 et
1594 2211 1822 2265 passus;
1851 2194 1944 2264 qui
1985 2211 2168 2248 resur-

589 2289 735 2342 rexit
761 2289 920 2342 tertia
959 2299 1082 2359 post
1112 2290 1240 2342 die:
1279 2288 1528 2344 ascendit
1571 2288 1639 2342 ad
1683 2289 1872 2350 cmlos,
1899 2295 2170 2342 venturus

589 2385 758 2431 estut
797 2379 950 2432 vivos
991 2381 1200 2450 judiwt
1245 2396 1309 2435 ac
1352 2387 1638 2434 mortuos:
1686 2379 1963 2434 credimus
2008 2388 2064 2433 et
2111 2380 2168 2433 in

587 2467 853 2536 Spiritum
885 2481 1155 2523 sanctum.
1183 2472 1290 2524 Eos
1315 2478 1498 2525 autem
1527 2470 1620 2540 qui
1647 2471 1840 2524 dicunt
1865 2486 1876 2520 :
1911 2469 2033 2524 Fuit
2069 2469 2169 2523 ali-

589 2556 810 2624 quando
841 2564 1055 2626 tempus
1081 2574 1206 2612 cum
1256 2573 1368 2612 non
1415 2567 1586 2622 esset,
1633 2567 1688 2612 et
1731 2559 2036 2628 Antequam
2081 2557 2165 2627 gi-

586 2654 848 2716 gneretur
893 2664 1004 2702 non
1049 2657 1168 2703 erat
1199 2668 1210 2702 :
1239 2650 1324 2704 vel
1355 2650 1502 2719 quod
1550 2650 1618 2704 de
1670 2665 1781 2703 non
1819 2648 2166 2702 exstantibus

587 2737 768 2793 factus
789 2747 874 2793 est
900 2758 912 2792 :
941 2749 1035 2794 aut
1059 2743 1150 2810 qui
1175 2757 1240 2796 cx
1266 2743 1438 2795 altera
1463 2739 1768 2795 substantia
1811 2739 1898 2792 vel
1925 2737 2162 2792 essentia

585 2829 780 2883 dicunt
804 2845 924 2884 esse
948 2829 1146 2885 Filium
1187 2832 1305 2896 Dei,
1332 2841 1427 2886 aut
1469 2839 1735 2896 creatum,
1784 2837 1880 2884 aut
1925 2844 2162 2884 conver-

2274 1652 2604 1722 γεννηθέντα
2657 1655 2721 1705 ἐκ
2753 1651 2848 1704 τοῦ
2882 1652 3094 1723 Πατρὸς
3143 1653 3437 1722 μονογενῆ,
3470 1655 3750 1707 τουτέστιν
3793 1658 3853 1710 ἐκ

2273 1745 2372 1812 τῆς
2420 1743 2606 1806 οὐσίας
2659 1742 2754 1796 τοῦ
2805 1742 3054 1814 Πατρὸς,
3099 1743 3230 1796 Θεὸν
3267 1745 3331 1796 ἐκ
3365 1744 3498 1796 Θεοῦ
3527 1747 3618 1799 καὶ
3651 1746 3765 1816 φῶς
3793 1749 3853 1801 ἐκ

2276 1831 2471 1900 φωτὸς,
2489 1831 2622 1884 Θεὸν
2649 1830 2900 1900 ἀληθινὸν
2928 1833 2992 1882 ὲκ
3021 1828 3154 1882 Θεοῦ
3185 1828 3470 1900 ἀληθινοῦ·
3501 1832 3852 1901 γεννηθέντα,

2273 1923 2333 1975 οὐ
2361 1921 2652 1992 ποιηθέντα
2673 1963 2688 1984 ,
2725 1919 3007 1992 ὀμοούσιον
3035 1919 3111 1990 τῷ
3139 1919 3334 1990 Πατρί·
3367 1920 3435 1974 δι’
3467 1915 3526 1974 οὗ
3569 1920 3637 1974 τὰ
3677 1924 3847 1975 πάντα

2273 2013 2508 2080 ἐγένετο,
2536 2013 2604 2066 τά
2626 2029 2683 2071 τε
2708 2013 2765 2063 ὲν
2789 2011 2868 2080 τῷ
2892 2011 3106 2081 οὐρανῷ
3127 2011 3220 2064 καὶ
3243 2010 3310 2063 τὰ
3336 2013 3392 2064 ὲν
3410 2013 3476 2082 τῇ
3502 2014 3593 2082 γῇ·
3619 2011 3686 2064 δι’
3708 2013 3850 2082 ἡμᾶς

2272 2105 2398 2166 τοὺς
2423 2103 2743 2174 ἀνθρώπους
2769 2104 2863 2154 καὶ
2891 2103 2979 2156 διὰ
3006 2103 3104 2172 τὴν
3127 2103 3400 2174 ἡμετέραν
3430 2103 3700 2174 σωτηρίαν
3725 2120 3851 2156 κατ-

2273 2194 2494 2247 ελθόντα
2519 2193 2611 2247 καὶ
2646 2191 3001 2263 σαρκωοέντα
3035 2195 3128 2246 καὶ
3166 2194 3663 2266 ὲνανθρωπήσαντα
3691 2213 3703 2225 ο
3746 2213 3852 2248 πα-

2272 2283 2432 2337 θόντα
2459 2285 2553 2337 καὶ
2580 2283 2883 2336 ἀναστάντα
2913 2286 2982 2354 τῇ
3023 2285 3180 2356 τρίτῃ
3206 2285 3407 2356 ἡμέρᾳ,
3444 2284 3740 2339 ἀνελθόντα
3774 2287 3854 2348 εἰς

2271 2369 2394 2430 τοὺς
2419 2367 2700 2436 οὐρανοὺς,
2725 2366 3016 2436 ἐρχόμενον
3040 2367 3221 2436 κρῖναι
3245 2369 3455 2432 ζῶντας
3475 2370 3569 2422 καὶ
3600 2369 3849 2440 νεκρούς

2270 2456 2362 2508 καὶ
2391 2457 2471 2518 εἰς
2499 2455 2559 2508 τὸ
2587 2455 2740 2522 ἅγιον
2767 2456 2990 2525 Πνεῦμα
3005 2466 3055 2510 σι.
3089 2457 3226 2520 Τοὺς
3245 2457 3300 2510 δὲ
3327 2459 3608 2526 λέγοντας,
3634 2461 3718 2513 ὅτι
3744 2457 3859 2513 Ἷῐν

2270 2563 2399 2598 ποτε
2441 2547 2529 2598 ὅτε
2568 2547 2666 2600 οὐκ
2695 2542 2782 2617 ἦν,
2817 2546 2914 2600 καὶ
2947 2547 3080 2618 Πρὶν
3111 2548 3438 2619 γεννηθῆναι
3485 2549 3584 2602 οὐκ
3623 2547 3714 2618 ἢν,
3760 2553 3858 2604 καὶ

2267 2635 2350 2688 ὅτι
2389 2635 2479 2700 Ἐξ
2507 2637 2608 2690 οὐκ
2631 2636 2796 2690 ὄντων
2820 2637 3106 2708 ὲγένετο,ἢ
3135 2637 3194 2702 ἐξ
3223 2639 3416 2709 ἑτέρας
3430 2641 3790 2704 ὑποστάσεως
3825 2643 3858 2713 ἢ

2266 2729 2453 2792 οὐσίας
2482 2730 2786 2797 φάσκοντας
2812 2725 2970 2794 εἶναι,
3003 2731 3036 2800 ἦ
3077 2731 3310 2789 κτιστὸν.
3346 2731 3380 2800 ἢ
3418 2733 3675 2803 τρεπτὸν,
3705 2733 3741 2804 ἢ
3773 2735 3861 2788 ἀλ-

2265 2821 2486 2875 λοιωτὸν
2506 2821 2597 2875 τὸν
2627 2822 2754 2875 Υίὸν
2787 2823 2880 2875 τοῦ
2912 2823 3068 2888 Θεὸῦ,
3097 2823 3484 2893 ἀναθεματίξει
3511 2827 3546 2895 ἡ
3577 2826 3715 2894 ἁγία
3758 2844 3862 2880 κα-

586 2917 730 2975 ςίοηί
811 2923 1216 2992 mutationique
1299 2923 1604 2977 obnoxium
1647 2963 1661 2986 ,
1738 2919 2162 2976 anathematizat

2270 2911 2456 2985 θολικὴ
2495 2913 2590 2968 καὶ
2614 2913 2946 2983 ἀποστολικὴ
2983 2913 3298 2984 Ἐκκλησία.

585 3018 776 3067 sancta
799 3011 1066 3066 catholica
1095 3021 1150 3066 et
1173 3013 1475 3082 apostolica
1500 3011 1766 3066 Ecclesia.

657 3101 812 3154 Hanc
841 3101 1001 3156 ﬁdem
1029 3106 1260 3156 trecenti
1286 3103 1509 3172 quidem
1535 3110 1592 3156 et
1614 3103 1920 3156 octodecim
1947 3099 2166 3154 antisti-

586 3199 670 3247 tes
691 3194 1071 3262 probaverunt
1097 3203 1154 3249 ct
1177 3195 1415 3264 amplexi
1457 3201 1584 3248 sunt
1613 3211 1624 3246 :
1677 3201 1863 3262 atque,
1891 3201 1952 3246 ut
1995 3193 2166 3246 Euse-

583 3282 711 3338 bius
734 3285 951 3348 scribit,
983 3301 1092 3339 uno
1116 3301 1310 3340 omnes
1336 3300 1431 3338 ore
1459 3291 1515 3338 et
1541 3285 1596 3336 in
1631 3300 1796 3338 unam
1836 3284 2163 3338 sententiam

583 3372 970 3439 conspirantes
1007 3373 1474 3442 conscripserunt.
1513 3370 1768 3440 Quinque
1813 3379 2024 3426 tantum
2073 3389 2162 3427 re—

585 3461 729 3531 perti
753 3470 903 3527 sunt,
929 3463 1022 3532 qui
1051 3463 1196 3517 illam
1240 3463 1493 3532 amplecti
1523 3463 1753 3529 nollent,
1801 3478 1990 3518 vocem
2035 3481 2163 3518 con-

585 3553 944 3608 substantialis
970 3553 1438 3623 reprehendentes
1465 3571 1477 3606 :
1517 3554 1790 3609 Eusebius
1827 3556 2036 3609 scilicet
2058 3555 2157 3610 Ni-

585 3645 954 3701 comediensis
1000 3646 1310 3714 episcopus,
1382 3645 1658 3714 Theognis
1713 3645 1928 3708 Nicaeae,
2001 3647 2167 3701 Maris

583 3735 970 3799 Chalcedonis,
1033 3735 1288 3790 Theonas
1347 3735 1715 3797 Marmaricm,
1764 3743 1820 3789 et
1879 3736 2165 3792 Secundus

583 3822 960 3881 Ptolemaidis.
1001 3823 1134 3875 Nam
1180 3822 1442 3892 quoniam
1487 3823 1978 3887 eonsubstantiale,
2030 3825 2162 3879 illud

581 3929 704 3968 esse
729 3914 952 3968 aiebant
993 3914 1228 3982 quodex
1273 3914 1380 3967 alio
1429 3920 1534 3976 est,
1581 3914 1664 3967 vel
1712 3915 2026 3982 partitione,
2075 3917 2160 3971 vel

583 4004 752 4069 ﬁuxu,
778 4005 863 4058 vel
888 4005 1179 4073 eruptione
1210 4021 1222 4056 :
1260 4005 1552 4073 eruptione
1580 4004 1828 4075 quidem,
1858 4014 1916 4059 ut
1954 4022 2022 4059 ex
2068 4023 2158 4062 ra-

2343 3095 2559 3165 Ταύτην
2587 3095 2684 3166 τὴν
2734 3096 2912 3148 πίστιν
2942 3096 3244 3165 τριακόσιοι
3293 3098 3392 3166 μὲν
3438 3099 3574 3168 πρὸς
3612 3101 3732 3162 τοῖς
3772 3101 3861 3153 δε-

2265 3187 2480 3242 καοκτὼ
2509 3187 2752 3256 ἔγνωσαν
2797 3204 2856 3240 τε
2893 3188 2984 3240 καὶ
3025 3187 3304 3256 ἔστερξαν,
3341 3190 3456 3249 καὶ,
3491 3189 3564 3253 ὥς
3606 3207 3789 3261 φησιν
3840 3197 3872 3246 ὁ

2268 3279 2528 3342 Εὐσέϐιος
2547 3319 2561 3341 ,
2591 3280 3046 3350 όμοφωνήσαντες
3077 3279 3169 3331 καὶ
3215 3281 3638 3350 ὀμοδοξήσαντες
3681 3281 3872 3353 ἔγρα-

2264 3388 2383 3439 φον.
2407 3370 2572 3422 Πέντε
2603 3371 2660 3423 δὲ
2690 3371 2840 3439 μόνοι
2867 3369 2976 3438 (45)
3000 3371 3059 3424 οὺ
3091 3370 3614 3443 προσεδέξαντο,τῆς
3649 3372 3874 3437 λέξεως

2264 3463 2369 3517 τοῦ
2414 3463 2740 3531 ὀμοουσίου
2775 3464 3153 3532 ἐπιλαϐόμενοι
3175 3480 3186 3493 ·
3221 3465 3476 3527 Εὑσέϐιός
3508 3482 3565 3517 τε
3604 3466 3634 3518 ὁ
3693 3466 3875 3520 Νικο-

2269 3555 2494 3626 μηδείας
2515 3555 2832 3619 ἐπίσκοπος,
2861 3557 2954 3609 καὶ
2974 3556 3192 3625 Θέογνις
3215 3558 3466 3621 Νικαίας,
3493 3558 3686 3626 Μάρις
3717 3559 3850 3612 Χαλ
3866 3593 3879 3603 ο

2265 3644 2506 3715 κηδόνος,
2547 3645 2764 3708 Θεωνᾶς
2793 3648 3169 3718 Μαρμαρικῆς
3189 3688 3201 3706 ,
3237 3647 3525 3708 Σεκοῦνδος
3549 3647 3736 3700 Πτολε
3747 3652 3883 3718 μαῖ-

2263 3736 2370 3798 δος.
2425 3737 2576 3788 Ἐπεὶ
2607 3736 2713 3808 γὰρ
2749 3737 2957 3804 ἔφασαν
2999 3739 3286 3806 όμοούσιον
3323 3733 3464 3790 εἶναι
3489 3777 3502 3800 ,
3539 3738 3566 3790 ὃ
3605 3739 3680 3792 ἔκ
3721 3741 3884 3805 τινός

2261 3830 2426 3893 ἐστιν,
2460 3828 2493 3898 ἢ
2531 3829 2670 3880 κατὰ
2701 3829 2988 3900 μερισμὸν,
3022 3830 3053 3900 ἢ
3081 3830 3221 3882 κατὰ
3251 3829 3456 3900 ῥεῦσιν,
3482 3829 3514 3900 ἢ
3540 3831 3700 3884 κατὰ
3742 3850 3888 3904 προ-

2265 3918 2446 3989 ϐολήν·
2481 3921 2624 3973 κατὰ
2653 3920 2922 3990 προϐολὴν
2964 3921 3082 3990 μὲν,
3119 3922 3193 3984 ὡς
3225 3923 3290 3973 ὲκ
3323 3920 3486 3990 ῥιζῶν
3527 3920 3883 3996 βλάστημα·

2266 4009 2407 4061 κατὰ
2445 4008 2502 4062 δὲ
2532 4009 2742 4079 ρεὖσιν,
2782 4011 2855 4074 ὡς
2882 4013 2929 4064 οἱ
2969 4013 3224 4082 πατρικοὶ
3259 4012 3464 4078 παῖδες·
3505 4014 3660 4068 κατὰ
3716 4033 3890 4087 μερι-

1806 4181 2070 4237 VALESIl
2106 4181 2654 4243 ANNOTATIONES.

655 4341 766 4414 (45)
791 4339 1257 4414 Μεγαλο-φρόνως
1281 4339 1686 4414 ἐξενεχθεῖσα.
1712 4341 1772 4414 In
1795 4340 1984 4414 codice
2015 4339 2155 4394 Leo-

2270 4339 2707 4414 positumul‘uisse
2731 4358 2760 4395 a
2789 4341 3035 4406 Socrate,
3067 4350 3181 4397 tum
3217 4359 3284 4398 ex
3328 4345 3650 4414 Epiphanio
3691 4352 3898 4411 Scho-

580 4409 868 4482 nis'Allatii
891 4410 989 4482 hic
1018 4412 1174 4464 locus
1199 4411 1270 4465 ita
1295 4411 1497 4482 legitur
1531 4412 1688 4482 :qas
1724 4413 1788 4482 ὲν
1814 4413 2017 4482 Nux-qu
2050 4430 2153 4482 πα-

589 4481 654 4548 ρὰ
699 4481 796 4550 τῆς
838 4479 1077 4550 μεγάλης
1108 4482 1324 4533 συνόδου
1352 4479 1444 4533 ἱιαὶ
1479 4479 1876 4532 ὑπὸιίὑσεϐίου
1920 4479 2151 4549 μεγαλα-

579 4555 770 4616 (primo);
813 4551 1155 4602 ἐπαινεθεῖσα
1186 4551 1492 4619 συμφωνία,
1531 4558 1637 4604 etc.
1669 4550 1930 4603 Eamdem
1957 4551 2153 4604 lectio-

581 4634 702 4674 nem
732 4627 954 4689 sccutus
974 4627 1056 4672 est
1082 4619 1424 4689 Epiphanius
1459 4620 1849 4674 Scholastieus.
1885 4620 1974 4674 Sic
2005 4623 2152 4676 enim

584 4689 748 4760 vertit
785 4707 797 4740 :
825 4687 1144 4760 Concordia:
1167 4687 1290 4759 ergo
1311 4689 1434 4760 ﬁdei
1461 4707 1493 4744 a
1523 4707 1715 4760 magno
1743 4691 1794 4760 iu
1820 4690 2000 4743 Nim’a
2027 4709 2153 4760 pro-

576 4757 700 4812 lata:
722 4758 960 4822 concilio,
992 4759 1054 4812 ab
1086 4757 1478 4813 Euscbiorclara
1506 4757 1627 4813 voce
1649 4759 1890 4821 laudata,
1921 4757 2150 4814 Iut'c'cst.

576 4827 805 4900 Videtur
829 4829 1054 4882 omnino
1089 4831 1285 4900 legisse
1327 4829 1672 4898 Epiphanius
1701 4829 1849 4898 παρὰ
1887 4831 1986 4898 τῆς
2028 4848 2154 4900 μεγ.

579 4899 792 4968 συνόδου
825 4899 1160 4968 ἐξενεχθεῖσα
1189 4901 1301 4963 καί,
1327 4908 1383 4953 et
1425 4907 1642 4963 emtera,
1671 4907 1730 4952 ut
1754 4915 1938 4967 supra.

651 4967 762 5040 (44)
796 4971 1161 5040 Ιιιστεύρμεν·
1190 4973 1270 5036 εἰς
1309 4968 1418 5022 ἕνα
1447 4971 1614 5023 Θεῶν.
1660 4969 1978 5040 Symbolum
2013 4971 2158 5038 quod

576 5035 670 5108 hic
709 5035 977 5108 sequitur,
1007 5035 1160 5092 deest
1209 5035 1263 5092 in
1298 5040 1554 5094 omnibus
1599 5035 1804 5093 nostris
1834 5035 2161 5108 exemplari-

576 5107 748 5178 ribus.
776 5107 963 5178 Regio,
1005 5109 1321 5162 Florentino
1351 5117 1406 5163 et
1433 5110 1727 5165 Sfortiano.
1766 5109 1932 5164 Recte
1980 5107 2160 5164 tamen

574 5176 1107 5248 ChristOph'orsonus
1148 5178 1204 5234 id
1247 5179 1496 5250 reposuit
1537 5181 1644 5236 hoc
1674 5181 1815 5235 loco.
1867 5180 1968 5234 llic
2014 5181 2162 5235 enim

2260 4411 2451 4463 lastieo
2482 4411 2766 4486 discimus,
2817 4422 2930 4486 tum
2978 4429 3042 4486 ex
3093 4413 3278 4468 verbis
3309 4411 3447 4484 qua:—
3474 4421 3754 4486 proxime
3797 4443 3900 4480 se-

2257 4491 2524 4552 quuntur,
2554 4481 2767 4549 Ὶ“αύτην
2804 4483 2900 4552 τὴν
2948 4483 3128 4534 πίστιν
3155 4481 3620 4552 τριακόσιοιξριο.
3670 4493 3905 4551 Manu-

2257 4551 2447 4620 scripti
2488 4559 2669 4604 autem
2716 4551 2934 4606 codices
2979 4553 3282 4621 symbolum
3328 4555 3473 4608 istud
3518 4558 3618 4614 hic
3653 4568 3908 4620 omise-

2257 4621 2906 4702 I"‘lllll-.‘(_?.0hq1l0t‘l“Pallio
2941 4633 3064 4691 post
3109 4633 3454 4692 repeteretur
3501 4626 3560 4680 in
3613 4635 3904 4702 cpistola

2256 4689 2480 4743 Eusebii
2505 4689 2793 4760 Pamphili.

2331 4761 2440 4829 (lii)
2465 4761 2652 4846 ,Πέντε
2802 4762 2994 4827 μόνοι.
3029 4762 3158 4846 nimo
3195 4763 3303 4846 duo
3329 4773 3540 4820 tantum
3560 4770 3912 4846 episeom,

2261 4828 2549 4884 Secundus
2597 4845 2658 4882 ac
2701 4830 2974 4892 Theonas,
3027 4831 3150 4885 ﬁdei
3203 4834 3435 4890 Nic:en:e
3489 4828 3916 4902 subécribéré

2261 4909 2606 4984 recusarunt,
2627 4910 2684 4953 ut
2710 4909 2854 4984 recte
2877 4902 3070 4980 scribit
3095 4903 3539 4984 Theodoritusjn
3565 4909 3749 4965 libro
3780 4917 3923 4984 pri-

2261 4971 2618 5053 tno'llistoriae
2641 4971 3048 5053 ecclesi{is-timeZ
3069 4983 3124 5053 et
3147 4984 3273 5027 ante
3301 4977 3453 5053 ilium
3476 4971 3924 5053 lliernnyfnus

2263 5038 2316 5114 in
2344 5041 2854 5114 Dialogoadversus
2889 5041 3281 5114 Luciferianos.
3309 5045 3476 5113 idque
3501 5038 3750 5114 aperte,
3763 5038 3926 5111 con;

2262 5108 2445 5189 ﬁrinat
2493 5111 2730 5189 Epistola
2783 5105 3042 5181 synodica
3090 5115 3306 5168 concilii
3357 5105 3588 5181 Nictenii,
3626 5105 3931 5189 quae

2263 5179 2499 5234 refertur
2521 5196 2550 5234 a
2579 5179 2821 5236 Socrate.

2010 5341 2313 5398 V’ARIORU
2325 5343 2390 5395 Μ.

650 5483 693 5548 ιι-
721 5474 830 5528 Καὶ
871 5474 1174 5548 είςᾉᾶγιον
1200 5478 1465 5548 Πνεῦμα.
1519 5476 1833 5548 Symbolum
1891 5477 2159 5546 originem

577 5545 724 5614 cepit
756 5561 831 5618 ex
870 5546 1148 5618 agnitione
1188 5547 1310 5602 ﬁdei
1339 5545 1375 5603 a
1397 5545 1740 5618 baptiiandis
1763 5547 1926 5610 facta,
1954 5558 2014 5600 ut
2041 5548 2160 5601 fuse

580 5616 819 5672 ostendit
852 5616 1073 5672 doctiss.
1107 5618 1416 5676 Pcarsonus
1449 5616 1504 5674 in
1541 5627 1637 5674 sua
1663 5619 1904 5690 Symbuli
1941 5628 2162 5688 aposto-

2269 5475 2356 5554 lici
2381 5449 2735 5554 expositione,
2766 5475 3050 5554 p._.'j:i,_35,
3077 5474 3305 5554 ideoque
3330 5475 3666 5554 olim_l_1aud
3703 5487 3951 5554 [ιιιιι-ρε

2272 5546 2463 5599 habuit
2508 5544 2783 5600 articulos:
2827 5544 2969 5617 (Yid.
3006 5547 3395 5617 cumdempag.
3422 5547 3546 5611 551,
3587 5562 3665 5608 et,
3698 5544 3950 5617 Socii};

2271 5625 2377 5670 tem
2402 5628 2650 5672 nosuum
2679 5619 2842 5688 paulo
2869 5614 3009 5669 infra
3035 5615 3088 5668 in
3119 5615 3222 5670 hoc
3249 5614 3470 5686 capite.)
