4050 6348
249 226 307 283 69
1211 236 1535 295 HISTORIA
1576 239 2130 299 ECCLESIASTICA.
2172 277 2238 284 —
2280 246 2405 301 LIB.
2451 248 2490 300 I.
3410 256 3479 313 70

249 343 362 437 σμον
388 343 462 405 δὲ,
492 342 565 437 ὡς
592 343 762 414 βώλου
787 349 1036 418 χρυσίδες
1061 348 1151 402 δύο
1180 351 1212 422 ἦ
1235 354 1403 423 τρεῖς·
1423 354 1542 408 κατ’
1571 355 1721 410 οὐδὲν
1745 356 1800 410 δὲ
1829 378 1848 424 λ

1904 357 2120 413 dicibus
2160 361 2437 429 germina;
2487 358 2660 428 ﬂuxu,
2699 370 2761 416 ut
2801 378 2871 418 ex
2915 366 3239 434 parentibus
3282 367 3476 437 liberi;

246 433 422 487 τούτων
457 435 609 488 ἐστὶν
635 437 665 488 ό
693 437 840 502 Υἱός·
882 438 971 493 διὰ
1003 440 1159 494 τοῦτο
1199 443 1261 495 οὐ
1312 445 1800 512 συγκατατίθεσθαι

1901 450 2199 518 partitione
2224 466 2382 517 vero,
2409 462 2473 507 ut
2494 468 2559 506 ex
2586 454 2708 508 auri
2733 433 3056 512 massadua:
3078 458 3162 512 vel
3192 467 3307 515 tres
3326 433 3482 532 plna;-

245 528 298 597 τῇ
320 527 491 580 πίστει
526 528 731 597 ἔλεγον.
762 530 941 585 Πολλὰ
964 527 1056 585 οὖν
1083 534 1182 602 τὴν
1209 534 1353 602 λέξιν
1389 536 1483 590 τοῦ
1511 537 1798 607 ὁμοουσίου

1899 542 1966 597 la:
1994 560 2007 595 ε
2034 544 2187 598 nullo
2209 558 2379 613 porro
2402 559 2472 599 ex
2497 545 2587 600 his
2611 546 2778 602 modo
2802 563 2924 604 esse
2970 549 3167 604 Filium
3211 527 3345 606 Dei?
3393 553 3478 608 id-

248 617 571 710 σκώψαντες,
613 623 678 691 τῇ
723 624 1035 697 καθαιρέσει
1090 627 1300 698 Ἀρείου
1344 630 1658 701 ὑπογράψαι
1699 633 1799 685 οὐκ

1899 635 2049 688 circo
2073 634 2128 689 in
2152 650 2274 690 eam
2299 635 2463 691 ﬁdem
2493 651 2552 691 se
2576 639 2889 694 consentire
2915 654 3021 693 non
3050 655 3210 710 posse
3259 658 3479 698 asseve-

247 707 621 801 ηϐοοληρησαν.
647 714 848 787 Διόπερ
877 719 910 787 ἡ
936 716 1149 782 σύνοδος
1179 720 1392 788 Ἀρειον
1426 721 1523 788 μὲν
1556 721 1648 773 καὶ
1673 723 1795 785 τοὺς

1899 722 2113 776 rabant.
2182 725 2383 779 Vocem
2450 726 2620 797 igitur
2684 707 3166 785 consubstantialis
3231 732 3481 801 plurimis

245 798 505 881 ρμοδόξους
534 803 701 855 αὐτοῦ
739 806 1128 876 ἀνεθεμάτισεν
1167 809 1430 874 ἅπαντας,
1471 810 1799 881 προσθέντες

1898 814 2110 868 cavillis
2134 830 2198 870 ac
2235 817 2486 873 dicteriis
2509 818 2787 884 insectati,
2816 819 2931 873 Arii
2972 798 3305 891 depositioni
3346 825 3478 879 sub-

245 891 359 959 μήτε
388 891 692 947 ἐπιϐαίνειν
717 897 817 964 τῆς
864 894 1269 968 Ἀλεξανδρείας
1306 900 1489 953 αὐτόν·
1537 900 1798 971 βασιλέως

1899 905 2143 959 scribere
2166 906 2485 962 noluerunt.
2517 908 2688 974 Quam
2717 910 2787 964 ob
2811 924 3030 965 causam
3070 913 3314 982 synodus
3356 916 3479 984 qui-

244 981 289 1033 δὲ
315 981 636 1053 πρόσταγμα
670 987 764 1038 καὶ
802 988 964 1041 αὐτόν
991 989 1082 1043 καὶ
1114 992 1237 1053 τοὺς
1269 992 1395 1061 περ).
1426 992 1681 1046 Εὑσέϐιον
1702 994 1797 1047 καὶ

1899 996 2024 1051 dem
2046 999 2241 1052 Arium
2278 1008 2334 1054 et
2359 1015 2551 1055 omnes
2577 1002 2671 1070 qui
2707 1017 2831 1055 cum
2876 1017 2944 1055 eo
2966 1004 3297 1069 sentiebant,
3344 1022 3475 1060 ana-

241 1072 461 1140 Θὲογνιν,
512 1076 594 1138 είς
637 1076 855 1147 ὲξορίαν
893 1079 1232 1138 ἀπέστειλεν.
1268 1083 1524 1147 Εὐσέϐιος
1567 1085 1664 1155 μὲν
1703 1082 1797 1140 οὖν

1898 1090 2140 1144 themate
2164 1092 2440 1159 percussit
2464 1131 2478 1156 ,
2509 1093 2724 1162 adjecto
2748 1093 2974 1164 insuper
2997 1110 3066 1149 ne
3090 1095 3477 1152 Alexandriam

240 1165 319 1218 καὶ
345 1164 567 1234 Θέογνις
596 1168 791 1240 μικρὸν
815 1169 1039 1242 ὕστερον
1059 1174 1195 1243 μετὰ
1222 1174 1321 1245 τὴν
1346 1176 1560 1247 ἐξορίαν
1595 1177 1796 1247 βιϐλίον

1898 1179 2110 1251 ingredi
2133 1180 2184 1234 ei
2208 1181 2420 1235 liceret.
2444 1175 2748 1251 lmperatoi'
2770 1200 2902 1238 vero
2923 1193 3034 1238 tum
3062 1185 3252 1241 Arium
3277 1188 3475 1258 ipsum,

238 1258 508 1326 μετανοίας
539 1260 848 1326 ἐπιδόντες,
884 1266 947 1334 τῇ
1000 1266 1177 1319 πίστει
1204 1267 1297 1319 τοῦ
1341 1270 1623 1338 όμοουσίου
1674 1287 1797 1323 συν-

1899 1280 2013 1326 tum
2052 1270 2351 1325 Eusebium
2393 1286 2459 1325 ac
2502 1272 2785 1341 Theognin
2808 1274 3004 1328 exsilio
3047 1276 3358 1332 mulctavit.
3412 1280 3480 1334 Et

233 1347 419 1414 ἐθεντο,
446 1350 523 1412 ὡς
553 1352 836 1422 προϊόντες
870 1353 1199 1424 δηλώσομεν.
1234 1358 1365 1410 Τότε
1394 1358 1448 1411 δὲ
1488 1362 1545 1412 ἐν
1577 1363 1642 1431 τῇ
1672 1378 1795 1415 συν-

1897 1363 2169 1419 Eusebius
2195 1364 2415 1433 quidem
2442 1378 2505 1418 ac
2532 1363 2827 1433 Theognis,
2855 1367 3020 1434 paulo
3046 1375 3173 1436 post
3215 1384 3380 1438 quam
3422 1371 3476 1424 in

228 1440 324 1511 όδῳ
350 1441 626 1507 Εὐσέϐιος,
668 1446 696 1497 ὁ
738 1445 835 1515 τὴν
870 1447 1157 1516 Παμφίλου
1203 1451 1587 1519 προσωνυμίαν
1632 1453 1791 1522 ἔχων,

1894 1454 2159 1508 exsilium
2192 1454 2347 1507 missi
2374 1462 2579 1518 essent,
2604 1454 2788 1507 oblato
2813 1454 3150 1523 pcenitentite
3188 1457 3396 1524 libello,
3422 1459 3476 1513 in

232 1534 438 1603 καὶτῆς
492 1536 549 1587 ἐν
585 1534 920 1609 Παλαιστίνῃ
967 1540 1304 1609 Καισαρείας
1350 1541 1448 1603 τὴν
1489 1544 1794 1615 ἐπισκοπὴν

1897 1544 2057 1598 ﬁdem
2084 1544 2571 1605 consubstantialis
2596 1559 2946 1608 consensere,
2974 1546 3116 1600 sicut
3140 1547 3195 1601 in
3222 1564 3476 1618 progres-

230 1628 653 1700 κεκληρωμένος,
685 1632 878 1702 μικρὸν
905 1634 1227 1703 ἐπιστήσας,
1250 1635 1343 1688 καὶ
1361 1636 1792 1708 διας-κειράμενος

1894 1651 1956 1689 su
1984 1635 2253 1690 orationis
2277 1636 2552 1689 ostensuri
2582 1651 2793 1689 sumus.
2823 1636 2978 1690 Tune
3003 1652 3137 1691 vero
3182 1637 3474 1703 Eusebius,

231 1721 275 1771 εἰ
298 1719 369 1772 δεῖ
396 1720 794 1791 προσδέξασθαι
821 1724 910 1777 τὸν
932 1725 1055 1794 ὅρον
1085 1726 1181 1794 τῆς
1209 1725 1463 1791 πίστεως,
1485 1726 1656 1790 οὕτως
1682 1726 1796 1795 ἆμα

1900 1728 1946 1782 is
1968 1728 2059 1795 qui
2086 1736 2508 1797 cognomentum
2536 1728 2804 1796 Pamphili
2834 1728 3066 1782 sortitus
3088 1736 3193 1791 est,
3218 1729 3479 1784 Cresarcaa

228 1815 330 1874 τοῖς
356 1812 570 1876 πολλοῖς
612 1815 749 1867 πᾶσι
796 1814 1082 1885 συνῄνεσεν
1128 1832 1188 1868 τε
1228 1818 1323 1869 καὶ
1358 1818 1791 1888 συνυπέγραψεν·

1896 1821 1953 1875 in
1992 1821 2280 1875 Palaestina
2309 1821 2683 1875 sacerdotium
2728 1835 2947 1889 gerens,
2992 1836 3117 1874 cum
3167 1821 3223 1874 in
3269 1821 3477 1892 synodo

231 1904 403 1975 καὶτῷ
433 1905 525 1958 ὑπ’
547 1905 710 1960 αὑτὸν
731 1906 847 1975 λαῷ
874 1906 1145 1975 ἔγγραφον
1174 1908 1264 1960 τὸν
1290 1908 1413 1977 ὅρον
1441 1909 1538 1977 τῆς
1564 1910 1796 1972 πίστεως

1896 1912 2179 1981 paululum
2197 1911 2584 1973 hzesitavisset,
2600 1926 2897 1980 secumque
2915 1912 3268 1981 cxpendisset
3291 1920 3477 1967 utrum

228 1996 564 2066 διεπέμψατο,
597 1998 693 2070 τὴν
720 1998 814 2052 τοῦ
837 2001 1120 2070 όμοουσίου
1146 2000 1294 2066 λέξιν
1320 1998 1683 2071 ἑρμηνεύσας.
1711 2000 1794 2053 ἵνα

1894 2002 2237 2057 admittenda
2264 2011 2410 2058 esset
2434 2002 2562 2057 ﬁdei
2602 2002 2860 2066 formula,
2891 2002 3112 2057 tandem
3152 2013 3209 2059 et
3231 2005 3346 2075 ipse
3369 2021 3473 2061 una

230 2090 355 2158 μηδὲ
376 2090 511 2152 ὅλως
540 2107 626 2153 τις
660 2091 915 2144 ὑπόνοιαν
939 2091 1056 2144 ἀνθ’
1084 2085 1158 2144 ὧν
1193 2090 1495 2160 ἐπέστησεν
1524 2089 1621 2160 ἔχῃ
1667 2106 1731 2141 πε
1741 2089 1795 2160 pi.

1894 2109 2019 2148 cum
2048 2094 2277 2163 reliquis
2303 2110 2561 2150 assensus
2596 2104 2680 2149 est
2706 2104 2763 2149 et
2784 2095 3120 2165 subscripsit
3148 2115 3161 2150 :
3206 2106 3263 2151 et
3302 2097 3474 2153 Gesa-

225 2178 399 2233 αὐτοῦ.
433 2181 593 2236 Ἔστι
624 2180 681 2233 δὲ
711 2181 876 2234 αὐτοῦ
910 2182 976 2234 τὰ
1005 2181 1285 2250 γραφέντα
1323 2181 1432 2251 (όῦ)
1489 2181 1627 2234 κατὰ
1652 2181 1794 2246 λέξιν

1896 2187 2172 2242 riensibus
2216 2188 2330 2242 suis
2372 2187 2745 2257 conscriptam
2790 2187 2917 2242 ﬁdei
2962 2188 3252 2243 formulam
3302 2190 3472 2253 misit,

222 2272 360 2325 τάδε·
392 2272 473 2328 Τά
505 2272 635 2342 περὶ
660 2273 759 2342 τῆς
783 2273 1240 2344 ὲκκλησιαστικῆς
1272 2273 1506 2337 πίστεως
1532 2289 1793 2341 πραγμα-

1893 2294 2085 2334 vocem
2118 2279 2607 2334 consubstantialis
2649 2280 3069 2349 interpretatus,
3116 2294 3186 2333 ne
3230 2281 3355 2349 quis
3398 2280 3472 2334 si-

220 2364 470 2418 τευθέντα
498 2365 645 2433 κατὰ
690 2365 788 2434 τὴν
838 2366 1079 2435 μεγάλην
1111 2364 1328 2418 σύνοδον
1354 2366 1453 2435 τὴν
1491 2366 1549 2417 ἐν
1590 2363 1794 2435 Νικαία

1892 2372 2128 2426 nistrum
2162 2371 2445 2441 quidpiam
2494 2371 2562 2425 de
2612 2372 2731 2441 ipso
2776 2369 3170 2440 suspicaretur,
3217 2386 3283 2424 eo
3328 2370 3474 2440 quod

223 2456 699 2527 σνγκροτηθεῖσαν,
726 2457 871 2519 εἰκὸς
905 2457 1004 2526 μὲν
1053 2458 1145 2509 καὶ
1173 2458 1339 2526 ὑμᾶς,
1372 2456 1668 2525 ἀγαπητοὶ,
1705 2474 1792 2526 με·

1894 2463 2297 2531 aliquantulum
2336 2462 2692 2516 substitisset.
2736 2462 2910 2516 Porro
2954 2477 3076 2531 qua:
3120 2462 3189 2515 ab
3234 2462 3475 2516 Eusebio

222 2548 541 2617 μαθηκέναι,
574 2551 674 2619 τῆς
710 2550 897 2619 φήμης
922 2550 1243 2620 προτρέχειν
1269 2548 1525 2612 εἰωθυίας
1551 2549 1639 2601 τὸν
1667 2549 1794 2619 περὶ

1894 2553 2098 2623 scripta
2125 2562 2273 2617 sunt,
2301 2554 2383 2609 sic
2416 2569 2475 2608 se
2500 2553 2708 2607 habent
2736 2570 2748 2605 :
2790 2552 2923 2619 Qua:
2967 2551 3035 2606 de
3083 2550 3189 2605 ﬁde
3211 2552 3474 2605 ecclesia-

220 2639 319 2691 τῶν
340 2639 730 2710 πραττομένων
752 2638 951 2710 ἀκριϐῆ
973 2639 1150 2707 λόγον.
1180 2638 1315 2692 Ἀλλ’
1334 2639 1418 2693 ἵνα
1446 2640 1519 2710 μὴ
1541 2640 1603 2693 ἐκ
1627 2639 1792 2709 μόνης

1895 2645 2031 2700 stica
2056 2647 2111 2699 in
2137 2661 2336 2715 magno
2360 2647 2597 2700 concilio
2620 2646 2814 2699 Niczeae
2865 2651 3197 2715 congregato
3243 2652 3475 2699 tractata

219 2730 464 2798 τοιαύτης
523 2729 693 2799 ἀκοῆς
745 2731 814 2783 τὰ
878 2731 976 2799 τῆς
1038 2731 1299 2800 ἀληθείας
1359 2731 1611 2797 ὲτεροίως
1664 2732 1792 2801 ὑμῖν

1894 2745 2043 2799 sunt,
2086 2738 2386 2791 verisimile
2425 2738 2650 2806 quidem
2698 2744 2783 2791 est
2821 2737 2934 2807 jam
2980 2751 3077 2790 vos
3119 2736 3341 2791 aliunde
3386 2736 3473 2789 di-

218 2820 638 2890 ἁπαγγέλληται,
658 2821 970 2889 ἀναγκαίως
991 2822 1410 2891 διεπεμψάμεοα
1432 2824 1561 2892 ὑμῖν
1580 2823 1792 2892 πρῶτον

1895 2827 2135 2891 dicisse,
2189 2828 2392 2882 fratres
2450 2828 2797 2892 charissimi,
2847 2843 2974 2881 eum
3020 2836 3333 2881 accuratam
3382 2843 3472 2881 rc-

219 2908 312 2979 μὲν
346 2910 447 2980 τὴν
495 2911 587 2979 ὑφ’
625 2909 783 2980 ἡμῶν
828 2910 1181 2981 προτεθεῖσαν
1236 2912 1363 2981 περὶ
1413 2912 1511 2980 τῆς
1556 2913 1793 2975 πίστεως

1895 2934 2019 2973 rum
2108 2927 2387 2987 gestarum
2465 2921 2839 2973 narrationem
2932 2919 3077 2972 fama
3162 2919 3473 2989 plerunquc

217 3003 449 3072 γραφὴν,
490 3002 683 3055 ἔπειτα
728 3002 828 3073 τὴν
883 3002 1170 3073 δευτέραν,
1222 3005 1287 3074 ἢν
1336 3006 1455 3067 ταῖς
1496 3004 1791 3075 ἡμετέραις

1896 3012 2067 3064 soleat
2112 3024 2474 3079 praecurrere.
2524 3010 2728 3064 Verum
2779 3024 2850 3062 ne
2896 3008 3205 3062 istiusmodi
3250 3024 3473 3063 rumore

225 3057 263 3072 ,ι
330 3057 342 3070 ι
381 3057 393 3071 Ι
436 3057 447 3066 ν
786 3057 797 3073 Ι
1044 3057 1055 3073 Ι
1159 3057 1170 3066 '
1244 3057 1254 3074 Ι
1436 3057 1453 3067 '
1518 3057 1549 3074 οι
1670 3057 1680 3075 δ
1773 3057 1787 3066 ¹

214 3101 415 3164 gravat;
455 3098 770 3169 προσθήκας
814 3098 1160 3162 ἐπιϐαλόντες
1194 3099 1542 3152 ὲκδεδώκασι.
1584 3100 1657 3151 Τὸ
1690 3100 1787 3169 μὲν

1894 3116 1982 3155 res
2008 3057 2297 3169 23‘vobis
2335 3100 2494 3153 aliter
2529 3115 2692 3168 quam
2734 3114 2791 3153 se
2828 3098 2993 3152 habet
3026 3098 3334 3161 nuntietur,
3374 3113 3471 3152 ne-

211 3184 297 3241 οὗν
325 3188 459 3258 παρ’
494 3188 651 3258 ἡμῶν
683 3188 937 3259 γράμμα,
974 3189 1066 3240 ἐπὶ
1101 3189 1373 3259 παρουσίᾳ
1408 3189 1500 3240 τοῦ
1540 3188 1787 3256 θεοφιλε-

1892 3194 2192 3249 cessarium
2235 3192 2550 3262 putavimus
2586 3192 2653 3246 ad
2694 3206 2792 3246 vos
2827 3191 3044 3245 mittere
3072 3190 3308 3259 primum
3346 3189 3470 3259 qui-

213 3281 400 3332 στάτου
434 3279 592 3349 ἡμῶν
622 3280 885 3350 βασιλέως
926 3281 1301 3348 ἁναγνωσθὲν,
1334 3277 1392 3333 εὖ
1421 3297 1480 3332 τε
1514 3279 1656 3349 ἔχειν
1696 3282 1788 3332 καὶ

1890 3285 2015 3339 dem
2061 3285 2187 3339 ﬁdei
2246 3284 2533 3338 formulam
2578 3299 2609 3338 a
2654 3283 2817 3337 nobis
2858 3282 3226 3352 propositam,
3272 3280 3472 3336 deinde

203 3372 441 3441 δοκίμως
484 3372 821 3440 ἀποφανθεν,
859 3373 1045 3424 τοῦτον
1072 3372 1183 3441 ἔχει
1213 3374 1301 3425 τὸν
1337 3374 1553 3440 τρόπον·
1593 3370 1788 3429 Καθὼς

1890 3378 2138 3439 alteram,
2168 3391 2330 3445 quam
2358 3374 2600 3445 episcopi
2627 3373 2955 3443 quibusdam
2995 3372 3060 3426 ad
3093 3381 3338 3425 nostram
3372 3371 3471 3425 ad-

207 3462 584 3531 παρελάϐομεν
626 3459 779 3531 παρὰ
820 3460 927 3515 τῶν
959 3461 1063 3531 πρὸ
1104 3461 1260 3531 ἡμῶν
1298 3461 1606 3513 ἐπισκόπων
1631 3500 1644 3523 ,
1695 3462 1786 3512 καὶ

1884 3464 2046 3534 jectis
2070 3464 2468 3535 appendicibus
2490 3464 2925 3533 promulgarunt.
2948 3462 3145 3516 Nostra
3170 3461 3337 3531 igitur
3360 3461 3471 3515 for-

204 3555 259 3605 ἐν
281 3554 347 3622 τῇ
369 3554 695 3623 κατηχήσει,
716 3555 810 3607 καὶ
835 3554 921 3606 ὅτε
945 3553 1004 3606 τὺ
1026 3553 1246 3622 λουτρὸν
1274 3552 1669 3621 ἐλαμϐάνομεν,
1695 3551 1788 3605 καὶ

1889 3556 2057 3620 mula,
2084 3570 2204 3625 qua:
2241 3555 2297 3608 in
2324 3564 2619 3624 conspectu
2648 3553 2997 3624 imperatoris
3024 3553 3137 3607 Deo
3162 3552 3471 3607 charissimi

202 3643 384 3706 καθὼς
408 3642 517 3695 ἀπὸ
547 3642 655 3694 τῶν
689 3641 848 3695 θείων
882 3642 1108 3713 Γραφῶν
1142 3641 1559 3712 μεμαθήκαμεν,
1593 3643 1685 3695 καὶ
1713 3642 1787 3705 ὡς

1888 3645 2056 3709 lecta,
2082 3653 2229 3699 recte
2268 3660 2331 3698 ac
2365 3643 2535 3713 probe
2581 3660 2639 3698 se
2682 3644 2885 3697 habere
2925 3643 3181 3697 omnibus
3204 3644 3320 3697 visa
3358 3653 3470 3707 est,

206 3737 260 3787 ἐν
299 3736 378 3805 τῷ
405 3734 846 3808 πρεσϐυτερείῳ,
887 3736 976 3788 καὶ
1006 3736 1064 3786 ὲν
1093 3734 1228 3804 αὐτῇ
1271 3736 1335 3804 τῇ
1366 3731 1634 3807 ὲπιώιοπῇ
1669 3738 1787 3788 ἐπι-

1890 3737 1968 3791 sie
1991 3737 2156 3789 habet
2183 3754 2194 3788 :
2223 3735 2377 3789 Sicut
2412 3735 2479 3789 ab
2504 3734 2947 3788 antecessoribus
2974 3734 3175 3788 nostris
3200 3734 3474 3803 episcopis

205 3826 515 3896 στεῦσαμέν
564 3844 622 3878 τε
670 3829 764 3878 καὶ
807 3826 1179 3895 ἐδιδάσκομεν,
1225 3826 1373 3881 οὕτω
1428 3829 1522 3880 καὶ
1557 3828 1651 3879 νῦν
1700 3845 1786 3880 πι-

1889 3826 2230 3896 accepimus,
2275 3837 2403 3880 tunc
2447 3842 2570 3880 cum
2616 3824 2810 3895 primis
2852 3824 2975 3877 ﬁdei
3016 3825 3346 3880 rudimentis
3385 3826 3470 3878 iu-

204 3919 506 3982 στεῦοντες,
555 3919 654 3989 τὴν
683 3918 957 3990 ἡμετέραν
990 3919 1168 3973 πίστιν
1213 3920 1339 3989 ὑμῖν
1380 3920 1786 3991 προσαναφέρο-

1891 3920 2110 3981 structi,
2140 3928 2341 3973 etcum
2388 3917 2610 3971 salutari
2641 3918 2858 3971 lavacro
2895 3917 3047 3969 tineti
3078 3934 3265 3971 sumus
3294 3936 3304 3970 :
3331 3917 3474 3971 sicut

205 4029 323 4081 μεν.
376 4013 537 4065 Ἐστι
569 4011 625 4064 δὲ
652 4010 793 4080 αὕτη
815 4028 826 4040 ·
868 4010 1201 4079 Πιστεόομεν
1234 4014 1314 4073 εἰς
1346 4013 1440 4065 ἕνα
1483 4012 1643 4073 Θεὸν,
1680 4013 1789 4063 Ila-

1888 4028 1956 4065 (ιχ
1984 4011 2187 4064 divinis
2225 4009 2527 4078 Seripturis
2551 4009 2867 4072 didicimus,
2896 4016 2950 4063 et
2976 4008 3117 4061 sicut
3142 4008 3241 4077 ipsi
3274 4015 3387 4061 tum
3417 4009 3469 4062 in

195 4103 333 4173 τέρα
360 4103 804 4172 παντοκράτορα,
836 4102 925 4154 τὸν
947 4102 1054 4155 τῶν
1089 4105 1339 4156 ἁπάντων
1373 4102 1584 4172 ὁρατῶν
1608 4120 1664 4179 τε
1694 4104 1788 4154 καὶ

1888 4102 2263 4173 presbyterio,
2296 4108 2407 4154 tum
2449 4102 2503 4154 in
2542 4100 2839 4169 episcopali
2878 4099 3048 4169 gradu
3075 4099 3388 4162 constituti,
3417 4108 3472 4153 et

193 4188 451 4260 ἀοράτων
506 4192 742 4261 Ποιητήν
767 4208 779 4222 ·
817 4192 909 4243 καὶ
938 4194 1016 4254 είς
1040 4192 1138 4243 ἕνα
1167 4191 1368 4260 Κύριον
1411 4192 1616 4261 Ἰησοῦν
1656 4193 1787 4261 Χρι-

1889 4195 2224 4249 credidimus
2248 4202 2303 4247 et
2329 4192 2634 4255 docuimus,
2663 4192 2736 4244 ita
2768 4206 2914 4245 nunc
2952 4191 3118 4243 etiam
3160 4190 3468 4253 credentes,

200 4283 357 4347 στὸν,
405 4283 503 4336 τὸν
535 4282 633 4335 τοῦ
686 4282 820 4335 Θεοῦ
857 4282 1045 4351 Λόγον,
1086 4282 1216 4335 Θεὸν
1264 4286 1326 4336 ἐκ
1370 4283 1524 4343 Θεοῦ,
1566 4282 1679 4351 φῶς
1724 4284 1787 4334 ἐκ

1890 4287 2050 4340 ﬁdem
2092 4294 2333 4339 nostram
2368 4285 2523 4337 vobis
2563 4282 2909 4352 exponimus.
2937 4283 3032 4336 Est
3067 4289 3248 4336 autem
3278 4282 3468 4351 hujus-

196 4376 406 4444 φωτὸς,
443 4374 595 4446 ζωὴν
633 4377 697 4428 ὲκ
741 4374 884 4444 ζωῆς
918 4385 973 4440 ι’,
1007 4376 1133 4429 Υἱὸν
1187 4377 1481 4445 μονογενῆ,
1516 4376 1786 4445 πρωτότο-

1890 4380 2038 4432 modi
2070 4378 2397 4433 :Credimus
2425 4379 2480 4431 in
2517 4394 2685 4431 unum
2722 4378 2915 4439 Deum,
2958 4379 3172 4431 Patrem
3218 4376 3470 4444 omnipo-

192 4484 284 4519 κον
318 4469 513 4536 πάσης
549 4467 803 4529 κτίσεως,
839 4468 944 4535 πρὸ
975 4467 1188 4520 πάντων
1214 4468 1322 4518 τῶν
1360 4469 1567 4519 αἰώνων
1601 4469 1663 4519 ἐκ
1692 4467 1785 4519 τοῦ

1888 4478 2114 4530 tentem,
2142 4468 2443 4521 visibilium
2471 4467 2715 4521 omnium
2760 4476 2815 4521 et.
2853 4466 3209 4519 invisibilium
3245 4466 3468 4519 Creato-

190 4557 327 4609 Θεοῦ
370 4557 590 4627 Πατρὸς
618 4558 1054 4626 γεγεννημένον⁹
1109 4557 1174 4610 δι’
1224 4552 1282 4610 οὗ
1330 4558 1424 4609 καὶ
1459 4557 1673 4623 ἐγένετο
1721 4557 1787 4609 τὰ

1886 4577 1999 4614 rem
2033 4579 2045 4611 :
2076 4569 2131 4613 et
2170 4561 2223 4613 iu
2265 4575 2433 4613 unum
2477 4559 2768 4612 Dominum
2812 4559 2997 4611 Jesum
3041 4557 3343 4618 Christum,
3373 4554 3468 4608 Dei

192 4650 395 4710 πάντα,
427 4650 522 4701 τὸν
550 4649 639 4701 διὰ
666 4650 766 4718 τὴν
796 4649 1068 4721 ἡμετέραν
1113 4651 1382 4719 σωτηρίαν
1416 4648 1785 4718 σαρκωθέντα,

1884 4650 2147 4711 Verbum,
2175 4650 2347 4701 Deum
2372 4648 2440 4702 de
2484 4648 2615 4710 Deo,
2640 4648 2823 4700 lumen
2851 4647 2917 4699 de
2946 4644 3174 4707 lumine,
3200 4644 3365 4695 vitam
3402 4658 3465 4696 ex

194 4745 283 4794 καί
313 4745 375 4795 ἐν
408 4733 725 4812 ἀνθρώποις
756 4738 1230 4810 πολιτευσάμενον·
1271 4745 1363 4793 καὶ
1403 4739 1659 4799 παθόντα,
1695 4738 1787 4790 καὶ

1885 4742 2017 4801 vita,
2048 4741 2242 4794 Filium
2270 4740 2633 4810 unigenitum,
2663 4738 3084 4807 primogenitum
3112 4736 3291 4789 omnis
3317 4751 3469 4789 crea-

191 4837 509 4890 ἁναστάντα
541 4835 608 4904 τῇ
641 4832 803 4906 τρίτῃ
831 4832 1013 4902 ἡμέρα
1033 4849 1045 4860 ·
1080 4832 1173 4883 καὶ
1206 4831 1494 4883 ἀνελθόντα
1524 4830 1659 4899 πρὸς
1695 4830 1784 4881 τὸν

1893 4844 2047 4896 turze,
2071 4842 2196 4886 ante
2223 4833 2403 4885 omnia
2433 4831 2625 4884 szecula
2653 4846 2717 4881 ex
2744 4830 2854 4881 Deo
2881 4828 3039 4881 Patre
3080 4825 3344 4895 genitum,
3373 4842 3470 4894 per

192 4930 435 5003 Πατέρα,
468 4928 563 4983 καὶ
591 4925 796 4997 ἥξοντα
824 4924 985 4978 πάλιν
1014 4925 1070 4977 ὲν
1098 4923 1221 4995 δόξῃ
1253 4928 1434 4995 κρῖναι
1464 4924 1668 4986 ζῶντας
1692 4923 1785 4975 καὶ

1893 4941 2055 4994 quem
2079 4924 2261 4977 omnia
2302 4924 2443 4976 facta
2481 4930 2607 4975 sunt
2634 4940 2645 4974 :
2674 4920 2767 4990 qui
2805 4928 3026 4988 propter
3052 4929 3291 4972 nostram
3320 4917 3469 4971 salu-

187 5024 441 5094 vazpozig.
483 5022 830 5092 Πιστεύομεν
864 5019 957 5074 καὶ
986 5020 1061 5082 είς
1092 5016 1149 5071 ἓν
1185 5016 1406 5087 Πνεῦμα
1439 5016 1610 5084 ἅγιον.
1649 5015 1784 5066 Τού-

1895 5027 2003 5072 tcm
2043 5018 2360 5071 incarnatus
2395 5022 2499 5079 est,
2525 5022 2579 5069 et
2607 5014 2750 5068 inter
2783 5012 3032 5067 homines
3054 5020 3303 5066 versatus
3334 5027 3345 5062 :
3375 5010 3469 5078 qui

1411 5172 1681 5227 V'ALESII
1720 5169 2273 5227 ANNOTATIONES.

258 5300 373 5370 (ιδ)
414 5301 590 5396 Ἔστι
642 5293 717 5396 διὰ
754 5290 945 5396 αὐτοῦ
991 5290 1060 5344 τὰ
1101 5290 1417 5358 γραφέντα.
1486 5286 1546 5339 In
1607 5285 1794 5339 codice
1836 5286 1857 5339 Ι

258 5370 366 5396 ν’ἷ-..
404 5389 433 5396 _
496 5383 653 5396 -.ι-..ηρ
699 5379 796 5396 ιιι-η
859 5377 889 5396 n
919 5376 947 5396 ρ

1872 5285 2154 5342 'Iorcntino
2179 5294 2234 5340 et
2262 5284 2536 5339 Sfortiauo
2578 5282 2778 5351 legitur
2819 5281 2934 5333 ἔστι
2978 5280 3033 5332 δὲ
3076 5279 3213 5332 αὑτά
3243 5276 3337 5331 τοῦ
3370 5278 3471 5330 Εὐ-

182 5369 371 5424 σεΰίου
404 5371 472 5424 τὰ
496 5369 820 5439 γραφέντα,
859 5369 967 5416 etc.
1662 5425 1781 5479 VU

443 5371 472 5423 ὲ
496 5369 820 5439 γραφέντα,
859 5369 967 5416 etc.

1662 5425 2042 5481 VARIORUM.

245 5544 268 5569 ι-
293 5534 483 5602 Ζωὴν
506 5532 579 5584 ἐκ
608 5524 787 5602 ζωῆς.
822 5521 978 5602 ξίοιιι
999 5521 1269 5602 Eusebius
1290 5519 1488 5602 Filium
1517 5527 1675 5602 rorat
1700 5520 1779 5602 ινῐῖ

1890 5534 2008 5602 cap.
2038 5519 2070 5569 '5
2102 5536 2111 5569 :
2140 5517 2261 5569 Ideo
2302 5517 2538 5597 Christus
2566 5516 2726 5594 virtus
2756 5521 2801 5565 et
2828 5514 3088 5602 sapientia
3122 5509 3381 5602 DCLI/[Nlla
3410 5509 3470 5559 (Ie

168 5611 277 5658 tam
293 5576 759 5664 "JéCiIin'ié’
788 5594 882 5647 alii
933 5601 1116 5660 postea
1140 5593 1387 5667 virtutem
1407 5590 1472 5667 ile
1497 5590 1703 5667 virtute,
1736 5597 1781 5641 et
1894 5576 2052 5667 I’u'lre
2096 5590 2285 5641 virtute
2333 5596 2379 5639 et
2423 5585 2680 5655 sapientis:
2710 5595 2815 5649 est;
2846 5576 2975 5636 sicut
3024 5581 3196 5633 [unum
3224 5579 3282 5629 de
3311 5576 3469 5629 I’utre

161 5679 500 5746 sapientiam
526 5658 597 5727 de;
623 5658 1009 5740 sapientia-3.
1046 5664 1273 5732 August.
1308 5660 1380 5712 Dc
1407 5659 1545 5711 Trin.
1576 5660 1669 5711 lib.
1692 5676 1780 5721 vn,
1897 5658 2111 5724 lumine,
2144 5666 2248 5711 ιρις.
