4050 6348
559 266 618 319 ⁷⁸
2019 258 2354 319 SOCRATIS
3756 249 3822 302 72

560 392 752 448 passus
771 386 875 442 est,
899 385 957 434 et
980 378 1283 435 resurrexit
1309 379 1471 434 tertia
1498 379 1621 447 die;
1665 379 1916 435 ascendit
1939 378 2007 434 ad
2045 379 2149 434 Pa-

2223 434 2224 437 η
2250 396 2359 433 των
2389 377 2622 432 ἕκαστον
2653 370 2790 431 εἶναι
2816 375 2911 429 καὶ
2932 372 3197 446 ὑπάρχειν
3220 368 3587 435 πιστεύοντες,
3608 366 3822 436 Πατέρα

562 477 725 534 trem,
751 476 807 524 et
842 469 1043 526 iterum
1081 478 1347 527 venturus
1387 476 1475 525 est
1513 486 1638 525 cum
1681 471 1856 542 gloria
1893 478 1956 526 ut
1991 470 2148 527 vivos

2250 468 2468 541 ἀληθῶς
2495 465 2735 538 Πατέρα,
2767 466 2863 521 καὶ
2885 466 3016 519 Υίὸν
3044 462 3258 535 ἀληθῶς
3291 461 3443 525 Υίὸν,
3482 458 3576 512 καὶ
3604 454 3825 525 Πνεῦμα

556 557 769 629 judicet
790 575 856 614 ac
878 570 1144 617 mortuos.
1173 559 1464 616 Credimus
1498 561 1666 615 etiam
1690 561 1748 616 in
1771 576 1943 616 unum
1969 561 2147 631 Spiri-

2251 563 2405 631 ἆγιον
2426 557 2642 631 ἀληθῶς
2662 556 2816 625 ᾶγιον
2842 556 3067 626 Πνεῦμα
3081 572 3095 586 ·
3122 553 3307 617 καθὼς
3329 551 3424 606 καὶ
3447 549 3653 621 Κύριος
3676 548 3826 618 ήμῶν

566 659 681 707 tum
706 661 975 707 sanctum.
1004 652 1211 707 Horum
1224 668 1686 723 unumquemque
1733 668 1857 708 esse
1885 668 1949 708 ac
1969 653 2151 709 subsi—

2248 652 2606 707 ἀποστέλλων
2644 651 2725 713 είς
2764 648 2828 702 τὸ
2876 647 3136 719 κήρυγμα
3173 647 3300 710 τοὺς
3332 642 3528 698 ἑαυτοῦ
3567 641 3826 714 μαθητὰς,

561 750 710 799 stere
735 744 1025 799 credentes
1055 762 1066 796 :
1095 744 1317 799 Patrem
1356 760 1489 799 vere
1511 745 1754 810 Patrem,
1783 743 1983 800 Filium
2017 761 2149 800 vere

2249 740 2370 796 εἷπε
2389 758 2405 773 ⁶
2443 740 2843 810 Πορευθέντες
2879 738 3295 809 μαθητεύσατε
3330 734 3528 790 πάντα
3554 735 3628 789 τὰ
3663 734 3826 800 ἔθνη,

564 834 786 899 Filium,
805 841 862 889 et
876 832 1144 903 Spiritum
1165 843 1413 888 sanctum
1435 849 1565 889 vere
1579 833 1848 904 Spiritum
1865 843 2114 890 sanctum
2136 852 2148 887 :

2243 829 2640 898 βαπτίζοντες
2687 828 2913 896 αὐτοὺς
2958 831 3045 895 εὶς
3086 828 3152 881 τὸ
3198 826 3387 895 ὄνομα
3426 823 3534 878 τοῦ
3584 823 3827 893 Πατρός,

565 924 709 980 sicut
744 932 801 979 et
840 923 1107 978 Dominus
1150 932 1369 990 noster,
1410 939 1535 979 cum
1581 924 1883 996 discipulos
1919 941 2049 981 suos
2082 925 2151 980 ad

2252 923 2354 978 καὶ
2381 922 2489 976 τοῦ
2521 921 2660 976 Υὶοῦ
2679 962 2693 986 ,
2726 920 2826 974 καὶ
2867 920 2972 974 τοῦ
3000 920 3171 989 ἁγίου
3196 918 3561 987 Πνεύματος.
3593 914 3730 985 Περὶ
3761 908 3832 969 ὧν

565 1016 975 1088 praedicandum
1018 1015 1286 1081 mitteret,
1317 1015 1459 1070 dixit
1495 1034 1508 1068 :
1545 1016 1627 1071 Ite
1663 1033 1727 1071 ac
1761 1017 2152 1075 doceteomnes

2253 1016 2347 1069 καὶ
2373 1013 2831 1085 διαϐεϐαιούμεθα
2867 1012 3039 1075 οὕτως
3073 1011 3215 1081 ἔχειν
3235 1049 3250 1073 ,
3284 1009 3379 1062 καὶ
3418 1006 3561 1060 οὕτω
3595 1004 3831 1079 φρονεῖν,

564 1115 762 1177 gentes,
789 1106 1117 1177 baptizantes
1143 1123 1250 1171 eos,
1276 1109 1335 1161 in
1369 1109 1580 1162 nomine
1616 1108 1819 1175 Patris,
1856 1118 1906 1164 et
1934 1109 2076 1177 Filii,
2103 1117 2154 1165 ει

2253 1107 2345 1160 καὶ
2370 1106 2540 1160 πάλαι
2566 1105 2740 1168 οὕτως
2765 1103 3078 1175 ἐσχηκέναι,
3112 1101 3207 1155 καὶ
3237 1100 3400 1172 μέχρι
3432 1098 3667 1153 θανάτου
3695 1096 3833 1152 οὕτω

565 1195 792 1267 Spiritus
818 1197 988 1252 sancti
1004 1198 1068 1252 η.
1085 1198 1163 1253 De
1187 1197 1390 1268 quibus
1406 1199 1570 1253 etiam
1586 1199 1939 1268 aﬂirmamus,
1955 1216 2057 1260 nos
2079 1201 2154 1255 ita

2255 1198 2500 1267 σχήσειν,
2536 1195 2634 1251 καὶ
2671 1198 2728 1249 ὲν
2762 1196 2900 1265 αὐτῇ
2948 1192 3255 1247 ἐνίστασθαι
3292 1195 3359 1262 τῇ
3395 1191 3598 1250 πίστει,
3645 1189 3839 1245 ἀναθε-

568 1295 756 1343 tenere
778 1296 943 1358 atque
967 1290 1044 1344 ita
1068 1289 1296 1349 sentire.
1321 1298 1378 1345 et
1412 1291 1547 1345 olim
1587 1292 1664 1346 ita
1690 1294 1955 1361 tenuisse,
1980 1301 2037 1348 et
2057 1310 2154 1350 us-

2258 1285 2569 1357 ματίζοντες
2601 1284 2783 1338 πᾶσαν
2809 1284 3020 1353 αἵρεσιν
3049 1280 3229 1337 ἄθεον.
3263 1280 3450 1335 Ταῦτα
3475 1280 3585 1339 ἀπὸ
3614 1279 3842 1352 καρδίας

564 1393 671 1447 que
709 1378 778 1433 ad
805 1385 1041 1435 mortem
1078 1388 1414 1447 retenturos,
1442 1390 1608 1452 atque
1651 1382 1707 1436 iu
1748 1382 1854 1439 hac
1890 1382 1994 1439 ﬁde
2020 1400 2155 1441 con-

2254 1376 2351 1429 καὶ
2374 1374 2555 1446 ψυχῆς
2585 1375 2763 1429 πάντα
2790 1371 3211 1443 πεφρονηκέναι,
3236 1370 3296 1436 ἐξ
3319 1365 3490 1442 οὗπερ
3523 1370 3681 1440 ἴσμεν
3713 1371 3838 1423 ἑαυ-

565 1475 782 1522 stanter
805 1483 1198 1538 permansuros
1221 1485 1366 1536 esse,
1394 1487 1615 1527 omnem
1643 1473 1865 1544 impiam
1903 1474 2156 1530 haeresim

2256 1468 2402 1531 τοὺς,
2437 1462 2533 1521 καὶ
2557 1465 2653 1520 νῦν
2688 1468 2904 1537 φρονεῖν
2930 1480 2987 1516 τε
3016 1463 3109 1517 καὶ
3142 1462 3320 1532 λέγειν
3349 1463 3407 1529 ἐξ
3439 1461 3716 1532 ἀληθείας,
3750 1462 3841 1514 ἐπὶ

565 1562 914 1616 anathemate
938 1561 1281 1617 damnantes.
1310 1563 1440 1618 Haec
1474 1579 1579 1619 nos
1610 1564 1796 1619 omnia
1833 1566 2048 1622 sincere
2070 1574 2157 1621 at-

2255 1559 2351 1613 τοῦ
2396 1559 2531 1612 Θεοῦ
2562 1557 2656 1611 τοῦ
2688 1556 3124 1628 παντοκράτορος
3144 1595 3158 1619 ,
3191 1554 3286 1609 καὶ
3316 1553 3411 1607 τοῦ
3449 1553 3656 1624 Κυρίου
3687 1552 3842 1623 ήμῶν

565 1666 674 1721 que
695 1667 764 1706 ex
788 1651 972 1707 animo
995 1652 1255 1719 sensisse,
1280 1669 1349 1709 ex
1371 1667 1482 1724 quo
1502 1656 1826 1726 nosmetipsi
1861 1671 2025 1713 nosse
2063 1673 2159 1728 po-

2272 1652 2446 1722 Ἰησοῦ
2475 1650 2712 1724 Χριστοῦ
2749 1646 3197 1721 μαρτυρούμεθα,
3228 1645 3503 1701 δεικνύναι
3540 1646 3754 1716 ἔχοντες
3778 1645 3842 1699 δι’

570 1743 794 1810 tuimus,
822 1751 986 1814 atque
1010 1744 1315 1800 etiamnum
1341 1746 1550 1802 sentire
1582 1753 1641 1802 et
1672 1747 1823 1817 loqui
1849 1748 2157 1816 verissime,

2259 1742 2610 1808 ἀποδείξεων,
2656 1743 2752 1795 καὶ
2784 1740 2993 1794 πείθειν
3031 1739 3198 1808 ὑμᾶς,
3235 1739 3319 1792 ὅτι
3352 1737 3446 1791 καὶ¹
3479 1738 3606 1801 τοὺς
3642 1738 3844 1809 παρελ-

565 1848 751 1888 coram
793 1835 1171 1906 omnipotente
1210 1836 1324 1892 Deo
1365 1842 1423 1891 et
1464 1850 1651 1892 coram
1690 1837 1926 1894 Domino
1967 1847 2159 1894 nostro

2262 1837 2457 1898 θόντας
2484 1835 2713 1906 χρόνους
2742 1832 2917 1897 οὕτως
2949 1831 3307 1902 ἐπιστεύομεν
3332 1848 3391 1885 τε
3419 1829 3513 1883 καὶ
3545 1829 3847 1901 ἐκηρύσσο-

563 1928 695 1983 Jesu
717 1926 939 1983 Christo
978 1927 1360 1993 testiﬁcamur,
1386 1927 1567 1998 parati
1594 1929 1922 1986 certissimis
1954 1931 2159 2001 proba-

2265 1945 2365 1999 μεν
2410 1928 2631 1998 ὁμοίως.
2663 1925 2880 1996 Ταύτης
2927 1925 3016 1994 ὑφ’
3061 1924 3220 1994 ἡμῶν
3255 1923 3568 1993 ἐκτεθείσης
3615 1923 3715 1993 τῆς
3756 1923 3847 1976 πί·

571 2017 815 2072 tionibus
836 2017 1153 2083 ostendere,
1167 2025 1224 2073 et
1238 2018 1398 2073 vobis
1413 2020 1773 2090 persuadere,
1798 2036 1903 2077 nos
1927 2031 2159 2092 practer-

2264 2036 2468 2084 στεως,
2499 2020 2676 2074 οὐδενὶ
2709 2019 2889 2091 παρῆν
2926 2016 3238 2084 ἀντιλογίας
3272 2015 3459 2079 τόπος.
3515 2014 3652 2068 Ἀλλ’
3687 2014 3849 2078 αὑτός

571 2108 663 2164 itis
683 2109 849 2163 etiam
878 2109 1228 2179 temporibus
1270 2109 1349 2164 ita
1373 2110 1695 2179 credidisse,
1722 2118 1888 2183 atque
1916 2113 1990 2166 ita
2017 2129 2160 2184 prae-

2260 2129 2321 2165 τε
2346 2111 2564 2183 πρῶτος
2594 2113 2623 2166 ὁ
2648 2110 3061 2179 θεοφιλέστατος
3087 2109 3245 2179 ἡμῶν
3280 2107 3553 2178 βασιλεὺς,
3583 2105 3851 2176 ὀρθότατα

567 2198 800 2253 dicasse.
827 2198 966 2253 Cum
991 2200 1107 2254 haec
1140 2216 1170 2254 a
1198 2200 1361 2255 nobis
1397 2199 1534 2256 ﬁdes
1558 2210 1710 2257 esset
1739 2203 2007 2273 exposita,
2034 2204 2160 2259 nul-

2264 2206 2541 2277 περιέχειν
2573 2205 2743 2275 αὐτὴν
2780 2202 3199 2273 ἐμαρτύρησεν·
3244 2200 3387 2253 οὕτω
3416 2217 3475 2253 τε
3522 2201 3618 2252 καὶ
3657 2199 3852 2253 ἑαυτὸν

567 2289 654 2344 lus
675 2300 796 2344 erat
821 2291 1235 2347 contradicendi
1273 2292 1448 2349 locus.
1489 2292 1596 2349 Sed
1633 2301 1691 2349 et
1722 2295 2021 2366 imperator
2047 2296 2163 2366 ipse

2266 2299 2482 2367 φρονεῖν
2516 2293 2886 2367 ἐμαρτύρατο,
2918 2293 3013 2345 καὶ
3045 2291 3217 2364 ταύτῃ
3249 2292 3374 2354 τοὺς
3408 2289 3617 2354 πάντας
3646 2305 3853 2357 συγκα-

569 2387 756 2434 noster
779 2380 891 2434 Deo
917 2380 1296 2448 charissimus,
1332 2397 1454 2437 eam
1492 2382 1799 2439 rectissime
1842 2394 2161 2456 conceptam

2264 2389 2543 2456 ταθέσθαι,
2599 2389 2692 2442 καὶ
2724 2386 3062 2461 ὑπογράφειν
3100 2386 3214 2448 τοῖς
3261 2385 3532 2456 δόγμασι,
3565 2385 3659 2438 καὶ
3706 2400 3852 2455 συμ-

569 2482 712 2532 esse,
735 2467 948 2538 primus
978 2470 1225 2525 omnium
1255 2478 1487 2527 testatus
1510 2480 1596 2527 est
1618 2490 1631 2527 :
1660 2481 1826 2545 atque
1853 2474 1929 2530 ita
1953 2476 2163 2532 sentire

2265 2482 2463 2549 φωνεῖν
2508 2479 2721 2543 τούτοις
2770 2470 2955 2547 αὐτοῖς
3018 2475 3420 2547 παρεκελεύετο
3443 2516 3459 2541 ,
3513 2477 3629 2541 ἑνὸς
3686 2476 3852 2547 μόνου

568 2574 629 2614 se
654 2558 967 2627 allirmavit,
995 2570 1333 2634 cunctosque
1358 2564 1615 2621 hortatus
1639 2572 1725 2621 est
1750 2574 1811 2621 ut
1835 2568 1887 2623 ei
1926 2568 2163 2623 assenti-

2266 2569 2781 2641 προσεγγραφέντος
2837 2558 3079 2639 ῥήματος
3126 2566 3222 2619 τοῦ
3267 2566 3556 2637 ὁμοουσίου
3597 2565 3735 2633 (47).
3787 2567 3856 2617 ’Ὀ

571 2657 766 2705 rentur
802 2658 968 2722 atque
995 2652 1433 2718 subscriberent,
1467 2662 1641 2725 utque
1682 2655 1740 2711 in
1776 2657 1920 2713 hanc
1954 2650 2163 2712 doctri-

2266 2664 2362 2715 καὶ
2414 2662 2577 2725 αὐτὸς
2627 2661 2940 2732 ἡρμήνευσε
2988 2659 3183 2729 λέγων,
3224 2660 3307 2714 ὃτι
3361 2659 3436 2731 μὴ
3469 2658 3609 2714 κατὰ
3638 2658 3706 2711 τὰ
3742 2656 3858 2710 τῶν

570 2756 695 2797 nam
733 2756 928 2797 omnes
961 2745 1375 2815 conspirarent;
1419 2762 1527 2801 una
1562 2747 1827 2803 duntaxat
1860 2765 1995 2805 voce
2029 2765 2163 2804 con-

2269 2753 2538 2826 σωμὰτων
2570 2753 2719 2824 πάθη
2749 2753 2899 2822 λέγοι
2943 2752 3006 2807 τὸ
3049 2752 3367 2825 ὁμοούσιον,
3394 2751 3518 2806 οὔτε
3566 2746 3659 2805 οῦν
3711 2749 3860 2804 κατὰ

570 2832 947 2889 substantialis
970 2834 1200 2907 adjecta.
1223 2836 1397 2903 Quam
1422 2839 1647 2907 quidem
1669 2855 1859 2895 vocem
1892 2841 2007 2911 ipse
2030 2858 2167 2911 quo-

2266 2845 2551 2916 διαίρεσιν,
2588 2844 2713 2898 οὔτε
2746 2845 2890 2899 κατά
2917 2862 3037 2899 τινα
3076 2845 3361 2916 ἀποτομὴν
3408 2846 3474 2899 ὲκ
3514 2843 3607 2897 τοῦ
3638 2842 3861 2914 Πατρδς

569 2937 676 2991 que
692 2923 1216 2995 Minterprctatus
1239 2934 1343 2992 est,
1368 2944 1624 2984 asserens
1646 2931 2113 2988 consubstantiale
2133 2949 2164 2989 a

2268 2938 2588 3007 ὑποστῆναι’
2624 2937 2764 3009 μήτε
2790 2938 2898 3010 γὰρ
2924 2936 3185 2992 δύνασθαι
3213 2936 3310 3008 τὴν
3334 2936 3613 2995 ἄῦλον,καὶ
3636 2952 3722 2988 νοε
3734 2935 3860 3005 ρὰν,

566 3030 628 3070 se
642 3014 770 3081 dici,
784 3018 1057 3088 nonjuxta
1077 3018 1330 3088 corporis
1350 3018 1693 3086 affectiones,
1717 3037 1895 3092 neque
1917 3024 2165 3093 perdivi-

2267 3031 2365 3085 καὶ
2404 3029 2699 3101 ἀσώματον
2744 3028 2925 3098 φύσιν,
2956 3029 3268 3100 σωματικόν
3305 3046 3358 3081 τι
3402 3027 3574 3089 πάθος
3616 3024 3856 3096 ὑφίστα-

566 3109 778 3168 sionem
802 3123 898 3169 aut
919 3131 1020 3186 per
1041 3117 1340 3173 sectionem
1364 3120 1659 3188 quamdam
1682 3119 1883 3173 Filium
1905 3134 1973 3173 ex
1997 3119 2159 3174 Patre

2269 3123 2411 3177 σθαι·
2447 3121 2611 3184 θείοις
2647 3120 2705 3174 δὲ
2742 3120 2838 3174 καὶ
2875 3120 3211 3191 ἀπορρήτοις
3256 3121 3463 3189 ῥήμασι
3504 3129 3525 3155 ³
3576 3118 3855 3186 προσήκει

568 3205 873 3263 subsistere
901 3227 913 3262 :
942 3208 1062 3264 ﬁeri
1086 3212 1234 3265 enim
1260 3227 1368 3266 non
1395 3228 1576 3282 posse,
1603 3220 1665 3266 ut
1696 3211 1940 3266 materia:
1963 3227 2160 3281 expers

2265 3214 2333 3268 τὰ
2361 3213 2583 3268 τοιαῦτα
2612 3212 2774 3264 νοεῖν.
2807 3210 2918 3263 Καὶ
2946 3211 2975 3262 ὁ
3019 3209 3116 3279 μὲν
3155 3207 3462 3276 σοφώτατος
3492 3209 3581 3259 καὶ
3611 3207 3856 3276 εὐσεϐὴς

568 3306 768 3353 natura
789 3307 846 3354 et
872 3299 1263 3357 intellectualis
1278 3311 1443 3372 atque
1469 3303 1798 3373 incorporea
1837 3318 2157 3374 corpoream

2264 3300 2426 3371 ἡμῶν
2474 3299 2727 3370 βασιλεὺς
2756 3298 2935 3351 τοιάδε
2975 3297 3301 3366 ἐφιλοσόφει.
3340 3299 3402 3349 υἱ
3449 3297 3535 3359 δὲ,
3572 3296 3863 3369 προφάσει

572 3387 738 3443 ullam
772 3389 1120 3446 all‘cctionem
1146 3392 1402 3448 admittat
1427 3412 1442 3448 :
1468 3394 1564 3451 sed
1597 3394 1801 3448 divinis
1832 3394 2158 3465 arcanisque

2265 3393 2358 3446 τοῦ
2397 3389 2707 3461 ὀμοουσίου,
2743 3388 2902 3459 τήνδε
2939 3388 3038 3458 τὴν
3078 3388 3297 3459 γραφὴν
3341 3389 3676 3457 πεποιήκασι
3712 3387 3864 3457 HS)’

573 3480 883 3539 rationibus
907 3484 960 3539 id
987 3501 1111 3541 esse
1147 3486 1587 3563 intelligendum.
1615 3487 1695 3543 Ac
1727 3488 2166 3558 sapientissimus
2203 3487 2425 3557 quidem
2451 3492 2508 3540 et
2552 3482 2998 3554 religiosissimus
3036 3481 3338 3552 imperator
3381 3483 3457 3538 ita
3502 3492 3616 3537 tum
3666 3484 3868 3553 philo-

571 3578 837 3647 sophatus
859 3588 961 3637 est.
989 3583 1071 3636 illi
1098 3598 1231 3638 vero
1256 3584 1545 3639 occasione
1568 3584 1720 3640 vocis
1744 3582 1890 3640 illius
1912 3582 2417 3649 consubstantialis,
2446 3578 2759 3651 hujusmodi
2792 3577 3080 3633 formulam
3106 3579 3552 3651 conscripserunt
3579 3600 3591 3635 :

1172 3693 1568 3749 SYMBOLUM.

2827 3691 2915 3746 ΤΟ
2956 3691 3277 3748 ΜᾹΘΠΜΛ.

640 3786 930 3843 Credimus
953 3784 1007 3839 in
1044 3800 1215 3839 unum
1239 3786 1432 3849 Deum,
1456 3786 1672 3841 Patrem
1699 3787 2150 3859 omnipotentem,

2332 3782 2669 3852 Πιστεύομεν
2709 3783 2789 3846 είς
2824 3782 2923 3837 ἕνα
2967 3784 3102 3837 Θεὸν
3135 3784 3355 3855 Πατέρα
3402 3786 3860 3857 παντοκράτορα,

574 3880 819 3937 omnium
843 3877 1145 3933 visibilium
1169 3885 1225 3931 et
1248 3875 1609 3932 invisibilium
1633 3878 1953 3935 Creatorem
1977 3897 1990 3933 :
2019 3888 2075 3935 et
2099 3879 2155 3933 in

2275 3876 2486 3930 πάντων
2506 3873 2720 3946 ὁρατῶν
2748 3892 2809 3927 τε
2833 3875 2927 3929 καὶ
2955 3875 3203 3948 ἀοράτων
3233 3878 3493 3948 Ποιητήν·
3530 3878 3625 3931 καὶ
3654 3880 3742 3941 εἰς
3767 3878 3874 3931 ἕνα

644 4017 689 4063 3⁷
723 4014 915 4070 Matth.
943 4030 1131 4079 xxvm,
1160 4014 1247 4069 l9.

1772 4106 2048 4162 VALESII
2086 4104 2645 4162 ANNOTATIONES.

645 4198 757 4282 £47)
791 4198 1362 4282 Προσεγγραςίέντρς
1381 4200 1649 4282 priuato;
1677 4200 1785 4282 rei)
1804 4200 2153 4281 όμοςιυσιόιν.
2336 4198 2449 4282 (ιί8)
2484 4198 2672 4282 Tarde
2713 4199 3110 4282 τὴνηοραςίῂν
3155 4198 3536 4282 πεποιῄκασςί
3570 4199 3711 4282 Post
3746 4201 3881 4258 haec

575 4268 860 4324 Allirmarc
902 4269 1124 4342 videtur
1151 4268 2159 4342 Eusebius,Constantinumimpcra-
2263 4268 2453 4342 verba,
2479 4280 2605 4342 ante
2640 4268 2959 4342 Symbolum
2990 4268 3303 4342 'Nicagnum,
3329 4270 3393 4342 in
3409 4269 3597 4342 codice
3627 4270 3885 4342 Floren-

578 4347 753 4413 _t_ore_m
782 4348 1063 4413 auctorem
1091 4339 1258 4413 fuisse
1292 4348 1352 4394 ut
1372 4340 1699 4413 vocabulum
1723 4338 2164 4395 consubstantia-
2266 4341 2471 4413 tino_et
2507 4338 2786 4413 Sfortiano
2808 4341 3108 4413 addamus
3130 4339 3469 4413 btec_vcrba,
3510 4338 3570 4391 τὸ
3597 4340 3761 4413 μᾲθη
3773 4361 3881 4413 μα.

576 4409 645 4462 lis
679 4408 751 4482 in
791 4409 1040 4482 symbolo
1079 4410 1396 4482 adderetur.
1421 4410 1579 4482 Quod
1605 4418 1786 4482 tamen
1815 4424 2161 4482 nequaquam
2266 4411 2345 4465 lla
2376 4410 2550 4466 Graeci
2596 4412 2865 4482 vocabant
2891 4409 3207 4482 Symbolum
3243 4408 3390 4482 ﬁdei,
3416 4424 3482 4462 co
3524 4409 3676 4482 quod
3714 4408 3885 4467 aca—

574 4478 876 4549 verisimile
922 4487 1026 4533 est.
1076 4480 1264 4549 Neque
1310 4480 1458 4534 enim
1488 4480 1625 4535 adeo
1656 4480 1849 4535 doctus
1872 4478 1992 4535 erat
2015 4479 2162 4534 Con-
2268 4482 2613 4537 tcclrumenis
2639 4478 2974 4549 memoriter
2995 4480 3321 4534 disccrctur.
3349 4479 3603 4533 Socrates
3628 4478 3691 4533 in
3722 4482 3887 4537 libro

576 4543 870 4623 stantinus,
893 4550 1097 4623 quippe.
1120 4543 1212 4623 qui
1240 4551 1328 4623 vix
1344 4550 1526 4623 adhuc
1547 4558 1693 4623 esset
1713 4550 2160 4623 catechumcnus.

2289 4553 2456 4615 .ertio,
2487 4551 2669 4621 capite
2712 4551 2804 4613 25,
2834 4545 3170 4623 Πιστἐύομεν
3200 4552 3281 4623 είς
3327 4550 3438 4623 ἕνα
3462 4549 3595 4602 Θεὸν
3632 4551 3888 4623 Πατέρα

577 4617 668 4692 Sic
689 4618 855 4692 igitur
893 4617 1012 4692 haec
1033 4617 1274 4675 Eusebii
1317 4621 1565 4692 narratio
1596 4620 1946 4692 intelligenda
1969 4626 2072 4692 est,
2102 4627 2164 4674 ut

2292 4617 2716 4692 παντοκράτορα,
2758 4621 2967 4692 καιτα-
2982 4617 3145 4672 λοιπὰ
3161 4618 3284 4692 τοῦ-
3304 4619 3645 4692 μαθήματος.
3681 4617 3891 4677 Leon-

575 4687 822 4768 episcopi
865 4690 1090 4768 quidem
1119 4698 1256 4768 pos_t_
1287 4690 1564 4768 prolatum
1602 4690 1673 4745 ab
1716 4687 2163 4768 EusebioCmsa-
2199 4765 2221 4768 _
2270 4693 2381 4768 tius
2402 4687 2676 4768 Bisantius
2718 4692 2775 4743 in
2816 4690 2912 4744 lib.
2940 4690 3015 4768 lle
3036 4689 3226 4768 sectis2
3255 4689 3323 4742 de
3345 4687 3553 4768 syuodo
3580 4689 3892 4768 Constat}-

578 4758 1138 4831 riense’Symbolum,‘
1155 4758 1459 4832 addendam
1485 4761 1562 4832 illi
1585 4775 1706 4815 esse
1729 4759 2049 4814 censuerint
2068 4774 2165 4812 vo-

2296 4762 2630 4831 inopolitana
2653 4761 2884 4830 loquens
2908 4777 2922 4832 ς
2949 4758 3058 4832 Καὶ
3085 4758 3386 4832 ἐκτῷενται
3424 4762 3545 4831 ὅρον
3576 4760 3706 4832 ﬁre;
3771 4764 3892 4832 μά-

575 4842 694 4882 cem
720 4829 1205 4895 consubstantialis,
1238 4831 1634 4886 Constantinus
1658 4845 1792 4883 vero
1822 4845 2014 4884 eorum
2041 4843 2165 4898 song

2296 4829 2416 4898 mra
2450 4833 2705 4892 πίστεως,
2734 4829 2883 4897 ὅπερ
2907 4830 3157 4898 λέγομεν.
3188 4829 3257 4883 Ει
3278 4829 3465 4882 multo
3480 4837 3605 4897 post
3629 4829 3709 4884 de
3741 4829 3895 4886 (ion-

578 4899 808 4953 tentiam
835 4900 1265 4957 conﬁrmaverit.
1315 4902 1591 4956 Eusebius
1613 4916 1765 4965 vero,
1796 4901 1890 4972 qui
1917 4914 1975 4972 se
2019 4897 2165 4972 apud
2266 4900 2396 4972 ciliio
2418 4897 3570 4972 Ωιισιεριιοιιεηείηιοιιιιειιελςαὶ-ἐκτίθενται
3594 4900 3893 4972 μάθημα,

578 4984 709 5053 suos
732 4979 1070 5053 purgare__et
1107 4986 1372 5053 cacusare
1411 4972 1713 5053 satagebat,
1743 4968 1890 5040 quod
1916 4968 2167 5053 formula:

2294 4971 2381 5050 εὼς
2401 4971 2491 5053 ,δεῖ
2521 4969 2828 5053 πιστεύειν.¹
2850 4970 2917 5053 Et
2941 4970 3132 5053 pagina
3159 4969 3282 5033 466,
3313 4969 3378 5023 de
3403 4969 3640 5053 Zenonis
3675 4968 3893 5053 l'lﬂého-

578 5038 703 5093 ﬁdei
732 5038 788 5095 in
812 5038 1046 5097 concilio
1068 5044 1231 5097 editae
1253 5038 2167 5112 subscripsisset,quemadmodum
2266 5040 2376 5112 tico
2398 5040 2658 5112 loquens,
2683 5038 3001 5112 Symbolum
3024 5038 3315 5112 Sicanium
3338 5048 3499 5112 vocat
3525 5039 3595 5112 τδ
3610 5041 3798 5112 pawn
3811 5060 3897 5110 μα

581 5117 815 5164 testatur
842 5112 1171 5167 Athanasius
1219 5113 1274 5165 in
1316 5107 1559 5165 libro—De
1587 5107 1828 5166 decretis
1851 5107 2043 5179 synodi
2070 5107 2168 5179 Ni-
2266 5110 2374 5161 τῶν
2414 5107 3105 5179 ὲν⁷ΝικαίᾳξΙὶεειὶιυοηι1ιι
3130 5118 3214 5164 est
3238 5126 3301 5164 ea
3330 5125 3432 5163 vox
3483 5108 3536 5161 in
3564 5110 3669 5163 lib.
3709 5127 3750 5163 γ
3783 5107 3898 5166 Πί-

578 5194 761 5252 cmnae,
788 5190 844 5236 et
886 5183 946 5237 in
994 5185 1142 5238 libro
1170 5184 1247 5237 De
1272 5180 1497 5252 synodis
1523 5181 1759 5252 Arimini
1787 5188 1843 5234 et
1871 5169 2164 5252 Seleuciae,
2267 5180 2452 5252 storize
2499 5169 2809 5252 tripertiue.
2854 5181 2990 5234 Nam
3017 5180 3112 5234 ubi
3152 5181 3314 5251 vulgo
3341 5179 3537 5252 legitur
3562 5196 3573 5230 :
3607 5179 3898 5235 Prmsens

577 5263 693 5319 rem
721 5251 787 5307 dc
816 5253 1086 5309 industria
1127 5247 1394 5316 involvit,
1440 5259 1498 5305 et
1539 5250 1899 5305 Constantino
1924 5247 2160 5319 principi
2267 5247 2907 5319 conciliumfcelcbratum
2957 5259 3051 5315 est,
3098 5267 3201 5303 non
3248 5247 3303 5304 at
3351 5250 3641 5303 anathema
3671 5252 3898 5318 discat,

580 5318 633 5394 i_d
691 5323 943 5390 ascribit,
994 5324 1141 5394 quod
1185 5322 1460 5393 episcopis
1484 5322 1670 5392 potius
1709 5328 1829 5377 erat
1875 5316 2160 5374 ascribcn—
2269 5336 2435 5394 itaque
2458 5327 2515 5372 ut
2537 5318 2659 5394 ﬁdei
2685 5320 3113 5390 explanationem
3137 5321 3422 5394 suscipiat.
3447 5316 3899 5385 etc.,scribcn-¥

578 5389 730 5447 dum.
932 5389 935 5390 ν
1011 5389 1028 5394 ’
1219 5389 1237 5393 “
1375 5389 1395 5393 ”
1485 5389 1503 5392 “
2100 5442 2107 5445 .
2270 5389 2399 5445 dum
2427 5399 2509 5445 cst
2543 5390 2697 5444 :Non
2731 5389 2787 5443 ιιι
2824 5394 3089 5445 mat/cerua
3113 5391 3297 5454 discat,
3325 5399 3429 5444 etc.

2031 5524 2408 5581 VARIORUM.

582 5688 627 5745 ι
653 5630 677 5658 ³
730 5618 1103 5688 Ἀπορῤήτοις
1139 5617 1390 5689 ῥήμασι.
1433 5616 1661 5676 Rectius
1706 5616 1919 5689 legitur“
1945 5617 2181 5690 ἀπορρήι

630 5705 803 5745 owrn.

2178 5630 2279 5685 τοις
2328 5618 2507 5686 λόγοις
2559 5619 2701 5690 apud
2737 5615 3062 5678 Thcodorit.
3110 5620 3206 5675 lib.
3253 5635 3291 5688 ι,
3338 5633 3456 5690 cap.
3516 5616 3600 5671 l2.
3662 5619 3777 5681 W.

630 5705 803 5746 0W1".
