4050 6348
286 315 347 371 77
1261 313 1582 370 HISTORIA
1619 315 2168 372 ECCLESIASTICA.
2210 349 2278 358 ——
2315 320 2442 374 LIB.
2485 321 2523 374 l.
3440 314 3510 370 78

283 431 396 485 τότε
447 429 546 500 μὲν
590 431 684 484 καὶ
735 429 896 501 μέχρι
929 429 1162 499 ὑστάτης
1193 427 1342 500 ὥρας
1380 429 1731 502 ἐνιστάμεθα,
1766 429 1844 484 ὅθ’

1965 441 2102 486 lutea
2140 432 2451 504 hujusmodi
2485 433 2710 489 vocibus
2750 433 2828 488 uti
2869 428 3359 488 consuevissemus.
3387 429 3514 486 Haec

283 525 409 594 ἡμῖν
451 522 520 575 τά
551 523 805 594 ἐτεροίως
847 521 1126 592 γραφέντα
1178 521 1575 592 προσέκοπτεν·
1624 521 1746 575 τότε
1789 521 1846 575 δὲ

1965 523 2099 578 robis
2135 525 2448 580 necessario
2489 524 2774 580 scribenda
2812 539 2932 580 esse
2969 523 3243 587 duximus,
3271 521 3513 578 dilectis-

287 615 634 683 ἀφιλονείκως
661 614 729 668 τὰ
760 615 832 684 μὴ
858 611 1128 666 λυποῦντα
1157 612 1578 684 κατεδεξάμεθα,
1605 615 1692 667 ὅτε
1718 615 1849 684 ἡμῖν

288 704 637 774 εὐγνωμόνως
689 702 1002 769 ἐξετάζουσι
1049 701 1158 754 τῶν
1213 701 1385 770 λόγων
1435 701 1530 774 τὴν
1589 701 1847 770 διάνοιαν,

289 793 453 864 ἐψάνη
477 792 790 863 συντρέχειν
812 795 924 855 τοῖς
944 793 1032 861 ὑφ’
1055 793 1209 863 ἡμῶν
1230 792 1405 846 αὐτῶν
1424 793 1480 846 ὲν
1501 795 1567 864 τῇ
1591 808 1851 862 προεκτε-

292 885 434 955 Θείσῃ
491 887 672 937 πίστει
713 883 1170 955 ὡμολογημένοις.
1231 884 1466 938 Τοιαῦτα
1527 884 1624 955 μὲν
1671 883 1700 936 6
1755 881 1850 936 τοῦ

292 976 568 1046 Παμφίλου
610 975 870 1038 Εὐσέϐιος
891 976 970 1039 είς
999 975 1098 1046 τὴν
1125 975 1490 1045 Παλαιστίνης
1514 973 1851 1046 Καισάρειαν

292 1067 638 1139 διεπέμψατο.
691 1068 802 1121 Καὶ
851 1069 916 1139 τῇ
977 1066 1367 1137 ’Δλεξανδρέων
1421 1066 1479 1119 δὲ
1537 1065 1850 1138 Ἐκκλησία,

293 1162 519 1223 καὶτοῖς
567 1161 626 1212 ἐν
681 1159 939 1230 Αίγύπτῳ
986 1161 1080 1212 καὶ
1127 1157 1301 1229 Λιϐύη
1354 1158 1448 1212 καὶ
1500 1159 1848 1225 Πενταπόλει,

293 1253 438 1322 κοινῇ
468 1251 634 1321 ψήφῳ
657 1250 782 1303 τάδε
811 1251 845 1320 ὴ
869 1249 1081 1312 σύνοδος
1113 1247 1378 1320 ἔγραψενο

1945 615 2091 681 simi,
2119 624 2179 670 ut
2201 616 2356 672 vobis
2379 617 2584 687 liquido
2619 617 3137 679 demonstraremus,
3162 622 3368 685 quanto
3390 629 3515 669 cum

1941 705 2151 776 judicio
2191 714 2304 762 tum
2337 707 2636 770 dubitatio,
2675 715 2788 762 tum
2824 707 3066 762 assensio
3101 715 3289 760 nostra
3320 706 3514 761 librata

1948 797 2021 850 sit
2045 815 2059 851 :
2084 806 2138 852 et
2163 799 2308 870 quod
2332 807 2480 854 recte
2504 807 2666 870 atque
2687 799 2901 865 ordine,
2929 800 3167 870 primum
3191 797 3414 868 quidem
3449 798 3518 853 ad

1947 895 2248 944 extremam
2290 907 2463 960 usque
2503 890 2694 946 horam
2738 892 3058 957 restitimus,
3092 891 3332 961 quandiu
3376 905 3517 947 non-

1946 979 2097 1034 nulla
2120 980 2281 1035 aliter
2303 998 2466 1052 quam
2489 982 2731 1052 oportuit
2769 983 2968 1053 scripta
2993 998 3093 1037 nos
3125 981 3476 1037 oﬂ‘endebant
3501 999 3516 1036 :

1949 1071 2168 1126 tandem
2192 1087 2323 1126 vero
2348 1087 2412 1127 ea
2437 1088 2559 1143 qua:
2583 1073 2718 1126 nihil
2745 1073 3062 1128 offensionis
3084 1071 3378 1139 habebant,
3402 1072 3519 1129 sine

1949 1163 2298 1219 contentione
2321 1164 2553 1235 amplexi
2591 1179 2800 1230 sumus,
2826 1172 3112 1235 postquam
3135 1163 3296 1219 nobis
3320 1163 3519 1218 verbo—

1951 1270 2074 1309 rum
2097 1255 2424 1310 sententiam
2447 1255 2678 1311 candide
2702 1255 3136 1310 examinantibus
3166 1255 3436 1326 apparuit,
3457 1268 3523 1308 ea

294 1361 514 1418 prorsus
545 1359 674 1398 cum
710 1343 818 1399 illis
859 1341 1185 1406 convenire,
1207 1355 1330 1411 quae
1367 1356 1468 1396 nos
1507 1339 1609 1412 ipsi
1649 1341 1705 1396 in
1744 1341 1849 1398 fide
1885 1345 2123 1416 primum
2148 1361 2179 1400 a
2216 1346 2375 1402 nobis
2399 1347 2644 1417 exposita
2685 1345 2918 1402 confessi
2970 1345 3266 1401 fueramus.
3326 1345 3524 1417 Hujus-

297 1442 438 1497 modi
475 1443 691 1497 litteras
723 1440 996 1496 Eusebius
1019 1437 1288 1509 Pamphili
1323 1437 1624 1494 Cmsaream
1697 1439 1996 1495 Palaestinae
2052 1442 2272 1497 direxit.
2303 1443 2680 1498 Alexandrinae
2739 1459 2868 1497 vero
2901 1440 3178 1506 Ecclesiae,
3211 1449 3267 1495 et
3311 1440 3524 1498 cunctis

298 1543 347 1596 in
380 1537 609 1610 Egypto
646 1545 703 1592 et
723 1536 894 1608 Libya
929 1551 994 1591 ac
1033 1533 1315 1605 Pentapoli
1348 1533 1703 1605 degentibus,
1739 1535 1854 1605 ipsa
1891 1537 2130 1608 synodus
2155 1538 2430 1593 communi
2457 1538 2724 1594 sententia
2747 1537 2824 1593 ita
2854 1535 3072 1607 scripsit
3100 1554 3113 1590 :

889 1650 1140 1707 ΚΕΦΑΔ.
1179 1649 1254 1704 8'.

2599 1654 2749 1709 CAP.
2791 1652 2881 1707 IX.

309 1746 628 1818 Ἐπιστολὴ
651 1745 765 1818 τῆς
801 1742 1090 1818 συνόδῳ,
1130 1742 1263 1818 gap!
1285 1733 1374 1794 ὧν
1412 1739 1690 1818 ὥρισενλή
1715 1741 1858 1794 σύν-

1965 1744 2195 1818 Ερίεεοία
2222 1748 2426 1818 synodi,
2451 1746 2513 1799 de
2540 1747 2603 1800 iis
2627 1762 2744 1818 qua:
2769 1747 2831 1798 ab
2857 1746 2972 1815 ipsa
3000 1745 3281 1798 constituta
3303 1748 3457 1818 sunt;
3475 1751 3524 1794 et

362 1817 498 1898 οδςς
516 1835 529 1848 ο
566 1812 662 1870 καὶ
690 1817 785 1901 ξὶις.
801 1812 1098 1882 καθῃρέθη
1128 1814 1357 1882 Ἀρειος
1390 1812 1487 1865 καί
1517 1814 1570 1866 οἱ
1603 1813 1855 1881 ὁμοφρο-

362 1904 613 1952 νουντες
636 1901 814 1948 αυτῳ.

362 1993 440 2062 Τῇ
472 1990 602 2061 ἀγίᾳ
645 1987 778 2042 Θεοῦ
814 1986 1018 2059 χάριτι,
1065 1985 1161 2040 καὶ
1205 1985 1414 2056 μεγάλῃ
1469 1983 1860 2054 Ἀλεξανδρέων

311 2082 622 2152 Ἐκκλησία,
653 2081 744 2134 καὶ
777 2083 891 2144 τοῖς
923 2082 1044 2134 κατ’
1075 2078 1370 2148 Αἴγυπτον,
1414 2078 1507 2132 καὶ
1535 2076 1739 2148 Διϐύην
1767 2078 1860 2130 καὶ

304 2173 624 2228 Πεντάπολιν
673 2173 975 2242 ἀγαπητοῖς
1023 2170 1289 2239 ἀδελφοῖς,
1328 2170 1378 2222 οἱ
1424 2169 1481 2222 ἐν
1505 2167 1707 2240 Νικαίᾳ
1737 2185 1861 2222 συν-

302 2266 567 2335 ἀχθέντες,
609 2265 701 2316 καὶ
746 2265 842 2334 τὴν
876 2262 1116 2333 μεγάλην
1163 2262 1257 2316 καὶ
1295 2261 1454 2330 ἁγίαν
1488 2260 1702 2314 σύνοδον
1733 2277 1862 2328 συγ-

302 2360 656 2426 κροτήσαντες
686 2355 987 2417 ἐπίσκοποι,
1018 2356 1074 2406 ἐν
1104 2353 1294 2424 Κυρίῳ
1318 2353 1550 2423 χαίρειν.

379 2447 594 2518 Ἐπειδὴ
631 2446 732 2516 τῆς
780 2446 874 2499 τοῦ
916 2444 1050 2498 Θεοῦ
1088 2447 1324 2517 χάριτος,
1365 2445 1459 2498 καὶ
1489 2443 1582 2498 τοῦ
1626 2442 1863 2513 θεοφιλε-

305 2538 491 2591 στάτου
519 2538 776 2607 βασιλέως
799 2537 1201 2590 Κωνσταντίνου
1220 2536 1771 2606 συναγαγόντοςήμᾶς
1799 2536 1863 2588 ἐκ

303 2627 564 2699 διαφόρων
597 2628 803 2680 πόλεών
833 2644 890 2679 τε
923 2627 1016 2679 καὶ
1044 2627 1341 2699 ἐπαρχιῶν,
1374 2626 1581 2698 μεγάλη
1611 2626 1705 2680 καὶ
1733 2625 1864 2694 ἁγία

306 2721 517 2783 σύνοδος
555 2723 614 2774 ἐν
656 2720 857 2790 Νικαίᾳ
892 2719 1278 2790 συνεκροτὴθη,
1321 2717 1380 2782 ἐξ
1429 2720 1662 2782 ἀπαντος
1699 2718 1866 2786 ἀναγ-

304 2815 450 2866 καῖον
471 2811 666 2882 ἐφάνη,
700 2810 848 2881 παρά
877 2812 970 2882 τῆς
1003 2811 1154 2881 ἱερᾶς
1179 2810 1394 2863 συνόδου
1428 2811 1522 2864 καὶ
1562 2810 1696 2882 πρὸς
1719 2809 1864 2880 ὑμᾶς

305 2903 597 2958 ἐπιστεῖλαι
644 2904 974 2974 γράμματα·
1028 2903 1092 2955 ἵν’
1137 2902 1332 2955 εἰδέναι
1359 2902 1552 2972 ἔχοιτε,
1592 2903 1712 2956 τίνα
1765 2901 1863 2973 μὲν

303 2996 527 3065 ἐκινήθη
560 2996 656 3048 καὶ
689 2993 980 3064 ἐξητάσθη,
1010 2992 1130 3045 τίνα
1155 2991 1211 3044 δέ
1240 2991 1385 3055 εδοξε
1414 2991 1508 3043 καὶ
1537 2990 1860 3062 ἐκρατύνθη.

302 3087 526 3158 Πρῶτον
553 3088 647 3157 μέν
676 3083 768 3139 οὖν
793 3086 852 3150 ἐξ
898 3085 1146 3139 ἁπάντων
1185 3082 1452 3154 ἐξητάσθη
1480 3083 1548 3138 τὰ
1593 3081 1732 3135 κατά
1763 3081 1860 3154 τὴν

287 3179 559 3234 ,ἀσέὃειαν
610 3179 705 3231 καὶ
783 3177 881 3249 τὴν
939 3176 1280 3247 παρανομίαν
1348 3175 1554 3245 Ἀρείου
1611 3174 1702 3227 καὶ
1756 3173 1863 3227 τῶν

309 3275 404 3328 σὺν
446 3273 615 3342 αὐτῷ,
665 3273 758 3324 ἐπὶ
813 3270 1079 3342 παρουσίᾳ
1120 3268 1213 3322 τοῦ
1259 3267 1668 3336 θεοφιλεστάτου
1711 3266 1862 3336 βασι-

306 3364 439 3426 λέως
460 3361 870 3415 Κωνσταντίνου
893 3377 906 3390 ·
941 3360 1033 3413 καὶ
1067 3356 1358 3428 παμψηφεὶ
1396 3355 1570 3422 ἔδοξεν
1595 3355 1865 3425 ἀναθεμα-

308 3456 552 3526 τισθῆναι
586 3454 685 3526 τὴν
711 3453 881 3522 ἀσεϐῆ
909 3451 1070 3506 αὐτοῦ
1093 3451 1269 3518 δόξαν,
1296 3450 1388 3503 καὶ
1411 3448 1478 3503 τὰ
1511 3450 1729 3520 ῥήματα
1770 3447 1866 3501 καὶ

306 3549 374 3602 τά
414 3549 653 3618 ὀνόματα
705 3547 774 3599 τά
823 3545 1140 3616 βλάσφημα,
1194 3537 1273 3606 οἷς
1321 3543 1584 3613 ἐκέχρητο
1629 3538 1867 3609 βλασφη-

311 3639 444 3710 μῶν,
493 3639 586 3692 τὸν
613 3636 742 3690 Υἱδν
786 3636 877 3689 τοῦ
920 3635 1053 3689 Θεοῦ
1107 3634 1279 3702 λέγων
1316 3631 1374 3698 ἐξ
1397 3634 1495 3684 οὐκ
1541 3631 1735 3695 ὄντων,
1773 3630 1867 3682 καὶ

311 3729 447 3785 εἷναί
477 3749 606 3784 ποτε
632 3731 720 3784 ὅτε
745 3729 843 3783 οὐκ
865 3725 932 3800 ἦν
951 3746 963 3759 ·
989 3729 1081 3782 καὶ
1104 3725 1534 3794 αὑτεξουσιότητι
1552 3722 1747 3786 κακίας
1775 3721 1867 3775 καὶ

311 3825 504 3897 ἀρετῆς
526 3823 770 3878 δεκτικὸν
793 3823 883 3877 τὸν
909 3823 1035 3876 Υίὺν
1058 3821 1152 3875 τοῦ
1179 3820 1311 3874 Θεοῦ
1333 3819 1580 3888 λέγοντος
1607 3818 1741 3886 (59.),
1773 3815 1869 3870 καὶ

311 3917 512 3988 κτίσμα
561 3919 658 3971 καὶ
713 3916 922 3987 ποίημα
975 3911 1358 3982 ὀνομάζοντος,
1422 3911 1636 3965 ἅπαντα
1680 3907 1868 3964 ἀνεθε-

313 4012 535 4082 μάτισεν
571 4013 604 4082 ἡ
638 4009 767 4077 ἁγία
795 4009 1025 4072 σύνοδος,
1059 4007 1180 4061 οὐδὲ
1208 4007 1328 4060 ὅσον
1358 4003 1586 4058 ἀκοῦσαι
1613 4003 1713 4073 τῆς
1741 4003 1870 4056 ἀσε-

313 4104 437 4167 εοῦς
467 4102 626 4173 δόξης
648 4103 680 4174 ἢ
710 4101 965 4164 ἀπονοίας
991 4101 1084 4154 καὶ
1109 4099 1217 4152 τῶν
1241 4097 1570 4168 βλασφήμων
1593 4096 1868 4167 ῥημάτων,

312 4191 674 4262 ἀνασχομένη.
717 4191 826 4244 Καὶ
845 4189 911 4242 τά
939 4188 1035 4260 μὲν
1068 4189 1188 4240 κατ’
1216 4186 1421 4240 ἐκείνου
1445 4186 1556 4239 οἴου
1580 4185 1762 4248 τέλους
1781 4201 1872 4237 τε·

311 4282 536 4352 τύχηκε,
587 4282 803 4342 πάντως
841 4279 872 4351 ἢ
906 4280 1176 4348 ἀκηκόατε
1220 4277 1252 4348 ἦ
1287 4275 1617 4343 ἀκούσεσθε,
1665 4275 1752 4328 ἵνα
1799 4271 1874 4344 μὴ

2025 1810 2437 1900 τιμᾳίίεετἈνὶιιε
2470 1826 2518 1870 et
2549 1810 2650 1888 qui"
2668 1833 2783 1870 cum
2810 1810 2922 1886 ipso
2949 1821 3340 1877 consenserant,
3365 1810 3524 1883 depo-

2023 1896 2110 1940 siti
2134 1897 2274 1942 sunt.

2029 1983 2240 2041 Sancta:
2261 1987 2436 2058 gratia
2456 1987 2553 2043 Dei
2576 2001 2889 2058 magnasque
2912 1984 3404 2040 Alexandrinorum
3426 1982 3530 2038 Ee-

1958 2076 2156 2144 clesiae,
2179 2087 2234 2133 et
2257 2079 2470 2134 dilectis
2489 2079 2750 2134 fratribus
2771 2093 2870 2148 per
2889 2076 3200 2148 Egyptum,
3220 2074 3441 2146 Libyam
3465 2088 3528 2128 ac

1958 2169 2294 2241 Pentapolim
2327 2170 2657 2236 constitutis,
2693 2168 2936 2240 episcopi
2968 2167 3161 2223 Nicaea:
3195 2164 3524 2237 congregati,

1958 2270 2015 2319 et
2057 2278 2305 2333 magnam
2355 2271 2708 2334 sanctamque
2752 2260 3020 2333 synodum
3063 2259 3429 2330 complentes,
3473 2257 3528 2313 in

1959 2350 2191 2407 Domino
2227 2353 2476 2406 salutem.

2028 2442 2480 2513 Quandoquidem
2503 2443 2615 2498 Deo
2636 2443 2843 2513 optimo
2866 2443 3122 2507 maximo,
3143 2440 3302 2510 eique
3323 2434 3531 2493 charis-

1961 2536 2100 2592 simo
2135 2537 2376 2608 principe
2400 2535 2778 2602 Constantino,
2805 2553 2905 2592 nos
2937 2553 3004 2591 ex
3034 2531 3268 2589 diversis
3291 2527 3531 2586 civitati—

1961 2631 2063 2686 bus
2087 2646 2152 2685 ac
2173 2632 2471 2701 provinciis
2495 2640 2875 2703 congregante,
2901 2644 3054 2685 sacra
3075 2636 3132 2682 et
3153 2640 3344 2696 magna
3367 2637 3532 2695 syno-

1962 2721 2065 2778 dus
2089 2723 2280 2779 Niczeae
2303 2724 2576 2780 celebrata
2599 2731 2704 2789 est,
2730 2739 2957 2796 prorsus
2982 2718 3346 2776 necessarium
3373 2715 3529 2770 duxi-

1961 2831 2112 2880 mus,
2153 2816 2222 2870 ab
2258 2816 2515 2872 universo
2537 2830 2693 2871 sacro
2733 2815 2963 2870 concilio
3001 2813 3164 2868 etiam
3203 2810 3273 2866 ad
3309 2823 3409 2864 vos
3444 2807 3535 2862 lit-

1963 2917 2108 2963 teras
2140 2907 2315 2973 mitti;
2353 2924 2419 2963 ex
2443 2908 2643 2978 quibus
2679 2907 2981 2977 intelligere
3020 2904 3242 2976 possitis
3283 2917 3531 2973 quaenam

1963 3001 2243 3073 proposita
2267 3009 2429 3071 atque
2453 3001 2783 3063 examinata,
2803 3015 3050 3070 quaenam
3073 2999 3203 3052 item
3229 2997 3449 3052 decreta
3469 3011 3534 3051 ac

1968 3093 2206 3150 stabilita
2237 3093 2364 3147 sint.
2392 3092 2632 3147 Primum
2663 3091 2826 3161 igitur
2851 3089 3036 3144 habita
3067 3096 3151 3143 est
3184 3086 3412 3156 quaestio
3435 3100 3531 3142 co-

1969 3199 2086 3238 ram
2113 3182 2358 3252 piissimo
2380 3181 2625 3256 prjycipe
2658 3179 3036 3244 Constantino,
3062 3179 3129 3233 de
3160 3177 3437 3247 impietate
3469 3190 3534 3230 ae

1968 3275 2324 3344 perversitate
2348 3274 2461 3328 Arii
2497 3280 2552 3328 et
2584 3273 2856 3327 sociorum
2889 3271 3029 3341 ejus,
3066 3268 3386 3337 cunctisque
3417 3265 3532 3320 suf-

1968 3363 2305 3436 fragantibus
2345 3365 2548 3436 placuit
2592 3372 2649 3418 ut
2692 3362 2856 3434 impia
2905 3363 3025 3432 ejus
3074 3360 3258 3431 opinio
3306 3359 3533 3414 anathe-

1970 3465 2116 3512 mate
2158 3456 2542 3520 damnaretur,
2581 3455 2857 3524 verbaque
2897 3468 2961 3508 ac
3011 3453 3233 3507 nomina
3275 3451 3532 3520 blasphe-

1949 3537 2094 3605 ‘mire
2138 3551 2327 3620 plena,
2373 3549 2574 3619 quibus
2630 3550 2914 3612 utebatur,
2967 3546 3156 3614 dicens
3199 3543 3394 3599 Filium
3438 3543 3532 3598 Dei

1972 3652 2154 3698 ortum
2195 3657 2261 3698 ex
2297 3643 2497 3706 nihilo,
2532 3651 2588 3697 et
2627 3642 2794 3696 fuisse
2829 3637 3121 3710 aliquando
3160 3647 3376 3708 tempus
3408 3652 3534 3694 cum

1973 3749 2081 3788 non
2106 3739 2268 3796 esset,
2296 3741 2353 3786 et
2374 3749 2475 3804 pro
2513 3733 2724 3787 arbitrii
2761 3731 3014 3787 libertate
3043 3745 3170 3785 eum
3195 3729 3311 3784 vitii
3334 3743 3399 3784 ac
3418 3729 3533 3784 vir-

1975 3825 2079 3894 27
2117 3824 2247 3878 tutis
2270 3839 2522 3895 capacem
2557 3839 2676 3880 esse
2700 3842 2713 3878 :
2737 3831 2793 3879 et
2817 3831 3123 3879 creaturam
3149 3822 3300 3878 illum
3331 3835 3535 3876 vocans

1975 3925 2137 3987 atque
2179 3915 2462 3971 facturam.
2504 3913 2630 3971 Hinc
2662 3915 2845 3969 omnia
2878 3914 3221 3970 anathemate
3259 3911 3536 3968 damnavit

1976 4008 2314 4064 sanctissima
2364 4007 2634 4079 synodus,
2677 4007 2951 4077 opinionis
2994 4005 3158 4075 hujus
3199 4005 3534 4074 impietatem

1976 4107 2138 4169 atque
2159 4100 2474 4162 amentiam,
2501 4107 2556 4153 et
2577 4099 2741 4152 verba
2765 4097 3114 4168 blasphemia:
3138 4097 3315 4167 plena,
3341 4111 3410 4151 ne
3434 4112 3534 4152 au-

1977 4189 2095 4244 dire
2119 4189 2340 4259 quidem
2377 4191 2648 4259 patienter
2672 4187 2967 4242 sustinens.
2994 4187 3061 4242 Et
3081 4203 3146 4242 ea
3171 4187 3392 4258 quidem
3414 4202 3538 4257 qua:

1977 4281 2239 4336 adversus
2261 4281 2412 4336 illum
2437 4289 2585 4352 gesta
2611 4289 2757 4344 sunt,
2782 4279 2865 4334 vel
2895 4277 3238 4348 comperistis
3265 4279 3376 4349 jam
3395 4318 3410 4344 ,
3449 4279 3534 4333 vel

309 4373 547 4443 δόξωμεν
571 4371 918 4441 ἐπεμϐαίνειν
947 4371 1099 4441 ἀνδρὶ
1125 4369 1190 4422 δι’
1219 4368 1422 4421 οἰκείαν
1454 4366 1725 4438 ἁμαρτίαν
1749 4363 1866 4428 ἀξια

1978 4371 2131 4427 brevi
2167 4371 2495 4442 comperturi
2528 4371 2698 4426 estis:
2730 4385 2798 4424 ne
2832 4385 2931 4424 nos
2966 4369 3224 4424 insultare
3253 4367 3538 4424 videamur

309 4466 379 4519 τά
406 4466 662 4537 ἐπίχειρα
699 4463 1069 4535 κομισαμένῳ.
1106 4460 1369 4516 Τοσοῦτον
1401 4461 1459 4513 δέ
1495 4460 1680 4530 ἴσχυσε
1714 4457 1876 4512 αὐτοῦ

311 4559 348 4628 ἡ
374 4557 598 4611 ἀσέϐεια
634 4556 710 4620 ὡς
745 4557 840 4610 καὶ
888 4553 1262 4625 παραπολέσαι
1295 4551 1511 4605 Θεωνᾶν
1561 4549 1670 4604 ἀπὺ
1721 4551 1880 4622 Μαρι-

318 4653 580 4722 μαρικῆς,
618 4650 714 4702 καὶ
741 4646 1031 4701 Σεκοῦνδον
1065 4645 1171 4699 ἀπὸ
1201 4642 1578 4714 Πτολεμαΐδος.
1605 4642 1725 4695 Τῶν
1772 4643 1881 4713 γάρ

315 4741 494 4796 αὐτῶν
544 4742 784 4794 κάκεῖνοι
836 4741 1216 4810 τετυχήκασιν.
1273 4735 1412 4788 Ἀλλ’
1459 4734 1645 4800 ἐπειδὴ
1694 4737 1727 4804 ή
1787 4735 1880 4788 τοῦ

315 4831 450 4886 Θεοῦ
467 4833 648 4904 χάρις,
671 4832 768 4901 τῆς
795 4832 892 4901 μὲν
909 4828 1223 4893 κακοδοξίας
1249 4826 1461 4897 ἐκείνης
1485 4825 1574 4878 καὶ
1607 4825 1878 4891 ἀσεϐείας,

317 4927 410 4980 καὶ
436 4925 536 4994 τῆς
570 4923 940 4994 βλασφημίας,
971 4921 1065 4975 καὶ
1090 4921 1196 4973 τῶν
1224 4917 1527 4991 προσώπων
1551 4917 1659 4970 τῶν
1683 4917 1883 4988 τολμηο

319 5020 524 5073 σάντων
553 5017 836 5069 διάστασιν
864 5013 956 5066 καὶ
976 5013 1235 5081 διαίρεσιν
1265 5008 1591 5079 ποιήσασθαι
1614 5006 1707 5060 τοῦ
1734 5009 1880 5079 είρη-

317 5109 604 5179 νευομένου
638 5105 842 5159 ἀνωθεν
869 5102 1023 5167 λαοῦ,
1053 5102 1418 5172 ἠλευθέρωσεν
1447 5101 1478 5169 ἡ
1489 5100 1612 5168 μᾶς·
1639 5098 1880 5150 ἐλείπετο

318 5203 374 5256 δὲ
409 5202 470 5255 τὸ
498 5199 640 5255 κατὰ
682 5198 782 5268 τὴν
817 5198 1144 5270 προπέτειαν
1175 5193 1450 5256 Μελιτίου,
1491 5191 1583 5244 καὶ
1633 5190 1739 5243 τῶν
1790 5191 1878 5243 ὑπ’

1981 4463 2187 4516 homini
2212 4464 2305 4532 qui
2342 4463 2566 4518 sceleris
2597 4462 2682 4516 sui
2721 4461 2939 4531 dignam
2975 4460 3280 4515 mercedem
3307 4458 3534 4529 recepit.

1977 4556 2202 4610 Tantam
2228 4570 2357 4609 vero
2379 4555 2488 4609 vim
2511 4555 2700 4609 habuit
2724 4555 2844 4624 ejus
2868 4552 3139 4625 impietas,
3162 4559 3224 4606 ut
3259 4552 3536 4606 Theonam

1975 4647 2326 4713 Marmaricm,
2354 4655 2409 4701 et
2435 4645 2748 4702 Secundum
2787 4644 3139 4701 Ptolemaidis
3180 4645 3496 4715 episcopum
3517 4683 3533 4708 ,

1977 4752 2161 4791 secum
2215 4735 2271 4790 in
2311 4736 2537 4790 exitium
2589 4734 2940 4805 pertraxerit.
2998 4733 3132 4788 Nam
3167 4740 3224 4786 et
3264 4733 3319 4787 in
3363 4732 3534 4797 istos,

1975 4828 2166 4882 eadem
2191 4843 2312 4897 quae
2334 4827 2389 4880 in
2413 4826 2563 4880 illum
2604 4826 2709 4879 lata
2734 4826 3004 4880 sententia
3029 4824 3252 4881 est.Sed
3277 4825 3535 4896 quoniam

1978 4919 2370 4988 omnipotentis
2414 4918 2510 4971 Dei
2561 4918 2760 4988 gratia,
2811 4916 3082 4986 pravitate
3130 4916 3352 4985 quidem
3392 4917 3539 4971 illius

1977 5009 2250 5080 Opinionis
2273 5018 2328 5062 et
2350 5009 2627 5078 impietate
2662 5017 2825 5076 atque
2866 5008 3228 5078 blasphemia,
3255 5013 3310 5062 et
3343 5009 3410 5062 iis
3443 5008 3540 5062 ho-

1975 5101 2216 5156 minibus
2257 5100 2350 5170 qui
2394 5101 2448 5154 in
2494 5099 2697 5169 populo
2740 5099 2970 5154 antehac
3012 5109 3204 5170 pacato
3245 5100 3434 5154 turbas
3475 5117 3540 5155 ac

1976 5194 2200 5249 dissidia
2236 5194 2505 5248 concitare
2540 5192 2656 5245 ausi
2688 5190 2932 5255 fuerant,
2971 5205 3068 5244 vos
3103 5191 3211 5260 jam
3252 5191 3536 5256 liberavit;

1503 5374 1770 5432 V’ALESII
1809 5369 2350 5429 ANNOTATIONES.

391 5517 501 5590 (ΒΞ)
528 5517 640 5575 Τὸν
673 5517 820 5590 Υιύζ
849 5514 958 5590 τοῦ
1011 5514 1157 5590 ᾷεοῦ
1182 5515 1503 5590 deforme:
1536 5514 1726 5590 Exstat
1754 5513 1869 5590 haec

315 5583 542 5660 epistola
576 5589 724 5660 apud
760 5585 1158 5660 Theodoritum
1181 5586 1399 5660 in__libro
1420 5586 1596 5660 primo
1621 5583 1872 5660 Historia:

315 5655 718 5724 ecclesiastica,
746 5657 956 5727 aliquot
981 5656 1036 5727 in
1056 5656 1193 5712 locis
1213 5657 1522 5727 discrepans
1544 5655 1612 5709 ab
1632 5655 1873 5708 editione

319 5729 578 5787 Socratis.
607 5730 747 5786 Nam
769 5725 1134 5782 Theodoritus
1157 5741 1344 5782 vocem
1374 5725 1616 5793 λέγοντος
1646 5739 1766 5778 cum
1794 5737 1877 5778 se-

1975 5506 2451 5580 quenti_pericope_
2477 5503 2697 5580 omittit,
2747 5511 2818 5580 et.
2841 5503 2955 5556 haec
2989 5502 3189 5580 omnia_
3199 5500 3380 5580 jungit
3413 5514 3536 5580 eum

1976 5569 2298 5649 pmcedenti
2339 5569 2583 5649 periodo.
2619 5572 2676 5627 ln
2699 5572 2886 5626 codice
2915 5587 3131 5649 quoque
3171 5569 3367 5649 Leonis
3399 5569 3540 5649 Alla-

1979 5639 2039 5703 tii
2075 5648 2230 5701 deest
2254 5639 2484 5699 verbum
2515 5643 2779 5708 λέγοντος.
2809 5651 2865 5696 ct
2895 5639 3053 5710 quod
3073 5639 3320 5708 sequitur
3342 5639 3540 5707 ὀνομά-

1984 5720 2186 5783 ζοντος.
2226 5716 2287 5770 Et
2321 5731 2420 5785 pro
2448 5715 2678 5776 ἅπαντα,
2717 5713 2915 5780 legitur
2940 5710 3108 5763 ταῦτα
3134 5711 3328 5761 πάντα.
