4050 6348
577 446 648 502 ’35
2030 461 2359 523 socnms
3737 472 3798 527 es

575 568 772 634 fuisse;
797 579 1130 639 cunctosque
1157 573 1250 640 qui
1290 573 1344 628 in
1367 571 1588 626 Oriente
1621 581 1746 627 sunt
1783 572 2008 640 fratres,
2043 580 2128 646 qui

2240 587 2334 638 καὶ
2363 585 2521 638 τοῦτο
2549 587 2610 639 τὸ
2657 589 2818 659 μέρος
2839 604 2852 617 ο
2885 587 2958 651 ὦς
2989 605 3048 640 τε
3096 587 3301 648 πάντας
3333 585 3457 646 τοὺς
3492 585 3547 636 ἐν
3577 585 3643 656 τῇ
3692 584 3802 654 ὲῴᾳ

575 671 736 716 antea
758 675 884 715 cum
905 661 1106 717 Judaeis
1125 663 1332 719 Pascha
1354 665 1720 729 celebrarunt,
1744 679 1867 719 cum
1884 665 2145 724 Romanis

575 756 630 810 in
653 761 957 826 posterum,
983 763 1038 810 et
1064 757 1368 823 nobiscum,
1410 765 1465 812 et
1502 773 1626 813 cum
1657 760 1914 816 omnibus
1945 761 2037 831 qui
2075 762 2142 816 ab

575 847 766 903 ultima
809 847 1132 916 antiquitate
1185 848 1472 903 nobiseum
1523 849 1731 904 Pascha
1781 861 2139 922 peregerunt,

575 937 918 993 concorditer
940 953 1060 992 esse
1101 938 1489 994 cclcbratnros.
1526 940 1636 995 Vos
1664 957 1792 1012 ergo
1831 941 1940 996 lzeti
1977 951 2141 1012 atque

574 1028 775 1082 hilares
799 1027 868 1082 ob
892 1026 1104 1082 felicem
1128 1043 1312 1082 rerum
1329 1037 1608 1093 eventum,
1626 1039 1681 1084 et
1703 1030 1773 1084 ob
1797 1045 2140 1086 communem

572 1117 819 1172 omnium
844 1132 1032 1187 pacem
1067 1127 1230 1188 atque
1263 1119 1634 1185 concordiam,
1661 1129 1716 1175 et
1743 1121 1885 1190 quod
1916 1121 2141 1177 haeresis

571 1210 752 1265 omnis
775 1210 993 1280 penitus
1014 1210 1194 1265 excisa
1218 1221 1321 1274 est,
1347 1213 1551 1283 majore
1575 1228 1697 1267 cum
1723 1213 1931 1267 honore
1955 1227 2017 1267 ac
2039 1212 2138 1268 be-

573 1301 883 1355 nevolentia
923 1301 1183 1370 collegam
1225 1311 1500 1367 nostrum,
1532 1311 1882 1373 vestrumque
1929 1304 2139 1374 episco-

573 1407 706 1464 pum
749 1391 1116 1447 Alexandrum
1159 1394 1428 1463 excipite;
1471 1394 1563 1464 qui
1612 1404 1668 1450 et
1708 1411 1803 1449 sua
1845 1396 2137 1465 praesentia

568 1485 861 1539 maximam
885 1484 1047 1539 nobis
1070 1487 1252 1541 attulit
1286 1487 1642 1557 voluptatem,
1680 1495 1736 1542 et
1771 1488 1826 1541 in
1863 1495 1969 1542 tam
2004 1503 2136 1558 pro-

568 1584 724 1630 vecta
745 1583 900 1631 aetate
926 1576 1221 1646 plurimum
1246 1578 1449 1632 laboris
1473 1579 1755 1642 sustinuit,
1781 1586 1840 1632 ut
1863 1594 1968 1648 pax
1993 1579 2136 1633 inter

568 1682 668 1720 vos
690 1669 1094 1722 restitueretur.
1129 1667 1292 1723 Orate
1329 1670 1491 1724 etiam
1527 1685 1625 1740 pro
1659 1669 1819 1724 nobis
1855 1669 2132 1736 omnibus,

567 1766 628 1812 ut
651 1773 772 1828 quae
808 1765 955 1813 recte
979 1759 1272 1813 constituta
1298 1768 1443 1823 sunt,
1471 1760 1621 1813 lirma
1659 1768 2015 1830 permaneant
2035 1775 2134 1830 per

565 1850 738 1904 Deum
781 1851 1212 1920 omnipotentem
1243 1858 1298 1904 et
1331 1851 1904 1905 Dominum'nostrum
1945 1849 2129 1905 Jesum

564 1941 844 1997 Christum
872 1958 980 1996 una
1006 1957 1127 1996 cum
1153 1950 1342 1997 sancto
1364 1941 1592 2013 Spiritu,
1617 1943 1705 1996 cui
1729 1943 1897 2012 gloria
1922 1942 1977 1996 in
2000 1958 2134 1998 cun—
2162 1920 2205 1975 Β

565 2043 651 2089 cta
678 2035 896 2090 saecula.
924 2034 1116 2090 Amen.
1147 2036 1224 2090 Ex
1252 2036 1352 2090 hac
1378 2035 1568 2106 synodi
1592 2035 1820 2106 epistola
1842 2036 2132 2106 perspicue

565 2133 822 2196 apparet,
867 2141 964 2181 eos
1007 2143 1117 2181 non
1157 2127 1318 2181 modo
1351 2127 1541 2181 Arium
1583 2136 1638 2181 ct
1661 2135 1958 2182 sectatores
1991 2129 2130 2199 ejus,

564 2234 758 2272 verum
781 2218 947 2272 etiam
975 2217 1092 2288 ipsa
1116 2219 1390 2288 opinionis
1415 2219 1562 2274 illius
1584 2219 1751 2273 verba
1786 2220 2132 2276 anathemate

564 2307 905 2364 damnavisse
934 2328 946 2362 :
974 2318 1176 2366 etcum
1211 2310 1278 2366 de
1301 2311 1538 2382 paschali
1563 2311 1703 2366 festo
1736 2311 1879 2365 inter
1909 2327 1964 2366 se
1998 2328 2132 2366 con-

566 2401 887 2464 sensissent,
913 2401 1175 2456 Melitium
1200 2410 1363 2457 secta:
1396 2402 1621 2458 alterius
1644 2411 1922 2457 auctorem
1943 2418 2131 2457 susce-

567 2492 734 2562 pisse,
759 2494 1106 2564 episcopatus
1129 2494 1350 2564 quidem
1385 2494 1704 2566 dignitatem
1744 2497 1978 2551 retinere
2003 2512 2130 2552 eum

566 2594 787 2648 passos;
811 2597 1002 2635 verum
1045 2590 1312 2652 potestate
1343 2584 1535 2654 agendi
1558 2585 1854 2656 quidquam
1879 2603 1977 2656 pro
2011 2587 2129 2657 epi-

564 2687 752 2742 scopo,
783 2673 859 2726 illi
883 2673 1103 2742 penitus
1125 2673 1396 2745 adempta.
1439 2676 1610 2742 Quam
1644 2677 1714 2731 ob
1738 2693 1954 2732 causam
1979 2678 2127 2733 arbi-

566 2771 680 2818 tror
703 2763 1006 2819 Melitianos
1032 2765 1088 2819 in
1111 2765 1339 2838 {Egypto
1376 2767 1442 2821 ad
1473 2768 1576 2823 hoc
1601 2784 1774 2838 usque
1815 2777 2028 2839 tempus
2058 2770 2127 2825 ab

562 2853 805 2911 Ecclesia
851 2866 1130 2926 separatos
1167 2875 1322 2924 esse,
1369 2869 1656 2930 propterea
1700 2862 1846 2931 quod
1890 2864 2129 2934 synodus

560 2965 778 3004 omnem
801 2950 1003 3006 Melitio
1029 2959 1350 3021 potestatem
1376 2953 1595 3008 ademit.
1635 2954 1804 3008 Porro
1843 2955 2126 3010 sciendum

560 3047 646 3094 est
682 3039 873 3095 Arium
906 3041 973 3095 de
995 3041 1252 3111 opinione
1285 3058 1382 3097 sua
1419 3043 1622 3098 librum
1659 3044 1948 3114 quemdam
1973 3062 2124 3100 com-

559 3133 841 3204 posuisse,
883 3149 1045 3204 quem
1087 3133 1327 3188 Thaliam
1370 3134 1664 3206 inscripsit.
1704 3135 1800 3190 Est
1833 3147 2013 3190 autem
2037 3137 2124 3191 di-

2243 675 2526 746 ἀδελφοὺς,
2556 679 2682 742 τοὺς
2720 677 2858 749 μετά
2875 679 2982 731 τῶν
3026 676 3294 730 Ἰουδαίων
3316 675 3377 729 τὸ
3405 675 3666 747 πρότερον
3688 692 3802 729 ποι-

2241 768 2468 833 οὖντας,
2507 769 2808 841 συμφώνως
2862 768 3149 839 Ῥωμαίοις
3190 767 3284 821 καὶ
3322 767 3474 836 ἡμῖν,
3509 766 3604 818 καὶ
3640 767 3803 819 πᾶσιν

2240 863 2350 925 τοῖς
2388 861 2446 928 ἐξ
2477 861 2706 932 ἀρχαίου
2734 860 2851 932 μεθ’
2883 858 3038 930 ἡμῶν
3061 858 3383 928 φυλάττουσι
3415 855 3476 909 τὸ
3502 855 3712 926 Πάσχα,
3739 856 3801 909 ὲκ

2240 951 2332 1005 τοῦ
2360 950 2519 1021 δεῦρο
2569 951 2743 1019 ἄγειν.
2782 949 3076 1020 Χαίροντες
3110 943 3203 1002 οὖν
3246 946 3340 1000 ἐπὶ
3387 948 3500 1008 τοῖς
3530 943 3803 1016 κατορθώ-

2243 1060 2395 1114 μασι,
2423 1043 2515 1096 καὶ
2536 1045 2601 1112 τῇ
2627 1043 2726 1113 τῆς
2745 1042 2964 1114 εἰρήνης
2984 1039 3288 1110 συμφωνίᾳ,
3316 1038 3408 1092 καὶ
3432 1039 3523 1090 ἐπὶ
3541 1038 3601 1090 τὸ
3622 1040 3802 1092 πᾶσαν

2239 1135 2447 1208 αἵρεσιν
2490 1134 2823 1204 ἐκκοπῆναι,
2869 1129 3198 1196 ἀποδέξασθε
3246 1130 3345 1200 μὲν
3385 1129 3522 1200 μετά
3557 1127 3803 1200 μείζονος

2238 1231 2402 1302 τιμῆς
2431 1231 2524 1284 καὶ
2550 1229 2791 1294 πλείονος
2815 1229 3035 1298 ἀγάπης
3063 1227 3152 1282 τὸν
3183 1225 3594 1294 συλλειτουργὸν
3618 1223 3800 1295 ἡμῶν,

2239 1321 2391 1393 ὑμῶν
2437 1322 2492 1375 δὲ
2542 1321 2837 1374 ἐπίσκοπον
2900 1317 3261 1392 Ἀλέξανδρον,
3312 1316 3403 1368 τὸν
3458 1316 3804 1385 εὑφράναντα

2236 1416 2382 1486 ἡμᾶς
2409 1416 2466 1467 ὲν
2497 1415 2562 1484 τῇ
2593 1411 2881 1484 παρουσίᾳ,
2916 1411 3009 1463 καὶ
3036 1411 3092 1463 ὲν
3113 1408 3285 1481 ταύτῃ
3311 1409 3376 1478 τῇ
3406 1405 3591 1478 ἡλικία
3611 1403 3802 1458 τοσοῦ-

2235 1523 2326 1559 τον
2358 1506 2515 1558 πόνον
2545 1505 2853 1558 ὑποστάντα
2882 1502 3022 1572 ὑπὲρ
3042 1501 3136 1555 τοῦ
3162 1501 3383 1570 εἰρήνην
3421 1497 3673 1566 γενέσθαι
3706 1497 3803 1550 καὶ

2235 1599 2367 1666 παρ’
2399 1597 2544 1666 ὑμῖν.
2581 1594 2814 1665 Εὗχεσθε
2847 1593 2903 1646 δὲ
2943 1592 3082 1663 ὑπὲρ
3123 1589 3279 1661 ἡμῶν
3310 1588 3584 1648 ἁπάντων,
3618 1587 3704 1640 ἵνα
3731 1587 3804 1640 τὰ

2233 1691 2414 1756 καλῶς
2445 1691 2588 1762 ἔχειν
2630 1691 2891 1756 δόξαντα,
2937 1689 3107 1742 ταῦτα
3151 1686 3343 1756 βέϐαια
3389 1684 3557 1757 μένῃ,
3587 1683 3675 1738 διὰ
3701 1684 3801 1737 τοῦ

2235 1785 2665 1855 παντοκράτορος
2695 1783 2830 1836 Θεοῦ
2853 1822 2869 1847 ,
2899 1781 2994 1834 καὶ⁵
3025 1780 3111 1833 διὰ
3141 1779 3231 1832 τοῦ
3261 1778 3460 1850 Κυρίου
3493 1776 3649 1848 ἡμῶν
3691 1777 3800 1847 ’1η-

2234 1875 2326 1930 σοῦ
2361 1874 2616 1946 Χριστοῦ,
2645 1874 2739 1928 σὺν
2778 1873 2914 1944 ἀγίῳ
2942 1871 3216 1940 Πνεύματι
3239 1886 3250 1898 ·
3287 1863 3330 1937 ᾧ
3357 1872 3389 1940 ἡ
3417 1869 3542 1933 δόξα
3570 1870 3650 1932 είς
3677 1868 3803 1932 τοὺς

2234 1967 2451 2032 αἰῶνας.
2494 1969 2685 2038 Ἀμήν.
2745 1967 2832 2019 Ἐν
2860 1963 3030 2036 ταύτῃ
3063 1965 3127 2033 τῇ
3160 1961 3256 2032 τῆς
3295 1959 3508 2013 συνόδου
3540 1960 3799 2030 ἐπιστολῇ

2232 2059 2464 2130 φανερὸν
2493 2057 2831 2128 καθίστησιν,
2868 2056 2950 2108 ὅτι
2977 2055 3035 2107 οὐ
3074 2053 3229 2124 μόνον
3276 2052 3489 2123 Ἀρειον
3546 2051 3639 2104 καὶ
3671 2050 3803 2113 τοὺς

2230 2150 2518 2222 ὁμοδόξους
2544 2147 2708 2202 αὑτοῦ
2746 2145 3162 2216 ἀνεθεμάτισαν,
3202 2143 3336 2197 ἀλλά
3376 2142 3470 2196 καλ⁵
3497 2141 3596 2205 τάς
3621 2139 3802 2206 λέξεις

2229 2243 2327 2313 τῆς
2357 2240 2513 2312 δόξης
2538 2239 2704 2294 αὐτοῦ
2729 2257 2742 2271 ο
2776 2239 2870 2291 καὶ
2894 2238 2975 2290 ὅτι
3007 2236 3133 2307 περὶ
3161 2234 3254 2288 τοῦ
3277 2234 3464 2304 Πάσχα
3491 2233 3803 2304 ὁμοφρονή-

2233 2350 2423 2396 σαντες
2441 2371 2456 2394 ,
2484 2330 2728 2395 ἐδέξαντο
2754 2329 2844 2382 τὸν
2868 2327 3220 2400 αἱρεσιάρχην
3245 2323 3493 2379 Μελίτιον
3527 2323 3662 2396 (61),
3694 2322 3800 2396 τὴν

2233 2426 2331 2499 μὲν
2370 2423 2524 2492 ἀξίαν
2552 2422 2649 2492 τῆς
2687 2420 2987 2488 ἐπισκοπῆς
3017 2419 3158 2490 ἔχειν
3199 2418 3359 2472 αὐτὸν
3391 2417 3802 2488 συγχωρήσαν-

2228 2533 2356 2582 τες·
2401 2515 2500 2587 τὴν
2543 2514 2600 2568 δὲ
2633 2511 2879 2578 ἐξουσίαν
2907 2509 3001 2564 τοῦ
3043 2510 3301 2582 πράττειν
3349 2508 3509 2561 αὐτόν
3555 2525 3677 2561 τινα
3720 2507 3800 2570 ὡς

2229 2603 2540 2667 ὲπίσκοπον,
2572 2597 2940 2672 περιελόντες
2973 2596 3039 2648 δι’
3076 2597 3142 2666 ἢν
3181 2596 3357 2648 αἰτίαν
3387 2590 3592 2664 νομίζω
3612 2633 3627 2658 ,
3657 2591 3798 2662 ἄχρι

2227 2688 2322 2742 νῦν
2347 2687 2674 2758 κεχωρίσθαι
2699 2685 2796 2755 τῆς
2831 2683 3151 2753 Ἑκκλησίας
3170 2684 3295 2746 τοὺς
3319 2685 3375 2736 ὲν
3397 2682 3656 2750 Αἰγύπτῳ
3689 2681 3799 2734 Με-

2226 2779 2516 2842 λιτιανοὺς,
2549 2778 2630 2832 ὅτι
2659 2775 2928 2847 περιεῖλεν
2957 2776 2990 2846 ὴ
3017 2774 3226 2837 σύνοδος
3256 2771 3507 2826 Μελιτίου
3540 2771 3601 2825 τὸ
3632 2770 3798 2824 δύνα-

2229 2869 2375 2924 σθαι.
2413 2868 2609 2922 Ὶστέον
2639 2867 2718 2932 δὲ,
2753 2868 2834 2921 ὃτι
2865 2867 3081 2937 Ἄρειος
3105 2864 3307 2936 βιϐλία)
3337 2863 3640 2935 συνέγραψε
3663 2863 3800 2932 περὶ

2223 2964 2322 3034 τῆς
2358 2961 2551 3017 ἑαυτοῦ
2578 2959 2757 3029 δόξης,
2787 2958 2816 3011 δ
2842 2957 3115 3029 ἐπέγραψε
3144 2955 3398 3011 Θάλειαν
3417 2964 3468 3009 3'.
3493 2956 3650 3007 Ἐστι
3676 2955 3735 3008 δὲ
3769 2957 3802 3008 ὁ

2224 3050 2510 3124 χαρακτὴρ
2541 3049 2633 3102 τοῦ
2657 3048 2860 3119 βιῦλίου
2896 3047 3092 3117 χαῦνος
3113 3048 3205 3101 καὶ
3231 3045 3606 3116 διαλελυμένος
3633 3084 3647 3107 ,
3680 3047 3802 3107 τοῖς

2225 3142 2503 3207 σωταδίοις
2535 3140 2771 3214 ᾅσμασιν
2801 3139 2932 3209 (6'2),
2979 3139 3096 3210 ἦτοι
3139 3138 3354 3209 μέτροις
3378 3135 3758 3207 παραπλήσιος
3781 3151 3796 3165 ·

559 3224 717 3281 cendi
741 3239 910 3296 genus
930 3226 1090 3280 molle
1113 3243 1176 3282 ac
1197 3227 1456 3290 solutum,
1493 3227 1752 3282 sotadicis
1787 3229 2124 3285 carminibus

2229 3237 2359 3306 ὅπερ
2387 3235 2478 3288 καὶ
2505 3233 2637 3286 αὐτὸ
2672 3231 2790 3284 τότε
2828 3232 2861 3300 ὴ
2901 3229 3114 3292 σύνοδος
3146 3227 3486 3298 ἀπεκήρυξεν
3506 3244 3517 3256 ·
3549 3227 3609 3279 οὑ
3652 3225 3800 3296 μόνη

558 3329 667 3370 non
691 3316 942 3371 absimile
971 3337 983 3370 :
1010 3335 1172 3388 quem
1203 3319 1422 3389 quidem
1455 3320 1657 3374 librum
1694 3329 1823 3375 tunc
1866 3322 2126 3392 temporis

2229 3329 2276 3383 δὲ
2301 3329 2335 3398 ἡ
2367 3324 2579 3385 σύνοδος
2609 3320 2703 3375 τοῦ
2732 3321 2936 3391 γράψαι
2967 3321 3094 3390 περὶ
3123 3319 3218 3388 τῆς
3238 3317 3536 3388 γενομένης
3563 3318 3801 3388 εἰρήνης

557 3405 722 3459 etiam
745 3407 985 3478 synodus
1007 3408 1422 3476 condemnavit;
1448 3426 1626 3480 neque
1649 3426 1777 3465 vero
1800 3411 1897 3465 soli
1922 3412 2128 3484 synodo

559 3508 705 3548 cura:
746 3486 872 3559 fuit;
913 3496 982 3551 de
1016 3512 1148 3566 pace
1185 3498 1442 3554 Ecclesiae
1479 3501 1730 3556 restituta
1753 3501 1965 3557 litteras
1988 3502 2127 3556 scri-

559 3583 720 3648 bere;
747 3585 842 3639 sed
865 3595 920 3641 et
942 3586 1057 3656 ipse
1081 3587 1379 3658 imperator
1399 3588 1786 3646 Constantinus
1807 3592 1873 3647 ad
1898 3591 2130 3647 Alexan-

560 3674 770 3730 drinam
794 3677 1092 3734 Ecclesiam
1119 3679 1217 3736 has
1241 3681 1451 3737 litteras
1469 3681 1622 3738 dedit
1649 3699 1662 3736 :

773 3790 882 3861 30
910 3789 1149 3862 Epistola
1194 3794 1526 3864 imperatoris
1561 3793 1908 3850 Constantini.

627 3880 1021 3938 Constantinus
1065 3886 1340 3957 Augustus
1394 3886 1676 3943 catholicae
1718 3886 2118 3945 Alexandrino-

563 3989 686 4028 rum
710 3973 986 4030 Ecclesize.
1029 3975 1264 4042 Salvete,
1313 3977 1510 4032 fratres
1551 3979 1915 4037 dilectissimi.
1953 3981 2120 4036 Maxi-

561 4080 708 4120 mum
745 4082 774 4121 a
805 4067 990 4122 divina
1018 4069 1360 4139 providentia
1408 4069 1732 4126 beneﬁcium
1786 4074 2118 4144 accepimus,

560 4166 621 4212 ut
658 4159 806 4212 omni
840 4175 1029 4215 errore
1062 4160 1303 4228 liberati,
1330 4177 1493 4216 unam
1546 4164 1904 4235 eamdemque
1956 4164 2118 4221 fidem

2223 3417 2538 3491 ἐφρόντισεν
2557 3431 2570 3444 ·
2603 3412 2738 3466 ἁλλά
2759 3411 2869 3482 γὰρ
2899 3411 2990 3463 καὶ
3019 3413 3047 3464 ὁ
3087 3409 3336 3480 βασιλεὺς
3368 3410 3753 3470 Κωσταντϊνος
3777 3451 3794 3474 ,

2223 3510 2291 3564 δι’
2317 3507 2529 3562 οἰκείων
2565 3503 2902 3575 γραμμάτων
2932 3505 2995 3574 τῇ
3043 3500 3430 3571 Ἀλεξανδρέων
3490 3497 3802 3571 Ἐκκλησία

2222 3600 2348 3656 τάδε
2379 3596 2685 3652 ἐπέστειλεν
2719 3611 2733 3625 ·

2567 3795 2639 3850 Ἠ
2665 3793 2960 3862 ἐπιστολὴ
2991 3792 3098 3847 τοῦ
3126 3789 3451 3857 βασιλέως.

2295 3888 2666 3950 Κωσταντῖνος
2696 3884 2961 3946 Σεϐαστὸς
3017 3886 3083 3955 τῇ
3108 3881 3368 3952 καθολικῇ
3399 3877 3804 3948 Ἀλεξανδρέων

2237 3980 2549 4051 Ἐκκλησία.
2571 3978 2822 4052 Χαίρετε,
2846 3976 3119 4046 ἀγαπητοὶ
3140 3972 3373 4043 ἀδελφοί.
3395 3970 3616 4025 Τελείαν
3639 3970 3808 4039 παρὰ

2224 4070 2324 4139 τῆς
2346 4069 2498 4132 θείας
2527 4069 2784 4140 προνοίας
2816 4068 3115 4139 εἰλήφαμεν
3141 4065 3320 4138 χάριν,
3342 4065 3428 4117 ἵνα
3451 4061 3631 4132 πάσης
3655 4059 3806 4114 πλά-

2225 4178 2322 4233 νης
2355 4161 2775 4231 ἀπαλλαγέντες,
2812 4161 2941 4232 μίαν
2969 4159 3064 4213 καὶ
3091 4157 3187 4227 τὴν
3225 4156 3389 4228 αὐτὴν
3415 4152 3812 4224 ἐπιγινώσκω-

1754 4336 2022 4393 VALESII
2059 4335 2604 4393 ANNOTATIONES.

619 4465 730 4539 (6i)
763 4467 1075 4533 Ἐδέεαντο
1091 4468 1197 4522 τόν
1213 4466 1598 4539 αἰρεσιὰρχην
1611 4470 1908 4524 Μελίτιον.
1934 4471 2128 4526 Imme-

2233 4471 2418 4539 ltaquc
2451 4472 2558 4528 hoc
2599 4486 2762 4526 sensu
2783 4469 3018 4539 Melitius
3038 4465 3428 4539 ineresiarches
3449 4463 3557 4539 dici
3583 4473 3806 4539 potest.

558 4535 667 4592 rito
698 4537 954 4609 Socrates
974 4539 1225 4595 Melitium
1244 4535 1488 4609 appellat
1504 4535 1964 4596 rhaaresiarcham.
1985 4543 2122 4598 Nam

557 4623 736 4690 neque
754 4608 964 4690 Nicaeni
985 4609 1195 4672 Patres,
1223 4608 1406 4690 ncque
1441 4611 1871 4690 Athanasiuslin
1919 4612 2122 4690 Apolo-

557 4678 736 4801 ﬁetico
762 4678 1024 4760 secundo,
1048 4693 1227 4747 neque
1250 4678 1625 4801 Efiphanius,
1645 4680 1909 4735 Mclitium
1957 4678 2124 4738 ullius

595 4749 1191 4801 :ereseosmsimulant.
1221 4764 1277 4801 se
1344 4750 1662 4801 schismatls
1710 4749 1974 4801 duntaxat
2020 4769 2120 4801 au-

595 4763 828 4804 :ereseos
853 4748 1191 4812 insimulant,
1221 4748 1315 4803 sed
1344 4748 1662 4808 schismatis
1710 4749 1974 4805 duntaxat
2020 4769 2120 4806 au-

555 4827 762 4873 ctorem
786 4817 953 4873 fuisse
979 4817 1188 4873 dicunt.
1217 4819 1419 4873 Verum
1443 4838 1568 4876 cum
1599 4819 1858 4874 Melitiani
1900 4819 2122 4877 Arianis

556 4887 780 4970 tandem
806 4903 925 4944 sese
951 4889 1316 4970 adiunxerint,
1341 4891 1487 4970 quod
1505 4891 1751 4970 quidem
1779 4899 1931 4970 post
1961 4907 2122 4961 syno-

553 4956 682 5010 dum
709 4957 1003 5024 Nicaenam,
1019 4956 1225 5031 etpost
1246 4956 1476 5016 mortem
1504 4956 1674 5031 ipsius
1689 4956 1881 5031 Melitii
1907 4956 2108 5016 factum

551 5041 673 5081 esse
698 5042 862 5097 supra
885 5029 1113 5094 monui,
1147 5031 1380 5084 schisma
1408 5029 1567 5086 suum
1593 5032 1648 5085 in
1686 5030 1936 5084 haeresim
1980 5047 2106 5085 ver-

556 5105 778 5163 terunt,
834 5098 978 5155 sicut
1028 5099 1097 5155 de
1148 5100 1444 5156 Donatistis
1498 5101 1693 5156 scribit
1745 5099 2103 5170 Augustinus.

2305 4534 2416 4614 (62)
2457 4538 3098 4614 £wt_a6101¢_¢onaqcy.
3145 4536 3330 4614 Nostri
3369 4534 3587 4614 codices
3635 4534 3812 4591 Sfor-

2225 4605 2406 4684 tianus
2430 4617 2508 4684 Δ(ξι
2535 4605 2905 4684 Ἐιοιξειιὶίῐὶιιε
2948 4607 3156 4663 addunt
3210 4607 3350 4684 ﬁtQt_
3377 4605 3623 4684 μέτροιςε
3672 4621 3816 4675 quae

2221 4683 2393 4737 verba
2417 4680 2950 4750 Christophorsonus
2975 4690 3193 4746 quoque
3219 4673 3278 4750 in
3295 4673 3452 4750 Ιιὺείβ
3474 4673 3590 4750 suis
3626 4673 3813 4744 repe-

2221 4753 2318 4815 rit,
2348 4760 2410 4806 ut
2433 4766 2502 4805 ex
2527 4743 2781 4805 versione
2803 4749 2922 4818 e‘jus
2955 4743 3198 4818 apparet.
3245 4743 3350 4818 De_
3370 4743 3555 4818 Thalia
3598 4743 3814 4818 autem

2221 4813 2361 4886 Arii,
2377 4820 2503 4875 vide
2523 4813 2880 4874 Athanasium
2905 4817 2960 4870 in
2982 4813 3228 4870 oratione
3251 4829 3287 4868 ιι
3312 4813 3808 4886 contraArianos.

2221 4883 2393 4957 Quam
2419 4904 2544 4960 cum
2566 4904 2598 4943 a
2619 4888 2825 4960 synodo
2847 4887 3154 4960 damnatam
3193 4900 3314 4940 esse
3339 4883 3472 4939 dicit
3505 4884 3810 4960 Socrates,

2215 4953 2756 5030 intelligendum'est
2801 4972 2910 5030 non
2950 4955 3127 5030 ipsum
3185 4970 3406 5010 carmen
3458 4953 3812 5030 nominatim

2212 5046 2334 5086 esse
2362 5023 2699 5090 damnatum,
2724 5025 2820 5081 sed
2842 5023 3146 5081 doctrinam
3173 5033 3381 5081 tantum
3403 5039 3524 5095 quae
3546 5023 3645 5079 illo
3671 5041 3813 5080 car-

2213 5101 2361 5156 mine
2397 5097 2803 5154 continebatur.

1983 5257 2362 5314 VARIORUM.

623 5395 652 5435 1
675 5385 952 5444 Θάλειαν.
976 5386 1200 5444 Cantica
1236 5385 1563 5458 conscripsit
1597 5385 1764 5458 Arius
1797 5384 1955 5456 (teste
1983 5387 2115 5441 Phi.

552 5458 818 5538 lostorgio
844 5458 948 5538 lib...
985 5473 1042 5521 ιι,
1062 5473 1206 5538 βαρ..
1222 5458 1279 5538 2)
1309 5456 1947 5538 varii'ﬁeneris,.nempe.
1983 5471 2120 5510 nan-

551 5528 680 5592 tica,
711 5525 1409 5590 molendinariafviatoria,
1445 5525 1670 5596 aliaque
1682 5525 1972 5595 ejusmodi,
1990 5541 2121 5596 cer-

552 5598 628 5652 tis
652 5595 1132 5668 modulationibus
1159 5605 1362 5668 aptata,
1398 5605 1458 5650 ut
1482 5594 1860 5668 imperitarum
1909 5595 2123 5668 animos
2221 5604 2313 5668 tur
2361 5596 2504 5668 apud
2540 5596 2911 5668 Athanasium

553 5667 824 5721 suavitate
849 5672 1044 5720 cantus
1067 5665 1135 5720 ad
1163 5664 1503 5735 impietatem
1531 5664 1686 5735 suam
1705 5665 1912 5720 sensim
1950 5664 2125 5720 abdu-

555 5743 724 5805 reret.
759 5735 865 5792 Sed
896 5750 1006 5805 pra:
1029 5734 1830 5805 ceterisdecantatissimusest
1852 5735 1992 5790 liber
2012 5735 2125 5799 ille,

560 5803 739 5858 Thalia
763 5803 964 5869 dictus,
997 5805 1158 5860 toties
1194 5803 1488 5860 Athanasio
1529 5804 1748 5867 citatus,
1790 5805 1857 5859 ad
1891 5819 2098 5860 morem

561 5872 794 5940 Sotadis,
853 5875 1154 5946 turpissimi
1203 5873 1478 5932 Cretensis
1521 5875 1914 5948 iambograpbi,
1966 5891 2098 5931 con-

2214 5387 2493 5510 scriptus;
2524 5387 2579 5440 in
2603 5401 2716 5456 quo
2757 5387 2825 5442 de
2861 5387 3196 5458 gravissimis
3242 5401 3562 5468 summeque
3609 5403 3813 5468 vene-

2217 5472 2313 5511 ran
2358 5454 2575 5536 isﬁdei
2615 5457 2906 5536 mysteriis,
2971 5457 3261 5536 levissimis
3303 5456 3817 5536 subtilrssrmlsque

2218 5525 2465 5582 numeris
2490 5525 2766 5581 disseruit.
2797 5527 3063 5652 Excerlpeta
3088 5527 3332 5597 quaedam
3373 5541 3440 5582 ex
3468 5540 3536 5580 eo
3566 5525 3813 5584 habén-

2221 5604 2313 5651 tur
2361 5596 2504 5652 anud
2556 5596 2911 5652 Athanasium
3087 5597 3276 5652 svnodi
3327 5597 3532 5652 Nicen.
3586 5609 3813 5652 contra

3087 5597 3277 5669 synodi
3327 5597 3532 5669 Nicaea.
3581 5609 3816 5669 contra

2224 5665 2414 5746 heres:
2455 5667 2995 5746 Arianamdecretis,
3027 5665 3299 5746 μέρη»,
3331 5665 3480 5746 Orat.
3507 5682 3542 5746 ει
3569 5665 3815 5746 Contra

2226 5735 2477 5809 Arianos,
2499 5737 2788 5809 pag._l57,
2823 5737 2950 5809 lit),
2973 5735 3227 5809 ~etc.,_De
3262 5737 3452 5809 synod.
3497 5736 3684 5791 Arim.
3747 5751 3817 5796 et

2215 5805 2454 5875 Seleuc.,
2478 5805 2596 5880 p’ag‘.
2620 5807 2740 5864 680.
2772 5806 2937 5879 (Guil.
2961 5805 3101 5862 Cave
3126 5807 3180 5861 in
3202 5805 3379 5877 Ari'o.)
