4050 6348
282 487 349 543 85
1272 484 1597 541 HISTORIA
1635 478 2185 537 ECCLESIASTICA.
2226 513 2294 521 ——
2332 481 2461 536 LIB.
2504 480 2542 534 l.
3459 474 3532 533 86

287 620 382 675 μεν
419 601 626 656 πίστιν.
676 603 847 659 Οὐδὲν
886 602 1073 661 λοιπὸν
1120 602 1199 675 τῷ
1236 603 1464 676 διαϐόλῳ
1507 603 1683 671 ἔξεστι
1733 600 1855 656 καθ’

1968 615 2339 671 agnoscamus.
2366 598 2513 655 Nihil
2555 596 2816 670 deinceps
2851 596 3071 653 diabolo
3119 594 3383 651 adversus
3431 609 3533 649 nos

285 695 436 769 ἡμῶν
458 711 473 725 ·
516 696 626 749 πᾶν
652 696 708 749 εί
734 713 787 750 τι
824 696 869 750 δ’
897 696 964 752 ἂν
993 697 1530 767 κακοτεχνησάμενος
1560 694 1853 766 ἐπεχείρη-

288 803 393 849 σεν,
410 789 475 840 ἐκ
498 786 716 859 βάθρων
732 788 1020 860 ἀνῄρηται.
1035 787 1145 851 Tit;
1166 787 1448 859 διχονοίας,
1466 787 1532 841 τὰ
1555 787 1850 857 σχίσματα,

294 878 413 940 τοὺς
442 877 708 949 θορύϐους
748 880 1021 948 ἐκείνους,
1056 882 1148 935 καὶ
1183 880 1252 935 τά
1293 880 1401 934 τῶν
1429 879 1755 950 διαφωνιῶν,
1786 878 1853 933 ἵν’

313 968 337 988 .
426 989 452 1001 ,
1653 972 1679 983 -
1824 970 1850 983 ..

285 987 449 1035 ουτω..
472 973 632 1032 εἴπω,
659 971 935 1045 θανάσιμα
963 973 1250 1045 φάρμακα,
1287 975 1429 1029 κατὰ
1456 974 1555 1046 τὴν
1589 990 1681 1028 του
1717 973 1854 1027 Θεου

288 1059 553 1125 κέλευσιν,
591 1061 625 1133 η
656 1060 755 1131 τῆς
780 1060 1038 1132 ἀληθείας
1089 1062 1306 1133 ἐνίκησε
1341 1062 1693 1135 λαμπρότης.
1720 1063 1859 1116 Ἕνα

287 1152 568 1224 τοιγαροῦν
617 1152 855 1219 ἅπαντες
888 1154 982 1207 xui.
1028 1152 1108 1226 τῷ
1144 1155 1367 1227 ὀνόματι
1420 1155 1855 1227 προσκυνοῦμεν,

287 1243 375 1297 καὶ
423 1239 563 1296 εἶναι
607 1244 1070 1316 πεπιστεύκαμεν.
1118 1245 1235 1298 Ἵνα
1294 1246 1351 1300 δὲ
1398 1244 1557 1300 τοῦτο
1594 1248 1858 1321 γένηται,

288 1335 588 1407 ὑπομνήσει
621 1334 786 1403 Θεοῦ,
818 1337 1150 1392 συνεκάλεσα
1184 1339 1265 1402 είς
1298 1337 1397 1409 τὴν
1429 1335 1678 1392 Νικαέων
1709 1337 1861 1393 πόλιν

285 1426 405 1489 τοὺς
442 1426 728 1493 πλείστους
755 1427 863 1481 τῶν
913 1430 1259 1494 ἐπισκόπων,
1310 1430 1429 1501 μεθ’
1459 1424 1640 1504 ὧνπερ
1674 1427 1757 1496 εἷς
1802 1431 1864 1498 ἐξ

286 1510 434 1582 ὑμῶν
459 1514 573 1584 ἐγὼ
596 1553 610 1575 .
640 1515 668 1567 ὁ
693 1516 1047 1588 συνθεράπων
1082 1519 1347 1590 ὑμέτερος
1387 1516 1508 1574 καθ’
1557 1521 1863 1596 ὑπερϐολὴν

286 1598 424 1660 εἶναι
458 1607 687 1679 χαίρων,
722 1612 817 1663 καὶ
842 1610 1003 1674 αὐτὸς
1042 1611 1139 1683 τὴν
1186 1612 1286 1684 τῆς
1316 1613 1573 1686 ἀληθείας
1617 1615 1864 1682 ἐξέτασιν

286 1697 636 1772 ἀνεδεξάμην.
678 1701 940 1775 Ὴλὲγχθη
969 1703 1098 1768 γοῦν
1124 1703 1360 1771 ἅπαντα,
1390 1706 1483 1761 καὶ
1518 1707 1755 1781 ἀκριϐῶς
1779 1707 1867 1773 ἐξ-

285 1791 534 1861 ήτασται,
556 1792 656 1847 ὅσα
678 1793 744 1847 δι’
766 1793 1092 1863 ἀμφιϐολίαν
1116 1795 1148 1866 ἢ
1173 1795 1437 1868 διχονοίας
1459 1799 1729 1870 πρόφασιν
1752 1799 1863 1873 (65)

288 1882 453 1937 ἐδόκει
496 1886 713 1956 γεννᾷν.
767 1885 878 1940 Καὶ
908 1887 1187 1955 φεισάσθω
1226 1891 1259 1961 η
1311 1889 1433 1944 θεία
1468 1890 1822 1963 μεγαλειότης
1845 1933 1860 1957 ,

286 1976 442 2047 ἡλίκα
474 1953 569 2031 καὶ
682 1978 827 2033 δεινά
852 1953 1060 2051 τάῖπερὶ
1082 1980 1175 2034 τού
1194 1953 1431 2053 μεγάλου
1460 1953 1708 2055 ὲωτῆρος
1726 1953 1860 2057 (θλ),
1893 1953 1938 2013 Β

289 2071 412 2141 περὶ
431 2071 535 2141 τῆς
564 2069 775 2136 ἐλπίδος
798 2074 890 2125 καὶ
918 2072 1063 2144 ζωῆς
1092 2073 1270 2146 ἡμῶν,
1304 2076 1570 2148 ἀπρεπῶς
1598 2076 1866 2150 tam???

293 2176 418 2228 μουν
451 2160 622 2237 τινες,
650 2164 909 2217 τάναντία
946 2168 1065 2229 ταῖς
1093 2164 1470 2232 θεοπνεύστοις
1507 2168 1744 2240 Γραφαῖς
1770 2171 1863 2223 καὶ

288 2254 353 2322 τῇ
385 2251 519 2324 ἁγίᾳ
547 2252 730 2307 πίστει
758 2253 1123 2327 φθεγγόμενοί
1151 2275 1209 2311 τε
1241 2259 1334 2312 καὶ
1369 2260 1644 2313 πιστεύειν
1676 2260 1863 2331 ὁμολο-

289 2342 531 2409 γοῦντες.
568 2345 906 2415 Τριακοσίων
933 2348 1063 2417 γοῦν
1101 2351 1196 2403 καὶ
1235 2351 1494 2405 πλειόνων
1529 2352 1861 2419 ἐπισκόπων,

287 2432 380 2485 ἐπὶ
412 2434 737 2509 σωφροσύνῃ
769 2452 828 2489 τε
851 2437 943 2490 καὶ
977 2438 1226 2510 ἀγχινοίᾳ
1255 2438 1703 2511 θαυμαζομένων,
1735 2442 1863 2512 μίαν

291 2523 381 2576 καὶ
411 2522 510 2595 τὴν
531 2525 702 2596 αὐτὴν
726 2525 930 2592 πίστιν,
958 2527 992 2598 ἢ
1017 2528 1110 2580 καὶ
1133 2532 1250 2592 ταῖς
1275 2529 1553 2600 ἀληθείαις
1582 2532 1676 2585 καὶ
1708 2534 1864 2604 ἀκρι-

290 2615 455 2679 ϐείαις
482 2615 578 2669 τοῦ
601 2616 735 2670 Θεοῦ
766 2619 929 2688 νόμου
955 2619 1163 2689 πέφυκε
1182 2622 1364 2687 πίστις
1392 2619 1551 2688 εἶναι,
1580 2622 1862 2695 βεϐαιούν-

291 2723 413 2770 των,
445 2708 603 2779 μόνος
628 2709 844 2778 Ἀρειος
863 2713 1118 2784 ἐφωράθη
1138 2712 1237 2784 τῆς
1254 2714 1562 2786 διαϐολικῆς
1585 2718 1862 2788 ἐνεργείας

297 2799 426 2870 ήττη
437 2798 620 2871 μένος,
640 2801 736 2854 καὶ
760 2800 822 2853 τὸ
842 2801 1010 2855 κακὸν
1026 2802 1182 2856 τοῦτο
1202 2801 1415 2874 πρῶτον
1441 2803 1542 2875 μὲν
1562 2804 1689 2877 παρ’
1712 2807 1863 2877 ὑμῖν,

294 2892 480 2947 ἒπειτα
513 2893 607 2946 καὶ
634 2890 764 2964 παρ’
811 2893 1024 2966 ἑτέροις
1053 2894 1241 2949 ἀσεϐεῖ
1286 2894 1481 2969 γνώμῃ
1523 2895 1860 2968 διασπείρας.

303 2982 709 3056 Ἀναδεξὼμεθα
738 2975 1045 3056 τοιγαροῦν,
1063 2987 1127 3057 ἣν
1152 2989 1180 3040 ὁ
1199 2988 1593 3059 παντοκράτωρ
1623 2988 1863 3060 παρέσχε

290 3074 549 3147 γνώμην
590 3076 977 3148 ἐπανέλθωμεν
1030 3079 1123 3131 ἐπὶ
1175 3080 1296 3141 τοὺς
1348 3078 1665 3150 ἁγαπητοῦς
1709 3078 1865 3151 ἡμῶν

292 3167 573 3237 ἀδελφοὺς,
606 3163 682 3223 ὦν
707 3169 859 3239 ἡμᾶς
891 3169 981 3223 τοῦ
1019 3168 1264 3223 διαϐόλου
1295 3171 1517 3243 ἀναιδής
1545 3189 1628 3234 τις
1660 3172 1866 3244 ὑπηρέ-

1963 692 2193 748 licebit:
2227 692 2501 763 siquidem
2541 699 2741 749 cuncta
2793 705 2915 761 qum
2962 689 3018 745 in
3061 697 3308 745 nostram
3346 692 3534 759 perni-

1960 784 2102 839 ciem
2134 783 2508 840 fraudulenter
2542 782 2886 838 machinatus
2922 779 3122 846 t‘uerat,
3155 795 3302 835 nunc
3345 777 3533 834 fundi-

1964 883 2052 930 tus
2076 874 2292 930 sublata
2314 882 2462 930 sunt.
2493 874 2879 931 Dissensiones
2897 888 2961 927 ac
2987 872 3240 938 dissidia,
3265 870 3535 933 tumultus

1962 969 2104 1035 illos,
2133 979 2190 1024 et
2217 969 2426 1035 letalia,
2452 979 2513 1024 ut
2542 968 2619 1025 ita
2651 968 2851 1032 dicam,
2872 982 3082 1022 venena
3108 964 3532 1029 discordiarum,

1962 1061 2211 1117 veritatis
2248 1061 2511 1132 splendor
2537 1062 2692 1133 juxta
2724 1061 2819 1116 Dei
2852 1067 3187 1133 praeceptum
3241 1056 3429 1115 obruit
3471 1071 3535 1111 ac

1961 1153 2260 1227 superavit.
2292 1155 2472 1212 Unum
2515 1154 2683 1226 igitur
2731 1169 2923 1210 omnes
2969 1153 3141 1209 Deum
3200 1160 3258 1207 et
3310 1150 3535 1207 nomine

1963 1247 2275 1312 adoramus,
2304 1256 2361 1302 et
2398 1262 2521 1303 esse
2567 1246 2866 1302 credimus.
2924 1246 3096 1303 Porro
3133 1253 3196 1298 ut
3246 1242 3302 1298 id
3355 1240 3534 1307 ﬁeret,

1961 1340 2074 1395 Deo
2102 1337 2765 1413 suggerente,.convocavi
2790 1339 2846 1392 in
2865 1337 3058 1392 urbem
3082 1337 3319 1393 Nicaeam
3347 1350 3537 1406 quam-

1962 1430 2231 1500 plurimos
2254 1431 2563 1501 episcopos,
2593 1428 2927 1501 quibuscum
2953 1442 3054 1499 ego
3082 1442 3227 1482 unus
3263 1441 3333 1482 ex
3350 1434 3549 1481 vestro

1963 1536 2218 1587 numero,
2370 1536 2458 1577 me
2490 1529 2736 1577 νεειτιιῐη
2784 1534 3114 1576 conservum
3143 1533 3264 1574 esse
3307 1533 3537 1589 magno-

1964 1629 2092 1685 pere
2150 1612 2381 1686 gaudeo,
2439 1612 2690 1668 veritatis
2743 1626 2970 1667 examen
3026 1610 3263 1679 suscepi.
3299 1609 3538 1665 Proinde

1965 1715 2161 1763 cuncta
2188 1721 2308 1778 quae
2340 1705 2769 1761 controversiam
2805 1713 2900 1759 aut
2955 1702 3319 1759 dissensionis
3368 1709 3540 1757 mate-

1965 1798 2103 1854 riam
2129 1798 2369 1855 excitare
2390 1797 2741 1863 videbantur,
2773 1805 3028 1852 accurate
3074 1795 3324 1850 discussa
3374 1802 3540 1864 atque

1965 1888 2277 1947 examinata
2306 1897 2455 1944 sunt.
2486 1889 2681 1944 Pareat
2717 1887 2905 1944 divina
2934 1888 3193 1958 maiestas
3220 1904 3231 1939 :
3258 1893 3462 1955 quanta
3483 1895 3542 1940 et

1964 1997 2130 2051 quam
2152 1981 2337 2053 gravia
2361 1980 2428 2037 de
2445 1980 2737 2038 Servatore
2764 1991 2977 2046 nostro,
2996 1980 3176 2053 deque
3203 1995 3300 2051 spe
3326 1995 3392 2035 ac
3427 1979 3539 2034 vita

1964 2082 2152 2129 nostra
2195 2072 2542 2144 impudenter
2594 2073 3045 2144 blasphemarunt
3071 2072 3345 2137 nonnulli,
3387 2070 3539 2126 Scri-

1966 2166 2144 2236 pturis
2177 2165 2445 2222 divinitus
2475 2166 2764 2238 inspiratis
2787 2176 2845 2222 et
2877 2173 3241 2222 sacrosanctae
3262 2163 3391 2219 ﬁdei
3411 2178 3542 2219 cono

1967 2259 2137 2314 traria
2162 2258 2523 2330 prolerentes,
2551 2268 2609 2315 et
2645 2260 2876 2315 credere
2910 2274 2969 2314 se
3003 2256 3346 2329 proﬁtentes.
3401 2255 3539 2313 Cum

1967 2346 2133 2420 igitur
2167 2351 2403 2405 trecenti
2451 2358 2509 2405 et
2536 2350 2779 2420 amplius.
2797 2349 3062 2420 episcopi,
3099 2357 3214 2403 tum
3244 2347 3315 2402 ob
3348 2346 3538 2403 mods:-

1966 2442 2149 2507 stiam,
2187 2450 2301 2497 tum
2335 2442 2406 2495 ob
2447 2443 2729 2497 solertiam
2779 2440 3113 2506 admirandi,
3151 2454 3317 2494 unam
3348 2454 3541 2495 omnes

1964 2540 2020 2585 et
2035 2532 2281 2586 eamdem
2307 2532 2491 2597 ﬁdem,
2515 2548 2637 2603 quae
2665 2533 2820 2603 juxta
2866 2531 3158 2586 veritatem
3210 2539 3267 2584 et
3308 2544 3539 2585 examen

1965 2621 2164 2676 divina:
2194 2622 2331 2693 legis
2358 2623 2472 2679 sola
2512 2621 2647 2678 ﬁdes
2699 2631 2879 2693 potest
2925 2637 3067 2688 esse,
3126 2621 3374 2676 unanimi
3414 2634 3541 2675 sen-

1966 2714 2134 2769 tentia
2164 2714 2598 2780 conﬁrmassent,
2628 2714 2777 2769 solus
2817 2723 3068 2785 repertus
3095 2723 3179 2769 est
3198 2714 3385 2779 Arius,
3420 2712 3539 2767 dia-

1966 2804 2143 2860 bolica
2167 2805 2358 2861 fraude
2385 2815 2441 2861 et
2467 2806 2875 2862 machinatione
2906 2817 3201 2878 superatus
3230 2847 3245 2871 ,
3296 2806 3391 2876 qui
3436 2804 3541 2860 hoc

1965 2898 2166 2952 malum
2204 2899 2441 2969 primum
2470 2899 2693 2971 quidem
2724 2900 2866 2970 apud
2922 2917 3038 2963 vos,
3082 2908 3272 2971 postea
3309 2914 3442 2954 vero
3483 2908 3540 2954 et

1965 2991 2107 3061 apud
2131 2991 2265 3045 alios
2304 2991 2469 3061 impia
2493 3002 2676 3047 mente
2698 2992 3093 3047 disseminavit.
3119 2993 3230 3048 Nos
3254 3009 3385 3064 ergo
3407 3007 3529 3049 eam

1966 3084 2291 3140 sententiam
2306 3084 2689 3156 suscipiamus,
2706 3101 2872 3155 quam
2888 3086 3237 3156 omnipotens
3255 3087 3403 3141 Deus
3424 3094 3536 3141 tra-

1966 3175 2124 3230 didit.
2178 3177 2542 3231 Revertamur
2585 3176 2654 3232 ad
2685 3177 3041 3233 cbarissimos
3068 3176 3266 3233 fratres
3295 3189 3536 3242 nostros,

294 3273 391 3326 της
426 3255 711 3328 ἐχώρισεν.
756 3256 879 3310 Ἐπὶ
906 3257 966 3310 τὸ
1002 3258 1179 3311 κοινὸν
1214 3255 1371 3329 σῶμα
1397 3296 1412 3319 ,
1441 3259 1535 3311 καὶ
1566 3256 1634 3311 τὰ
1668 3258 1864 3328 γνήσια

1968 3283 1998 3321 a
2019 3283 2252 3337 quorum
2283 3268 2562 3323 consortio
2587 3267 2875 3338 impudens
2906 3268 2996 3324 ille
3043 3267 3248 3324 diaboli
3288 3267 3541 3322 minister

295 3349 446 3419 ἡμῶν
468 3349 629 3421 μέλη,
664 3350 868 3421 σπουδῇ
905 3348 1053 3424 πάσῃ
1099 3347 1290 3419 ἴωμεν.
1321 3350 1490 3403 Τοῦτο
1531 3350 1640 3422 γὰρ
1673 3352 1765 3405 καὶ
1798 3353 1864 3423 τῇ

1968 3375 2069 3413 nos
2098 3360 2385 3431 separavit.
2408 3360 2490 3417 Ad
2528 3376 2817 3417 commune
2845 3376 3046 3432 corpus
3074 3370 3131 3417 et
3181 3361 3406 3433 propria
3436 3376 3540 3415 no-

298 3438 544 3525 ἀγχινοίᾳ
577 3441 673 3493 καὶ⁵
704 3443 772 3511 τῇ
801 3440 1010 3507 πίστει,
1040 3440 1133 3494 καὶ
1165 3442 1230 3511 τῇ
1264 3442 1502 3510 ὁσιότητι
1529 3443 1594 3512 τῇ
1624 3439 1866 3513 ὑμετέρᾳ

1968 3457 2079 3504 stra
2102 3449 2344 3506 membra
2372 3450 2521 3505 omni
2551 3450 2732 3506 studio
2755 3466 3130 3522 properemus.
3153 3450 3269 3506 Hoc
3294 3450 3442 3505 enim
3485 3462 3541 3504 et

298 3529 489 3600 πρέπει
510 3571 525 3596 ,
565 3531 652 3584 ἵνα
681 3529 784 3602 τῆς
817 3530 1022 3602 πλάνης
1049 3530 1395 3601 ἐλεγχθείσης
1428 3533 1654 3597 ἐκείνου,
1684 3533 1743 3586 δν
1768 3536 1866 3603 τῆς

1968 3541 2291 3611 prudentiae,
2324 3552 2378 3597 et
2421 3542 2567 3608 ﬁdei,
2608 3558 2673 3597 ac
2705 3542 2981 3599 sanctitati
3020 3550 3219 3599 vestra:
3262 3541 3541 3603 convenit,

298 3619 553 3691 ἀληθείας
580 3616 719 3676 εἶναι
759 3621 951 3694 ἐχθρὸν
993 3623 1320 3692 συνέστηκεν
1345 3668 1361 3689 ,
1404 3624 1541 3694 πρὸς
1584 3624 1680 3697 τὴν
1716 3625 1866 3679 θείαν

1970 3640 2029 3689 ιιι
2057 3634 2308 3689 convicto
2327 3649 2514 3689 errore
2546 3633 2691 3689 illius
2724 3650 2888 3707 quem
2931 3642 3145 3690 constat
3185 3633 3308 3687 esse
3341 3632 3544 3687 verita-

302 3710 622 3783 ἆπανέλθητε
660 3713 838 3784 χάριν.
877 3715 942 3767 '0
988 3714 1097 3785 γὰρ
1142 3717 1254 3778 τοῖς
1289 3716 1620 3786 τριακοσίοις
1673 3716 1866 3788 ἤρεσεν

1973 3727 2042 3781 tis
2065 3726 2367 3791 inimicum,
2431 3725 2499 3781 ad
2535 3725 2778 3781 divinam
2810 3727 3042 3798 gratiam
3093 3725 3350 3780 redeatis.
3396 3723 3529 3779 Nam

302 3808 639 3873 ὶπισκόποις,
667 3811 821 3864 οὐδέν
849 3812 996 3865 ἔστιν
1024 3811 1231 3882 ἕτερον,
1272 3812 1305 3883 ἢ
1343 3812 1436 3865 τοῦ
1471 3811 1606 3865 Θεοῦ
1654 3811 1866 3883 γνώμη,

1971 3817 2117 3887 quod
2168 3818 2434 3872 trecentis
2462 3817 2669 3887 placuit
2697 3818 2994 3888 episcopis,
3041 3816 3180 3872 nihil
3236 3816 3384 3871 aliud
3421 3815 3541 3869 exi—

306 3901 537 3971 μὰλιστά
567 3918 633 3971 γε
662 3904 794 3957 ὅπου
823 3904 885 3957 τὸ
914 3900 1066 3973 ἀγιον
1106 3904 1327 3976 Πνεῦμα
1361 3903 1614 3958 τοιούτων
1646 3904 1741 3958 καὶ
1777 3921 1870 3976 τη·

303 3990 566 4048 λικούτων
587 3995 796 4067 ἀνδρῶν
820 3997 939 4061 ταῖς
969 3995 1227 4060 διανοίαις
1247 3997 1582 4068 ἐγκείμενον,
1605 3997 1705 4070 τὴν
1723 3996 1872 4051 θείαν

303 4087 553 4160 βούλησιν
577 4087 923 4159 ὲξειρώτισεν.
962 4091 1052 4144 Διὸ
1095 4090 1279 4161 μηδεὶς
1311 4090 1721 4161 ἀμφιϐαλλέτω,
1762 4110 1864 4162 μη-

306 4178 414 4245 δεὶς
453 4182 861 4253 ὑπερτιθέσθωο
911 4183 1047 4238 ἀλλά
1084 4183 1378 4254 προθύμως
1409 4183 1609 4247 πάντες
1655 4187 1734 4248 εἰς
1773 4183 1872 4255 τὴν

300 4272 671 4344 ἀληθεστάτην
713 4274 832 4327 ὁδὸν
859 4275 1114 4329 ὲπάνιτεο
1148 4276 1213 4329 ἵν’
1259 4275 1477 4329 ὲπειδάν
1510 4277 1632 4329 ὅσον
1665 4276 1875 4331 οὐδέπω

303 4365 435 4436 πρὸς
479 4366 627 4437 ὑμᾶς
670 4368 990 4437 ἀφίκωμαι,
1024 4369 1121 4432 τὰς
1171 4368 1522 4440 ὀφειλομένας
1578 4367 1654 4439 τῷ
1708 4386 1877 4421 παντ-

302 4456 479 4530 ςοόρῳ
508 4458 632 4529 Θεῷ
662 4461 780 4531 μεθ’
806 4460 962 4530 ὑμῶν
1008 4460 1330 4533 ὁμολογήσω
1368 4462 1596 4531 χάριτας
1618 4501 1633 4518 .
1661 4462 1742 4515 ὅτι
1778 4462 1876 4532 τὴν

1972 3906 2304 3962 stimandum
2325 3918 2409 3964 est
2429 3925 2592 3981 quam
2618 3909 2714 3965 Dei
2743 3907 3017 3965 sententia
3042 3925 3057 3974 ;
3086 3907 3394 3979 praesertim
3418 3922 3552 3963 cum»

1975 4000 2029 4055 in
2073 4007 2347 4055 tantorum
2394 4002 2641 4056 virorum
2691 4003 2969 4057 mentibus
3012 3999 3262 4067 insidens
3308 3998 3547 4069 Spiritus

1973 4100 2215 4158 sanctus,
2266 4092 2507 4146 divinam
2541 4092 2876 4147 voluntatem
2929 4090 3232 4161 aperuerit.
3274 4086 3545 4157 Quocirca

1973 4198 2138 4236 nemo
2162 4191 2405 4237 vestrum
2436 4181 2695 4251 ambigat,
2722 4197 2885 4235 nemo
2911 4180 3134 4235 diﬁ‘erat
3160 4197 3174 4246 ;
3203 4178 3300 4235 sed
3354 4194 3549 4233 omnes

1975 4274 2139 4329 alacri
2167 4273 2350 4333 animo
2376 4272 2444 4327 ad
2480 4273 2739 4328 veritatis
2768 4273 2912 4327 viam
2960 4271 3175 4326 redite:
3225 4279 3287 4325 ut
3327 4284 3452 4326 cum
3476 4267 3547 4322 ad

1976 4381 2075 4421 vos
2107 4364 2508 4435 quamprimum
2556 4379 2782 4428 venero,
2811 4363 3056 4419 omnium
3093 4361 3393 4433 inspectori
3437 4361 3553 4415 Deo

1977 4456 2192 4512 debitas
2211 4456 2496 4511 vobiscum
2514 4455 2720 4526 gratias
2739 4453 2990 4519 referam,
3008 4452 3177 4523 quod,
3200 4452 3418 4508 sincera
3442 4450 3548 4505 ﬁde

302 4551 567 4622 εἰλικρινῆ
586 4552 766 4605 πίστιν
791 4552 1081 4620 ἐπιδείξας,
1100 4552 1197 4624 τὴν
1222 4552 1480 4606 εὐκταίαν
1508 4552 1635 4623 ὑμῖν
1656 4553 1866 4622 ἀγάπην

1978 4550 2273 4622 patefacta,
2298 4556 2538 4619 Optatam
2565 4547 2723 4603 vobis
2761 4546 3092 4602 cbaritatem
3142 4543 3362 4600 tandem
3385 4544 3547 4597 resti-

305 4643 659 4698 ἀποδέδωκεν.
724 4645 783 4698 ὐ
828 4645 960 4709 Θεὸς
1012 4643 1154 4715 ὑμᾶς
1194 4642 1546 4713 διαφυλάξοι,
1602 4643 1866 4715 ἀγαπητοὶ

1982 4624 2167 4697 tuerit.
2194 4640 2461 4698 Divinitas
2490 4655 2588 4695 vos
2613 4648 2817 4701 servet,
2860 4637 3058 4693 fratres
3082 4635 3409 4693 charissimi.
3441 4634 3544 4704 31

302 4734 541 4805 ἀδελφοί.
579 4736 638 4789 '0
667 4737 763 4807 μὲν
784 4736 848 4807 δὴ
873 4737 1120 4808 βασιλεὺς
1138 4735 1361 4790 τοιαῦτα
1388 4735 1591 4805 ἔγραφε
1613 4736 1690 4807 τῷ
1727 4737 1866 4788 Ἀλε.

1979 4734 2048 4788 Et
2091 4734 2390 4804 imperator
2449 4732 2671 4801 quidem
2727 4731 2842 4785 haec
2892 4730 3115 4800 scripsit
3173 4729 3243 4783 ad
3286 4725 3550 4798 populum

308 4825 576 4899 ξανδρέων
617 4827 812 4899 δήμῳ,
858 4827 1076 4899 μηνύων
1121 4828 1203 4881 ὅτι
1246 4827 1344 4896 οὐχ
1379 4825 1594 4892 ἁπλῶς,
1630 4827 1749 4880 οὐδὲ
1800 4829 1866 4893 ὡς

1979 4825 2425 4887 Alexandrinum,
2443 4823 2645 4878 docens
2667 4822 3041 4877 deﬁnitionem
3068 4820 3192 4875 ﬁdei
3214 4835 3325 4874 non
3360 4818 3552 4873 leviter

309 4916 462 4990 ῐτυχε
508 4921 736 4990 γέγονεν
766 4922 795 4973 ὁ
822 4921 946 4993 ὄρος
972 4921 1071 4992 τῆς
1111 4921 1345 4983 πίστεως
1380 4929 1400 4955 ι
1424 4936 1439 4950 ⁸
1479 4919 1596 4973 ἀλλ’
1624 4921 1703 4974 ὅτι
1738 4920 1866 4992 μετᾶ

1981 4934 2045 4973 ac
2069 4927 2294 4981 temere,
2325 4914 2422 4973 sed
2450 4930 2576 4970 cum
2606 4915 2778 4969 multa
2827 4912 3190 4984 inquisitione
3216 4927 3281 4966 ac
3303 4908 3550 4982 diligenti

1505 5047 1773 5149 vALEsn
1812 5088 2358 5147 ANNOTATIONES.

383 5232 491 5302 (63)
516 5235 595 5290 Ἦ
615 5234 925 5303 διχόνοιαν
970 5233 1297 5303 πρόφασιν.
1336 5232 1403 5303 In,
1438 5230 1628 5303 codice
1677 5232 1876 5287 Leonis

1979 5233 2012 5303 ἢ
2054 5231 2401 5303 ἀμφιϐολίας,
2446 5239 2578 5303 etc.,
2619 5238 2682 5284 ut
2729 5231 2892 5303 paulo;
2940 5228 3240 5303 post_dicit
3268 5227 3572 5303 _Socl:ates..

315 5301 490 5359 Allatii
514 5301 719 5376 legitur
742 5301 1046 5376 διχονοίας,
1070 5303 1226 5376 quod
1267 5302 1439 5376 magis
1462 5302 1657 5376 placet.
1683 5304 1873 5376 itaque

2054 5295 2162 5375 (64)
2190 5304 2293 5375 ξος
2315 5302 2594 5375 decretae
2611 5295 2746 5368 περὶ
2791 5300 2897 5355 τοῦ
3259 5295 3551 5375 ξιπιῆροςι.

318 5383 457 5444 totus
487 5372 641 5431 locus
682 5376 760 5430 ita
797 5372 1122 5430 scribendos
1142 5375 1381 5434 videtur,
1405 5373 1506 5444 ὅσα
1534 5372 1597 5443 δὴ
1638 5375 1866 5444 spersa.

310 5440 426 5498 λίαν
459 5446 494 5516 ἦ
523 5447 790 5518 διχονόιας
818 5446 1090 5518 πρόφασιν
1126 5446 1296 5500 ἐδόκει
1331 5443 1546 5513 γεννᾷν,
1579 5440 1662 5499 vel
1680 5440 1870 5514 petius

1978 5365 2164 5428 Cedet
2186 5365 2390 5427 Leonis
2415 5371 2598 5426 Allatii
2627 5365 2895 5442 scriptum
2920 5365 3089 5425 habet
3112 5372 3211 5442 ὅσα
3255 5368 3404 5421 δεινά
3427 5365 3569 5434 περὶ·

1976 5444 2070 5498 τοῦ
2095 5445 2361 5515 ἡμετέρου
2398 5443 2681 5514 Σωτῆροςε
2708 5443 2856 5512 quod
2881 5442 3053 5511 magis
3075 5441 3267 5511 probo.

1746 5594 2134 5652 VARIORUM.

383 5728 406 5756 ³
438 5719 697 5786 Μηνύων
722 5716 812 5770 ὅτι
844 5682 957 5785 οὐκ
979 5714 1205 5780 ἁπλῶς,
1228 5714 1368 5786 οὐδέ
1393 5717 1472 5781 ὡς
1496 5715 1676 5784 ἔτυχε
1720 5714 1890 5785 γέγο-

1998 5715 2246 5784 tiumque
2283 5713 2466 5769 studio
2492 5691 2494 5693 ﬁ
2523 5711 2716 5768 insano
2742 5729 2831 5784 Aac
2878 5709 3216 5784 maleferiato
3259 5707 3515 5775 abreptos
3538 5745 3570 5769 ,.

315 5804 419 5843 rer
440 5792 474 5844 ό
505 5779 644 5857 ὅρος
671 5786 788 5853 τῆς
807 5779 1082 5857 πξσῖεως.
1128 5779 1208 5841 Ex
1259 5785 1364 5857 his!
1382 5779 1861 5857 apparet'simoni

1999 5785 2134 5840 adeo
2161 5779 2238 5857 ἰιι
2270 5784 2584 5857 symbolum
2641 5782 2822 5857 potius
2864 5779 3260 5857 praecipitatum
3316 5792 3483 5857 quam
3511 5791 3561 5856 ,ι

319 5855 560 5930 Episcopi
610 5866 670 5914 et
694 5856 1027 5912 asseclarum
1056 5858 1112 5912 in
1135 5858 1324 5930 Patres
1350 5855 1889 5930 Niceenosiniquitas,

316 5927 405 5999 qui
435 5927 863 6001 depingunteos
905 5937 1159 5998 tanquam
1208 5927 1393 5983 furore
1446 5927 1699 5995 percitos,
1760 5942 1881 5996 par-

1998 5845 2531 5924 compositis'animis
2558 5845 2881 5924 prol'cctum'
2900 5845 3075 5924 videri
3111 5845 3346 5902 debeat.
3364 5847 3445 5905 En
3469 5845 3557 5901 hic

1989 5920 2137 5980 mea:
2160 5920 2926 5990 crimina!imiis'redargutioi
