4050 6348
324 471 393 530 89
1300 494 1624 556 HISTORIA
1661 499 2210 559 ECCLESlASTlCA.
2250 533 2319 543 —
2355 502 2483 558 LIB.
2524 503 2566 559 ι.

3477 506 3550 562 90

323 585 738 692 νισθιιίηὶ-ἀλλά
779 594 911 692 μηδὲ
944 597 1243 675 ὑπόμνημα
1276 607 1443 663 αὑτοῦ
1491 611 1629 676 ὅλως
1675 612 1888 668 ὑπολεί-

1988 625 2209 685 quatur.
2241 616 2382 673 Illud
2408 618 2577 675 etiam
2600 617 2889 686 denuntio,
2925 620 3070 691 quod
3102 620 3148 677 si
3173 621 3299 692 quis
3346 620 3550 677 librum

328 694 496 734 ποιτο.
532 679 740 736 Ἐκεῖνο
776 686 960 754 μέντοι
989 694 1342 765 προαγορεύω
1365 737 1383 760 ,
1410 699 1486 763 ὡς
1531 699 1584 754 εί
1620 718 1706 767 τις
1753 701 1888 770 σύγ-

327 771 683 862 γραμμαύπδ
719 773 925 848 ’Δρείου
954 783 1213 852 συνταγὲν
1236 788 1511 861 φωραθείη
1538 791 1774 862 κρύψας.
1796 794 1890 847 καὶ

445 858 649 958 εὐθέως
682 868 1059 939 προσενεγκὼν
1099 877 1233 948 πυρὶ
1282 858 1682 956 καταναλώσῃ,
1715 884 1891 958 τούτῳ

327 950 551 1047 θάνατος
576 955 729 1012 ἔσται
756 963 790 1032 ὴ
822 960 993 1034 ζημία
1012 983 1026 996 ·
1077 972 1418 1044 παραχρῆμα
1447 974 1555 1047 γάρ
1593 950 1755 1042 ἀλοὺς
1795 950 1890 1034 ιτέι

323 1042 534 1135 τούτῳ,
571 1048 870 1122 κεφαλικὴν
910 1054 1273 1129 ὑποστησεται
1313 1042 1605 1135 τιμωρίαν.
1651 1066 1711 1122 ’0
1757 1066 1891 1134 Θεὸς

326 1132 468 1205 ὑμᾶς
500 1134 838 1209 διαφυλάξοι.

851 1276 1035 1347 Ἄλλη
1058 1280 1372 1353 ἐπιστολή.

392 1367 846 1436 Κωνσταντῖνος
876 1372 1195 1442 Σεϐαστὸς,
1229 1376 1356 1437 ταῖς
1402 1380 1814 1451 Ἐκκλησίαις.

395 1477 599 1571 Πείραν
624 1479 806 1571 λαϐὼν
845 1484 909 1538 ἐκ
948 1487 1050 1558 τῆς
1077 1488 1186 1542 τῶν
1206 1491 1401 1547 κοινῶν
1433 1495 1752 1567 εὐπραξίας,
1786 1499 1886 1571 ὅση

326 1563 425 1660 τῆς
458 1566 611 1660 θείας
666 1568 946 1660 δυνάμεως
982 1573 1191 1647 πέφυκε
1225 1579 1414 1651 χάρις,
1446 1563 1633 1639 τοῦτόν
1680 1563 1745 1639 τε
1782 1563 1890 1660 πρδ

204 1740 211 1749 1
326 1655 543 1711 πάντων
571 1657 761 1731 ἔκρινα
800 1656 940 1717 εἷναί
979 1682 1068 1736 μοι
1118 1670 1413 1741 προσήκειν
1458 1674 1695 1742 σκοπὸν,
1740 1655 1887 1742 amb;

326 1750 474 1820 παρά
493 1753 609 1815 τοῖς
641 1755 1074 1827 μακαριωτάτοις
1100 1759 1199 1830 τῆς
1243 1761 1534 1836 καθολικῆς
1566 1766 1888 1837 Ἐκκλησίας

327 1840 553 1911 πλήθεσι
588 1844 770 1909 πίστις
800 1846 914 1916 μία,
945 1850 1040 1903 καὶ
1082 1851 1377 1926 εἰλικρινὴς
1413 1856 1621 1929 ἀγάπη,
1646 1857 1887 1930 ὁμογνώ-

1989 707 2059 763 ab
2085 708 2218 764 Atio
2235 712 2596 781 compositum
2613 712 2916 769 occultasse
2937 712 3312 784 deprehensus
3333 714 3426 779 sit,
3449 729 3553 769 nec

1987 814 2115 854 eum
2147 801 2335 858 statim
2358 802 2604 859 oblatum
2627 803 2751 875 igne
2776 803 3159 869 combusserit,
3206 805 3398 860 mortis
3430 820 3551 876 pm-

1988 908 2115 947 nam
2156 894 2405 950 subibit:
2450 896 2612 953 simul
2652 906 2818 968 atque
2860 898 3013 953 enim
3055 897 3112 951 in
3160 897 3265 952 hoc
3305 896 3550 952 facinore

1987 983 2154 1040 fuerit
2172 984 2566 1055 deprehensus,
2593 988 2815 1059 capitali
2838 988 3115 1058 supplicio
3139 988 3394 1043 ferietur.
3447 987 3545 1043 Di-

1987 1071 2191 1130 vinitas
2208 1088 2308 1130 vos
2329 1084 2530 1131 servet.

2390 1293 2513 1350 Alia
2539 1295 2763 1366 epistola
2787 1295 3141 1351 Constantini.

2264 1384 2642 1442 Constantinus
2686 1386 2971 1458 Augustus,
2996 1385 3264 1442 Ecclesiis.

2038 1495 2191 1569 Cum
2214 1512 2283 1551 ex
2309 1496 2525 1555 ﬂorenti
2552 1496 2870 1568 reipublicae
2893 1507 3039 1553 statu
3080 1509 3419 1570 compertum
3447 1500 3548 1555 ha-

1986 1587 2176 1643 berem
2208 1597 2415 1658 quanta
2459 1587 2654 1642 fuisset
2698 1604 2828 1659 erga
2870 1603 2970 1643 nos
3014 1590 3406 1659 omnipotentis
3450 1590 3546 1647 Dei

1986 1674 2337 1750 benignitas,
2388 1677 2443 1732 in
2468 1677 2575 1733 hoc
2597 1678 2869 1750 praecipue
2913 1679 3047 1733 mihi
3092 1696 3212 1735 esse
3258 1680 3547 1735 elaboran-

1989 1764 2119 1820 dum
2144 1764 2475 1831 existimavi,
2500 1774 2561 1821 ut
2587 1783 2617 1821 a
2657 1767 3020 1823 sanctissimis
3061 1767 3318 1824 Ecclesia:
3364 1770 3552 1825 catho-

1984 1855 2103 1911 licae
2124 1856 2341 1926 populis
2368 1872 2474 1912 una
2499 1856 2653 1923 ﬁdes,
2681 1860 2897 1914 sincera
2947 1850 3206 1925 charitas,
3233 1869 3289 1916 et
3311 1877 3547 1917 consona

330 1949 442 2003 μων
485 1950 547 1987 τε
580 1936 707 2004 περὶ
730 1935 824 1991 τὸν
852 1939 1143 2013 παγκρατῆ
1182 1942 1316 1998 Θεὸν
1356 1944 1604 2001 εὐσέϐεια
1631 1949 1882 2020 τηρῆται*

1985 1960 2114 2018 erga
2136 1947 2566 2017 omnipotentem
2594 1948 2766 2003 Deum
2814 1950 3007 2021 religio
3052 1961 3388 2010 servaretur.
3439 1951 3546 2007 Sed

327 2021 438 2074 ἀλλ’
472 2022 657 2096 ἐπειδὴ
696 2024 854 2080 τοῦτο
880 2028 1078 2102 ἐτέρως
1108 2032 1205 2102 οὐχ
1237 2029 1347 2087 οἷόν
1374 2052 1434 2089 τε
1462 2032 1531 2108 ἦν
1561 2037 1756 2109 ἀκλινῆ
1793 2040 1886 2093 καὶ

329 2109 547 2181 βεϐαίαν
577 2113 731 2179 τάξιν
761 2115 964 2184 λαϐεῖν,
999 2122 1047 2173 εί
1084 2121 1157 2192 μὴ
1191 2124 1270 2188 εἰς
1299 2124 1464 2179 ταὺτὸ
1493 2128 1706 2182 πάντων
1728 2130 1883 2201 ὁμοῦ,

328 2201 359 2271 ἥ
377 2202 483 2257 τῶν
502 2205 628 2274 γοῦν
643 2208 902 2263 πλειόνων
931 2211 1240 2267 ἐπισκόπων
1263 2216 1639 2278 συνελθόντων.
1658 2222 1885 2276 ἑκάστου

327 2297 431 2352 sth
470 2303 853 2373 προσηκόντων
898 2308 964 2377 τῇ
1001 2307 1278 2382 ἁγιωτάτῃ
1320 2309 1583 2385 θρησκείᾳ
1619 2314 1886 2387 διάκρισις

327 2390 531 2459 γένοιτο
558 2410 575 2426 ο
602 2394 789 2450 τούτου
815 2397 1001 2452 ἕνεκεν
1022 2398 1288 2464 πλείστων
1311 2403 1450 2457 ὅσων
1484 2405 1888 2479 συναθροισθέν-

326 2499 450 2551 των,
505 2487 601 2540 καὶ
632 2487 797 2554 αὐτὸς
830 2490 887 2544 δέ
936 2490 1184 2565 καθάπερ
1209 2488 1290 2559 εἷς
1315 2495 1378 2561 ἐξ
1418 2495 1571 2567 ὑμῶν
1595 2498 1886 2571 ἐτύγχανον

328 2579 629 2651 συμπαρών
651 2596 667 2610 ο
703 2581 795 2652 (οὐ
830 2582 938 2655 γάρ
973 2583 1319 2658 ἀρνησαίμην
1363 2586 1430 2641 ἀν
1458 2588 1545 2656 ἐφ’
1569 2583 1615 2659 ᾧ
1654 2591 1886 2662 μάλιστα

324 2669 518 2741 χαίρω,
544 2670 891 2744 συνθεράπων
922 2675 1181 2748 ὑμέτερος
1204 2680 1553 2750 πεφυκέναιο)
1588 2683 1717 2754 ἀχρι
1764 2702 1885 2740 τοσ-

326 2759 480 2814 ούτου
530 2761 754 2817 ἅπαντα
795 2764 896 2834 τῆς
948 2767 1334 2840 προσηκούσης
1368 2770 1666 2843 τετύχηκεν
1704 2774 1887 2842 ἐξετά-

326 2868 479 2916 σεως,
501 2851 662 2924 ἄχρις
681 2847 741 2908 οὗ
762 2855 796 2925 ἠ
815 2855 892 2927 τῷ
908 2855 1119 2911 πάντων
1139 2858 1320 2932 ἐφόρῳ
1340 2860 1647 2934 ἀρέσκουσα
1670 2864 1883 2939 γνώμη,

325 2942 458 3013 πρὸς
476 2942 576 3015 τὴν
602 2944 703 3017 τῆς
725 2944 979 3017 ἐνότητος
1011 2951 1328 3021 συμφωνίαν
1353 2954 1433 3018 είς
1455 2953 1571 3025 φῶς
1598 2957 1848 3030 προήχθη
1866 2975 1884 2992 ο

322 3030 398 3094 ὡς
419 3031 580 3102 μηδὲν
599 3031 679 3086 ἔτι
704 3034 841 3105 πρὸς
853 3035 1131 3107 διχόνοιαν,
1155 3041 1187 3112 ἢ
1211 3040 1448 3108 πίστεως
1472 3045 1886 3119 ἀμφισϐήτησιν

324 3122 726 3181 ὑπολείπεσθαι.
764 3123 931 3179 Ἔνθα
968 3130 1062 3182 καὶ
1090 3132 1218 3202 περὶ
1247 3131 1348 3202 τῆς
1374 3133 1469 3187 τοῦ
1494 3136 1683 3206 Πάσχα
1717 3137 1885 3206 ἁγιω-

321 3212 490 3280 τάτης
509 3214 723 3285 ἡμέρας
733 3216 1025 3288 γενομένης
1045 3218 1343 3291 ζητήσεως,
1362 3222 1504 3291 ἔδοξε
1528 3228 1677 3298 κοινῇ
1694 3227 1883 3300 γνώμῃ

321 3303 498 3367 καλῶς
521 3282 689 3376 ἔχειν,
722 3308 817 3361 ἐπὶ
848 3282 1217 3382 μιᾶς-ἡμέρας
1249 3282 1612 3383 πάντας-τοὺς
1637 3282 1883 3375 imave“:
1911 3282 1954 3342 ο

322 3393 412 3466 χοῦ
434 3396 724 3451 ἐπιτελεῖν.
755 3398 822 3452 Τί
853 3399 962 3472 γάρ
981 3402 1111 3472 ἡμῖν
1131 3403 1368 3472 κάλλιον,
1401 3409 1455 3461 τί
1476 3408 1536 3463 δὲ
1564 3412 1885 3482 σεμνότερον

324 3487 554 3561 ὑπάρξαι
578 3490 886 3562 δυνήσεται,
918 3493 1012 3547 τοῦ
1042 3495 1141 3568 τὴν
1170 3497 1362 3571 ἑορτὴν
1387 3501 1609 3574 ταύτην,
1652 3506 1781 3577 παρ’
1816 3500 1886 3577 ἦς

322 3580 415 3653 τὴν
441 3582 544 3653 τῆς
567 3582 862 3647 ἀθανασίας
893 3584 1191 3658 είλήφαμεν
1216 3590 1428 3659 ἐλπίδα,
1470 3597 1567 3667 μιᾷ
1601 3595 1755 3662 τάξει
1790 3597 1885 3651 καὶ

325 3674 535 3746 φανερῷ
552 3675 717 3748 λόγῳ.
747 3679 894 3749 παρά
923 3681 1089 3733 πᾶσιν
1107 3680 1458 3748 ἀδιαπτώτως
1489 3687 1909 3755 φυλάττεσθαι;.

328 3767 419 3819 καὶ
439 3766 658 3839 πρῶτον
687 3771 806 3840 μὲν,
830 3772 1049 3838 ἀνάξιον
1078 3771 1254 3839 ἔδοξεν
1278 3770 1417 3829 εἶναι
1451 3776 1547 3849 τὴν
1576 3778 1886 3850 άγιωτάτην

326 3856 530 3929 ἐκείνην
549 3860 764 3932 ἑορτὴν,
786 3865 851 3935 τῇ
876 3864 984 3918 τῶν
1015 3863 1285 3919 Ἰουδαίων
1305 3866 1601 3938 ἑπομένους
1630 3868 1887 3941 συνηθείᾳ

324 3947 590 4021 πληροῦν
625 3951 675 4005 οἵ
708 3953 807 4017 τάς
832 3955 1040 4010 ἑαυτῶν
1068 3960 1258 4031 χεῖρας
1283 3958 1526 4031 ἀθεμίτῳ
1565 3961 1885 4032 πλημμελή-

324 4058 449 4112 ματι
477 4043 793 4114 χράναντες,
816 4048 1036 4114 είκότως
1052 4049 1150 4115 τὰς
1172 4050 1348 4123 ψυχὰς
1372 4052 1423 4105 οί
1445 4051 1630 4124 μιαροὶ
1645 4052 1888 4123 τυφλώτ-

320 4145 523 4187 τουσιν.
562 4134 779 4201 Ἔξεστι
816 4137 926 4210 γὰρ
952 4139 1046 4194 τοῦ
1093 4140 1315 4196 ἐκείνων
1342 4141 1527 4207 ἔθνους
1552 4143 1884 4215 ἀποϐληθέν-

320 4238 408 4287 τος
452 4233 499 4289 ⁸,
534 4225 869 4300 ἀληθεστέρα
904 4229 1072 4296 τάξει,
1107 4232 1175 4305 ην
1201 4233 1266 4287 ἐκ
1295 4232 1519 4306 πρώτης
1546 4234 1643 4290 τοῦ
1672 4235 1879 4301 πάθους

321 4314 532 4387 ἡμέρας
560 4317 720 4389 μέχρι
746 4320 840 4374 τοῦ
864 4321 1123 4395 παρόντος
1148 4324 1510 4398 ἐφυλάξαμεν,
1538 4327 1632 4382 καὶ
1649 4328 1739 4382 ἐπὶ
1759 4329 1886 4393 τοὺς

325 4405 614 4475 μέλλοντας
637 4408 837 4474 αἰῶνας
866 4412 964 4484 τὴν
991 4413 1092 4485 τῆς
1115 4416 1488 4488 ἐπιτηρήσεως
1514 4416 1717 4489 ταύτης
1747 4435 1887 4489 συμ-

322 4498 600 4569 πλήρωσιν
630 4501 953 4569 ἐγγίνεσθαι.
990 4504 1166 4575 Μηδὲν
1187 4507 1364 4561 τοίνυν
1387 4508 1526 4561 ἔστω
1554 4510 1679 4580 ὑμῖν
1707 4511 1885 4564 κοινὸν

325 4587 463 4688 μετά
509 4589 606 4643 τοῦ
641 4590 890 4662 ἐχθίστου
919 4591 1028 4647 τῶν
1070 4596 1334 4649 Ἰουδαίων
1365 4596 1543 4666 ὄχλου.
1570 4596 1880 4669 Είλήφαμεν
1912 4632 1957 4688 D

320 4680 469 4752 παρά
492 4681 586 4734 τοῦ
603 4682 852 4755 Σωτῆρος
865 4685 1052 4755 ἑτέραν
1077 4685 1211 4739 ὁδόν.
1237 4687 1528 4757 Πρόκειται
1548 4686 1656 4759 γάρ
1684 4687 1883 4759 δρόμος

320 4772 384 4842 τῇ
414 4772 682 4843 ἱερωτάτη
714 4772 867 4844 ἡμῶν
899 4773 1192 4847 θρησκείᾳ,
1228 4777 1322 4829 καὶ
1352 4775 1580 4847 νόμιμος
1617 4777 1712 4831 καὶ
1747 4778 1884 4849 πρέ-

321 4877 457 4919 πων.
475 4862 678 4918 Τούτου
692 4864 991 4936 συμφώνως
1007 4867 1551 4939 ἀντιλαμϐανόμενοι,
1564 4869 1663 4939 τῆς
1685 4867 1883 4940 ἔχθρας

322 4951 534 5025 ἐκείνης
563 4954 787 5019 ἑαυτοὺς
819 4958 1173 5029 συνειδήσεως
1207 4959 1633 5029 ἀποσπάσωμεν,
1665 4960 1881 5031 ἀδελφοὶ

320 5061 370 5098 τι
376 5045 819 5117 μιάνιατοι.Ἔστι
835 5048 943 5121 γάρ
957 5049 1030 5113 ὡς
1044 5050 1254 5121 ἀληθῶς
1267 5050 1631 5118 ἀτοπώτατον,
1643 5053 1882 5118 ἐκείνους

321 5137 521 5208 αὐχεῖν,
571 5140 648 5200 ὡς
688 5138 797 5210 ἄρα
844 5140 1118 5211 παρεκτὸς
1155 5140 1255 5212 τῆς
1302 5141 1483 5196 αὐτῶν
1536 5143 1883 5206 διδασκαλίας

320 5227 487 5283 ταῦτα
533 5229 824 5299 φυλάττειν
867 5232 967 5286 οὐκ
1012 5227 1153 5304 ἦμεν
1207 5234 1398 5288 ἱκανοί,
1451 5235 1517 5288 Τί
1558 5234 1615 5289 δὲ
1669 5238 1883 5307 φρονεῖν

323 5322 509 5377 ἐκεῖνοι
552 5320 712 5394 ὀρθὸν
749 5323 1087 5395 δυνήσονται,
1115 5326 1164 5379 οἳ
1212 5327 1349 5397 μετά
1375 5327 1474 5399 τὴν
1512 5327 1881 5399 κυριοκτονίαν

322 5413 527 5485 ἐκείνην
554 5415 845 5479 ἐκστάντες
888 5415 995 5469 τῶν
1022 5417 1251 5488 φρενῶν,
1294 5419 1514 5487 ἄγονται
1543 5420 1604 5472 οὐ
1637 5419 1882 5489 λογισμῷ

321 5519 438 5571 τινι,
465 5506 580 5561 ἀλλ’
617 5508 764 5578 ὁρμῇ
810 5509 1187 5581 ἀκατασχέτῳ,
1235 5511 1357 5563 ὅποι
1395 5510 1460 5564 ἂν
1491 5511 1687 5574 αὐτοὺς
1721 5511 1754 5582 ἡ
1785 5508 1882 5580 ἐμ.

1988 2039 2245 2109 quoniam
2272 2038 2387 2094 fieri
2412 2054 2522 2094 non
2547 2049 2759 2110 poterat
2800 2049 2858 2095 ut
2883 2058 2946 2096 ea
2976 2058 3061 2097 res
3086 2042 3240 2098 firme
3285 2060 3348 2099 ac
3373 2043 3546 2099 stabi-

1985 2128 2113 2185 liter
2158 2131 2621 2196 constitueretur,
2667 2130 2775 2186 nisi
2823 2133 3079 2189 onmihus
3120 2133 3415 2207 episcopis,
3461 2137 3547 2193 vel

1986 2230 2136 2277 certe
2160 2222 2413 2293 plurimis
2434 2238 2647 2287 eorum,
2674 2222 2729 2277 in
2753 2238 2922 2277 unum
2946 2227 3307 2296 congregatis,
3334 2228 3548 2298 singula

1985 2328 2105 2384 quae
2127 2312 2193 2367 ad
2220 2314 2639 2368 sacratissimam
2694 2314 3010 2385 religionem
3055 2316 3349 2386 pertinent,
3373 2317 3550 2373 disce-

1984 2413 2132 2478 ptata
2154 2405 2307 2477 prius
2332 2405 2564 2462 fuissent
2589 2423 2602 2460 :
2630 2405 2771 2461 hanc
2797 2406 2867 2460 ob
2893 2422 3111 2461 causam
3159 2407 3362 2462 coactis
3384 2424 3546 2478 quam

1986 2496 2103 2553 fieri
2129 2498 2309 2569 potuit
2330 2497 2585 2569 plurimis
2609 2494 2985 2553 sacerdotibus
3008 2516 3023 2565 ;
3053 2515 3138 2553 me
3163 2516 3381 2571 quoque
3426 2512 3548 2557 tan-

1984 2603 2149 2659 quam
2174 2604 2282 2643 uno
2305 2604 2373 2643 ex
2396 2586 2553 2643 vobis
2578 2598 2846 2657 prmsentc
2873 2586 3073 2660 (neque
3110 2589 3259 2644 enim
3308 2606 3546 2662 negave-

1986 2679 2091 2733 rim
2114 2677 2170 2732 id
2189 2694 2298 2748 quo
2321 2678 2555 2733 maxime
2575 2679 2809 2743 exsulto,
2834 2694 3158 2733 conservum
3185 2696 3270 2735 me
3305 2690 3544 2735 vestrum

1983 2768 2123 2839 esse)
2149 2778 2344 2825 cuncta
2369 2770 2698 2840 competenti
2724 2771 2973 2825 examine
2998 2785 3063 2825 eo
3107 2786 3278 2841 usque
3303 2772 3547 2827 discussa

1984 2871 2132 2928 sunt,
2156 2862 2331 2918 donec
2354 2862 2648 2933 inspectori
2671 2863 2915 2915 omnium
2943 2862 3053 2916 Deo
3078 2872 3299 2933 accepta
3326 2873 3549 2919 senten-

1987 2952 2082 3015 tia,
2107 2950 2176 3006 ad
2195 2951 2423 3006 unitatis
2461 2959 2790 3005 concentum
2843 2950 3183 3021 proferretur
3232 2954 3287 3007 in
3330 2952 3544 3008 lucem:

1985 3041 2060 3096 ita
2087 3051 2147 3096 ut
2191 3040 2374 3096 nullus
2417 3039 2770 3106 dissensioni,
2815 3040 3002 3095 nullus
3045 3044 3435 3099 controversia:
3475 3044 3543 3098 de

1986 3132 2091 3188 dde
2115 3134 2267 3188 locus
2288 3132 2521 3204 amplius
2543 3132 2968 3201 relinqueretur.
3014 3133 3116 3189 Ubi
3158 3149 3280 3189 cum
3317 3134 3384 3189 de
3424 3149 3548 3189 san—

1985 3221 2230 3278 ctissime
2252 3222 2416 3277 etiam
2442 3219 2664 3277 Pascha;
2700 3219 2791 3275 die
2817 3220 3105 3291 quaesitum
3132 3222 3344 3287 fuisset,
3394 3238 3547 3278 com-

1986 3314 2138 3369 muni
2163 3313 2410 3369 omnium
2432 3310 2702 3369 sententia
2727 3312 3010 3368 decretum
3035 3322 3140 3379 est,
3165 3329 3286 3369 eam
3330 3313 3546 3371 festivi-

1988 3412 2153 3461 tatem
2178 3420 2290 3460 uno
2310 3404 2611 3475 eodemque
2633 3403 2723 3458 die
2748 3403 2817 3458 ah
2841 3402 3100 3459 omnibus
3147 3405 3351 3475 ubique
3395 3407 3544 3462 cele-

1985 3494 2134 3549 brari
2156 3503 2424 3565 oportere.
2450 3492 2591 3561 Quid
2613 3493 2761 3549 enim
2786 3493 3090 3564 pulchrius,
3108 3494 3241 3565 quid
3266 3495 3548 3552 honestius

1983 3584 2145 3639 nobis
2168 3599 2289 3639 esse
2331 3584 2523 3654 possit,
2571 3599 2734 3654 quam
2779 3593 2843 3640 ut
2888 3584 3005 3640 haec
3032 3584 3326 3651 festivitas,
3350 3601 3417 3642 ex
3439 3603 3547 3657 qua

1985 3688 2138 3745 spem
2162 3674 2586 3729 immortalitatis
2607 3676 2940 3745 accepimus,
2968 3691 3081 3731 uno
3104 3676 3408 3748 eodemque
3450 3693 3545 3732 or-

1985 3762 2114 3818 dine
2131 3771 2185 3819 et
2210 3771 2359 3819 certa
2385 3763 2594 3817 ratione
2618 3764 2687 3820 ab
2708 3765 2964 3820 omnibus
2990 3766 3257 3821 inoffense
3280 3768 3546 3822 observe-

1986 3861 2114 3916 tur?
2153 3864 2231 3916 Ac
2269 3860 2504 3932 primum
2529 3861 2749 3932 quidem
2772 3861 2951 3916 visum
2996 3867 3082 3915 est
3130 3859 3384 3914 omnibus
3432 3873 3546 3913 rem

1985 3965 2107 4006 esse
2130 3965 2357 4021 prorsus
2379 3951 2652 4022 indignam
2681 3951 2820 4005 utin
2864 3950 3222 4006 sanctissima
3271 3949 3432 4020 hujus
3455 3964 3547 4004 so-

1984 4041 2292 4097 lemnitatis
2313 4042 2681 4098 celebratione
2732 4041 3192 4097 consuetudinem
3234 4040 3544 4098 Judreorum

1985 4147 2372 4204 sequeremur:
2401 4134 2643 4205 quicum
2670 4148 2864 4188 manus
2902 4148 3031 4189 suas
3072 4131 3287 4188 nefario
3338 4133 3546 4188 scelere

1985 4225 2445 4290 contaminarint,
2492 4225 2688 4281 merito
2730 4224 2934 4295 impuri
2994 4224 3245 4280 homines
3308 4224 3548 4280 caecitate

1985 4317 2481 4375 mentislahorant.
2505 4316 2716 4389 Quippe
2742 4320 2945 4389 rejects
2987 4317 3208 4372 illorum
3253 4323 3548 4371 consuetu-

1986 4409 2134 4475 dine,
2161 4424 2449 4481 possumus
2470 4410 2691 4466 rectiori
2714 4409 2933 4475 ordine,
2960 4424 3124 4480 quem
3150 4424 3182 4464 a
3207 4407 3384 4479 primo
3409 4423 3538 4478 pas-

1984 4500 2157 4557 sionis
2178 4500 2267 4558 die
2308 4501 2376 4559 ad
2407 4502 2525 4558 haec
2572 4517 2745 4572 usque
2793 4511 3039 4573 tempora
3085 4502 3450 4565 servavimus,
3478 4499 3546 4556 ad

1986 4591 2171 4647 futura
2191 4593 2357 4647 etiam
2379 4593 2577 4647 saecula
2603 4592 2769 4664 hujus
2790 4593 3157 4648 observantia
3203 4592 3369 4647 ritum
3416 4606 3547 4662 pro-

1986 4700 2200 4755 pagare.
2225 4684 2372 4739 Nihil
2398 4700 2527 4756 ergo
2550 4685 2709 4740 nobis
2751 4700 3040 4740 commune
3085 4686 3159 4739 sit
3202 4700 3329 4739 cum
3358 4683 3542 4738 inimi-

1987 4778 2203 4832 cissima
2225 4775 2537 4832 Iudaeorum
2564 4777 2744 4832 turba.
2772 4776 2946 4832 Aliam
2963 4777 3109 4833 enim
3133 4777 3276 4832 viam
3301 4791 3331 4831 a
3355 4776 3552 4831 Serva-

1988 4879 2106 4925 tore
2129 4871 2457 4940 accepimus.
2503 4870 2821 4939 Propositus
2864 4878 2949 4925 est
2991 4870 3376 4926 sacratissima:
3416 4870 3548 4923 reli-

1984 4960 2132 5031 gioni
2160 4968 2358 5015 nostra!
2402 4973 2598 5013 cursus
2642 4959 2921 5029 legitimus
2964 4968 3020 5013 et
3065 4959 3347 5013 honestus.
3393 4957 3553 5013 llunc

1986 5052 2230 5107 unanimi
2274 5066 2542 5106 consensu
2592 5053 2922 5114 retinentes,
2975 5051 3045 5105 ab
3095 5051 3183 5103 ilia
3231 5050 3551 5119 turpissima

1983 5144 2245 5199 societate
2271 5152 2330 5197 et
2374 5142 2710 5199 conscientia
2757 5139 2860 5197 nos
2902 5141 3305 5204 abstrahamus,
3354 5140 3552 5194 fratres

1983 5233 2309 5289 charissimi.
2338 5234 2432 5288 Est
2455 5234 2601 5288 enim
2624 5234 2874 5305 profecto
2896 5232 3380 5292 absurdissimum,
3404 5232 3549 5300 quod

1985 5324 2064 5379 illi
2087 5324 2372 5396 magniﬁce
2392 5326 2619 5395 iactant,
2647 5341 2747 5380 nos
2772 5326 2977 5393 absque
3003 5324 3245 5393 ipsorum
3294 5321 3551 5389 magiste-

1986 5417 2069 5471 rio
2093 5417 2209 5472 haec
2228 5416 2510 5470 commode
2536 5417 2828 5470 observare
2852 5414 2956 5484 33
3001 5428 3110 5468 non
3154 5429 3328 5482 posse.
3379 5409 3551 5475 Quid-

1987 5522 2113 5562 nam
2137 5522 2269 5561 vero
2291 5507 2365 5561 illi
2393 5516 2536 5561 recte
2561 5507 2766 5561 sentire
2794 5510 3025 5574 possint,
3051 5503 3142 5572 qui
3194 5512 3314 5572 post
3358 5512 3550 5552 necem

1456 5693 1811 5750 VARIORUM
1858 5690 2402 5747 ANNOTATIONES.

387 5827 411 5857 ο
447 5817 556 5874 Τοῦ
602 5819 856 5873 ἐκείνων
909 5819 1117 5890 ἔθνους
1167 5819 1635 5890 κάποὸἱίηθέντος.
1693 5823 1858 5880 Recte

1985 5841 2071 5887 3w:
2124 5821 2435 5879 emendavit
2490 5820 2734 5875 Valesius
2786 5817 2851 5871 atl
2929 5816 3223 5872 Eusebium
3290 5818 3353 5868 tle
3425 5809 3543 5872 Vita

316 5886 601 5947 Constant.
636 5890 733 5946 lib.
771 5904 849 5954 ιιι,
885 5904 1002 5960 cap.
1042 5889 1120 5946 l8.
1160 5889 1230 5945 lo.
