4050 6348
490 482 552 540 9|
1946 474 2279 535 SOCRATIS
2332 550 2336 554 Α
3647 470 3714 526 92

488 595 728 662 Domini,
755 605 880 669 post
903 598 1035 654 illud
1059 596 1437 669 parricidium,
1481 603 1661 649 mente
1705 594 1846 665 capti
1879 618 1899 657 ,ι
1939 607 2051 647 non

2161 611 2317 663 φυτος
2349 592 2528 646 αὐτῶν
2554 592 2738 667 ἀγάγῃ
2772 591 2936 663 μανία
2960 606 2975 657 ;
3017 588 3263 645 Ἐκεῖθεν
3276 585 3452 642 τοίνυν
3476 586 3576 640 κάν
3598 583 3716 637 τού·

488 690 732 754 ratione,
763 688 860 744 sed
883 689 1146 759 praecipiti
1172 688 1376 757 impetu
1403 686 1679 750 feruntur,
1723 697 2054 755 quocunque

483 776 711 832 innatus
734 776 891 831 furor
916 777 1063 846 ipsos
1091 773 1412 845 impulerit?
1435 772 1573 827 Hinc
1597 782 1684 828 est
1706 771 1853 843 quod
1897 785 1968 826 ne
1995 771 2054 826 in

488 867 592 922 hac
635 867 855 937 quidem
900 875 1056 937 parte
1102 866 1390 920 veritatem
1435 864 1610 934 ipsam
1654 863 1996 936 perspiciunt
2034 877 2052 913 :

482 958 624 1015 adeo
652 967 766 1014 uta
788 958 1134 1013 convenienti
1157 955 1543 1012 emendatione
1588 957 1906 1028 longissime
1952 956 2054 1011 ab-

486 1059 752 1114 errantes,
777 1065 888 1103 uno
910 1050 1213 1119 eodemque
1266 1064 1412 1104 anno
1458 1048 1569 1104 duo
1614 1049 1879 1105 Paschata
1904 1049 2050 1105 cele—

488 1138 669 1193 brent.
714 1137 855 1205 Quid
902 1154 1034 1209 ergo
1079 1147 1164 1193 est
1208 1154 1309 1193 cur
1357 1139 1491 1193 istos
1537 1154 1869 1209 sequamur,
1914 1154 2054 1209 quos

488 1238 701 1286 constat
719 1230 1041 1302 gravissimo
1082 1232 1291 1286 erroris
1336 1230 1529 1285 morbo
1573 1229 1867 1286 laborare?
1917 1230 2053 1285 Nam

489 1337 598 1376 uno
619 1321 813 1377 eodem
839 1337 984 1377 anno
1010 1322 1287 1393 geminum
1313 1321 1518 1376 Pascha
1544 1319 1748 1386 facere,
1772 1336 2053 1391 nunquam

487 1412 732 1484 profecto
774 1414 1187 1469 sustinebimus.
1236 1415 1437 1471 Verum
1499 1415 1714 1470 etiamsi
1762 1430 1882 1486 quae
1937 1413 2052 1469 dixi

487 1505 712 1562 minime
737 1515 1114 1577 suppeterent,
1141 1516 1335 1562 vestra:
1362 1515 1540 1561 tamen
1585 1506 1821 1561 solertiae
1863 1514 1949 1560 est
1996 1505 2053 1560 id

486 1611 682 1651 curare
707 1596 964 1652 omnibus
985 1598 1163 1652 modis
1207 1607 1370 1668 atque
1415 1607 1627 1666 optare,
1674 1613 1743 1653 ne
1791 1598 2052 1655 sanctitas

482 1684 792 1740 animarum
840 1696 1170 1753 vestrarum,
1223 1687 1278 1742 in
1324 1688 1488 1743 ullius
1538 1688 1618 1742 rei
1667 1689 2050 1756 similitudine,

483 1793 609 1833 cum
635 1778 1099 1849 nequissimorum
1141 1779 1425 1835 hominum
1471 1780 1721 1835 moribus
1769 1781 1968 1836 sociari
1996 1790 2053 1836 et

483 1871 826 1925 commisceri
851 1870 1117 1925 videatur.
1143 1872 1279 1927 Illud
1300 1882 1561 1944 praeterea
1586 1876 2049 1932 considerandum

2157 701 2237 756 τῳ
2277 685 2356 756 τῷ
2385 685 2537 756 μέρει
2566 684 2664 755 τὴν
2711 682 2965 754 ἀλήθειαν
2989 682 3085 752 οὐχ
3113 679 3332 751 ὁρῶσιν,
3358 675 3434 742 ὡς
3463 677 3550 731 ἀεὶ
3575 679 3718 730 κατὰ

2158 778 2405 831 πλεῖστον
2429 777 2624 840 αὐτοὺς
2668 774 3049 846 πλανωμένους
3077 773 3210 842 (67),
3244 771 3365 825 ἀντὶ
3409 768 3506 838 τῆς
3548 783 3719 838 προσ-

2156 869 2397 939 ηκούσης
2416 863 2860 938 ἐπανορθώσεως,
2886 866 2943 919 ἐν
2973 863 3051 935 τῷ
3077 861 3223 932 αὐτῷ
3252 860 3360 913 ἔτει
3385 857 3630 928 δεύτερον
3655 854 3718 908 τδ

2160 961 2348 1029 Πάσχα
2386 956 2668 1012 ἐπιτελεῖν.
2705 957 2860 1020 Τίνος
2904 952 2996 1010 οὗν
3021 955 3177 1027 χάριν
3203 950 3409 1013 τούτοις
3454 945 3715 1018 ἑπόμεθα,

2157 1048 2206 1102 οἳ
2241 1048 2418 1120 δεινὴν
2446 1047 2654 1117 πλάνην
2698 1047 2872 1100 νοσεῖν
2907 1042 3322 1114 ὡμολόγηνται;
3353 1036 3611 1107 Δεύτερόν
3654 1049 3718 1103 γε

2157 1139 2219 1194 τὸ
2250 1139 2441 1210 Πάσχα
2474 1140 2530 1192 ἐν
2562 1138 2642 1191 ἐνὶ
2667 1135 2894 1206 ἐνιαυτῷ
2930 1134 3027 1188 οὐκ
3054 1132 3120 1187 ἄν
3161 1147 3291 1185 ποτε
3316 1130 3487 1183 ποιεῖν
3516 1124 3717 1191 άνεξώ-

2162 1229 2322 1302 μεθα.
2365 1230 2504 1282 Ἀλλ’
2536 1231 2584 1282 εί
2620 1230 2715 1280 καὶ
2740 1225 2913 1280 ταῦτα
2960 1223 3034 1296 μὴ
3056 1220 3365 1294 προῦκειτο,
3399 1216 3496 1289 τὴν
3526 1215 3719 1286 ὑμετέ-

2161 1338 2260 1393 ραν
2292 1320 2569 1390 ἀγχίνοιαν
2605 1319 2770 1391 ἐχρῆν
2817 1318 2913 1371 καὶ
2948 1315 3033 1370 διὰ
3062 1312 3291 1385 σπουδῆς
3327 1310 3421 1365 καὶ
3449 1308 3516 1363 δι’
3551 1305 3717 1379 εὐχῆς

2158 1414 2301 1486 ἔχειν
2334 1413 2586 1476 πάντοτε,
2614 1415 2671 1466 ἐν
2701 1409 2926 1482 μηδενὸς
2953 1406 3231 1478 ὁμοιότητι
3258 1404 3318 1457 τὸ
3350 1400 3588 1473 καθαρὸν
3621 1401 3720 1469 τῆς

2158 1506 2427 1578 ἡμετέρας
2453 1502 2630 1576 ψυχῆς
2659 1502 2952 1564 κοινωνεῖν,
2987 1497 3021 1568 ἢ
3050 1497 3230 1550 δοκεῖν
3250 1490 3547 1565 ἀνθρώπων
3575 1489 3719 1542 ἔθεσι

2158 1596 2479 1667 παγκάκων.
2510 1594 2653 1666 Πρὸς
2683 1590 2911 1655 τούτοις,
2944 1591 3163 1643 κάκεῖνο
3200 1587 3431 1657 πάρεστι
3465 1583 3718 1655 συνορᾷν,

2155 1688 2230 1752 ὡς
2258 1690 2314 1742 ἐν
2366 1686 2669 1758 τηλικούτῳ
2714 1683 2996 1754 πράγματι
3043 1681 3137 1733 καὶ
3165 1676 3385 1748 τοιαύτῃ
3425 1674 3724 1747 θρησκείας

2157 1782 2317 1853 ἑορτῇ
2370 1778 2479 1848 (68)
2536 1774 2828 1845 διαφωνίαν
2866 1773 3155 1843 ὑπάρχειν,
3202 1769 3347 1823 ἐστὶν
3395 1766 3723 1853 ἀθεώτατον.

2158 1852 2302 1926 Μίαν
2329 1866 2435 1939 γὰρ
2466 1868 2596 1938 ἡμῖν
2619 1865 2713 1935 τὴν
2732 1863 2831 1932 τῆς
2855 1859 3130 1933 ἡμετέρας
3161 1855 3468 1928 ἐλευθερίας
3491 1852 3727 1934 ἡμέραν,

484 1969 592 2026 est,
616 1961 769 2017 nefas
788 1978 908 2017 esse
933 1972 995 2018 ut
1018 1964 1074 2017 in
1123 1965 1258 2019 tanti
1290 1967 1553 2021 momenti
1602 1968 1842 2038 negotio,
1890 1976 1947 2023 et
1991 1968 2049 2023 in

2161 1963 2393 2020 τουτέστι
2444 1960 2541 2032 τὴν
2598 1956 2690 2011 τοῦ
2748 1954 3048 2025 άγιωτάτου
3098 1949 3325 2014 πάθους,
3384 1950 3412 2003 ὁ
3458 1947 3727 2038 ἡμέτερος

488 2051 801 2124 hujusmodi
838 2053 1118 2125 religionis
1141 2054 1483 2112 solemnitate
1508 2057 1780 2113 dissensio
1806 2059 2052 2128 reperia-

2161 2054 2436 2126 παρέδωκε
2481 2050 2692 2120 Σωτὴρ,
2743 2047 2870 2119 μίαν
2914 2039 3053 2098 εἶναι
3087 2042 3187 2114 τὴν
3234 2039 3527 2110 καθολικὴν
3560 2034 3725 2091 αὑτοῦ

489 2153 601 2201 tur.
628 2145 806 2203 Unum
831 2147 980 2202 enim
1006 2148 1279 2205 libertatis
1304 2158 1504 2206 nostra:
1527 2149 1727 2206 festum
1754 2150 1922 2216 diem,
1948 2151 2056 2206 hoc

486 2246 574 2294 est
593 2237 739 2293 diem
787 2240 1171 2296 sacratissima:
1231 2241 1523 2313 passionis,
1580 2241 1837 2297 Servator
1869 2251 2057 2298 noster

488 2331 652 2386 nobis
680 2332 924 2401 reliquit,
949 2348 1222 2402 unamque
1247 2348 1365 2388 esse
1389 2334 1563 2388 voluit
1602 2333 1924 2388 catholicam
1949 2333 2057 2389 Ec-

493 2425 739 2479 clesiam.
783 2423 951 2496 Cujus
996 2425 1237 2480 membra
1283 2425 1412 2481 licet
1436 2425 1603 2481 variis
1625 2426 1762 2481 locis
1810 2425 2059 2495 dispersa

490 2517 624 2582 sint,
652 2532 762 2575 uno
787 2526 967 2572 tamen
995 2518 1218 2588 spiritu,
1247 2517 1341 2572 Dei
1391 2518 1601 2573 scilicet
1642 2518 1945 2583 voluntate,
1972 2517 2059 2573 fo-

492 2620 712 2663 ventur.
736 2607 1082 2674 Consideret,
1132 2625 1340 2679 qumso,
1371 2618 1566 2665 vestrae
1621 2610 1932 2666 sanctitatis
1968 2625 2060 2665 so-

492 2699 673 2764 lertia,
700 2716 861 2771 quam
885 2716 1047 2771 grave
1075 2700 1147 2756 sit
1169 2710 1227 2756 et
1253 2701 1597 2762 indecorum.
1623 2702 1820 2758 iisdem
1864 2702 2062 2759 diebus

495 2789 633 2845 alios
656 2791 878 2861 quidem
912 2791 1138 2863 jejuniis
1161 2792 1405 2848 intentos
1427 2808 1578 2859 esse,
1608 2794 1745 2850 alios
1777 2808 1908 2850 vero
1934 2810 2063 2849 con-

495 2882 639 2938 vivia
663 2884 944 2940 celebrare
971 2903 984 2939 :
1008 2893 1064 2940 et
1101 2893 1225 2955 post
1247 2886 1366 2940 dies
1390 2886 1633 2953 Paschae,
1660 2886 1800 2942 alios
1838 2887 2064 2957 quidem

496 2975 552 3029 in
585 2974 976 3032 festivitatibus
997 2984 1054 3031 et
1080 2977 1390 3031 animorum
1439 2977 1771 3035 remissione
1814 2979 2063 3045 versari,

494 3069 633 3124 alios
656 3084 785 3124 vero
811 3068 1054 3125 deﬁnitis
1078 3084 1273 3125 vacare
1290 3069 1535 3140 jejuniis.
1564 3070 1680 3126 Hoc
1702 3070 1885 3141 itaque
1931 3087 2067 3126 con-

496 3162 737 3218 venienti
761 3161 1143 3217 emendatione
1174 3163 1400 3233 corrigi,
1426 3172 1483 3217 et
1503 3162 1572 3217 ad
1600 3178 1765 3219 unam
1788 3164 2069 3220 eamdem-

2165 2143 2483 2215 Ἐκκλησίαν
2514 2140 2852 2214 βεόούληται.
2899 2130 3005 2202 Ἦς
3046 2136 3093 2188 εἰ
3142 2137 3236 2188 καὶ
3258 2133 3327 2186 τά
3376 2128 3735 2203 μάλισταςείς

2157 2235 2383 2300 πολλούς
2412 2252 2470 2288 τε
2499 2234 2591 2287 καὶ
2630 2231 2918 2301 διαφόρους
2947 2227 3144 2291 τόπους
3168 2225 3235 2279 τὰ
3279 2223 3416 2297 μέρη
3449 2222 3725 2295 διῄρηται,

2156 2328 2268 2383 ἀλλ’
2294 2329 2442 2399 ὅμως
2470 2325 2549 2379 ἐνὶ
2569 2323 2860 2393 πνεύματι,
2884 2317 3129 2374 τουτέστι
3153 2315 3231 2388 τῷ
3252 2314 3381 2384 θείῳ
3405 2312 3729 2385 βουλήματι,

2158 2419 2438 2474 θάλπεται.
2471 2412 2791 2484 Λογισάσθω
2835 2410 2890 2465 δὲ
2936 2409 3098 2481 ήτῆς
3140 2406 3410 2478 ὑμετέρας
3450 2404 3729 2479 ὁσιότητος

2160 2511 2429 2582 ἀγχίνοια,
2478 2508 2624 2569 ὅπως
2674 2503 2790 2557 ἐστὶ
2820 2501 2987 2555 δεινόν
3033 2518 3093 2556 τε
3133 2500 3226 2553 καὶ
3257 2495 3522 2569 ἀπρεπὲς,
3581 2492 3728 2547 κατὰ

2160 2603 2258 2667 τὰς
2280 2602 2446 2666 αὑτὰς
2480 2600 2711 2674 ἡμέρας,
2760 2598 2978 2668 ἐτέρους
3030 2595 3128 2667 μέν
3155 2596 3275 2656 ταῖς
3308 2589 3580 2662 νηστείαις
3607 2602 3730 2658 σχο·

2161 2698 2367 2763 λάζειν,
2413 2695 2632 2768 ἐτέρους
2668 2692 2725 2746 δὲ
2767 2690 3041 2761 συμπόσια
3086 2687 3258 2741 τελεῖν
3283 2702 3296 2716 ο
3340 2683 3433 2737 καὶ
3466 2680 3600 2753 μετὰ
3630 2680 3731 2742 τὰς

2162 2789 2257 2843 τοῦ
2291 2790 2481 2858 Πάσχα
2515 2786 2744 2858 ἡμέρας,
2784 2782 2975 2845 ἄλλους
3028 2780 3124 2852 μὲν
3164 2779 3221 2831 ἐν
3250 2776 3462 2848 ἑορταῖς
3502 2773 3595 2827 καὶ
3634 2772 3729 2824 άν-

2165 2883 2344 2936 έσεσιν
2373 2877 2737 2946 ἐξετάζεσθαι,
2787 2875 2976 2939 ἄλλους
3002 2872 3057 2926 δὲ
3079 2875 3195 2936 ταῖς
3218 2868 3545 2943 ὡρισμέναις
3578 2863 3732 2918 ἐκδε-

2166 2972 2354 3027 δόσθαι
2385 2969 2678 3041 νηστείαις.
2718 2968 2817 3022 Διὰ
2844 2966 3000 3022 τοῦτο
3043 2965 3169 3035 γοῦν
3214 2963 3315 3034 τῆς
3354 2958 3734 3034 προσηκούσης

2168 3062 2590 3136 ἐπανορθώσεως
2635 3063 2841 3132 τυχεῖν,
2892 3059 2986 3113 καὶ
3040 3057 3174 3129 πρὸς
3224 3056 3354 3127 μίαν
3403 3052 3734 3107 διατύπωσιν

2170 3155 2399 3226 ἄγεσθαι
2435 3153 2614 3218 τοῦτο,
2663 3156 2696 3223 ὴ
2741 3153 2856 3207 θεία
2895 3153 3121 3223 πρόνοια
3160 3148 3422 3218 βούλεται,
3458 3145 3531 3208 ὡς
3560 3142 3735 3212 ἔγωγε

494 3269 603 3324 que
625 3254 857 3310 formam
890 3254 1066 3325 redigi
1091 3254 1278 3311 divina
1301 3255 1420 3310 vult
1463 3255 1832 3326 providentia,
1875 3271 2058 3326 quem-

2174 3248 2416 3310 ἅπαντας
2439 3244 2677 3318 ἠγοῦμαι
2703 3244 2951 3314 συνορᾷν.
2986 3239 3147 3293 Ὅθεν
3173 3237 3358 3308 ἐπειδὴ
3381 3234 3534 3289 τοῦτο
3563 3233 3736 3295 οὕτως

2177 3340 2190 3348 .
2383 3337 2404 3348 ι.
2444 3337 2469 3347 α
2515 3338 2537 3348 Α
2794 3333 2821 3345 ι-
3008 3331 3022 3347 ο
3137 3347 3141 3348 ,
3193 3329 3274 3348 ιλιι.
3328 3324 3460 3348 -_‘_..l.
3507 3322 3598 3348 --π
3627 3322 3736 3348 -f’.-.

495 3346 791 3401 admodum
824 3361 1019 3401 omnes
1051 3361 1175 3401 meo
1221 3346 1444 3417 quidem
1482 3347 1694 3418 judicio
1742 3347 2062 3419 intelligitis.

498 3437 735 3493 Proinde
750 3451 874 3491 cum
890 3437 997 3492 hoc
1022 3437 1096 3493 ita
1120 3437 1401 3494 emendari
1421 3444 1725 3507 oporteret,
1743 3438 1953 3493 utnihil
1972 3455 2070 3496 no-

498 3530 589 3585 bis
599 3544 888 3584 commune
899 3539 1178 3590 essetcum
1196 3530 1411 3589 illorum
1424 3529 1641 3584 Domini
1658 3530 2067 3585 interfectorum

499 3628 559 3674 et
580 3617 978 3687 parricidarum
1020 3618 1462 3673 consuetudine:
1510 3633 1746 3688 cumque
1793 3618 1886 3674 hic
1933 3619 2070 3674 ordo

501 3709 923 3766 decentissimus
945 3709 1038 3775 sit,
1082 3724 1246 3779 quem
1271 3724 1463 3767 omnes
1499 3716 1609 3764 tam
1651 3708 2072 3765 occidentalium

501 3817 668 3873 quam
694 3801 1124 3857 meridianarum
1152 3810 1208 3856 et
1233 3800 1747 3871 septentrionalium
1770 3800 1922 3855 orbis
1945 3817 2072 3870 par-

2174 3337 2600 3409 ἐπανορθοῦσθαι
2652 3333 2950 3406 προσῆκεν,
2995 3331 3068 3394 ῶς
3113 3329 3276 3401 μηδὲν
3327 3324 3462 3398 μετὰ
3504 3322 3600 3377 τοῦ
3627 3322 3737 3376 τῶν

2168 3429 2543 3503 πατροκτόνων
2572 3444 2630 3480 τε
2652 3427 2745 3478 καὶ
2777 3422 3134 3496 κυριοκτόνων
3161 3419 3384 3474 ἐκείνων
3409 3417 3592 3480 ἔθνους
3624 3414 3738 3487 (69)

2168 3518 2304 3578 εἶναι
2335 3520 2507 3576 κοινόν
2527 3538 2541 3550 ·
2572 3518 2687 3572 ἐστι
2710 3534 2769 3569 τε
2793 3514 2944 3580 τάξις
2972 3511 3272 3586 εὐπρεπὴς,
3302 3510 3369 3583 ἢν
3390 3509 3596 3564 ἅπασαι
3632 3507 3743 3561 τῶν

2169 3612 2400 3670 δυτικῶν
2469 3628 2529 3664 τε
2584 3610 2677 3664 καὶ
2730 3606 3112 3680 μεσημϐρινῶν
3169 3605 3264 3658 καὶ
3328 3600 3590 3676 ἀρκτῴων
3645 3600 3743 3670 τῆς

2171 3706 2491 3777 οἰκουμένης
2530 3701 2713 3775 μερῶν
2759 3698 3269 3770 παραφυλάττουσιν
3312 3696 3367 3750 αῖ
3406 3691 3745 3762 Ἑκκλησίαι,

2173 3799 2267 3853 καί
2292 3814 2438 3860 τινες
2467 3797 2575 3849 τῶν
2622 3793 2759 3865 μετὰ
2789 3792 2884 3863 τὴν
2928 3789 3066 3862 ἐῴαν
3091 3790 3267 3843 τόπων
3287 3806 3299 3819 ο
3331 3781 3406 3842 ὧν
3430 3785 3616 3841 ’ἐνεκεν
3654 3786 3749 3838 ἐπὶ

504 3893 645 3949 tium
698 3893 975 3958 Ecclesiae,
1029 3908 1094 3948 ac
1138 3892 1413 3948 nonnullae
1457 3907 1674 3962 quoque
1727 3892 2058 3947 orientaliuu

2177 3890 2270 3944 τοῦ
2299 3888 2564 3960 παρόντος
2598 3884 2778 3948 καλῶς
2824 3882 2966 3953 ἔχειν
3013 3881 3249 3943 ἅπαντες
3293 3880 3600 3951 ἡγήσαντοο
3652 3878 3752 3929 καὶ

502 3983 997 4040 servantzidcirco
1020 3983 1075 4038 id
1096 3999 1314 4054 aequum
1361 3990 1685 4053 rectumque
1721 3999 1843 4041 esse
1885 3998 2058 4039 omne:

2175 3980 2335 4045 αὐτὸς
2383 3979 2439 4033 δέ
2483 3980 2549 4049 τῇ
2581 3975 2818 4046 ὑμετέρᾳ
2849 3973 3098 4045 ἀγχινοίᾳ
3150 3969 3370 4042 άρέσειν
3400 3966 3712 4037 ὑπεσχόμην
3732 3981 3747 3995 ο

497 4075 908 4148 iudicaverunt,
942 4075 1088 4146 quod
1112 4084 1168 4131 et
1208 4075 1365 4131 vobis
1402 4076 1739 4147 placiturum
1785 4092 1908 4132 esse
1948 4092 2058 4147 spo-

2179 4073 2245 4128 ἶν’
2274 4074 2408 4146 ὅπερ
2435 4069 2500 4124 ἂν
2537 4068 2677 4123 κατὰ
2725 4069 2821 4140 τὴν
2871 4066 3161 4137 Ῥωμαίων
3206 4063 3377 4127 πόλιν,
3423 4060 3646 4139 Ἰταλίαν
3693 4070 3754 4110 τε

505 4167 708 4238 pondi;
747 4176 810 4223 ut
835 4167 1048 4223 scilicet
1071 4166 1220 4238 quod
1247 4167 1304 4225 in
1332 4167 1468 4222 urbe
1491 4166 1685 4234 Roma,
1708 4184 1917 4240 perque
1958 4184 2058 4223 om-

2181 4166 2277 4219 καὶ
2310 4161 2594 4236 Ἀφρικὴν,
2621 4160 2838 4215 ἃπασαν
2860 4158 3152 4227 Αἴγυπτον,
3189 4154 3483 4217 Ἱσπανίας,
3502 4151 3752 4217 Γαλλίας,

507 4274 634 4314 nem
660 4260 895 4325 Italiam,
916 4260 1185 4326 Africam,
1222 4260 1552 4332 .‘Egyptum;
1598 4276 1698 4332 per
1742 4262 2055 4332 Hispaniam

2186 4254 2535 4328 Βρεττανίας,
2596 4251 2822 4322 Λιϐύην,
2880 4250 3009 4321 ὃλην
3070 4246 3313 4311 Ἐλλάδα,
3387 4243 3639 4332 ’Δσιανήν
3692 4257 3757 4293 τε

507 4351 726 4417 Gallias,
746 4352 1076 4417 Britamiias,
1094 4352 1292 4423 Libyas
1314 4369 1329 4417 ;
1355 4368 1455 4421 per
1480 4352 1789 4409 universam
1801 4353 2058 4409 Achaiam

2182 4349 2444 4418 διοίκησιν
2471 4346 2565 4400 καὶ
2595 4342 2892 4414 Ποντικὴν,
2927 4341 3018 4394 καὶ¹
3059 4337 3333 4399 Κιλικίαν,
3377 4328 3474 4405 μιᾷ
3499 4334 3594 4386 καὶ
3622 4350 3761 4403 συμ-

509 4458 609 4513 per
627 4442 885 4501 Asianam
911 4443 1269 4501 etPonticam
1314 4443 1639 4509 dimcesim;
1690 4459 1789 4515 per
1833 4443 2058 4503 Ciliciam

2187 4439 2347 4510 φώνῳ
2383 4437 2716 4508 φυλάττηται
2748 4432 2961 4504 γνώμη,
2992 4430 3242 4501 ἁσμένως
3265 4425 3422 4479 τοῦτο
3445 4424 3537 4478 καὶ
3569 4423 3604 4495 ἡ
3633 4423 3762 4493 ὑμε-

509 4534 751 4605 denique
788 4533 1053 4591 concordi
1095 4531 1371 4589 sententia
1413 4533 1766 4601 observatur,
1809 4534 1864 4589 id
1904 4544 2058 4591 vestr:

2186 4532 2323 4605 τέρα
2348 4528 2708 4603 προσδέξηται
2757 4527 2968 4589 σύνεσις
2988 4541 3001 4554 °
3036 4519 3359 4591 λογιζομένη
3389 4517 3464 4581 ὠς
3508 4516 3567 4570 οὐ
3599 4517 3762 4587 μόνον

510 4642 732 4699 quoque
758 4627 1052 4698 prudentia
1091 4626 1398 4682 libentibus
1438 4625 1638 4682 animis
1677 4627 2041 4697 amplectatur

2190 4623 2387 4677 πλείων
2417 4622 2562 4677 ἐστὶν
2587 4623 2615 4675 ὁ
2643 4619 2750 4675 τῶν
2789 4617 2928 4672 κατὰ
2958 4615 3082 4678 τοὺς
3102 4610 3528 4684 προειρημένους
3561 4607 3763 4670 τόπους

514 4718 651 4775 illud
673 4719 937 4787 nimirum
957 4717 1271 4783 attendens,
1317 4733 1431 4774 non
1454 4717 1620 4774 modo
1661 4718 1921 4789 majorem
1966 4734 2058 4775 ess

2206 4714 2538 4786 Ἐκκλησιῶν
2593 4711 2856 4785 ἀριθμός·
2904 4707 3038 4783 ἀλλὰ
3085 4706 3179 4759 καὶ
3227 4703 3304 4767 ὡς
3339 4701 3493 4756 τοῦτο
3530 4700 3768 4772 μάλιστα

513 4828 805 4868 numerum
830 4812 1200 4869 Ecclesiarum
1244 4811 1301 4866 in
1335 4810 1471 4866 locis
1515 4826 1681 4883 supra
1726 4811 2045 4867 memoratis

2194 4808 2345 4878 κοινῇ
2378 4805 2587 4865 πάντας
2621 4800 2912 4857 ὁσιώτατόν
2938 4802 3052 4852 ἐστι
3088 4794 3390 4866 βούλεσθαι,
3444 4794 3580 4863 ὅπερ
3614 4793 3705 4844 καὶ
3735 4794 3767 4844 ὀ

516 4920 707 4961 verum
731 4905 899 4961 etiam
941 4904 1320 4974 aequissimum
1354 4918 1474 4958 esse
1499 4912 1561 4957 ut
1597 4919 1791 4959 onmes
1831 4904 1889 4958 in
1932 4919 2058 4960 com

2192 4896 2427 4969 ἀκριϐὴς
2446 4895 2696 4949 ἀπαιτεῖν
2726 4892 2871 4945 δοκεί
2893 4889 3071 4957 λόγος,
3108 4886 3200 4939 καὶ
3227 4884 3483 4955 οὐδεμίαν
3665 4880 3769 4950 τῆς

517 5013 686 5057 mune
709 4998 766 5054 id
788 4998 959 5054 velint
983 4970 1130 5068 quod
1174 4998 1367 5052 stricta
1395 4998 1538 5052 ratio
1560 4998 1780 5069 exigere
1827 4997 2049 5052 videtur

2206 4987 2474 5042 Ἰουδαίων
2523 4983 2809 5056 ἐπιορκίας
2840 4981 2986 5051 ἔχειν
3012 4977 3316 5032 κοινωνίαν.
3360 4977 3475 5027 ’Ἱνα
3509 4973 3566 5026 δὲ
3591 4970 3650 5024 τὸ
3677 4987 3772 5024 κε-

518 5103 624 5145 nec
646 5088 810 5144 ullam
830 5103 959 5144 cum
977 5065 1294 5143 Iudaeorum
1324 5085 1434 5158 3E,
1477 5065 1726 5157 periurio
1771 5086 2058 5141 societate!

2195 5080 2662 5154 φαλαιωδέστατον
2687 5073 2969 5146 συντόμως
2996 5071 3154 5134 εἴπω,
3183 5071 3335 5138 κοινῇ
3366 5067 3582 5121 πάντων
3601 5065 3770 5135 ἡρεσε

518 5183 748 5239 habere.
793 5181 972 5251 Atque
1016 5188 1078 5235 ut
1118 5180 1432 5236 summatim
1475 5194 1542 5234 ac
1588 5178 1831 5233 breviter
1871 5177 2050 5233 dicam

2191 5175 2391 5247 κρίσει.
2441 5173 2542 5243 τὴν
2595 5167 2907 5238 ἀγιωτάτην
2946 5163 3040 5218 τοῦ
3088 5163 3278 5233 Πάσχα
3310 5161 3501 5229 ἐορτὴν
3546 5158 3645 5230 μιᾷ
3676 5158 3775 5251 καὶ

520 5274 729 5347 placuit
771 5250 1049 5330 communi
1090 5273 1335 5329 omnium
1378 5270 1612 5341 judicio,
1642 5278 1704 5324 ut
1744 5270 2054 5325 sanctissim

2187 5272 2254 5341 τῇ
2304 5267 2440 5337 αὐτῇ
2477 5264 2660 5337 ἡμέρᾳ.
2696 5258 3083 5315 συντελεῖσθαι.
3115 5256 3253 5313 Οὐδὲ
3302 5254 3410 5325 γὰρ
3463 5251 3661 5322 πρέπει
3712 5250 3775 5301 ἐν

1718 5424 1986 5481 VALESII
2026 5420 2576 5480 ANNOTATIONES.

598 5524 710 5597 (67)
732 5522 843 5597 30c
870 5519 1471 5597 δεῖ,κατέι..πςιεῖσερν
1521 5516 1741 5597 «eam
1780 5513 2089 5597 alerere
2263 5512 2373 5597 (6.8)
2410 5512 2654 5597 τοιοιςάτη
2698 5500 3271 5597 amassis???
3305 5494 3608 5597 11.9933?
3635 5492 3778 5597 ἐξὲξ

525 5570 708 5661 rage:
732 5570 800 5650 In
812 5570 1349 5648 iadsiii§"é&iiéiiiué
1374 5570 1690 5644 Florentino
1791 5570 2092 5661 ~Sfortiano
2191 5570 2409 5661 rentino
2436 5570 3777 5661 legitur'yoEaISE-qg"norninach“Aﬂueaighscri-

526 5635 1023 5736 ἱὲαἷίἁὲὧέωᾶἐὶῗ
1036 5635 2095 5736 (iriiri15660};ﬁ_f_'é6miérq£n'_‘éiisin
2194 5635 2373 5736 iam
2386 5635 2552 5736 habia
2573 5649 2747 5736 codex
2767 5635 2961 5736 augur
2984 5645 3040 5699 in
3066 5640 3318 5736 igitur}:
3336 5635 3773 5736 Τῐξιξεςεέιξ

532 5709 2058 5816 ἱξθε’ξᾶοἶῇιιζλριῖξίὲιῖεέβῖυ-ι-ἰὺιοιεςιὶο-(ξεὲίι

2204 5709 2221 5723 ⁸
2269 5722 2378 5794 (69)
2407 5721 2815 5790 Κυριοκτόνων
2840 5716 3085 5771 ἐκείνων
3104 5712 3337 5790 ἕθνογς.
3366 5709 3649 5784 Postrema
3672 5717 3777 5755 vox

2205 5792 2350 5816 an--.
2400 5792 2450 5816 ι..
2480 5790 2683 5816 ..Αηι-ι-
2712 5786 2990 5816 “unum...
3017 5782 3333 5816 Πιηιιοηιηιη
3379 5784 3435 5816 οι
3482 5770 3777 5816 anrhnmi.

1746 5796 1809 5870 τδ
1855 5793 2058 5870 πλεῖστς

2201 5770 2993 5870 (1οέἒῖξιῖνιῖοειι-ῖεςοέξοίιιιιε
3017 5770 3333 5870 [florentino
3379 5784 3437 5833 et
3482 5770 3784 5867 Sfortiano.

536 5819 877 5860 bonstanum
903 5820 1013 5860 scr!
1057 5819 1172 5857 tum
1206 5819 1291 5857 εει
1324 5819 1440 5864 τως
1465 5819 1531 5870 οη
1574 5819 1715 5851 κατα
1746 5819 1809 5848 το
1855 5819 2058 5847 meum

536 5874 745 5944 absab;
789 5819 1172 5943 πλανωμὲνους
1228 5872 1323 5944 τῆς
1378 5868 1757 5944 προσηκούσης
1790 5862 2058 5944 ἐπανοροιὶ

2201 5819 2358 5847 υυυδι
2400 5819 2454 5847 lu
2481 5819 2686 5846 IIUDLI'IB
2710 5819 2993 5843 υυυιυιυυῠ
3019 5819 3040 5836 ι
3060 5819 3133 5835 ινι
3145 5819 3331 5836 νιιυιιιν
3381 5819 3436 5833 υ-
3483 5819 3594 5831 -ν-ν-
3612 5819 3713 5829 .-ν-υ.

2206 5879 2305 5916 ncc
2332 5863 2566 5920 habetur
2593 5860 2736 5931 apud
2772 5852 3185 5913 Theodoritum.
3706 5858 3713 5867 ·

544 5957 697 6008 σεως-
727 5943 807 5999 Ad
830 5939 992 6014 quem
1015 5945 1193 6001 locum
1222 5940 1344 5999 vide
1374 5939 1625 6012 si’placct
1651 5951 1768 6006 quae
1797 5939 1998 5990 notavi.
