  <div class='ocr_page' id='page_1' title='image "/cluster/home/n/w/nwhite01/storage/ocr_20150623/67/mdp.39015018620115/053.png"; bbox 0 0 4050 6348; ppageno 0'>
   <div class='ocr_carea' id='block_1_1' title="bbox 463 469 3697 553">
    <p class='ocr_par' dir='ltr' id='par_1_1' title="bbox 463 469 3697 553">
     <span class='ocr_line' id='line_1_1' title="bbox 463 469 3697 553; baseline -0.008 -2"><span class='ocrx_word' id='word_1_1' title='bbox 463 494 534 553; x_wconf 70' lang='grc'><strong>93</strong></span> <span class='ocrx_word' id='word_1_2' title='bbox 1911 484 2259 541; x_wconf 77' lang='lat' dir='ltr'><strong>SOCRATIS-</strong></span> <span class='ocrx_word' id='word_1_3' title='bbox 3624 469 3697 526; x_wconf 76' lang='lat'><strong>96</strong></span> 
     </span>
    </p>
   </div>
   <div class='ocr_carea' id='block_1_2' title="bbox 458 588 2036 679">
    <p class='ocr_par' dir='ltr' id='par_1_2' title="bbox 458 600 2029 679">
     <span class='ocr_line' id='line_1_2' title="bbox 458 600 2029 679; baseline -0.006 -15"><span class='ocrx_word' id='word_1_4' title='bbox 458 610 666 665; x_wconf 76' lang='lat' dir='ltr'><strong>ciarum</strong></span> <span class='ocrx_word' id='word_1_5' title='bbox 692 617 900 679; x_wconf 87' lang='lat' dir='ltr'><strong>petent,</strong></span> <span class='ocrx_word' id='word_1_6' title='bbox 946 614 1060 660; x_wconf 89' lang='lat' dir='ltr'><strong>tum</strong></span> <span class='ocrx_word' id='word_1_7' title='bbox 1105 604 1174 659; x_wconf 89' lang='lat' dir='ltr'><strong>ab</strong></span> <span class='ocrx_word' id='word_1_8' title='bbox 1219 603 1396 658; x_wconf 80' lang='lat' dir='ltr'><strong>cilicio</strong></span> <span class='ocrx_word' id='word_1_9' title='bbox 1444 600 1783 672; x_wconf 59' lang='lat' dir='ltr'><strong>praefectura:</strong></span> <span class='ocrx_word' id='word_1_10' title='bbox 1832 611 2029 671; x_wconf 53' lang='lat' dir='ltr'><strong>praeto-</strong></span> 
     </span>
    </p>
   </div>
   <div class='ocr_carea' id='block_1_3' title="bbox 2137 588 3699 679">
    <p class='ocr_par' dir='ltr' id='par_1_3' title="bbox 2137 588 3699 669">
     <span class='ocr_line' id='line_1_3' title="bbox 2137 588 3699 669; baseline -0.008 -16"><span class='ocrx_word' id='word_1_11' title='bbox 2137 600 2352 669; x_wconf 80' lang='grc' dir='ltr'><strong>εστάλη,</strong></span> <span class='ocrx_word' id='word_1_12' title='bbox 2393 598 2539 669; x_wconf 77' lang='grc' dir='ltr'><strong>πάσῃ</strong></span> <span class='ocrx_word' id='word_1_13' title='bbox 2567 594 2767 666; x_wconf 79' lang='grc' dir='ltr'>σπουδῇ</span> <span class='ocrx_word' id='word_1_14' title='bbox 2795 591 3303 665; x_wconf 79' lang='grc' dir='ltr'><strong>ἐξυπηρετήσασθαι</strong></span> <span class='ocrx_word' id='word_1_15' title='bbox 3331 591 3445 652; x_wconf 79' lang='grc' dir='ltr'><strong>τοῖς</strong></span> <span class='ocrx_word' id='word_1_16' title='bbox 3467 588 3571 642; x_wconf 68' lang='grc' dir='ltr'><strong>ὕπὸ</strong></span> <span class='ocrx_word' id='word_1_17' title='bbox 3597 589 3699 660; x_wconf 78' lang='grc' dir='ltr'><strong>τῆς</strong></span> 
     </span>
    </p>
   </div>
   <div class='ocr_carea' id='block_1_4' title="bbox 459 692 2024 768">
    <p class='ocr_par' dir='ltr' id='par_1_4' title="bbox 459 692 2024 768">
     <span class='ocr_line' id='line_1_4' title="bbox 459 692 2024 768; baseline -0.006 -12"><span class='ocrx_word' id='word_1_18' title='bbox 459 702 650 756; x_wconf 70' lang='lat' dir='ltr'><strong>rianae.</strong></span> <span class='ocrx_word' id='word_1_19' title='bbox 688 699 789 755; x_wconf 78' lang='lat' dir='ltr'><strong>llis</strong></span> <span class='ocrx_word' id='word_1_20' title='bbox 822 700 969 755; x_wconf 88' lang='lat' dir='ltr'><strong>enim</strong></span> <span class='ocrx_word' id='word_1_21' title='bbox 995 713 1093 768; x_wconf 91' lang='lat' dir='ltr'><strong>per</strong></span> <span class='ocrx_word' id='word_1_22' title='bbox 1119 696 1332 750; x_wconf 74' lang='lat' dir='ltr'><strong>litteras</strong></span> <span class='ocrx_word' id='word_1_23' title='bbox 1355 701 1688 765; x_wconf 67' lang='lat' dir='ltr'><strong>praeceptum</strong></span> <span class='ocrx_word' id='word_1_24' title='bbox 1731 700 1814 747; x_wconf 87' lang='lat' dir='ltr'><strong>est</strong></span> <span class='ocrx_word' id='word_1_25' title='bbox 1849 701 1910 747; x_wconf 89' lang='lat' dir='ltr'><strong>ut</strong></span> <span class='ocrx_word' id='word_1_26' title='bbox 1956 692 2024 747; x_wconf 90' lang='lat' dir='ltr'><strong>iis</strong></span> 
     </span>
    </p>
   </div>
   <div class='ocr_carea' id='block_1_5' title="bbox 456 784 2026 863">
    <p class='ocr_par' dir='ltr' id='par_1_5' title="bbox 456 784 2026 863">
     <span class='ocr_line' id='line_1_5' title="bbox 456 784 2026 863; baseline -0.006 -17"><span class='ocrx_word' id='word_1_27' title='bbox 456 807 578 863; x_wconf 58' lang='lat' dir='ltr'><strong>qua!</strong></span> <span class='ocrx_word' id='word_1_28' title='bbox 602 801 692 847; x_wconf 90' lang='lat' dir='ltr'><strong>tua</strong></span> <span class='ocrx_word' id='word_1_29' title='bbox 717 791 978 846; x_wconf 79' lang='lat' dir='ltr'><strong>sanctitas</strong></span> <span class='ocrx_word' id='word_1_30' title='bbox 1001 786 1222 851; x_wconf 79' lang='lat' dir='ltr'><strong>dixerit,</strong></span> <span class='ocrx_word' id='word_1_31' title='bbox 1251 786 1398 840; x_wconf 89' lang='lat' dir='ltr'><strong>omni</strong></span> <span class='ocrx_word' id='word_1_32' title='bbox 1423 785 1703 856; x_wconf 83' lang='lat' dir='ltr'><strong>diligentia</strong></span> <span class='ocrx_word' id='word_1_33' title='bbox 1720 784 2026 854; x_wconf 84' lang='lat' dir='ltr'><strong>obsequan-</strong></span> 
     </span>
    </p>
   </div>
   <div class='ocr_carea' id='block_1_6' title="bbox 460 876 2027 937">
    <p class='ocr_par' dir='ltr' id='par_1_6' title="bbox 460 876 2027 937">
     <span class='ocr_line' id='line_1_6' title="bbox 460 876 2027 937; baseline -0.005 0"><span class='ocrx_word' id='word_1_34' title='bbox 460 893 570 937; x_wconf 86' lang='lat' dir='ltr'><strong>tur.</strong></span> <span class='ocrx_word' id='word_1_35' title='bbox 603 882 869 937; x_wconf 85' lang='lat' dir='ltr'><strong>Divinitas</strong></span> <span class='ocrx_word' id='word_1_36' title='bbox 898 889 949 935; x_wconf 89' lang='lat' dir='ltr'><strong>te</strong></span> <span class='ocrx_word' id='word_1_37' title='bbox 990 886 1190 937; x_wconf 85' lang='lat' dir='ltr'><strong>servet.</strong></span> <span class='ocrx_word' id='word_1_38' title='bbox 1220 877 1390 931; x_wconf 78' lang='lat' dir='ltr'><strong>frater</strong></span> <span class='ocrx_word' id='word_1_39' title='bbox 1434 876 1777 931; x_wconf 80' lang='lat' dir='ltr'><strong>charissime.</strong></span> <span class='ocrx_word' id='word_1_40' title='bbox 1822 876 1890 930; x_wconf 88' lang='lat' dir='ltr'><strong>Et</strong></span> <span class='ocrx_word' id='word_1_41' title='bbox 1911 876 2027 930; x_wconf 85' lang='lat' dir='ltr'><strong>haec</strong></span> 
     </span>
    </p>
   </div>
   <div class='ocr_carea' id='block_1_7' title="bbox 457 964 2025 1043">
    <p class='ocr_par' dir='ltr' id='par_1_7' title="bbox 457 964 2025 1043">
     <span class='ocr_line' id='line_1_7' title="bbox 457 964 2025 1043; baseline -0.006 -15"><span class='ocrx_word' id='word_1_42' title='bbox 457 974 679 1043; x_wconf 84' lang='lat' dir='ltr'><strong>quidem</strong></span> <span class='ocrx_word' id='word_1_43' title='bbox 710 971 779 1027; x_wconf 90' lang='lat' dir='ltr'><strong>de</strong></span> <span class='ocrx_word' id='word_1_44' title='bbox 808 971 1167 1028; x_wconf 89' lang='lat' dir='ltr'><strong>ecclesiarum</strong></span> <span class='ocrx_word' id='word_1_45' title='bbox 1207 968 1567 1024; x_wconf 71' lang='lat' dir='ltr'><strong>aediﬁcatione</strong></span> <span class='ocrx_word' id='word_1_46' title='bbox 1615 968 1911 1037; x_wconf 84' lang='lat' dir='ltr'><strong>imperator</strong></span> <span class='ocrx_word' id='word_1_47' title='bbox 1957 964 2025 1020; x_wconf 91' lang='lat' dir='ltr'><strong>ad</strong></span> 
     </span>
    </p>
   </div>
   <div class='ocr_carea' id='block_1_8' title="bbox 456 1056 2029 1135">
    <p class='ocr_par' dir='ltr' id='par_1_8' title="bbox 456 1056 2029 1135">
     <span class='ocr_line' id='line_1_8' title="bbox 456 1056 2029 1135; baseline -0.006 -15"><span class='ocrx_word' id='word_1_48' title='bbox 456 1065 793 1135; x_wconf 84' lang='lat' dir='ltr'><strong>singularum</strong></span> <span class='ocrx_word' id='word_1_49' title='bbox 820 1062 1231 1134; x_wconf 81' lang='lat' dir='ltr'><strong>provinciarum</strong></span> <span class='ocrx_word' id='word_1_50' title='bbox 1279 1062 1568 1131; x_wconf 82' lang='lat' dir='ltr'><strong>episcopos</strong></span> <span class='ocrx_word' id='word_1_51' title='bbox 1614 1059 1854 1129; x_wconf 88' lang='lat' dir='ltr'><strong>scripsit.</strong></span> <span class='ocrx_word' id='word_1_52' title='bbox 1897 1056 2029 1123; x_wconf 62' lang='lat' dir='ltr'><strong>Quae</strong></span> 
     </span>
    </p>
   </div>
   <div class='ocr_carea' id='block_1_9' title="bbox 455 1148 2027 1210">
    <p class='ocr_par' dir='ltr' id='par_1_9' title="bbox 455 1148 2027 1210">
     <span class='ocr_line' id='line_1_9' title="bbox 455 1148 2027 1210; baseline -0.005 -2"><span class='ocrx_word' id='word_1_53' title='bbox 455 1171 586 1210; x_wconf 84' lang='lat' dir='ltr'><strong>vero</strong></span> <span class='ocrx_word' id='word_1_54' title='bbox 606 1154 674 1210; x_wconf 88' lang='lat' dir='ltr'><strong>de</strong></span> <span class='ocrx_word' id='word_1_55' title='bbox 710 1154 882 1209; x_wconf 90' lang='lat' dir='ltr'><strong>sacris</strong></span> <span class='ocrx_word' id='word_1_56' title='bbox 904 1152 1190 1207; x_wconf 86' lang='lat' dir='ltr'><strong>codicibus</strong></span> <span class='ocrx_word' id='word_1_57' title='bbox 1210 1151 1570 1207; x_wconf 80' lang='lat' dir='ltr'><strong>conficiendis</strong></span> <span class='ocrx_word' id='word_1_58' title='bbox 1612 1150 1680 1206; x_wconf 90' lang='lat' dir='ltr'><strong>ad</strong></span> <span class='ocrx_word' id='word_1_59' title='bbox 1726 1148 2027 1205; x_wconf 87' lang='lat' dir='ltr'><strong>Eusebium</strong></span> 
     </span>
    </p>
   </div>
   <div class='ocr_carea' id='block_1_10' title="bbox 457 1243 2026 1316">
    <p class='ocr_par' dir='ltr' id='par_1_10' title="bbox 457 1243 2026 1316">
     <span class='ocr_line' id='line_1_10' title="bbox 457 1243 2026 1316; baseline -0.006 -12"><span class='ocrx_word' id='word_1_60' title='bbox 457 1248 801 1305; x_wconf 66' lang='lat' dir='ltr'><strong>Pnlmstinum</strong></span> <span class='ocrx_word' id='word_1_61' title='bbox 827 1245 1132 1316; x_wconf 83' lang='lat' dir='ltr'><strong>scripserit,</strong></span> <span class='ocrx_word' id='word_1_62' title='bbox 1157 1262 1227 1301; x_wconf 79' lang='lat' dir='ltr'><strong>ex</strong></span> <span class='ocrx_word' id='word_1_63' title='bbox 1244 1246 1378 1316; x_wconf 87' lang='lat' dir='ltr'><strong>ipsis</strong></span> <span class='ocrx_word' id='word_1_64' title='bbox 1401 1245 1520 1315; x_wconf 77' lang='lat' dir='ltr'><strong>ejus</strong></span> <span class='ocrx_word' id='word_1_65' title='bbox 1547 1244 1751 1298; x_wconf 79' lang='lat' dir='ltr'><strong>litteris</strong></span> <span class='ocrx_word' id='word_1_66' title='bbox 1779 1243 1909 1297; x_wconf 90' lang='lat' dir='ltr'><strong>licet</strong></span> <span class='ocrx_word' id='word_1_67' title='bbox 1930 1255 2026 1295; x_wconf 86' lang='lat' dir='ltr'><strong>co-</strong></span> 
     </span>
    </p>
   </div>
   <div class='ocr_carea' id='block_1_11' title="bbox 458 1351 746 1408">
    <p class='ocr_par' dir='ltr' id='par_1_11' title="bbox 458 1351 746 1408">
     <span class='ocr_line' id='line_1_11' title="bbox 458 1351 746 1408; baseline -0.007 -17"><span class='ocrx_word' id='word_1_68' title='bbox 458 1351 746 1408; x_wconf 83' lang='lat' dir='ltr'><strong>gnoscere.</strong></span> 
     </span>
    </p>
   </div>
   <div class='ocr_carea' id='block_1_12' title="bbox 461 1439 2030 1514">
    <p class='ocr_par' dir='ltr' id='par_1_12' title="bbox 461 1439 2030 1514">
     <span class='ocr_line' id='line_1_12' title="bbox 461 1439 2030 1514; baseline -0.003 -16"><span class='ocrx_word' id='word_1_69' title='bbox 461 1441 630 1498; x_wconf 79' lang='lat' dir='ltr'><strong>Victor</strong></span> <span class='ocrx_word' id='word_1_70' title='bbox 678 1441 1074 1514; x_wconf 73' lang='lat' dir='ltr'><strong>Constantinus,</strong></span> <span class='ocrx_word' id='word_1_71' title='bbox 1107 1443 1394 1507; x_wconf 74' lang='lat' dir='ltr'><strong>Maximus,</strong></span> <span class='ocrx_word' id='word_1_72' title='bbox 1442 1443 1730 1514; x_wconf 81' lang='lat' dir='ltr'><strong>Augustus,</strong></span> <span class='ocrx_word' id='word_1_73' title='bbox 1779 1439 2030 1505; x_wconf 82' lang='lat' dir='ltr'><strong>Eusebio,</strong></span> 
     </span>
    </p>
   </div>
   <div class='ocr_carea' id='block_1_13' title="bbox 946 1512 1484 1585">
    <p class='ocr_par' dir='ltr' id='par_1_13' title="bbox 946 1512 1484 1585">
     <span class='ocr_line' id='line_1_13' title="bbox 946 1512 1484 1585; baseline -0.004 -17"><span class='ocrx_word' id='word_1_74' title='bbox 946 1512 1204 1568; x_wconf 71' lang='lat' dir='ltr'><strong>Cwsarea:</strong></span> <span class='ocrx_word' id='word_1_75' title='bbox 1228 1515 1484 1585; x_wconf 82' lang='lat' dir='ltr'><strong>episcopo.</strong></span> 
     </span>
    </p>
   </div>
   <div class='ocr_carea' id='block_1_14' title="bbox 524 1621 2030 1694">
    <p class='ocr_par' dir='ltr' id='par_1_14' title="bbox 524 1621 2030 1694">
     <span class='ocr_line' id='line_1_14' title="bbox 524 1621 2030 1694; baseline -0.001 -16"><span class='ocrx_word' id='word_1_76' title='bbox 524 1621 585 1678; x_wconf 82' lang='lat' dir='ltr'><strong>In</strong></span> <span class='ocrx_word' id='word_1_77' title='bbox 607 1638 672 1678; x_wconf 91' lang='lat' dir='ltr'><strong>ea</strong></span> <span class='ocrx_word' id='word_1_78' title='bbox 706 1623 843 1678; x_wconf 85' lang='lat' dir='ltr'><strong>urbe</strong></span> <span class='ocrx_word' id='word_1_79' title='bbox 867 1640 987 1694; x_wconf 69' lang='lat' dir='ltr'><strong>qum</strong></span> <span class='ocrx_word' id='word_1_80' title='bbox 1014 1640 1044 1678; x_wconf 88' lang='lat' dir='ltr'><strong>a</strong></span> <span class='ocrx_word' id='word_1_81' title='bbox 1067 1623 1229 1679; x_wconf 90' lang='lat' dir='ltr'><strong>nobis</strong></span> <span class='ocrx_word' id='word_1_82' title='bbox 1255 1640 1453 1678; x_wconf 86' lang='lat' dir='ltr'><strong>nomen</strong></span> <span class='ocrx_word' id='word_1_83' title='bbox 1493 1624 1687 1678; x_wconf 89' lang='lat' dir='ltr'><strong>sortita</strong></span> <span class='ocrx_word' id='word_1_84' title='bbox 1710 1629 1793 1678; x_wconf 89' lang='lat' dir='ltr'><strong>est</strong></span> <span class='ocrx_word' id='word_1_85' title='bbox 1809 1663 1823 1687; x_wconf 87' lang='lat'><strong>,</strong></span> <span class='ocrx_word' id='word_1_86' title='bbox 1845 1621 2030 1677; x_wconf 85' lang='lat' dir='ltr'><strong>divina</strong></span> 
     </span>
    </p>
   </div>
   <div class='ocr_carea' id='block_1_15' title="bbox 456 1713 2029 1786">
    <p class='ocr_par' dir='ltr' id='par_1_15' title="bbox 456 1713 2029 1786">
     <span class='ocr_line' id='line_1_15' title="bbox 456 1713 2029 1786; baseline -0.001 -17"><span class='ocrx_word' id='word_1_87' title='bbox 456 1714 763 1770; x_wconf 85' lang='lat' dir='ltr'><strong>Servatoris</strong></span> <span class='ocrx_word' id='word_1_88' title='bbox 812 1715 985 1769; x_wconf 88' lang='lat' dir='ltr'><strong>nostri</strong></span> <span class='ocrx_word' id='word_1_89' title='bbox 1034 1714 1325 1786; x_wconf 79' lang='lat' dir='ltr'><strong>adjuvante</strong></span> <span class='ocrx_word' id='word_1_90' title='bbox 1371 1714 1745 1784; x_wconf 80' lang='lat' dir='ltr'><strong>providentia,</strong></span> <span class='ocrx_word' id='word_1_91' title='bbox 1794 1713 2029 1767; x_wconf 79' lang='lat' dir='ltr'><strong>maxima</strong></span> 
     </span>
    </p>
   </div>
   <div class='ocr_carea' id='block_1_16' title="bbox 457 1803 2028 1861">
    <p class='ocr_par' dir='ltr' id='par_1_16' title="bbox 457 1803 2028 1861">
     <span class='ocr_line' id='line_1_16' title="bbox 457 1803 2028 1861; baseline 0 -3"><span class='ocrx_word' id='word_1_92' title='bbox 457 1805 742 1860; x_wconf 83' lang='lat' dir='ltr'><strong>hominum</strong></span> <span class='ocrx_word' id='word_1_93' title='bbox 795 1805 1089 1860; x_wconf 88' lang='lat' dir='ltr'><strong>multitudo</strong></span> <span class='ocrx_word' id='word_1_94' title='bbox 1142 1805 1211 1861; x_wconf 90' lang='lat' dir='ltr'><strong>ad</strong></span> <span class='ocrx_word' id='word_1_95' title='bbox 1266 1805 1666 1861; x_wconf 83' lang='lat' dir='ltr'><strong>sanctissimam</strong></span> <span class='ocrx_word' id='word_1_96' title='bbox 1725 1803 2028 1860; x_wconf 88' lang='lat' dir='ltr'><strong>Ecclesiam</strong></span> 
     </span>
    </p>
   </div>
   <div class='ocr_carea' id='block_1_17' title="bbox 458 1894 2028 1967">
    <p class='ocr_par' dir='ltr' id='par_1_17' title="bbox 458 1894 2028 1967">
     <span class='ocr_line' id='line_1_17' title="bbox 458 1894 2028 1967; baseline 0.001 -16"><span class='ocrx_word' id='word_1_97' title='bbox 458 1911 578 1951; x_wconf 85' lang='lat' dir='ltr'><strong>sese</strong></span> <span class='ocrx_word' id='word_1_98' title='bbox 619 1895 887 1967; x_wconf 73' lang='lat' dir='ltr'><strong>adiunxit.</strong></span> <span class='ocrx_word' id='word_1_99' title='bbox 944 1894 1132 1965; x_wconf 84' lang='lat' dir='ltr'><strong>Itaque</strong></span> <span class='ocrx_word' id='word_1_100' title='bbox 1178 1911 1302 1950; x_wconf 90' lang='lat' dir='ltr'><strong>cum</strong></span> <span class='ocrx_word' id='word_1_101' title='bbox 1337 1903 1535 1950; x_wconf 87' lang='lat' dir='ltr'><strong>cuncta</strong></span> <span class='ocrx_word' id='word_1_102' title='bbox 1579 1896 1692 1951; x_wconf 91' lang='lat' dir='ltr'><strong>illic</strong></span> <span class='ocrx_word' id='word_1_103' title='bbox 1734 1898 2028 1953; x_wconf 80' lang='lat' dir='ltr'><strong>maximum</strong></span> 
     </span>
    </p>
   </div>
   <div class='ocr_carea' id='block_1_18' title="bbox 458 1985 2028 2058">
    <p class='ocr_par' dir='ltr' id='par_1_18' title="bbox 458 1985 2028 2058">
     <span class='ocr_line' id='line_1_18' title="bbox 458 1985 2028 2058; baseline 0.004 -18"><span class='ocrx_word' id='word_1_104' title='bbox 458 1985 857 2040; x_wconf 88' lang='lat' dir='ltr'><strong>incrementum</strong></span> <span class='ocrx_word' id='word_1_105' title='bbox 895 1985 1133 2056; x_wconf 85' lang='lat' dir='ltr'><strong>capiant,</strong></span> <span class='ocrx_word' id='word_1_106' title='bbox 1165 1993 1594 2041; x_wconf 87' lang='lat' dir='ltr'><strong>consentaneum</strong></span> <span class='ocrx_word' id='word_1_107' title='bbox 1635 1987 1691 2043; x_wconf 91' lang='lat' dir='ltr'><strong>in</strong></span> <span class='ocrx_word' id='word_1_108' title='bbox 1728 1989 1921 2058; x_wconf 89' lang='lat' dir='ltr'><strong>primis</strong></span> <span class='ocrx_word' id='word_1_109' title='bbox 1946 1992 2028 2046; x_wconf 90' lang='lat' dir='ltr'><strong>vi-</strong></span> 
     </span>
    </p>
   </div>
   <div class='ocr_carea' id='block_1_19' title="bbox 460 2076 2035 2150">
    <p class='ocr_par' dir='ltr' id='par_1_19' title="bbox 460 2076 2035 2150">
     <span class='ocr_line' id='line_1_19' title="bbox 460 2076 2035 2150; baseline 0.005 -21"><span class='ocrx_word' id='word_1_110' title='bbox 460 2076 644 2141; x_wconf 89' lang='lat' dir='ltr'><strong>detur,</strong></span> <span class='ocrx_word' id='word_1_111' title='bbox 682 2084 742 2130; x_wconf 88' lang='lat' dir='ltr'><strong>ut</strong></span> <span class='ocrx_word' id='word_1_112' title='bbox 765 2078 951 2147; x_wconf 92' lang='lat' dir='ltr'><strong>plures</strong></span> <span class='ocrx_word' id='word_1_113' title='bbox 980 2094 1197 2150; x_wconf 87' lang='lat' dir='ltr'><strong>quoque</strong></span> <span class='ocrx_word' id='word_1_114' title='bbox 1239 2077 1297 2132; x_wconf 91' lang='lat' dir='ltr'><strong>in</strong></span> <span class='ocrx_word' id='word_1_115' title='bbox 1325 2095 1388 2133; x_wconf 88' lang='lat' dir='ltr'><strong>ea</strong></span> <span class='ocrx_word' id='word_1_116' title='bbox 1426 2087 1816 2135; x_wconf 88' lang='lat' dir='ltr'><strong>construantur</strong></span> <span class='ocrx_word' id='word_1_117' title='bbox 1855 2081 2035 2137; x_wconf 90' lang='lat' dir='ltr'><strong>cccle-</strong></span> 
     </span>
    </p>
   </div>
   <div class='ocr_carea' id='block_1_20' title="bbox 459 2168 2032 2241">
    <p class='ocr_par' dir='ltr' id='par_1_20' title="bbox 459 2168 2032 2241">
     <span class='ocr_line' id='line_1_20' title="bbox 459 2168 2032 2241; baseline 0.003 -18"><span class='ocrx_word' id='word_1_118' title='bbox 459 2168 572 2224; x_wconf 66' lang='grc' dir='ltr'><strong>εἶξε.</strong></span> <span class='ocrx_word' id='word_1_119' title='bbox 602 2168 800 2239; x_wconf 81' lang='lat' dir='ltr'><strong>Accipe</strong></span> <span class='ocrx_word' id='word_1_120' title='bbox 826 2169 991 2239; x_wconf 79' lang='lat' dir='ltr'><strong>igitur</strong></span> <span class='ocrx_word' id='word_1_121' title='bbox 1021 2168 1211 2224; x_wconf 83' lang='lat' dir='ltr'><strong>libenti</strong></span> <span class='ocrx_word' id='word_1_122' title='bbox 1237 2169 1419 2223; x_wconf 87' lang='lat' dir='ltr'><strong>animo</strong></span> <span class='ocrx_word' id='word_1_123' title='bbox 1465 2170 1518 2224; x_wconf 94' lang='lat' dir='ltr'><strong>id</strong></span> <span class='ocrx_word' id='word_1_124' title='bbox 1549 2171 1697 2241; x_wconf 91' lang='lat' dir='ltr'><strong>quod</strong></span> <span class='ocrx_word' id='word_1_125' title='bbox 1724 2171 1903 2226; x_wconf 90' lang='lat' dir='ltr'><strong>facere</strong></span> <span class='ocrx_word' id='word_1_126' title='bbox 1935 2172 2032 2227; x_wconf 90' lang='lat' dir='ltr'><strong>de-</strong></span> 
     </span>
    </p>
   </div>
   <div class='ocr_carea' id='block_1_21' title="bbox 458 2260 2031 2333">
    <p class='ocr_par' dir='ltr' id='par_1_21' title="bbox 458 2260 2031 2333">
     <span class='ocr_line' id='line_1_21' title="bbox 458 2260 2031 2333; baseline 0.001 -17"><span class='ocrx_word' id='word_1_127' title='bbox 458 2261 628 2316; x_wconf 84' lang='lat' dir='ltr'><strong>crevi.</strong></span> <span class='ocrx_word' id='word_1_128' title='bbox 656 2261 845 2317; x_wconf 70' lang='lat' dir='ltr'><strong>Visum</strong></span> <span class='ocrx_word' id='word_1_129' title='bbox 871 2268 953 2315; x_wconf 90' lang='lat' dir='ltr'><strong>est</strong></span> <span class='ocrx_word' id='word_1_130' title='bbox 974 2261 1118 2315; x_wconf 91' lang='lat' dir='ltr'><strong>enim</strong></span> <span class='ocrx_word' id='word_1_131' title='bbox 1150 2260 1205 2315; x_wconf 89' lang='lat' dir='ltr'><strong>id</strong></span> <span class='ocrx_word' id='word_1_132' title='bbox 1240 2261 1550 2332; x_wconf 77' lang='lat' dir='ltr'><strong>signiﬁcare</strong></span> <span class='ocrx_word' id='word_1_133' title='bbox 1574 2262 1881 2333; x_wconf 76' lang='lat' dir='ltr'><strong>prudentia:</strong></span> <span class='ocrx_word' id='word_1_134' title='bbox 1905 2270 2031 2329; x_wconf 66' lang='lat' dir='ltr'><strong>tua‘,</strong></span> 
     </span>
    </p>
   </div>
   <div class='ocr_carea' id='block_1_22' title="bbox 459 2351 2031 2424">
    <p class='ocr_par' dir='ltr' id='par_1_22' title="bbox 459 2351 2031 2424">
     <span class='ocr_line' id='line_1_22' title="bbox 459 2351 2031 2424; baseline 0.003 -20"><span class='ocrx_word' id='word_1_135' title='bbox 459 2358 521 2404; x_wconf 91' lang='lat' dir='ltr'><strong>ut</strong></span> <span class='ocrx_word' id='word_1_136' title='bbox 547 2352 941 2423; x_wconf 82' lang='lat' dir='ltr'><strong>quinquaginta</strong></span> <span class='ocrx_word' id='word_1_137' title='bbox 978 2351 1197 2407; x_wconf 86' lang='lat' dir='ltr'><strong>codices</strong></span> <span class='ocrx_word' id='word_1_138' title='bbox 1228 2352 1537 2407; x_wconf 88' lang='lat' dir='ltr'><strong>divinarum</strong></span> <span class='ocrx_word' id='word_1_139' title='bbox 1595 2353 2031 2424; x_wconf 86' lang='lat' dir='ltr'><strong>Seripturarum,</strong></span> 
     </span>
    </p>
   </div>
   <div class='ocr_carea' id='block_1_23' title="bbox 465 2447 2033 2515">
    <p class='ocr_par' dir='ltr' id='par_1_23' title="bbox 465 2447 2033 2515">
     <span class='ocr_line' id='line_1_23' title="bbox 465 2447 2033 2515; baseline 0.006 -18"><span class='ocrx_word' id='word_1_140' title='bbox 465 2459 700 2513; x_wconf 90' lang='lat' dir='ltr'><strong>quarum</strong></span> <span class='ocrx_word' id='word_1_141' title='bbox 754 2453 1075 2515; x_wconf 88' lang='lat' dir='ltr'><strong>apparatum</strong></span> <span class='ocrx_word' id='word_1_142' title='bbox 1105 2451 1162 2499; x_wconf 88' lang='lat' dir='ltr'><strong>et</strong></span> <span class='ocrx_word' id='word_1_143' title='bbox 1199 2460 1360 2499; x_wconf 88' lang='lat' dir='ltr'><strong>usum</strong></span> <span class='ocrx_word' id='word_1_144' title='bbox 1394 2447 1625 2502; x_wconf 75' lang='lat' dir='ltr'><strong>maxime</strong></span> <span class='ocrx_word' id='word_1_145' title='bbox 1663 2452 2033 2505; x_wconf 88' lang='lat' dir='ltr'><strong>necessarium</strong></span> 
     </span>
    </p>
   </div>
   <div class='ocr_carea' id='block_1_24' title="bbox 464 2534 2036 2611">
    <p class='ocr_par' dir='ltr' id='par_1_24' title="bbox 464 2534 2036 2611">
     <span class='ocr_line' id='line_1_24' title="bbox 464 2534 2036 2611; baseline 0.003 -20"><span class='ocrx_word' id='word_1_146' title='bbox 464 2534 723 2591; x_wconf 63' lang='lat' dir='ltr'><strong>Ecclesiae</strong></span> <span class='ocrx_word' id='word_1_147' title='bbox 755 2550 875 2591; x_wconf 89' lang='lat' dir='ltr'><strong>esse</strong></span> <span class='ocrx_word' id='word_1_148' title='bbox 904 2535 1185 2607; x_wconf 83' lang='lat' dir='ltr'><strong>intelligis,</strong></span> <span class='ocrx_word' id='word_1_149' title='bbox 1224 2535 1278 2589; x_wconf 92' lang='lat' dir='ltr'><strong>in</strong></span> <span class='ocrx_word' id='word_1_150' title='bbox 1305 2536 1638 2592; x_wconf 89' lang='lat' dir='ltr'><strong>membranis</strong></span> <span class='ocrx_word' id='word_1_151' title='bbox 1668 2540 1837 2608; x_wconf 88' lang='lat' dir='ltr'><strong>probe</strong></span> <span class='ocrx_word' id='word_1_152' title='bbox 1867 2557 2036 2611; x_wconf 88' lang='lat' dir='ltr'><strong>appa-</strong></span> 
     </span>
    </p>
   </div>
   <div class='ocr_carea' id='block_1_25' title="bbox 466 2623 2035 2695">
    <p class='ocr_par' dir='ltr' id='par_1_25' title="bbox 466 2623 2035 2695">
     <span class='ocr_line' id='line_1_25' title="bbox 466 2623 2035 2695; baseline 0.004 -17"><span class='ocrx_word' id='word_1_153' title='bbox 466 2625 624 2690; x_wconf 88' lang='lat' dir='ltr'><strong>ratis,</strong></span> <span class='ocrx_word' id='word_1_154' title='bbox 661 2625 730 2680; x_wconf 90' lang='lat' dir='ltr'><strong>ab</strong></span> <span class='ocrx_word' id='word_1_155' title='bbox 778 2623 1081 2680; x_wconf 82' lang='lat' dir='ltr'><strong>artiﬁcibus</strong></span> <span class='ocrx_word' id='word_1_156' title='bbox 1114 2625 1446 2695; x_wconf 87' lang='lat' dir='ltr'><strong>antiquariis</strong></span> <span class='ocrx_word' id='word_1_157' title='bbox 1482 2635 1707 2682; x_wconf 85' lang='lat' dir='ltr'><strong>venuste</strong></span> <span class='ocrx_word' id='word_1_158' title='bbox 1757 2628 2035 2684; x_wconf 84' lang='lat' dir='ltr'><strong>scribendi</strong></span> 
     </span>
    </p>
   </div>
   <div class='ocr_carea' id='block_1_26' title="bbox 463 2716 2037 2790">
    <p class='ocr_par' dir='ltr' id='par_1_26' title="bbox 463 2716 2037 2790">
     <span class='ocr_line' id='line_1_26' title="bbox 463 2716 2037 2790; baseline 0.003 -17"><span class='ocrx_word' id='word_1_159' title='bbox 463 2717 816 2787; x_wconf 84' lang='lat' dir='ltr'><strong>peritissimis</strong></span> <span class='ocrx_word' id='word_1_160' title='bbox 842 2716 1080 2773; x_wconf 88' lang='lat' dir='ltr'><strong>describi</strong></span> <span class='ocrx_word' id='word_1_161' title='bbox 1108 2716 1298 2782; x_wconf 83' lang='lat' dir='ltr'><strong>facias,</strong></span> <span class='ocrx_word' id='word_1_162' title='bbox 1330 2719 1424 2789; x_wconf 85' lang='lat' dir='ltr'><strong>qui</strong></span> <span class='ocrx_word' id='word_1_163' title='bbox 1464 2726 1521 2774; x_wconf 89' lang='lat' dir='ltr'><strong>et</strong></span> <span class='ocrx_word' id='word_1_164' title='bbox 1541 2719 1645 2790; x_wconf 76' lang='lat' dir='ltr'><strong>legi</strong></span> <span class='ocrx_word' id='word_1_165' title='bbox 1677 2719 1858 2788; x_wconf 81' lang='lat' dir='ltr'><strong>facile,</strong></span> <span class='ocrx_word' id='word_1_166' title='bbox 1884 2730 1938 2777; x_wconf 89' lang='lat' dir='ltr'><strong>et</strong></span> <span class='ocrx_word' id='word_1_167' title='bbox 1970 2722 2037 2777; x_wconf 86' lang='lat' dir='ltr'><strong>ad</strong></span> 
     </span>
    </p>
   </div>
   <div class='ocr_carea' id='block_1_27' title="bbox 461 2808 2037 2883">
    <p class='ocr_par' dir='ltr' id='par_1_27' title="bbox 461 2808 2037 2883">
     <span class='ocr_line' id='line_1_27' title="bbox 461 2808 2037 2883; baseline 0.004 -21"><span class='ocrx_word' id='word_1_168' title='bbox 461 2823 679 2863; x_wconf 90' lang='lat' dir='ltr'><strong>omnem</strong></span> <span class='ocrx_word' id='word_1_169' title='bbox 725 2823 884 2863; x_wconf 90' lang='lat' dir='ltr'><strong>usum</strong></span> <span class='ocrx_word' id='word_1_170' title='bbox 929 2808 1271 2864; x_wconf 82' lang='lat' dir='ltr'><strong>circumferri</strong></span> <span class='ocrx_word' id='word_1_171' title='bbox 1309 2809 1536 2880; x_wconf 83' lang='lat' dir='ltr'><strong>possint.</strong></span> <span class='ocrx_word' id='word_1_172' title='bbox 1570 2809 1791 2867; x_wconf 73' lang='lat' dir='ltr'><strong>Littera:</strong></span> <span class='ocrx_word' id='word_1_173' title='bbox 1818 2828 1983 2883; x_wconf 90' lang='lat' dir='ltr'><strong>porro</strong></span> <span class='ocrx_word' id='word_1_174' title='bbox 2005 2829 2037 2869; x_wconf 87' lang='lat' dir='ltr'><strong>a</strong></span> 
     </span>
    </p>
   </div>
   <div class='ocr_carea' id='block_1_28' title="bbox 461 2899 2038 2960">
    <p class='ocr_par' dir='ltr' id='par_1_28' title="bbox 461 2899 2038 2960">
     <span class='ocr_line' id='line_1_28' title="bbox 461 2899 2038 2960; baseline 0.004 -7"><span class='ocrx_word' id='word_1_175' title='bbox 461 2910 649 2954; x_wconf 86' lang='lat' dir='ltr'><strong>nostra</strong></span> <span class='ocrx_word' id='word_1_176' title='bbox 686 2899 976 2955; x_wconf 88' lang='lat' dir='ltr'><strong>clementia</strong></span> <span class='ocrx_word' id='word_1_177' title='bbox 1008 2900 1188 2956; x_wconf 71' lang='lat' dir='ltr'><strong>missm</strong></span> <span class='ocrx_word' id='word_1_178' title='bbox 1215 2908 1343 2956; x_wconf 89' lang='lat' dir='ltr'><strong>sunt</strong></span> <span class='ocrx_word' id='word_1_179' title='bbox 1372 2901 1438 2956; x_wconf 88' lang='lat' dir='ltr'><strong>ad</strong></span> <span class='ocrx_word' id='word_1_180' title='bbox 1470 2902 1796 2958; x_wconf 89' lang='lat' dir='ltr'><strong>rationalem</strong></span> <span class='ocrx_word' id='word_1_181' title='bbox 1827 2903 2038 2960; x_wconf 68' lang='lat' dir='ltr'><strong>dioece-</strong></span> 
     </span>
    </p>
   </div>
   <div class='ocr_carea' id='block_1_29' title="bbox 461 2991 2038 3056">
    <p class='ocr_par' dir='ltr' id='par_1_29' title="bbox 461 2991 2038 3056">
     <span class='ocr_line' id='line_1_29' title="bbox 461 2991 2038 3056; baseline 0.004 -10"><span class='ocrx_word' id='word_1_182' title='bbox 461 2991 557 3056; x_wconf 85' lang='lat' dir='ltr'><strong>sis,</strong></span> <span class='ocrx_word' id='word_1_183' title='bbox 586 2998 647 3045; x_wconf 88' lang='lat' dir='ltr'><strong>ut</strong></span> <span class='ocrx_word' id='word_1_184' title='bbox 672 2998 867 3046; x_wconf 89' lang='lat' dir='ltr'><strong>cuncta</strong></span> <span class='ocrx_word' id='word_1_185' title='bbox 903 2992 972 3047; x_wconf 90' lang='lat' dir='ltr'><strong>ad</strong></span> <span class='ocrx_word' id='word_1_186' title='bbox 1002 3008 1196 3048; x_wconf 89' lang='lat' dir='ltr'><strong>eorum</strong></span> <span class='ocrx_word' id='word_1_187' title='bbox 1222 2993 1474 3049; x_wconf 90' lang='lat' dir='ltr'><strong>codicum</strong></span> <span class='ocrx_word' id='word_1_188' title='bbox 1506 2994 1903 3053; x_wconf 90' lang='lat' dir='ltr'><strong>confectionem</strong></span> <span class='ocrx_word' id='word_1_189' title='bbox 1938 3014 2038 3052; x_wconf 89' lang='lat' dir='ltr'><strong>ne-</strong></span> 
     </span>
    </p>
   </div>
   <div class='ocr_carea' id='block_1_30' title="bbox 461 3082 2040 3157">
    <p class='ocr_par' dir='ltr' id='par_1_30' title="bbox 461 3082 2040 3157">
     <span class='ocr_line' id='line_1_30' title="bbox 461 3082 2040 3157; baseline 0.004 -21"><span class='ocrx_word' id='word_1_190' title='bbox 461 3082 696 3138; x_wconf 86' lang='lat' dir='ltr'><strong>cessaria</strong></span> <span class='ocrx_word' id='word_1_191' title='bbox 757 3082 989 3152; x_wconf 69' lang='lat' dir='ltr'><strong>praeberi</strong></span> <span class='ocrx_word' id='word_1_192' title='bbox 1042 3092 1219 3138; x_wconf 92' lang='lat' dir='ltr'><strong>curet.</strong></span> <span class='ocrx_word' id='word_1_193' title='bbox 1275 3083 1406 3139; x_wconf 75' lang='lat' dir='ltr'><strong>Tuae</strong></span> <span class='ocrx_word' id='word_1_194' title='bbox 1457 3085 1566 3140; x_wconf 89' lang='lat' dir='ltr'><strong>erit</strong></span> <span class='ocrx_word' id='word_1_195' title='bbox 1614 3086 1919 3157; x_wconf 69' lang='lat' dir='ltr'><strong>diligentia:</strong></span> <span class='ocrx_word' id='word_1_196' title='bbox 1978 3096 2040 3142; x_wconf 91' lang='lat' dir='ltr'><strong>ut</strong></span> 
     </span>
    </p>
   </div>
   <div class='ocr_carea' id='block_1_31' title="bbox 460 3173 2038 3246">
    <p class='ocr_par' dir='ltr' id='par_1_31' title="bbox 460 3173 2038 3246">
     <span class='ocr_line' id='line_1_31' title="bbox 460 3173 2038 3246; baseline 0.003 -17"><span class='ocrx_word' id='word_1_197' title='bbox 460 3173 651 3243; x_wconf 76' lang='lat' dir='ltr'><strong>scripti</strong></span> <span class='ocrx_word' id='word_1_198' title='bbox 700 3174 919 3230; x_wconf 89' lang='lat' dir='ltr'><strong>codices</strong></span> <span class='ocrx_word' id='word_1_199' title='bbox 969 3177 1296 3245; x_wconf 88' lang='lat' dir='ltr'><strong>quantocius</strong></span> <span class='ocrx_word' id='word_1_200' title='bbox 1353 3187 1707 3246; x_wconf 88' lang='lat' dir='ltr'><strong>apparentur.</strong></span> <span class='ocrx_word' id='word_1_201' title='bbox 1759 3178 2038 3234; x_wconf 77' lang='lat' dir='ltr'><strong>Caeterum</strong></span> 
     </span>
    </p>
   </div>
   <div class='ocr_carea' id='block_1_32' title="bbox 2128 681 3693 763">
    <p class='ocr_par' dir='ltr' id='par_1_32' title="bbox 2128 681 3693 763">
     <span class='ocr_line' id='line_1_32' title="bbox 2128 681 3693 763; baseline -0.008 -17"><span class='ocrx_word' id='word_1_202' title='bbox 2128 692 2228 763; x_wconf 78' lang='grc' dir='ltr'><strong>σῆς</strong></span> <span class='ocrx_word' id='word_1_203' title='bbox 2271 692 2548 762; x_wconf 75' lang='grc' dir='ltr'><strong>ὁσιότητος</strong></span> <span class='ocrx_word' id='word_1_204' title='bbox 2597 687 2924 759; x_wconf 78' lang='grc' dir='ltr'><strong>λεγομένοις.</strong></span> <span class='ocrx_word' id='word_1_205' title='bbox 2987 685 3046 740; x_wconf 88' lang='lat'><strong>&#39;0</strong></span> <span class='ocrx_word' id='word_1_206' title='bbox 3072 684 3204 749; x_wconf 78' lang='grc' dir='ltr'><strong>Θεὸς</strong></span> <span class='ocrx_word' id='word_1_207' title='bbox 3249 681 3559 752; x_wconf 81' lang='grc' dir='ltr'><strong>διαφυλάξοι</strong></span> <span class='ocrx_word' id='word_1_208' title='bbox 3610 697 3693 745; x_wconf 83' lang='grc' dir='ltr'><strong>σε,</strong></span> 
     </span>
    </p>
   </div>
   <div class='ocr_carea' id='block_1_33' title="bbox 2124 768 3697 853">
    <p class='ocr_par' dir='ltr' id='par_1_33' title="bbox 2124 768 3697 853">
     <span class='ocr_line' id='line_1_33' title="bbox 2124 768 3697 853; baseline -0.009 -16"><span class='ocrx_word' id='word_1_209' title='bbox 2124 782 2372 853; x_wconf 76' lang='grc' dir='ltr'><strong>ἀγαπητέ</strong></span> <span class='ocrx_word' id='word_1_210' title='bbox 2420 780 2630 849; x_wconf 79' lang='grc' dir='ltr'><strong>ἀδελφέ.</strong></span> <span class='ocrx_word' id='word_1_211' title='bbox 2662 777 2846 832; x_wconf 81' lang='grc' dir='ltr'><strong>ταῦτα</strong></span> <span class='ocrx_word' id='word_1_212' title='bbox 2879 777 2978 847; x_wconf 83' lang='grc' dir='ltr'><strong>μὲν</strong></span> <span class='ocrx_word' id='word_1_213' title='bbox 3017 771 3110 829; x_wconf 77' lang='grc' dir='ltr'><strong>οὖν</strong></span> <span class='ocrx_word' id='word_1_214' title='bbox 3144 773 3272 845; x_wconf 72' lang='grc' dir='ltr'><strong>περὶ</strong></span> <span class='ocrx_word' id='word_1_215' title='bbox 3301 772 3401 843; x_wconf 80' lang='grc' dir='ltr'><strong>τῆς</strong></span> <span class='ocrx_word' id='word_1_216' title='bbox 3429 768 3537 825; x_wconf 83' lang='grc' dir='ltr'><strong>τῶν</strong></span> <span class='ocrx_word' id='word_1_217' title='bbox 3574 771 3697 824; x_wconf 78' lang='grc' dir='ltr'><strong>Ἐκ-</strong></span> 
     </span>
    </p>
   </div>
   <div class='ocr_carea' id='block_1_34' title="bbox 2126 863 3700 945">
    <p class='ocr_par' dir='ltr' id='par_1_34' title="bbox 2126 863 3700 945">
     <span class='ocr_line' id='line_1_34' title="bbox 2126 863 3700 945; baseline -0.009 -17"><span class='ocrx_word' id='word_1_218' title='bbox 2126 874 2363 945; x_wconf 80' lang='grc' dir='ltr'><strong>κλησιῶν</strong></span> <span class='ocrx_word' id='word_1_219' title='bbox 2384 872 2692 944; x_wconf 79' lang='grc' dir='ltr'><strong>οἰκοδομῆς,</strong></span> <span class='ocrx_word' id='word_1_220' title='bbox 2729 870 2866 942; x_wconf 73' lang='grc' dir='ltr'><strong>πρὸς</strong></span> <span class='ocrx_word' id='word_1_221' title='bbox 2884 869 3010 931; x_wconf 80' lang='grc' dir='ltr'><strong>τοὺς</strong></span> <span class='ocrx_word' id='word_1_222' title='bbox 3037 867 3155 920; x_wconf 80' lang='grc' dir='ltr'><strong>καθ’</strong></span> <span class='ocrx_word' id='word_1_223' title='bbox 3178 865 3413 935; x_wconf 78' lang='grc' dir='ltr'><strong>ἑκάστην</strong></span> <span class='ocrx_word' id='word_1_224' title='bbox 3435 863 3700 934; x_wconf 83' lang='grc' dir='ltr'><strong>ἐπαρχίαν</strong></span> 
     </span>
    </p>
   </div>
   <div class='ocr_carea' id='block_1_35' title="bbox 2126 952 3698 1027">
    <p class='ocr_par' dir='ltr' id='par_1_35' title="bbox 2126 952 3698 1027">
     <span class='ocr_line' id='line_1_35' title="bbox 2126 952 3698 1027; baseline -0.01 -9"><span class='ocrx_word' id='word_1_225' title='bbox 2126 965 2456 1027; x_wconf 73' lang='grc' dir='ltr'><strong>ἐπισκόπους</strong></span> <span class='ocrx_word' id='word_1_226' title='bbox 2496 961 2821 1017; x_wconf 79' lang='grc' dir='ltr'><strong>ἐπέστειλεν.</strong></span> <span class='ocrx_word' id='word_1_227' title='bbox 2869 960 3054 1013; x_wconf 78' lang='grc' dir='ltr'><strong>Ὀποῖα</strong></span> <span class='ocrx_word' id='word_1_228' title='bbox 3081 957 3136 1011; x_wconf 82' lang='grc' dir='ltr'><strong>δὲ</strong></span> <span class='ocrx_word' id='word_1_229' title='bbox 3166 957 3259 1010; x_wconf 75' lang='grc' dir='ltr'><strong>καὶ</strong></span> <span class='ocrx_word' id='word_1_230' title='bbox 3289 955 3418 1025; x_wconf 70' lang='grc' dir='ltr'><strong>περὶ</strong></span> <span class='ocrx_word' id='word_1_231' title='bbox 3456 953 3557 1022; x_wconf 83' lang='grc' dir='ltr'><strong>τῆς</strong></span> <span class='ocrx_word' id='word_1_232' title='bbox 3590 952 3698 1004; x_wconf 78' lang='grc' dir='ltr'><strong>τῶν</strong></span> 
     </span>
    </p>
   </div>
   <div class='ocr_carea' id='block_1_36' title="bbox 2129 1043 3699 1129">
    <p class='ocr_par' dir='ltr' id='par_1_36' title="bbox 2129 1043 3699 1129">
     <span class='ocr_line' id='line_1_36' title="bbox 2129 1043 3699 1129; baseline -0.01 -19"><span class='ocrx_word' id='word_1_233' title='bbox 2129 1056 2295 1129; x_wconf 83' lang='grc' dir='ltr'><strong>ἱερῶν</strong></span> <span class='ocrx_word' id='word_1_234' title='bbox 2328 1055 2547 1126; x_wconf 77' lang='grc' dir='ltr'><strong>βιϐλίων</strong></span> <span class='ocrx_word' id='word_1_235' title='bbox 2578 1052 2919 1122; x_wconf 79' lang='grc' dir='ltr'><strong>κατασκευῆς</strong></span> <span class='ocrx_word' id='word_1_236' title='bbox 2946 1051 3081 1120; x_wconf 77' lang='grc' dir='ltr'><strong>πρὸς</strong></span> <span class='ocrx_word' id='word_1_237' title='bbox 3099 1048 3356 1103; x_wconf 75' lang='grc' dir='ltr'><strong>Εὑσέϐιον</strong></span> <span class='ocrx_word' id='word_1_238' title='bbox 3378 1046 3583 1116; x_wconf 80' lang='grc' dir='ltr'><strong>ἔγραψε</strong></span> <span class='ocrx_word' id='word_1_239' title='bbox 3606 1043 3699 1095; x_wconf 80' lang='grc' dir='ltr'><strong>τὸν</strong></span> 
     </span>
    </p>
   </div>
   <div class='ocr_carea' id='block_1_37' title="bbox 2127 1133 3697 1214">
    <p class='ocr_par' dir='ltr' id='par_1_37' title="bbox 2127 1133 3697 1214">
     <span class='ocr_line' id='line_1_37' title="bbox 2127 1133 3697 1214; baseline -0.01 -13"><span class='ocrx_word' id='word_1_240' title='bbox 2127 1148 2497 1213; x_wconf 81' lang='grc' dir='ltr'><strong>Παλαιστῖνον,</strong></span> <span class='ocrx_word' id='word_1_241' title='bbox 2537 1144 2597 1213; x_wconf 77' lang='grc' dir='ltr'><strong>ἐξ</strong></span> <span class='ocrx_word' id='word_1_242' title='bbox 2620 1144 2797 1198; x_wconf 80' lang='grc' dir='ltr'><strong>αὐτῶν</strong></span> <span class='ocrx_word' id='word_1_243' title='bbox 2826 1141 2934 1197; x_wconf 83' lang='grc' dir='ltr'><strong>τῶν</strong></span> <span class='ocrx_word' id='word_1_244' title='bbox 2972 1139 3316 1214; x_wconf 86' lang='grc' dir='ltr'><strong>γραμμάτων</strong></span> <span class='ocrx_word' id='word_1_245' title='bbox 3359 1133 3697 1206; x_wconf 78' lang='grc' dir='ltr'><strong>καταμαθεῖν</strong></span> 
     </span>
    </p>
   </div>
   <div class='ocr_carea' id='block_1_38' title="bbox 2127 1239 2377 1303">
    <p class='ocr_par' dir='ltr' id='par_1_38' title="bbox 2127 1239 2377 1303">
     <span class='ocr_line' id='line_1_38' title="bbox 2127 1239 2377 1303; baseline 0.004 -11"><span class='ocrx_word' id='word_1_246' title='bbox 2127 1239 2377 1303; x_wconf 72' lang='grc' dir='ltr'><strong>εὐπετές.</strong></span> 
     </span>
    </p>
   </div>
   <div class='ocr_carea' id='block_1_39' title="bbox 2126 1431 3697 1514">
    <p class='ocr_par' dir='ltr' id='par_1_39' title="bbox 2126 1431 3697 1514">
     <span class='ocr_line' id='line_1_39' title="bbox 2126 1431 3697 1514; baseline -0.008 -15"><span class='ocrx_word' id='word_1_247' title='bbox 2126 1442 2389 1514; x_wconf 81' lang='grc' dir='ltr'><strong>Νικητὴς</strong></span> <span class='ocrx_word' id='word_1_248' title='bbox 2449 1439 2903 1514; x_wconf 63' lang='grc' dir='ltr'><strong>Κωνστατςτῖνος</strong></span> <span class='ocrx_word' id='word_1_249' title='bbox 2921 1476 2937 1500; x_wconf 85' lang='grc'><strong>,</strong></span> <span class='ocrx_word' id='word_1_250' title='bbox 2990 1437 3281 1514; x_wconf 56' lang='lat' dir='ltr'><strong>Mer-totae</strong></span> <span class='ocrx_word' id='word_1_251' title='bbox 3299 1474 3316 1499; x_wconf 91' lang='lat'><strong>,</strong></span> <span class='ocrx_word' id='word_1_252' title='bbox 3372 1431 3697 1500; x_wconf 78' lang='grc' dir='ltr'><strong>Σεϐαστὸς,</strong></span> 
     </span>
    </p>
   </div>
   <div class='ocr_carea' id='block_1_40' title="bbox 2543 1508 3211 1576">
    <p class='ocr_par' dir='ltr' id='par_1_40' title="bbox 2543 1508 3211 1576">
     <span class='ocr_line' id='line_1_40' title="bbox 2543 1508 3211 1576; baseline -0.006 -12"><span class='ocrx_word' id='word_1_253' title='bbox 2543 1510 2811 1576; x_wconf 75' lang='grc' dir='ltr'><strong>Εὐσεσίῳ</strong></span> <span class='ocrx_word' id='word_1_254' title='bbox 2842 1508 3211 1576; x_wconf 79' lang='grc' dir='ltr'><strong>Καισαρείας.</strong></span> 
     </span>
    </p>
   </div>
   <div class='ocr_carea' id='block_1_41' title="bbox 2198 1618 3701 1696">
    <p class='ocr_par' dir='ltr' id='par_1_41' title="bbox 2198 1618 3701 1696">
     <span class='ocr_line' id='line_1_41' title="bbox 2198 1618 3701 1696; baseline -0.007 -16"><span class='ocrx_word' id='word_1_255' title='bbox 2198 1625 2353 1681; x_wconf 82' lang='grc' dir='ltr'><strong>Κατὰ</strong></span> <span class='ocrx_word' id='word_1_256' title='bbox 2384 1625 2481 1696; x_wconf 82' lang='grc' dir='ltr'><strong>τὴν</strong></span> <span class='ocrx_word' id='word_1_257' title='bbox 2513 1623 2797 1695; x_wconf 79' lang='grc' dir='ltr'><strong>ἐπώνυμον</strong></span> <span class='ocrx_word' id='word_1_258' title='bbox 2828 1623 2958 1693; x_wconf 73' lang='grc' dir='ltr'><strong>ἡμῖν</strong></span> <span class='ocrx_word' id='word_1_259' title='bbox 2992 1619 3167 1683; x_wconf 88' lang='grc' dir='ltr'><strong>πόλιν,</strong></span> <span class='ocrx_word' id='word_1_260' title='bbox 3198 1619 3298 1688; x_wconf 85' lang='grc' dir='ltr'><strong>τῆς</strong></span> <span class='ocrx_word' id='word_1_261' title='bbox 3328 1618 3420 1674; x_wconf 80' lang='grc' dir='ltr'><strong>τοῦ</strong></span> <span class='ocrx_word' id='word_1_262' title='bbox 3449 1619 3701 1689; x_wconf 81' lang='grc' dir='ltr'><strong>Σωτῆρος</strong></span> 
     </span>
    </p>
   </div>
   <div class='ocr_carea' id='block_1_42' title="bbox 2130 1708 3700 1788">
    <p class='ocr_par' dir='ltr' id='par_1_42' title="bbox 2130 1708 3700 1788">
     <span class='ocr_line' id='line_1_42' title="bbox 2130 1708 3700 1788; baseline -0.008 -15"><span class='ocrx_word' id='word_1_263' title='bbox 2130 1717 2265 1774; x_wconf 79' lang='grc' dir='ltr'><strong>Θεοῦ</strong></span> <span class='ocrx_word' id='word_1_264' title='bbox 2320 1714 2716 1788; x_wconf 85' lang='grc' dir='ltr'><strong>συναιρομένης</strong></span> <span class='ocrx_word' id='word_1_265' title='bbox 2767 1711 3041 1784; x_wconf 80' lang='grc' dir='ltr'>προνοίας,</span> <span class='ocrx_word' id='word_1_266' title='bbox 3102 1710 3357 1782; x_wconf 80' lang='grc' dir='ltr'><strong>μέγιστον</strong></span> <span class='ocrx_word' id='word_1_267' title='bbox 3387 1708 3586 1773; x_wconf 83' lang='grc' dir='ltr'><strong>πλῆθος</strong></span> <span class='ocrx_word' id='word_1_268' title='bbox 3609 1708 3700 1762; x_wconf 85' lang='grc' dir='ltr'><strong>άν-</strong></span> 
     </span>
    </p>
   </div>
   <div class='ocr_carea' id='block_1_43' title="bbox 2131 1798 3700 1881">
    <p class='ocr_par' dir='ltr' id='par_1_43' title="bbox 2131 1798 3700 1881">
     <span class='ocr_line' id='line_1_43' title="bbox 2131 1798 3700 1881; baseline -0.008 -17"><span class='ocrx_word' id='word_1_269' title='bbox 2131 1807 2363 1881; x_wconf 84' lang='grc' dir='ltr'><strong>θρώπων</strong></span> <span class='ocrx_word' id='word_1_270' title='bbox 2390 1810 2456 1880; x_wconf 80' lang='grc' dir='ltr'><strong>τῇ</strong></span> <span class='ocrx_word' id='word_1_271' title='bbox 2486 1805 2759 1878; x_wconf 76' lang='grc' dir='ltr'><strong>ἁγιωτάτῃ</strong></span> <span class='ocrx_word' id='word_1_272' title='bbox 2796 1802 3092 1872; x_wconf 78' lang='grc' dir='ltr'><strong>Ἐκκλησία</strong></span> <span class='ocrx_word' id='word_1_273' title='bbox 3116 1799 3458 1856; x_wconf 78' lang='grc' dir='ltr'><strong>ἀνατέθεικεν</strong></span> <span class='ocrx_word' id='word_1_274' title='bbox 3485 1798 3700 1862; x_wconf 79' lang='grc' dir='ltr'><strong>ἑαυτὸν,</strong></span> 
     </span>
    </p>
   </div>
   <div class='ocr_carea' id='block_1_44' title="bbox 2130 1890 3701 1968">
    <p class='ocr_par' dir='ltr' id='par_1_44' title="bbox 2130 1890 3701 1968">
     <span class='ocr_line' id='line_1_44' title="bbox 2130 1890 3701 1968; baseline -0.008 -12"><span class='ocrx_word' id='word_1_275' title='bbox 2130 1903 2206 1968; x_wconf 83' lang='grc' dir='ltr'><strong>ὡς</strong></span> <span class='ocrx_word' id='word_1_276' title='bbox 2240 1904 2455 1957; x_wconf 87' lang='grc' dir='ltr'><strong>πάντων</strong></span> <span class='ocrx_word' id='word_1_277' title='bbox 2488 1903 2666 1954; x_wconf 79' lang='grc' dir='ltr'>ἐκεῖσε</span> <span class='ocrx_word' id='word_1_278' title='bbox 2714 1896 2913 1967; x_wconf 76' lang='grc' dir='ltr'><strong>πολλὴν</strong></span> <span class='ocrx_word' id='word_1_279' title='bbox 2943 1893 3215 1949; x_wconf 77' lang='grc' dir='ltr'><strong>λαϐόντων</strong></span> <span class='ocrx_word' id='word_1_280' title='bbox 3276 1891 3523 1962; x_wconf 65' lang='grc' dir='ltr'><strong>αὔξησιν.</strong></span> <span class='ocrx_word' id='word_1_281' title='bbox 3560 1890 3701 1958; x_wconf 78' lang='grc' dir='ltr'><strong>Σφό-</strong></span> 
     </span>
    </p>
   </div>
   <div class='ocr_carea' id='block_1_45' title="bbox 2132 1983 3704 2067">
    <p class='ocr_par' dir='ltr' id='par_1_45' title="bbox 2132 1983 3704 2067">
     <span class='ocr_line' id='line_1_45' title="bbox 2132 1983 3704 2067; baseline -0.008 -18"><span class='ocrx_word' id='word_1_282' title='bbox 2132 1995 2231 2067; x_wconf 88' lang='grc' dir='ltr'><strong>δρα</strong></span> <span class='ocrx_word' id='word_1_283' title='bbox 2256 1994 2435 2049; x_wconf 87' lang='grc' dir='ltr'><strong>τοίνυν</strong></span> <span class='ocrx_word' id='word_1_284' title='bbox 2467 1993 2613 2056; x_wconf 78' lang='grc' dir='ltr'><strong>ἄξιον</strong></span> <span class='ocrx_word' id='word_1_285' title='bbox 2637 1989 3026 2058; x_wconf 78' lang='grc' dir='ltr'><strong>καταφαίνεται</strong></span> <span class='ocrx_word' id='word_1_286' title='bbox 3051 1987 3184 2057; x_wconf 71' lang='grc'><strong>(74),</strong></span> <span class='ocrx_word' id='word_1_287' title='bbox 3211 1986 3304 2039; x_wconf 73' lang='grc' dir='ltr'><strong>καὶ</strong></span> <span class='ocrx_word' id='word_1_288' title='bbox 3327 1983 3619 2053; x_wconf 76' lang='grc' dir='ltr'><strong>ἐκκλησίας</strong></span> <span class='ocrx_word' id='word_1_289' title='bbox 3645 1983 3704 2037; x_wconf 80' lang='grc' dir='ltr'><strong>ἐν</strong></span> 
     </span>
    </p>
   </div>
   <div class='ocr_carea' id='block_1_46' title="bbox 2133 2072 3705 2158">
    <p class='ocr_par' dir='ltr' id='par_1_46' title="bbox 2133 2072 3705 2158">
     <span class='ocr_line' id='line_1_46' title="bbox 2133 2072 3705 2158; baseline -0.009 -17"><span class='ocrx_word' id='word_1_290' title='bbox 2133 2086 2270 2158; x_wconf 77' lang='grc' dir='ltr'><strong>αὐτῇ</strong></span> <span class='ocrx_word' id='word_1_291' title='bbox 2328 2081 2835 2153; x_wconf 76' lang='grc' dir='ltr'><strong>κατασκευασθῆναι</strong></span> <span class='ocrx_word' id='word_1_292' title='bbox 2887 2078 3122 2143; x_wconf 83' lang='grc' dir='ltr'><strong>πλείους.</strong></span> <span class='ocrx_word' id='word_1_293' title='bbox 3179 2077 3467 2148; x_wconf 80' lang='grc' dir='ltr'><strong>Τοιγάρτοι</strong></span> <span class='ocrx_word' id='word_1_294' title='bbox 3525 2072 3705 2140; x_wconf 79' lang='grc' dir='ltr'>δέδεξο</span> 
     </span>
    </p>
   </div>
   <div class='ocr_carea' id='block_1_47' title="bbox 2133 2168 3705 2251">
    <p class='ocr_par' dir='ltr' id='par_1_47' title="bbox 2133 2168 3705 2251">
     <span class='ocr_line' id='line_1_47' title="bbox 2133 2168 3705 2251; baseline -0.008 -18"><span class='ocrx_word' id='word_1_295' title='bbox 2133 2177 2517 2251; x_wconf 81' lang='grc' dir='ltr'><strong>προθυμότατα</strong></span> <span class='ocrx_word' id='word_1_296' title='bbox 2542 2176 2602 2230; x_wconf 84' lang='grc' dir='ltr'><strong>τὸ</strong></span> <span class='ocrx_word' id='word_1_297' title='bbox 2635 2174 2790 2240; x_wconf 82' lang='grc' dir='ltr'><strong>δόξαν</strong></span> <span class='ocrx_word' id='word_1_298' title='bbox 2821 2175 2888 2244; x_wconf 81' lang='grc' dir='ltr'><strong>τῇ</strong></span> <span class='ocrx_word' id='word_1_299' title='bbox 2925 2171 3166 2243; x_wconf 77' lang='grc' dir='ltr'><strong>ἡμετέρᾳ</strong></span> <span class='ocrx_word' id='word_1_300' title='bbox 3201 2170 3535 2243; x_wconf 75' lang='grc' dir='ltr'><strong>προαιρέσει·</strong></span> <span class='ocrx_word' id='word_1_301' title='bbox 3569 2168 3705 2239; x_wconf 87' lang='grc' dir='ltr'><strong>πρέ-</strong></span> 
     </span>
    </p>
   </div>
   <div class='ocr_carea' id='block_1_48' title="bbox 2134 2257 3704 2336">
    <p class='ocr_par' dir='ltr' id='par_1_48' title="bbox 2134 2257 3704 2336">
     <span class='ocr_line' id='line_1_48' title="bbox 2134 2257 3704 2336; baseline -0.009 -13"><span class='ocrx_word' id='word_1_302' title='bbox 2134 2285 2234 2323; x_wconf 88' lang='grc' dir='ltr'>πον</span> <span class='ocrx_word' id='word_1_303' title='bbox 2289 2264 2567 2336; x_wconf 80' lang='grc' dir='ltr'><strong>κατεφάνη</strong></span> <span class='ocrx_word' id='word_1_304' title='bbox 2621 2263 2855 2335; x_wconf 85' lang='grc' dir='ltr'><strong>δηλῶσαι</strong></span> <span class='ocrx_word' id='word_1_305' title='bbox 2901 2259 3059 2314; x_wconf 81' lang='grc' dir='ltr'><strong>τοῦτο</strong></span> <span class='ocrx_word' id='word_1_306' title='bbox 3084 2261 3150 2331; x_wconf 76' lang='grc' dir='ltr'><strong>τῇ</strong></span> <span class='ocrx_word' id='word_1_307' title='bbox 3188 2261 3252 2330; x_wconf 78' lang='grc' dir='ltr'><strong>σῇ</strong></span> <span class='ocrx_word' id='word_1_308' title='bbox 3299 2257 3530 2321; x_wconf 80' lang='grc' dir='ltr'><strong>συνέσει,</strong></span> <span class='ocrx_word' id='word_1_309' title='bbox 3557 2258 3704 2320; x_wconf 75' lang='grc' dir='ltr'><strong>ὅπως</strong></span> 
     </span>
    </p>
   </div>
   <div class='ocr_carea' id='block_1_49' title="bbox 2136 2348 3703 2429">
    <p class='ocr_par' dir='ltr' id='par_1_49' title="bbox 2136 2348 3703 2429">
     <span class='ocr_line' id='line_1_49' title="bbox 2136 2348 3703 2429; baseline -0.009 -14"><span class='ocrx_word' id='word_1_310' title='bbox 2136 2361 2201 2416; x_wconf 83' lang='grc' dir='ltr'><strong>ἂν</strong></span> <span class='ocrx_word' id='word_1_311' title='bbox 2237 2360 2574 2429; x_wconf 85' lang='grc' dir='ltr'><strong>πεντήκοντα</strong></span> <span class='ocrx_word' id='word_1_312' title='bbox 2599 2355 2850 2427; x_wconf 88' lang='grc' dir='ltr'><strong>σωμάτια</strong></span> <span class='ocrx_word' id='word_1_313' title='bbox 2873 2355 2931 2407; x_wconf 85' lang='grc' dir='ltr'><strong>ἐν</strong></span> <span class='ocrx_word' id='word_1_314' title='bbox 2954 2352 3232 2423; x_wconf 79' lang='grc' dir='ltr'><strong>διφθέραις</strong></span> <span class='ocrx_word' id='word_1_315' title='bbox 3261 2348 3703 2419; x_wconf 82' lang='grc' dir='ltr'><strong>ἐγκατασκεύοις,</strong></span> 
     </span>
    </p>
   </div>
   <div class='ocr_carea' id='block_1_50' title="bbox 2135 2434 3708 2518">
    <p class='ocr_par' dir='ltr' id='par_1_50' title="bbox 2135 2434 3708 2518">
     <span class='ocr_line' id='line_1_50' title="bbox 2135 2434 3708 2518; baseline -0.012 -13"><span class='ocrx_word' id='word_1_316' title='bbox 2135 2448 2520 2518; x_wconf 79' lang='grc' dir='ltr'><strong>εὐανάγνωστά</strong></span> <span class='ocrx_word' id='word_1_317' title='bbox 2568 2463 2628 2500; x_wconf 87' lang='grc' dir='ltr'><strong>τε</strong></span> <span class='ocrx_word' id='word_1_318' title='bbox 2681 2446 2775 2500; x_wconf 78' lang='grc' dir='ltr'><strong>καὶ</strong></span> <span class='ocrx_word' id='word_1_319' title='bbox 2837 2444 2973 2515; x_wconf 81' lang='grc' dir='ltr'><strong>πρὸς</strong></span> <span class='ocrx_word' id='word_1_320' title='bbox 3027 2440 3124 2512; x_wconf 76' lang='grc' dir='ltr'><strong>τὴν</strong></span> <span class='ocrx_word' id='word_1_321' title='bbox 3158 2440 3352 2511; x_wconf 83' lang='grc' dir='ltr'><strong>χρῆσιν</strong></span> <span class='ocrx_word' id='word_1_322' title='bbox 3398 2434 3708 2507; x_wconf 73' lang='grc' dir='ltr'><strong>εὐπαρακό-</strong></span> 
     </span>
    </p>
   </div>
   <div class='ocr_carea' id='block_1_51' title="bbox 2139 2528 3707 2614">
    <p class='ocr_par' dir='ltr' id='par_1_51' title="bbox 2139 2528 3707 2614">
     <span class='ocr_line' id='line_1_51' title="bbox 2139 2528 3707 2614; baseline -0.01 -18"><span class='ocrx_word' id='word_1_323' title='bbox 2139 2559 2324 2614; x_wconf 83' lang='grc' dir='ltr'><strong>μιστα,</strong></span> <span class='ocrx_word' id='word_1_324' title='bbox 2348 2540 2454 2594; x_wconf 80' lang='grc' dir='ltr'><strong>ὑπὸ</strong></span> <span class='ocrx_word' id='word_1_325' title='bbox 2480 2537 2740 2609; x_wconf 85' lang='grc' dir='ltr'><strong>τεχνιτῶν</strong></span> <span class='ocrx_word' id='word_1_326' title='bbox 2770 2534 3175 2608; x_wconf 86' lang='grc' dir='ltr'><strong>καλλιγράφων,</strong></span> <span class='ocrx_word' id='word_1_327' title='bbox 3214 2532 3308 2585; x_wconf 73' lang='grc' dir='ltr'><strong>καὶ</strong></span> <span class='ocrx_word' id='word_1_328' title='bbox 3337 2529 3580 2602; x_wconf 70' lang='grc' dir='ltr'><strong>ἀκριϐῶς</strong></span> <span class='ocrx_word' id='word_1_329' title='bbox 3608 2528 3707 2598; x_wconf 70' lang='grc' dir='ltr'><strong>τὴν</strong></span> 
     </span>
    </p>
   </div>
   <div class='ocr_carea' id='block_1_52' title="bbox 2135 2619 3707 2704">
    <p class='ocr_par' dir='ltr' id='par_1_52' title="bbox 2135 2619 3707 2704">
     <span class='ocr_line' id='line_1_52' title="bbox 2135 2619 3707 2704; baseline -0.011 -17"><span class='ocrx_word' id='word_1_330' title='bbox 2135 2632 2328 2704; x_wconf 83' lang='grc' dir='ltr'><strong>τέχνην</strong></span> <span class='ocrx_word' id='word_1_331' title='bbox 2350 2630 2746 2701; x_wconf 81' lang='grc' dir='ltr'><strong>ἐπισταμένων,</strong></span> <span class='ocrx_word' id='word_1_332' title='bbox 2767 2628 3045 2699; x_wconf 85' lang='grc' dir='ltr'><strong>γραφῆναι</strong></span> <span class='ocrx_word' id='word_1_333' title='bbox 3066 2623 3397 2686; x_wconf 82' lang='grc' dir='ltr'><strong>κελεύσειας·</strong></span> <span class='ocrx_word' id='word_1_334' title='bbox 3415 2620 3522 2675; x_wconf 79' lang='grc' dir='ltr'><strong>τῶν</strong></span> <span class='ocrx_word' id='word_1_335' title='bbox 3549 2619 3707 2673; x_wconf 91' lang='grc' dir='ltr'><strong>θείων</strong></span> 
     </span>
    </p>
   </div>
   <div class='ocr_carea' id='block_1_53' title="bbox 2135 2712 3709 2797">
    <p class='ocr_par' dir='ltr' id='par_1_53' title="bbox 2135 2712 3709 2797">
     <span class='ocr_line' id='line_1_53' title="bbox 2135 2712 3709 2797; baseline -0.01 -19"><span class='ocrx_word' id='word_1_336' title='bbox 2135 2725 2334 2797; x_wconf 83' lang='grc' dir='ltr'><strong>δηλαδὴ</strong></span> <span class='ocrx_word' id='word_1_337' title='bbox 2362 2723 2611 2796; x_wconf 75' lang='grc' dir='ltr'><strong>Γραφῶν,</strong></span> <span class='ocrx_word' id='word_1_338' title='bbox 2639 2716 2714 2776; x_wconf 84' lang='grc' dir='ltr'><strong>ὧν</strong></span> <span class='ocrx_word' id='word_1_339' title='bbox 2744 2720 2975 2792; x_wconf 75' lang='grc' dir='ltr'><strong>μάλιστα</strong></span> <span class='ocrx_word' id='word_1_340' title='bbox 3010 2718 3108 2791; x_wconf 82' lang='grc' dir='ltr'><strong>τὴν</strong></span> <span class='ocrx_word' id='word_1_341' title='bbox 3148 2714 3443 2784; x_wconf 78' lang='grc' dir='ltr'><strong>ἐπισκευὴν</strong></span> <span class='ocrx_word' id='word_1_342' title='bbox 3485 2713 3578 2767; x_wconf 75' lang='grc' dir='ltr'><strong>καὶ</strong></span> <span class='ocrx_word' id='word_1_343' title='bbox 3608 2712 3709 2782; x_wconf 81' lang='grc' dir='ltr'><strong>τὴν</strong></span> 
     </span>
    </p>
   </div>
   <div class='ocr_carea' id='block_1_54' title="bbox 2136 2800 3708 2891">
    <p class='ocr_par' dir='ltr' id='par_1_54' title="bbox 2136 2800 3708 2891">
     <span class='ocr_line' id='line_1_54' title="bbox 2136 2800 3708 2891; baseline -0.01 -18"><span class='ocrx_word' id='word_1_344' title='bbox 2136 2821 2353 2891; x_wconf 78' lang='grc' dir='ltr'><strong>χρῆσιν,</strong></span> <span class='ocrx_word' id='word_1_345' title='bbox 2408 2817 2485 2888; x_wconf 81' lang='grc' dir='ltr'><strong>τῷ</strong></span> <span class='ocrx_word' id='word_1_346' title='bbox 2539 2817 2638 2885; x_wconf 81' lang='grc' dir='ltr'><strong>τῆς</strong></span> <span class='ocrx_word' id='word_1_347' title='bbox 2686 2812 2980 2885; x_wconf 77' lang='grc' dir='ltr'><strong>ἐκκλησίας</strong></span> <span class='ocrx_word' id='word_1_348' title='bbox 3030 2812 3171 2881; x_wconf 84' lang='grc' dir='ltr'><strong>λόγῳ</strong></span> <span class='ocrx_word' id='word_1_349' title='bbox 3220 2806 3518 2877; x_wconf 79' lang='grc' dir='ltr'><strong>ἀναγκαίαν</strong></span> <span class='ocrx_word' id='word_1_350' title='bbox 3568 2800 3708 2858; x_wconf 82' lang='grc' dir='ltr'><strong>εἶναι</strong></span> 
     </span>
    </p>
   </div>
   <div class='ocr_carea' id='block_1_55' title="bbox 2138 2896 3712 2980">
    <p class='ocr_par' dir='ltr' id='par_1_55' title="bbox 2138 2896 3712 2980">
     <span class='ocr_line' id='line_1_55' title="bbox 2138 2896 3712 2980; baseline -0.01 -17"><span class='ocrx_word' id='word_1_351' title='bbox 2138 2909 2447 2980; x_wconf 80' lang='grc' dir='ltr'><strong>γινώσκεις.</strong></span> <span class='ocrx_word' id='word_1_352' title='bbox 2510 2907 2867 2962; x_wconf 81' lang='grc' dir='ltr'><strong>Ἀπέσταλται</strong></span> <span class='ocrx_word' id='word_1_353' title='bbox 2919 2905 2975 2958; x_wconf 85' lang='grc' dir='ltr'><strong>δέ</strong></span> <span class='ocrx_word' id='word_1_354' title='bbox 3047 2904 3349 2975; x_wconf 85' lang='grc' dir='ltr'><strong>γράμματα</strong></span> <span class='ocrx_word' id='word_1_355' title='bbox 3408 2898 3559 2970; x_wconf 74' lang='grc' dir='ltr'><strong>παρὰ</strong></span> <span class='ocrx_word' id='word_1_356' title='bbox 3612 2896 3712 2966; x_wconf 81' lang='grc' dir='ltr'><strong>τῆς</strong></span> 
     </span>
    </p>
   </div>
   <div class='ocr_carea' id='block_1_56' title="bbox 2138 2987 3712 3074">
    <p class='ocr_par' dir='ltr' id='par_1_56' title="bbox 2138 2987 3712 3074">
     <span class='ocr_line' id='line_1_56' title="bbox 2138 2987 3712 3074; baseline -0.011 -18"><span class='ocrx_word' id='word_1_357' title='bbox 2138 3004 2410 3074; x_wconf 80' lang='grc' dir='ltr'><strong>ἡμετέρας</strong></span> <span class='ocrx_word' id='word_1_358' title='bbox 2445 3000 2782 3071; x_wconf 77' lang='grc' dir='ltr'><strong>ἡμερότητος</strong></span> <span class='ocrx_word' id='word_1_359' title='bbox 2823 2997 2960 3070; x_wconf 83' lang='grc' dir='ltr'><strong>πρὸς</strong></span> <span class='ocrx_word' id='word_1_360' title='bbox 2984 2996 3074 3050; x_wconf 83' lang='grc' dir='ltr'><strong>τὸν</strong></span> <span class='ocrx_word' id='word_1_361' title='bbox 3103 2995 3201 3064; x_wconf 74' lang='grc' dir='ltr'><strong>τῆς</strong></span> <span class='ocrx_word' id='word_1_362' title='bbox 3228 2992 3543 3061; x_wconf 84' lang='grc' dir='ltr'><strong>διοικήσεως</strong></span> <span class='ocrx_word' id='word_1_363' title='bbox 3572 2987 3712 3041; x_wconf 85' lang='grc' dir='ltr'><strong>καθ-</strong></span> 
     </span>
    </p>
   </div>
   <div class='ocr_carea' id='block_1_57' title="bbox 2138 3077 3712 3164">
    <p class='ocr_par' dir='ltr' id='par_1_57' title="bbox 2138 3077 3712 3164">
     <span class='ocr_line' id='line_1_57' title="bbox 2138 3077 3712 3164; baseline -0.01 -18"><span class='ocrx_word' id='word_1_364' title='bbox 2138 3092 2317 3146; x_wconf 86' lang='grc' dir='ltr'><strong>ολικδν</strong></span> <span class='ocrx_word' id='word_1_365' title='bbox 2357 3089 2490 3164; x_wconf 81' lang='lat'><strong>(75),</strong></span> <span class='ocrx_word' id='word_1_366' title='bbox 2524 3090 2670 3153; x_wconf 77' lang='grc' dir='ltr'><strong>ὅπως</strong></span> <span class='ocrx_word' id='word_1_367' title='bbox 2710 3089 2774 3143; x_wconf 83' lang='grc' dir='ltr'><strong>ἂν</strong></span> <span class='ocrx_word' id='word_1_368' title='bbox 2817 3089 2992 3142; x_wconf 83' lang='grc' dir='ltr'><strong>πάντα</strong></span> <span class='ocrx_word' id='word_1_369' title='bbox 3020 3086 3088 3140; x_wconf 78' lang='grc' dir='ltr'><strong>τὰ</strong></span> <span class='ocrx_word' id='word_1_370' title='bbox 3118 3084 3252 3155; x_wconf 82' lang='grc' dir='ltr'><strong>πρὸς</strong></span> <span class='ocrx_word' id='word_1_371' title='bbox 3289 3082 3387 3152; x_wconf 82' lang='grc' dir='ltr'><strong>τὴν</strong></span> <span class='ocrx_word' id='word_1_372' title='bbox 3417 3077 3712 3148; x_wconf 81' lang='grc' dir='ltr'><strong>ἐπισκευὴν</strong></span> 
     </span>
    </p>
   </div>
   <div class='ocr_carea' id='block_1_58' title="bbox 2139 3169 3709 3253">
    <p class='ocr_par' dir='ltr' id='par_1_58' title="bbox 2139 3169 3709 3253">
     <span class='ocr_line' id='line_1_58' title="bbox 2139 3169 3709 3253; baseline -0.01 -16"><span class='ocrx_word' id='word_1_373' title='bbox 2139 3183 2316 3238; x_wconf 81' lang='grc' dir='ltr'><strong>αὐτῶν</strong></span> <span class='ocrx_word' id='word_1_374' title='bbox 2341 3183 2618 3253; x_wconf 84' lang='grc' dir='ltr'><strong>ἐπιτήδεια</strong></span> <span class='ocrx_word' id='word_1_375' title='bbox 2646 3182 2943 3252; x_wconf 81' lang='grc' dir='ltr'><strong>παρασχεῖν</strong></span> <span class='ocrx_word' id='word_1_376' title='bbox 2966 3176 3318 3250; x_wconf 79' lang='grc' dir='ltr'><strong>φροντίσειεν.</strong></span> <span class='ocrx_word' id='word_1_377' title='bbox 3342 3173 3457 3226; x_wconf 82' lang='grc' dir='ltr'><strong>Ἵνα</strong></span> <span class='ocrx_word' id='word_1_378' title='bbox 3490 3172 3596 3241; x_wconf 84' lang='grc' dir='ltr'><strong>γὰρ</strong></span> <span class='ocrx_word' id='word_1_379' title='bbox 3632 3169 3709 3232; x_wconf 82' lang='grc' dir='ltr'><strong>ὡς</strong></span> 
     </span>
    </p>
   </div>
   <div class='ocr_carea' id='block_1_59' title="bbox 463 3260 2036 3346">
    <p class='ocr_par' dir='ltr' id='par_1_59' title="bbox 463 3262 2036 3335">
     <span class='ocr_line' id='line_1_59' title="bbox 463 3262 2036 3335; baseline 0.005 -17"><span class='ocrx_word' id='word_1_380' title='bbox 463 3262 701 3319; x_wconf 88' lang='lat' dir='ltr'><strong>duorum</strong></span> <span class='ocrx_word' id='word_1_381' title='bbox 736 3265 1085 3335; x_wconf 91' lang='lat' dir='ltr'><strong>publicorum</strong></span> <span class='ocrx_word' id='word_1_382' title='bbox 1116 3267 1496 3321; x_wconf 84' lang='lat' dir='ltr'><strong>vehiculorum</strong></span> <span class='ocrx_word' id='word_1_383' title='bbox 1523 3282 1681 3321; x_wconf 90' lang='lat' dir='ltr'><strong>usum</strong></span> <span class='ocrx_word' id='word_1_384' title='bbox 1715 3271 2036 3326; x_wconf 85' lang='lat' dir='ltr'><strong>auctoritate</strong></span> 
     </span>
    </p>
   </div>
   <div class='ocr_carea' id='block_1_60' title="bbox 2137 3260 3709 3346">
    <p class='ocr_par' dir='ltr' id='par_1_60' title="bbox 2142 3260 3709 3346">
     <span class='ocr_line' id='line_1_60' title="bbox 2142 3260 3709 3346; baseline -0.01 -18"><span class='ocrx_word' id='word_1_385' title='bbox 2142 3276 2368 3346; x_wconf 87' lang='grc' dir='ltr'><strong>τάχιστα</strong></span> <span class='ocrx_word' id='word_1_386' title='bbox 2394 3274 2464 3328; x_wconf 83' lang='grc' dir='ltr'><strong>τὰ</strong></span> <span class='ocrx_word' id='word_1_387' title='bbox 2488 3274 2766 3345; x_wconf 81' lang='grc' dir='ltr'><strong>γραφέντα</strong></span> <span class='ocrx_word' id='word_1_388' title='bbox 2807 3271 3053 3341; x_wconf 86' lang='grc' dir='ltr'><strong>σωμάτια</strong></span> <span class='ocrx_word' id='word_1_389' title='bbox 3082 3263 3574 3332; x_wconf 85' lang='grc' dir='ltr'><strong>κατασκευασθείη,</strong></span> <span class='ocrx_word' id='word_1_390' title='bbox 3609 3260 3709 3331; x_wconf 77' lang='grc' dir='ltr'><strong>τῆς</strong></span> 
     </span>
    </p>
   </div>
   <div class='ocr_carea' id='block_1_61' title="bbox 465 3352 2036 3438">
    <p class='ocr_par' dir='ltr' id='par_1_61' title="bbox 465 3354 2036 3432">
     <span class='ocr_line' id='line_1_61' title="bbox 465 3354 2036 3432; baseline 0.005 -23"><span class='ocrx_word' id='word_1_391' title='bbox 465 3354 631 3427; x_wconf 86' lang='lat' dir='ltr'><strong>hujus</strong></span> <span class='ocrx_word' id='word_1_392' title='bbox 671 3356 918 3427; x_wconf 69' lang='lat' dir='ltr'><strong>epistolae</strong></span> <span class='ocrx_word' id='word_1_393' title='bbox 961 3357 1218 3426; x_wconf 88' lang='lat' dir='ltr'><strong>accipies.</strong></span> <span class='ocrx_word' id='word_1_394' title='bbox 1271 3357 1363 3412; x_wconf 90' lang='lat' dir='ltr'><strong>Sic</strong></span> <span class='ocrx_word' id='word_1_395' title='bbox 1403 3360 1548 3416; x_wconf 84' lang='lat' dir='ltr'><strong>enim</strong></span> <span class='ocrx_word' id='word_1_396' title='bbox 1592 3375 1713 3428; x_wconf 65' lang='lat' dir='ltr'><strong>qua:</strong></span> <span class='ocrx_word' id='word_1_397' title='bbox 1768 3360 2036 3432; x_wconf 80' lang='lat' dir='ltr'><strong>eleganter</strong></span> 
     </span>
    </p>
   </div>
   <div class='ocr_carea' id='block_1_62' title="bbox 2137 3352 3714 3438">
    <p class='ocr_par' dir='ltr' id='par_1_62' title="bbox 2143 3352 3714 3438">
     <span class='ocr_line' id='line_1_62' title="bbox 2143 3352 3714 3438; baseline -0.009 -20"><span class='ocrx_word' id='word_1_398' title='bbox 2143 3366 2243 3438; x_wconf 83' lang='grc' dir='ltr'><strong>σῆς</strong></span> <span class='ocrx_word' id='word_1_399' title='bbox 2294 3365 2606 3437; x_wconf 74' lang='grc' dir='ltr'><strong>ἐπιμελείας</strong></span> <span class='ocrx_word' id='word_1_400' title='bbox 2632 3363 2789 3436; x_wconf 74' lang='grc' dir='ltr'><strong>ἔργον</strong></span> <span class='ocrx_word' id='word_1_401' title='bbox 2824 3361 2981 3414; x_wconf 79' lang='grc' dir='ltr'><strong>τοῦτο</strong></span> <span class='ocrx_word' id='word_1_402' title='bbox 3014 3360 3318 3430; x_wconf 83' lang='grc' dir='ltr'><strong>γενήσεται·</strong></span> <span class='ocrx_word' id='word_1_403' title='bbox 3354 3355 3447 3408; x_wconf 72' lang='grc' dir='ltr'><strong>καὶ</strong></span> <span class='ocrx_word' id='word_1_404' title='bbox 3488 3354 3596 3424; x_wconf 78' lang='grc' dir='ltr'><strong>γὰρ</strong></span> <span class='ocrx_word' id='word_1_405' title='bbox 3619 3352 3714 3405; x_wconf 78' lang='grc' dir='ltr'><strong>δύο</strong></span> 
     </span>
    </p>
   </div>
   <div class='ocr_carea' id='block_1_63' title="bbox 465 3445 2036 3529">
    <p class='ocr_par' dir='ltr' id='par_1_63' title="bbox 465 3448 2036 3520">
     <span class='ocr_line' id='line_1_63' title="bbox 465 3448 2036 3520; baseline 0.006 -17"><span class='ocrx_word' id='word_1_406' title='bbox 465 3448 741 3520; x_wconf 87' lang='lat' dir='ltr'><strong>descripta</strong></span> <span class='ocrx_word' id='word_1_407' title='bbox 765 3454 915 3513; x_wconf 86' lang='lat' dir='ltr'><strong>sunt,</strong></span> <span class='ocrx_word' id='word_1_408' title='bbox 942 3448 1012 3503; x_wconf 91' lang='lat' dir='ltr'><strong>ad</strong></span> <span class='ocrx_word' id='word_1_409' title='bbox 1040 3457 1397 3519; x_wconf 88' lang='lat' dir='ltr'><strong>conspectum</strong></span> <span class='ocrx_word' id='word_1_410' title='bbox 1430 3459 1676 3505; x_wconf 89' lang='lat' dir='ltr'><strong>nostrum</strong></span> <span class='ocrx_word' id='word_1_411' title='bbox 1712 3455 2036 3512; x_wconf 91' lang='lat' dir='ltr'><strong>commodis-</strong></span> 
     </span>
    </p>
   </div>
   <div class='ocr_carea' id='block_1_64' title="bbox 2137 3445 3712 3529">
    <p class='ocr_par' dir='ltr' id='par_1_64' title="bbox 2138 3445 3712 3529">
     <span class='ocr_line' id='line_1_64' title="bbox 2138 3445 3712 3529; baseline -0.01 -17"><span class='ocrx_word' id='word_1_412' title='bbox 2138 3458 2411 3529; x_wconf 83' lang='grc' dir='ltr'><strong>δημοσίων</strong></span> <span class='ocrx_word' id='word_1_413' title='bbox 2437 3456 2725 3528; x_wconf 83' lang='grc' dir='ltr'><strong>ὀχημάτων</strong></span> <span class='ocrx_word' id='word_1_414' title='bbox 2768 3453 3013 3519; x_wconf 79' lang='grc' dir='ltr'><strong>ἐξουσίαν</strong></span> <span class='ocrx_word' id='word_1_415' title='bbox 3038 3453 3118 3514; x_wconf 82' lang='grc' dir='ltr'><strong>είς</strong></span> <span class='ocrx_word' id='word_1_416' title='bbox 3149 3447 3487 3519; x_wconf 77' lang='grc' dir='ltr'><strong>διακομιδὴν,</strong></span> <span class='ocrx_word' id='word_1_417' title='bbox 3521 3446 3585 3498; x_wconf 84' lang='grc' dir='ltr'><strong>ἐκ</strong></span> <span class='ocrx_word' id='word_1_418' title='bbox 3613 3445 3712 3514; x_wconf 74' lang='grc' dir='ltr'><strong>τῆς</strong></span> 
     </span>
    </p>
   </div>
   <div class='ocr_carea' id='block_1_65' title="bbox 466 3537 2036 3618">
    <p class='ocr_par' dir='ltr' id='par_1_65' title="bbox 466 3539 2036 3610">
     <span class='ocr_line' id='line_1_65' title="bbox 466 3539 2036 3610; baseline 0.005 -15"><span class='ocrx_word' id='word_1_419' title='bbox 466 3539 604 3595; x_wconf 89' lang='lat' dir='ltr'><strong>sime</strong></span> <span class='ocrx_word' id='word_1_420' title='bbox 656 3539 1005 3610; x_wconf 85' lang='lat' dir='ltr'><strong>perferentur</strong></span> <span class='ocrx_word' id='word_1_421' title='bbox 1038 3557 1051 3592; x_wconf 90' lang='lat'>:</span> <span class='ocrx_word' id='word_1_422' title='bbox 1083 3556 1195 3595; x_wconf 90' lang='lat' dir='ltr'><strong>uno</strong></span> <span class='ocrx_word' id='word_1_423' title='bbox 1251 3542 1462 3596; x_wconf 90' lang='lat' dir='ltr'><strong>scilicet</strong></span> <span class='ocrx_word' id='word_1_424' title='bbox 1512 3558 1580 3597; x_wconf 79' lang='lat' dir='ltr'><strong>ex</strong></span> <span class='ocrx_word' id='word_1_425' title='bbox 1632 3545 1878 3602; x_wconf 84' lang='lat' dir='ltr'><strong>ecclesiae</strong></span> <span class='ocrx_word' id='word_1_426' title='bbox 1938 3556 2036 3604; x_wconf 67' lang='lat' dir='ltr'><strong>tua:</strong></span> 
     </span>
    </p>
   </div>
   <div class='ocr_carea' id='block_1_66' title="bbox 2137 3537 3712 3618">
    <p class='ocr_par' dir='ltr' id='par_1_66' title="bbox 2139 3537 3712 3618">
     <span class='ocr_line' id='line_1_66' title="bbox 2139 3537 3712 3618; baseline -0.01 -16"><span class='ocrx_word' id='word_1_427' title='bbox 2139 3547 2425 3612; x_wconf 86' lang='grc' dir='ltr'><strong>αὑθεντίας</strong></span> <span class='ocrx_word' id='word_1_428' title='bbox 2466 3547 2562 3601; x_wconf 77' lang='grc' dir='ltr'><strong>τοῦ</strong></span> <span class='ocrx_word' id='word_1_429' title='bbox 2613 3547 2939 3618; x_wconf 84' lang='grc' dir='ltr'><strong>γράμματος</strong></span> <span class='ocrx_word' id='word_1_430' title='bbox 2986 3540 3143 3615; x_wconf 77' lang='grc' dir='ltr'><strong>ἡμῶν</strong></span> <span class='ocrx_word' id='word_1_431' title='bbox 3201 3539 3390 3594; x_wconf 85' lang='grc' dir='ltr'><strong>τούτου</strong></span> <span class='ocrx_word' id='word_1_432' title='bbox 3437 3537 3622 3591; x_wconf 73' lang='grc' dir='ltr'><strong>λαϐεῖν</strong></span> <span class='ocrx_word' id='word_1_433' title='bbox 3652 3551 3712 3587; x_wconf 87' lang='grc' dir='ltr'><strong>σε</strong></span> 
     </span>
    </p>
   </div>
   <div class='ocr_carea' id='block_1_67' title="bbox 467 3629 2036 3710">
    <p class='ocr_par' dir='ltr' id='par_1_67' title="bbox 467 3630 2036 3705">
     <span class='ocr_line' id='line_1_67' title="bbox 467 3630 2036 3705; baseline 0.006 -19"><span class='ocrx_word' id='word_1_434' title='bbox 467 3630 714 3686; x_wconf 90' lang='lat' dir='ltr'><strong>diaconis</strong></span> <span class='ocrx_word' id='word_1_435' title='bbox 765 3630 823 3685; x_wconf 93' lang='lat' dir='ltr'><strong>id</strong></span> <span class='ocrx_word' id='word_1_436' title='bbox 861 3631 1232 3686; x_wconf 90' lang='lat' dir='ltr'><strong>ministerium</strong></span> <span class='ocrx_word' id='word_1_437' title='bbox 1271 3633 1527 3688; x_wconf 90' lang='lat' dir='ltr'><strong>obeunte.</strong></span> <span class='ocrx_word' id='word_1_438' title='bbox 1556 3633 1657 3701; x_wconf 84' lang='lat' dir='ltr'><strong>Qui</strong></span> <span class='ocrx_word' id='word_1_439' title='bbox 1696 3637 1916 3705; x_wconf 85' lang='lat' dir='ltr'><strong>quidem</strong></span> <span class='ocrx_word' id='word_1_440' title='bbox 1949 3639 2036 3694; x_wconf 92' lang='lat' dir='ltr'><strong>ubi</strong></span> 
     </span>
    </p>
   </div>
   <div class='ocr_carea' id='block_1_68' title="bbox 2137 3629 3713 3710">
    <p class='ocr_par' dir='ltr' id='par_1_68' title="bbox 2140 3629 3713 3710">
     <span class='ocr_line' id='line_1_68' title="bbox 2140 3629 3713 3710; baseline -0.006 -19"><span class='ocrx_word' id='word_1_441' title='bbox 2140 3639 2425 3710; x_wconf 79' lang='grc' dir='ltr'><strong>προσήκει.</strong></span> <span class='ocrx_word' id='word_1_442' title='bbox 2460 3638 2615 3693; x_wconf 77' lang='grc' dir='ltr'><strong>Οὕτω</strong></span> <span class='ocrx_word' id='word_1_443' title='bbox 2634 3637 2742 3709; x_wconf 80' lang='grc' dir='ltr'><strong>γὰρ</strong></span> <span class='ocrx_word' id='word_1_444' title='bbox 2766 3636 2832 3691; x_wconf 80' lang='grc' dir='ltr'><strong>ἂν</strong></span> <span class='ocrx_word' id='word_1_445' title='bbox 2854 3636 3089 3707; x_wconf 89' lang='grc' dir='ltr'><strong>μάλιστα</strong></span> <span class='ocrx_word' id='word_1_446' title='bbox 3110 3634 3180 3689; x_wconf 86' lang='grc' dir='ltr'><strong>τά</strong></span> <span class='ocrx_word' id='word_1_447' title='bbox 3209 3631 3390 3696; x_wconf 81' lang='grc' dir='ltr'><strong>καλῶς</strong></span> <span class='ocrx_word' id='word_1_448' title='bbox 3412 3629 3713 3703; x_wconf 79' lang='grc' dir='ltr'><strong>γραφέντα,</strong></span> 
     </span>
    </p>
   </div>
   <div class='ocr_carea' id='block_1_69' title="bbox 467 3721 2040 3797">
    <p class='ocr_par' dir='ltr' id='par_1_69' title="bbox 467 3721 2040 3797">
     <span class='ocr_line' id='line_1_69' title="bbox 467 3721 2040 3797; baseline 0.005 -20"><span class='ocrx_word' id='word_1_449' title='bbox 467 3721 536 3777; x_wconf 85' lang='lat' dir='ltr'><strong>ad</strong></span> <span class='ocrx_word' id='word_1_450' title='bbox 557 3737 659 3778; x_wconf 88' lang='lat' dir='ltr'><strong>nos</strong></span> <span class='ocrx_word' id='word_1_451' title='bbox 694 3723 1028 3792; x_wconf 82' lang='lat' dir='ltr'><strong>pervenerit,</strong></span> <span class='ocrx_word' id='word_1_452' title='bbox 1068 3722 1424 3779; x_wconf 86' lang='lat' dir='ltr'><strong>humanitatis</strong></span> <span class='ocrx_word' id='word_1_453' title='bbox 1456 3733 1659 3781; x_wconf 70' lang='lat' dir='ltr'><strong>nostra:</strong></span> <span class='ocrx_word' id='word_1_454' title='bbox 1697 3729 2040 3797; x_wconf 75' lang='lat' dir='ltr'><strong>experimen-</strong></span> 
     </span>
    </p>
   </div>
   <div class='ocr_carea' id='block_1_70' title="bbox 469 3813 2036 3884">
    <p class='ocr_par' dir='ltr' id='par_1_70' title="bbox 469 3813 2036 3884">
     <span class='ocr_line' id='line_1_70' title="bbox 469 3813 2036 3884; baseline 0.006 -16"><span class='ocrx_word' id='word_1_455' title='bbox 469 3822 586 3869; x_wconf 92' lang='lat' dir='ltr'><strong>tum</strong></span> <span class='ocrx_word' id='word_1_456' title='bbox 611 3814 807 3884; x_wconf 87' lang='lat' dir='ltr'><strong>capiet.</strong></span> <span class='ocrx_word' id='word_1_457' title='bbox 852 3813 1122 3869; x_wconf 88' lang='lat' dir='ltr'><strong>Divinitas</strong></span> <span class='ocrx_word' id='word_1_458' title='bbox 1159 3822 1209 3870; x_wconf 89' lang='lat' dir='ltr'><strong>te</strong></span> <span class='ocrx_word' id='word_1_459' title='bbox 1241 3822 1458 3879; x_wconf 88' lang='lat' dir='ltr'><strong>servet,</strong></span> <span class='ocrx_word' id='word_1_460' title='bbox 1490 3815 1660 3872; x_wconf 88' lang='lat' dir='ltr'><strong>frater</strong></span> <span class='ocrx_word' id='word_1_461' title='bbox 1698 3818 2036 3878; x_wconf 88' lang='lat' dir='ltr'><strong>cbarissime.</strong></span> 
     </span>
    </p>
   </div>
   <div class='ocr_carea' id='block_1_71' title="bbox 2148 3720 3713 3804">
    <p class='ocr_par' dir='ltr' id='par_1_71' title="bbox 2148 3720 3713 3804">
     <span class='ocr_line' id='line_1_71' title="bbox 2148 3720 3713 3804; baseline -0.009 -19"><span class='ocrx_word' id='word_1_462' title='bbox 2148 3733 2242 3785; x_wconf 72' lang='lat' dir='ltr'><strong>xui.</strong></span> <span class='ocrx_word' id='word_1_463' title='bbox 2283 3731 2447 3804; x_wconf 86' lang='grc' dir='ltr'><strong>μέχρι</strong></span> <span class='ocrx_word' id='word_1_464' title='bbox 2478 3730 2584 3784; x_wconf 85' lang='grc' dir='ltr'><strong>τῶν</strong></span> <span class='ocrx_word' id='word_1_465' title='bbox 2604 3728 2887 3800; x_wconf 71' lang='grc' dir='ltr'><strong>ἡμετέρων</strong></span> <span class='ocrx_word' id='word_1_466' title='bbox 2915 3727 3089 3798; x_wconf 76' lang='grc' dir='ltr'><strong>ὄψεων</strong></span> <span class='ocrx_word' id='word_1_467' title='bbox 3113 3726 3283 3797; x_wconf 76' lang='grc' dir='ltr'><strong>ῥᾷστα</strong></span> <span class='ocrx_word' id='word_1_468' title='bbox 3316 3720 3713 3792; x_wconf 78' lang='grc' dir='ltr'><strong>διακομισθεὶη,</strong></span> 
     </span>
    </p>
   </div>
   <div class='ocr_carea' id='block_1_72' title="bbox 2145 3812 3717 3895">
    <p class='ocr_par' dir='ltr' id='par_1_72' title="bbox 2145 3812 3717 3895">
     <span class='ocr_line' id='line_1_72' title="bbox 2145 3812 3717 3895; baseline -0.01 -16"><span class='ocrx_word' id='word_1_469' title='bbox 2145 3824 2262 3888; x_wconf 84' lang='grc' dir='ltr'><strong>ἐνδς</strong></span> <span class='ocrx_word' id='word_1_470' title='bbox 2292 3821 2492 3895; x_wconf 80' lang='grc' dir='ltr'><strong>δηλαδὴ</strong></span> <span class='ocrx_word' id='word_1_471' title='bbox 2511 3821 2668 3875; x_wconf 80' lang='grc' dir='ltr'><strong>τοῦτο</strong></span> <span class='ocrx_word' id='word_1_472' title='bbox 2695 3818 3026 3890; x_wconf 80' lang='grc' dir='ltr'><strong>πληροῦντος</strong></span> <span class='ocrx_word' id='word_1_473' title='bbox 3069 3818 3175 3871; x_wconf 86' lang='grc' dir='ltr'><strong>τῶν</strong></span> <span class='ocrx_word' id='word_1_474' title='bbox 3213 3818 3275 3870; x_wconf 86' lang='grc' dir='ltr'><strong>ἐκ</strong></span> <span class='ocrx_word' id='word_1_475' title='bbox 3326 3815 3426 3884; x_wconf 75' lang='grc' dir='ltr'><strong>τῆς</strong></span> <span class='ocrx_word' id='word_1_476' title='bbox 3458 3814 3557 3883; x_wconf 74' lang='grc' dir='ltr'><strong>σῆς</strong></span> <span class='ocrx_word' id='word_1_477' title='bbox 3590 3812 3717 3865; x_wconf 85' lang='grc' dir='ltr'><strong>Ἑκ-</strong></span> 
     </span>
    </p>
   </div>
   <div class='ocr_carea' id='block_1_73' title="bbox 471 3906 3719 3991">
    <p class='ocr_par' dir='ltr' id='par_1_73' title="bbox 471 3906 3719 3991">
     <span class='ocr_line' id='line_1_73' title="bbox 471 3906 3719 3991; baseline -0.004 -20"><span class='ocrx_word' id='word_1_478' title='bbox 471 3908 705 3977; x_wconf 76' lang='grc' dir='ltr'><strong>κλησεας</strong></span> <span class='ocrx_word' id='word_1_479' title='bbox 740 3906 1026 3962; x_wconf 57' lang='grc' dir='ltr'><strong>διακόνων</strong></span> <span class='ocrx_word' id='word_1_480' title='bbox 1096 3907 1159 3972; x_wconf 78' lang='grc' dir='ltr'><strong>ὃς</strong></span> <span class='ocrx_word' id='word_1_481' title='bbox 1199 3909 1420 3963; x_wconf 64' lang='grc' dir='ltr'><strong>ἐπειδᾶν</strong></span> <span class='ocrx_word' id='word_1_482' title='bbox 1467 3909 1729 3982; x_wconf 76' lang='grc' dir='ltr'><strong>ἀφίκηται</strong></span> <span class='ocrx_word' id='word_1_483' title='bbox 1758 3915 1896 3984; x_wconf 70' lang='grc' dir='ltr'><strong>πρὸς</strong></span> <span class='ocrx_word' id='word_1_484' title='bbox 1921 3917 2087 3988; x_wconf 76' lang='grc' dir='ltr'><strong>ἡμᾶς,</strong></span> <span class='ocrx_word' id='word_1_485' title='bbox 2125 3921 2224 3991; x_wconf 78' lang='grc' dir='ltr'><strong>τῆς</strong></span> <span class='ocrx_word' id='word_1_486' title='bbox 2253 3918 2525 3991; x_wconf 77' lang='grc' dir='ltr'><strong>ἡμετέρας</strong></span> <span class='ocrx_word' id='word_1_487' title='bbox 2570 3915 2962 3987; x_wconf 86' lang='grc' dir='ltr'><strong>πειραθήσεται</strong></span> <span class='ocrx_word' id='word_1_488' title='bbox 3034 3909 3454 3984; x_wconf 85' lang='grc' dir='ltr'><strong>φιλανθρωπίας.</strong></span> <span class='ocrx_word' id='word_1_489' title='bbox 3497 3909 3557 3962; x_wconf 86' lang='grc' dir='ltr'>Ὀ</span> <span class='ocrx_word' id='word_1_490' title='bbox 3586 3907 3719 3970; x_wconf 82' lang='grc' dir='ltr'><strong>Θεός</strong></span> 
     </span>
    </p>
   </div>
   <div class='ocr_carea' id='block_1_74' title="bbox 472 4004 1417 4077">
    <p class='ocr_par' dir='ltr' id='par_1_74' title="bbox 472 4004 1417 4077">
     <span class='ocr_line' id='line_1_74' title="bbox 472 4004 1417 4077; baseline 0.003 -21"><span class='ocrx_word' id='word_1_491' title='bbox 472 4019 531 4057; x_wconf 90' lang='grc' dir='ltr'><strong>σε</strong></span> <span class='ocrx_word' id='word_1_492' title='bbox 560 4004 898 4076; x_wconf 82' lang='grc' dir='ltr'><strong>διαφυλάξοι,</strong></span> <span class='ocrx_word' id='word_1_493' title='bbox 933 4004 1126 4075; x_wconf 80' lang='grc' dir='ltr'><strong>ἀδελφέ</strong></span> <span class='ocrx_word' id='word_1_494' title='bbox 1148 4004 1417 4077; x_wconf 82' lang='grc' dir='ltr'><strong>ἀγαπητέ.</strong></span> 
     </span>
    </p>
   </div>
   <div class='ocr_carea' id='block_1_75' title="bbox 783 4117 1724 4192">
    <p class='ocr_par' dir='ltr' id='par_1_75' title="bbox 783 4117 1724 4192">
     <span class='ocr_line' id='line_1_75' title="bbox 783 4117 1724 4192; baseline 0.004 -20"><span class='ocrx_word' id='word_1_495' title='bbox 783 4118 892 4191; x_wconf 80' lang='lat'><strong>36</strong></span> <span class='ocrx_word' id='word_1_496' title='bbox 916 4117 1040 4173; x_wconf 78' lang='lat' dir='ltr'><strong>Alia</strong></span> <span class='ocrx_word' id='word_1_497' title='bbox 1071 4118 1293 4192; x_wconf 84' lang='lat' dir='ltr'><strong>epistola</strong></span> <span class='ocrx_word' id='word_1_498' title='bbox 1319 4118 1389 4173; x_wconf 85' lang='lat' dir='ltr'><strong>ad</strong></span> <span class='ocrx_word' id='word_1_499' title='bbox 1409 4117 1724 4179; x_wconf 80' lang='lat' dir='ltr'><strong>Macarium.</strong></span> 
     </span>
    </p>
   </div>
   <div class='ocr_carea' id='block_1_76' title="bbox 473 4209 2048 4285">
    <p class='ocr_par' dir='ltr' id='par_1_76' title="bbox 473 4209 2048 4285">
     <span class='ocr_line' id='line_1_76' title="bbox 473 4209 2048 4285; baseline 0.006 -21"><span class='ocrx_word' id='word_1_500' title='bbox 473 4209 641 4265; x_wconf 80' lang='lat' dir='ltr'><strong>Victor</strong></span> <span class='ocrx_word' id='word_1_501' title='bbox 674 4210 1054 4285; x_wconf 65' lang='lat' dir='ltr'><strong>Constantinus</strong></span> <span class='ocrx_word' id='word_1_502' title='bbox 1076 4252 1090 4276; x_wconf 94' lang='lat'><strong>,</strong></span> <span class='ocrx_word' id='word_1_503' title='bbox 1117 4211 1402 4285; x_wconf 66' lang='lat' dir='ltr'><strong>Maximus,</strong></span> <span class='ocrx_word' id='word_1_504' title='bbox 1448 4213 1740 4285; x_wconf 85' lang='lat' dir='ltr'><strong>Augustus,</strong></span> <span class='ocrx_word' id='word_1_505' title='bbox 1789 4216 2048 4285; x_wconf 75' lang='lat' dir='ltr'><strong>Macario,</strong></span> 
     </span>
    </p>
   </div>
   <div class='ocr_carea' id='block_1_77' title="bbox 885 4280 1658 4356">
    <p class='ocr_par' dir='ltr' id='par_1_77' title="bbox 885 4280 1658 4356">
     <span class='ocr_line' id='line_1_77' title="bbox 885 4280 1658 4356; baseline 0.004 -20"><span class='ocrx_word' id='word_1_506' title='bbox 885 4280 1372 4354; x_wconf 74' lang='lat' dir='ltr'><strong>Hierosolymorum</strong></span> <span class='ocrx_word' id='word_1_507' title='bbox 1401 4280 1658 4356; x_wconf 74' lang='lat' dir='ltr'><strong>episcopo.</strong></span> 
     </span>
    </p>
   </div>
   <div class='ocr_carea' id='block_1_78' title="bbox 540 4391 2049 4466">
    <p class='ocr_par' dir='ltr' id='par_1_78' title="bbox 540 4391 2049 4466">
     <span class='ocr_line' id='line_1_78' title="bbox 540 4391 2049 4466; baseline 0.006 -19"><span class='ocrx_word' id='word_1_508' title='bbox 540 4392 713 4447; x_wconf 86' lang='lat' dir='ltr'><strong>Tanta</strong></span> <span class='ocrx_word' id='word_1_509' title='bbox 742 4399 827 4448; x_wconf 91' lang='lat' dir='ltr'><strong>est</strong></span> <span class='ocrx_word' id='word_1_510' title='bbox 859 4391 1164 4449; x_wconf 85' lang='lat' dir='ltr'><strong>Servaloris</strong></span> <span class='ocrx_word' id='word_1_511' title='bbox 1204 4394 1376 4449; x_wconf 87' lang='lat' dir='ltr'><strong>nostri</strong></span> <span class='ocrx_word' id='word_1_512' title='bbox 1421 4396 1616 4466; x_wconf 75' lang='lat' dir='ltr'><strong>gratia,</strong></span> <span class='ocrx_word' id='word_1_513' title='bbox 1645 4405 1707 4452; x_wconf 88' lang='lat' dir='ltr'><strong>ut</strong></span> <span class='ocrx_word' id='word_1_514' title='bbox 1739 4398 1891 4455; x_wconf 87' lang='lat' dir='ltr'><strong>nulla</strong></span> <span class='ocrx_word' id='word_1_515' title='bbox 1930 4415 2049 4456; x_wconf 91' lang='lat' dir='ltr'><strong>ser-</strong></span> 
     </span>
    </p>
   </div>
   <div class='ocr_carea' id='block_1_79' title="bbox 2419 4120 3438 4195">
    <p class='ocr_par' dir='ltr' id='par_1_79' title="bbox 2419 4120 3438 4195">
     <span class='ocr_line' id='line_1_79' title="bbox 2419 4120 3438 4195; baseline -0.006 -15"><span class='ocrx_word' id='word_1_516' title='bbox 2419 4127 2603 4195; x_wconf 71' lang='grc' dir='ltr'><strong>Ἃλλη</strong></span> <span class='ocrx_word' id='word_1_517' title='bbox 2627 4124 2918 4194; x_wconf 74' lang='grc' dir='ltr'><strong>ἐπιστολή</strong></span> <span class='ocrx_word' id='word_1_518' title='bbox 2943 4122 3094 4193; x_wconf 78' lang='grc' dir='ltr'><strong>πρὸς</strong></span> <span class='ocrx_word' id='word_1_519' title='bbox 3116 4120 3438 4193; x_wconf 77' lang='grc' dir='ltr'><strong>Μακάρων.</strong></span> 
     </span>
    </p>
   </div>
   <div class='ocr_carea' id='block_1_80' title="bbox 2145 4215 3718 4287">
    <p class='ocr_par' dir='ltr' id='par_1_80' title="bbox 2145 4215 3718 4287">
     <span class='ocr_line' id='line_1_80' title="bbox 2145 4215 3718 4287; baseline -0.002 -16"><span class='ocrx_word' id='word_1_520' title='bbox 2145 4216 2406 4287; x_wconf 78' lang='grc' dir='ltr'><strong>Νικητὴς</strong></span> <span class='ocrx_word' id='word_1_521' title='bbox 2467 4217 2918 4283; x_wconf 79' lang='grc' dir='ltr'><strong>Κωνσταντῒνος</strong></span> <span class='ocrx_word' id='word_1_522' title='bbox 2937 4257 2953 4280; x_wconf 94' lang='grc'><strong>,</strong></span> <span class='ocrx_word' id='word_1_523' title='bbox 3006 4216 3331 4285; x_wconf 71' lang='grc' dir='ltr'><strong>Μέγιστος,</strong></span> <span class='ocrx_word' id='word_1_524' title='bbox 3393 4215 3718 4281; x_wconf 77' lang='grc' dir='ltr'><strong>Σεϐαστός,</strong></span> 
     </span>
    </p>
   </div>
   <div class='ocr_carea' id='block_1_81' title="bbox 2550 4288 3312 4358">
    <p class='ocr_par' dir='ltr' id='par_1_81' title="bbox 2550 4288 3312 4358">
     <span class='ocr_line' id='line_1_81' title="bbox 2550 4288 3312 4358; baseline -0.005 -14"><span class='ocrx_word' id='word_1_525' title='bbox 2550 4289 2828 4357; x_wconf 54' lang='grc' dir='ltr'><strong>Μακαρία)</strong></span> <span class='ocrx_word' id='word_1_526' title='bbox 2868 4288 3312 4358; x_wconf 71' lang='grc' dir='ltr'><strong>Ἰεροσολύμων.</strong></span> 
     </span>
    </p>
   </div>
   <div class='ocr_carea' id='block_1_82' title="bbox 2217 4398 3720 4475">
    <p class='ocr_par' dir='ltr' id='par_1_82' title="bbox 2217 4398 3720 4475">
     <span class='ocr_line' id='line_1_82' title="bbox 2217 4398 3720 4475; baseline -0.002 -19"><span class='ocrx_word' id='word_1_527' title='bbox 2217 4401 2464 4475; x_wconf 78' lang='grc' dir='ltr'><strong>Τοσαύτη</strong></span> <span class='ocrx_word' id='word_1_528' title='bbox 2488 4402 2584 4456; x_wconf 79' lang='grc' dir='ltr'><strong>τοῦ</strong></span> <span class='ocrx_word' id='word_1_529' title='bbox 2607 4401 2858 4474; x_wconf 82' lang='grc' dir='ltr'><strong>Σωτῆρος</strong></span> <span class='ocrx_word' id='word_1_530' title='bbox 2877 4399 3033 4473; x_wconf 79' lang='grc' dir='ltr'><strong>ἡμῶν</strong></span> <span class='ocrx_word' id='word_1_531' title='bbox 3065 4401 3215 4454; x_wconf 85' lang='grc' dir='ltr'><strong>ἐστιν</strong></span> <span class='ocrx_word' id='word_1_532' title='bbox 3241 4401 3275 4471; x_wconf 81' lang='grc' dir='ltr'><strong>ἡ</strong></span> <span class='ocrx_word' id='word_1_533' title='bbox 3308 4399 3488 4470; x_wconf 84' lang='grc' dir='ltr'><strong>χάρις,</strong></span> <span class='ocrx_word' id='word_1_534' title='bbox 3511 4398 3587 4462; x_wconf 82' lang='grc' dir='ltr'><strong>ὡς</strong></span> <span class='ocrx_word' id='word_1_535' title='bbox 3614 4414 3720 4469; x_wconf 81' lang='grc' dir='ltr'><strong>μη-</strong></span> 
     </span>
    </p>
   </div>
   <div class='ocr_carea' id='block_1_83' title="bbox 472 4482 2036 4561">
    <p class='ocr_par' dir='ltr' id='par_1_83' title="bbox 472 4482 2036 4556">
     <span class='ocr_line' id='line_1_83' title="bbox 472 4482 2036 4556; baseline 0.008 -20"><span class='ocrx_word' id='word_1_536' title='bbox 472 4482 651 4539; x_wconf 88' lang='lat' dir='ltr'><strong>monis</strong></span> <span class='ocrx_word' id='word_1_537' title='bbox 701 4483 859 4554; x_wconf 84' lang='lat' dir='ltr'><strong>copia</strong></span> <span class='ocrx_word' id='word_1_538' title='bbox 906 4483 976 4538; x_wconf 90' lang='lat' dir='ltr'><strong>ad</strong></span> <span class='ocrx_word' id='word_1_539' title='bbox 1033 4484 1320 4556; x_wconf 56' lang='lat' dir='ltr'><strong>praesentis</strong></span> <span class='ocrx_word' id='word_1_540' title='bbox 1366 4486 1617 4543; x_wconf 87' lang='lat' dir='ltr'><strong>miraculi</strong></span> <span class='ocrx_word' id='word_1_541' title='bbox 1672 4491 2036 4549; x_wconf 82' lang='lat' dir='ltr'><strong>narrationem</strong></span> 
     </span>
    </p>
   </div>
   <div class='ocr_carea' id='block_1_84' title="bbox 2137 4482 3723 4561">
    <p class='ocr_par' dir='ltr' id='par_1_84' title="bbox 2150 4484 3723 4561">
     <span class='ocr_line' id='line_1_84' title="bbox 2150 4484 3723 4561; baseline -0.004 -18"><span class='ocrx_word' id='word_1_542' title='bbox 2150 4489 2340 4561; x_wconf 90' lang='grc' dir='ltr'><strong>δεμίαν</strong></span> <span class='ocrx_word' id='word_1_543' title='bbox 2387 4490 2559 4560; x_wconf 78' lang='grc' dir='ltr'><strong>λόγων</strong></span> <span class='ocrx_word' id='word_1_544' title='bbox 2613 4489 2878 4561; x_wconf 87' lang='grc' dir='ltr'><strong>χορηγίαν</strong></span> <span class='ocrx_word' id='word_1_545' title='bbox 2935 4486 3027 4542; x_wconf 79' lang='grc' dir='ltr'><strong>τοῦ</strong></span> <span class='ocrx_word' id='word_1_546' title='bbox 3080 4485 3349 4559; x_wconf 84' lang='grc' dir='ltr'><strong>παρόντος</strong></span> <span class='ocrx_word' id='word_1_547' title='bbox 3401 4484 3723 4555; x_wconf 83' lang='grc' dir='ltr'><strong>πράγματος</strong></span> 
     </span>
    </p>
   </div>
   <div class='ocr_carea' id='block_1_85' title="bbox 470 4576 2038 4655">
    <p class='ocr_par' dir='ltr' id='par_1_85' title="bbox 470 4576 2038 4655">
     <span class='ocr_line' id='line_1_85' title="bbox 470 4576 2038 4655; baseline 0.005 -23"><span class='ocrx_word' id='word_1_548' title='bbox 470 4576 718 4633; x_wconf 78' lang='lat' dir='ltr'><strong>sufficere</strong></span> <span class='ocrx_word' id='word_1_549' title='bbox 748 4577 1018 4633; x_wconf 86' lang='lat' dir='ltr'><strong>videatur.</strong></span> <span class='ocrx_word' id='word_1_550' title='bbox 1051 4578 1186 4633; x_wconf 89' lang='lat' dir='ltr'><strong>Nam</strong></span> <span class='ocrx_word' id='word_1_551' title='bbox 1220 4587 1279 4633; x_wconf 93' lang='lat' dir='ltr'><strong>ut</strong></span> <span class='ocrx_word' id='word_1_552' title='bbox 1309 4581 1694 4637; x_wconf 63' lang='lat' dir='ltr'><strong>sacratissima</strong></span> <span class='ocrx_word' id='word_1_553' title='bbox 1732 4582 1880 4639; x_wconf 89' lang='lat' dir='ltr'><strong>illius</strong></span> <span class='ocrx_word' id='word_1_554' title='bbox 1913 4600 2038 4655; x_wconf 85' lang='lat' dir='ltr'><strong>pas-</strong></span> 
     </span>
    </p>
   </div>
   <div class='ocr_carea' id='block_1_86' title="bbox 471 4669 2049 4744">
    <p class='ocr_par' dir='ltr' id='par_1_86' title="bbox 471 4669 2049 4744">
     <span class='ocr_line' id='line_1_86' title="bbox 471 4669 2049 4744; baseline 0.005 -21"><span class='ocrx_word' id='word_1_555' title='bbox 471 4669 642 4725; x_wconf 87' lang='lat' dir='ltr'><strong>sionis</strong></span> <span class='ocrx_word' id='word_1_556' title='bbox 668 4676 1103 4735; x_wconf 88' lang='lat' dir='ltr'><strong>monumentum,</strong></span> <span class='ocrx_word' id='word_1_557' title='bbox 1138 4671 1241 4725; x_wconf 90' lang='lat' dir='ltr'><strong>sub</strong></span> <span class='ocrx_word' id='word_1_558' title='bbox 1283 4679 1425 4727; x_wconf 88' lang='lat' dir='ltr'><strong>terra</strong></span> <span class='ocrx_word' id='word_1_559' title='bbox 1447 4673 1774 4744; x_wconf 86' lang='lat' dir='ltr'><strong>jampridem</strong></span> <span class='ocrx_word' id='word_1_560' title='bbox 1805 4676 2049 4731; x_wconf 85' lang='lat' dir='ltr'><strong>occulta-</strong></span> 
     </span>
    </p>
   </div>
   <div class='ocr_carea' id='block_1_87' title="bbox 473 4762 2049 4836">
    <p class='ocr_par' dir='ltr' id='par_1_87' title="bbox 473 4762 2049 4836">
     <span class='ocr_line' id='line_1_87' title="bbox 473 4762 2049 4836; baseline 0.004 -20"><span class='ocrx_word' id='word_1_561' title='bbox 473 4772 588 4816; x_wconf 91' lang='lat' dir='ltr'><strong>tum</strong></span> <span class='ocrx_word' id='word_1_562' title='bbox 613 4768 693 4816; x_wconf 91' lang='lat' dir='ltr'><strong>tot</strong></span> <span class='ocrx_word' id='word_1_563' title='bbox 718 4776 989 4816; x_wconf 89' lang='lat' dir='ltr'><strong>annorum</strong></span> <span class='ocrx_word' id='word_1_564' title='bbox 1016 4762 1194 4832; x_wconf 91' lang='lat' dir='ltr'><strong>spatio</strong></span> <span class='ocrx_word' id='word_1_565' title='bbox 1233 4763 1536 4830; x_wconf 89' lang='lat' dir='ltr'><strong>delituerit,</strong></span> <span class='ocrx_word' id='word_1_566' title='bbox 1561 4766 1742 4836; x_wconf 90' lang='lat' dir='ltr'><strong>quoad</strong></span> <span class='ocrx_word' id='word_1_567' title='bbox 1768 4767 2049 4823; x_wconf 88' lang='lat' dir='ltr'><strong>communi</strong></span> 
     </span>
    </p>
   </div>
   <div class='ocr_carea' id='block_1_88' title="bbox 471 4852 2048 4927">
    <p class='ocr_par' dir='ltr' id='par_1_88' title="bbox 471 4852 2048 4927">
     <span class='ocr_line' id='line_1_88' title="bbox 471 4852 2048 4927; baseline 0.005 -21"><span class='ocrx_word' id='word_1_568' title='bbox 471 4855 742 4907; x_wconf 88' lang='lat' dir='ltr'><strong>tomnium</strong></span> <span class='ocrx_word' id='word_1_569' title='bbox 782 4852 939 4909; x_wconf 89' lang='lat' dir='ltr'><strong>hoste</strong></span> <span class='ocrx_word' id='word_1_570' title='bbox 965 4852 1201 4920; x_wconf 82' lang='lat' dir='ltr'><strong>sublato,</strong></span> <span class='ocrx_word' id='word_1_571' title='bbox 1225 4854 1446 4911; x_wconf 87' lang='lat' dir='ltr'><strong>famulis</strong></span> <span class='ocrx_word' id='word_1_572' title='bbox 1485 4857 1606 4927; x_wconf 86' lang='lat' dir='ltr'><strong>ejus</strong></span> <span class='ocrx_word' id='word_1_573' title='bbox 1647 4856 1704 4913; x_wconf 90' lang='lat' dir='ltr'><strong>in</strong></span> <span class='ocrx_word' id='word_1_574' title='bbox 1732 4858 2048 4914; x_wconf 89' lang='lat' dir='ltr'><strong>libertatem</strong></span> 
     </span>
    </p>
   </div>
   <div class='ocr_carea' id='block_1_89' title="bbox 471 4946 2044 5017">
    <p class='ocr_par' dir='ltr' id='par_1_89' title="bbox 471 4946 2044 5017">
     <span class='ocr_line' id='line_1_89' title="bbox 471 4946 2044 5017; baseline 0.004 -17"><span class='ocrx_word' id='word_1_575' title='bbox 471 4946 697 5001; x_wconf 87' lang='lat' dir='ltr'><strong>assertis</strong></span> <span class='ocrx_word' id='word_1_576' title='bbox 717 4946 1031 5017; x_wconf 76' lang='lat' dir='ltr'><strong>aﬂ&#39;ulgeret,</strong></span> <span class='ocrx_word' id='word_1_577' title='bbox 1055 4947 1109 5002; x_wconf 91' lang='lat' dir='ltr'><strong>id</strong></span> <span class='ocrx_word' id='word_1_578' title='bbox 1147 4963 1364 5002; x_wconf 88' lang='lat' dir='ltr'><strong>omnem</strong></span> <span class='ocrx_word' id='word_1_579' title='bbox 1404 4964 1593 5004; x_wconf 81' lang='lat' dir='ltr'><strong>revera</strong></span> <span class='ocrx_word' id='word_1_580' title='bbox 1625 4949 2044 5007; x_wconf 85' lang='lat' dir='ltr'><strong>admirationem</strong></span> 
     </span>
    </p>
   </div>
   <div class='ocr_carea' id='block_1_90' title="bbox 473 5038 2046 5111">
    <p class='ocr_par' dir='ltr' id='par_1_90' title="bbox 473 5038 2046 5111">
     <span class='ocr_line' id='line_1_90' title="bbox 473 5038 2046 5111; baseline 0.004 -19"><span class='ocrx_word' id='word_1_581' title='bbox 473 5044 714 5108; x_wconf 88' lang='lat' dir='ltr'><strong>superat.</strong></span> <span class='ocrx_word' id='word_1_582' title='bbox 738 5038 873 5092; x_wconf 81' lang='lat' dir='ltr'><strong>Nam</strong></span> <span class='ocrx_word' id='word_1_583' title='bbox 903 5039 1117 5094; x_wconf 89' lang='lat' dir='ltr'><strong>tametsi</strong></span> <span class='ocrx_word' id='word_1_584' title='bbox 1144 5048 1414 5111; x_wconf 89' lang='lat' dir='ltr'><strong>quotquot</strong></span> <span class='ocrx_word' id='word_1_585' title='bbox 1434 5041 1639 5111; x_wconf 87' lang='lat' dir='ltr'><strong>ubique</strong></span> <span class='ocrx_word' id='word_1_586' title='bbox 1656 5051 1929 5097; x_wconf 90' lang='lat' dir='ltr'><strong>terrarum</strong></span> <span class='ocrx_word' id='word_1_587' title='bbox 1956 5059 2046 5098; x_wconf 87' lang='lat' dir='ltr'><strong>sa-</strong></span> 
     </span>
    </p>
   </div>
   <div class='ocr_carea' id='block_1_91' title="bbox 473 5129 2049 5206">
    <p class='ocr_par' dir='ltr' id='par_1_91' title="bbox 473 5129 2049 5206">
     <span class='ocr_line' id='line_1_91' title="bbox 473 5129 2049 5206; baseline 0.004 -23"><span class='ocrx_word' id='word_1_588' title='bbox 473 5129 690 5200; x_wconf 88' lang='lat' dir='ltr'><strong>pientes</strong></span> <span class='ocrx_word' id='word_1_589' title='bbox 732 5130 1030 5196; x_wconf 89' lang='lat' dir='ltr'><strong>babentur,</strong></span> <span class='ocrx_word' id='word_1_590' title='bbox 1068 5146 1260 5187; x_wconf 91' lang='lat' dir='ltr'><strong>omnes</strong></span> <span class='ocrx_word' id='word_1_591' title='bbox 1304 5133 1362 5188; x_wconf 92' lang='lat' dir='ltr'><strong>in</strong></span> <span class='ocrx_word' id='word_1_592' title='bbox 1402 5149 1573 5189; x_wconf 89' lang='lat' dir='ltr'><strong>unum</strong></span> <span class='ocrx_word' id='word_1_593' title='bbox 1613 5134 1813 5201; x_wconf 89' lang='lat' dir='ltr'><strong>coacti,</strong></span> <span class='ocrx_word' id='word_1_594' title='bbox 1837 5135 2049 5206; x_wconf 89' lang='lat' dir='ltr'><strong>aliquid</strong></span> 
     </span>
    </p>
   </div>
   <div class='ocr_carea' id='block_1_92' title="bbox 2145 4574 3723 4651">
    <p class='ocr_par' dir='ltr' id='par_1_92' title="bbox 2145 4574 3723 4651">
     <span class='ocr_line' id='line_1_92' title="bbox 2145 4574 3723 4651; baseline -0.005 -17"><span class='ocrx_word' id='word_1_595' title='bbox 2145 4581 2303 4648; x_wconf 76' lang='grc' dir='ltr'><strong>ἀξίαν</strong></span> <span class='ocrx_word' id='word_1_596' title='bbox 2325 4576 2462 4635; x_wconf 78' lang='grc' dir='ltr'><strong>εἶναι</strong></span> <span class='ocrx_word' id='word_1_597' title='bbox 2486 4582 2682 4635; x_wconf 82' lang='grc' dir='ltr'><strong>δοκεῖν.</strong></span> <span class='ocrx_word' id='word_1_598' title='bbox 2714 4580 2787 4634; x_wconf 83' lang='grc' dir='ltr'>Τὸ</span> <span class='ocrx_word' id='word_1_599' title='bbox 2823 4580 2932 4651; x_wconf 87' lang='grc' dir='ltr'><strong>γὰρ</strong></span> <span class='ocrx_word' id='word_1_600' title='bbox 2973 4577 3258 4648; x_wconf 86' lang='grc' dir='ltr'><strong>γνώρισμα</strong></span> <span class='ocrx_word' id='word_1_601' title='bbox 3297 4574 3392 4628; x_wconf 79' lang='grc' dir='ltr'><strong>τοῦ</strong></span> <span class='ocrx_word' id='word_1_602' title='bbox 3417 4575 3723 4642; x_wconf 78' lang='grc' dir='ltr'><strong>ἀγιωτάτου</strong></span> 
     </span>
    </p>
   </div>
   <div class='ocr_carea' id='block_1_93' title="bbox 2146 4664 3724 4742">
    <p class='ocr_par' dir='ltr' id='par_1_93' title="bbox 2146 4664 3724 4742">
     <span class='ocr_line' id='line_1_93' title="bbox 2146 4664 3724 4742; baseline -0.004 -19"><span class='ocrx_word' id='word_1_603' title='bbox 2146 4669 2353 4724; x_wconf 84' lang='grc' dir='ltr'><strong>ἐκείνου</strong></span> <span class='ocrx_word' id='word_1_604' title='bbox 2388 4670 2592 4735; x_wconf 85' lang='grc' dir='ltr'><strong>πάθους</strong></span> <span class='ocrx_word' id='word_1_605' title='bbox 2621 4670 2726 4725; x_wconf 83' lang='grc' dir='ltr'><strong>ὑπὸ</strong></span> <span class='ocrx_word' id='word_1_606' title='bbox 2753 4672 2818 4742; x_wconf 78' lang='grc' dir='ltr'><strong>τῇ</strong></span> <span class='ocrx_word' id='word_1_607' title='bbox 2866 4671 2937 4741; x_wconf 76' lang='grc' dir='ltr'><strong>γῇ</strong></span> <span class='ocrx_word' id='word_1_608' title='bbox 2988 4668 3157 4721; x_wconf 82' lang='grc' dir='ltr'><strong>πάλαι</strong></span> <span class='ocrx_word' id='word_1_609' title='bbox 3201 4664 3595 4738; x_wconf 86' lang='grc' dir='ltr'><strong>κρυπτόμενον,</strong></span> <span class='ocrx_word' id='word_1_610' title='bbox 3629 4682 3724 4718; x_wconf 89' lang='grc' dir='ltr'><strong>το-</strong></span> 
     </span>
    </p>
   </div>
   <div class='ocr_carea' id='block_1_94' title="bbox 2148 4750 3723 4834">
    <p class='ocr_par' dir='ltr' id='par_1_94' title="bbox 2148 4750 3723 4834">
     <span class='ocr_line' id='line_1_94' title="bbox 2148 4750 3723 4834; baseline -0.004 -18"><span class='ocrx_word' id='word_1_611' title='bbox 2148 4763 2371 4828; x_wconf 84' lang='grc' dir='ltr'><strong>σαύταις</strong></span> <span class='ocrx_word' id='word_1_612' title='bbox 2406 4763 2543 4816; x_wconf 82' lang='grc' dir='ltr'><strong>ἐτῶν</strong></span> <span class='ocrx_word' id='word_1_613' title='bbox 2569 4761 2837 4834; x_wconf 85' lang='grc' dir='ltr'><strong>περιόδοις</strong></span> <span class='ocrx_word' id='word_1_614' title='bbox 2865 4760 3067 4824; x_wconf 82' lang='grc' dir='ltr'><strong>λαθεῖν,</strong></span> <span class='ocrx_word' id='word_1_615' title='bbox 3107 4758 3265 4829; x_wconf 85' lang='grc' dir='ltr'><strong>άχρις</strong></span> <span class='ocrx_word' id='word_1_616' title='bbox 3301 4750 3362 4810; x_wconf 70' lang='grc' dir='ltr'><strong>οὗ</strong></span> <span class='ocrx_word' id='word_1_617' title='bbox 3388 4756 3475 4810; x_wconf 86' lang='grc' dir='ltr'><strong>διὰ</strong></span> <span class='ocrx_word' id='word_1_618' title='bbox 3504 4758 3601 4828; x_wconf 83' lang='grc' dir='ltr'><strong>τῆς</strong></span> <span class='ocrx_word' id='word_1_619' title='bbox 3628 4756 3723 4810; x_wconf 76' lang='grc' dir='ltr'><strong>τοῦ</strong></span> 
     </span>
    </p>
   </div>
   <div class='ocr_carea' id='block_1_95' title="bbox 2146 4848 3727 4924">
    <p class='ocr_par' dir='ltr' id='par_1_95' title="bbox 2146 4848 3727 4924">
     <span class='ocr_line' id='line_1_95' title="bbox 2146 4848 3727 4924; baseline -0.004 -13"><span class='ocrx_word' id='word_1_620' title='bbox 2146 4856 2327 4910; x_wconf 81' lang='grc' dir='ltr'><strong>κοινοῦ</strong></span> <span class='ocrx_word' id='word_1_621' title='bbox 2386 4855 2603 4909; x_wconf 84' lang='grc' dir='ltr'><strong>πάντων</strong></span> <span class='ocrx_word' id='word_1_622' title='bbox 2660 4850 2855 4924; x_wconf 80' lang='grc' dir='ltr'><strong>ἐχθροῦ</strong></span> <span class='ocrx_word' id='word_1_623' title='bbox 2913 4849 3264 4921; x_wconf 78' lang='grc' dir='ltr'><strong>ἀναιρέσεως,</strong></span> <span class='ocrx_word' id='word_1_624' title='bbox 3316 4848 3727 4921; x_wconf 77' lang='grc' dir='ltr'><strong>ἐλευθερωθεῖσι</strong></span> 
     </span>
    </p>
   </div>
   <div class='ocr_carea' id='block_1_96' title="bbox 2147 4941 3727 5016">
    <p class='ocr_par' dir='ltr' id='par_1_96' title="bbox 2147 4941 3727 5016">
     <span class='ocr_line' id='line_1_96' title="bbox 2147 4941 3727 5016; baseline -0.006 -13"><span class='ocrx_word' id='word_1_625' title='bbox 2147 4952 2259 5013; x_wconf 82' lang='grc' dir='ltr'><strong>τοῖς</strong></span> <span class='ocrx_word' id='word_1_626' title='bbox 2285 4946 2478 5002; x_wconf 77' lang='grc' dir='ltr'><strong>ἑαυτοῦ</strong></span> <span class='ocrx_word' id='word_1_627' title='bbox 2527 4946 2856 5016; x_wconf 86' lang='grc' dir='ltr'><strong>θεράπουσιν</strong></span> <span class='ocrx_word' id='word_1_628' title='bbox 2904 4941 3247 5013; x_wconf 81' lang='grc' dir='ltr'><strong>άναλάμπειν</strong></span> <span class='ocrx_word' id='word_1_629' title='bbox 3279 4941 3469 5013; x_wconf 76' lang='grc' dir='ltr'><strong>ἔμελλε</strong></span> <span class='ocrx_word' id='word_1_630' title='bbox 3491 4983 3507 5008; x_wconf 92' lang='grc'><strong>,</strong></span> <span class='ocrx_word' id='word_1_631' title='bbox 3544 4943 3727 4996; x_wconf 75' lang='grc' dir='ltr'><strong>πᾶσαν</strong></span> 
     </span>
    </p>
   </div>
   <div class='ocr_carea' id='block_1_97' title="bbox 2151 5033 3726 5112">
    <p class='ocr_par' dir='ltr' id='par_1_97' title="bbox 2151 5033 3726 5112">
     <span class='ocr_line' id='line_1_97' title="bbox 2151 5033 3726 5112; baseline -0.006 -17"><span class='ocrx_word' id='word_1_632' title='bbox 2151 5040 2410 5112; x_wconf 65' lang='grc' dir='ltr'><strong>ἔκπληξιν</strong></span> <span class='ocrx_word' id='word_1_633' title='bbox 2448 5040 2525 5103; x_wconf 82' lang='grc' dir='ltr'><strong>ὡς</strong></span> <span class='ocrx_word' id='word_1_634' title='bbox 2571 5036 2788 5109; x_wconf 82' lang='grc' dir='ltr'><strong>άληθῶς</strong></span> <span class='ocrx_word' id='word_1_635' title='bbox 2823 5033 3164 5108; x_wconf 78' lang='grc' dir='ltr'><strong>ὑπερσαίνει.</strong></span> <span class='ocrx_word' id='word_1_636' title='bbox 3211 5034 3275 5089; x_wconf 80' lang='lat' dir='ltr'><strong>Ei</strong></span> <span class='ocrx_word' id='word_1_637' title='bbox 3310 5033 3419 5105; x_wconf 80' lang='grc' dir='ltr'><strong>γάρ</strong></span> <span class='ocrx_word' id='word_1_638' title='bbox 3452 5033 3652 5097; x_wconf 88' lang='grc' dir='ltr'><strong>πάντες</strong></span> <span class='ocrx_word' id='word_1_639' title='bbox 3675 5035 3726 5087; x_wconf 76' lang='lat' dir='ltr'><strong>ot</strong></span> 
     </span>
    </p>
   </div>
   <div class='ocr_carea' id='block_1_98' title="bbox 2155 5123 3727 5202">
    <p class='ocr_par' dir='ltr' id='par_1_98' title="bbox 2155 5123 3727 5202">
     <span class='ocr_line' id='line_1_98' title="bbox 2155 5123 3727 5202; baseline -0.006 -15"><span class='ocrx_word' id='word_1_640' title='bbox 2155 5132 2244 5188; x_wconf 83' lang='grc' dir='ltr'><strong>διὰ</strong></span> <span class='ocrx_word' id='word_1_641' title='bbox 2274 5131 2456 5202; x_wconf 83' lang='grc' dir='ltr'><strong>πάσης</strong></span> <span class='ocrx_word' id='word_1_642' title='bbox 2483 5129 2582 5200; x_wconf 79' lang='grc' dir='ltr'><strong>τῆς</strong></span> <span class='ocrx_word' id='word_1_643' title='bbox 2608 5127 2932 5200; x_wconf 86' lang='grc' dir='ltr'><strong>οἰκουμένης</strong></span> <span class='ocrx_word' id='word_1_644' title='bbox 2952 5123 3090 5181; x_wconf 84' lang='grc' dir='ltr'><strong>εἶναι</strong></span> <span class='ocrx_word' id='word_1_645' title='bbox 3119 5126 3405 5190; x_wconf 83' lang='grc' dir='ltr'><strong>δοκοῦντες</strong></span> <span class='ocrx_word' id='word_1_646' title='bbox 3440 5126 3613 5197; x_wconf 70' lang='grc' dir='ltr'><strong>σοφοὶ,</strong></span> <span class='ocrx_word' id='word_1_647' title='bbox 3645 5128 3727 5188; x_wconf 83' lang='grc' dir='ltr'><strong>εἰς</strong></span> 
     </span>
    </p>
   </div>
   <div class='ocr_carea' id='block_1_99' title="bbox 1670 5285 2527 5347">
    <p class='ocr_par' dir='ltr' id='par_1_99' title="bbox 1670 5285 2527 5347">
     <span class='ocr_line' id='line_1_99' title="bbox 1670 5285 2527 5347; baseline 0.002 -3"><span class='ocrx_word' id='word_1_648' title='bbox 1670 5285 1943 5345; x_wconf 79' lang='lat' dir='ltr'><strong>VALESII</strong></span> <span class='ocrx_word' id='word_1_649' title='bbox 1979 5286 2527 5347; x_wconf 78' lang='lat' dir='ltr'><strong>ANNOTATIONES.</strong></span> 
     </span>
    </p>
   </div>
   <div class='ocr_carea' id='block_1_100' title="bbox 474 5372 2043 5450">
    <p class='ocr_par' dir='ltr' id='par_1_100' title="bbox 474 5372 2043 5450">
     <span class='ocr_line' id='line_1_100' title="bbox 474 5372 2043 5450; baseline 0.003 -19"><span class='ocrx_word' id='word_1_650' title='bbox 474 5372 884 5450; x_wconf 73' lang='lat' dir='ltr'><strong>multiformibus</strong></span> <span class='ocrx_word' id='word_1_651' title='bbox 900 5374 1064 5450; x_wconf 64' lang='lat' dir='ltr'><strong>molis</strong></span> <span class='ocrx_word' id='word_1_652' title='bbox 1086 5392 1348 5450; x_wconf 73' lang='lat' dir='ltr'><strong>oppressa:</strong></span> <span class='ocrx_word' id='word_1_653' title='bbox 1368 5378 1639 5449; x_wconf 77' lang='lat' dir='ltr'><strong>dispositio</strong></span> <span class='ocrx_word' id='word_1_654' title='bbox 1681 5381 1778 5435; x_wconf 79' lang='lat' dir='ltr'><strong>sibi</strong></span> <span class='ocrx_word' id='word_1_655' title='bbox 1800 5381 2043 5435; x_wconf 82' lang='lat' dir='ltr'><strong>commit-</strong></span> 
     </span>
    </p>
   </div>
   <div class='ocr_carea' id='block_1_101' title="bbox 474 5443 2045 5521">
    <p class='ocr_par' dir='ltr' id='par_1_101' title="bbox 474 5443 2045 5521">
     <span class='ocr_line' id='line_1_101' title="bbox 474 5443 2045 5521; baseline 0.003 -21"><span class='ocrx_word' id='word_1_656' title='bbox 474 5443 715 5521; x_wconf 48' lang='lat' dir='ltr'><strong>teretur;</strong></span> <span class='ocrx_word' id='word_1_657' title='bbox 735 5459 802 5521; x_wconf 54' lang='lat' dir='ltr'><strong>ea</strong></span> <span class='ocrx_word' id='word_1_658' title='bbox 824 5443 1059 5521; x_wconf 63' lang='lat' dir='ltr'><strong>uidelicet</strong></span> <span class='ocrx_word' id='word_1_659' title='bbox 1093 5443 1222 5521; x_wconf 71' lang='lat' dir='ltr'><strong>lege,</strong></span> <span class='ocrx_word' id='word_1_660' title='bbox 1269 5458 1325 5502; x_wconf 83' lang='lat' dir='ltr'><strong>ut</strong></span> <span class='ocrx_word' id='word_1_661' title='bbox 1373 5443 1467 5521; x_wconf 67' lang='lat' dir='ltr'><strong>nec</strong></span> <span class='ocrx_word' id='word_1_662' title='bbox 1515 5451 1903 5521; x_wconf 71' lang='lat' dir='ltr'><strong>prmfectianus,</strong></span> <span class='ocrx_word' id='word_1_663' title='bbox 1950 5466 2045 5505; x_wconf 74' lang='lat' dir='ltr'><strong>nec</strong></span> 
     </span>
    </p>
   </div>
   <div class='ocr_carea' id='block_1_102' title="bbox 474 5512 2045 5592">
    <p class='ocr_par' dir='ltr' id='par_1_102' title="bbox 474 5512 2045 5592">
     <span class='ocr_line' id='line_1_102' title="bbox 474 5512 2045 5592; baseline 0.001 -21"><span class='ocrx_word' id='word_1_664' title='bbox 474 5512 793 5592; x_wconf 57' lang='lat' dir='ltr'><strong>prmsidiglis</strong></span> <span class='ocrx_word' id='word_1_665' title='bbox 820 5516 1096 5588; x_wconf 79' lang='lat' dir='ltr'><strong>apparitor</strong></span> <span class='ocrx_word' id='word_1_666' title='bbox 1122 5512 1192 5575; x_wconf 60' lang='lat' dir='ltr'><strong>a&#39;d</strong></span> <span class='ocrx_word' id='word_1_667' title='bbox 1212 5512 1539 5592; x_wconf 56' lang='lat' dir='ltr'><strong>saltandum</strong></span> <span class='ocrx_word' id='word_1_668' title='bbox 1583 5512 1902 5592; x_wconf 68' lang='lat' dir='ltr'><strong>quamquam</strong></span> <span class='ocrx_word' id='word_1_669' title='bbox 1945 5536 2045 5592; x_wconf 39' lang='lat' dir='ltr'><strong>ur:-</strong></span> 
     </span>
    </p>
   </div>
   <div class='ocr_carea' id='block_1_103' title="bbox 474 5585 2043 5712">
    <p class='ocr_par' dir='ltr' id='par_1_103' title="bbox 474 5585 2043 5712">
     <span class='ocr_line' id='line_1_103' title="bbox 474 5585 2043 5712; baseline -0.002 -64"><span class='ocrx_word' id='word_1_670' title='bbox 474 5585 1161 5712; x_wconf 50' lang='grc' dir='ltr'><strong>ὲῦἴῗὶ-ιέἱὲἓῐξιέξηῧὲἒονί</strong></span> <span class='ocrx_word' id='word_1_671' title='bbox 1182 5592 1249 5646; x_wconf 89' lang='lat' dir='ltr'><strong>ad</strong></span> <span class='ocrx_word' id='word_1_672' title='bbox 1277 5590 1480 5647; x_wconf 90' lang='lat' dir='ltr'><strong>librum</strong></span> <span class='ocrx_word' id='word_1_673' title='bbox 1502 5585 1804 5647; x_wconf 81' lang='lat' dir='ltr'><strong>secundum</strong></span> <span class='ocrx_word' id='word_1_674' title='bbox 1818 5590 2043 5646; x_wconf 88' lang='lat' dir='ltr'><strong>Eusebii</strong></span> 
     </span>
    </p>
   </div>
   <div class='ocr_carea' id='block_1_104' title="bbox 510 5723 2038 5804">
    <p class='ocr_par' dir='ltr' id='par_1_104' title="bbox 510 5723 2038 5804">
     <span class='ocr_line' id='line_1_104' title="bbox 510 5723 2038 5804; baseline 0.003 -26"><span class='ocrx_word' id='word_1_675' title='bbox 510 5793 523 5804; x_wconf 42' lang='lat'><em>.</em></span> <span class='ocrx_word' id='word_1_676' title='bbox 552 5723 1359 5804; x_wconf 49' lang='lat' dir='ltr'><strong>(7{)_£goddp_q_tolrvr_§‘i£¢qr</strong></span> <span class='ocrx_word' id='word_1_677' title='bbox 1398 5732 1844 5804; x_wconf 63' lang='grc' dir='ltr'><strong>καταφαίνεται.</strong></span> <span class='ocrx_word' id='word_1_678' title='bbox 1877 5730 2038 5804; x_wconf 78' lang='lat' dir='ltr'><strong>Apud</strong></span> 
     </span>
    </p>
   </div>
   <div class='ocr_carea' id='block_1_105' title="bbox 484 5793 2039 5869">
    <p class='ocr_par' dir='ltr' id='par_1_105' title="bbox 484 5793 2039 5869">
     <span class='ocr_line' id='line_1_105' title="bbox 484 5793 2039 5869; baseline 0.005 -24"><span class='ocrx_word' id='word_1_679' title='bbox 484 5793 784 5869; x_wconf 63' lang='lat' dir='ltr'><strong>Eusebium</strong></span> <span class='ocrx_word' id='word_1_680' title='bbox 808 5793 864 5849; x_wconf 91' lang='lat' dir='ltr'><strong>in</strong></span> <span class='ocrx_word' id='word_1_681' title='bbox 894 5796 1141 5869; x_wconf 33' lang='lat' dir='ltr'><strong>librouiv</strong></span> <span class='ocrx_word' id='word_1_682' title='bbox 1169 5796 1246 5848; x_wconf 86' lang='lat' dir='ltr'><strong>De</strong></span> <span class='ocrx_word' id='word_1_683' title='bbox 1272 5796 1384 5869; x_wconf 63' lang='lat' dir='ltr'><strong>vita</strong></span> <span class='ocrx_word' id='word_1_684' title='bbox 1434 5793 1742 5864; x_wconf 77' lang='lat' dir='ltr'><strong>Constant.,</strong></span> <span class='ocrx_word' id='word_1_685' title='bbox 1792 5810 1848 5854; x_wconf 89' lang='lat' dir='ltr'><strong>et</strong></span> <span class='ocrx_word' id='word_1_686' title='bbox 1894 5793 2039 5869; x_wconf 82' lang='lat' dir='ltr'><strong>apud</strong></span> 
     </span>
    </p>
   </div>
   <div class='ocr_carea' id='block_1_106' title="bbox 484 5861 2039 5935">
    <p class='ocr_par' dir='ltr' id='par_1_106' title="bbox 484 5861 2039 5935">
     <span class='ocr_line' id='line_1_106' title="bbox 484 5861 2039 5935; baseline -0.008 0"><span class='ocrx_word' id='word_1_687' title='bbox 484 5861 879 5935; x_wconf 66' lang='grc' dir='ltr'><strong>Τιιιῗοάονίιιιιη</strong></span> <span class='ocrx_word' id='word_1_688' title='bbox 921 5867 976 5921; x_wconf 77' lang='lat' dir='ltr'><strong>ill</strong></span> <span class='ocrx_word' id='word_1_689' title='bbox 1019 5866 1163 5921; x_wconf 73' lang='lat' dir='ltr'><strong>libro</strong></span> <span class='ocrx_word' id='word_1_690' title='bbox 1207 5882 1221 5918; x_wconf 85' lang='grc' dir='ltr'><strong>ι</strong></span> <span class='ocrx_word' id='word_1_691' title='bbox 1274 5867 1528 5925; x_wconf 74' lang='lat' dir='ltr'><strong>Historia:</strong></span> <span class='ocrx_word' id='word_1_692' title='bbox 1555 5913 1568 5935; x_wconf 94' lang='lat'><strong>,</strong></span> <span class='ocrx_word' id='word_1_693' title='bbox 1611 5871 1701 5925; x_wconf 86' lang='lat' dir='ltr'><strong>hic</strong></span> <span class='ocrx_word' id='word_1_694' title='bbox 1734 5861 2039 5927; x_wconf 46' lang='lat' dir='ltr'><strong>locus-ila</strong></span> 
     </span>
    </p>
   </div>
   <div class='ocr_carea' id='block_1_107' title="bbox 485 5930 2042 6009">
    <p class='ocr_par' dir='ltr' id='par_1_107' title="bbox 485 5930 2042 6009">
     <span class='ocr_line' id='line_1_107' title="bbox 485 5930 2042 6009; baseline 0.001 -22"><span class='ocrx_word' id='word_1_695' title='bbox 485 5930 690 6001; x_wconf 76' lang='lat' dir='ltr'><strong>legitur</strong></span> <span class='ocrx_word' id='word_1_696' title='bbox 731 5948 794 5988; x_wconf 85' lang='lat' dir='ltr'><strong>ac</strong></span> <span class='ocrx_word' id='word_1_697' title='bbox 841 5934 1222 6008; x_wconf 71' lang='lat' dir='ltr'><strong>distinguitur,</strong></span> <span class='ocrx_word' id='word_1_698' title='bbox 1275 5940 1349 6002; x_wconf 74' lang='grc' dir='ltr'><strong>ὡς</strong></span> <span class='ocrx_word' id='word_1_699' title='bbox 1380 5930 1594 5996; x_wconf 71' lang='grc' dir='ltr'><strong>πάντων</strong></span> <span class='ocrx_word' id='word_1_700' title='bbox 1635 5943 1809 5996; x_wconf 78' lang='grc' dir='ltr'><strong>ἐκεῖσε</strong></span> <span class='ocrx_word' id='word_1_701' title='bbox 1847 5938 2042 6009; x_wconf 69' lang='grc' dir='ltr'><strong>πολλὴν</strong></span> 
     </span>
    </p>
   </div>
   <div class='ocr_carea' id='block_1_108' title="bbox 2138 5375 3722 5448">
    <p class='ocr_par' dir='ltr' id='par_1_108' title="bbox 2138 5375 3722 5448">
     <span class='ocr_line' id='line_1_108' title="bbox 2138 5375 3722 5448; baseline -0.002 -13"><span class='ocrx_word' id='word_1_702' title='bbox 2138 5381 2412 5436; x_wconf 85' lang='grc' dir='ltr'><strong>λαϐόντων</strong></span> <span class='ocrx_word' id='word_1_703' title='bbox 2439 5378 2687 5448; x_wconf 76' lang='grc' dir='ltr'><strong>αὔξησιν,</strong></span> <span class='ocrx_word' id='word_1_704' title='bbox 2716 5375 2917 5448; x_wconf 77' lang='grc' dir='ltr'><strong>σφόδρα</strong></span> <span class='ocrx_word' id='word_1_705' title='bbox 2944 5377 3093 5442; x_wconf 75' lang='grc' dir='ltr'><strong>ἄξιον</strong></span> <span class='ocrx_word' id='word_1_706' title='bbox 3122 5376 3580 5445; x_wconf 80' lang='grc' dir='ltr'><strong>καταφαίνεσθαι,</strong></span> <span class='ocrx_word' id='word_1_707' title='bbox 3613 5388 3722 5432; x_wconf 90' lang='lat' dir='ltr'><strong>etc.</strong></span> 
     </span>
    </p>
   </div>
   <div class='ocr_carea' id='block_1_109' title="bbox 2211 5448 3725 5523">
    <p class='ocr_par' dir='ltr' id='par_1_109' title="bbox 2211 5448 3725 5523">
     <span class='ocr_line' id='line_1_109' title="bbox 2211 5448 3725 5523; baseline -0.004 -16"><span class='ocrx_word' id='word_1_708' title='bbox 2211 5451 2324 5523; x_wconf 74' lang='lat'><strong>(75)</strong></span> <span class='ocrx_word' id='word_1_709' title='bbox 2360 5449 3089 5523; x_wconf 53' lang='lat' dir='ltr'><strong>Atarnicsngadoltxor.</strong></span> <span class='ocrx_word' id='word_1_710' title='bbox 3141 5449 3299 5503; x_wconf 84' lang='lat' dir='ltr'><strong>Hunc</strong></span> <span class='ocrx_word' id='word_1_711' title='bbox 3339 5448 3725 5523; x_wconf 75' lang='lat' dir='ltr'><strong>loeum_exp_o-</strong></span> 
     </span>
    </p>
   </div>
   <div class='ocr_carea' id='block_1_110' title="bbox 2139 5517 3726 5587">
    <p class='ocr_par' dir='ltr' id='par_1_110' title="bbox 2139 5517 3726 5587">
     <span class='ocr_line' id='line_1_110' title="bbox 2139 5517 3726 5587; baseline -0.005 -9"><span class='ocrx_word' id='word_1_712' title='bbox 2139 5517 2230 5578; x_wconf 82' lang='lat' dir='ltr'><strong>sui</strong></span> <span class='ocrx_word' id='word_1_713' title='bbox 2255 5517 2315 5576; x_wconf 77' lang='lat' dir='ltr'><strong>in</strong></span> <span class='ocrx_word' id='word_1_714' title='bbox 2369 5520 2832 5576; x_wconf 80' lang='lat' dir='ltr'><strong>Annotationibus</strong></span> <span class='ocrx_word' id='word_1_715' title='bbox 2888 5518 2956 5573; x_wconf 88' lang='lat' dir='ltr'><strong>ad</strong></span> <span class='ocrx_word' id='word_1_716' title='bbox 2990 5519 3192 5573; x_wconf 90' lang='lat' dir='ltr'><strong>librum</strong></span> <span class='ocrx_word' id='word_1_717' title='bbox 3223 5525 3477 5587; x_wconf 53' lang='lat' dir='ltr'><strong>quantum</strong></span> <span class='ocrx_word' id='word_1_718' title='bbox 3507 5518 3581 5572; x_wconf 89' lang='lat' dir='ltr'><strong>De</strong></span> <span class='ocrx_word' id='word_1_719' title='bbox 3613 5517 3726 5570; x_wconf 82' lang='lat' dir='ltr'><strong>vita</strong></span> 
     </span>
    </p>
   </div>
   <div class='ocr_carea' id='block_1_111' title="bbox 2139 5585 3729 5653">
    <p class='ocr_par' dir='ltr' id='par_1_111' title="bbox 2139 5585 3729 5653">
     <span class='ocr_line' id='line_1_111' title="bbox 2139 5585 3729 5653; baseline -0.005 -4"><span class='ocrx_word' id='word_1_720' title='bbox 2139 5591 2504 5649; x_wconf 81' lang='lat' dir='ltr'><strong>Constantini.</strong></span> <span class='ocrx_word' id='word_1_721' title='bbox 2557 5590 2634 5645; x_wconf 89' lang='lat' dir='ltr'><strong>De</strong></span> <span class='ocrx_word' id='word_1_722' title='bbox 2673 5589 2990 5653; x_wconf 83' lang='grc' dir='ltr'><strong>Καθολικοίς</strong></span> <span class='ocrx_word' id='word_1_723' title='bbox 3021 5604 3174 5652; x_wconf 89' lang='lat' dir='ltr'><strong>vero,</strong></span> <span class='ocrx_word' id='word_1_724' title='bbox 3216 5585 3312 5643; x_wconf 78' lang='lat' dir='ltr'><strong>seu</strong></span> <span class='ocrx_word' id='word_1_725' title='bbox 3350 5585 3729 5641; x_wconf 80' lang='lat' dir='ltr'><strong>Rationalibus</strong></span> 
     </span>
    </p>
   </div>
   <div class='ocr_carea' id='block_1_112' title="bbox 2141 5655 3726 5732">
    <p class='ocr_par' dir='ltr' id='par_1_112' title="bbox 2141 5655 3726 5732">
     <span class='ocr_line' id='line_1_112' title="bbox 2141 5655 3726 5732; baseline -0.005 -14"><span class='ocrx_word' id='word_1_726' title='bbox 2141 5665 2316 5718; x_wconf 87' lang='lat' dir='ltr'><strong>multa</strong></span> <span class='ocrx_word' id='word_1_727' title='bbox 2338 5661 2489 5726; x_wconf 77' lang='lat' dir='ltr'><strong>dixi,</strong></span> <span class='ocrx_word' id='word_1_728' title='bbox 2523 5662 2722 5732; x_wconf 88' lang='lat' dir='ltr'><strong>partim</strong></span> <span class='ocrx_word' id='word_1_729' title='bbox 2755 5661 2810 5715; x_wconf 90' lang='lat' dir='ltr'><strong>in</strong></span> <span class='ocrx_word' id='word_1_730' title='bbox 2830 5657 3251 5732; x_wconf 75' lang='lat' dir='ltr'><strong>Commentariis</strong></span> <span class='ocrx_word' id='word_1_731' title='bbox 3284 5659 3351 5711; x_wconf 90' lang='lat' dir='ltr'><strong>ad</strong></span> <span class='ocrx_word' id='word_1_732' title='bbox 3380 5655 3726 5732; x_wconf 73' lang='lat' dir='ltr'><strong>Ammianum</strong></span> 
     </span>
    </p>
   </div>
   <div class='ocr_carea' id='block_1_113' title="bbox 2156 5725 3728 5806">
    <p class='ocr_par' dir='ltr' id='par_1_113' title="bbox 2156 5725 3728 5806">
     <span class='ocr_line' id='line_1_113' title="bbox 2156 5725 3728 5806; baseline -0.003 -20"><span class='ocrx_word' id='word_1_733' title='bbox 2156 5725 2554 5806; x_wconf 71' lang='lat' dir='ltr'><strong>Marcellinum,</strong></span> <span class='ocrx_word' id='word_1_734' title='bbox 2592 5730 2882 5806; x_wconf 77' lang='lat' dir='ltr'><strong>partimin</strong></span> <span class='ocrx_word' id='word_1_735' title='bbox 2910 5729 3064 5806; x_wconf 63' lang='lat' dir='ltr'><strong>Notis</strong></span> <span class='ocrx_word' id='word_1_736' title='bbox 3114 5728 3181 5783; x_wconf 86' lang='lat' dir='ltr'><strong>ad</strong></span> <span class='ocrx_word' id='word_1_737' title='bbox 3229 5733 3482 5806; x_wconf 56' lang='lat' dir='ltr'><strong>escerpta</strong></span> <span class='ocrx_word' id='word_1_738' title='bbox 3538 5725 3728 5806; x_wconf 62' lang='lat' dir='ltr'><strong>[liquis</strong></span> 
     </span>
    </p>
   </div>
   <div class='ocr_carea' id='block_1_114' title="bbox 2145 5795 3726 5880">
    <p class='ocr_par' dir='ltr' id='par_1_114' title="bbox 2145 5795 3726 5880">
     <span class='ocr_line' id='line_1_114' title="bbox 2145 5795 3726 5880; baseline -0.005 -21"><span class='ocrx_word' id='word_1_739' title='bbox 2145 5803 2457 5880; x_wconf 73' lang='lat' dir='ltr'><strong>Cocceiani,</strong></span> <span class='ocrx_word' id='word_1_740' title='bbox 2492 5795 2691 5880; x_wconf 73' lang='lat' dir='ltr'><strong>pariim</strong></span> <span class='ocrx_word' id='word_1_741' title='bbox 2713 5802 2912 5880; x_wconf 77' lang='lat' dir='ltr'><strong>_ctiau_i_</strong></span> <span class='ocrx_word' id='word_1_742' title='bbox 2936 5800 2991 5854; x_wconf 91' lang='lat' dir='ltr'><strong>in</strong></span> <span class='ocrx_word' id='word_1_743' title='bbox 3019 5795 3483 5880; x_wconf 40' lang='lat' dir='ltr'><strong>:Qnuotationibus</strong></span> <span class='ocrx_word' id='word_1_744' title='bbox 3515 5796 3582 5852; x_wconf 86' lang='lat' dir='ltr'><strong>ad</strong></span> <span class='ocrx_word' id='word_1_745' title='bbox 3627 5795 3726 5852; x_wconf 86' lang='lat' dir='ltr'><strong>lli-</strong></span> 
     </span>
    </p>
   </div>
   <div class='ocr_carea' id='block_1_115' title="bbox 2151 5869 3116 5932">
    <p class='ocr_par' dir='ltr' id='par_1_115' title="bbox 2151 5869 3116 5932">
     <span class='ocr_line' id='line_1_115' title="bbox 2151 5869 3116 5932; baseline -0.006 -3"><span class='ocrx_word' id='word_1_746' title='bbox 2151 5876 2376 5932; x_wconf 69' lang='lat' dir='ltr'><strong>storiam</strong></span> <span class='ocrx_word' id='word_1_747' title='bbox 2422 5869 2849 5932; x_wconf 70' lang='lat' dir='ltr'><strong>ecclesiasticam</strong></span> <span class='ocrx_word' id='word_1_748' title='bbox 2873 5869 3116 5926; x_wconf 87' lang='lat' dir='ltr'><strong>Eusebii.</strong></span> 
     </span>
    </p>
   </div>
  </div>
