4050 6348
309 273 373 326 9:,-
1286 268 1606 325 lilSTORlA
1643 267 2193 325 ECCLESIASTICA.
2237 300 2302 308 —
2341 270 2468 325 LIB.
2511 272 2550 324 ι.
3465 279 3538 333 98

304 395 359 446 ἓν
391 391 485 446 καὶ
507 391 570 445 τὸ
593 391 727 446 αὐτὸ
759 388 1101 452 συνελθόντες
1119 428 1132 450 ,
1168 388 1315 452 ἄξιόν
1345 406 1399 461 τι
1429 388 1523 441 τοῦ
1549 388 1868 458 πράγματος

1978 404 2072 457 pro
2105 389 2270 461 hujus
2297 391 2376 444 rei
2413 390 2674 460 dignitate
2725 390 2910 447 dicere
2959 381 3433 459 instituerent,'ne
3466 393 3538 448 ad

308 484 633 554 ίθελήσωσιν
705 484 914 543 εἰπεῖν,
957 481 1064 535 οὐδ’
1118 480 1185 533 ἂν
1241 481 1373 552 πρὸς
1419 481 1481 533 τὺ
1535 479 1870 550 βραχύτατον

309 573 665 644 ἀμιλληθῆναι
693 574 1032 644 δυνήσονταιο
1056 571 1148 624 ἐπὶ
1193 570 1430 641 τοσούτῳ
1457 572 1634 624 πᾶσαν
1658 570 1868 641 ἀνθρω-

310 668 462 721 πίνου
489 666 751 738 λογισμοῦ
804 664 1112 736 χωρητικὴν
1171 664 1330 733 φύσιν
1364 665 1398 735 ή
1447 662 1540 716 τοῦ
1597 662 1872 732 θαύματος

310 761 494 814 τούτου
526 760 708 822 πίστις
733 757 1068 828 ὑπερϐαίνει,
1102 757 1210 826 ὅσῳ
1259 755 1368 807 τῶν
1409 754 1759 826 ἀνθρωπίνων
1804 752 1873 806 τὰ

310 853 531 922 οὐράνια
557 851 881 920 συνέστηκεν
904 844 1044 904 εἷναι
1076 846 1432 918 δυνατώτερα.
1454 846 1551 899 Διὰ
1568 845 1723 899 τοῦτο
1741 844 1872 914 γοῦν

310 937 457 1004 οὗτος
481 943 568 994 ἀεὶ
600 940 697 994 καὶ
727 941 936 1009 πρῶτος
963 939 1056 992 καί⁵
1086 939 1242 1009 μόνος
1275 937 1391 989 ἐστί
1432 955 1522 1006 μοι
1557 935 1776 1000 σκοπὸς,
1805 936 1870 988 ἵν’

312 1032 495 1102 ὥσπερ
518 1029 716 1100 ἑαυτὴν
747 1028 1012 1099 ὁσημέραι
1043 1026 1368 1097 καινοτέροις
1395 1025 1684 1095 θαύμασιν,
1712 1028 1745 1095 ἡ
1774 1025 1873 1096 τῆς

312 1124 563 1194 ἀληθείας
597 1123 774 1182 πίστις
802 1120 1148 1182 ἐνδείκνυσιν,
1174 1118 1315 1172 οὕτω
1341 1119 1432 1171 καὶ
1458 1119 1513 1171 αί
1541 1116 1710 1186 ψυχαὶ
1736 1116 1871 1169 πάν-

311 1233 415 1268 των
447 1214 606 1284 ἡμῶν
664 1215 788 1280 περὶ
833 1213 922 1264 τὸν
983 1213 1136 1279 ᾰγιον
1185 1211 1366 1280 νόμον,
1427 1208 1744 1281 σωφροσύνῃ
1781 1208 1873 1261 καὶ

312 1307 646 1376 όμογνώμονι
727 1304 1034 1375 προθυμίᾳ,
1109 1301 1514 1371 σπουδαιότεραι
1585 1302 1870 1370 γίγνοιντο.

316 1398 488 1466 Ὅπερ
522 1393 708 1462 ἐπειδὴ
763 1394 924 1446 πᾶσιν
971 1389 1106 1444 εἶναι
1154 1390 1358 1462 νομίζω
1403 1392 1650 1461 φανερὸν,
1699 1393 1875 1445 ἐκεῖνο

318 1487 550 1558 μάλιστά
589 1501 646 1538 σε
680 1483 967 1537 πεπεῖσθαι
998 1481 1274 1552 βούλομαι,
1303 1481 1376 1545 ὼς
1399 1481 1505 1553 ἄρα
1547 1481 1759 1535 πάντων
1783 1498 1873 1549 μοι

319 1577 465 1647 μέλει
492 1575 716 1647 μᾶλλον,
735 1575 884 1636 ὅπως
907 1572 995 1625 τὸν
1030 1573 1172 1644 ἱερὸν
1199 1574 1400 1625 ἐκεῖνον
1430 1572 1613 1634 τόπον,
1660 1570 1718 1623 ὃν
1740 1569 1873 1624 Θεοῦ

314 1668 693 1739 προστάγματι
719 1664 1000 1734 αἰσχίστης
1048 1662 1263 1716 εἰδώλου
1310 1662 1648 1733 προσθήκης,
1687 1660 1874 1726 ὣσπερ

1972 480 2252 535 minimam
2285 481 2506 550 quidem
2551 483 2671 552 ejus
2703 492 2910 553 partem
2935 487 3175 556 aspirare
3209 502 3368 557 posse
3401 487 3538 542 mihi

1971 571 2252 626 videntur.
2291 571 2505 644 Quippe
2543 575 2707 645 hujus
2743 575 2991 631 miraculi
3027 577 3162 632 fides
3193 593 3409 632 onmem
3433 578 3538 632 hu—

1971 678 2145 719 manae
2183 665 2412 720 rationis
2444 681 2698 737 capacem
2751 675 3002 723 naturam
3053 678 3262 724 tantum
3301 669 3539 736 excedit,

1970 763 2234 823 quantum
2278 756 2534 813 humanis
2569 757 2750 814 divina
2794 760 3130 830 praecellunt.
3161 759 3429 828 Quocirca
3451 761 3544 816 hic

1972 859 2116 899 unus
2131 846 2263 900 mihi
2284 861 2346 901 ac
2369 847 2674 918 praecipuus
2693 864 2908 920 semper
2925 857 3006 904 est
3028 866 3243 920 scopus,
3268 861 3328 906 ut
3347 868 3542 922 quem-

1969 933 2261 989 admodum
2304 937 2554 992 veritatis
2599 936 2736 993 fides
2766 939 2924 994 novis
2965 939 3212 1009 quotidie
3264 940 3546 996 miraculis

1976 1023 2312 1089 inclarescit,
2346 1027 2426 1081 sic
2463 1027 2628 1082 etiam
2665 1036 2876 1084 mentes
2915 1030 3161 1084 omnium
3201 1040 3449 1086 nostrum
3473 1030 3544 1085 ad

1971 1118 2331 1174 sanctissimae
2391 1119 2527 1189 legis
2574 1120 2975 1176 observantiam
3005 1137 3128 1176 cum
3171 1124 3318 1177 omni
3354 1122 3546 1178 mode-

1975 1206 2078 1260 stia
2105 1214 2160 1260 et
2183 1206 2440 1261 concordi
2462 1208 2741 1264 alacritate
2769 1210 3086 1265 incitentur.
3112 1211 3263 1278 Quod
3285 1212 3546 1281 quoniam

1978 1298 2236 1353 omnibus
2280 1301 2782 1370 perspectissimum
2823 1317 2943 1357 esse
2983 1304 3229 1369 conﬁdo,
3264 1305 3316 1359 id
3359 1305 3458 1359 tibi
3487 1305 3544 1359 in

1972 1386 2166 1456 primis
2193 1403 2511 1458 persuasum
2539 1389 2700 1443 velim
2726 1430 2741 1454 ,
2771 1390 2907 1444 nihil
2941 1391 3075 1445 mihi
3109 1393 3390 1462 antiquius
3423 1407 3546 1447 esse

1974 1496 2136 1550 quam
2168 1488 2229 1535 ut
2261 1496 2476 1536 sacrum
2507 1481 2658 1535 illum
2687 1482 2890 1546 locum,
2917 1499 3077 1553 quem
3110 1485 3204 1540 Dei
3241 1487 3397 1555 jussu
3430 1493 3549 1539 tur-

1973 1572 2195 1642 pissima
2241 1573 2540 1642 adjectione
2592 1574 2866 1628 simulacri
2910 1575 3058 1630 velut
3106 1578 3257 1646 gravi
3304 1577 3543 1647 quodam

1975 1659 2216 1728 pondere
2238 1660 2560 1726 exoneravi;
2589 1669 2644 1715 et
2669 1662 2762 1731 qui
2793 1662 2861 1716 ab
2893 1663 3050 1718 initio
3081 1665 3301 1735 quidem
3329 1666 3425 1720 Dei
3453 1666 3547 1736 ju-

314 1759 453 1822 τινὸς
507 1756 854 1828 ἐπικειμένου
907 1755 1104 1826 βάρους
1158 1753 1440 1825 ὲκούφισα,
1481 1754 1634 1823 ἅγιον
1694 1753 1790 1825 μὲν
1819 1752 1877 1817 ἐξ

1978 1750 2122 1806 dicio
2149 1759 2370 1806 sanctus
2393 1751 2517 1818 fuit,
2555 1761 2742 1824 postca
2775 1770 2909 1809 vero
2935 1757 3107 1810 multo
3139 1756 3377 1811 sanctior
3411 1756 3549 1811 elic-

316 1854 482 1921 ἀρχῆς
531 1848 664 1903 Θεοῦ
698 1847 875 1920 κρίσει
904 1847 1286 1918 γεγενημένον,
1312 1846 1607 1918 άγιὼτερον
1641 1847 1698 1901 δὲ
1740 1848 1874 1899 ἀπο·

315 1941 600 2009 φανθέντα,
635 1939 728 2008 ἀφ’
755 1934 816 1994 οῦ
869 1939 964 2010 τὴν
1005 1939 1098 1992 τοῦ
1145 1940 1410 2011 σωτηρίου
1467 1938 1670 2001 πάθους
1696 1938 1874 1993 πίστιν

317 2034 388 2096 εἰς
415 2032 530 2100 ιρῶς
555 2034 886 2103 προήγαγεν,
915 2032 1356 2103 οἰκοδομημάτων
1383 2031 1566 2086 κάλλει
1587 2031 1874 2102 κοσμήσω-

321 2145 430 2196 μιν.
447 2126 722 2196 Προσήκει
751 2125 928 2178 τοίνυν
946 2125 1044 2195 τὴν
1061 2125 1158 2196 σὴν
1178 2127 1454 2197 ἀγχίνοιαν
1467 2125 1608 2178 οὕτω
1631 2123 1873 2188 διατάξαι

317 2231 393 2279 τε,
420 2215 515 2266 καὶ
534 2213 764 2265 ἑκάστου
789 2212 896 2264 τῶν
917 2213 1226 2280 ἀναγκαίων
1249 2213 1577 2284 ποιήσασθαι
1595 2213 1872 2284 πρόνοιαν,

318 2305 389 2368 ὡς
416 2307 477 2357 ού
515 2304 676 2374 μόνον
708 2303 984 2374 βασιλικὴν
1015 2303 1122 2357 τῶν
1151 2305 1424 2376 πανταχοῦ
1456 2305 1720 2376 βεὶτίονα,
1742 2303 1876 2357 ἀλλὰ

319 2399 407 2450 καὶ
425 2398 490 2451 τὰ
537 2399 721 2463 λοιπὰ,
774 2398 994 2454 τοιαῦτα
1019 2397 1288 2468 γενέσθαι,
1342 2398 1416 2460 ὡς
1456 2396 1630 2450 πάντα
1668 2395 1736 2448 τὰ
1789 2395 1874 2463 ἐφ’

318 2487 547 2559 ἑκάστης
576 2490 780 2552 πόλεως
827 2489 1258 2548 καλλιστεύοντα,
1294 2487 1398 2540 ὑπὸ
1439 2486 1533 2539 τοῦ
1581 2485 1875 2554 κτίσματος
1906 2558 1912 2565 _

317 2578 501 2631 τούτου
525 2579 798 2633 νικᾶσθαι·
819 2582 911 2634 καὶ
947 2580 1076 2653 περὶ
1105 2581 1202 2651 μὲν
1244 2579 1342 2649 τῆς
1362 2578 1469 2632 τῶν
1490 2578 1683 2648 τοίχων
1707 2579 1875 2648 ἐργα-

321 2670 431 2733 σίας
460 2688 520 2724 τε
557 2674 653 2727 καὶ
681 2673 1046 2744 καλλιεργίας,
1098 2671 1461 2745 Δρακιλλιανῷ
1503 2671 1580 2742 τῷ
1626 2670 1875 2741 ἡμετέρῳ

320 2763 450 2834 eiii?
512 2762 754 2816 διέποντι
843 2764 950 2818 τῶν
1025 2764 1420 2835 λαμπροτάτων
1490 2765 1743 2834 ἐπάρχων
1807 2762 1876 2816 τὰ

321 2854 452 2923 μέρη
475 2854 610 2924 (τε),
640 2854 734 2906 καὶ
780 2853 856 2924 τῷ
891 2855 985 2924 τῆς
1008 2854 1275 2926 ἐπαρχίας
1296 2853 1533 2923 ἄρχοντι,
1563 2851 1692 2923 παρ’
1721 2851 1875 2923 ήμῶν

316 2946 709 3018 ἐγκεχειρίσθαι
760 2946 859 3016 τὴν
910 2945 1159 3015 φροντίδα
1207 2945 1460 3013 γίνωσκε.
1512 2943 1874 2997 Κεκέλευσται

316 3035 423 3104 γὰρ
481 3034 582 3086 ὑπὸ
627 3033 728 3102 τῆς
781 3033 917 3103 ἐμῆς
965 3032 1277 3095 εὐσεϐείας,
1327 3033 1422 3085 καὶ
1477 3032 1722 3102 τεχνίτας
1783 3033 1874 3085 καὶ

1975 1854 2096 1900 etus
2123 1852 2226 1911 est,
2258 1860 2325 1899 ex
2352 1862 2461 1916 quo
2491 1847 2785 1902 Dominica:
2809 1848 3078 1918 passionis
3101 1848 3260 1904 fidem
3288 1849 3342 1903 in
3368 1849 3549 1903 lucem

1974 1936 2218 2004 protulit;
2238 1951 2386 2002 eum,
2412 1937 2654 2007 inquam,
2679 1939 2858 1994 locum
2880 1939 3213 1995 fabricarum
3237 1940 3547 2010 pulchritu-

1975 2026 2102 2081 dine
2143 2042 2490 2083 exorncmus.
2543 2030 2708 2084 Decet
2752 2031 2936 2101 itaque
2983 2032 3329 2102 prudentiam
3375 2040 3548 2097 tuam,

1974 2119 2184 2189 singula
2213 2121 2280 2174 ad
2307 2136 2443 2190 opus
2483 2123 2790 2177 necessaria
2815 2123 2889 2177 ita
2915 2123 3206 2194 disponere
3244 2133 3301 2178 et
3329 2140 3548 2189 curare,

1976 2216 2036 2262 ut
2085 2225 2195 2262 non
2239 2210 2403 2264 modo
2448 2209 2675 2265 basilica
2715 2211 2829 2282 ipsa
2881 2214 3124 2267 omnium
3168 2229 3288 2283 qua:
3341 2214 3548 2284 ubique

1974 2308 2102 2354 sunt
2125 2299 2490 2369 pulcherrima
2514 2318 2528 2366 ;
2559 2301 2653 2355 sed
2683 2311 2739 2356 et
2768 2302 2976 2373 reliqua
3001 2303 3248 2357 membra
3276 2303 3550 2373 ejusmodi

1975 2393 2104 2456 sint,
2142 2400 2204 2447 ut
2249 2408 2440 2447 omnes
2475 2394 2808 2463 singularum
2849 2395 3068 2450 urbium
3109 2395 3328 2452 fabricae
3370 2413 3549 2466 quan-

1977 2483 2177 2537 tumvis
2210 2484 2444 2548 eximize,
2479 2484 2548 2538 ab
2589 2486 2689 2540 hac
2729 2500 2836 2540 una
2875 2485 3036 2541 facile
3071 2496 3419 2558 superentur.
3471 2489 3552 2544 Ac

1975 2574 2042 2628 de
2097 2575 2367 2644 parietum
2413 2575 2634 2646 quidem
2690 2577 3098 2633 substructione
3147 2587 3207 2633 et
3255 2580 3549 2650 elegantia,

1976 2665 2280 2719 Draciliano
2337 2666 2514 2720 amico
2559 2674 2769 2729 nostro,
2805 2667 2986 2736 agenti
3025 2672 3174 2721 vices
3214 2669 3551 2722 clarissimo—

1976 2771 2097 2809 rum
2145 2755 2522 2825 praefectorum
2573 2757 2862 2828 praetorio,
2894 2765 2951 2811 et
2994 2759 3213 2828 praesidi
3257 2759 3554 2830 provincia:

1977 2849 2118 2902 scias
2147 2863 2178 2902 a
2207 2864 2296 2902 me
2319 2864 2505 2904 curam
2530 2863 2650 2903 esse
2681 2850 3047 2905 commissam.
3085 2851 3253 2906 Jussit
3279 2851 3552 2922 siquidem

1976 2939 2151 3008 pictas
2182 2947 2368 2992 nostra
2403 2947 2460 2993 ut
2494 2939 2732 2994 artiﬁces
2755 2950 2811 2994 et
2842 2942 3101 3010 operarii,
3129 2949 3184 2994 et
3213 2957 3553 3012 quaecunque

1977 3029 2044 3082 ad
2081 3028 2187 3083 hoc
2230 3043 2368 3098 opus
2397 3030 2708 3083 necesSaria
2735 3045 2854 3085 esse
2891 3045 2960 3084 ex
3000 3031 3290 3100 prudentia
3325 3040 3415 3085 tua
3455 3047 3551 3086 co-

315 3123 567 3195 ἐργάτας,
597 3123 690 3177 καὶ
723 3123 881 3177 πάνθ’
907 3125 1004 3177 ὅσα
1027 3124 1152 3193 περὶ
1175 3122 1270 3192 τὴν
1294 3121 1576 3192 οἰκοδομὴν
1603 3123 1872 3188 ἀναγκαῖα

1978 3119 2284 3190 gnoverint,
2332 3121 2586 3189 protinus
2629 3121 2867 3177 instante
2914 3122 3134 3176 illorum
3184 3123 3554 3178 sollicitudine

313 3214 618 3282 τυγχάνειν,
672 3212 824 3283 παρὰ
866 3212 962 3283 τῆς
1009 3213 1106 3281 σῆς
1161 3213 1523 3282 καταμάθοιεν
1576 3211 1871 3281 ἀγχινοίας,

317 3303 646 3374 παραχρῆμα
670 3303 755 3355 διὰ
783 3302 880 3372 τῆς
913 3303 1132 3354 ἐκείνων
1179 3302 1430 3373 προνοίας
1484 3301 1872 3371 ἀποσταλῆναι.

321 3394 448 3464 Περὶ
479 3393 536 3446 δὲ
565 3391 672 3444 τῶν
719 3392 929 3458 κιόνων,
960 3391 991 3461 ἢ
1028 3391 1135 3444 τῶν
1189 3393 1513 3462 μαρμάρων,
1547 3392 1584 3444 ὃ.
1620 3390 1665 3444 δ’
1695 3390 1760 3445 ἂν
1787 3408 1875 3444 νο-

325 3486 481 3554 μίσῃς
509 3480 650 3536 εἶναι
699 3481 1002 3553 τιμιώτερά
1031 3499 1088 3535 τε
1141 3481 1233 3536 καὶ
1264 3479 1672 3552 χρησιμώτερα,
1716 3481 1877 3544 αὐτὸς

322 3576 590 3644 owed/eeo;
620 3574 915 3644 γενομένης
952 3572 1085 3642 πρὸς
1135 3573 1280 3642 ἡμᾶς
1323 3572 1526 3643 γράψαι
1559 3571 1874 3624 σπούδασον

321 3667 382 3720 ἶν’
410 3669 546 3720 ὅσων
578 3667 626 3720 δ’
652 3667 717 3720 ἂν
743 3666 837 3720 καὶ
865 3667 1060 3720 ὁποίων
1091 3665 1276 3737 χρείαν
1300 3663 1438 3718 εἶναι
1463 3664 1550 3718 διὰ
1576 3663 1666 3718 τοῦ
1699 3665 1878 3736 γράμ-

326 3775 484 3826 ματος
512 3757 841 3826 ὲπιγνώμεν,
886 3755 1056 3809 ταῦτα
1110 3755 1438 3824 πανταχόθεν
1499 3754 1878 3824 μετενεχθῆναι

319 3847 536 3918 δυνηθῇ.
572 3848 677 3900 Τὸν
697 3847 805 3918 γὰρ
828 3847 920 3900 τοῦ
971 3849 1174 3918 κόσμου
1203 3844 1645 3916 θαυμασιώτερον
1697 3845 1876 3908 τόπον,

322 3940 438 3994 κατ’
465 3941 621 4006 ἀξίαν
655 3939 1032 4011 φαιδρύνεσθαι
1079 3939 1304 3993 δίκαιον.
1355 3939 1464 4010 Τὴν
1512 3939 1568 3991 δὲ
1597 3939 1690 4007 τῆς
1725 3937 1880 4009 βασι-

322 4027 469 4098 λικῆς
516 4027 798 4098 καμάραν,
851 4027 1078 4097 πότερον
1114 4026 1473 4098 λακωναρίαν,
1519 4026 1550 4097 ἥ
1608 4026 1696 4080 διά
1739 4043 1881 4089 τινος

322 4118 506 4189 ἑτέρας
529 4117 790 4188 ἐργασίας
815 4115 1066 4185 γενέσθαι
1116 4116 1283 4176 δοκεῖ.
1333 4114 1483 4185 παρὰ
1541 4114 1633 4167 σοῦ
1681 4115 1881 4184 γνῶναι

324 4209 595 4280 βούλομαι.
629 4210 692 4276 Ei
718 4209 826 4279 γὰρ
853 4209 1165 4278 λακωναρία
1200 4208 1378 4278 μέλλοι
1411 4203 1567 4272 εἶναι,
1597 4208 1880 4278 δυνήσεται

323 4304 408 4355 καὶ
439 4300 629 4374 χρυσῴ
658 4299 1113 4369 καλλωπισθῆναι.
1152 4299 1224 4351 Τὸ
1267 4299 1600 4370 λειπόμενον,
1633 4299 1718 4352 ἵνα
1753 4300 1784 4368 ἡ
1818 4298 1883 4369 σὴ

319 4386 530 4462 ὁσιότης
583 4393 694 4454 τοῖς
725 4390 1138 4462 προειρημένοις
1168 4389 1445 4453 δικασταῖς
1562 4390 1724 4459 τάχος
1748 4407 1884 4456 γνω-

325 4483 572 4554 ρισθῆναι
601 4482 823 4553 ποιήσῃ,
848 4482 986 4534 ὅσων
1009 4499 1068 4534 τε
1098 4481 1189 4534 καὶ
1225 4482 1472 4551 ἐργατῶν
1512 4481 1603 4534 καὶ
1629 4480 1886 4551 τεχνιτῶν

320 4575 410 4627 καὶ
456 4573 829 4642 ἀναλωμάτων
875 4572 1051 4645 χρεία·
1103 4571 1195 4624 καὶ
1241 4572 1373 4642 πρὸς
1412 4572 1510 4642 ἐμὲ
1562 4571 1759 4636 εὐθέως
1797 4575 1888 4626 ἀν-

320 4666 557 4731 ενεγκεῖν
590 4663 904 4722 σπούδασον,
932 4663 992 4717 ού
1023 4663 1179 4732 μόνον
1207 4663 1334 4734 περὶ
1359 4662 1466 4716 τῶν
1499 4665 1800 4734 μαρμάρων
1828 4681 1887 4717 τε

323 4755 410 4806 καὶ
431 4755 649 4816 κιόνων,
678 4754 813 4806 ἀλλὰ
866 4756 960 4807 καὶ
1001 4756 1128 4821 περὶ
1187 4755 1292 4806 τῶν
1346 4755 1716 4825 λακωναριῶν,
1772 4755 1887 4823 είγε

321 4845 475 4898 τοῦτο
504 4845 725 4899 κάλλιον
780 4844 1134 4912 ὲπικρίνειας.
1179 4845 1235 4898 '0
1278 4845 1408 4910 Θεός
1441 4863 1498 4898 σε
1553 4847 1883 4914 διαφυλάξοι,

323 4936 510 5007 ἀδελφὲ
544 4936 815 5006 ἁγαπητέ.
849 4935 958 4989 Καὶ
977 4935 1140 4999 ἄλλας
1181 4937 1236 4988 δὲ
1267 4937 1552 5001 ἐπιστολὰς
1578 4940 1605 4990 ὁ
1639 4938 1884 5008 βασιλεὺς

326 5028 459 5081 κατὰ
494 5028 704 5098 ’Δρείου
751 5025 975 5080 καὶτῶν
1004 5025 1268 5096 ὁμοδόξων
1300 5027 1460 5079 αὐτοῦ
1505 5029 1883 5100 πανηγυρικώι-

326 5140 472 5195 τερον
493 5123 733 5195 γράψας,
767 5121 1039 5191 πανταχοῦ
1064 5121 1202 5174 κατὰ
1236 5121 1416 5183 πόλεις
1438 5121 1738 5191 προσέθηκε
1765 5126 1780 5189 (
1793 5123 1881 5192 77)

1975 3208 2298 3279 dirigantur.
2331 3209 2408 3263 De
2440 3209 2710 3264 columnis
2737 3224 2871 3264 vero
2903 3217 2960 3264 et
2987 3209 3377 3276 marmoribus,
3403 3227 3556 3280 quae-

1977 3317 2193 3371 cunque
2237 3309 2294 3356 et
2318 3301 2644 3372 pretiOSiora
2693 3309 2750 3356 et
2779 3302 3000 3356 utiliora
3029 3318 3149 3357 esse
3181 3303 3298 3372 ipso
3331 3311 3554 3373 aspectu

1971 3394 2322 3465 judicaveris,
2356 3411 2489 3450 cura
2520 3403 2582 3450 ut
2609 3395 2676 3449 ad
2707 3410 2806 3449 nos
2836 3395 3187 3465 perscribas;
3234 3403 3296 3449 ut
3330 3411 3454 3450 cum
3486 3411 3556 3451 ex

1976 3486 2177 3540 litteris
2198 3486 2306 3541 tuis
2330 3487 2748 3557 cognoverimus
2769 3495 2905 3556 quot
2926 3493 2983 3541 et
3011 3487 3269 3557 qualibus
3296 3502 3436 3557 opus
3459 3488 3554 3553 sit,

1977 3588 2040 3627 ea
2068 3573 2308 3644 undique
2330 3575 2540 3644 possint
2563 3575 2914 3645 comportari.
2939 3573 3174 3646 Equum
3200 3583 3284 3629 est
3305 3575 3451 3630 enim
3495 3587 3557 3631 ut

1978 3668 2071 3735 qui
2090 3681 2200 3736 pne
2229 3669 2394 3720 totius
2415 3667 2566 3722 orbis
2589 3667 2726 3720 locis
2745 3671 2977 3722 maxime
3003 3667 3343 3722 admirabilis
3366 3675 3451 3722 est
3477 3668 3558 3722 lo-

1978 3775 2097 3823 cus,
2123 3774 2220 3828 pro
2255 3758 2517 3828 dignitate
2543 3773 2640 3812 sua
2668 3768 2985 3812 exornetur.
3027 3758 3196 3813 Porro
3235 3759 3340 3829 37
3380 3775 3558 3814 came-

1980 3869 2094 3908 ram
2134 3853 2408 3915 basilicw,
2438 3859 2625 3904 utrum
2663 3851 2995 3920 laqueatam,
3026 3866 3096 3905 an
3151 3851 3257 3905 alio
3300 3852 3556 3921 quopiam

1980 3946 2162 4016 Operis
2195 3960 2392 4015 genere
2425 3943 2728 3998 faciendam
2769 3958 3016 4008 censeas,
3045 3943 3248 3998 certior
3285 3958 3314 3997 a
3356 3951 3407 3999 te
3439 3943 3556 3998 fieri

1979 4037 2163 4091 velim.
2199 4036 2332 4089 Nam
2373 4035 2418 4088 si
2449 4034 2700 4103 laqueata
2753 4033 2867 4097 ﬁet,
2917 4049 3054 4089 auro
3097 4049 3314 4103 quoque
3357 4036 3559 4104 poterit

1981 4128 2257 4184 exornari.
2300 4128 2488 4181 Restat
2523 4127 2688 4197 igitur
2720 4133 2782 4179 ut
2807 4126 3068 4180 sanctitas
3102 4133 3191 4179 tua
3238 4140 3400 4195 supra
3439 4141 3557 4180 me-

1982 4220 2208 4275 moratis
2268 4218 2548 4291 judicibus
2611 4219 3013 4288 quamprimum
3091 4215 3359 4288 signiticet
3425 4227 3560 4287 quot

1983 4311 2270 4382 Operariis,
2315 4317 2368 4364 et
2399 4308 2725 4374 artiﬁcibus,
2757 4317 2812 4363 et
2860 4309 3170 4379 sumptibus
3225 4323 3364 4378 opus
3406 4307 3554 4362 erit:

1987 4407 2155 4469 utque
2191 4399 2258 4453 ad
2297 4414 2383 4452 me
2418 4397 2672 4452 celeriter
2703 4397 2924 4463 referat,
2957 4413 3066 4452 non
3101 4398 3265 4452 modo
3303 4397 3371 4453 de
3410 4414 3557 4453 mar-

1989 4489 2234 4543 moribus
2268 4496 2324 4542 et
2353 4488 2643 4552 columnis,
2676 4488 2769 4542 sed
2798 4489 2964 4544 etiam
2998 4489 3066 4544 de
3096 4488 3480 4555 lacunaribus,
3511 4490 3557 4544 si

1986 4581 2089 4634 hoc
2115 4596 2250 4650 opus
2285 4581 2571 4637 venustius
2599 4597 2717 4636 esse
2740 4581 3039 4636 censueris.
3067 4581 3335 4636 Divinitas
3365 4589 3416 4636 te
3440 4597 3557 4636 ser-

1985 4680 2096 4736 vet,
2127 4671 2298 4726 frater
2330 4672 2670 4726 charissime.
2704 4673 2850 4726 Alias
2873 4672 3034 4726 etiam
3072 4672 3331 4740 epistolas
3369 4679 3558 4728 contra

1986 4761 2174 4815 Arium
2221 4770 2629 4831 sectatoresque
2686 4763 2828 4832 ejus,
2879 4763 2933 4815 in
2975 4763 3198 4816 modum
3250 4764 3558 4818 orationum

1991 4853 2223 4922 scriptas
2256 4868 2352 4922 per
2381 4853 2621 4923 singulas
2649 4853 2814 4907 urbes
2842 4852 3150 4922 proposuit,
3189 4854 3560 4925 perstringens

1993 4944 2302 5007 hominem,
2343 4952 2398 4998 et
2455 4944 2626 4998 facete
2671 4944 2905 5013 jocando
2963 4944 3276 5014 suggillans.
3330 4945 3561 5015 Scripsit

1992 5043 2258 5104 praeterea
2305 5035 2370 5088 ad
2408 5034 2853 5089 Nicomedienses
2887 5033 3148 5088 adversus
3171 5034 3468 5089 Eusebium
3506 5047 3562 5090 et

1991 5127 2308 5196 Theognim.
2343 5125 2552 5192 Quibus
2583 5127 2635 5181 in
2666 5127 2864 5183 litteris
2894 5126 3299 5195 improbitatem
3334 5127 3558 5183 Eusebii

1515 5281 1778 5336 VALESH
1818 5282 2367 5338 ANNOTATIONES.

397 5399 499 5461 (76)
543 5396 949 5464 Δρακιλλιανῷ
995 5397 1072 5462 τῷ
1111 5398 1373 5451 διέποντι
1407 5397 1524 5450 τῶν
1555 5396 1890 5464 λαμπροτάο

397 5418 499 5461 ιιι),
543 5418 576 5452 Δ
619 5418 949 5462 ακωινιιανῳ
995 5418 1072 5462 np
1111 5418 1373 5451 οιεποντι
1407 5418 1524 5450 των
1555 5418 1890 5464 λαμπροταο

332 5482 439 5518 των
463 5418 767 5550 ,ξπέέτνχωκ
808 5468 880 5550 ea
924 5468 1095 5550 μέρη.
1128 5467 1288 5550 iique
1327 5467 1766 5550 locpmﬂabunde
1797 5481 1890 5550 ex:

368 5538 477 5591 osui
504 5539 558 5592 in
589 5536 1052 5593 Annotationihus
1079 5537 1147 5592 ad
1171 5537 1372 5590 librum
1419 5537 1638 5592 tertium
1663 5536 1884 5590 Eusebii

359 5609 403 5660 ie
435 5610 537 5663 vita
573 5608 927 5678 imperatoris
955 5606 1317 5678 Constantini,
1358 5621 1474 5678 cap.
1521 5606 1606 5678 σι.
1642 5607 1748 5660 Eas
1782 5606 1883 5678 igi-

335 5683 416 5730 tur
437 5676 682 5735 consulet
706 5677 989 5733 studiosus
1009 5678 1199 5731 lector.
1232 5677 1276 5730 si
1313 5677 1476 5729 volet.
1524 5676 1657 5730 Nam
1684 5685 1738 5730 et
1780 5676 1884 5729 alia

1998 5396 2163 5467 hujus
2183 5396 2426 5466 epistola:
2467 5396 2583 5450 loca
2634 5396 2838 5467 ibidem
2868 5397 3122 5467 exposita
3155 5397 3411 5465 reperiet,
3443 5411 3562 5464 quae

1996 5465 2101 5520 hoc
2132 5465 2252 5536 loco
2280 5475 2529 5536 repetere
2561 5466 2895 5536 superﬂuum
2933 5482 3054 5520 esse
3094 5465 3244 5536 dusi.

2067 5535 2176 5611 (7_7)
2214 5531 2526 5611 Πανὲαχοῦ
2560 5531 2708 5588 κατὰ
2757 5539 2964 5611 aelate
2994 5535 3352 5611 προσέθηκε.
3408 5531 3559 5611 Scri-

1992 5604 2231 5659 bendum
2288 5605 2510 5659 omnino
2553 5613 2636 5658 est
2671 5605 2962 5674 προέθηκε,
3012 5605 3065 5658 id
3100 5612 3201 5664 est,
3251 5604 3555 5674 proposuit.

1992 5674 2249 5730 Solebant
2281 5677 2424 5729 enim
2472 5672 2828 5744 imperatores
2861 5674 3088 5730 Romani
3115 5672 3372 5742 epistolas
3406 5685 3555 5737 suas,
