4050 6348
503 268 572 323 99
1942 255 2270 316 SOCRATlS

3622 245 3724 302 100

435 392 440 420 ε
497 381 690 452 carpit,
725 396 833 436 non
883 381 1057 437 solum
1095 399 1160 438 eo
1198 385 1345 454 quod
1390 383 1519 437 Ario
1562 395 1774 451 semper
1821 378 2062 442 favisset,

2180 371 2554 443 Βιακωμῳδῶν,
2585 370 2801 439 καὶτῆς
2840 370 3122 444 εἰρωνείας
3147 367 3224 439 τῷ
3268 367 3388 440 ἤθει
3431 366 3730 424 διαϐάλλων

496 491 688 529 verum
721 475 888 530 etiam
929 476 1072 546 quod
1107 477 1319 548 tyranni
1345 476 1592 546 partibus
1631 472 1861 528 antehac
1910 471 2065 526 addi-

497 575 639 628 ctus,
667 566 830 620 rebus
855 566 970 621 suis
998 566 1286 621 insidiatus
1316 571 1480 621 esset.
1524 563 1758 620 Proinde
1785 563 1906 616 illos
1935 561 2058 615 hor-

465 704 468 708 .
500 663 645 709 tatur
670 663 731 709 ut
761 657 879 726 ejus
925 656 1044 710 loco
1073 656 1239 710 alium
1271 655 1588 724 episcopum
1611 653 1830 723 eligant.
1862 651 2065 706 Verum

498 745 755 813 epistolas
785 745 852 800 de
877 747 1026 800 hisce
1043 746 1208 800 rebus
1230 746 1298 800 ab
1320 760 1386 800 eo
1420 745 1756 814 conscriptas
1785 743 1875 799 hic
1900 759 2066 814 appo-

499 850 653 900 nere,
673 836 743 890 ob
771 850 957 890 earum
987 836 1353 906 prolixitatem
1387 850 1790 906 supervacuum
1819 835 1969 889 duxi.
2007 834 2063 889 Si

499 924 591 994 qui
624 940 756 979 vero
788 925 1000 980 illarum
1026 924 1300 980 desiderio
1329 932 1608 988 tenentur,
1642 940 1735 980 eas
1762 931 1817 980 et
1842 925 2065 996 perqui-

501 1032 618 1070 rere
651 1017 804 1071 facile
825 1023 1081 1085 poterunt
1109 1024 1164 1070 et
1195 1017 1394 1087 legere.
1427 1016 1532 1072 Sed
1569 1016 1636 1072 de
1665 1017 1752 1073 his
1780 1017 2062 1072 hactenus.

2173 465 2334 520 αὐτόν
2367 475 2410 516 ο.
2441 464 2516 516 Οὐ
2559 463 2662 534 μὴν
2713 461 2847 514 ἀλλὰ
2901 462 2993 514 καὶ
3047 458 3416 532 Νικομηδεῦσι
3443 459 3557 528 (78)
3587 461 3729 514 κατὰ

2172 555 2431 610 Εὑσεὸίου
2471 554 2566 608 καὶ
2625 554 2902 622 Θεόγνιδος
2951 552 3192 624 γράφων,
3247 550 3576 605 καθάπτεται
3631 551 3732 621 μὲν

2170 651 2268 719 τῆς
2295 647 2553 701 Εὑσεϐίου
2589 645 2975 718 κακοτροπίας,
3009 644 3068 696 οὐ
3106 643 3262 715 μόνον
3291 643 3380 695 ἐπὶ
3407 641 3484 713 τῷ
3518 644 3730 713 Ἀρεια-

2172 740 2380 812 νισμῷ,
2447 739 2556 793 ἀλλ’
2612 741 2692 793 ὅτι
2748 738 2841 790 καὶ
2891 737 2967 805 τῷ
3018 737 3260 807 τυράννῳ
3311 735 3409 804 ἤδη
3469 735 3731 805 πρότερον

2171 833 2388 896 εὐνοῶν,
2427 834 2538 895 τοῖς
2569 829 2732 884 αὑτοῦ
2763 829 3076 902 πράγμασιν
3103 829 3477 882 ἐπεϐούλευσε·
3501 827 3749 902 παρῄνει-

2170 925 2226 978 δὲ
2252 926 2436 996 ἕτερον
2479 924 2692 978 ἑλέσθαι
2739 923 3034 976 ἐπίσκοπον
3063 921 3177 976 ἀντ’
3215 920 3399 976 αὑτοῦ.
3445 919 3602 973 Ἀλλὰ
3632 920 3732 984 τὰς

2172 1021 2298 1090 περὶ
2355 1015 2558 1070 τούτων
2605 1015 2908 1078 ἐπιστολὰς,
2946 1013 3033 1068 διὰ
3070 1014 3126 1066 τὸ
3171 1016 3228 1068 ὲν
3269 1014 3457 1077 αὑταῖς
3520 1013 3688 1084 μῆκος
3713 1049 3730 1075 ,

499 1106 727 1160 ἐνταῦθα
751 1108 1094 1178 προσγράψαι
1156 1110 1408 1180 περιττὸν
1438 1107 1574 1162 εἶναι
1639 1110 2136 1179 ὲνόμισα.Ἐξέστω
2170 1111 2226 1163 δὲ
2280 1113 2389 1173 τοῖς
2448 1109 2808 1180 βουλομένοις,
2863 1107 3194 1180 ἀναζητῆσαι
3251 1107 3342 1161 καὶ
3389 1106 3734 1178 ἐντυγχάνειν

501 1203 708 1266 αὑταῖς.
753 1203 861 1256 Καὶ
887 1203 1013 1274 περὶ
1040 1203 1244 1258 τούτων
1277 1205 1511 1258 τοσαῦτα
1538 1206 1795 1277 εἰρήσθω.

1150 1322 1303 1377 CAP.
1352 1321 1420 1376 Χ.

501 1413 652 1479 Quod
686 1413 926 1468 Acesium
966 1431 1169 1485 quoque
1218 1412 1634 1485 Nouatianorum
1671 1413 1966 1484 episcopum
2003 1413 2074 1466 ad

845 1484 1100 1556 synodum
1119 1484 1388 1538 .vocaverit
1421 1485 1729 1554 imperator.

569 1573 738 1628 Porro
777 1573 1122 1643 imperatoris
1154 1571 1397 1627 studium
1426 1570 1685 1625 admonet
1717 1584 1803 1624 me
1834 1575 1894 1623 ut
1933 1569 2058 1624 alte-

2787 1319 3034 1373 ΚΕΦΑΛ.
3078 1317 3136 1372 I'.

2175 1411 2302 1464 ὀτι
2354 1411 2450 1464 καὶ
2501 1409 2606 1463 τὸν
2641 1407 3028 1464 Ναυατιανῶν
3070 1410 3405 1463 ἐπίσκοπον
3461 1408 3736 1465 Ἀκέσιον

2347 1479 2626 1547 κεκλήκει
2658 1482 2744 1545 εἰς
2772 1479 2886 1547 τὴν
2905 1479 3169 1533 σύνοδον
3191 1482 3222 1534 ὀ
3240 1479 3555 1546 βασιλεὺς.

2243 1574 2396 1626 Κινεῖ
2425 1573 2480 1625 δέ
2515 1590 2581 1642 με
2631 1574 2656 1643 ἡ
2700 1571 2794 1625 τοῦ
2826 1570 3088 1638 βασιλέως
3138 1570 3363 1634 σπουδὴ,
3413 1571 3507 1625 καὶ
3545 1569 3735 1644 ἐτέρου

500 1663 617 1717 rius
645 1675 861 1732 quoque
895 1663 973 1716 rei
1009 1661 1344 1716 mentionem
1366 1659 1584 1725 faciam,
1609 1673 1716 1729 qua
1745 1674 1900 1713 mens
1925 1659 2073 1714 illius

2180 1663 2490 1734 πράγματος
2534 1665 2753 1735 μνήμην
2793 1662 3113 1735 ποιήσασθαι
3155 1662 3258 1733 τῆς
3288 1662 3450 1715 αὑτοῦ
3487 1661 3735 1733 γνώμης,

502 1752 829 1816 declaratur,
867 1760 922 1807 ct
960 1758 1215 1822 quantam
1248 1751 1400 1820 pacis
1437 1766 1622 1805 curam
1654 1765 1717 1805 ac
1747 1749 2070 1804 sollicitudi-

503 1859 627 1898 nem
677 1846 924 1915 gesserit.
977 1846 1109 1898 i\‘am
1171 1860 1293 1898 cum
1350 1842 1716 1898 Ecclesiarum
1767 1844 2071 1898 concordiae

503 1937 832 2001 consuleret,
868 1937 1116 1991 Acesium
1154 1951 1368 2006 quoque
1401 1935 1824 1989 Novatianorum
1855 1935 2070 2006 episco-

506 2041 632 2096 pum
657 2027 765 2098 33
794 2027 860 2081 ad
902 2029 1192 2082 concilium
1229 2027 1493 2082 evocavit.
1526 2027 1770 2097 Cumque
1801 2025 1926 2081 fidei
1955 2027 2069 2082 for-

507 2119 652 2173 mula
685 2135 715 2173 a
765 2119 970 2191 synodo
1005 2118 1310 2188 conscripta
1345 2124 1522 2183 esset,
1549 2117 1899 2188 omniumque
1937 2119 2068 2173 sub-

507 2210 803 2278 scriptione
834 2209 1066 2274 lirmata,
1114 2209 1410 2280 imperator
1434 2207 1687 2263 Acesium
1719 2209 2072 2279 interrogavit

506 2315 636 2353 num
663 2308 719 2355 et
746 2301 859 2370 ipse
881 2301 1011 2355 huic
1030 2300 1156 2355 fidei
1183 2309 1239 2354 et
1263 2300 1565 2355 deﬁnitioni
1591 2301 1655 2355 de
1687 2301 1824 2355 festo
1853 2301 2073 2356 Paschae

507 2390 596 2446 die
631 2409 956 2447 consensum
997 2393 1449 2448 accommodaret.
1481 2393 1550 2446 At
1585 2393 1673 2448 ille
1701 2409 1713 2444 :
1744 2392 1890 2446 Nihil
1922 2394 2071 2459 novi,

2174 1755 2319 1819 ὅπως
2368 1755 2643 1824 ἐφρόντιζε
2690 1757 2787 1826 τῆς
2840 1754 3078 1825 εἰρήνης.
3130 1754 3239 1822 Τῆς
3285 1751 3393 1823 γὰρ
3448 1751 3741 1823 ἐκκλησια-

2179 1845 2368 1914 στικῆς
2395 1845 2644 1915 ὁμονοίας
2676 1846 2929 1916 πρόνοιαν
2954 1844 3288 1916 ποιούμενος,
3322 1844 3558 1915 κέκληκε
3598 1843 3741 1914 πρὸς

2179 1937 2276 2008 τὴν
2303 1937 2517 1990 σύνοδον
2545 1938 2638 1990 καὶ
2680 1938 2918 1990 ’Λκέσιον
2947 1936 3078 2006 (79),
3107 1936 3204 2005 τῆς
3236 1934 3343 1988 τῶν
3380 1933 3742 1988 Ναυατιανῶν

2177 2027 2470 2099 θρησκείας
2522 2027 2834 2082 ἐπίσκοπον.
2893 2028 3046 2082 Μετὰ
3101 2023 3196 2080 οὖν
3227 2025 3286 2079 τὺ
3328 2028 3601 2097 γραφῆναι
3641 2027 3744 2082 καὶ¹

2175 2120 2551 2191 ὑπογραφῆναι
2573 2120 2722 2191 παρὰ
2740 2121 2836 2190 τῆς
2859 2121 3074 2173 συνόδου
3103 2120 3192 2173 τδν
3217 2121 3338 2191 ὅρον
3358 2118 3455 2189 τῆς
3480 2119 3740 2183 πίστεως,

2174 2211 2358 2284 ἠρώτα
2406 2215 2433 2264 ὁ
2484 2213 2732 2282 βασιλεὺς
2783 2214 2872 2266 τὸν
2937 2213 3199 2272 Ἀκέσιον,
3253 2214 3299 2265 εἰ
3332 2213 3426 2265 καὶ
3457 2211 3618 2274 αὐτὸς

2177 2303 2355 2357 πίστει
2401 2305 2732 2369 συντίθεται,
2778 2305 2870 2358 καὶ
2910 2303 2986 2375 τῷ
3021 2303 3232 2376 ὁρισμῷ
3284 2303 3384 2370 τῆς
3418 2304 3509 2356 τοῦ
3548 2303 3744 2376 Πάσχα

2177 2394 2434 2467 ἒορτῆςί.
2479 2395 2538 2449 '0
2571 2397 2648 2462 δὲ,
2695 2396 2855 2449 Οὐδὲν
2901 2397 3108 2461 καινὸν,
3165 2396 3289 2468 ἕνη,
3340 2391 3385 2449 ὦ
3424 2395 3662 2466 βασιλεῦ,
3707 2397 3744 2467 ἡ

1709 2544 1978 2601 VALESII
2015 2546 2562 2604 ANNOTATIONES.

507 2701 644 2756 quas
667 2684 733 2736 ad
767 2679 1016 2756 civitates
1046 2677 1382 2756 scribebant,
1410 2677 1638 2756 publice
1668 2678 1926 2756 legendas
1945 2695 2076 2748 pro-

506 2749 731 2824 ponere.
782 2751 970 2824 Itaque
1004 2749 1070 2824 ad
1102 2749 1312 2824 calcem
1338 2749 1580 2824 epistola
1623 2749 2076 2824 addebant,_pro-

508 2818 740 2896 ponatur
766 2828 876 2896 :_u_t
921 2821 974 2873 in
999 2819 1346 2896 .Eusebianis
1396 2818 1855 2896 Annotationibus
1886 2818 2079 2896 obser-

507 2888 650 2949 vavi.
686 2892 776 2947 Sic
802 2891 966 2961 igitur
991 2888 1381 2961 Constantinus
1425 2904 1550 2944 cum
1582 2888 1784 2961 multas
1823 2889 2081 2959 epistolas

507 2959 920 3032 conscripsisset
967 2959 1230 3032 adversus
1273 2959 1463 3032 Arium
1503 2965 1576 3032 et
1611 2959 2078 3032 ejus__sectato_res_,

507 3028 958 3110 easpublicenin
1002 3030 1126 3110 foro
1175 3028 1800 3110 proponi_voluit.‘Talis
1847 3036 1931 3083 est
1956 3029 2084 3099 Epi—

508 3099 651 3159 stola
682 3104 812 3171 imp.
847 3099 1188 3171 Constantini
1233 3100 1298 3152 ad
1329 3099 1523 3171 Arium
1548 3106 1603 3152 et
1635 3099 1884 3171 Arianos,
1919 3114 2078 3171 quam

510 3156 957 3251 refertnCelasius
980 3169 1300 3251 Cyzicenus
1326 3169 1380 3251 in
1424 3169 1567 3223 libro
1603 3185 1672 3250 tu.
1685 3156 2085 3251 ‘De‘gc'sti‘shsy-
2110 3156 2152 3213 (ἶ

508 3245 638 3300 nodi
669 3243 942 3297 Nicanae:
977 3238 1134 3308 cujus
1165 3239 1410 3307 epistolae
1453 3239 1703 3292 meminit
1741 3240 1906 3293 etiam
1949 3238 2082 3308 Epi-

509 3314 746 3384 phanius
774 3311 828 3384 in
857 3307 1059 3364 haeresi
1093 3307 1686 3384 Arianorum._Scripta
1718 3315 1803 3362 est
1832 3307 2014 3384 autem
2048 3324 2078 3362 a

509 3377 869 3440 Constantino
909 3386 1033 3449 post
1083 3379 1348 3449 synodum
1399 3377 1694 3449 Nicaenam,
1742 3385 1799 3449 et
1837 3379 2082 3449 continet

511 3467 732 3524 ptenam
777 3448 1040 3524 adversus
1063 3463 1160 3524 _eo_s
1185 3448 1278 3516 qui
1307 3463 1337 3524 a
1359 3462 1522 3524 prava
1562 3448 1678 3502 Arii
1705 3448 2081 3524 opinione__re-

511 3517 710 3580 cedere
737 3520 1032 3574 noluerint.
1055 3517 1218 3572 lubet
1235 3519 1383 3573 enim
1407 3517 1704 3588 imperator
1730 3518 1786 3572 in
1805 3517 1910 3588 [ine
1937 3519 2081 3573 illius

513 3592 780 3676 epistolae,
810 3596 893 3676 put
916 3588 1373 3676 decemjcapitum
1414 3587 1718 3676 adiectione
1741 3587 2079 3676 ‘multen‘tur,

513 3657 567 3716 si
582 3659 783 3731 plebeii
810 3658 1016 3731 fuerint
1036 3698 1050 3721 ,
1078 3658 1131 3731 id
1154 3664 1258 3722 est,
1284 3665 1345 3710 ut
1368 3667 1565 3726 praeter
1588 3657 1931 3731 tributariam
1955 3658 2081 3712 fun-

514 3727 754 3788 cti—onem
801 3737 859 3783 et
902 3729 1286 3798 capitationem
1313 3742 1486 3791 suam,
1514 3742 1614 3795 pro
1639 3727 1828 3782 decem
1858 3728 2082 3798 insuper

515 3801 789 3870 capitibus
808 3869 815 3870 γ
835 3797 1101 3870 tributum
1148 3797 1388 3870 pendant
1416 3815 1428 3849 :
1456 3798 1550 3867 qui
1593 3812 1727 3853 vero
1739 3797 2084 3870 ‘cgurialises-

515 3865 640 3926 sent
682 3869 930 3939 originis,
978 3865 1164 3939 curiae
1188 3865 1556 3939 traderentur,
1583 3867 1900 3939 etgpublicis
1921 3867 2086 3939 decu-

515 3941 732 3996 rionum
755 3936 1126 3994 functionibus
1152 3937 1372 3992 obnoxii
1399 3943 1598 3993 essent.
1636 3936 1761 3992 Haec
1784 3936 1948 4007 igitur
1969 3937 2085 4006 epi-

515 4013 652 4066 stola
698 4011 801 4064 fuit
851 4011 1024 4064 instar
1046 4008 1246 4073 edicti,
1284 4023 1348 4061 ac
1381 4007 1609 4077 proinde
1646 4006 1866 4078 publice
1892 4007 1995 4077 legi
2018 4021 2082 4062 ac

516 4082 748 4150 proponi
786 4080 996 4136 debuit.

587 4145 696 4221 (78)
724 4153 826 4205 Καὶ
863 4148 1279 4221 Νικομηδεῦσι.
1330 4147 1501 4218 Hujus
1546 4146 1789 4221 epistola:
1811 4145 2081 4221 Constant

521 4216 620 4274 tini
667 4216 735 4274 ad
779 4216 1225 4274 Nicomedienses
1270 4216 1675 4287 pars'maxima
1719 4223 1896 4271 exstat
1937 4216 2080 4285 apud

518 4290 911 4344 Tbeodoritum
962 4289 1217 4343 Historiae
1277 4287 1660 4357 ecclesiasticae
1717 4287 1859 4340 libro
1903 4289 2082 4357 primo

512 4374 639 4441 cap.
662 4359 751 4413 20.
778 4360 987 4441 Integra
1023 4367 1228 4441 autem,
1252 4356 1351 4441 sed
1366 4356 1588 4441 hmine,
1613 4364 1790 4441 exstat
1810 4356 1959 4441 apud
1980 4357 2083 4438 Ba-
2129 4359 2136 4365 ‘

521 4426 738 4484 ronium
777 4429 844 4483 ad
890 4426 1094 4483 annum
1136 4427 1340 4482 Christi
1366 4427 1490 4489 329,
1515 4426 1660 4480 sicut
1680 4441 1800 4480 eam
1823 4426 2084 4481 Justinia—

520 4514 625 4569 nus
653 4499 949 4569 imperator
973 4497 1342 4569 misitYigilio
1369 4511 1538 4569 papa}.

2183 2699 2345 2804 ﬂuam
2371 2699 2488 2738 eam
2519 2683 2726 2749 retulit,
2752 2685 2826 2740 ait
2853 2701 2909 2740 se
2937 2685 3083 2741 illam
3126 2688 3402 2758 accepisse
3429 2689 3497 2745 ab
3521 2690 3748 2750 homine

2203 2753 2289 2804 Ide
2317 2753 2479 2804 digno
2504 2754 2596 2804 nui
2630 2756 2817 2804 svnodi
2846 2756 3072 2804 Nimnm
3114 2760 3454 2804 tamnm-ihne
3496 2761 3718 2804 νίτίςςρι

2203 2753 2289 2828 ide
2317 2753 2479 2823 digno
2504 2754 2596 2822 qui
2630 2756 2817 2825 synodi
2845 2756 3072 2812 Nicaenaa
3114 2753 3454 2828 temporibus
3496 2761 3745 2818 vixisset.

2185 2821 2527 2897 Sozomcnus
2548 2821 2680 2897 vero
2705 2828 3071 2897 narrationem
3109 2821 3251 2883 hanc
3277 2829 3355 2884 sic
3375 2830 3608 2897 orditur,
3637 2834 3741 2887 Λέ-

2184 2908 2338 2959 γεται
2362 2893 2416 2945 δὲ
2443 2894 2528 2945 τὸν
2555 2893 2793 2959 βασιλέα,
2819 2905 2924 2951 etc.
2952 2897 3060 2952 Nec
3083 2913 3202 2952 eam
3229 2899 3392 2955 ullius
3431 2893 3750 2959 testimonio

2185 2961 2489 3043 confirmat.
2538 2961 2706 3043 Adde_
2733 2968 2877 3035 quod
2907 2967 3238 3043 Sozomenus
3262 2969 3376 3043 ipsa
3401 2986 3616 3042 quoque
3643 2975 3751 3029 So-

2186 3035 2351 3087 cratis
2375 3035 2538 3088 verba
2565 3035 2963 3103 quodammodo
2986 3035 3302 3104 suffuratur',
3331 3035 3624 3098 immutans
3645 3045 3754 3098 ali-

2226 3104 2509 3177 uantulum
2557 3113 2737 3178 atque
2764 3106 3137 3178 interpolans,
3161 3117 3221 3162 ut
3260 3110 3437 3163 solent
3472 3111 3747 3178 plagiarii.

2232 3188 2310 3246 aee
2328 3182 2512 3246 tamen
2537 3176 2776 3246 narratio
2809 3190 2998 3244 parum
3026 3177 3324 3246 probabilis
3347 3176 3488 3232 mihi
3505 3176 3748 3246 videtur,

2183 3244 2372 3314 multis
2396 3244 2462 3298 de
2489 3244 2684 3314 causis.
2715 3245 2956 3300 Primum
2997 3244 3123 3314 quia
3156 3248 3359 3300 nullius
3383 3249 3585 3304 veteris
3607 3244 3752 3305 seri;

2181 3313 2356 3381 ptoris
2381 3313 2690 3368 testimonio
2733 3314 2945 3369 nititur.
2974 3313 3180 3370 Deinde
3204 3331 3306 3371 nec
3347 3317 3614 3381 Socrates,
3641 3336 3755 3377 nec

2181 3382 2514 3456 Sozomenus
2551 3383 2741 3456 dicunt
2776 3385 3056 3454 cuiusnam
3081 3385 3232 3440 urbis
3266 3386 3554 3456 episcopus
3579 3390 3756 3445 fuerit

2178 3452 2424 3508 Acesius.
2451 3453 2604 3519 Quod
2634 3463 2811 3509 tamen
2842 3452 2921 3510 'ad
2969 3456 3129 3510 fidem
3175 3452 3474 3510 faciendam
3500 3467 3618 3513 erat
3643 3476 3754 3515 ne-

2177 3525 2497 3595 cessarium.
2527 3524 2792 3595 Praeterea
2813 3540 3156 3595 nequaquam
3183 3526 3475 3581 verisimile
3498 3536 3600 3592 est,
3631 3530 3754 3586 ba:-

2179 3593 2472 3667 reticorum
2506 3593 2838 3667 episcopum
2882 3593 2946 3649 ad
2986 3593 3281 3667 synodum
3313 3597 3755 3667 ecclesiasticam

2178 3663 2411 3716 accitum
2444 3662 2610 3717 fuisse
2642 3679 2674 3718 a
2714 3662 3093 3720 Constantino.
3120 3666 3252 3721 Nam
3282 3665 3326 3720 si
3352 3667 3420 3720 ad
3446 3668 3756 3725 restituen-

2179 3732 2302 3785 dam
2360 3731 2618 3787 Ecclesire
2666 3735 3011 3790 concordiam
3057 3735 3446 3792 Constantinus
3489 3736 3757 3795 Acesium

2178 3801 2445 3877 evocavit,
2473 3801 2668 3877 eadem
2689 3804 2898 3859 ratione
2935 3806 3162 3877 aliarum
3207 3821 3422 3877 quoque
3463 3807 3760 3865 hzereseon

2181 3871 2467 3940 episcopos
2509 3871 2577 3924 ad
2608 3873 2884 3928 Nicaenum
2922 3871 3550 3932 concilium'evocasset.
3576 3879 3762 3934 Deni-

2185 3956 2291 4009 que
2322 3943 2467 4010 quod
2494 3942 2566 4019 ait
2593 3941 2862 4019 Socrates,
2882 3961 2948 4019 se
2974 3946 3042 3999 ab
3067 3947 3284 4019 homine
3304 3945 3601 4019 admodum
3623 3965 3766 4019 pro-

2184 4011 2568 4087 vecuetetatis
2615 4013 2670 4067 id
2715 4016 3126 4087 accepisse,_qui
3153 4016 3358 4087 synodo
3385 4011 3761 4085 interfuisset,

2185 4031 2354 4065 γεραιέ
2393 4031 2568 4065 {cuius
2615 4031 2670 4067 ια
2715 4031 3005 4084 acceplsse,
3071 4032 3126 4070 In
3153 4031 3358 4087 synouo
3385 4031 3761 4085 Intertutsset,

2185 4080 2508 4156 incredibile
2553 4098 2778 4156 prorsus
2820 4085 2957 4156 mihi
2978 4031 3214 4142 videtur.
3243 4087 3365 4140 Fuit
3387 4087 3476 4141 hic
3497 4087 3763 4156 Auxano,

2185 4149 2523 4231 Novatorum
2542 4149 2845 4231 presbyter,
2872 4155 3098 4231 qui_u_na
3128 4171 3251 4231 cum
3275 4156 3466 4231 Ac_e_sio
3499 4157 3629 4231 huic
3657 4149 3767 4231 sy;

2186 4219 2332 4296 nodo
2355 4219 2622 4296 interfuit,
2648 4219 2906 4296 et'usqué
2931 4226 2997 4280 ad
3022 4227 3308 4296 imperium
3333 4227 3628 4282 Theodosii
3649 4219 3768 4284 Ju-

2145 4353 2150 4356 _
2186 4289 2358 4380 nini-“is
2381 4291 2533 4380 vixit,
2563 4293 2719 4380 utait
2742 4289 3239 4380 Socrates..cap;.'l5.
3257 4295 3310 4380 ,Α
3337 4297 3541 4380 synodo
3561 4306 3772 4380 autem

2186 4359 2404 4434 Nictena
2449 4361 2517 4415 ad
2562 4363 2777 4434 initium
2822 4365 3038 4434 imperii
3084 4359 3397 4429 Theodosii,
3448 4367 3576 4421 anni
3623 4379 3776 4424 sunt

2187 4431 2459 4501 octoginta
2508 4445 2638 4504 tres.
2687 4431 2973 4500 Quibus—si
3014 4435 3205 4504 viginti
3249 4451 3421 4492 annos
3448 4436 3770 4504 addideris,

2187 4510 2552 4575 quos_na_tum
2603 4503 2769 4559 fuisse
2800 4514 3016 4575 oportet
3059 4503 3411 4560 Auxanonem
3443 4515 3576 4560 tunc
3621 4503 3774 4563 cum

591 4568 700 4640 (79)
729 4563 994 4646 Κέκληκκε
1043 4567 1194 4634 πρὸς
1218 4563 1346 4646 ’τὴν
1368 4563 1633 4646 frti—rode?
1663 4565 1762 4618 καὶ
1799 4565 2078 4646 Ἇκέςιον.

2187 4563 2392 4639 synodo
2437 4571 2744 4646 interesset,
2767 4563 3078 4646 centenario
3107 4577 3277 4646 major
3318 4575 3560 4646 Auxanq
3583 4575 3778 4633 fuerit

522 4635 864 4694 ldem'refert
908 4639 1243 4693 Sozomenus
1279 4644 1334 4690 tn
1369 4636 1511 4690 libro
1533 4635 1712 4705 primo
1734 4651 1852 4705 cap.
1880 4635 1977 4701 22;
2008 4637 2082 4690 ita

523 4718 704 4763 tamen
731 4717 788 4763 ut
817 4707 950 4763 satis
975 4713 1236 4778 appareat
1270 4721 1395 4778 eum
1421 4723 1450 4760 a
1482 4705 1707 4778 Socrate
1743 4706 1886 4760 hanc
1908 4706 2084 4778 histo-

2188 4654 2412 4711 necesse
2442 4653 2526 4696 est
2548 4644 2766 4711 quando
2791 4644 2936 4698 istud
2967 4645 3175 4699 Socrati
3191 4641 3461 4699 narravit.
3498 4641 3777 4704 Estimet

2192 4708 2356 4789 igitur
2388 4708 2778 4789 lector-quanti
2823 4714 3130 4789 faciendum
3155 4715 3226 4769 sit
3251 4715 3622 4772 testimonium
3653 4717 3778 4774 ho-

527 4778 660 4830 riam
703 4780 993 4848 accepisse.
1008 4775 1246 4832 'Etenim
1271 4775 1523 4848 socrates
1547 4775 1767 4848 quidem
1799 4783 1964 4848 totam
2003 4775 2088 4828 hi—

2193 4779 2356 4834 minis
2387 4779 2652 4852 decrepiti
2678 4791 2734 4838 et
2763 4783 3024 4838 haeretici.

522 4849 746 4902 storiam
770 4845 926 4919 longe
953 4848 1178 4903 uberius
1201 4855 1258 4901 et
1282 4845 1584 4916 elegantius
1627 4846 1814 4900 refert.
1844 4846 1911 4900 Et
1934 4853 2087 4915 post-

1977 5000 2350 5057 VARIORUM.

601 5141 624 5168 ο
659 5124 1070 5195 Διακωμῳδῶν,
1100 5126 1195 5178 καὶ
1227 5123 1336 5189 τῆς
1359 5123 1661 5195 εἰρωνείας
1684 5123 1764 5188 τῷ
1809 5122 2079 5195 ﬁdet-dim

2181 5122 2376 5195 barent
2395 5121 2581 5195 plures
2607 5137 2766 5191 quam
2794 5121 2984 5192 viginti
3007 5137 3242 5195 canones
3267 5138 3296 5178 a
3327 5123 3559 5179 Nicaanis
3582 5123 3784 5181 Patri-

527 5199 765 5252 ϐάλλων
824 5193 1027 5250 αὐτόν.
1086 5195 1218 5249 Vide
1272 5194 1568 5264 Epistolam
1619 5193 1983 5264 Constantini”
2021 5194 2089 5248 ad
2184 5193 2287 5247 bus
2330 5193 2659 5264 constitutos
2717 5208 3022 5264 esse;inon
3076 5194 3569 5249 animadvertentes
3617 5208 3784 5250 con-

528 5270 716 5324 Arium
763 5274 820 5321 et
863 5266 1112 5327 Arianos,
1160 5262 1644 5334 apud'Baronium
1688 5263 1754 5316 ad
1801 5278 1927 5317 ann.
1965 5263 2088 5329 519,
2185 5262 2602 5334 sensum_etiam
2632 5262 2852 5315 Patrum
2887 5263 3114 5317 istorum
3157 5264 3224 5318 de
3265 5264 3369 5319 ﬁde
3424 5265 3480 5318 in
3513 5278 3784 5323 canones

528 5357 584 5395 n.
610 5341 662 5402 7,
697 5345 805 5393 etc.
837 5335 925 5391 W.
952 5335 1166 5390 Lowru.
1195 5331 1209 5334 ’
1650 5401 1653 5402 ν
1786 5399 1809 5402 Α,
2187 5347 2296 5386 non
2350 5331 2577 5402 referri;
2612 5347 2788 5400 neque
2816 5348 2946 5386 sane
2977 5349 3200 5388 necesse
3240 5341 3356 5388 erat
3387 5342 3448 5387 ut
3486 5349 3670 5388 canon
3701 5337 3786 5392 de

602 5408 621 5448 ί
652 5399 764 5462 ’Καὶ
790 5405 867 5472 τῷ
886 5402 1108 5472 ὁρισμῷ
1135 5403 1241 5468 τῆς
1268 5403 1374 5457 τοῦ
1398 5402 1611 5472 Πάσχα
1634 5399 1863 5474 ἑορτῆς.
1888 5402 2002 5474 Hoc
2028 5402 2079 5474 dt

2188 5400 2396 5456 utrovis
2445 5399 2840 5474 institueretur.
2881 5403 3025 5474 Cum
3060 5405 3204 5474 enim
3249 5419 3316 5459 eo
3342 5403 3489 5474 ipso
3529 5405 3784 5462 nomine

530 5479 789 5535 Paschate
839 5470 1123 5530 decretum
1170 5475 1423 5528 distincte
1467 5489 1498 5528 a
1530 5470 1830 5528 canonibus
1854 5473 2086 5529 Nicaeuis
2191 5470 2472 5526 convocati
2503 5471 2726 5534 fuerint,
2760 5482 2822 5528 ut
2866 5473 3027 5529 fidem
3059 5474 3124 5528 de
3163 5473 3282 5528 Filii
3325 5470 3609 5528 divinitate
3659 5490 3783 5530 cx-

532 5556 782 5605 recenset
822 5545 1177 5618 Epiphanius,
1212 5545 1404 5618 haeres.
1431 5543 1531 5618 69,
1553 5559 1706 5598 num.
1737 5541 1904 5618 10,_et
1937 5552 2085 5618 recte
2189 5549 2474 5618 ponerent,
2508 5549 2564 5596 et
2603 5545 3026 5618 controversiam
3051 5544 3117 5597 de
3160 5543 3420 5618 P_a_schat_e
3450 5552 3584 5618 tunc
3611 5549 3788 5618 terr!-

531 5619 750 5688 quidem
778 5635 790 5670 :
822 5611 999 5685 neque
1044 5614 1186 5668 enim
1224 5614 1274 5668 in
1321 5614 1620 5668 canonibus
1645 5613 1913 5676 occurrit;
1942 5613 2086 5682 quod
2193 5611 2343 5733 poris
2367 5621 2611 5666 exortam
2643 5612 3088 5676 determinarent,
3113 5613 3243 5682 quid
3283 5613 3351 5668 de
3377 5614 3496 5668 istis
3517 5614 3790 5684 negotiis

536 5688 776 5733 nonnulli
817 5703 882 5733 en
907 5685 1236 5733 detumuere
1261 5684 1617 5733 conabantur.
1647 5690 1706 5733 ut
1737 5682 1932 5733 exinde
1966 5699 2090 5733 nro-
2217 5689 2396 5733 actum
2430 5691 2533 5733 est.
2574 5683 2625 5733 in
2661 5682 2902 5733 Enistola
2952 5683 3206 5733 svnodica
3251 5682 3542 5733 (suneriori
3575 5685 3790 5733 canite

536 5682 779 5742 nonnulli
817 5703 882 5742 eo
907 5682 1236 5754 detorquere
1261 5684 1617 5747 conabantur,
1647 5690 1706 5736 ut
1737 5682 1932 5737 exinde
1965 5699 2090 5751 pro-
2195 5682 2396 5734 factum
2430 5691 2533 5745 est,
2574 5683 2625 5737 in
2661 5682 2902 5752 Epistola
2952 5683 3206 5752 synodica
3251 5682 3542 5753 (superiori
3575 5682 3792 5753 capite
