4050 6348
464 285 563 339 105

1910 289 2244 346 SOCRATIS

3584 279 3684 336 1οι

458 411 722 487 episcopi,
744 411 1043 484 presbyteri
1065 419 1121 467 et
1142 410 1378 475 diaconi,
1397 409 1465 464 ab
1487 423 1715 463 uxorum
1739 422 1875 477 quas
1899 421 2023 460 cum

2141 409 2243 470 ταῖς
2276 407 2559 475 γαμεταῖς,
2589 403 2654 468 ἃς
2688 402 2766 456 ἔτι
2795 400 2972 454 λαῖκοὶ
3005 401 3154 465 δντες
3193 399 3460 470 ἠγάγοντο
3481 400 3532 452 ιι.
3573 398 3683 453 Καὶ

462 507 583 562 laici
612 511 814 567 essent,
845 503 1176 558 matrimonii
1192 503 1314 573 jure
1342 501 1447 556 sibi
1487 500 1859 563 sociaverant,
1889 513 2024 552 con-

461 597 651 651 cubitu
669 594 1032 649 abstinerent.
1057 591 1300 661 Cumque
1327 592 1430 646 hac
1451 605 1510 644 re
1539 589 1592 644 in
1626 589 1866 644 medium
1894 604 2024 659 pro-

462 690 666 760 posita,
713 689 1051 758 singulorum
1099 684 1381 740 sententiae
1418 689 1762 754 rogarentur,
1797 697 2028 752 surgens

464 783 518 837 in
553 781 732 837 medio
761 781 1139 851 episcoporum
1165 791 1420 832 consessu
1460 775 1802 846 Paphnutius
1820 815 1835 841 ,
1859 775 2026 829 vehe-

463 889 674 935 menter
695 877 1025 933 vociferatus
1049 881 1154 940 est,
1174 889 1285 928 non
1310 887 1430 927 esse
1453 870 1843 942 imponendum
1871 870 2030 927 cleri—

461 972 542 1028 cis
581 979 636 1026 et
673 967 1049 1024 sacerdotibus
1077 981 1240 1036 grave
1284 965 1390 1019 hoc
1421 963 1646 1035 jugum:
1679 961 2031 1017 honorabiles

461 1062 680 1133 nuptias
701 1068 756 1115 et
777 1067 954 1113 torum
981 1058 1389 1112 immaculatum
1417 1057 1459 1089 ⁸⁸
1486 1071 1605 1110 esse
1627 1054 1835 1118 dicens,
1860 1069 1928 1109 ne
1964 1069 2029 1108 ex

460 1153 627 1207 nimia
652 1151 943 1206 severitate
966 1148 1224 1203 damnum
1251 1148 1434 1219 potius
1455 1147 1719 1202 inferrent
1739 1146 1994 1200 Ecclesia:
2015 1163 2027 1199 :

461 1261 637 1316 neque
660 1243 807 1298 enim
831 1258 1022 1298 omnes
1050 1241 1196 1297 ferre
1226 1257 1387 1312 posse
1422 1249 1528 1294 tam
1556 1239 1819 1293 districta‘.
1851 1236 2028 1292 conti-

461 1337 657 1390 nentia:
680 1334 1042 1405 disciplinam,
1076 1349 1140 1387 ac
1163 1333 1391 1387 forsitan
1410 1332 1536 1386 inde
1559 1338 1884 1386 eventurum
1910 1343 2030 1382 esse

462 1435 521 1481 ut
565 1427 828 1497 cujusque
871 1424 1058 1479 uxoris
1099 1424 1320 1478 castitas
1373 1422 1596 1477 minime
1641 1419 2027 1474 custodiretur.

458 1517 776 1572 Castitatem
819 1521 1002 1568 autem
1054 1511 1287 1566 vocabat
1341 1523 1696 1579 congressum
1747 1506 1852 1560 viri
1906 1521 2030 1559 cum

462 1623 630 1662 uxore
661 1605 918 1677 legitima.
946 1603 1092 1656 Satis
1115 1617 1256 1665 esse,
1279 1609 1340 1654 ut
1363 1601 1454 1670 qui
1488 1602 1541 1653 in
1566 1600 1770 1653 clerum
1803 1597 2034 1652 fuissent

461 1697 718 1768 ascripti,
754 1695 907 1765 juxta
944 1701 1186 1747 veterem
1224 1691 1480 1745 Ecclesia.-
1507 1689 1884 1753 traditionem,
1917 1688 2029 1758 jam

2125 500 2248 554 ἐπεὶ
2279 500 2404 570 περὶ
2441 498 2629 551 τούτου
2674 495 3016 568 βουλεύεσθαι
3051 494 3368 567 προύκειτο,
3400 493 3686 556 διαναοτάς

2125 593 2183 643 ἐν
2208 589 2356 660 μέσῳ
2375 588 2466 642 τοῦ
2494 587 2746 655 συλλόγου
2769 587 2875 640 τῶν
2906 585 3212 640 ἐπισκόπων
3233 587 3261 639 ὁ
3287 583 3620 654 Παφνούτιος
3638 585 3680 647 ί,

2125 682 2254 735 ἐϐόα
2287 681 2494 753 μακρά,
2523 681 2596 752 μὴ
2627 680 2796 750 βαρὺν
2823 677 2984 748 ζυγὸν
3013 679 3279 731 ἐπιθεῖναι
3317 679 3427 744 τοῖς
3454 675 3686 746 ἱερωμέο

2126 791 2234 836 νοις
2263 774 2487 844 ἀνδράσι
2505 789 2519 803 ·
2549 772 2726 842 τίμιον
2758 766 2895 823 εἶναι
2926 769 3016 823 καὶ.
3043 769 3141 842 τὴν
3168 769 3372 838 κοίτην,
3407 768 3498 821 καὶ
3526 765 3685 820 αὑτὸν

2126 866 2388 936 ἀμίαντον
2434 866 2530 920 τὸν
2558 867 2732 936 γάμον
2780 864 2970 933 λέγων,
3029 863 3102 935 μὴ
3149 865 3214 933 τῇ
3263 859 3532 933 ὑπερϐολῇ
3585 859 3688 930 τῆς
3733 889 3739 895 '
3779 929 3790 935 ,

2125 953 2428 1024 ἀκριϐείας,
2455 954 2652 1025 μᾶλλον
2679 953 2778 1024 τὴν
2810 951 3139 1022 Ἐκκλησίαν
3161 950 3598 1022 προσϋλάψωσινο
3623 951 3684 1004 ού

2127 1047 2235 1119 γὰρ
2259 1047 2464 1111 πάντας
2485 1046 2739 1101 δύνασθαι
2772 1047 2955 1118 φέρειν
2979 1045 3078 1115 τῆς
3109 1044 3373 1107 ἀπαθείας
3393 1043 3490 1115 τὴν
3518 1044 3690 1114 ἀσκη-

2130 1159 2232 1209 σιν,
2263 1141 2382 1195 ούδέ
2414 1143 2542 1204 ἴσως
2583 1139 3019 1212 φυλαχθήσεσθαι
3067 1138 3163 1209 τὴν
3200 1135 3550 1209 σωφροσύνην
3585 1135 3689 1205 τῆς

2127 1235 2356 1289 ἑκάστου
2383 1235 2646 1305 γαμετῆς.
2673 1233 3032 1305 Σωφροσύνην
3061 1232 3117 1287 δέ
3142 1232 3322 1286 ἐκάλει
3349 1231 3441 1284 καὶ
3471 1229 3567 1301 τῆς
3605 1245 3691 1281 νο-

2131 1327 2296 1398 μίμου
2330 1327 2583 1396 γυναικδς
2627 1328 2723 1398 τὴν
2773 1326 3096 1380 συνέλευσιν.
3156 1321 3464 1394 ’Δρκεῖσθαί
3510 1337 3570 1374 τε
3599 1319 3694 1372 τὸν

2129 1419 2409 1490 φθάσαντα
2451 1419 2652 1492 κλήρου
2687 1421 2888 1489 τυχεῖν,
2953 1416 3146 1488 μηκέτι
3180 1415 3272 1468 ἐπὶ
3316 1414 3491 1484 γάμον
3538 1413 3698 1484 ἔρχε-

2129 1509 2284 1577 σθαι,
2323 1511 2462 1564 κατά
2490 1512 2588 1580 τὴν
2611 1511 2710 1580 τῆς
2750 1509 3071 1580 Ἐκκλησίας
3103 1508 3333 1579 ἀρχαίαν
3360 1505 3656 1576 παράδοσιν
3678 1519 3695 1534 ⁸

2133 1601 2270 1671 μήτε
2304 1599 2407 1670 μὴν
2449 1600 2876 1670 ἀποζεύγνύσθαι
2902 1599 3122 1669 ταύτης,
3154 1599 3218 1666 ἦν
3248 1595 3393 1661 ἅπαξ
3430 1596 3530 1666 ήδη
3560 1594 3699 1666 πρό-

2129 1708 2287 1762 τερον
2317 1691 2500 1757 λαῖκδς
2530 1690 2602 1746 ὢν
2631 1695 2888 1763 ἠγάγετο.
2934 1693 3041 1746 Καὶ
3074 1691 3222 1744 ταῦτ’
3262 1690 3443 1750 ἔλεγεν
3471 1690 3702 1761 ἄπειρος

462 1807 572 1845 non
609 1788 846 1859 amplius
889 1799 1089 1839 uxores
1126 1783 1420 1838 ducerent:
1463 1798 1573 1837 non
1616 1790 1797 1836 tamen
1837 1795 2028 1851 quem-

2141 1782 2208 1837 ὢν
2240 1782 2442 1853 γάμου,
2489 1785 2582 1838 καὶ
2627 1783 2828 1846 ἁπλῶς
2856 1785 3048 1848 εἰπεῖν,
3086 1782 3340 1851 γυναικός
3370 1781 3471 1833 ’ἐκ
3509 1779 3704 1841 παιδὸς

461 1897 626 1952 quam
658 1878 1050 1951 sejungendum
1079 1890 1199 1932 esse
1225 1875 1294 1930 ab
1324 1889 1386 1929 ea
1414 1888 1576 1944 quam
1606 1873 1858 1937 antehac,
1903 1879 2036 1926 tunc

2141 1873 2238 1944 γὰρ
2265 1875 2323 1926 ἐν
2352 1874 2671 1946 ἀσκητηρίῳ
2697 1873 3084 1946 ἀνετέθραπτο,
3117 1872 3210 1926 καὶ
3234 1871 3326 1926 ἐπὶ
3353 1869 3701 1942 σωφροσύνῃ,

462 1992 588 2030 cum
623 1981 770 2030 esset
819 1973 1014 2037 laicus,
1061 1970 1303 2042 legitime
1361 1969 1624 2024 duxisset.
1685 1969 1862 2038 Atque
1921 1967 2038 2020 hazc

2141 1965 2180 2017 εἰ
2209 1965 2302 2018 καί
2327 1982 2408 2028 τις
2444 1965 2621 2030 ἄλλος,
2650 1965 2970 2038 περιϐόητος
2996 1965 3090 2020 ὢν.
3115 1964 3366 2017 Πείθεται
3404 1963 3510 2025 πᾶς
3535 1963 3562 2014 ό
3589 1960 3705 2014 τῶν

463 2067 622 2132 dixit,
656 2067 771 2137 ipse
802 2081 910 2120 non
947 2064 1110 2118 modo
1138 2061 1413 2133 conjugii,
1454 2061 1550 2115 sed
1588 2059 1874 2114 muliebris
1902 2074 2038 2113 con-

2141 2057 2442 2129 ίερωμὲνων
2474 2057 2726 2137 σύλλογος
2752 2061 2864 2122 τοῖς
2890 2058 3230 2127 Παφνουτίου
3262 2056 3458 2125 λόγοις.
3488 2054 3578 2108 Διὸ
3604 2055 3708 2108 καὶ

464 2175 683 2230 gressus
710 2157 931 2228 penitus
959 2168 1190 2225 expers;
1227 2153 1426 2224 quippe
1455 2152 1549 2223 qui
1574 2168 1605 2206 a
1635 2167 1807 2222 puero
1834 2151 1889 2205 in
1918 2166 2039 2206 mo-

2141 2126 2231 2222 την
2261 2126 2390 2224 περὶ
2413 2126 2598 2206 τούτῖυ
2631 2149 2855 2223 ζήτησιν
2883 2126 3244 2221 ἀπεσίγησαν,
3270 2151 3337 2220 τῇ
3365 2149 3557 2219 γνώμῃ
3586 2145 3703 2198 τῶν

465 2251 704 2307 nasterio
733 2249 998 2305 educatus
1030 2246 1260 2309 fuisset,
1289 2250 1344 2299 et
1381 2243 1452 2299 ob
1491 2243 1823 2314 singularem
1871 2243 2041 2296 casti-

2141 2244 2478 2316 βουλομένων
2503 2244 2800 2316 ἀπέχεσθαι
2825 2244 2924 2316 τῆς
2952 2243 3166 2315 ὁμιλίας
3191 2243 3297 2296 τῶν
3326 2239 3579 2313 γαμετῶν
3605 2254 3708 2293 κα·-

467 2343 704 2398 moniam
733 2340 803 2395 ab
824 2337 1078 2394 omnibus
1106 2337 1434 2392 celebratus.
1454 2335 1722 2391 Caeterum
1752 2335 2039 2390 universus

2141 2337 2503 2407 ταλείψαντες.
2531 2338 2642 2392 Καὶ⁷
2662 2336 2898 2392 τοσαῦτα
2928 2337 3024 2408 μέν
3057 2337 3183 2408 περὶ
3213 2335 3567 2404 Παφνουτίου.

466 2438 811 2495 sacerdotum
846 2443 1020 2491 coetus
1047 2431 1341 2504 Paphnutii
1388 2431 1736 2486 sermonibus
1783 2447 2038 2488 assensus
2075 2441 2178 2488 est.
2219 2433 2455 2488 Proinde
2495 2433 2695 2488 omissa
2747 2434 2867 2504 ejus
2909 2431 2990 2487 rei
3044 2430 3458 2501 disceptatione,
3509 2429 3706 2498 singu-

467 2533 644 2584 lorum
684 2527 917 2583 arbitrio
967 2524 1338 2597 permiserunt
1381 2531 1444 2577 ut
1491 2523 1562 2578 ab
1605 2539 1836 2578 uxorum
1872 2525 2268 2582 consuetudine
2311 2526 2692 2584 abstinerent.
2741 2525 2786 2580 si
2844 2524 3064 2579 vellent.
3104 2521 3172 2578 Et
3213 2523 3328 2577 haec
3366 2521 3585 2592 quidem
3630 2518 3707 2576 de

467 2619 795 2693 [‘aphnutio.

1109 2731 1257 2787 CAP.
1285 2731 1399 2785 ΧΠ.

747 2825 825 2878 De
847 2823 1139 2894 Spyridone
1162 2819 1477 2891 Cypriorum
1503 2821 1758 2891 episcopo.

540 2916 697 2972 Nunc
727 2915 796 2970 ad
843 2913 1202 2986 Spyridonem
1253 2921 1612 2966 transeamus.
1662 2911 1832 2966 Tanta
1875 2913 1932 2967 in
1971 2928 2042 2968 eo

469 3007 652 3063 adhuc
671 3007 854 3062 ovium
878 3014 1093 3076 pastore
1118 3005 1296 3059 inerat
1321 3002 1446 3058 vita:
1461 3002 1740 3069 sanctitas,
1764 3010 1825 3058 ut
1845 3003 2044 3075 dignus

473 3100 691 3156 habitus
717 3097 904 3179 sit.qui
929 3097 1210 3152 hominum
1254 3110 1471 3165 quoque
1507 3102 1693 3164 pastor
1732 3096 2038 3151 exsisteret.

473 3190 571 3246 llic
594 3189 746 3244 urbis
767 3188 1049 3259 cujusdam
1079 3190 1134 3241 in
1156 3186 1356 3258 Cypro,
1384 3185 1605 3239 nomine
1628 3184 2038 3253 Trimithuntis,

471 3283 844 3351 episcopatum
868 3279 1094 3333 sortitus
1116 3286 1220 3332 est.
1247 3277 1448 3332 Verum
1475 3275 1546 3329 ob
1571 3274 1901 3346 singularem
1923 3277 2044 3332 ani-

473 3374 546 3428 mi
570 3372 914 3433 modestiam,
939 3371 1100 3424 etiam
1130 3370 1186 3422 in
1207 3368 1524 3438 episcOpatu
1548 3381 1676 3422 oves
1691 3381 1916 3438 pascere
1931 3385 2042 3426 non

473 3464 700 3518 destitit.
731 3463 796 3516 Et
821 3461 987 3516 multa
1018 3459 1237 3530 quidem
1285 3457 1354 3512 de
1396 3458 1499 3513 hoc
1545 3458 1664 3511 viro
1710 3456 2042 3515 referuntur.

475 3556 588 3626 Ego
613 3567 745 3610 vero
780 3569 950 3607 unum
978 3553 1240 3606 duntaxat
1259 3557 1356 3604 aut
1400 3551 1635 3605 alterum
1679 3552 1799 3621 ejus
1837 3549 2051 3607 facinus

475 3645 936 3708 commemorabo,
963 3659 1032 3698 ne
1058 3644 1273 3714 longius
1293 3643 1363 3698 ab
1386 3641 1637 3696 instituto
1667 3641 1858 3696 videar
1896 3641 2052 3698 aber-

476 3756 620 3795 rare.
648 3739 818 3794 Fures
855 3736 1033 3792 media
1077 3745 1236 3790 nocte
1281 3735 1466 3790 caulas
1510 3735 1629 3806 ejus
1672 3733 1918 3789 clanculo
1963 3735 2052 3789 in-

477 3827 678 3902 gressi.
705 3844 834 3884 oves
855 3825 977 3882 inde
1003 3827 1277 3881 abducere
1306 3826 1604 3881 tentabant.
1627 3825 1734 3898 40
1758 3825 1866 3880 Sed
1887 3826 2050 3892 Deus,

476 3922 570 3994 qui
596 3930 868 3994 pastorem
892 3919 1069 3989 ipsum
1091 3918 1366 3983 servabat,
1390 3932 1520 3972 oves
1540 3931 1756 3987 quoque
1775 3917 1893 3988 ejus
1917 3932 2049 3972 con-

477 4013 734 4071 servavit.
803 4011 976 4066 Fures
1043 4009 1191 4065 enim
1249 4008 1508 4064 invisibili
1555 4008 1790 4079 quadam
1847 4008 2050 4064 virtute

476 4103 769 4162 constricti
798 4102 864 4158 ad
888 4101 1050 4156 ovilia
1077 4101 1425 4157 tenebantur.
1465 4100 1583 4156 Jam
1621 4101 1740 4156 dies
1767 4101 2051 4157 illucesce-

479 4195 570 4251 bat
615 4212 629 4250 :
667 4195 758 4250 ille
824 4192 892 4247 ad
959 4207 1092 4247 oves
1136 4191 1399 4255 veniens,
1464 4199 1754 4260 postquam
1819 4191 2052 4262 juvenes

479 4287 732 4344 manibus
764 4294 887 4354 post
917 4291 1126 4353 tergum
1170 4281 1428 4336 revinctis
1469 4280 1627 4345 vidit,
1679 4281 1861 4336 statim
1896 4281 2052 4336 intel-

553 4401 597 4432 "‘
624 4399 792 4454 Hebr.
820 4414 937 4459 xm,
971 4399 1022 4451 4.

2721 2733 2969 2787 ΚΕΦΑΛ.
3012 2733 3112 2787 IB'.

2250 2827 2382 2896 Περὶ
2409 2823 2786 2893 Σπιιρίδωνος
2813 2825 2919 2878 τοῦ
2945 2823 3218 2894 Κυπρίων
3243 2824 3596 2878 ἐπισκόπου.

2213 2915 2348 2986 Περὶ
2375 2915 2430 2969 δὲ
2457 2914 2796 2987 Σπυρίδωνος
2816 2911 2863 2980 i,
2887 2913 3125 2985 τοσαύτη
3150 2912 3227 2986 τῷ
3254 2913 3468 2986 ποιμένι
3495 2911 3708 2985 προσῆν

2143 3005 2390 3075 ὁσιότης,
2439 3004 2516 3069 ὼς
2561 3004 2654 3059 καὶ
2714 3004 3007 3076 ἀξιωθῆναι.
3051 3005 3211 3060 αὐτὸν
3259 3007 3353 3060 καὶ
3404 3003 3708 3076 ἀνθρώπων

2147 3096 2378 3168 ποιμένα
2411 3096 2683 3166 γενέσθαι.
2734 3099 2830 3161 Ὃς
2878 3099 3006 3168 μιᾶς
3036 3097 3144 3150 τῶν
3173 3098 3230 3150 ἐν
3262 3098 3470 3169 Κύπρῳ
3499 3099 3708 3152 πόλεων

2146 3189 2368 3260 ὀνόματι
2415 3188 2836 3262 Τριμιθοῦντος,
2885 3189 2983 3260 τὴν
3011 3190 3312 3262 ἐπισκοπὴν
3341 3189 3703 3262 ἐκεκλήρωτο.

2147 3280 2245 3332 Διά
2292 3279 2350 3334 δέ
2396 3281 2626 3350 ἀτυφίαν
2673 3280 2892 3353 πολλὴν,
2950 3281 3202 3353 ἐχόμενος
3247 3283 3344 3347 τῆς
3398 3279 3710 3348 ἐπισκοπῆς

2148 3371 2431 3442 ἐποίμαινε
2460 3373 2552 3425 καὶ
2577 3371 2644 3426 τὰ
2688 3372 2952 3442 πρόϐατα.
2988 3370 3164 3425 Πολλά
3203 3371 3303 3442 μέν
3338 3367 3432 3425 οὖν
3468 3371 3535 3427 τὰ
3576 3373 3712 3443 περ).

2102 3505 2112 3519 .
2149 3462 2313 3515 αὑτοῦ
2342 3463 2626 3534 λεγόμενα.
2661 3462 2808 3527 Ἐνὺς
2837 3462 2896 3516 δέ
2921 3462 2953 3533 ἢ
2976 3462 3067 3516 δύο
3091 3462 3587 3534 ἐπιμνησθήσομαι,
3617 3464 3712 3518 ἵνα.

2149 3554 2224 3625 μὴ
2253 3553 2357 3620 ἔξω
2389 3554 2480 3608 τοῦ
2509 3553 2866 3625 προκειμένου
2896 3553 3031 3618 δόξω
3062 3553 3383 3608 πλανᾶσθαι.
3421 3555 3713 3626 Μεσούσης

2148 3647 2278 3700 ποτέ
2321 3647 2421 3718 τῆς
2448 3645 2670 3711 νυκτὸς,
2701 3645 2930 3700 κλέπται
2972 3649 3090 3710 ταῖς
3135 3646 3394 3700 ἐπαύλεσι
3427 3647 3533 3701 τῶν
3570 3665 3713 3719 προ-

2148 3736 2326 3791 ϐάτων
2354 3736 2627 3809 λαθραίως
2664 3736 3009 3802 ἐπελθόντες,
3040 3738 3388 3807 ἀφαιρεῖσθαι
3421 3737 3529 3791 τῶν
3575 3755 3712 3810 προ-

2150 3828 2328 3882 σάτων
2382 3830 2728 3894 ἐσπούδαζον.
2777 3831 2835 3883 Ὀ
2863 3829 2995 3894 Θεὸς
3039 3830 3094 3885 δέ
3122 3831 3229 3902 ἄρα
3274 3831 3303 3884 ό
3353 3830 3443 3883 τὸν
3475 3829 3714 3901 ποιμένα

2149 3916 2357 3981 σώζων,
2398 3918 2567 3983 ἔσωζε
2611 3921 2704 3973 καὶ
2752 3921 2820 3975 τὰ
2867 3920 3133 3992 πρόϐατα.
3197 3922 3259 3974 Οί
3303 3920 3411 3992 γάρ
3456 3919 3688 3974 κλέπται

2147 4009 2363 4080 ἀοράτῳ
2389 4010 2614 4082 δυνάμει
2643 4011 2794 4085 παρά
2817 4014 2936 4075 ταῖς
2970 4012 3258 4068 ἐπαύλεσιν
3287 4013 3539 4068 ἐδέδεντο.
3575 4014 3716 4084 Ὄρ-

2149 4099 2274 4171 θρος
2300 4118 2358 4154 τε
2391 4097 2491 4172 ἦν·
2525 4102 2620 4156 καὶ
2650 4099 2754 4175 ἦκε
2794 4104 2942 4175 παρά
2967 4102 3036 4158 τά
3065 4104 3309 4175 ποίμνια.
3353 4103 3439 4167 Ὠς
3465 4103 3520 4157 δὲ
3550 4097 3718 4175 εὗρεν

2147 4193 2322 4246 ὀπίσω
2366 4192 2465 4257 τὰς
2507 4196 2692 4265 χεῖρας
2736 4195 2978 4267 ἔχοντας,
3037 4195 3175 4266 ἔγνω
3207 4195 3267 4250 τὸ
3318 4195 3570 4266 γεγονός·
3613 4196 3717 4250 καὶ

2150 4283 2458 4356 εὐχόμενος,
2480 4283 2595 4339 λύει
2627 4286 2752 4351 τοὺς
2785 4285 3040 4353 κλέπτας,
3064 4286 3232 4340 πολλά
3261 4304 3320 4341 τε
3357 4288 3713 4359 νουθετήσας,

1641 4486 1996 4544 νΑιιιοῐιυιι
2047 4488 2594 4548 ANNOTATIONES.

550 4606 578 4646 ιι
604 4605 703 4680 Μὴ
723 4606 1155 4680 συγκαθεύδειν
1177 4604 1303 4672 ταῖς
1330 4603 2043 4680 γαμεταῖςε-ᾷε-ἔτξέαϊκοί

2151 4608 2385 4680 riensem
2414 4609 2766 4680 Expositione
2807 4609 3022 4665 articuli
3065 4607 3259 4663 XXXII
3300 4607 3553 4663 Ecclesia
3599 4609 3722 4666 An-

483 4678 652 4748 ὄντες
674 4674 987 4748 ἠγάγοντο.
1013 4677 1199 4748 Canon
1225 4675 1560 4748 apostolicus
1577 4674 1746 4748 XXVI
1773 4675 1930 4748 εΑΤῷν
1964 4679 2045 4748 είς

484 4743 1131 4817 κλῆρον’προσελθόντων
1164 4743 1410 4816 ἀγάμων,
1455 4745 1744 4817 κελεύομεν
1775 4743 2050 4817 βουλομέ-

485 4815 606 4880 νουξ
662 4815 876 4886 γαμεῖν,
923 4815 1272 4886 ἀναγνώστας
1327 4817 1423 4870 καὶ
1454 4815 1662 4884 ψάλτας
1719 4816 1930 4886 μόνους.
1956 4815 1962 4816 “
1988 4816 2047 4870 In

485 4902 658 4958 quem,
678 4885 950 4942 canonem
983 4885 1098 4943 haec
1131 4887 1295 4958 habet
1318 4886 1606 4941 Balsamon
1641 4902 1654 4939 :
1682 4885 1794 4958 ῌρδ
1821 4885 1918 4958 τῆς
1942 4902 2053 4958 χει-

489 4955 727 5029 ροτονίας
747 4959 911 5029 πᾶσιν
931 4959 1138 5029 ἐφεῖται
1163 4957 1525 5029 συνάπτεσθαι
1543 4955 1775 5029 γυναιξὶ,
1791 4955 1888 5029 καὶ
1911 4955 2052 5029 οὕτω

487 5024 908 5099 ἀειροτονεῐσθαι
943 5024 1164 5099 τούτους
1202 5024 1621 5099 πρεσϐυτέρως,
1649 5025 1942 5099 διακόνους
1959 5024 2053 5079 καὶ

489 5095 868 5184 ὗπιὲδξακάνους
884 5113 917 5184 ’.
943 5097 1079 5184 ξιετά
1119 5097 1175 5184 δὲ
1200 5095 2054 5184 sinitaeuv‘a:etesse:

488 5167 754 5234 γνώσταις
778 5168 872 5220 καὶ
891 5163 1118 5235 ψάλταις
1146 5163 1358 5236 ἐνεδόθη
1376 5163 1592 5235 γαμεῖν.
1610 5163 1828 5236 canone
1851 5163 2052 5220 etiam]

491 5237 681 5306 synodi
719 5234 1152 5292 Neocmsareanze
1199 5234 1464 5291 statutum
1503 5245 1608 5301 est,
1662 5234 2050 5306 Presbyter-agn,

489 5305 536 5361 si
579 5323 797 5361 uxorem
832 5307 1056 5370 duxerit,
1101 5306 1282 5360 ordine
1326 5323 1420 5359 suo
1460 5322 1567 5360 esse
1608 5306 1932 5359 movendum.
1978 5305 2054 5359 De

494 5379 745 5449 conjugio
779 5377 1119 5449 sacerdotum
1150 5375 1260 5449 vid.
1298 5376 1554 5431 Pearson.
1583 5376 1646 5449 in_
1667 5383 1823 5449 tract.
1859 5376 1926 5430 de
1952 5390 2052 5449 an_-

494 5443 854 5517 nis'priorum
893 5447 1075 5517 Romae
1117 5446 1517 5515 episcoporum,
1543 5462 1596 5517 p.
1628 5444 1747 5517 l786,
1781 5455 1910 5517 etc.,
1954 5443 2057 5517 sub

497 5517 583 5572 his
613 5513 786 5572 titulis
830 5529 846 5568 :
884 5516 1022 5570 Nihil
1057 5513 1362 5569 imminutus
1385 5513 1660 5570 sacerdotii
1698 5517 1861 5568 honor
1892 5513 2061 5582 legiti-

499 5603 581 5666 rno
608 5587 970 5666 matrimonio:
997 5584 1121 5651 Quis
1146 5587 1406 5666 eunuchus
1447 5595 1678 5666 propter_
1704 5600 1923 5666 regnum
1964 5600 2062 5666 cur:

501 5657 689 5710 torum.
713 5656 1005 5712 Commoda
1052 5663 1230 5709 autem
1279 5663 1335 5709 et
1374 5653 1714 5710 incommoda
1757 5653 2063 5707 istiusmodi

503 5727 736 5798 conjugii
783 5727 895 5783 vid.
931 5725 1071 5795 apud
1112 5724 1413 5780 Gilbertum
1446 5725 1760 5795 episcopum
1811 5723 2063 5778 Sarisbu-

2185 4679 2395 4734 licanaz.

2148 4695 2603 4816 snfatrtﬁi'aa'tdc
2627 4750 2696 4804 ἐν
2733 4749 2900 4819 μέσῳ
2947 4747 3053 4801 τοῦ
3093 4745 3565 4819 συλλόγου-τῷν
3585 4749 3722 4803 ἐπι-

2147 4820 2394 4871 σκόπων
2424 4815 2812 4886 Παφιοούτιὸς.
2842 4819 3091 4874 Narratio
3135 4817 3250 4872 haec
3290 4815 3358 4870 de
3406 4816 3725 4887 Paphnutio

2157 4895 2408 4958 suspecta
2463 4898 2548 4944 est
2595 4889 2841 4955 Valesio;
2887 4903 3076 4942 verum
3128 4887 3354 4958 hujusce
3387 4888 3726 4956 suspicionis

2157 4957 2369 5012 nullum
2401 4958 2658 5030 idoneum
2703 4965 3082 5030 argumentum
3113 4957 3272 5030 all'ert
3301 4957 3634 5030 vir_doct_us.
3677 4960 3726 5015 E

2157 5036 2368 5099 contra,
2402 5029 2667 5084 sententia
2714 5027 2816 5085 ista
2843 5028 3144 5099 Paphnutii
3163 5035 3350 5099 postea
3390 5027 3506 5099 lege
3539 5027 3727 5099 impe-

2160 5098 2281 5180 riali
2304 5099 2755 5180 confirmata‘est,
2785 5096 3108 5180 quaa’exsta‘t
3136 5096 3232 5152 lib.
3261 5113 3352 5180 xvi
3378 5096 3505 5178 Cod.
3529 5096 3726 5180 Ili—eo-

2159 5167 2294 5232 ἀοι,
2351 5170 2454 5240 leg.
2499 5169 2587 5232 4-4,
2624 5169 2702 5240 De
2737 5166 3008 5239 episcopis
3041 5175 3096 5222 et
3136 5167 3488 5240 presbyteris.
3529 5166 3728 5236 Itaque

2157 5238 2482 5310 nonminus
2505 5238 2737 5310 candide
2758 5238 2934 5310 quam,
2963 5253 3106 5310 vere
3135 5238 3236 5310 hac
3273 5238 3340 5310 de
3372 5253 3428 5291 re
3461 5251 3728 5310 pronum

2161 5307 2315 5362 tiavit
2345 5308 2564 5364 doctiss.
2599 5309 2679 5362 Du
2711 5305 2832 5375 Pin,
2862 5309 3072 5364 scilicet
3095 5307 3255 5376 hujus
3284 5305 3522 5363 historia:
3553 5305 3728 5362 fidem

2152 5393 2261 5432 non
2288 5378 2392 5433 alia
2425 5379 2492 5433 de
2522 5394 2685 5433 causa
2714 5379 2770 5434 in
2795 5379 3023 5435 dubium
3058 5377 3224 5433 fuisse
3246 5387 3508 5440 vocatam,
3550 5391 3728 5446 quam
3817 5404 3828 5410 -

2155 5446 2300 5570 390d
2331 5456 2562 5570 recepta
2592 5448 2846 5505 Ecclesia:
2874 5449 3131 5505 Romanae
3159 5446 3460 5518 disciplina:
3497 5453 3728 5502 contra-

2197 5525 2320 5570 Icat.
2343 5517 2430 5570 W.
2503 5533 2674 5570 owrn.

2197 5517 2320 5570 icat.
2343 5517 2430 5572 W.
2459 5517 2674 5572 Lowrn.

2231 5588 2247 5636 ι
2288 5588 2424 5660 [Igpt
2449 5587 2517 5641 δὲ
2543 5587 2936 5660 Σπυρίδωνος.
2968 5588 3043 5643 De
3073 5585 3378 5660 iSpyridone
3404 5587 3562 5660 plura
3591 5585 3729 5647 vide

2161 5656 2304 5726 apud
2328 5656 2687 5714 Sozomenum
2725 5658 2821 5714 lib.
2848 5675 2886 5726 ι,
2913 5675 3032 5728 cap.
3065 5656 3150 5712 Η.

3155 5806 3207 5826 4.

3789 5087 3825 5150 ες

3784 5135 3828 5239 ἒς

3793 5243 3811 5272 δ
