4050 6348
330 388 415 446 1θῦ
1294 378 1627 438 HISTORIA
1663 372 2222 436 ECCLESIASTICA.
2265 408 2335 417 -—
2371 376 2500 433 LIB.
2541 372 2583 431 l.

3462 370 3561 425 1οῧ

331 502 411 559 καὶ
446 501 785 573 παραινέσας
828 500 891 553 ἐκ
944 495 1170 553 δικαίων
1221 497 1396 551 πόνων
1436 495 1778 560 σπουδάζειν,
1812 494 1886 564 μὴ

1999 493 2125 548 [exit
2151 491 2207 547 id
2238 489 2385 562 quod
2408 498 2624 561 gestum
2648 488 2847 546 fuerat.
2875 486 3150 556 Factaque
3177 483 3428 539 oratione
3458 484 3562 536 abs

333 597 424 670 μὴν
452 594 513 662 ἐξ
548 593 763 657 ἀδικίας
791 591 1116 664 λαμϐάνειν
1155 590 1308 661 κριόν
1347 606 1408 642 τε
1442 589 1622 651 αὐτοῖς
1653 588 1883 660 χαρισά-

1987 586 2149 640 solvit
2171 584 2347 650 fures,
2373 583 2677 637 admonens
2697 596 2794 637 eos
2829 587 2992 650 atque
3032 577 3349 641 exhortans,
3393 583 3456 628 ut
3498 588 3566 630 ex

497 679 741 733 ἀπέλυσε
758 717 776 744 ,
806 680 900 732 καὶ
926 678 1224 749 χαριέντως
1252 676 1742 747 ἐπιφθεγξάμενος,
1773 675 1888 731 ἰνα

1999 676 2149 743 iustis
2166 674 2472 740 laboribus,
2508 686 2620 727 non
2644 687 2742 743 per
2778 670 3031 725 fraudem
3071 676 3237 738 atque
3282 666 3564 738 injuriam,

331 771 425 845 μὴ.
456 772 621 843 φησὶ,
662 772 838 844 μάτην
868 771 1281 842 ὴγρυπνηκότες
1330 769 1608 839 φανείητε.
1650 769 1745 822 ’Ἑν
1789 767 1888 838 μὲν

328 866 380 937 δὴ
404 863 560 918 τοῦτο
590 846 701 916 τῶν
728 862 858 934 περὶ
880 862 1220 933 Σπυρίδωνος
1241 861 1556 933 θαυμάτων.
1583 860 1808 931 Ἕτερον
1831 859 1889 913 δὲ

327 954 518 1011 τοιοῦτο
538 971 552 985 ·
576 951 646 1027 ἦν
665 953 823 1025 αὐτῷ,
847 953 1094 1025 θυγάτηρ
1126 952 1416 1025 παρθένος,
1444 952 1544 1021 τῆς
1573 950 1666 1005 τοῦ
1688 950 1888 1019 πατρὸς

327 1048 594 1110 εὐλαϐείας
626 1045 945 1117 μετέχουσα,
963 1043 1200 1115 τοῦνομα
1224 1045 1449 1116 Εἰρήνη.
1482 1043 1665 1113 Ταύτῃ
1692 1040 1889 1113 γνὼριυ

327 1142 412 1214 μός
430 1157 524 1203 τιςι
540 1137 837 1209 πολύτιμον
874 1136 1139 1209 παρέθετο
1153 1137 1398 1207 κόσμιον·
1422 1138 1457 1206 ἡ
1482 1135 1540 1189 δὲ
1566 1135 1894 1204 ἀσφαλέστε-

327 1247 406 1302 ρον
433 1228 684 1293 ποιοῦσα,
714 1230 785 1297 γῇ
819 1227 917 1298 τὴν
940 1225 1410 1296 παρακαταθήκην
1440 1223 1643 1295 ἔκρυψε
1665 1243 1679 1255 υ
1709 1222 1821 1293 μετ’
1841 1228 1903 1282 οὖ

326 1322 444 1377 πολὺ
463 1322 520 1376 δὲ
552 1321 644 1374 τὸν
675 1320 786 1389 βίον
809 1318 1261 1373 ἀπέλιπεν.Ἵίκει
1294 1317 1432 1387 μετά
1454 1315 1693 1387 χρόνονὸ
1712 1332 1785 1368 πα
1794 1330 1891 1384 ρα-

322 1415 555 1485 θέμενος.
608 1410 703 1483 Μὴ
766 1409 942 1482 εὑρών
996 1426 1055 1464 τε
1095 1409 1195 1480 τὴν
1237 1406 1527 1479 παρθένον,
1561 1406 1893 1478 ἐμπλέκεται

323 1505 391 1576 τῷ
413 1505 600 1576 πατρὶ,
624 1503 720 1556 νῦν
753 1502 851 1572 μὲν
873 1500 1139 1571 ἐγκαλῶν,
1156 1499 1303 1553 ἔστιν
1324 1500 1381 1552 δὲ
1409 1500 1496 1553 ὅτε
1524 1496 1620 1551 καὶ
1644 1512 1886 1569 παρακα-

322 1595 437 1651 λῶν.
480 1594 633 1648 Ἐπεὶ
667 1594 723 1647 δέ
755 1592 1037 1665 συμφοράν
1065 1594 1301 1646 ἐποιεῖτο
1331 1590 1429 1662 τὴν
1455 1589 1547 1644 τοῦ
1579 1586 1894 1659 παραθεμέ-

323 1705 402 1742 νου
445 1685 647 1758 ζημίαν
694 1685 724 1737 ὁ
766 1685 967 1755 γέρων,
1002 1682 1171 1737 ἐλθὼν
1204 1683 1295 1736 ἐπὶ
1330 1680 1391 1736 τὸ
1424 1684 1615 1753 μνῆμα
1650 1682 1749 1752 τῆς
1800 1679 1895 1732 θυ-

206 1824 215 1837 .
325 1778 534 1849 γατρὸς,
590 1778 911 1830 ἐπεκαλεῖτο
968 1775 1059 1830 τὸν
1103 1774 1256 1840 Θεὸν,
1310 1773 1417 1846 πρὸ
1468 1772 1663 1844 καιροῦ
1723 1770 1893 1837 δεῖξαι

1988 766 2193 821 victum
2219 766 2325 821 sibi
2362 780 2554 836 parare
2597 762 3014 819 contenderent.
3064 761 3304 815 Arietem
3349 775 3570 830 quoque

1988 854 2072 908 eis
2094 854 2339 920 donavit,
2365 854 2580 926 adjecto
2603 854 2708 907 hoc
2729 852 2905 907 facete
2932 851 3113 905 dicto:
3138 850 3217 905 Ne
3238 850 3441 905 frustra
3484 848 3570 902 τίκ

1989 948 2185 1017 gilasse
2232 947 2553 1001 videamini.
2599 944 2776 1015 Atque
2820 945 2896 998 ita
2943 944 3155 998 solutos
3197 957 3294 999 eos
3337 941 3567 997 dimisit.

1991 1038 2107 1095 Hoc
2131 1046 2219 1094 est
2239 1054 2410 1094 unum
2434 1055 2465 1094 e
2493 1037 2816 1110 Spyridonis
2844 1036 3140 1091 miraculis.
3166 1035 3412 1090 Alterum
3434 1051 3572 1089 vero

1991 1138 2078 1186 est
2140 1131 2479 1204 hujusmodi.
2526 1131 2720 1186 Filiam
2767 1128 2961 1185 habuit
2993 1128 3288 1199 virginem,
3331 1134 3575 1197 paterna:

1992 1224 2216 1295 pietatis
2245 1223 2519 1288 aemulam,
2561 1222 2784 1277 nomine
2826 1222 3059 1276 lrenem.
3106 1220 3245 1275 Huic
3288 1218 3577 1274 familiaris

1993 1314 2217 1386 quidam
2244 1314 2547 1384 pretiosum
2574 1315 2763 1369 nescio
2789 1314 2937 1383 quod
2963 1321 3349 1369 ornamentum
3386 1319 3573 1366 custo-

1994 1410 2258 1464 diendum
2284 1406 2604 1462 tradiderat.
2631 1406 2724 1460 illa
2756 1421 2867 1477 quo
2902 1407 3075 1461 tutius
3120 1412 3366 1459 servaret
3407 1403 3575 1472 depo-

1993 1498 2183 1563 situm,
2209 1497 2266 1551 in
2290 1504 2495 1552 terram
2517 1494 2751 1560 abdidit,
2789 1511 2854 1550 ac
2888 1495 3052 1565 paulo
3092 1502 3217 1564 post
3259 1493 3500 1549 decessit
3543 1509 3575 1547 ο

1995 1590 2124 1645 vita.
2150 1588 2449 1659 Aliquanto
2473 1595 2599 1658 post
2620 1596 2869 1658 tempore
2906 1587 3057 1641 venit
3099 1586 3146 1640 is
3182 1585 3276 1655 qui
3313 1601 3433 1641 rem
3476 1585 3576 1640 de—

1994 1686 2276 1749 posuerat.
2305 1679 2522 1734 Etcum
2559 1678 2829 1748 virginem
2872 1692 2983 1732 non
3028 1676 3316 1746 reperiret,
3362 1684 3575 1746 patrem

1996 1773 2225 1828 adortus
2246 1779 2332 1827 est
2350 1811 2366 1837 ,
2403 1788 2553 1827 nunc
2579 1772 2905 1829 insimulans
2925 1785 3074 1835 eum,
3101 1786 3248 1824 nunc
3260 1770 3574 1825 obsecrans.

324 1848 458 1937 αὑτῷ
490 1865 590 1938 τὴν
621 1865 1099 1937 ἐπαγγελλομένην
1120 1864 1437 1918 ἀνάστασιν.
1470 1863 1580 1916 Καὶ
1604 1861 1705 1931 τῆς
1734 1860 1886 1913 ἐλπί-

1999 1865 2194 1928 Senex,
2218 1879 2345 1919 cum
2371 1863 2633 1919 damnum
2658 1864 2778 1934 ejus
2800 1861 2895 1933 qui
2920 1876 3035 1916 rem
3055 1861 3403 1930 deposuerat,
3423 1876 3577 1915 suam

323 1956 398 2019 δος
424 1956 524 2025 οὐχ
562 1956 799 2026 ἥμαρτε.
839 1953 997 2006 Ζῶσα
1049 1953 1158 2025 γάρ
1194 1949 1351 2016 αὖθις
1380 1954 1412 2023 ή
1442 1950 1727 2023 παρθένος,
1761 1949 1890 2018 φαί-

326 2056 457 2100 νεται
494 2046 575 2117 τῷ
607 2046 797 2116 πατρί.
844 2045 953 2099 Καὶ
992 2044 1082 2098 τὸν
1109 2044 1271 2098 τόπον
1308 2043 1633 2114 σημάνασα,
1676 2040 1803 2094 ἔνθα
1831 2042 1892 2095 τὸ

326 2139 538 2209 κόσμιον
561 2136 967 2209 ἀπεκέκρυπτο,
1001 2132 1156 2201 αὖθις
1201 2135 1498 2207 ἀπεχώρει.
1529 2133 1772 2189 Τοιοῦτοι
1802 2136 1894 2189 ἄν·

324 2229 433 2305 δρες
457 2231 518 2283 ἐν
545 2232 658 2293 τοίς
679 2231 889 2301 χρόνοις
908 2227 1002 2282 τοῦ
1027 2228 1290 2299 βασιλέως
1314 2227 1724 2283 Κωνσταντίνου
1750 2227 1892 2281 κατὰ

324 2322 412 2385 τὰς
451 2321 780 2392 Ἐκκλησίας
807 2319 1129 2392 ἐξέλαμπον.
1155 2319 1341 2374 Ταῦτα
1369 2319 1426 2374 δὲ
1454 2319 1566 2389 ἐγὼ
1607 2320 1702 2372 καὶ
1755 2320 1891 2389 ἀκοῇ

325 2412 465 2483 παρὰ
491 2413 704 2466 πολλῶν
756 2412 1021 2484 Κυπρίων
1051 2411 1382 2483 παρέλαϐον,
1426 2411 1519 2466 καὶ
1558 2411 1896 2481 συντάγματι

335 2504 608 2573 Ῥουφῖνου
652 2503 796 2568 τινὸς
842 2503 1215 2576 πρεσϐυτέρου
1272 2503 1545 2575 ἐνέτυχον,
1615 2502 1894 2574 Ῥωμαϊκῇ

325 2595 452 2661 λέξει
479 2597 975 2668 συγγεγραμμένῳ.
1023 2596 1139 2666 Ἀφ’
1161 2587 1236 2649 ὧν
1264 2594 1440 2649 ταῦτα
1468 2596 1560 2649 καὶ
1584 2595 1751 2666 ἕτερά
1777 2612 1897 2649 τινα

323 2687 420 2741 τῶν
452 2689 571 2759 μετ’
604 2689 667 2742 οὐ
695 2689 832 2743 πολὺ
865 2687 1254 2760 ῥηθησομένων
1286 2687 1611 2760 συνήγαγον.

1995 1954 2171 2023 ipsius
2196 1953 2424 2008 duceret
2464 1969 2586 2008 esse
2624 1956 2920 2025 jacturam,
2959 1951 3113 2006 venit
3148 1951 3216 2006 ad
3263 1952 3579 2021 sepulcrum

1996 2046 2141 2110 filiae,
2168 2046 2450 2116 Deumque
2475 2055 2732 2115 precatus
2769 2052 2855 2099 est
2896 2051 2960 2098 ut
3019 2044 3345 2116 promissam
3391 2058 3579 2097 resur-

1997 2136 2301 2190 rectionem
2325 2137 2431 2191 sibi
2478 2144 2605 2191 ante
2648 2145 2866 2207 tempus
2913 2137 3252 2192 ostenderet.
3296 2136 3411 2190 Nec
3456 2150 3582 2204 Spes

1998 2242 2126 2281 eum
2166 2226 2379 2283 fefellit.
2444 2226 2640 2283 Statim
2687 2229 2838 2282 enim
2882 2228 3065 2299 puella
3110 2226 3358 2283 rediviva
3405 2227 3584 2281 astitit
3660 2248 3665 2252 -

1998 2324 2164 2392 patri.
2197 2322 2446 2393 Cumque
2479 2323 2659 2377 locum
2710 2322 3008 2378 indicasset
3040 2321 3098 2376 in
3134 2337 3244 2391 quo
3287 2321 3582 2376 abscondi-

1999 2422 2117 2469 tum
2140 2421 2263 2469 erat
2286 2421 2694 2479 ornamentum,
2722 2426 2916 2469 rursus
2936 2429 3003 2469 ex
3033 2414 3138 2468 hac
3157 2413 3279 2469 luce
3303 2413 3580 2483 migravit.

1999 2507 2327 2579 Hujusmodi
2371 2507 2625 2563 homines
2666 2507 3014 2578 imperatoris
3057 2506 3403 2562 Constantini
3442 2514 3585 2562 tem.

1996 2600 2230 2670 poribus
2256 2599 2314 2653 in
2342 2598 2590 2655 Ecclesia
2614 2598 2944 2654 ﬂoruerunt.
2986 2598 3163 2668 Atque
3187 2598 3302 2652 haec
3330 2614 3432 2667 ego
3466 2605 3585 2651 tum

2000 2706 2033 2746 a
2055 2690 2245 2746 multis
2263 2690 2478 2763 Cypriis
2499 2691 2691 2746 auditu
2720 2690 2940 2761 accepi,
2981 2699 3095 2744 tum
3138 2690 3193 2743 in
3226 2688 3368 2744 libro
3400 2688 3586 2744 Ruﬁni

322 2778 598 2847 cujusdam
618 2780 923 2852 presbyteri
948 2779 1143 2834 Latina
1161 2778 1348 2850 lingua
1372 2778 1688 2849 conscripto
1722 2776 1901 2846 posita
1939 2779 2144 2835 inveni.
2204 2782 2284 2836 Ex
2337 2797 2448 2851 quo
2486 2780 2707 2851 quidem
2759 2781 2922 2847 libro,
2965 2787 3079 2835 tum
3123 2780 3240 2836 haze
3286 2782 3423 2851 ipsa,
3470 2788 3585 2835 tum

320 2868 418 2928 alia
439 2883 565 2942 quae
584 2870 752 2941 paulo
774 2878 967 2942 postea
990 2869 1265 2937 dicentur,
1292 2870 1506 2941 collegi.

906 2985 1160 3039 ΚΕΦΛΛ.
1200 2985 1300 3039 ll".

593 3076 740 3145 Περὶ
772 3076 1148 3145 Εὐτυχιανοῦ
1180 3077 1289 3132 τοῦ
1310 3078 1608 3146 μωαχοῦ.

387 3165 638 3223 Ἤκουσα
667 3166 727 3220 δὲ
756 3163 871 3234 ἐγὼ
899 3166 995 3219 καὶ
1041 3166 1168 3237 περὶ
1212 3167 1571 3237 Εὐτυχιανοΰ,
1615 3165 1899 3239 θεοφιλοῦς

319 3260 506 3334 ἀνδρὸς
535 3259 682 3314 κατὰ
718 3258 847 3322 τοὺς
893 3256 1089 3322 αὐτοὺς
1120 3258 1345 3329 χρόνους
1390 3260 1765 3333 ἀκμάσαντος.
1802 3263 1898 3327 Ὃς

320 3356 411 3409 καὶ
424 3352 588 3416 αὐτὸς
607 3352 708 3422 τῆς
738 3350 1064 3420 Ἐκκλησίας
1083 3352 1192 3406 τῶν
1210 3352 1571 3408 Ναυατιανῶν
1589 3355 1893 3425 τυγχάνων,

320 3444 672 3516 παραπλήσια
705 3441 843 3514 ἔργα
870 3441 1041 3496 ποιῶν
1084 3442 1442 3514 ἐθαυμάζετο.
1477 3444 1574 3509 Τίς
1607 3462 1665 3499 τε
1698 3447 1727 3498 ό
1770 3447 1899 3515 περὶ

316 3536 504 3589 τούτου
554 3535 980 3606 διηγησάμενος,
1017 3534 1129 3601 ἐρῶ
1155 3536 1292 3606 μετά
1336 3536 1652 3608 ἀκριϐείας,
1680 3537 1774 3591 καὶ
1797 3536 1898 3591 οὐκ

316 3626 723 3698 ἀποκρύψομαι,
766 3626 870 3681 κᾶν
914 3626 1049 3693 δόξω
1093 3629 1234 3683 τισὶν
1278 3628 1692 3699 ἀπεχθάνεσθαι.
1720 3629 1897 3694 Αὐξά-

320 3736 425 3773 νων
452 3734 540 3783 τις
587 3720 687 3790 τῆς
735 3719 1092 3774 Nanctuva
1137 3719 1464 3791 Ἐκκλησίας
1511 3722 1895 3793 πρεσϐύτερος,

320 3807 770 3880 μακροϐιώτατος
794 3808 1017 3878 γέγονεν
1034 3826 1049 3842 ο
1077 3807 1136 3871 ὃς
1161 3809 1256 3862 καὶ
1278 3811 1345 3879 τῇ
1378 3810 1437 3861 ἐν
1464 3809 1669 3880 Νικαίᾳ
1699 3811 1899 3881 συνόδῳ

320 3900 516 3970 κομιδῇ
564 3901 759 3971 νήπιος
790 3898 888 3964 ὢν,
915 3899 1030 3971 ἃμα
1066 3901 1145 3972 τῷ
1187 3899 1417 3970 Ἀκεσίῳ
1447 3900 1774 3970 παρέϐαλλε,
1805 3901 1899 3955 καὶ

323 3992 391 4045 τὰ
420 3992 567 4048 ἑατά
609 3991 856 4045 Ἀκέσιον
885 3991 1008 4062 ἐμοὶ
1036 3993 1352 4063 διηγήσατο.
1388 3988 1554 4056 Οὗτος
1591 3992 1650 4059 ἐξ
1679 3993 1899 4047 ἐκείνων

318 4082 423 4137 τῶν
444 4082 681 4155 χρόνων,
712 4082 844 4153 ἄχρι
877 4082 977 4153 τῆς
1017 4082 1293 4153 βασιλείας
1318 4083 1413 4137 τοῦ
1444 4084 1584 4137 Νέου
1613 4084 1898 4138 Θεοδοσίου

316 4172 573 4239 ἐξέτεινε,
598 4173 694 4227 καὶ
714 4174 963 4244 νεωτέρῳ
988 4191 1077 4244 μοι
1099 4174 1301 4246 σφόδρα
1319 4173 1657 4245 τυγχάνοντι,
1681 4174 1750 4228 τὰ
1772 4175 1900 4248 περὶ

316 4260 656 4334 Εὗτυχιανοῦ
682 4263 1003 4334 διηγήσατο,
1028 4264 1198 4317 πολλὰ
1224 4264 1321 4335 μὲν
1341 4265 1635 4332 διεξελθὼν
1660 4268 1900 4339 περὶτῆς

313 4323 632 4426 προσοὶύσης
654 4323 808 4425 αὑτῶ
829 4323 976 4420 θείας
988 4323 1254 4428 χάριτος·
1281 4357 1338 4411 ἓν
1360 4358 1416 4411 δὲ
1436 4323 1656 4413 κάκεῖνο
1683 4323 1785 4430 μνή
1936 4323 1977 4377 D

312 4447 467 4514 ἄξιον
499 4449 597 4502 ἐπὶ
624 4449 720 4503 τοῦ
754 4449 1021 4519 βασιλέως
1061 4451 1162 4523 ἔφη
1203 4453 1636 4507 Κωνσταντίνου.
1671 4453 1791 4507 Τῶν
1819 4455 1903 4507 δο·

318 4541 572 4612 ρυφόρων
599 4557 687 4604 τις
705 4583 720 4607 ,
745 4539 839 4604 οὓς
871 4541 1101 4606 οἰκείους
1128 4541 1282 4596 καλεῖ
1315 4545 1342 4596 ὁ
1363 4542 1616 4612 βασιλεὺς
1645 4543 1782 4614 (81),
1812 4564 1902 4598 τυ-

320 4632 553 4699 ραννικά
600 4650 726 4687 τινα
780 4635 1041 4704 πράττειν
1093 4635 1483 4700 ὑποπτευθεὶς,
1541 4640 1685 4708 φυγῇ
1741 4638 1904 4707 ἐχρή-

318 4738 466 4777 σατο.
513 4725 575 4778 ’0
609 4724 866 4795 βασιλεὺς
909 4725 965 4778 δὲ
1004 4726 1291 4780 ἐκέλευσεν
1328 4728 1524 4798 ἀπειλῇ
1570 4729 1909 4799 ἀναιρεῖσθαι

317 4812 504 4878 αὑτὸν,
538 4812 667 4868 ἔνθα
694 4814 761 4868 ἂν
794 4814 1118 4886 εὑρίσκοιτο.
1156 4818 1252 4880 Ὃς
1276 4818 1404 4890 περὶ
1447 4819 1536 4871 τὸν
1562 4818 1781 4872 Βιθυνὸν
1809 4822 1902 4873 ὐ-

317 4900 526 4974 λυμπον
570 4906 835 4977 εὑρεθεὶς,
876 4907 1198 4979 βαρυτάτοις
1246 4910 1339 4962 καὶ
1379 4909 1632 4980 χαλεποῖς
1664 4911 1903 4981 σιδήροις

320 4996 380 5048 ἐν
411 4999 599 5069 εἱρκτῇ
642 5000 1084 5067 κατεκέκλειστο,
1125 5002 1252 5072 περὶ
1287 5001 1354 5054 τὰ
1386 5001 1524 5072 μέρη
1567 5001 1661 5055 τοῦ
1706 5003 1904 5073 Ὀλύμ-

324 5102 445 5151 που,
462 5087 590 5143 ἔνθα
607 5086 676 5161 ἦν
701 5090 795 5144 καὶ
810 5093 838 5142 ὁ
860 5092 1188 5163 Εὖτυχιανὸς
1210 5093 1300 5146 τὸν
1323 5095 1530 5164 μονήρη
1560 5093 1672 5164 βίον
1692 5096 1899 5159 ἀσκῶν,

326 5178 531 5234 πολλῶν
576 5200 635 5235 τε
678 5183 748 5235 τὰ
783 5183 1011 5254 σώματα
1044 5184 1138 5237 καὶ
1180 5186 1278 5248 τὰς
1323 5185 1499 5256 ψυχὰς
1548 5185 1898 5257 ἐθεράπευεν.

325 5264 492 5340 Συνῆν
529 5272 584 5325 δέ
608 5271 762 5343 αὐτῷ
804 5274 899 5326 καὶ
931 5275 960 5327 ὁ
999 5274 1442 5344 μακροϐιώτατος
1473 5273 1748 5340 Λύξάνων,
1784 5276 1902 5340 νέος

324 5355 402 5410 ὣν
436 5363 607 5429 πάνυ,
632 5368 729 5419 καὶ
754 5365 825 5419 τὰ
855 5366 948 5419 τοῦ
981 5367 1274 5438 μοναχικοῦ
1313 5367 1427 5437 βίου
1468 5364 1738 5436 ὑπλαὺτῷ
1781 5384 1903 5419 παι-

322 5447 617 5525 δευόμενος.
651 5457 814 5529 Παρά
839 5457 1028 5511 τοῦτον
1054 5458 1146 5512 τὸν
1176 5458 1504 5529 Εὑτυχιανὺν
1531 5455 1665 5530 ἧκον
1694 5457 1896 5523 πολλοὶ,

2628 2988 2777 3044 CAP.
2806 2987 2946 3042 Xlll.

2419 3079 2499 3133 De
2522 3077 2858 3149 Eutychiano
2881 3082 3155 3134 monacho.

2071 3172 2475 3244 Eutychianum
2499 3185 2718 3240 quoque
2733 3170 2915 3225 virum
2937 3171 3340 3229 sanctissimum
3387 3173 3586 3231 iisdem

2001 3262 2341 3334 temporibus
2366 3259 2616 3315 floruisse
2638 3261 2901 3331 comperi.
2937 3260 3040 3327 Qui
3080 3277 3206 3316 cum
3252 3273 3308 3319 et
3354 3265 3472 3336 ipse
3518 3283 3586 3322 ex

1997 3352 2245 3408 Ecclesia
2287 3350 2717 3405 Novatianorum
2766 3347 2913 3407 unus
2952 3361 3119 3417 esset,
3168 3356 3339 3410 multa
3402 3363 3587 3413 tamen

1998 3458 2162 3514 opera
2202 3443 2291 3498 his
2329 3441 2529 3497 similia
2571 3457 2693 3512 qua
2734 3457 2901 3514 supra
2943 3448 3264 3514 memoravi,
3300 3460 3411 3503 non
3469 3451 3587 3506 sine

1999 3548 2195 3604 magna
2217 3532 2583 3587 admiratione
2606 3532 2795 3602 gessit.
2835 3532 3100 3600 Quisnam
3144 3544 3327 3593 autem
3374 3539 3444 3595 de
3493 3542 3588 3595 illo

2006 3625 2145 3680 mihi
2192 3624 2469 3691 retulerit,
2512 3625 2692 3680 dicam
2736 3634 3019 3694 accurate;
3070 3644 3173 3684 nec
3229 3630 3589 3688 dissimulabo

2000 3717 2320 3786 quidquam,
2374 3718 2591 3773 tametsi
2640 3717 2940 3790 intelligam
3004 3722 3148 3790 apud
3190 3725 3486 3781 nonnullos
3532 3728 3586 3781 id

2001 3809 2136 3863 mihi
2163 3809 2455 3865 offensioni
2475 3808 2618 3865 fore.
2639 3810 2908 3866 Auxanon
2922 3813 3144 3883 quidam
3157 3814 3582 3873 Novatianorum

2000 3900 2259 3956 Ecclesia:
2282 3902 2592 3973 presbyter,
2614 3902 2909 3958 admodum
2940 3905 3217 3975 longa,qu
3233 3908 3365 3964 fuit:
3398 3912 3493 3981 qui
3516 3913 3586 3967 ad

2002 3992 2278 4063 synodum
2305 3992 2586 4047 Nicaanam
2615 4010 2725 4047 una
2752 4010 2876 4048 cum
2901 3994 3095 4050 Acesio
3121 4000 3269 4052 venit
3291 4000 3473 4056 adhuc
3488 4003 3586 4057 ad-

2002 4084 2229 4138 modum
2252 4084 2595 4149 adolescens,
2625 4092 2681 4138 et
2705 4100 2826 4153 qua:
2863 4085 2930 4139 de
2967 4085 3163 4141 Acesio
3203 4091 3458 4159 superius
3500 4094 3588 4148 di-

2003 4184 2091 4230 cta
2107 4175 2395 4239 sunt,mihi
2411 4175 2885 4229 commemoravit.
2910 4175 3009 4231 Hic
3029 4177 3097 4231 ab
3116 4178 3221 4233 illis
3242 4184 3590 4251 temporibus

2003 4268 2072 4323 ad
2096 4267 2466 4338 principatum
2487 4282 2663 4336 usque
2688 4266 2983 4321 Theodosii
3007 4267 3250 4325 Junioris
3272 4272 3439 4327 vitam
3464 4291 3587 4344 prc-

2004 4359 2183 4425 duxit,
2228 4359 2477 4429 mihique
2521 4360 2819 4415 admodum
2876 4361 3066 4431 juveni
3119 4362 3186 4417 de
3245 4364 3589 4436 Eutychiano

2004 4449 2280 4503 narravit:
2310 4450 2478 4504 multa
2503 4450 2724 4520 quidem
2760 4450 3006 4507 referens
3041 4453 3109 4508 de
3144 4454 3331 4510 divina
3375 4473 3497 4527 qua:
3532 4460 3586 4515 in

2006 4542 2102 4596 illo
2142 4542 2262 4595 viro
2308 4541 2487 4597 inerat
2530 4543 2731 4612 gratia:
2781 4559 2953 4598 unum
2997 4554 3179 4599 tamen
3223 4563 3336 4616 prie
3378 4552 3591 4605 cmtcris

2005 4634 2271 4689 memoria
2294 4634 2519 4704 dignum
2545 4636 2748 4700 aiebat,
2773 4637 2918 4705 quod
2942 4636 3304 4693 Constantino
3324 4652 3588 4711 regnante

2009 4734 2221 4796 gestum
2244 4736 2345 4780 est.
2372 4726 2605 4792 Quidam
2630 4744 2659 4781 e
2684 4743 2914 4783 numero
2953 4730 3277 4799 stipatorum
3315 4748 3453 4802 quos
3488 4735 3590 4789 im-

2006 4824 2229 4886 perator
2255 4818 2584 4873 domesticos
2603 4834 2802 4874 vocare
2843 4821 3000 4885 solet,
3048 4832 3175 4877 cum
3218 4823 3275 4877 in
3317 4826 3588 4895 suspicio-

2004 4924 2132 4963 nem
2156 4908 2423 4964 affectata:
2445 4910 2753 4980 tyrannidis
2775 4913 3036 4977 venisset,
3073 4912 3197 4983 fuga
3242 4914 3346 4968 sibi
3393 4930 3592 4970 consu-

2003 4999 2122 5053 luit.
2149 4999 2453 5070 lmperator
2474 5001 2577 5073 41
2613 5018 2745 5056 vero
2787 5004 2867 5057 ira
2912 5006 3178 5073 percitus,
3224 5010 3483 5079 praecepit
3530 5017 3592 5063 ut

2009 5091 2328 5162 ubicunque
2354 5093 2734 5162 deprehensus
2758 5094 2971 5162 fuisset,
3001 5098 3368 5155 occideretur.
3386 5102 3589 5172 Captus

2007 5199 2139 5253 ergo
2188 5185 2335 5239 circa
2360 5183 2647 5257 Olympum
2674 5194 2915 5243 montem
2940 5190 3226 5263 Bithyniae,
3252 5196 3591 5263 gravissimis

2006 5278 2227 5329 vinctus
2250 5278 2459 5330 catenis
2486 5279 2539 5331 in
2564 5294 2838 5334 carcerem
2862 5284 3172 5354 conjicitur,
3214 5286 3359 5341 haud
3396 5287 3587 5357 procul

2005 5365 2074 5419 ab
2097 5381 2164 5419 eo
2189 5373 2364 5419 tractu
2389 5365 2602 5438 Olympi
2629 5369 2683 5423 in
2707 5385 2816 5440 quo
2847 5371 3239 5443 Eutychianus,
3285 5375 3588 5431 solitariam

2006 5457 2210 5528 degens
2234 5458 2425 5523 vitam,
2456 5460 2753 5515 multorum
2777 5462 3061 5519 hominum
3101 5482 3331 5535 corpora
3376 5475 3432 5520 et
3470 5465 3583 5520 aui-

1521 5615 1790 5671 V'ALESII
1830 5614 2381 5671 ANNOTATIONES.

520 5729 934 5803 Οὒςίοζξςείους
980 5729 1163 5803 καλεῖ
1181 5733 1213 5783 ό
1233 5730 1563 5803 ,βασιλεῷλῃν
1583 5728 1896 5785 Domestico

2006 5739 2315 5787 rotectorcs
2348 5731 2626 5803 intelligit,
2665 5733 2732 5789 de
2762 5735 2963 5803 quibus
2993 5734 3187 5803 scripsi
3238 5733 3295 5787 in
3334 5734 3578 5789 Annota-

310 5794 557 5856 tionibus
584 5794 656 5857 ad
704 5800 914 5854 librum
941 5814 1029 5852 xxv
1062 5801 1240 5853 Amm.
1271 5800 1590 5854 Marcellini.

626 5894 910 5954 PATROL.
958 5891 1072 5950 Gn.
1119 5889 1353 5952 LXl'll.

3116 5890 3147 5949 4
