4050 6348
519 356 615 411 Nl

1991 341 2327 398 SOCRATIS

3677 346 3777 400 1Ιῖ

514 472 711 531 exsilio
737 468 1001 533 revocati,
1027 465 1301 521 Ecclesias
1334 478 1461 517 suas
1499 465 1853 529 receperunt;
1891 473 2083 527 eosquc

2200 458 2577 529 ἀνεκλήοησάν
2599 474 2657 511 τε
2687 458 2785 528 τῆς
2808 457 3025 530 iit-pia;
3049 460 3112 511 ἐκ
3135 457 3411 528 βασιλικοῦ
3436 459 3779 530 προστάγμα-

516 564 611 633 qui
638 563 694 617 in
720 561 966 631 ipsorum
991 559 1172 615 locum
1199 553 1438 610 ordinati
1464 552 1702 614 fuerant,
1728 548 2089 620 expulerunt,

517 656 881 727 Amphionem
950 653 1172 723 quidem
1242 647 1555 712 Eusebius,
1623 643 1917 699 Chrestum
1961 658 2095 698 vero

518 744 812 815 Theognis.
836 744 1005 814 Cujus
1024 742 1246 813 quidem
1267 737 1437 794 libelli
1462 734 1772 805 exemplum
1817 733 1923 789 hoc
1970 739 2091 789 est:

520 836 634 890 Nos
666 835 887 905 quidem
915 849 945 887 a
968 834 1171 903 pietate
1196 837 1378 883 vestra
1400 824 1609 880 dudum
1634 823 1982 879 condemnati
2009 823 2094 877 in-

515 922 663 977 dicta
686 920 1161 991 causa,judicium
1194 915 1503 973 sanctitatis
1546 922 1744 969 vestra:
1785 912 1997 983 placide
2040 920 2097 968 et

516 1029 644 1068 cum
669 1012 891 1068 silentio
915 1012 1058 1068 ferre
1105 1010 1391 1066 debemus.
1440 1007 1549 1063 Sed
1594 1006 1855 1076 quoniam
1896 1006 2094 1062 absur-

513 1106 645 1159 dum
686 1111 772 1159 est
822 1108 1206 1173 argumentum
1254 1099 1545 1155 calumnias
1592 1098 1859 1154 adversus
1900 1106 2096 1157 semet-

514 1198 694 1266 ipsum
727 1193 947 1248 silentio
992 1207 1093 1247 suo
1131 1191 1378 1262 praebere
1401 1230 1414 1256 ,
1476 1190 1683 1245 idcirco
1725 1189 2096 1260 signiﬁcamus

510 1283 690 1349 vobis,
708 1297 808 1337 nos
828 1288 886 1336 et
906 1281 960 1335 in
980 1280 1082 1335 ﬁde
1103 1280 1389 1335 unanimes
1410 1280 1778 1349 conspirasse,
1800 1287 1856 1333 et
1874 1280 2094 1334 notione

511 1371 997 1428 consubstantialis
1018 1370 1312 1442 diligenter
1355 1370 1689 1436 examinata,
1726 1370 1876 1423 omni
1911 1369 2095 1423 studio

511 1466 572 1520 in
594 1478 787 1535 pacem
810 1463 1149 1528 incubuisse,
1167 1463 1373 1517 nullam
1390 1478 1630 1531 unquam
1656 1462 1905 1517 haeresim
1940 1477 2097 1517 secu-

510 1566 616 1612 tos.
644 1555 893 1625 Cumque
917 1555 989 1609 ob
1013 1554 1366 1610 securitatem
1407 1559 1463 1608 et
1508 1553 1957 1622 tranquillitatem
1988 1552 2094 1606 Ec-

509 1649 802 1704 clesiarum
825 1664 890 1703 ea
918 1647 1380 1718 suggessissemus
1403 1660 1526 1715 qua:
1551 1645 1713 1700 nobis
1759 1645 1816 1699 in
1854 1652 2094 1699 mentem

509 1740 829 1806 veniebant,
855 1747 911 1795 et
931 1754 1027 1795 eos
1051 1739 1253 1811 quibus
1290 1753 1320 1792 a
1364 1738 1526 1792 nobis
1573 1734 1830 1792 satisﬁeri
1872 1743 2093 1805 oporte-

2196 562 2285 607 τος
2306 587 2319 610 ,
2355 545 2449 598 καὶ
2480 544 2579 609 τὰς
2618 545 2941 615 Ἐκκλησίας
2973 546 3182 601 ἑαυτῶν
3212 546 3520 613 ἀπέλαϐον,
3547 548 3674 611 τοὺς
3702 549 3781 612 εἰς

2195 635 2358 689 τόπον
2406 635 2612 690 ἑαυτῶν
2664 637 3145 710 χειροτονηθέντας
3191 637 3582 709 ἐξωθήσαντες,
3650 640 3780 711 Ἀμ-

2198 727 2371 795 φίωνα
2408 727 2507 798 μὲν
2535 728 2813 794 Εὐσέϐιος,
2841 729 3089 800 Χρῆστον
3116 729 3174 782 δὲ
3196 729 3440 798 Θέογνις.
3468 724 3543 785 Οὗ
3574 730 3779 801 βιϐλίου

2195 818 2255 870 τὸ
2291 818 2627 889 ἀντίγραφόν
2668 821 2784 872 ἐστι
2826 818 2979 871 τάδε’
3019 818 3159 889 Ἤδη
3197 819 3295 890 μὲν
3332 816 3427 874 οὖν
3468 818 3781 889 καταψηφι-

2199 905 2416 970 σθέντες
2461 906 2572 979 (91)
2616 907 2721 978 πρὸ
2754 907 2990 979 κρίσεως
3023 906 3134 979 (92)
3178 907 3330 980 παρὰ
3370 908 3470 979 τῆς
3499 907 3783 972 εὐλαϐείας

2200 998 2374 1069 ὑμῶν,
2423 1000 2481 1051 ἐν
2526 999 2725 1070 ἡσυχίᾳ
2776 999 2964 1069 φέρειν
3016 998 3085 1052 τὰ
3129 999 3433 1070 κεκριμένα
3489 1002 3639 1071 παρὰ
3683 1002 3782 1071 τῆς

2198 1087 2360 1156 ἁγίας
2417 1086 2574 1158 ὑμῶν
2627 1088 2955 1159 ἐπικρίσεως
3017 1088 3325 1159 ὀφείλομεν.
3402 1089 3540 1142 Ἀλλ’
3593 1091 3781 1161 ἐπειδὴ

2198 1180 2422 1239 ἄτοπον.
2474 1176 2595 1231 καθ’
2650 1177 2862 1232 ἑαυτῶν
2908 1177 3092 1232 δοῦναι
3138 1178 3248 1232 τῶν
3297 1179 3650 1248 συκοφαντῶν
3684 1180 3782 1249 τὴν

2196 1268 2470 1334 ἀπόδειξιν
2519 1271 2585 1341 τῇ
2618 1271 2834 1340 σιωπῇ,
2863 1269 3054 1323 τούτου
3101 1270 3267 1325 ἕνεκα
3305 1269 3672 1341 ἀναφέρομεν,
3707 1270 3780 1333 ὼς

2196 1362 2357 1431 ἡμεῖς
2392 1360 2486 1413 καὶ
2517 1362 2583 1432 τῇ
2624 1360 2805 1414 πίστει
2840 1361 3272 1433 συνεδράμομεν,
3311 1362 3405 1416 καὶ
3447 1360 3544 1433 τὴν
3571 1360 3783 1415 ἔννοιαν

2196 1451 2549 1518 ἐξετάσαντες
2592 1453 2684 1506 ἐπὶ
2730 1451 2807 1523 τῷ
2843 1451 3115 1523 ὁμοουσίῳ
3143 1492 3157 1518 ,
3184 1452 3295 1505 ὅλοι
3335 1452 3640 1523 ἐγενόμεθα
3682 1454 3782 1524 τῆς

2198 1545 2449 1615 εἰρήνης,
2484 1545 2533 1597 οἱ
2581 1544 2830 1615 μηδαμοῦ
2871 1546 2937 1614 τῇ
2987 1543 3195 1615 αἱρέσει
3235 1543 3778 1615 ἐξακολουθήσαντες.

2208 1634 2648 1705 ’Υπομνήσαντες
2674 1634 2729 1687 δὲ
2753 1634 2844 1687 ἐπὶ
2871 1634 3137 1706 ἀσφαλείᾳ
3159 1633 3267 1688 τῶν
3302 1632 3660 1704 Ἐκκλησιῶν,
3683 1633 3782 1685 ὅσα

2196 1726 2285 1780 τὸν
2313 1726 2571 1797 λογισμὸν
2605 1726 2762 1797 ἡμῶν
2803 1726 3092 1798 ὑπέτρεχε,
3129 1726 3225 1779 καὶ
3264 1725 3781 1796 πληροφορήσαντες

507 1830 603 1885 bat
623 1829 1122 1894 conﬁrmassemus,
1138 1828 1262 1883 ﬁdei
1286 1829 1507 1899 quidem
1528 1828 1940 1899 subscripsisse,
1964 1844 2083 1882 ana-

2201 1818 2327 1882 τοὺς
2355 1818 2419 1871 δι’
2446 1818 2602 1889 ἡμῶν
2626 1818 2916 1889 πεισθῆναι
2942 1818 3276 1886 ὀφείλοντας,
3304 1816 3780 1889 ὑπεσημηνάμεθα

508 1917 859 1972 thematismo
888 1932 1020 1972 vero
1049 1917 1292 1971 noluisse
1323 1917 1697 1983 subscribere;
1717 1932 1825 1971 non
1848 1917 1994 1987 quod
2029 1916 2096 1971 ﬁ-

511 2006 638 2061 dem
667 2003 1219 2075 reprchenderemus,
1266 2005 1362 2058 sed
1401 2005 1530 2075 quia
1567 2004 1791 2059 minime
1834 2004 2097 2060 credeba-

505 2114 630 2153 mus
687 2098 843 2153 illum
884 2097 980 2167 qui
1027 2102 1317 2152 accusatus
1359 2096 1560 2161 fuerat,
1611 2096 1879 2168 ejusmodi
1928 2112 2049 2152 esse
2077 2139 2090 2163 ,

506 2203 630 2242 cum
658 2187 856 2256 partim
881 2201 944 2239 ex
971 2185 1039 2240 iis
1059 2201 1180 2254 qum
1210 2184 1277 2238 ad
1304 2199 1404 2238 nos
1423 2183 1746 2254 perlitteras
1776 2183 2086 2252 scripserat,

461 2294 468 2302 '
501 2277 705 2348 partim
732 2293 800 2331 ex
824 2278 945 2348 ejus
978 2276 1326 2331 sermonibus
1347 2277 1400 2330 in
1425 2284 1724 2346 conspectu
1764 2284 1955 2331 nostro
1986 2275 2085 2330 ha-

502 2368 653 2434 bitis,
680 2376 1020 2438 compertum
1053 2368 1384 2422 haberemus
1438 2368 1591 2421 illum
1617 2367 1779 2421 talem
1802 2382 1910 2420 non
1942 2382 2083 2421 esse.

507 2456 663 2523 Quod
682 2457 724 2512 si
752 2455 1101 2512 sanctissimo
1123 2454 1360 2510 concilio
1387 2461 1570 2509 vestro
1598 2455 1939 2511 satisfactum
1979 2465 2084 2520 est,

2197 1912 2263 1981 τῇ
2301 1910 2513 1963 πίστειο
2556 1910 2635 1981 τῷ
2664 1911 2720 1964 δὲ
2759 1909 3187 1981 ἁναθεματισμῷ
3220 1911 3317 1981 οὐχ
3357 1909 3779 1980 ὑπεγράψαμεν,

2197 2004 2292 2073 οὐχ
2336 2002 2411 2066 ὡς
2452 2003 2552 2073 τῆς
2598 2003 2835 2066 πίστεως
2876 2003 3327 2073 κατηγοροῦντες,
3373 2003 3487 2056 ἀλλ’
3531 2002 3608 2066 ὡς
3659 2003 3783 2056 ἀπι-

2195 2090 2446 2153 στοῦντες
2473 2090 2710 2145 τοιοῦτον
2752 2087 2893 2146 εἶναι
2928 2090 3021 2145 τὸν
3055 2092 3530 2164 κατηγορηθέντα,
3562 2093 3627 2145 ἐκ
3668 2092 3780 2146 τῶν

2196 2182 2302 2252 ἰδίᾳ
2348 2181 2482 2253 πρὸς
2513 2183 2660 2253 ἡμᾶς
2700 2183 2831 2253 παρ’
2869 2182 3034 2236 αὐτοῦ
3079 2183 3168 2236 διὰ
3211 2200 3269 2236 τε
3313 2183 3632 2250 ἐπιστολῶν,
3685 2186 3783 2238 καὶ

2192 2273 2302 2327 τῶν
2334 2275 2410 2337 εἰς
2455 2275 2744 2343 πρόσωπον
2782 2273 3097 2337 διαλέξεων,
3131 2275 3676 2350 πεπληροφορημένοι
3703 2275 3781 2348 μὴ

2192 2364 2431 2419 τοιοῦτον
2486 2362 2648 2420 εἶναι.
2700 2367 2765 2421 Εἰ
2809 2365 2866 2419 δὲ
2916 2366 3141 2437 ἐπείσθη
3197 2367 3404 2437 ήὰγὶα
3447 2368 3602 2439 ὑμῶν
3651 2370 3782 2424 σύν-

2191 2455 2308 2519 οδος
2338 2456 2472 2527 (95),
2506 2456 2605 2509 οὐκ
2637 2455 3049 2523 ἀντιτείνοντες,
3086 2457 3220 2510 ἀλλὰ
3260 2458 3628 2531 συντιθέμενοι
3661 2464 3782 2526 τοῖς

1728 2611 2002 2667 VALESII
2040 2611 2595 2669 ANNOTATIONES.

502 2709 805 2767 nobiliores
834 2721 1141 2779 episcopos,
1189 2706 1273 2779 ab
1283 2705 1483 2779 exsilio
1516 2718 1636 2779 esse
1670 2711 1974 2779 revocatos.
2024 2701 2093 2758 At

500 2781 769 2837 Baronius
784 2773 1067 2834 contendit
1084 2777 1489 2831 bunclibellum
1502 2775 1571 2828 ab
1587 2773 1825 2829 Eusebio
1844 2774 2091 2828 oblatum

500 2866 622 2931 esse
654 2848 930 2931 episgopis
954 2850 1010 2901 in
1034 2847 1244 2928 synodo
1270 2846 1508 2931 lficaena.
1540 2844 1783 2931 Primum
1806 2844 2088 2931 .enirtt're-

500 2913 708 2992 gulam'
729 2913 860 2992 ﬁdei
886 2919 961 2973 ait
986 2913 1246 2992 scriptam
1273 2915 1464 2980 fuisse,
1490 2915 1590 2992 _cui
1618 2914 1891 2992 Eusebius
1922 2913 2089 2992 biico-

498 2984 799 3046 fnediensis
844 3004 968 3044 cum
1002 2984 1126 3042 aliis
1150 2994 1387 3056 quatuor
1415 2985 1691 3056 episcopis
1736 2984 2089 3056 subscribere

498 3059 787 3116 recusarit.
816 3058 1080 3116 Eumdem
1107 3054 1291 3112 tamen
1314 3063 1523 3125 postea,
1550 3055 1745 3125 oblator
1766 3054 2090 3125 satistactio-

499 3131 589 3186 nis
632 3130 844 3194 libello,
881 3130 949 3185 iis
980 3143 1102 3199 qua:
1143 3123 1365 3199 decreta
1396 3126 1618 3199 fuerant
1667 3123 2079 3199 subscripsisse.

2188 2704 2283 2780 qui
2335 2703 2542 2780 synodo
2588 2703 2975 2780 interfuerant,
3005 2714 3145 2780 tum_
3165 2721 3231 2761 ex
3255 2707 3391 2780 aetiis
3410 2666 3551 2777 ipsis
3577 2710 3778 2780 synodi

2187 2774 2443 2850 Nicaeum,
2473 2774 2525 2850 in
2560 2774 2763 2850 quibus
2809 2774 2954 2850 inte_r
3000 2776 3222 2850 nomina
3266 2774 3649 2850 episcoporum
3678 2781 3778 2850 qui

2188 2846 2401 2914 synodo
2418 2844 3173 2918 subscripserant,Eusebius
3200 2855 3259 2901 et
3283 2844 3478 2917 reliqui
3503 2864 3641 2918 quos
3659 2844 3779 2906 dixi

2189 2915 2638 2989 recensebantur.
2670 2914 2818 2989 idem
2843 2932 3061 2989 quoque
3083 2925 3318 2989 testatur
3343 2914 3776 2989 Philostorgius,

2186 2985 2282 3053 qui
2332 2984 2779 3057 tribus_cireitcr
2823 2984 3105 3057 mensibus
3130 2986 3331 3057 elapsis
3353 2995 3476 3057 post
3496 2984 3779 3045 Niczénam

2193 3054 2483 3179 synodum,
2514 3054 2815 3108 Eusebium
2841 3055 2918 3109 ait
2944 3072 3065 3111 esse
3089 3054 3413 3126 relegatum.
3439 3058 3576 3114 Cum
3605 3059 3780 3129 igitur

2243 3124 2467 3179 usebius
2510 3138 2576 3178 ac
2617 3124 2937 3179 Theonuius
2963 3141 3021 3179 se
3047 3125 3334 3179 damnatos
3382 3127 3452 3179 ab
3496 3128 3780 3179 enisconis

2243 3124 2467 3199 useiiius
2510 3138 2576 3178 ac
2617 3124 3021 3199 Theoguiusse
3047 3124 3359 3199 damnatos
3382 3127 3452 3181 ab
3496 3124 3781 3199 episcopis

496 3200 744 3257 Posthaec
766 3216 901 3254 vero
924 3194 1051 3253 cum
1074 3196 1316 3268 synodus
1340 3196 1532 3268 Arium
1562 3195 1912 3268 anathemate
1935 3194 2087 3268 dam-
2114 3207 2155 3264 ς
2191 3209 2312 3248 esse
2337 3194 2633 3259 fateantur,
2663 3194 2716 3247 id
2743 3201 2925 3247 autem
2950 3194 3007 3249 in
3044 3196 3253 3266 synodo
3285 3194 3778 3268 ANicaena—factum

495 3279 701 3333 nasset,
738 3268 1039 3324 Eusebium
1085 3262 1149 3321 ac
1195 3265 1536 3334 Theognium
1562 3264 1694 3334 huic
1715 3262 2084 3334 anathemati—

496 3356 616 3396 smo
639 3339 881 3393 noluisse
903 3337 1253 3392 subscribere
1283 3352 1296 3386 :
1325 3332 1556 3404 eamque
1588 3333 1660 3387 ob
1683 3332 2083 3404 causamdam-

494 3419 658 3464 natos
706 3424 773 3463 ac
813 3407 1095 3476 depositos
1140 3420 1260 3460 esse
1292 3420 1323 3458 a
1355 3401 1585 3476 synodo,
1620 3413 1675 3457 et
1719 3401 2085 3476 Amphionem

494 3495 561 3535 ac
592 3472 903 3533 Chrestum'
918 3477 971 3531 in
999 3490 1192 3532 eorum
1224 3472 1407 3528 locum
1440 3472 1784 3540 subrogatos.
1819 3472 2086 3527 Constan-

496 3549 675 3603 tinum
711 3556 894 3601 tamen
920 3547 1306 3615 imperatorem
1329 3542 1729 3615 intercessisse,
1762 3550 2085 3615 ne_sen_ten-

495 3618 570 3673 tia
597 3616 935 3674 exsecutioni
982 3612 1354 3678 mandaretur,
1381 3612 1667 3682 egisscque
1710 3620 1768 3665 ut
1811 3612 2085 3667 Eusebius

494 3703 562 3744 ac
606 3686 925 3756 Theognius
944 3686 1136 3756 ,oblato
1162 3683 1499 3756 paenitentia:
1523 3682 1713 3736 libello
1735 3682 2082 3756 susciperen-

495 3767 586 3812 tur
608 3773 639 3834 a_
667 3751 1035 3834 synodo:_Se_d
1068 3751 1306 3834 primum
1356 3753 1518 3834 ition
1544 3762 1754 3834 ‘peccat
1792 3751 2079 3834 Baronius,

536 3827 642 3883 uod
687 3820 829 3881 duos
862 3820 1086 3881 libellos
1119 3824 1191 3879 ab
1237 3821 1475 3877 Eusebio
1508 3820 1722 3877 oblatos
1767 3837 1887 3875 esse
1926 3820 2078 3876 dicit.

536 3844 642 3883 U00
687 3844 829 3881 (11108
862 3844 1074 3881 11001108
1119 3844 1191 3879 au
1238 3844 1475 3877 DUSBDIU
1508 3844 1722 3877 01113105
1767 3844 1887 3875 65513
1926 3844 2078 3876 ωυιι.

493 3844 630 3973 gain
655 3896 723 3973 de
748 3896 932 3973 priore
956 3893 1264 3973 illo_libello_
1286 3908 1448 3973 nemo
1473 3907 1713 3973 unquam
1746 3892 2081 3973 mentionem

491 3966 644 4021 fecit.
685 3960 891 4021 Deinde
924 3966 1070 4035 quod
1102 3965 1206 4035 ait“
1233 3962 1302 4018 de
1353 3960 1701 4035 depositione
1743 3977 1807 4015 ac
1853 3960 2080 4035 damna-

494 4035 643 4091 tione
686 4036 912 4091 Eusebii
942 4031 1108 4104 atque
1148 4033 1415 4103 Theognii
1437 4031 1440 4032 ⁷
1460 4032 1603 4104 facta
1634 4031 1689 4086 in
1716 4031 2080 4104 c_oncilio_Ni-

494 4121 668 4169 caeno,
697 4107 821 4176 ejus
855 4107 935 4162 rei
969 4100 1181 4176 nullum
1214 4100 1498 4176 auctorem
1540 4100 1689 4176 citat.
1727 4100 1890 4176 Certe
1933 4101 2080 4156 Con-

491 4171 769 4245 stantinus
821 4176 879 4231 in
927 4175 1161 4245 cpistola
1212 4173 1280 4229 ad
1325 4172 1818 4245 ANicomcdicnsesL
1839 4171 1894 4226 id
1926 4179 2082 4245 _tunc

491 4243 696 4301 factum
729 4262 850 4301 esse
890 4241 1001 4301 non
1049 4244 1204 4308 dicit,
1246 4242 1342 4296 sed
1393 4250 1604 4296 tantum
1658 4243 1735 4297 ait
1777 4241 2080 4296 Eusebium

492 4316 757 4370 metuisse
813 4330 882 4370 ne
917 4315 971 4369 id
1015 4313 1190 4367 ﬁeret.
1226 4312 1472 4381 Denique
1504 4311 1652 4381 quod
1705 4311 1784 4366 ait
1832 4311 2080 4365 libellum

493 4385 834 4455 pmnitentite
862 4385 932 4455 ab
958 4382 1199 4455 Eusebio
1227 4382 1471 4455 oblatum
1512 4397 1633 4437 esse
1650 4381 2079 4455 Δἱηηεογιιιπιρᾚί-

493 4450 665 4519 caena,
700 4454 754 4508 id
776 4470 844 4524 ex
884 4454 1003 4524 ipso
1033 4453 1219 4524 libelio
1250 4452 1536 4524 manifeSm
1556 4450 1868 4524 refellitur.
1915 4450 2079 4524 Obla-

2189 3278 2299 3336 nou
2341 3279 2463 3318 esse
2509 3272 2741 3327 constet,
2783 3278 3008 3336 necesse
3050 3272 3135 3319 est
3178 3273 3239 3319 ut
3282 3266 3335 3336 in
3380 3266 3490 3336 alio
3512 3267 3777 3336 quopiam

2188 3333 2570 3406 episcoporum
2606 3341 2889 3406 conventu
2939 3334 3009 3406 id?
3036 3343 3250 3406 gestum
3276 3335 3365 3390 sit.
3390 3333 3778 3406 Causam—qui-
3806 3356 3815 3360 ·

2189 3402 2511 3475 demipsam
2536 3403 2703 3475 refert
2734 3402 3125 3475 Constantinus
3151 3404 3205 3457 in
3234 3405 3461 3475 epistola
3487 3406 3559 3460 ad
3604 3402 3780 3470 Nico»

2189 3474 2517 3528 medienscs.
2544 3473 2754 3528 Idcirco
2776 3474 2922 3528 enim
2947 3490 3005 3530 se
3036 3475 3162 3531 illos
3194 3475 3250 3529 in
3268 3473 3526 3530 exsilium
3550 3475 3779 3533 misisse

2188 3541 2341 3615 dicit,
2370 3544 2515 3615 quod
2561 3543 2849 3615 hmreticos
2874 3545 3160 3612 quosdam,
3188 3562 3327 3614 quos
3353 3544 3468 3615 ipse
3515 3546 3583 3600 ab
3631 3548 3779 3604 urbe

2186 3611 2517 3668 Alexandria
2560 3611 3002 3686 aducomitatum
3028 3616 3170 3670 mitti
3204 3611 3467 3684 iusserat,
3494 3618 3778 3686 suscepis-

2186 3691 2328 3756 sent,
2353 3691 2408 3756 et
2433 3699 2559 3738 cum
2597 3683 3340 3756 illisieommunieassent.iEt
3362 3686 3627 3756 Baronius
3650 3683 3782 3756 qui-

2185 3751 2310 3807 dem
2337 3753 2405 3808 ad
2431 3768 2637 3807 annum
2688 3752 2894 3809 Christi
2941 3754 3043 3809 3'29
3100 3756 3203 3810 hos
3249 3755 3556 3811 Melitianos
3595 3751 3779 3814 fuisse

2185 3830 2391 3904 censet,
2438 3838 2745 3904 perperam.
2771 3823 2916 3904 “Ego
2935 3840 3067 3904 vero
3093 3824 3539 3904 Arianosfuisse
3572 3827 3781 3904 potius

2185 3840 2391 3904 censet,
2438 3840 2745 3904 perperam.
2796 3840 2910 3894 ego
2935 3840 3067 3879 vero
3093 3840 3327 3880 artanos
3372 3840 3539 3881 tuisse
3623 3840 3780 3884 onus

2184 3893 2533 3972 crediderim.
2560 3893 2729 3963 quue
2755 3892 2957 3949 diserte
2982 3902 3254 3950 testantur
3279 3895 3518 3965 episcopi
3550 3840 3780 4021 iﬁypti

2184 3977 2238 4015 ιη
2261 3963 2494 4021 epistola
2516 3962 2787 4021 Svnodica
2809 3980 2974 4021 quam
2999 3964 3516 4021 refertAthanasius
3540 3966 3595 4020 in
3669 3984 3779 4021 no-

2184 3961 2238 4036 in
2261 3963 2494 4036 epistola
2516 3961 2787 4036 Synodica
2809 3980 2974 4033 quam
2999 3961 3516 4036 refertAthanasitis
3540 3966 3595 4020 in
3616 3961 3779 4036 Apo-

2183 4030 2327 4103 logia
2374 4030 2619 4106 secunda
2666 4030 2935 4106 adversus
2982 4034 3234 4106 Arianos.
3284 4034 3367 4090 0b
3413 4036 3556 4106 hanc
3599 4030 3782 4106 igitur

2183 4116 2406 4176 causam
2451 4104 2718 4176 synodum
2751 4103 2978 4176 taliqtiot
3022 4105 3408 4176 episcoporum
3441 4105 3557 4160 ﬁeri
3599 4103 3783 4176 jussit

2181 4171 2595 4238 Constantinus,
2619 4189 2650 4227 a
2672 4171 2875 4244 quibus
2895 4171 3168 4230 Eusebius
3191 4171 3254 4230 ac
3271 4175 3585 4244 Theognius
3601 4171 3780 4234 dam-

2181 4244 2293 4297 nati
2333 4250 2458 4298 sunt
2500 4253 2665 4313 atque
2689 4243 2945 4313 depositi,
2981 4246 3099 4313 ipse
3120 4259 3251 4299 vero
3274 4261 3370 4300 eos
3415 4243 3472 4300 in
3512 4245 3779 4304 exsilium

2182 4313 2350 4393 misit.
2376 4313 2548 4393 quue
2587 4321 2788 4393 aperte.
2812 4313 3478 4393 conﬁrmat‘uthanas‘ius
3516 4315 3780 4393 in_libro

2181 4381 2257 4459 ρο
2289 4381 2529 4459 s_y_nodis,
2555 4381 2708 4459 μιξτᾴιΔ
2729 4382 2835 4453 γὰρ
2878 4384 2976 4459 τῂν
3003 4384 3061 4437 ἐν
3098 4384 3300 4454 Νικαίᾳ
3325 4384 3613 4459 συνοδονοὶ
3639 4389 3781 4459 περὶ

2182 4452 2880 4524 Εὑσέϐιονᾼκαθῃρέθησαν.
2911 4452 3059 4507 Idem
3086 4452 3307 4524 quoque
3330 4454 3464 4509 dicit
3508 4452 3779 4514 Theodo-

494 4531 586 4579 tus
612 4532 697 4579 est
725 4523 875 4578 enim
906 4522 1013 4577 ‘hic
1053 4522 1275 4577 libellus
1305 4522 1374 4592 ab
1408 4522 1646 4577 Eusebio
1688 4538 1819 4592 cum,
1848 4531 1993 4576 esset
2021 4522 2075 4592 in
2110 4537 2152 4592 ι)
2183 4522 2322 4576 ritus
2350 4523 2404 4577 in
2428 4522 2572 4578 libro
2596 4522 2613 4576 ι
2638 4523 2802 4589 llist.,
2831 4539 2952 4592 cap.
2984 4524 3069 4578 19.

492 4593 709 4658 exsilio,
742 4601 804 4648 ut
836 4601 1067 4648 testatur
1110 4593 1198 4646 his
1241 4591 1448 4655 verbis,
1479 4593 1572 4644 καὶ
1618 4592 1705 4646 διὰ
1737 4591 1924 4645 τούτου
1976 4590 2071 4644 τοῦ

492 4664 822 4734 γράμματος
846 4661 1295 4734 πληροφοροῦμεν
1320 4662 1418 4734 τὴν
1449 4661 1861 4734 συγκατάθεσιν,
1891 4662 1951 4713 οὐ
1973 4662 2072 4731 τὴν

493 4680 529 4731 γ
569 4680 822 4734 αμματος
846 4680 1295 4734 πληροφορουμεν
1320 4680 1418 4731 την
1449 4680 1861 4725 συγκαταυεσιν,
1891 4680 1951 4713 ου
1973 4680 2072 4731 την

493 4680 708 4805 {sepiae}
744 4732 955 4805 βαρέως
980 4733 1259 4805 φέροντες,
1292 4731 1457 4805 ἀλλάΔ
1477 4733 1607 4805 τὴν,Δ
1642 4740 1747 4805 etc.
1803 4733 2074 4805 Praeterea

491 4801 694 4859 missus
724 4801 828 4859 est"
868 4803 957 4858 hic
996 4801 1225 4857 libellus
1254 4818 1380 4856 cum
1438 4801 1548 4871 jam
1583 4801 1746 4855 Arius
1777 4802 1846 4855 ab
1879 4802 2075 4856 exsilio

492 4881 638 4928 esset
661 4882 966 4930 revocatus.
996 4873 1053 4927 ld
1090 4873 1236 4927 enim
1273 4879 1542 4926 testantur
1574 4872 1690 4926 h:ec
1721 4872 1914 4935 verba,
1948 4873 2072 4925 ἄτο-

494 4959 596 4996 πον
622 4943 699 5008 δὲ,
727 4944 820 4996 τοῦ
870 4942 1157 5006 δοκοῦντος
1187 4939 1326 4996 εἶναι
1361 4939 1660 4994 ὑπευθύνου
1693 4941 2074 5009 ἀνακεκλημέ-

492 5029 584 5066 νου
614 5013 710 5066 καὶ
745 5013 1251 5082 ἀπολογησαμένου,
1281 5021 1387 5066 etc.
1418 5011 1588 5082 Porro
1621 5010 1782 5067 Arius
1815 5010 1946 5064 satis
1977 5011 2074 5065 diu

492 5090 619 5155 post
632 5083 915 5155 synodum
941 5081 1210 5155 _Nicaénam
1231 5098 1261 5137 a
1276 5081 1634 5155 Constantino
1659 5089 2070 5155 revocatusyst.

565 5149 689 5223 (91)
716 5153 856 5220 Ἤδη
879 5153 996 5221 μὲν
1033 5149 1151 5223 οὖν)
1189 5151 1773 5223 κιιτιιιίιηριᾳθὲξλτες,
1800 5160 1912 5223 εις,Δ
1936 5151 2074 5223 Cum

492 5220 766 5293 Eusebius
803 5220 889 5277 ac,
914 5222 1227 5293 Theognius
1273 5222 1327 5275 in
1360 5220 1586 5293 exordio
1627 5221 1792 5293 hujus
1831 5220 2075 5293 epistulze

493 5289 681 5347 dicant
706 5308 764 5347 se
788 5289 1164 5347 damnatos'ab
1187 5291 1478 5361 episcopis,
1508 5289 1710 5361 quaeri
1735 5291 1934 5344 merito
1974 5305 2072 5358 po-

491 5362 721 5434 testubi
764 5371 821 5417 et
860 5362 1081 5434 quando
1126 5360 1333 5434 fueiiint
1376 5360 1750 5434 condemnati.
1804 5360 2074 5434 Baronius

490 5430 732 5505 quidem
762 5448 859 5487 eos
877 5430 954 5505 fin
1000 5433 1209 5505 synodo
1231 5432 1447 5485 Nicaeua
1483 5430 1776 5505 damnatos
1793 5446 1913 5485 esse
1929 5430 2076 5505 _dieit

490 5500 659 5572 itque
700 5502 999 5572 depositus.
1028 5500 1134 5557 Sed
1184 5511 1376 5555 contra
1413 5509 1516 5572 _est
1565 5501 1870 5572 auctoritas
1901 5500 2073 5572 beati

490 5568 827 5641 Hieronymi,
854 5574 945 5641 qui
991 5575 1043 5625 in
1096 5572 1318 5639 Dialogo
1362 5570 1630 5641 adversus
1672 5571 2070 5633 Lueiferianos,

491 5637 950 5695 diserte'testat'ur
976 5637 1274 5695 Eusebium
1302 5655 1365 5693 ac
1391 5639 1731 5708 Theognium
1780 5655 1903 5694 cum
1952 5642 2074 5695 aliis

491 5709 761 5780 episcopis
788 5710 1002 5780 Arianae
1028 5710 1282 5765 factionis
1316 5726 1346 5764 a
1372 5711 1578 5780 synodo
1623 5711 1839 5763 Nicrena
1884 5726 2072 5764 susce-

492 5785 612 5845 ptos
639 5778 825 5833 fuisse.
852 5779 1019 5849 quue
1045 5780 1241 5849 probat
1289 5778 1411 5835 tum
1438 5796 1503 5834 ex
1534 5781 1851 5834 testimonio
1878 5796 2072 5834 eorum

2254 4593 2365 4665 (92)
2394 4594 2513 4665 Πρὸ
2552 4593 2821 4665 κρίσεως,
2850 4593 2976 4648 Πωο
3019 4594 3186 4649 verba
3216 4593 3269 4665 in
3308 4594 3779 4665 interpretatione

2176 4662 2275 4718 sua
2312 4663 2498 4717 omisit
2540 4662 3075 4734 Christophorsonus
3099 4673 3155 4717 et
3202 4662 3498 4718 Musonius.
3545 4663 3780 4734 Legen-

2178 4742 2267 4787 tur
2300 4740 2484 4787 tamen
2530 4733 2697 4788 eliam
2728 4732 2873 4803 apud
2904 4733 3312 4803 Sozomcnum;
3347 4742 3402 4789 et
3425 4732 3781 4803 Epiphanius

2176 4803 2550 4875 Scliolasticus
2585 4820 2650 4875 ea
2699 4802 2779 4857 sic
2808 4802 3064 4875 reddidit
3094 4821 3105 4855 :
3137 4803 3350 4857 Dudum
3396 4802 3606 4875 quidem
3640 4817 3779 4860 ante

2178 4873 2435 4943 iudicium
2482 4874 2815 4927 condemnati
2843 4890 2875 4926 a
2924 4875 3216 4927 reverentia
3258 4873 3452 4938 vestra,
3502 4876 3780 4943 patienter

2184 4944 2321 5014 ferre
2346 4959 2462 5011 qum
2490 4943 2701 5014 decreta
2724 4950 2845 4995 sunt
2873 4961 2905 4995 α
2931 4952 3114 5014 sancto
3146 4954 3315 4998 vestro
3341 4943 3558 4997 concilio
3584 4943 3782 5000 debui-

2174 5012 2314 5087 mus.
2350 5014 2443 5087 Sic
2489 5012 2658 5081 igitur
2696 5012 3069 5087 construenda
3109 5016 3396 5087 suntlimc
3439 5014 3631 5087 verba,
3662 5016 3777 5087 ἤδη

2174 5083 2280 5152 πρὸ
2304 5084 2536 5153 κρίσεῳς
2575 5082 3101 5153 κατσεῴηφισθέιιτες.
3139 5083 3352 5150 Quibus
3390 5084 3576 5138 verbis
3627 5082 3779 5140 sub;

2173 5150 2419 5207 indicare
2446 5150 2664 5222 videtur
2687 5150 2984 5215 Eusebius,
3012 5169 3069 5206 se
3097 5153 3301 5208 indicta
3325 5170 3507 5215 causa,
3533 5162 3591 5207 et
3614 5169 3776 5222 pra:-

2170 5222 2381 5294 judicio
2406 5220 2644 5294 quodam
2671 5221 2990 5294 damnatum
3017 5223 3187 5278 fuisse.
3220 5243 3233 5277 :
3263 5225 3389 5293 quia
3417 5220 3631 5278 scilicet
3656 5226 3778 5279 im-

2212 5301 2395 5345 erator
2434 5291 2815 5361 ipsumantca
2853 5291 3228 5357 damnaverat,
3261 5291 3503 5348 infensus
3544 5294 3779 5361 scilicet

2212 5310 2395 5345 crater
2434 5310 2612 5361 lpSllIll
2654 5310 2815 5345 8111133
2853 5310 3228 5357 damnaverat,
3261 5310 3503 5348 IlllCllSllS
3550 5310 3779 5351 SCIIICC‘.

2172 5310 2413 5417 Eusebio
2439 5361 2511 5433 ob
2527 5360 2709 5433 varias
2733 5377 2948 5433 causas,
2966 5379 3112 5432 quas
3134 5364 3259 5418 vide
3285 5365 3339 5417 in
3363 5360 3594 5433 epistola
3618 5364 3779 5420 Con.-

2173 5432 2398 5485 slantini
2429 5431 2494 5486 ad
2528 5431 2997 5486 Nicomedienses.

2210 5502 2320 5573 (95)
2352 5505 2417 5556 El
2441 5501 2508 5553 δὲ
2531 5502 2780 5573 ἐπείσθη
2808 5503 2846 5567 ἠ
2871 5502 3010 5569 ἁγία
3048 5501 3214 5570 ὑμῶν
3236 5501 3519 5573 σύνοδος.
3549 5502 3777 5573 Horum

2170 5572 2468 5626 verborum
2496 5572 2587 5626 hic
2612 5580 2696 5625 est
2729 5588 2925 5626 sensus
2949 5591 2960 5625 :
2989 5573 3042 5625 Si
3077 5582 3226 5634 tunc,
3254 5572 3452 5640 inquit,
3487 5572 3774 5630 satisfeci-

2172 5658 2296 5697 mus
2334 5651 2524 5697 sancto
2563 5643 2801 5695 concilio
2839 5652 3045 5705 vestro,
3074 5642 3292 5695 Nica’no
3337 5642 3567 5712 scilicet,
3596 5642 3777 5712 eique

2173 5713 2548 5780 persuasimus
2567 5713 2768 5781 justam
2796 5727 2898 5765 nos
2926 5727 3148 5765 causam
3196 5711 3475 5774 habuisse,
3504 5726 3603 5766 cur
3628 5711 3780 5767 ana-

2173 5781 2540 5837 thematismis
2563 5782 2835 5836 nollemus
2859 5781 3206 5835 subscribere
3222 5815 3238 5843 ,
3256 5796 3403 5836 nunc
3427 5796 3777 5839 consensum
