4050 6348
497 392 599 446 1ίῦ

1975 387 2312 447 SOCRATIS

3658 389 3758 444 HG

491 503 719 559 modum
761 519 901 575 puer
946 512 1112 571 esset,
1138 521 1354 561 sacrum
1391 505 1682 578 quemdam
1723 503 1918 560 ludum
1961 519 2070 558 una

2193 521 2262 557 ται
2283 503 2382 572 τῆς
2419 502 2742 575 Ἐκκλησίας
2775 502 3111 568 Ἀθανάσιος.
3141 500 3340 556 Τοῦτόν
3371 517 3535 572 φησιν
3553 501 3581 554 6
3609 500 3757 556 Ῥου-

491 611 614 650 cum
643 595 832 666 pueris
868 598 1170 668 aequalibus
1211 598 1405 652 lusisse
1429 597 1660 653 Rufinus
1680 604 1888 652 narrat.
1914 595 1965 650 ls
1989 595 2074 649 lu-

492 702 587 742 sus
607 694 727 742 erat
749 687 984 742 imitatio
1006 687 1320 753 sacerdotii,
1353 696 1411 744 et
1431 687 1645 760 collegii
1668 701 1952 743 sacrorum
1983 685 2070 740 vi—

493 792 702 830 rorum.
727 776 788 831 In
815 777 920 831 hoc
943 777 1111 848 igitur
1143 778 1296 844 ludo,
1322 779 1659 835 Athanasius
1680 779 1905 849 quidem
1948 777 2071 848 epi—

491 867 642 937 scopi
687 868 1008 938 dignitatem
1051 867 1281 925 sortitus
1312 869 1512 925 fuerat.
1552 870 1917 940 Reliquorum
1942 883 2074 924 vero

492 973 792 1026 puerorum
817 959 958 1014 alius
987 960 1296 1032 presbyteri
1322 970 1508 1032 partes
1531 963 1752 1032 agebat,
1781 962 1926 1016 alius
1950 962 2072 1016 dia-

490 1047 636 1101 coni.
681 1048 860 1119 Atque
903 1049 1020 1104 haec
1051 1065 1081 1104 a
1117 1053 1304 1121 pueris
1345 1053 1680 1107 ludebautur
1703 1068 1771 1107 eo
1813 1053 1933 1123 ipso
1982 1051 2072 1107 die

489 1153 601 1206 quo
626 1139 770 1195 Petri
795 1140 1040 1211 episcopi
1063 1151 1121 1197 et
1159 1143 1417 1216 martyris
1451 1144 1838 1199 celebrabatur
1865 1159 2076 1200 memo—

491 1228 588 1282 ria.
615 1229 774 1284 Forte
797 1231 1106 1288 Alexander
1126 1233 1466 1289 Alexandria:
1481 1235 1771 1306 episcopus
1795 1243 1924 1291 tunc
1939 1251 2076 1306 prae-

492 1323 853 1392 tergrediens,
879 1324 1070 1380 ludum
1107 1342 1326 1381 omnem
1367 1328 1791 1398 contemplatur.
1825 1329 2074 1384 Accitos—

490 1431 598 1485 que
621 1416 688 1470 ad
711 1432 770 1471 se
793 1433 996 1487 pueros
1018 1419 1319 1489 interrogat
1361 1434 1526 1489 quem
1550 1419 1783 1490 quisque
1805 1419 1986 1474 locum
2009 1435 2076 1476 eo

490 1505 548 1561 in
583 1507 714 1562 ludo
755 1509 983 1564 sortitus
1023 1509 1236 1575 fuisset,
1285 1518 1440 1564 ratus
1472 1527 1540 1565 ex
1561 1526 1629 1566 eo
1669 1511 1818 1581 quod
1862 1519 2076 1582 gestum

492 1596 730 1664 fuisset,
777 1599 985 1670 aliquid
1033 1601 1266 1672 singulis
1312 1603 1696 1674 prtenuntiari.
1743 1602 1864 1670 Quo
1909 1602 2074 1668 facto,

495 1703 700 1756 pueros
723 1687 780 1742 in
801 1690 1034 1745 ecclesia
1057 1690 1282 1746 educari
1304 1699 1362 1746 et
1383 1693 1694 1747 litterarum
1722 1691 1922 1746 studiis
1952 1708 2081 1746 eru-

495 1776 603 1832 diri
619 1777 796 1848 jubet,
821 1781 1180 1861 ac‘praecipue
1205 1782 1313 1855 45
1336 1782 1716 1838 Athanasium.
1740 1782 1912 1850 Quem
1951 1783 2078 1854 qui-

2181 595 2332 664 φϊνος
2365 603 2392 632 η
2426 595 2622 666 κομιδῇ
2674 595 2867 666 νήπιον
2914 593 3080 660 ὄντα,
3136 594 3352 659 παίζειν
3404 593 3501 646 σὺν
3556 592 3762 664 ἑτέροις

2181 684 2497 756 ἡλικιώταις
2525 685 2666 757 ἱερὸν
2693 686 2961 755 παίγνιον.
2993 685 3164 740 Τοῦτο
3191 685 3247 738 δέ
3267 681 3334 756 ἦν
3370 683 3602 755 μίμησις
3629 685 3766 757 ἱεροο

2183 778 2349 848 σύνης
2401 779 2496 833 καὶ
2541 777 2636 832 τοῦ
2674 777 2975 847 καταλόγου
3028 778 3136 831 τῶν
3177 775 3491 849 ἱερωμένων
3527 774 3762 846 ἀνδρῶν.

2194 871 2283 925 Ἐν
2313 871 2376 942 δὴ
2410 867 2502 926 οὖν
2547 871 2624 943 τῷ
2664 871 2899 942 παιγνίῳ
2932 869 3128 941 τούτῳ,
3174 868 3494 932 Ἀϐανάσιος
3540 869 3638 939 μὲν
3666 867 3766 938 τῆς

2183 963 2488 1032 ἐπισκοπῆς
2537 961 2882 1034 ἐκεκλήρωτο
2928 961 3018 1015 τὸν
3068 961 3286 1033 θρόνον⁹
3333 959 3442 1014 τῶν
3490 959 3546 1013 δὲ
3591 958 3767 1013 ἄλλων

2181 1052 2317 1108 νέων
2349 1053 2599 1119 ἕκαστος,
2632 1053 2666 1125 ἢ
2695 1053 3068 1126 πρεσϐύτερον
3089 1093 3104 1118 ,
3138 1053 3172 1126 ἢ
3209 1052 3456 1106 διάκονον
3488 1053 3764 1122 ἐμιμεῖτο.

2182 1145 2366 1200 Ταῦτα
2395 1145 2621 1210 ἔπαιζον
2653 1149 2702 1200 οἱ
2733 1147 2921 1212 παῖδες
2950 1147 3092 1200 κατὰ
3115 1144 3213 1218 τὴν
3237 1146 3474 1217 ἡμέραν,
3508 1147 3568 1198 ἐν
3608 1135 3642 1217 ᾖ
3671 1142 3768 1195 τοῦ

2185 1236 2464 1307 μάρτυρος
2505 1237 2600 1290 καὶ
2631 1238 2929 1292 ἐπισκόπου
2964 1236 3174 1307 Πέτρου
3213 1236 3520 1290 ἐπετελείτο
3553 1235 3762 1306 μνήμη·

2181 1327 2303 1380 τότε
2333 1327 2389 1380 δὲ
2429 1327 2778 1402 Ἀλέξανδρος
2816 1332 2845 1383 6
2884 1329 2985 1400 τῆς
3026 1327 3433 1400 Ἀλεξανδρείας
3472 1326 3768 1388 ἐπίσκοπος

2182 1418 2493 1487 διαϐαίνων,
2518 1421 2620 1492 ὁρᾷ
2645 1421 2704 1473 τὸ
2725 1420 3045 1490 γιγνόμενον
3069 1419 3338 1488 παίγνιον⁸
3366 1419 3460 1472 καὶ
3483 1433 3770 1489 μεταπεμ-

2183 1508 2425 1581 ψάμενος
2451 1512 2577 1575 τοὺς
2607 1512 2824 1576 παῖδας,
2855 1511 3085 1566 ἐπύθετο
3112 1511 3246 1582 παρ’
3273 1508 3453 1564 αὐτῶν
3487 1509 3578 1562 τὸν
3606 1510 3664 1563 ἐν
3693 1509 3771 1582 τῷ

2186 1600 2422 1671 παιγνίῳ
2447 1600 2798 1672 κληρωϐέντα
2825 1601 2988 1655 τόπον
3015 1601 3250 1672 ἑκάστῳ.
3277 1599 3690 1673 προμηνύεσθαί
3718 1619 3772 1655 τι

2184 1688 2274 1743 διὰ
2305 1689 2399 1742 τοῦ
2427 1691 2712 1759 γεγονότος
2751 1691 3120 1762 ἡγησάμενος.
3167 1689 3486 1746 Ἐκέλευσέν
3515 1707 3575 1743 τε
3605 1693 3663 1744 ἐν
3704 1694 3770 1762 τῇ

2187 1778 2454 1851 ἐκκλησίᾳ
2480 1779 2710 1850 ἄγεσθαι
2753 1781 2880 1843 τοὺς
2923 1783 3140 1846 παῖδας,
3183 1782 3278 1835 καὶ
3307 1780 3556 1844 παιδείας
3603 1797 3770 1851 μεταο

497 1867 622 1923 dem
666 1869 779 1940 jam
828 1871 1050 1927 virilem
1099 1872 1410 1946 ingressum
1453 1883 1672 1931 aetatem
1701 1915 1716 1941 ,
1785 1875 2078 1932 diaconum

2193 1871 2502 1942 λαμϐάνειν,
2555 1873 2850 1946 ἐξαιρέτως
2887 1873 2944 1927 δὲ
2987 1873 3081 1927 τὸν
3147 1871 3483 1927 Ἀθανάσιον.
3536 1867 3672 1925 Εἶτα
3717 1873 3774 1926 ἐν

497 1965 801 2031 constituit,
843 1973 900 2021 et
924 1967 1159 2022 Nicaeam
1209 1983 1396 2024 secum
1439 1968 1615 2035 duxit,
1645 1977 1707 2024 ut
1750 1969 1808 2023 in
1846 1968 2080 2024 concilio

497 2056 646 2125 quod
677 2056 755 2110 ibi
779 2067 1170 2130 congregatum
1193 2069 1332 2127 erat,
1362 2061 1680 2133 adjumento
1703 2062 1852 2117 illius
1891 2070 2080 2118 utere-

499 2153 609 2199 tur.
636 2145 762 2200 Haec
781 2145 848 2202 de
870 2147 1170 2203 Athanasio
1192 2149 1426 2206 Rufinus
1445 2151 1501 2205 in
1521 2150 1681 2206 libris
1702 2150 1818 2206 suis
1842 2165 2084 2206 comme-

433 2284 459 2318 ,η
500 2237 734 2291 moravit
759 2255 772 2291 :
799 2254 902 2293 nec
922 2239 1170 2309 profecto
1193 2243 1518 2298 incredibile
1552 2251 1638 2299 est
1661 2259 1725 2300 ea
1762 2244 2077 2318 contigisse,

499 2344 625 2383 cum
662 2329 832 2385 multa
855 2331 1169 2402 hujusmodi
1196 2349 1570 2404 saepenumero
1596 2341 1748 2407 gesta
1773 2350 1894 2392 esse
1917 2351 2080 2407 repe-

500 2419 732 2488 riantur.
759 2421 868 2477 Sed
889 2421 958 2478 de
983 2421 1281 2481 Athanasio
1303 2426 1587 2482 hactenus.

1134 2617 1285 2675 CAP.
1311 2620 1450 2676 XVI.

504 2707 783 2775 Quomodo
832 2709 1216 2799 Constantinus
1271 2715 1404 2799 imp.
1462 2714 1643 2799 urbem
1703 2715 2084 2799 Byzantiorum

782 2783 954 2844 auxit,
980 2790 1029 2836 et
1053 2781 1566 2855 Constantinopolim
1591 2781 1811 2840 vocavit.

573 2868 880 2938 Imperator
905 2886 1038 2926 vero
1061 2879 1188 2941 post
1209 2881 1500 2942 peractum
1525 2875 1844 2939 concilium,
1871 2889 2085 2930 summa

502 2961 557 3014 in
583 2961 772 3014 lmtitia
796 2960 964 3014 vitam
1001 2963 1204 3032 exegit.
1246 2948 1538 3018 Celebrata
1565 2964 1734 3035 igitur
1787 2964 2085 3020 festivitate

501 3052 722 3122 publica
746 3053 1118 3110 vicennalium
1143 3071 1392 3120 suorum,
1419 3055 1604 3112 statim
1633 3056 1702 3110 ad
1726 3057 2086 3112 ecclesiarum

501 3145 955 3200 instaurationem
979 3161 1141 3204 omne
1168 3145 1414 3202 studium
1446 3163 1608 3202 suum
1632 3147 1884 3202 contulit.
1913 3147 2085 3218 quue

503 3243 617 3288 tum
647 3235 700 3288 in
745 3235 868 3290 aliis
909 3235 1230 3290 civitatibus
1267 3237 1542 3306 prmstitit,
1589 3245 1704 3291 tum
1730 3238 1784 3292 in
1813 3239 1950 3293 urbe
1982 3237 2087 3292 sibi

502 3327 842 3396 cegnomine.
871 3327 1045 3392 Quam
1069 3328 1290 3397 quidem
1309 3330 1628 3399 Byzantium
1654 3331 1887 3385 antehae
1908 3331 2094 3402 appel—

501 3419 692 3482 latam,
718 3434 1046 3488 magnopere
1083 3419 1472 3489 ampliﬁcavit,
1517 3428 1574 3474 et
1613 3421 1929 3490 ingentibus
1966 3421 2086 3476 cin-

504 3518 649 3563 ctam
697 3511 892 3574 muris,
928 3510 1209 3580 variisque
1241 3511 1488 3566 :ediiieiis
1519 3521 1858 3578 exornatam,
1887 3514 2089 3584 regina:

507 3601 730 3655 urbium
777 3603 964 3656 Romae
1011 3617 1326 3672 exaequans,
1352 3602 1880 3674 Constantinopolim
1915 3605 2089 3660 nomi-

506 3691 690 3756 navit,
721 3699 890 3761 utque
915 3708 1055 3747 nova
1078 3693 1251 3748 Roma
1272 3703 1584 3761 vocaretur,
1611 3695 1728 3766 lege
1745 3697 1942 3752 sanxit.
1960 3696 2090 3764 Qua:

513 3780 734 3851 guidem
758 3781 846 3835 lex
869 3781 924 3836 in
949 3783 1205 3839 columna
1224 3783 1440 3856 lapidea
1464 3784 1656 3852 incisa,
1699 3802 1762 3842 ac
1792 3787 2011 3857 publice
2036 3788 2089 3842 in

2179 1964 2363 2036 τελείᾳ
2391 1965 2681 2036 γενόμενον
2720 1965 2928 2038 ἡλικίᾳ,
2963 1965 3058 2020 καὶ
3086 1965 3332 2019 διάκονον
3360 1965 3769 2036 χειροτονήσας,

2179 2049 2313 2124 ἦγεν
2339 2053 2433 2106 ἐπ)⁸
2470 2054 2571 2125 τήν
2614 2055 2869 2120 Νίκαιαν,
2905 2055 3404 2126 συναγωνιζόμενον
3434 2052 3582 2124 αύτῷ
3632 2054 3772 2118 ἐκεῖ,

2180 2147 2269 2200 ὅτε
2305 2149 2682 2217 συνεκροτεῖτο
2723 2149 2757 2219 ή
2793 2147 3032 2212 σύνοδος.
3065 2145 3254 2200 Ταῦτα
3291 2146 3388 2216 μὲν
3421 2146 3449 2198 6
3492 2145 3776 2213 Ῥουφῖνος

2181 2234 2312 2305 περὶ
2340 2234 2506 2288 αὐτοῦ
2549 2235 2870 2289 Ἀθανασίου
2905 2237 2965 2290 ἐν
3005 2238 3118 2293 τοῖς
3161 2235 3537 2305 συντάγμασιν
3573 2231 3772 2286 ἐαυτοῦ

2182 2325 2422 2396 εἴρηκεν.
2469 2326 2586 2381 Οὐκ
2631 2327 2858 2391 ἀπεικὸς
2881 2327 2938 2382 δὲ
2985 2327 3260 2398 γενέσθαιο
3307 2326 3402 2380 xui.
3445 2325 3554 2397 γὰρ
3601 2323 3775 2377 πολλὰ

2181 2416 2408 2472 τοιαῦτα
2439 2418 2708 2490 γενόμενα
2740 2419 3007 2484 πολλάκις
3057 2419 3357 2492 ἐφεύρητιιι
3383 2417 3514 2490 περὶ
3535 2408 3596 2470 οὗ
3631 2414 3775 2481 τέως

2185 2506 2420 2561 τοσαῦτα
2450 2508 2560 2580 (97)
2583 2509 2825 2580 εἰρήσθω
2849 2527 2958 2581 μοι.

2747 2621 2998 2676 ΚΕΦΑΛ.
3040 2621 3155 2688 ις’.

2197 2712 2296 2777 Ὧς
2317 2711 2622 2777 ,ϐασιλεὺς
2648 2713 3098 2779 Κωνσταντῖνος
3123 2712 3189 2766 τὸ
3225 2712 3408 2766 πάλαι
3449 2709 3778 2772 Βυζάντιον

2254 2781 2550 2849 αὐξήσας,
2583 2783 3045 2836 Κωνσταντίνου
3067 2785 3252 2836 πόλιν
3283 2783 3698 2851 ἐπωνόμασεν.

2267 2875 2326 2927 Ὀ
2359 2873 2617 2944 βασιλεὺς
2651 2873 2710 2927 δὲ
2766 2873 2906 2945 μετὰ
2948 2873 3048 2946 τὴν
3089 2875 3305 2928 σύνοδον
3341 2876 3398 2928 ἐν
3455 2873 3770 2945 εὐφροσύνῃ

2190 2964 2376 3034 διῆγεν
2395 2981 2409 2994 ο
2439 2965 2760 3030 ἐπιτελέσας
2793 2962 2888 3020 οὖν
2915 2966 3188 3036 δημοτελῆ
3211 2967 3312 3037 τῆς
3337 2965 3779 3036 είκοσαετήρίδος

2187 3057 2356 3111 αὐτοῦ
2399 3057 2596 3130 ἑορτὴν
2638 3066 2685 3124 ο,
2731 3058 2936 3122 εὐθέως
2970 3058 3100 3130 περὶ
3130 3058 3192 3113 τὸ
3234 3057 3497 3130 ἀνορθοῦν
3530 3057 3630 3121 τὰς
3681 3059 3776 3109 ἐκ-

2189 3149 2420 3220 κλησίας
2440 3149 2792 3214 ἐσπούδαζεν.
2834 3149 3038 3204 Ἐποίει
3060 3168 3118 3204 τε
3140 3150 3297 3203 τοῦτο
3323 3148 3464 3203 κατὰ
3487 3147 3588 3212 τὰς
3611 3146 3781 3210 ἄλλας

2195 3242 2378 3305 πόλεις
2412 3239 2524 3309 (98)
2551 3281 2565 3304 ,
2596 3243 2693 3298 καὶ
2727 3242 2782 3295 ἐν
2807 3244 2872 3313 τῇ
2902 3241 3066 3296 αὑτοῦ
3099 3241 3393 3310 ἐπωνύμῳ.
3435 3241 3536 3292 Ἢν
3571 3237 3783 3300 Βυζάν-

2198 3351 2310 3387 τιον
2339 3333 2682 3404 καλουμένην
2713 3335 3062 3406 τοπρότερον,
3108 3332 3332 3406 ηὖξήσε,
3362 3331 3518 3402 τείχη
3565 3328 3786 3401 μεγάλα

2197 3423 2528 3495 περιϐαλὼν,
2564 3425 2658 3479 καὶ
2686 3425 2965 3496 διαφόροις
3001 3425 3290 3495 κοσμήσας
3310 3422 3739 3492 οἰκοδομήμασιν
3765 3437 3781 3452 ·

2197 3515 2318 3588 ῐσην
2351 3533 2410 3569 τε
2438 3519 2504 3587 τῇ
2533 3516 2890 3588 βασιλευούσῃ
2931 3515 3119 3590 Ῥώμῃ
3145 3513 3455 3579 ἀποδείξας,
3485 3514 3783 3566 Κωνσταν-

2195 3605 2502 3660 τινούπολιν
2533 3607 2931 3677 μετονομάσας,
2960 3604 3320 3678 χρηματίζειν
3347 3603 3602 3673 δευτέραν
3645 3599 3786 3655 Ῥώ-

2201 3714 2307 3768 μην
2358 3696 2470 3768 (99)
2505 3697 2653 3768 νόμῳ
2700 3697 3102 3768 ἐκύρωσεν.⁶“ος
3146 3695 3314 3766 νόμος
3377 3695 3435 3747 ἐν
3472 3692 3649 3764 λιθίνῃ
3683 3691 3783 3760 γέ-

2200 3805 2446 3860 γραπται
2473 3789 2645 3862 στήλῃ
2675 3790 2770 3842 κάι
2798 3787 3034 3860 δημοσίᾳ
3069 3789 3124 3841 ἐν
3147 3787 3224 3858 τῷ
3253 3784 3572 3864 καλουμένῳ
3602 3785 3783 3855 Στρα-

1711 3966 1982 4023 VALESII
2019 3967 2571 4025 ANNOTATIONES.

579 4083 688 4153 (97)
721 4083 859 4151 Περὶ
883 4077 957 4139 οὗ
980 4083 1126 4151 τέως
1147 4084 1434 4146 τοσαῦτα.
1462 4091 1570 4140 etc.
1605 4083 1874 4153 Meliusrin
1903 4083 2094 4140 codice

505 4152 708 4228 Leonis
749 4154 938 4228 Allatii
980 4155 1182 4228 legitur
1224 4156 1331 4210 hoc
1376 4154 1581 4210 modo:
1609 4156 1737 4228 περὶ
1773 4152 1866 4210 οὖν
1889 4155 2092 4209 τούτων

505 4226 742 4280 τοσαῦτα
765 4226 902 4286 τέως
926 4224 1160 4294 λελέχθω
1189 4242 1316 4294 μοι..

581 4297 692 4366 (98)
734 4295 948 4366 Ἐποίει
995 4311 1059 4348 τε
1083 4296 1257 4348 τοῦτο
1283 4295 1439 4364 περί,
1463 4295 1585 4366 lege
1607 4295 1795 4350 ἐποίει
1820 4295 1889 4350 δὲ
1913 4295 2090 4350 τοῦτο

507 4363 659 4418 κατά
681 4363 875 4436 τελτὰς
901 4363 1095 4430 ἄλλης
1122 4363 1486 4436 «animum
1526 4363 1870 4436 Frequenter
1907 4366 1964 4420 in
2006 4367 2093 4421 his

507 4434 794 4505 particulis
822 4437 1108 4506 peceatum
1121 4443 1206 4488 est
1229 4435 1297 4506 ab
1321 4434 1764 4506 antiquariis'qui
1791 4437 1892 4491 hos
1922 4436 2097 4491 libros

507 4503 942 4573 exscripserunt.
969 4503 1126 4570 Quod
1152 4505 1378 4574 quidem
1414 4503 1584 4560 semel
1627 4503 1896 4560 monitum
1920 4507 2092 4571 volui,

510 4586 568 4630 ut
597 4577 876 4646 studiosus
897 4575 1071 4629 lector
1094 4591 1190 4646 per
1205 4590 1263 4628 se
1286 4575 1546 4646 deinceps
1565 4574 1618 4630 id
1643 4577 1916 4646 observet.
1935 4577 2096 4632 Certe

511 4649 566 4701 in
591 4647 784 4702 codice
810 4645 997 4700 Allatii
1022 4645 1222 4716 legitur
1244 4645 1387 4699 κατά
1410 4663 1467 4700 τε
1484 4645 1594 4710 τὰς
1618 4645 1782 4710 ἄλλας
1813 4647 2018 4711 πόλεις.

2240 4086 2350 4158 (99)
2380 4086 2760 4155 Χρηματίζειν
2804 4086 2873 4140 δὲ
2919 4086 3207 4158 δευτέραν
3249 4081 3494 4152 Ῥώμην.
3525 4079 3790 4158 Huncin-

2201 4146 2450 4235 cum'qu'i
2475 4146 2770 4235 corruptus
2795 4164 2952 4235 antea
2980 4146 3284 4235 legebatur,
3309 4146 3374 4235 ει.
3386 4146 3565 4235 prava
3591 4151 3795 4235 distin-

2201 4226 2389 4282 ctione
2430 4226 2712 4293 confusus,
2757 4227 2992 4298 pristino
3014 4226 3197 4298 _n_itori
3244 4226 3483 4298 restitui,
3512 4232 3789 4298 expuneta

2199 4299 2472 4366 particula
2496 4299 2573 4360 δέ,
2599 4313 2722 4367 qum
2761 4293 2868 4352 nec
2912 4297 2987 4367 ing
3014 4293 3334 4349 Florentino
3362 4293 3572 4367 codice,
3599 4308 3707 4347 nec
3734 4294 3792 4350 in

2201 4363 2478 4424 Sfortiano
2525 4363 2778 4422 habetur.
2842 4365 3145 4421 Confirmat
3190 4363 3630 4418 emendationem
3685 4379 3792 4417 no-

2195 4448 2362 4493 stram
2381 4439 2721 4509 Epiphanius
2745 4436 3140 4509 Scholasticus,
3167 4434 3260 4504 qui
3285 4433 3365 4509 sic
3387 4432 3570 4509 vertit:
3601 4433 3676 4491 Et
3690 4434 3792 4509 de-

2198 4502 2531 4563 nominatam
2582 4504 3090 4577 Constantinopolim
3123 4545 3138 4571 ,
3183 4502 3448 4575 appellari
3499 4503 3792 4561 secundum

2199 4579 2423 4633 Romam
2452 4579 2564 4651 lege
2585 4577 2844 4647 ﬁrmavit.

1966 4802 2350 4858 VARIORL'M.

511 4921 578 4976 δΞί
603 4917 880 4976 ordinatio
905 4919 1122 4999 nonnisi
1141 4919 1648 4999 _s_ubhujus_ar_1pi__
1668 4919 1834 4999 finem
1871 4926 2096 4999 peracta
2131 4921 2171 4974 D
2203 4918 2300 4999 lib.
2330 4933 2393 4999 ιι,
2414 4933 2536 4999 cap.
2563 4918 2651 4999 1"],
2678 4911 3228 4999 etNicephoru‘snlib;
3242 4908 3793 4999 vut,!eap._f41

512 5000 627 5057 est;
653 5006 780 5046 cum
803 5005 949 5044 anno
973 4987 1098 5054 575,
1125 4991 1214 5045 die.
1237 4991 1272 5044 2
1298 4987 1504 5045 mensis
1526 4989 1672 5054 Maii,
1703 4991 1770 5044 ad
1799 4987 1970 5044 Deum
1995 4989 2098 5042 mi-

512 5062 704 5130 grarit,
731 5069 806 5133 et,
830 5067 893 5133 ut
917 5067 1149 5133 testatur
1171 5062 1410 5133 Cyrinus
1431 5061 1609 5133 Alex_.,
1636 5076 1812 5114 annos
1831 5061 1926 5133 ﬁt}
1955 5061 2102 5133 intc-

514 5148 641 5197 gros
664 5130 888 5186 sederit.
914 5131 1094 5196 Quare
1122 5130 1231 5186 non
1257 5131 1450 5186 dubito
1473 5131 1609 5199 quin
1635 5147 1699 5184 ea
1748 5130 2025 5185 ordinatio
2048 5145 2100 5183 γι

515 5203 629 5256 lial.
656 5201 922 5272 Januarii,
949 5202 1027 5255 uti
1052 5201 1120 5256 ad
1145 5203 1446 5272 genuinum
1468 5201 1627 5255 Beda:
1651 5199 2100 5272 Martyrologium

514 5271 736 5326 additur
761 5271 817 5325 in
841 5287 942 5325 ms.
970 5271 1218 5326 ecclesia:
1240 5273 1514 5326 Vaticana:
1541 5272 1596 5324 S.
1628 5271 1802 5334 Petri,
1825 5271 1914 5325 die
1942 5271 2099 5324 vide-

514 5343 644 5397 licet
682 5343 752 5396 27
797 5343 1004 5397 mensis
1047 5343 1383 5404 Decembris,
1414 5342 1468 5395 S.
1515 5341 1709 5395 Joanni
1748 5341 2096 5410 evangelista:

515 5413 842 5474 sacra,facta
863 5413 936 5466 sit
957 5431 972 5478 ;
991 5420 1047 5466 et
1072 5413 1356 5482 hucusque
1381 5412 1436 5466 S.
1464 5411 1745 5465 Anathasii
1771 5412 1988 5465 initium
2004 5411 2106 5463 hu-

509 5484 601 5555 jus
617 5484 745 5537 anni
769 5483 1039 5554 principio
1061 5499 1347 5553 perperam
1366 5482 1742 5555 consignatum
1771 5482 1954 5544 fuerit,
1971 5495 2108 5555 pra?-

519 5552 1075 5608 termissa’vacatione
1101 5552 1246 5608 sedis
1289 5570 1388 5622 per
1431 5553 1640 5620 aliquot
1667 5567 1923 5622 menses;
1950 5552 2108 5620 cujus

516 5640 681 5678 eausa
725 5623 893 5678 fuisse
941 5625 1158 5678 videtur
1204 5621 1327 5690 fuga
1377 5622 1680 5676 Athanasii.
1710 5622 1844 5675 Vide
1885 5621 2104 5690 Sozam.

518 5695 614 5750 lib.
641 5711 698 5756 ιι,
728 5708 850 5762 cap.
877 5694 963 5747 17.
993 5695 1140 5762 (Ant.
1170 5689 1298 5762 Pagi
1324 5693 1390 5746 ad
1416 5709 1544 5746 ann.
1573 5693 1696 5754 556,
1724 5707 1881 5762 num.
1905 5689 1983 5762 5.)

557 5761 858 5827 ηΦησὶνό
897 5764 1220 5831 Ῥουφῖνος.
1256 5761 1404 5817 Rem
1454 5763 1596 5816 hanc
1638 5771 1824 5815 narrat
1866 5761 2100 5813 Rutinus

523 5832 658 5902 llist.
695 5833 790 5886 lib.
821 5849 874 5896 Χ,
912 5849 1030 5902 cap.
1079 5834 1163 5888 Η.
1205 5833 1305 5886 Cui
1349 5833 1720 5901 suffragantur
1765 5832 2102 5885 Sommenus

2200 4991 2326 5042 Ant.
2357 4979 2498 5057 Pagi'
2529 4988 2594 5058 ad
2639 4979 2773 5040 ann.
2802 4979 2927 5047 5H,
2965 5001 3020 5058 ιι.
3160 4982 3250 5058 27,
3276 4981 3370 5050 qui
3402 4979 3558 5058 hanc
3601 4979 3794 5058 histo-

2201 5059 2337 5112 riam
2383 5050 2650 5120 dEfendit,
2692 5064 2748 5110 et
2790 5063 2948 5124 putat
2990 5052 3346 5108 Athanasium
3395 5057 3523 5102 tunc
3566 5050 3795 5124 circiter

2201 5128 2466 5181 tredecim
2489 5143 2663 5184 annos
2705 5120 2916 5179 nat-um.
2955 5124 3168 5180 Caveus
3212 5137 3344 5175 vero
3387 5128 3576 5174 noster
3617 5132 3677 5174 et
3710 5120 3793 5173 Du

2201 5199 2299 5252 Pin
2329 5198 2571 5252 fabulam
2597 5211 2718 5250 esse
2741 5203 2991 5249 censent.

2285 5277 2309 5302 ο
2341 5265 2834 5333 Εἰκοσίιετηρίὸος
2895 5261 3125 5331 ἑορτήν.
3177 5260 3481 5333 Eusebius,
3529 5257 3794 5333 Socrates

2209 5346 2265 5390 et
2306 5329 2816 5390 δοκοιιιιιιιιιεᾟιιιο
2875 5329 2969 5388 ore.
3034 5333 3306 5386 aliirmant
3365 5329 3790 5384 Constantinum

2204 5409 2452 5476 proxime
2478 5415 2600 5476 post
2645 5406 2926 5460 dimissam
2975 5403 3264 5476 synodiun,
3304 5400 3621 5476 priusquam
3670 5399 3780 5476 epi-

2205 5468 2352 5545 scopi
2383 5468 2606 5531 domum
2649 5477 2918 5537 redirent,
2948 5468 3252 5545 Vibennalia
3279 5487 3375 5545 sua
3410 5469 3646 5545 dedisse.
3675 5468 3793 5522 Hoc

2206 5538 2678 5610 etiamthroniei
2720 5544 3074 5599 Alexandrini
3101 5541 3361 5608 suffragio
3404 5538 3788 5610 conﬁrmatur.

2208 5609 2443 5672 Proinde
2478 5618 2546 5672 ad
2587 5633 2651 5670 xx
2685 5615 2898 5684 imperii
2941 5628 3144 5667 annum
3173 5609 3566 5684 constantiuus
3589 5623 3790 5684 perie-

2202 5699 2380 5750 nerat,
2408 5704 2531 5742 cum
2559 5675 2801 5750 synodus
2829 5686 2944 5739 haec
2968 5684 3182 5737 Nicat‘na
3225 5675 3628 5750 dimittebatur.
3656 5675 3788 5748 (Be-

2205 5745 2457 5826 vt-regins
2490 5747 2681 5810 Amiot.
2712 5758 2763 5810 in
2789 5772 2907 5808 cun.
2935 5770 3076 5806 conc.
3114 5751 3253 5816 Nic,
3283 5745 3484 5823 initio.)
