4050 6348
435 353 538 415 fit)

1878 349 2217 407 SOCRATIS

3606 343 3702 400 12:3

428 488 549 545 gem
587 486 708 528 esse
743 469 1059 529 Iudaeorum
1093 473 1260 528 variis
1292 472 1497 543 linguis
1535 486 1600 526 ac
1638 469 1841 528 litteris
1878 486 2008 541 pro-

2125 470 2260 539 λύπη
2291 470 2508 539 κατεῖχε
2540 468 2639 539 τήν
2671 467 2765 522 τοῦ
2793 465 3058 539 βασιλέως
3081 458 3319 536 μητέρα.’
3346 464 3461 517 Οὐκ
3490 463 3573 527 εἰς
3596 480 3702 534 μα-

428 564 794 619 nuntiaverat.
820 562 927 618 Sed
948 564 1211 633 quoniam
1236 564 1556 635 ambiguum
1610 571 1731 618 erat
1763 578 2013 633 quamam

429 665 575 712 esset
594 672 730 711 crux
754 656 845 712 illa
867 673 989 727 quae
1025 655 1396 726 quaerebatur,
1441 660 1619 710 mater
1659 653 2017 724 imperatoris

430 762 541 804 non
562 748 827 803 mediocri
847 748 1034 804 dolore
1059 747 1255 805 affecta
1277 755 1380 802 est.
1406 745 1582 814 Quem
1602 746 1827 816 quidem
1857 747 2015 803 brevi

431 844 553 907 post
597 844 841 908 tempore
883 837 1388 908 Hierosolymorum
1436 838 1750 907 episcopus,
1793 837 2017 892 nomine

432 927 721 991 Macarius,
765 926 977 983 sedavit
1029 934 1085 980 et
1133 924 1555 996 ambiguitatem
1600 941 1825 981 omnem
1886 924 2017 980 ﬁdei

431 1019 634 1076 virtute
655 1018 922 1074 dissolvit.
952 1018 1179 1089 Signum
1214 1017 1365 1073 enim
1380 1033 1420 1087 0a
1446 1018 1560 1073 Deo
1583 1018 1766 1087 petiit,
1807 1026 1865 1072 et
1909 1017 2016 1071 im-

430 1109 686 1181 petravit.
717 1108 945 1180 Signum
985 1124 1119 1165 vero
1141 1107 1248 1163 fuit
1288 1107 1627 1179 huiusmodi.
1652 1107 1847 1162 Mulier
1871 1122 2019 1177 qua:-

428 1204 555 1261 dam
588 1202 739 1258 illius
782 1202 913 1267 loci,
958 1201 1228 1257 diuturno
1253 1201 1507 1258 confecta
1550 1201 1766 1267 morbo,
1809 1201 1922 1271 iam
1960 1200 2018 1254 in

431 1295 548 1364 ipso
568 1294 762 1350 mortis
785 1293 1020 1349 articulo
1042 1301 1162 1348 erat
1199 1293 1517 1349 constituta.
1547 1292 1689 1347 Huic
1725 1308 1857 1363 ergo
1896 1292 2017 1346 ani—

430 1400 574 1440 mam
596 1384 800 1455 agenti,
824 1385 1118 1455 episcopus
1137 1383 1380 1454 singulas
1402 1397 1597 1437 cruces
1620 1382 1817 1453 apponi
1840 1381 2015 1452 jubet,

429 1476 733 1539 certissime
761 1476 867 1532 sibi
911 1475 1252 1546 persuadens
1288 1474 1407 1529 fore
1464 1482 1527 1528 ut
1551 1473 1750 1527 mulier
1772 1471 2019 1543 pristinae

430 1566 735 1622 valetudini
767 1567 1188 1629 restitueretur,
1227 1565 1273 1621 si
1299 1565 1599 1635 pretiosam
1639 1563 1858 1618 Domini
1894 1578 2018 1618 cru—

431 1673 549 1712 cem
573 1658 863 1728 attigisset.
890 1657 1002 1711 Nec
1032 1672 1164 1712 vero
1204 1672 1329 1727 spes
1363 1671 1489 1710 eum
1514 1654 1725 1709 fefellit.
1765 1653 2016 1709 Admotis

430 1748 580 1801 enim
628 1746 847 1802 duabus
869 1747 1130 1802 crucibus
1171 1762 1293 1817 quae
1336 1745 1635 1802 Dominicte
1682 1761 1791 1801 non
1834 1754 2014 1812 erant,

2115 564 2255 636 κράν
2271 563 2329 621 δὲ
2340 561 2501 617 παύει
2519 561 2590 616 τὰ
2602 562 2702 631 τῆς
2717 560 2895 630 λύπης
2910 560 2939 612 ὁ
2953 557 3061 612 τῶν
3076 554 3339 626 Ἱεροσολύ
3348 571 3462 625 μων
3474 554 3704 608 ἐπίσκοο·

2116 671 2236 719 πος,
2265 646 2309 722 ᾧ
2337 653 2510 724 ὄνομα
2541 647 2608 722 ἦν
2641 636 2949 720 Μακάριος.
2987 646 3121 701 Λύει
3147 645 3205 699 δὲ
3232 645 3414 698 πίστει
3442 643 3505 697 τὸ
3529 642 3705 714 ἀμφί-

2116 744 2290 802 ϐολον.
2317 745 2392 814 Ση
2399 746 2552 814 μεῖον
2570 743 2680 814 γὰρ
2696 741 2817 812 ﬁrst
2834 758 2910 795 πα
2918 739 2987 810 ρὰ
3003 736 3097 793 τοῦ
3121 736 3279 798 Θεοῦ,
3295 735 3390 790 καὶ
3402 735 3700 805 ἐλάμϐανε.

2117 837 2191 891 Τὸ
2221 837 2277 891 δὲ
2309 839 2534 909 σημεῖον
2566 832 2633 907 ἦν
2671 833 2883 889 τοιοῦτο
2906 852 2918 865 ·
2957 832 3093 902 γυνή
3140 847 3226 893 τις
3253 828 3363 882 τῶν
3395 826 3704 898 ἐγχωρίων,

2117 937 2259 1005 νόσῳ
2287 934 2478 1009 χρονίᾳ
2504 932 2789 1003 ληφθεῖσα,
2820 930 2955 1001 πρὸς
2984 925 3134 997 αὐτῷ
3162 925 3347 978 λοιπὸν
3373 922 3451 993 τῷ
3485 922 3704 991 θανάτῳ

2117 1027 2355 1095 ἐγένετο.
2423 1024 2803 1097 Προσάγεσθαι
2859 1018 2952 1077 οὖν
3001 1024 3066 1091 τῇ
3124 1017 3545 1088 ἀποθνησκούσῃ
3592 1014 3704 1067 τῶν

2121 1116 2367 1188 σταυρῶν
2396 1116 2626 1171 ’ἑκαστον
2654 1118 2682 1168 ὁ
2713 1114 3009 1175 ἐπίσκοπος
3044 1109 3448 1180 παρεσκεύασε,
3479 1103 3697 1160 πιστεύ-

2120 1221 2216 1270 σας
2260 1203 2681 1277 ἀναῤῥωσθῆναι
2720 1204 2821 1276 τὴν
2849 1204 3084 1271 γυναῖκα
3106 1239 3121 1264 ,
3157 1197 3444 1270 ἁψαμένην
3475 1195 3571 1250 τοῦ
3618 1212 3702 1247 τι-

2122 1300 2245 1372 μίου
2279 1299 2537 1372 σταυροῦ.
2575 1300 2684 1353 Καὶ
2712 1299 2816 1368 τῆς
2846 1296 3061 1360 ἐλπίδος
3092 1295 3194 1366 οὐχ
3225 1293 3469 1364 ἥμαρτε.
3523 1291 3702 1360 Προσ-

2118 1392 2444 1464 ενεχθέντων
2465 1390 2575 1461 γὰρ
2589 1390 2697 1443 τῶν
2731 1389 2805 1459 μὴ
2837 1389 3057 1459 Κυρίων
3080 1387 3173 1440 δύο
3207 1384 3477 1457 σταυρῶν,
3508 1382 3707 1453 ἔμενεν

2118 1485 2269 1539 οὐδὲν
2297 1476 2457 1556 ἦττον
2494 1486 2527 1555 ή
2557 1482 2695 1552 γυνὴ
2725 1480 3165 1552 ἀποθνῄσκουσα.
3203 1481 3291 1543 Ὦς
3319 1478 3377 1532 δὲ
3401 1478 3430 1529 ὁ
3454 1476 3640 1547 τρίτος
3676 1475 3708 1526 6

2119 1577 2341 1648 γνήσιος
2371 1572 2718 1646 προσηνέχθη
2741 1612 2755 1637 ,
2789 1573 2823 1640 ἡ
2875 1570 3302 1648 ἀποθνήσκουσα
3332 1565 3497 1628 εὐθὺς
3543 1564 3708 1633 ἀνερ-

2121 1638 2345 1741 5.32.0.1;
2382 1638 2476 1720 καὶ
2513 1638 2572 1718 ἐν
2753 1638 3088 1733 ὑγιαίνουσιν
3117 1638 3450 1756 ἦν.’Τοῦτον
3483 1655 3582 1726 μὲν
3608 1649 3710 1707 οὖν

2116 1760 2209 1813 τὸν
2241 1758 2441 1829 τρόπον
2464 1756 2526 1811 τὺ
2558 1755 2651 1810 τοῦ
2674 1754 2907 1825 σταυροῦ
2943 1753 3099 1821 ξύλον
3123 1745 3381 1823 ηὕρηται.
3429 1750 3492 1802 Ἦ
3524 1747 3582 1802 δὲ
3609 1745 3706 1799 τοῦ
3757 1787 3760 1791 .

431 1839 631 1893 mulier
653 1839 1012 1895 nihilominus
1051 1838 1107 1893 in
1150 1853 1366 1893 summo
1406 1838 1533 1893 vitae
1565 1837 1886 1892 discrimine
1934 1853 2020 1891 re-

2125 1824 2386 1923 βασιλέως
2436 1851 2652 1921 μήτηρ,
2706 1824 2854 1902 οἷκον
2908 1848 3007 1919 μὲν
3052 1847 3341 1915 εὐκτήριον
3391 1845 3450 1896 ἐν
3494 1839 3576 1910 τῷ
3606 1836 3706 1891 τοῦ

428 1930 651 1985 mansit.
680 1929 943 1985 Adhibita
965 1945 1098 1985 vero
1124 1929 1307 1994 tertia,
1332 1945 1456 1998 quae
1481 1944 1613 1983 vera
1644 1929 1861 1983 Domini
1885 1944 2022 1983 crux

430 2027 571 2086 erat,
598 2022 689 2075 illa
730 2020 789 2075 in
826 2022 950 2076 vitae
988 2020 1296 2090 mortisque
1328 2018 1568 2074 conﬁnio
1592 2019 1793 2090 posita,
1834 2020 2021 2095 statim

377 2113 381 2116 ’
430 2112 731 2176 convaluit,
775 2120 832 2166 et
866 2111 1164 2182 pristinum
1208 2111 1453 2181 vigorem
1499 2102 1872 2191 recuperavit,
1907 2109 2023 2167 Hoc

358 4356 380 4416 ς.

430 2205 601 2274 igitur
623 2204 788 2259 modo
812 2211 1096 2274 repertum
1119 2210 1204 2258 est
1240 2202 1423 2257 crucis
1443 2201 1673 2273 lignum.
1721 2200 2023 2271 Imperato-

429 2294 511 2350 ris
532 2302 717 2350 autem
740 2302 936 2360 mater,
974 2293 1030 2349 in
1054 2292 1175 2363 ipso
1201 2291 1422 2363 quidem
1459 2290 1699 2362 sepulcri
1736 2290 1857 2345 loco
1883 2297 2021 2345 tem-

429 2384 583 2454 plum
628 2383 979 2456 magniﬁcum
1012 2383 1302 2447 exstruxit,
1331 2389 1388 2436 et
1428 2381 1637 2436 Novam
1682 2380 2022 2441 Hierusalem

432 2476 858 2546 cognominavit,
883 2490 1048 2546 quam
1069 2490 1138 2530 ex
1159 2473 1392 2530 adverso
1418 2472 1621 2528 veteris
1653 2472 1803 2527 illius
1826 2486 1890 2527 ac
1920 2470 2016 2528 de-

433 2576 597 2623 sertae
622 2567 963 2623 condiderat.
988 2565 1097 2639 5.7
1136 2565 1333 2622 Crucis
1354 2581 1488 2620 vero
1510 2565 1822 2635 portionem
1856 2580 2024 2619 unam

432 2664 694 2728 argentea
717 2656 986 2712 inclusam
1013 2655 1192 2721 theca,
1220 2654 1290 2709 iis
1310 2656 1405 2726 qui
1430 2654 1612 2710 visere
1650 2669 1772 2709 eam
1798 2653 2022 2720 vellent,

435 2744 506 2801 ad
530 2753 855 2816 perpetuam
881 2744 1205 2800 memoriam
1224 2744 1331 2799 illic
1358 2744 1618 2815 reliquit;
1646 2745 1874 2798 alteram
1890 2759 2024 2799 vero

437 2836 510 2891 ad
536 2836 929 2907 imperatorem
964 2835 1134 2892 misit.
1172 2835 1345 2904 Quam
1391 2824 1483 2891 ille
1534 2850 1658 2890 cum
1701 2835 2021 2905 accepisset,

433 2942 538 2997 pro
560 2935 715 2982 certo
758 2928 967 2983 habens
1003 2926 1280 2984 civitatem
1321 2928 1470 2983 illam
1515 2934 1786 2998 perpetuo
1810 2926 2023 2982 incolu-

433 3031 582 3074 mem
631 3015 750 3072 fore
788 3017 843 3071 in
866 3033 975 3087 qua
1006 3017 1113 3072 hoc
1147 3016 1344 3088 pignus
1375 3022 1709 3083 servaretur,
1745 3016 1802 3070 in
1845 3022 2023 3072 statua

380 3156 385 3160 .
436 3124 537 3164 sua
561 3109 891 3175 recondidit,
938 3124 1060 3180 quae
1102 3107 1574 3187 ConstantinOpoli
1620 3107 1678 3162 in
1721 3106 1843 3163 foro
1875 3109 2024 3178 quod
2050 3162 2092 3218 ϐ

436 3201 782 3257 Constantini
805 3201 1029 3266 dicitur,
1054 3217 1220 3272 super
1236 3200 1443 3272 ingenti
1466 3200 1723 3254 columna
1744 3215 2024 3270 purpurea

436 3291 613 3367 posita
640 3299 743 3346 est.
770 3291 948 3361 Atque
980 3292 1087 3346 hoc
1122 3290 1347 3360 quidem
1389 3289 1674 3344 auditione
1717 3297 2026 3360 acceptum,

438 3384 571 3439 huic
590 3384 838 3440 historiae
861 3384 1090 3439 inserui.
1115 3382 1319 3439 Omnes
1342 3393 1524 3438 tamen
1563 3383 1739 3438 ferme
1773 3384 1867 3453 qui
1888 3382 2031 3438 Con-

439 3476 854 3546 stantinopolim
897 3475 1179 3541 incolunt,
1225 3475 1281 3530 id
1321 3490 1518 3529 verum
1562 3490 1683 3530 esse
1726 3474 2025 3530 aﬂirmant.

438 3566 637 3623 Clavos
658 3575 927 3638 praeterea
948 3566 1149 3637 quibus
1170 3564 1376 3621 Christi
1402 3581 1598 3621 manus
1622 3566 1775 3622 cruci
1812 3564 2034 3622 fuerant

441 3658 634 3724 διῆκε,
657 3674 783 3713 cum
822 3658 969 3713 idem
1008 3658 1310 3728 imperator
1337 3659 1635 3730 accepisset
1663 3657 1809 3730 (nam
1833 3666 1889 3713 et
1927 3657 2031 3714 hos

441 3750 499 3804 in
538 3757 900 3805 monumento
932 3759 1185 3820 repertos
1218 3758 1396 3806 mater
1440 3751 1510 3806 ad
1551 3751 1734 3820 ipsum
1757 3751 2026 3821 miserat),

441 3841 600 3897 frena
620 3856 687 3897 ex
710 3841 818 3898 illis
841 3850 898 3897 et
921 3841 1130 3914 galeam
1167 3842 1429 3898 fabricari
1445 3843 1642 3916 jussit;
1685 3843 1862 3912 iisque
1898 3858 2032 3899 usus

440 3954 528 4001 est
552 3944 609 4000 in
633 3945 797 4001 bello.
823 3945 1096 4002 ceterum
1133 3947 1442 4017 imperator
1489 3947 1714 4016 quidem
1741 3949 2029 4003 materiam

440 4054 657 4095 omnem
681 4039 750 4095 ad
771 4041 1240 4097 constructionem
1271 4040 1626 4096 ecclesiarum
1651 4039 1858 4095 affatim
1895 4041 2024 4095 sub-

441 4131 789 4189 ministravit.
818 4132 1049 4205 Scripsit
1069 4133 1237 4190 etiam
1263 4132 1332 4197 ad
1366 4133 1661 4188 Macarium
1705 4133 2026 4204 episcopum

2125 1946 2406 2015 μνήματος
2425 1942 2575 2012 τόπῳ
2601 1941 2864 2010 πολυτελῆ
2888 1937 3310 2000 κατεσκεύασεν,
3350 1932 3707 2006 Ἰερουσαλήμ
3727 2001 3743 2015 δ

2120 2055 2180 2090 τε
2215 2035 2357 2090 Νέαν
2388 2034 2465 2107 (5)
2514 2033 2891 2104 ἐπωνόμασεν,
2927 2028 3343 2100 ἀντιπρόσωπον
3377 2028 3444 2096 τῇ
3497 2022 3709 2092 παλαιᾷ

2121 2128 2308 2200 ἐκείνη
2342 2127 2438 2181 καὶ
2469 2122 2941 2194 καταλελειμμένῃ
2983 2121 3281 2189 ποιήσασα.
3314 2116 3421 2169 Τοῦ
3455 2115 3512 2168 δὲ
3541 2128 3708 2166 σταυ-

2127 2218 2242 2292 ροῦ,
2279 2218 2448 2291 μέρος
2475 2217 2578 2288 μέν
2606 2234 2661 2269 τι
2689 2215 2831 2287 θήκῃ
2857 2213 3076 2285 ἀργυρᾷ
3100 2208 3496 2281 περικλείσασα
3515 2245 3531 2270 ,
3567 2218 3707 2275 μνη-

2127 2311 2357 2382 μόσυνον
2392 2312 2504 2373 τοῖς
2549 2310 2782 2380 ἱστορεῖν
2805 2304 3169 2377 βουλομένοις,
3188 2301 3376 2356 αὐτόθι
3406 2298 3698 2353 κατέλιπε·

2122 2406 2184 2460 τὸ
2213 2406 2269 2459 δὲ
2302 2405 2487 2477 ἕτερον
2523 2403 2687 2475 μέρος
2752 2397 3070 2453 ἀποστέλλει
3105 2394 3186 2466 τῷ
3236 2392 3465 2464 βασιλεῖ.
3514 2389 3705 2459 Ὅπερ

2123 2497 2450 2569 δεξάμενος,
2496 2496 2591 2549 καὶ¹
2637 2491 2936 2555 πιστεύσας
2966 2487 3188 2552 τελείως
3225 2481 3567 2556 σωθήσεσθαι
3602 2480 3704 2549 τὴν

2127 2590 2283 2643 πόλιν
2321 2588 2449 2643 ἔνθα
2474 2588 2539 2643 ἂν
2575 2588 2751 2640 έκεῖνο
2788 2582 3142 2654 φυλάττηται,
3174 2577 3252 2649 τῷ
3280 2574 3474 2631 ἑαυτοῦ
3515 2573 3706 2645 ἀνδρι-

2126 2677 2246 2733 άντι
2258 2674 2621 2749 κατέκρυψεν,
2636 2672 2694 2738 ὃς
2711 2675 2766 2727 ὲν
2780 2674 2846 2745 τῇ
2864 2669 3006 2726 κατά
3021 2666 3428 2727 Κωνσταντίνου
3443 2660 3703 2732 mile/(4),

2127 2772 2184 2825 ἐν
2215 2773 2283 2842 τῇ
2332 2768 2694 2840 ἐπιλεγομένη
2747 2764 2930 2835 ἀγορᾷ
2981 2758 3424 2819 Κωνσταντίνου,
3469 2754 3564 2808 ἐπὶ
3610 2750 3707 2842 τοῦ

2127 2841 2410 2932 πορφυροῦ
2456 2857 2552 2912 καὶ
2603 2854 2840 2928 μεγάλου
2890 2852 3066 2913 κίονος
3109 2849 3338 2920 ἵδρυται,
3382 2843 3554 2898 Τοῦτο
3607 2841 3708 2912 μὲν

2125 2953 2262 3023 ἀκοῇ
2295 2948 2510 3023 γράψας
2533 2947 2660 3019 ἔχω.
2682 2947 2889 3009 Πάντες
2918 2942 2977 3003 δὲ
2999 2940 3183 3012 σχεδὸν
3210 2940 3258 2992 οἱ
3286 2937 3384 3009 τὴν
3415 2937 3733 2995 Κωνστανς,

2125 3043 2273 3098 τίνου
2308 3041 2463 3096 πόλιν
2492 3039 2799 3103 οἰκοῦντες,
2829 3035 3027 3109 ἀληθὲς
3065 3031 3204 3088 εἶναί
3236 3047 3388 3102 φασι.
3430 3028 3541 3082 Καὶ
3578 3027 3708 3092 τοὺς

2126 3135 2293 3206 ἥλους
2324 3133 2404 3196 δὲ,
2434 3132 2485 3186 οἳ
2518 3134 2640 3195 ταῖς
2676 3129 2835 3202 χερσὶ
2862 3126 2958 3182 τοῦ
2990 3122 3228 3198 Χριστοῦ
3257 3121 3413 3206 κατὰ.
3432 3120 3523 3174 τὸν
3552 3135 3711 3174 σταυ-

2130 3204 2219 3296 ρὸν
2242 3222 2605 3293 ὲνεπάγησαν,
2633 3222 2662 3274 ὁ
2688 3220 3097 3282 Κωνσταντῖνος
3126 3215 3308 3269 λαϐὼν
3335 3204 3449 3286 (κάι
3478 3210 3588 3282 γὰρ
3609 3211 3710 3264 καὶ.

2124 3314 2349 3379 τούτους
2376 3316 2411 3386 ή
2437 3314 2619 3386 μήτηρ
2647 3311 2798 3382 ἐντῷ
2824 3307 3317 3382 μνήματιεὺροῦσα
3339 3300 3704 3374 ἀπέστειλεν),

2127 3404 2379 3477 χαλινούς
2411 3422 2473 3458 τε
2500 3403 2597 3458 καὶ
2630 3402 3065 3477 περικεφαλαίαν
3090 3401 3354 3472 ποιήσας,
3381 3399 3438 3453 ὲν
3466 3397 3578 3458 τοῖς
3606 3412 3709 3447 ποευ

2128 3476 2314 3566 λέμοις
2344 3481 2952 3588 ἐκέχρητο.φῈχορήγει
2991 3476 3092 3563 μὲν
3120 3486 3213 3544 οὖν
3242 3489 3422 3550 πάσας
3450 3486 3549 3549 τὰς
3575 3484 3710 3588 ὕλας

2130 3589 2158 3641 ὁ
2217 3586 2468 3658 βασιλεὺς
2521 3587 2602 3648 εἰς
2640 3576 2747 3657 ’τὴν
2800 3583 3143 3654 κατασκευὴν
3196 3581 3305 3660 τῶν
3370 3576 3715 3649 ἐκκλησιῶν,

2131 3678 2379 3749 Ἐγραφε
2399 3677 2455 3731 δὲ
2489 3677 2583 3731 καὶ
2611 3675 2886 3748 Μακαρίῳ
2913 3675 2991 3747 τῷ
3022 3672 3325 3744 ὲπισκόπῳ,
3358 3668 3709 3725 ἐπισπεύδειν

2126 3769 2226 3834 τὰς
2259 3769 2565 3840 οἰκοδομάς.
2607 3769 2672 3822 Ἥ
2700 3770 2757 3823 δὲ
2786 3769 2881 3823 τοῦ
2914 3768 3178 3840 βασιλέως
3202 3768 3403 3837 μήτηρ,
3433 3763 3710 3833 ποιήσασα

2128 3863 2224 3934 τὴν
2247 3861 2392 3915 Νέαν
2425 3858 2901 3933 Ἱερουσαλὴμ,καὶ
2918 3860 2974 3913 ἐν
2997 3857 3076 3928 τῷ
3097 3857 3277 3929 ἄντρῳ
3305 3856 3407 3926 τῆς
3433 3854 3709 3926 Βηθλεὲμ,

2129 3953 2257 4008 ἔνθα
2300 3955 2333 4025 ἡ
2375 3952 2516 4007 κατά
2554 3952 2735 4024 σάρκα
2772 3953 3026 4023 γέννησις
3074 3949 3168 4003 τοῦ
3210 3946 3473 4021 Χριστοῦ,
3511 3946 3710 4017 ἑτέραν

2130 4044 2424 4115 ἐκκλησίαν
2453 4044 2550 4115 οὐχ
2580 4039 2741 4114 ἦττον
2768 4042 3170 4106 κατεσκεύαζεν
3195 4041 3295 4111 (5).
3326 4040 3400 4094 Ού
3437 4040 3543 4110 μὴν
3573 4037 3714 4092 ἀλλά

2135 4137 2228 4190 καὶ
2254 4139 2310 4190 ἐν
2344 4134 2424 4207 τῷ
2453 4134 2568 4206 ὄρει
2606 4138 2706 4206 τῆς
2734 4135 3073 4208 ἀναλήψεως.
3101 4133 3255 4192 Οὕτω
3289 4131 3344 4186 δὲ
3380 4126 3525 4202 εἶχεν
3552 4131 3714 4184 εύλα-

1634 4310 1919 4376 ὙΑΒΕΞΙΙ
1956 4321 2507 4379 ANNOTATIONES.

515 4426 999 4501 (5)»Ὶερουσαλὴμ
1019 4427 1665 4501 _1\’é¢_z_v_-.Desumpsit_haec
1685 4426 1949 4501 Socrates
1964 4445 2023 4501 ea

2136 4433 2379 4488 bendum
2434 4442 2520 4489 est
2576 4451 2587 4485 :

439 4496 669 4556 Eusebii
718 4498 865 4552 libro
908 4514 965 4551 Ill
1002 4496 1071 4552 de
1110 4498 1234 4568 Vita
1258 4496 1626 4560 Constantini,
1657 4513 1777 4568 cap.
1804 4498 1891 4553 55.
1919 4499 2028 4554 Sed

440 4572 707 4641 deceptus
729 4577 845 4641 est,
890 4584 1016 4641 cum
1063 4567 1398 4641 existimavit
1420 4568 1708 4641 ecclesiam
1727 4567 1882 4623 illam
1907 4584 2030 4638 quae

434 4637 598 4710 juxta
622 4638 938 4710 sepulcrum
981 4637 1197 4710 Domini
1240 4638 1326 4710 ab!
1356 4638 1580 4710 Helena,
1630 4653 1725 4692 seu
1758 4637 1959 4710 potius
2000 4655 2031 4693 a

439 4708 824 4772 Constantino,
851 4708 1125 4763 azdiﬁcata
1151 4716 1255 4771 est,
1285 4708 1489 4762 Novam
1518 4708 1863 4763 Hierusalem
1909 4725 2032 4764 esse

440 4781 787 4852 appellatam.
813 4779 1001 4852 Neque
1023 4778 1255 4852 enim__id
1297 4777 1431 4852 dicit
1456 4778 1760 4852 Eusebius;
1787 4777 1879 4832 sed
1897 4786 2033 4852 tau-

441 4847 561 4904 tum
606 4850 803 4905 alludit
826 4848 894 4903 ad
914 4847 1136 4904 ‘novam
1164 4847 1529 4912 Hierusalem,
1557 4849 1716 4917 cujus
1740 4849 1947 4903 mentio
1972 4847 2033 4905 fit

442 4921 497 4992 in
526 4919 1301 4992 Apocalypsiloannis.Vide
1321 4934 1444 4988 quae
1474 4918 1781 4992 notavi_ad_
1824 4918 2031 4992 dictum

440 4988 624 5047 locum
648 4988 893 5045 Eusebii.
923 4992 1095 5046 Porro
1121 4990 1270 5045 hunc
1288 4989 1471 5043 locum
1496 4988 1786 5043 emendavi
1810 5004 1877 5042 ex
1903 4988 2028 5042 Flo—

442 5061 663 5138 τρειιὶηο
687 5061 898 5138 codice,
925 5061 981 5114 in
1003 5076 1113 5138 quo
1155 5061 1228 5138 ita
1250 5060 1479 5138 _diserte
1507 5060 1789 5138 scribitur,
1829 5059 2028 5138 Ἰερου-

443 5132 628 5212 σαλήμ
654 5148 713 5212 τε
738 5132 885 5212 νέ-αν,
934 5138 993 5212 ut
1023 5128 1359 5212 jampridem
1388 5130 1600 5210 monuit
1624 5145 1710 5183 me
1758 5128 2029 5212 pcr‘litte-

441 5217 532 5256 ras
553 5199 733 5273 virpcl.
785 5199 1072 5273 Emericus
1096 5199 1361 5273 Bfgotius,
1386 5215 1513 5253 cum
1558 5200 1736 5270 ipsum
1782 5199 2029 5254 codicem

441 5271 773 5342 inspexisset
799 5271 1109 5342 Florentiae.

515 5338 589 5413 (Tt)
630 5340 926 5410 ’Ὃς-ἐντ’ιῇ
952 5341 1101 5394 κατὰ
1148 5339 1572 5401 Κωνστατίνου
1622 5339 1819 5395 πόλιν.
1878 5338 2027 5393 Scri-

2653 4433 2712 4495 δς
2762 4432 2819 4483 ὲν
2847 4432 2913 4501 τῇ
2958 4427 3100 4501 κατά
3141 4427 3715 4501 Κωνσταντινούπολιν

2138 4503 2501 4576 ἐπιλεγομένη
2553 4502 2729 4572 ἀγορᾷ
2778 4497 3211 4576 Κωνσταντίιρυ.
3249 4498 3325 4576 De
3386 4497 3489 4576 hac
3545 4513 3717 4566 porro

2128 4567 2849 4640 Constantini"statua'quze
2896 4586 3061 4640 super
3114 4567 3563 4640 Porpliyreticam
3614 4583 3714 4622 co-

2130 4649 2376 4702 lumnam
2402 4645 2459 4698 in
2486 4643 2605 4697 foro
2635 4637 2981 4697 Constantini
3007 4639 3183 4708 posita
3221 4637 3360 4701 erat,
3418 4637 3623 4708 mirum
3647 4652 3716 4691 ac

2130 4731 2272 4788 pene
2327 4713 2655 4788 incredibile
2711 4719 2796 4766 est
2851 4707 3234 4788 quod’.narrat
3284 4707 3713 4788 Pliilostorgius2

2131 4777 2250 4842 eam
2279 4802 2309 4840 a
2339 4784 2542 4855 populo
2588 4783 2718 4837 illuc
2739 4777 3063 4855 cum‘cereis
3095 4779 3456 4833 conveniente
3491 4777 3716 4855 adorari

2134 4846 2372 4928 solitarii.
2396 4846 2466 4928 _ld
2501 4850 3021 4928 tamentestimonio
3048 4864 3266 4928 quoque
3301 4864 3400 4928 suo
3424 4846 3719 4928 confirmat

2135 4926 2503 4981 Theodoritus
2565 4923 2621 4977 in
2674 4922 2821 4976 libro
2881 4916 3085 4989 primo'
3136 4916 3388 4989 Historiae
3449 4916 3719 4989 ecclesia-

2129 4998 2279 5051 stica
2312 5010 2433 5065 cap.
2476 4994 2697 5065 ultimo:
2735 4991 2800 5065 Et
2824 4986 3005 5065 ᾃέτις
3047 4989 3272 5065 enim;
3302 4988 3592 5065 §td7_:t3‘:5't',
3647 4986 3719 5065 τὰ

2129 5068 2224 5121 νῦν
2257 5056 2510 5136 περῖτὴν
2532 5063 2740 5115 ἐκείνου
2780 5060 2954 5136 θήκην
2986 5058 3081 5136 ira}
3108 5059 3199 5111 τὸν
3233 5057 3524 5136 ἀνδριάντα
3558 5056 3713 5124 γενό-

2134 5154 2279 5208 μενα
2313 5127 2545 5208 βλέπων,
2580 5127 3098 5208 πιστευσάσθωτοὲς
3132 5127 3571 5208 γεγραμμένοις.

2203 5206 2277 5275 (5)
2308 5195 2433 5273 Οὐχ
2474 5200 2657 5272 ἧττον
2695 5198 3146 5259 κατεσκεύαζεν.
3192 5195 3557 5255 seribeudum
3608 5203 3717 5261 est,

2137 5280 2237 5347 οὐχ
2270 5276 2486 5346 ἥττονα.

1895 5493 2255 5549 V'ARIORUM
2267 5535 2276 5546 .

440 5616 616 5673 currit
639 5615 782 5684 apud
805 5612 1126 5671 Eusebium,
1158 5605 1349 5684 inloco
1374 5610 1504 5663 huic
1530 5609 1810 5684 parallelo,
1841 5611 1936 5684 lib.
1965 5627 2022 5664 ιιι

439 5689 508 5741 de
535 5680 987 5747 \’itaConsta1tt.,
1014 5697 1133 5751 cap.
1162 5681 1251 5751 ‘28.
1283 5681 1483 5734 Verum
1526 5680 1765 5751 Cyrinus
1806 5683 2022 5751 episco-

460 5772 545 5809 )us
560 5753 1106 5825 llierosolymitanus,
1124 5750 1422 5825 quieodem
1447 5750 1644 5825 saeculo
1660 5751 1812 5825 vixit,
1835 5750 2023 5825 aperte

472 5834 678 5880 estatur
695 5821 902 5897 lignum
921 5824 1131 5880 Sanctae
1150 5821 1330 5881 crucis
1348 5821 1842 5892 imp.Constantiuo
1888 5821 2027 5877 divi-

2125 5611 2279 5664 nitus
2310 5617 2593 5661 ostensum
2620 5647 2633 5670 ,
2685 5607 2740 5661 in
2765 5607 2993 5677 epistola
3019 5606 3084 5661 ad
3106 5604 3284 5677 lilium
3298 5603 3421 5677 _ejus
3444 5603 3724 5677 Constant-

2126 5681 2295 5744 tium;
2326 5679 2455 5732 item
2487 5677 2542 5730 in
2561 5674 2834 5733 catechesi
2865 5678 2933 5731 de
2959 5677 3079 5744 ejus
3104 5674 3420 5744 inventione
3444 5675 3713 5743 loquitur,

2130 5743 2365 5804 utdere
2404 5748 2660 5803 omnibus
2683 5756 2831 5802 nota.
2858 5746 3123 5817 Quocirca
3169 5744 3238 5798 de
3283 5743 3525 5798 historia:
3552 5745 3722 5817 hujus

2143 5821 2247 5875 lidc
2280 5819 2518 5876 dubitari
2546 5835 2651 5875 non
2676 5827 2877 5890 potest.
2907 5817 2989 5871 W.
3020 5816 3234 5869 Lowm.
