4050 6348
409 361 517 418 1‘25

1861 365 2201 423 SCCRATIS

3590 354 3698 409 19.4

406 485 566 556 cujus
587 485 848 555 praesidio
875 495 1026 543 tutus
1056 489 1259 560 ubique
1281 499 1402 545 erat
1425 489 1840 553 Constantinus,
1867 495 2000 541 tunc

2108 481 2397 553 ἐκκλησίας
2445 477 2619 534 ἐποίει
2648 495 2662 511 ο
2712 478 2810 532 καὶ
2854 477 2986 549 μίαν
3038 477 3138 548 μὲν
3187 476 3248 531 ἐν
3281 475 3348 547 τῇ
3385 475 3696 547 καλουμένῃ

407 577 646 646 primum
674 578 911 648 amplexi
935 580 1064 635 sint.
1081 581 1200 652 Ipse
1223 597 1354 636 vero
1375 583 1512 636 alias
1533 595 1725 636 rursus
1739 578 2005 634 ecclesias

407 668 734 723 mdiﬁeavit:
769 679 827 726 et
863 687 1028 726 unam
1063 673 1282 742 quidem
1323 673 1391 728 ad
1431 688 1698 744 quercum
1735 671 2000 735 Mambre,

409 761 514 814 sub
542 776 650 830 qua
673 763 894 832 angelos
918 763 1156 834 bOSpitio
1181 773 1440 836 exceptos
1466 765 1536 820 ab
1573 764 1892 819 Abrahamo
1915 763 2003 818 di-

407 848 536 902 vina
567 857 837 904 testantur
857 853 1148 916 oracula",
1169 855 1494 908 construxit.
1513 853 1652 909 Cum
1676 853 1825 908 enim
1849 867 2004 907 com-

409 939 646 1010 perisset
684 956 808 995 aras
843 941 946 996 sub
986 957 1051 996 ea
1075 959 1283 1012 quercu
1318 947 1528 1014 positas
1559 961 1702 1010 esse,
1727 952 1785 1000 et
1823 945 2006 1016 genti-

414 1030 548 1084 lium
591 1030 701 1084 ritu
739 1031 850 1086 illic
885 1032 1152 1088 sacriﬁcia
1192 1036 1418 1106 peragi,
1457 1036 1754 1092 Eusebium
1781 1037 2006 1106 quidem

413 1119 802 1177 Cmsariensem
822 1123 1140 1194 episcopum
1187 1128 1431 1196 graviter
1454 1143 1554 1198 per
1575 1129 1794 1183 litteras
1815 1143 2008 1199 repre-

415 1210 648 1266 hendit:
685 1228 834 1268 aram
872 1231 1006 1270 vero
1043 1215 1218 1287 ipsam
1255 1218 1580 1284 disturbari,
1613 1228 1672 1274 et
1714 1220 2006 1275 ecclesiam

405 1301 560 1373 juxta
585 1318 851 1374 quercum
879 1305 1138 1362 fabricari
1162 1309 1352 1380 jussit.
1381 1309 1626 1365 Alteram
1655 1325 1788 1366 vero
1827 1311 2006 1366 eccle-

411 1393 548 1448 siam
596 1394 867 1466 Heliopoli
917 1398 974 1453 in
1022 1400 1285 1456 thnice
1329 1403 1577 1458 construi
1621 1403 1884 1472 praecepit
1934 1403 2006 1458 ob

412 1484 730 1555 huiusmodi
753 1505 998 1546 causam.
1026 1492 1370 1564 lleliopolitae
1392 1510 1556 1564 quem
1579 1495 1712 1552 olim
1735 1495 2010 1565 Iegislato—

414 1591 530 1630 rem
560 1577 878 1646 habuerint,
905 1590 962 1637 et
987 1585 1296 1654 cujusmodi
1327 1587 1576 1642 moribus
1602 1586 1650 1642 is
1670 1586 1838 1642 fuerit
1863 1603 2006 1656 prae-

413 1667 594 1734 ditus,
640 1673 894 1742 equidem
937 1691 1050 1730 non
1096 1692 1321 1746 possum
1368 1679 1553 1734 dicere
1582 1697 1596 1734 :
1625 1695 1816 1736 verum
1859 1680 2008 1736 illius

413 1771 598 1813 mores
621 1760 818 1817 civitas
843 1763 958 1832 ipsa
983 1765 1118 1819 satis
1152 1767 1410 1822 ostendit.
1437 1767 1649 1839 Quippe
1685 1769 1832 1838 apud
1885 1769 2008 1825 illos

413 1845 504 1901 lex
538 1849 716 1918 patria
751 1851 912 1920 jubet
946 1869 1148 1910 uxores
1189 1871 1510 1912 communes
1543 1874 1684 1913 esse.
1712 1858 1894 1925 Quam
1935 1860 2007 1914 ob

417 1950 638 1991 causam
663 1939 856 1995 incerti
876 1943 1020 2012 apud
1045 1959 1139 1998 eos
1156 1951 1314 1999 erant
1338 1945 1519 2001 liberi.
1539 1947 1836 2003 Parentum
1857 1949 2020 2004 enim‘

417 2040 484 2081 ac
502 2027 801 2084 liberorum
826 2032 977 2086 nulla
1003 2040 1120 2088 erat
1144 2034 1445 2091 distinctio.
1471 2037 1727 2108 Virgines
1749 2054 1880 2094 vero
1903 2038 2007 2094 ho-

417 2120 654 2190 spitibus
702 2125 796 2192 qui
833 2124 900 2178 ad
935 2124 1083 2195 ipsos
1105 2135 1392 2194 venerant,
1425 2131 1861 2200 constuprandas
1902 2139 2010 2186 tra-

417 2208 642 2264 debant.
678 2211 794 2267 Hoc
835 2213 1174 2282 institutum,
1209 2217 1356 2286 quod
1400 2217 1470 2272 ab
1505 2218 1698 2273 ultima
1735 2227 2008 2276 vetustate

417 2301 566 2369 apud
611 2301 734 2358 illos
777 2304 1116 2370 obtinuerat,
1165 2307 1468 2377 imperator
1508 2309 1731 2365 abolere
1771 2311 2004 2366 studuit.

419 2389 648 2446 Sublato
673 2394 820 2448 enim
857 2411 956 2465 per
994 2398 1282 2454 honestam
1317 2401 1492 2472 legem
1525 2403 1850 2474 turpissima:
1871 2419 2006 2459 con-

419 2483 733 2540 suetudinis
775 2485 988 2558 ﬂagitio
1008 2529 1022 2554 ,
1057 2489 1110 2544 id
1136 2490 1370 2560 perfecit
1391 2499 1453 2546 ut
1475 2493 1682 2563 seipsas
1707 2509 2006 2566 cognosce-

417 2583 540 2630 rent
572 2577 810 2634 familiae.
851 2581 1112 2638 Ecclesiis
1144 2592 1408 2652 praeterea
1446 2585 1749 2651 mdiﬁcatis,
1788 2588 2005 2658 episco-

417 2687 547 2742 pum
609 2673 718 2730 illic
781 2675 1060 2742 ordinari,
1105 2685 1161 2731 et
1215 2693 1434 2734 sacrum
1487 2680 1696 2734 clerum
1742 2681 2005 2736 constitui

416 2763 648 2818 curavit.
670 2763 731 2820 In
749 2766 910 2830 ,hunc
943 2767 1165 2820 modum
1203 2767 1502 2837 imperator
1552 2769 2006 2840 Heliopolitarum

417 2866 600 2908 mores
645 2869 712 2908 ex
765 2855 1018 2924 pessimis
1089 2857 1452 2914 modestiores
1503 2859 1763 2914 reddidit.
1825 2859 2000 2916 Simili

417 2944 629 3000 ratione
683 2945 974 3002 delubrum
1033 2949 1265 3004 Veneris
1333 2951 1388 3004 in
1441 2943 1680 3021 Aphacis
1720 2953 1789 3008 ad
1827 2957 2004 3008 'mon-

418 3042 526 3088 tem
553 3035 818 3092 Libanum
846 3039 1164 3106 demolitus,
1190 3041 1426 3096 nefanda
1459 3060 1581 3112 quae
1607 3045 1720 3099 illic
1745 3047 2004 3101 commit-

2105 573 2227 646 δρυῒ
2258 576 2324 646 τῇ
2344 571 2610 644 Μαμϐρῇ,
2638 571 2956 670 arpi-ipset);
2979 569 3242 670 ἀγγέλους
3259 567 3526 634 ἐξενίσθαι
3551 569 3696 670 πρὸς
3729 553 3748 670 ’⁸

2104 661 2198 716 τοῦ
2240 663 2488 734 Ἀϐραὰμ
2526 662 2576 714 οἱ
2611 659 2746 730 ἱεροὶ
2773 659 2922 727 λόγοι
2969 657 3266 730 μηνύουσι.
3299 655 3693 720 κατεσκεύαζε.
3729 655 3737 704 ἱ

2106 755 2308 821 Μαθὼν
2337 756 2444 826 γὰρ
2463 757 2491 808 ὁ
2519 753 2771 826 βασιλεὺς
2795 751 3012 823 βωμοὺς
3039 752 3143 805 ὑπὸ
3165 753 3230 822 τῇ
3261 749 3384 822 δρυῒ
3422 747 3692 820 ίδρύσθαι,
3730 753 3738 807 l

2107 847 2200 901 καὶ
2233 847 2422 910 θυσίας
2465 845 2779 918 Ἑλληνικὰς
2797 843 3066 898 τελεῖσθαι
3097 843 3182 896 ἐπ’
3207 841 3374 913 αὐτῷ,
3420 841 3696 913 μέμφεται

2113 939 2216 1010 μέν
2247 939 2315 994 δι’
2343 938 2632 1008 ἐπιστολῆς
2685 935 2930 1008 Εὑσεόίῳ
2960 933 3039 1006 τῷ
3075 935 3174 1004 τῆς
3203 932 3540 1004 Καισαρείας
3569 933 3692 985 ἐπι-

2096 1031 2335 1102 .σκόπῳ·
2380 1030 2594 1084 κελεύει
2633 1029 2726 1095 δέ,
2754 1027 2845 1082 τὸν
2886 1026 2986 1098 μὲν
3039 1025 3222 1096 βωμὸν
3273 1025 3685 1098 ἀνατραπῆναι·

2107 1121 2244 1192 πρὸς
2269 1121 2328 1174 δὲ
2354 1121 2452 1192 τὴν
2479 1121 2610 1192 δρῦν
2638 1119 3154 1190 κατασκευασθῆναι
3179 1113 3328 1172 οἶκον
3373 1117 3688 1188 εύκτήριον.

2119 1211 2344 1284 Ἑτέραν
2377 1213 2434 1266 δὲ
2476 1211 2770 1283 ἐκκλησίαν
2799 1212 2858 1264 ἐν
2891 1209 3072 1264 Ἠλίου
3119 1208 3270 1262 πόλει
3310 1210 3410 1280 τῆς
3443 1207 3696 1278 Φοινίκης

2108 1302 2616 1375 κατασκευασθῆναι
2645 1300 2974 1374 προσέταξε,
3013 1300 3079 1354 δι’
3103 1299 3282 1353 αίτίαν
3302 1298 3560 1369 τοιαύτην
3591 1315 3606 1330 ·
3636 1298 3688 1352 οἱ

2120 1394 2302 1449 Ἠλίου
2337 1393 2569 1458 πολῖται,
2609 1391 2732 1447 τίνα
2773 1391 2872 1462 μὲν
2903 1391 3059 1462 ἐσχον
3099 1389 3159 1455 ἐξ
3191 1389 3364 1461 ἀρχῆς
3397 1387 3694 1462 νομοθέτην

2107 1487 2209 1540 οὐκ
2238 1485 2346 1558 ἔχω
2373 1487 2570 1548 είπείν,
2605 1487 2788 1548 ὁποῖος
2813 1479 2878 1556 ἦν
2904 1483 2964 1537 τὸ
2988 1479 3122 1554 ἦθος
3141 1499 3154 1514 ο
3175 1481 3237 1536 τὸ
3254 1481 3312 1535 δὲ
3345 1476 3475 1552 ἦθος
3502 1481 3566 1535 ἐκ
3592 1481 3694 1552 τῆς

2112 1577 2326 1640 πόλεως
2356 1576 2653 1635 δείκνυται,
2682 1575 2884 1638 Κοινὰς
2917 1574 3025 1645 γὰρ
3053 1569 3191 1628 εἶναι
3215 1574 3348 1646 παρ’
3380 1574 3562 1636 αὐτοῖς
3595 1573 3696 1638 τὰς

2108 1671 2372 1738 γυναῖκας
2428 1668 2692 1740 ἐγχώριος
2736 1667 2900 1739 νόμος
2952 1665 3190 1721 ἐκέλευε,
3243 1665 3355 1720 Καὶ
3375 1665 3462 1720 διὰ
3497 1664 3692 1731 τοῦτο,

2110 1759 2391 1830 ἀμφίϐολα
2417 1758 2514 1829 μὲν
2545 1753 2612 1830 ἦν
2642 1757 2774 1829 παρ’
2815 1757 2998 1820 αὐτοῖς
3025 1755 3096 1810 τὰ
3133 1756 3448 1826 τικτόμενα.
3484 1755 3694 1810 Γονέων

2111 1852 2226 1924 γὰρ
2254 1853 2348 1906 καὶ
2375 1852 2580 1905 τέκνων
2602 1849 2825 1920 οὐδεμία
2853 1848 3121 1920 διάκρισις
3144 1844 3233 1920 ἦν.
3274 1849 3386 1912 Τὰς
3411 1847 3466 1901 δέ
3490 1847 3696 1918 παρθέ-

2110 1960 2234 2006 νους
2268 1946 2380 2008 τοῖς
2413 1942 2670 2014 παριοῦσι
2710 1939 2785 2012 (9)
2824 1939 2992 2005 ξένοις
3017 1941 3276 2010 παρεῖχον
3309 1937 3692 2010 πορνεύεσθαι.

2110 2037 2222 2090 Καὶ
2252 2035 2410 2089 τοῦτο
2457 2033 2518 2100 ἐξ
2548 2032 2777 2105 ἀρχαίου
2815 2030 3052 2104 κρατοῦν
3089 2031 3218 2103 παρ’
3269 2031 3452 2093 αὐτοῖς
3475 2069 3488 2091 ,
3529 2029 3695 2083 λῦσαι

2108 2129 2427 2182 ἐσπούδασε.
2461 2127 2631 2198 Νόμῳ
2681 2126 2790 2196 γὰρ
2839 2124 3024 2196 σεμνῷ
3061 2125 3169 2178 τῶν
3213 2123 3454 2194 αἰσχρῶν
3485 2121 3695 2176 ἀνελὼν

2107 2221 2167 2275 τδ
2195 2220 2469 2293 μῦσος,τὰ
2487 2218 2618 2290 γένη
2651 2218 2818 2272 ἑαυτὰ
2847 2215 3228 2288 ἐπιγινώσκειν
3255 2213 3691 2286 παρεσκεύασεν.

2118 2311 2445 2383 Ἐκκλησίας
2470 2328 2529 2365 τε
2559 2309 2771 2373 κτίσας,
2807 2310 2900 2363 καὶ
2925 2307 3222 2362 ἐπίσκοπον
3249 2305 3695 2378 χειροτονηθῆναι

2108 2401 2502 2474 παρεσκεύασε,
2537 2401 2630 2456 καὶ
2660 2401 2864 2472 κλῆρον
2905 2400 3070 2472 ἱερόν.
3106 2399 3263 2454 Οὕτω
3291 2397 3360 2452 τὰ
3408 2397 3695 2452 Ἥλιουποο

2107 2493 2268 2547 λιτῶν
2315 2493 2462 2547 κακὰ
2499 2491 2835 2564 μετριώτερα
2877 2491 3270 2562 ἀπειργάσατο.
3317 2489 3694 2562 Παραπλησίῳ

2105 2584 2162 2636 δέ
2194 2585 2382 2656 τρόπῳ
2409 2583 2502 2638 καὶ
2541 2583 2602 2637 τὸ
2627 2584 2682 2637 ἐν
2729 2581 2989 2652 ’Λφάκοις
3016 2581 3108 2636 τοῦ
3149 2581 3381 2636 Λιϐάνου
3417 2581 3560 2653 ἱερὸν
3589 2579 3696 2650 τῆς

2118 2673 2436 2747 Ἀφροδίτης
2479 2673 2752 2741 καθελὼν,
2785 2674 2886 2737 τὰς
2931 2677 3046 2728 ἐκεῖ
3090 2674 3418 2746 γιγνομένας
3466 2671 3694 2742 ἀναίδην

2104 2767 2496 2840 ἀῤῥητοποιῒας
2524 2766 2770 2837 ἐξέκοψε.
2817 2767 2883 2819 Τί
2911 2765 2956 2820 δ’
2986 2765 3052 2820 ἂν
3086 2767 3313 2838 εἴποιμι,
3343 2766 3489 2829 ὅπως
3516 2764 3606 2818 τὸν
3633 2765 3695 2819 ἐν

2104 2857 2328 2930 Κιλικίᾳ
2374 2857 2688 2912 Πυθωνικὺν
2725 2857 2954 2930 ἐξήλασε
2979 2855 3232 2928 δαίμονα,
3259 2858 3350 2911 τὸν
3377 2853 3524 2911 οἶκον
3561 2857 3619 2910 ἐν
3645 2849 3695 2926 ᾧ

2104 2951 2456 3022 ἐνεφώλευεν,
2478 2954 2541 3006 ἐκ
2560 2951 2824 3023 θεμελίων
2843 2949 3222 3023 ἀνατραπῆναι
3245 2949 3526 3016 κελεύσαςς
3551 2949 3694 3002 Τοσ-

2103 3043 2260 3106 οῦτος
2289 3043 2344 3094 δὲ
2375 3039 2442 3114 ἦν
2471 3045 2500 3096 ὁ
2537 3042 2628 3095 τοῦ
2662 3041 2936 3112 βασιλέως
2973 3042 3102 3113 περὶ
3141 3041 3232 3094 τὸν
3263 3039 3693 3112 Χριστιανισμδν

417 3127 674 3183 tcbantur
700 3129 900 3200 flagitia
926 3133 1147 3202 penitus
1169 3136 1513 3204 exstirpavit.
1533 3134 1672 3202 Quid
1698 3152 1830 3192 vero
1856 3153 2006 3192 com-

2108 3131 2290 3194 πίθος,
2318 3131 2392 3195 ὼς
2413 3131 2507 3184 καὶ
2524 3129 2793 3202 Περσικοῦ
2828 3129 3113 3202 μέλλοντος
3137 3128 3400 3183 κινεῖσθαι
3430 3128 3688 3199 πολέμου,

415 3234 736 3286 memorem,
788 3225 1252 3292 quemadmodum
1293 3226 1655 3298 Pythoaicum
1700 3229 2004 3286 daemonem

416 3309 474 3364 in
495 3309 681 3366 Cilicia
707 3313 946 3384 fugavit,
973 3315 1089 3370 aede
1115 3317 1170 3370 in
1203 3333 1312 3386 qua
1348 3317 1438 3373 ille
1475 3317 1851 3388 delitescebat,
1879 3323 2004 3378 fun-

327 3453 336 3460 .
416 3396 565 3458 ditu's
586 3404 762 3458 everti
793 3405 986 3473 jussa?
1013 3405 1222 3461 Tantus
1263 3421 1430 3476 porro
1453 3408 1508 3462 in
1545 3409 1640 3465 illo
1665 3420 1783 3466 erat
1803 3415 2008 3469 amoris

417 3493 582 3548 ardor
603 3509 732 3564 erga
752 3493 960 3550 Christi
986 3496 1334 3567 religionem,
1360 3507 1421 3554 ut
1443 3515 1568 3555 cum
1592 3502 1797 3557 bellum
1821 3505 2007 3560 Persi-

419 3599 547 3640 cum
574 3585 908 3652 immineret,
926 3588 1340 3644 tabernaculum
1367 3593 1434 3646 ad
1460 3594 1634 3648 instar
1649 3596 1914 3664 ecclesim,
1941 3615 2008 3654 ex

419 3673 531 3746 59
545 3675 714 3730 variis
732 3676 1000 3748 pictisque
1017 3679 1151 3735 velis
1162 3680 1357 3736 confici
1371 3683 1617 3754 jusserit,
1637 3685 1781 3741 sicut
1797 3687 2009 3760 Moyses

421 3767 551 3822 olim
569 3769 624 3822 in
641 3769 937 3826 solitudine
959 3771 1164 3827 fecerat
1191 3813 1206 3839 ,
1234 3781 1400 3844 atque
1427 3775 1564 3830 illud
1588 3792 1773 3832 secum
1799 3779 2008 3848 portari

421 3859 692 3926 voluerit,
710 3869 774 3916 ut
796 3862 852 3917 in
877 3863 1014 3919 locis
1035 3865 1200 3920 etiam
1225 3865 1617 3922 desertissimis
1638 3877 1890 3939 paratum
1913 3871 2008 3926 ha-

421 3950 582 4007 beret
618 3955 940 4010 oratorium.
983 3955 1092 4012 Sed
1133 3957 1338 4013 bellum
1382 3975 1450 4014 eo
1491 3961 1712 4030 quidem
1762 3969 2008 4032 tempore

422 4041 654 4098 ulterius
676 4059 789 4099 non
827 4047 1114 4115 processit.
1142 4047 1338 4103 Statim
1361 4051 1510 4104 enim
1545 4052 1874 4107 exstinctum
1901 4060 2005 4120 est,

420 4131 492 4186 ob
527 4143 733 4190 metum
767 4152 929 4205 quem
971 4138 1155 4194 Persis
1192 4140 1492 4210 imperator
1527 4143 1852 4200 incusserat.
1886 4147 2007 4202 Jam

419 4237 553 4278 vero
592 4225 739 4294 quod
781 4225 836 4280 in
879 4229 1184 4284 condendis
1229 4231 1395 4285 etiam
1442 4233 1676 4288 urbibus
1710 4235 2006 4304 plurimum

422 4313 590 4367 studii
611 4315 878 4384 posuerit,
897 4325 951 4371 et
967 4319 1430 4387 quemadmodum
1447 4337 1512 4376 ex
1529 4324 1854 4392 quibusdam
1873 4327 2009 4384 vicis

284 4457 294 4464 .
347 4459 356 4480 ,_
423 4407 677 4462 civitates
713 4408 983 4476 effecerit,
1007 4418 1068 4464 ut
1100 4411 1409 4482 Drepanem
1435 4429 1503 4469 ex
1532 4415 1726 4471 matris
1761 4419 2004 4484 nomine,

2109 3225 2522 3285 κατασκευάσας
2549 3224 2754 3295 σκηνὴν
2781 3225 2845 3278 ἐκ
2871 3223 3122 3288 ποικίλης
3145 3221 3354 3288 ὀθόνης,
3397 3219 3690 3289 ἐκκλησίας

2106 3319 2274 3372 τύπον
2319 3317 2723 3379 ἀποτελοῦσαν,
2773 3315 2964 3387 ὥσπερ
3002 3315 3246 3384 Μωῦσῆς
3275 3316 3330 3367 ἐν
3376 3315 3442 3383 τῇ
3495 3313 3692 3384 ἐρήμῳ

2111 3411 2423 3480 πεποιήκει,
2468 3409 2564 3463 καὶ
2590 3407 2794 3478 ταύτην
2825 3405 3110 3479 φέρεσθαι,
3143 3407 3228 3460 ἵνα
3256 3405 3366 3476 ἔχοι
3403 3403 3544 3458 κατὰ
3563 3405 3694 3468 τοὺς

2109 3501 2478 3572 ἐρημοτάτους
2509 3499 2706 3563 τόπους
2735 3499 3020 3570 εὐκτήριον
3053 3496 3503 3568 ηὑτρεπισμένον.
3551 3495 3693 3548 ’Λλλ’

2107 3595 2169 3646 οὗ
2209 3593 2414 3666 προέϐη
2435 3592 2558 3646 τότε
2598 3593 2626 3644 ὁ
2657 3590 2909 3662 πόλεμος·
2958 3589 3094 3662 ἔφθη
3128 3591 3236 3662 γὰρ
3275 3589 3382 3642 δέει
3410 3587 3504 3642 τοῦ
3535 3587 3697 3658 βασι-

2107 3684 2245 3746 λέως
2295 3682 2604 3754 σϐεσθῆναι.
2640 3683 2759 3736 ’Ότι
2787 3681 2845 3736 δὲ
2895 3682 2988 3735 καὶ
3037 3681 3167 3752 περὶ
3206 3681 3268 3734 τὸ
3300 3678 3560 3751 ἀνορθοῦν
3593 3677 3698 3743 τὰς

2113 3775 2292 3839 πόλεις
2323 3774 2606 3838 σπουδαῖος
2653 3769 2723 3844 ἦν
2759 3775 2787 3826 ὁ
2832 3772 3108 3844 βασιλεὺς,
3164 3771 3259 3825 καὶ
3300 3772 3450 3835 ὅπως
3498 3769 3698 3843 κώμας

2111 3865 2328 3928 πολλὰς,
2352 3865 2535 3929 πόλεις
2553 3863 2856 3929 ἀπέδειξεν,
2877 3863 2952 3926 ὡς
2969 3863 3066 3934 τὴν
3082 3863 3386 3935 Δρεπάνην,
3406 3861 3700 3933 ἐπώνυμον
3759 3863 3762 3866 ’

2107 3953 2207 4025 τῆς
2245 3953 2471 4025 μητρὸς,
2506 3953 2602 4007 καὶ
2648 3955 2707 4007 ἐν
2767 3953 3104 4026 Παλαιστίνῃ
3151 3953 3556 4018 Κωνσταντίαν,
3605 3953 3698 4006 ἐπ’

2109 4045 2331 4116 ὀνόματι
2403 4043 2506 4116 τῆς
2576 4042 2769 4099 ἐαυτοῦ
2830 4043 3062 4113 ἀδελφῆς
3116 4043 3528 4108 Κωνσταντίας,
3593 4045 3701 4098 οὒκ

2110 4135 2364 4208 εὔκαιρον
2395 4135 2636 4208 ἡγοῦμαι
2678 4135 2932 4208 γράφειν.
2980 4137 3056 4188 Ού
3112 4135 3218 4206 γὰρ
3271 4135 3556 4207 πρόκειται
3595 4135 3700 4200 τὰς

2111 4227 2340 4299 πράξεις
2371 4227 2464 4282 τοῦ
2519 4227 2782 4298 βασιλέως
2830 4227 3102 4298 ἀριθμεῖν,
3137 4228 3218 4280 ὅτι
3273 4226 3348 4299 μὴ
3393 4228 3512 4281 ὅσαι
3557 4227 3703 4299 πρὸς

2109 4315 2542 4386 Χριστιανισμὺν
2575 4314 2930 4388 ἀρμόζουσιν,
2951 4315 3064 4370 ἀλλ’
3085 4317 3204 4370 ὅσαι
3246 4319 3404 4386 μόνον
3437 4317 3564 4388 περὶ
3593 4320 3701 4382 τὰς

2111 4407 2407 4478 ἐκκλησίας
2435 4407 2699 4476 ἐγένοντο.
2750 4407 2842 4460 Διὸ
2866 4405 2933 4460 τὰ
2979 4409 3378 4479 κατορθώματα
3411 4408 3503 4462 τοῦ
3535 4407 3700 4479 βασι-

423 4497 558 4552 etin
577 4498 865 4554 Palmstina
888 4499 1266 4556 Constantiam
1284 4518 1352 4556 ex
1377 4504 1583 4560 sororis
1607 4521 1719 4560 sua:
1740 4508 2006 4562 vocabulo

2109 4497 2248 4561 λέως
2310 4498 2502 4570 ἐτέρας
2564 4498 2874 4563 ὑποθέσεως
2925 4499 3093 4563 ὄντα,
3153 4501 3288 4565 ἰδίας
3345 4519 3405 4554 τε
3463 4502 3701 4572 δεόμενα

379 4591 730 4663 .jappellarit,
772 4593 1216 4663 intempestivum
1251 4595 1492 4650 arbitror
1515 4597 1607 4652 hic
1642 4597 1868 4654 referre.
1897 4601 2009 4656 Νοι-

426 4694 530 4748 que
552 4678 700 4734 enim
733 4681 894 4736 nobis
916 4683 1257 4752 propositum
1297 4693 1384 4740 est
1433 4701 1520 4741 res
1553 4695 1735 4757 gestas
1770 4688 2009 4760 impera-

425 4769 562 4824 toris
605 4786 800 4826 omnc-s
852 4788 1174 4838 recensere,
1221 4775 1316 4830 sed
1363 4791 1460 4831 eas
1506 4784 1716 4832 tantum
1773 4796 1894 4850 qua:
1939 4782 2008 4835 ad

384 4835 406 4952 ἶ
421 4861 628 4918 Christi
653 4864 971 4935 religionem
996 4868 1296 4936 pertinent,
1325 4875 1382 4923 ct
1403 4869 1678 4940 prmcipue
1703 4887 1824 4941 qua:
1863 4873 2007 4929 circa

421 4954 682 5011 ecclesias
715 4957 1084 5027 contigerunt.
1108 4958 1344 5015 Proinde
1372 4961 1630 5030 prmclara
1660 4961 2008 5032 imperatoris

421 5045 699 5111 facinora,
738 5048 939 5120 quippe
972 5066 1094 5121 qum
1144 5051 1373 5106 alterius
1419 5052 1530 5106 sint
1571 5055 1912 5124 argumenti,
1951 5063 2008 5110 et

422 5138 707 5215 proprium
755 5156 894 5210 opus
933 5141 1270 5208 desiderent,
1310 5145 1435 5200 aliis
1483 5146 1756 5216 relinquo,
1805 5147 1899 5216 qui
1943 5163 2008 5202 ea

423 5229 710 5286 commode
747 5241 979 5300 possunt
1007 5233 1371 5302 perscribere.
1397 5235 1510 5305 Ego
1535 5252 1689 5300 vero,
1713 5235 1760 5290 si
1783 5235 2008 5306 quidem

423 5321 667 5377 Ecciesia
684 5337 880 5393 expers
895 5324 1182 5380 seditionis
1197 5341 1262 5381 ac
1282 5327 1570 5383 discordiae
1581 5322 1996 5398 permansisset,

425 5407 540 5479 ipse
561 5426 780 5481 quoque
803 5411 1023 5482 penitus
1044 5413 1450 5471 conticuissem.
1475 5414 1688 5486 Quippe
1711 5415 1806 5470 ubi
1830 5430 1998 5486 argu-

495 5527 541 5560 ¹⁰
564 5526 702 5586 Gen.
732 5544 883 5596 xvtn,
919 5529 944 5582 1
981 5543 1101 5600 sqq.

2107 4591 2510 4661 πραγματείας,
2552 4591 2758 4662 ἑτέροις
2801 4591 3024 4662 ἀφίημι,
3051 4594 3162 4654 τοῖς
3206 4593 3272 4646 τὰ
3305 4593 3528 4646 τοιαῦτα
3563 4611 3704 4664 συγ-

2106 4683 2338 4752 γράφειν
2379 4682 2720 4752 δυναμένοις·
2775 4683 2886 4753 ἐγὼ
2934 4684 3013 4748 δέ,
3070 4687 3117 4738 εί
3170 4684 3268 4755 μὲν
3316 4686 3622 4755 ἀδιαίρετος
3662 4689 3699 4756 ὴ

2106 4771 2374 4844 ἐκκλησία
2427 4774 2765 4844 μεμενήκει,
2817 4775 2910 4828 καὶ
2948 4774 3110 4840 αὐτὸς
3141 4777 3368 4848 ἡσυχίαν
3421 4776 3487 4830 ἂν
3531 4773 3699 4847 ἦγον.

2111 4866 2285 4918 Ὅπου
2311 4865 2416 4935 γὰρ
2445 4865 2699 4930 ὑπόθεσις
2721 4866 2795 4939 μὴ
2811 4870 3036 4938 χορηγεί
3055 4869 3123 4922 τὰ
3141 4871 3420 4939 γινόμενα,
3441 4889 3505 4923 πε
3513 4875 3701 4940 pit-rb;

2106 4958 2134 5010 ό
2153 4955 2330 5024 λέγων
2360 4957 2524 5013 ἐστίν.
2573 4957 2791 5030 Ἐπειδὴ
2821 4960 2878 5013 δέ
2906 4960 3004 5031 τὴν
3035 4963 3400 5034 ἁποστολικὴν
3437 4962 3529 5016 τοῦ
3557 4965 3602 5016 Χ
3613 4981 3699 5034 ρι·

2107 5049 2426 5120 στιανισμοῦ
2479 5049 2690 5114 πίστιν,
2749 5052 2782 5120 ὴ
2829 5051 3141 5124 διαλεκτικὴ
3191 5055 3284 5108 καὶ
3337 5055 3464 5127 κενὴ
3505 5057 3700 5126 ἀπάτη

2108 5141 2355 5212 συνέχεεν
2377 5142 2434 5194 ἐν
2454 5141 2635 5212 ταύτῷ
2661 5143 2752 5195 καὶ
2783 5143 3115 5216 διέσπειρεν,
3149 5145 3334 5216 ᾠήθην
3361 5146 3470 5200 δεῖν
3503 5151 3698 5219 γραφῇ

2105 5232 2278 5286 ταῦτα
2308 5233 2664 5305 παραδοῦναι,
2717 5237 2863 5301 ὅπως
2911 5237 2976 5291 ἂν
3026 5238 3100 5310 μὴ
3157 5241 3335 5310 ἁφανῆ
3367 5241 3586 5309 γένηται
3624 5241 3704 5294 τὰ

2109 5323 2250 5379 κατὰ
2281 5326 2382 5390 τὰς
2425 5325 2720 5397 ἐκκλησίας
2750 5330 3038 5400 γενόμεναι
3087 5334 3119 5402 ἡ
3169 5331 3278 5402 γὰρ
3311 5331 3438 5402 περὶ
3485 5331 3703 5386 τούτων

2107 5417 2330 5486 γνῶσις,
2365 5417 2518 5490 παρὰ
2545 5419 2642 5489 μὲν
2669 5421 2780 5484 τοῖς
2823 5422 3036 5486 πολλοῖς
3085 5423 3180 5477 καὶ
3221 5424 3472 5476 εὔκλειαν
3512 5426 3698 5494 φέρει·

1632 5651 1901 5707 VALESI!
1940 5650 2495 5708 ANNOTATIONES.

501 5739 576 5823 (ρ)
610 5743 852 5823 Theyt?!)
895 5747 1230 5813 παρθένους
1263 5746 1381 5813 τοῖς
1404 5747 1680 5815 παροῦσι.
1732 5750 1890 5806 llunc
1917 5751 2000 5807 loc

2139 5751 2425 5806 emendavi
2479 5767 2545 5807 ex
2569 5751 2756 5808 codice
2788 5751 2986 5808 Leonis
3042 5752 3244 5816 Ailatii.
3293 5753 3510 5823 Reliqui
3541 5755 3701 5811 enim

432 5801 652 5868 Codices
679 5801 828 5869 ι’ίὶίίἰῖ
851 5801 1082 5870 mutant.
