4050 6348
398 381 505 441 127

1853 368 2025 427 SOCR
2038 370 2192 426 ATIS

3575 362 3680 418 1Ξὸ

383 498 546 574 paulo
564 504 692 553 ante
706 502 1080 567 rumperetur.
1096 492 1216 550 Indi
1235 493 1419 562 itaque
1438 488 1915 560 etphiloscphum,
1931 498 1989 545 et

2104 486 2265 556 γενῶν
2298 488 2620 574 παιδαρίων,
2653 488 2898 552 ἅπαντας
2926 487 3305 574 διεχρῄσαντο.
3329 482 3469 574 Τοὺς
3499 480 3557 535 δὲ
3585 479 3681 574 δύο

381 607 479 650 eos
491 591 587 663 qui
605 589 800 646 eadem
814 604 954 644 nave
970 587 1111 642 vecti
1127 599 1305 648 erant,
1320 582 1751 652 comprehensos
1771 595 1986 647 omnes,

381 683 631 753 exceptis
665 680 884 736 duobus
919 676 1110 749 pueris
1139 676 1259 746 ejus
1290 671 1738 744 consanguineis,
1770 668 1988 724 interli—

384 772 561 827 ciunt.
583 770 791 826 Pueros
822 775 1006 823 autem
1030 764 1207 820 aatatis
1232 762 1407 834 gratia
1436 760 1706 824 miserati,
1725 758 1990 813 Indorum

340 857 344 860 ⁴
384 862 497 934 regi
516 862 668 917 dono
687 860 1021 916 obtulerunt.
1041 857 1155 920 Ille,
1176 868 1474 926 puerorum
1495 860 1718 922 aspectu
1748 849 1989 905 delecta-

386 946 1046 1020 tus,alterum,zEdesium
1064 938 1639 1016 noinine,pincernam
1659 957 1862 997 mensa:
1878 955 1991 995 sua:

384 1045 706 1109 constituit;
733 1044 967 1097 alterum
986 1055 1139 1106 vero,
1159 1038 1249 1094 cui
1268 1052 1469 1092 nomen
1490 1031 1987 1094 eratFrumentius,

374 1136 715 1193 'scriniorum
741 1148 929 1188 curam
955 1146 1152 1203 gerere
1190 1129 1472 1200 praecepit.
1496 1127 1617 1182 Non
1644 1124 1820 1179 multo
1859 1128 1991 1193 post

388 1237 637 1297 tempore
667 1241 766 1280 rex
794 1224 1062 1287 moriens,
1083 1222 1196 1276 ﬁlio
1227 1220 1524 1275 admodum
1546 1233 1722 1288 puero
1748 1223 1804 1271 et
1828 1213 1990 1269 uxori

386 1316 581 1372 relicta
604 1313 954 1369 successione
988 1312 1165 1383 regni,
1193 1311 1333 1365 duos
1360 1310 1485 1363 illos
1518 1307 1898 1362 adolescentes
1922 1305 1990 1359 li-

387 1408 603 1463 bertate
620 1406 807 1461 donat.
833 1404 940 1459 Sed
959 1403 1169 1473 regina,
1193 1418 1314 1473 qua
1331 1400 1503 1454 ﬁlium
1523 1400 1579 1454 in
1603 1406 1794 1453 tenera
1810 1396 1992 1451 adhuc

387 1505 546 1553 aetate
561 1494 890 1551 derelictum
911 1493 1155 1558 videbat,
1171 1491 1414 1563 postulat
1433 1490 1502 1546 ab
1518 1488 1987 1553 adolescentibus,

389 1596 452 1643 ut
464 1589 585 1659 ejus
601 1601 792 1642 curam
806 1584 1075 1655 tantisper
1097 1583 1420 1654 suscipiant,
1435 1583 1611 1637 donec
1623 1581 1840 1637 virilem
1858 1579 1989 1634 atti-

389 1677 806 1749 gissettetatem.
820 1676 921 1740 Illi,
941 1673 1142 1745 regium
1168 1674 1634 1743 obtemperantes,
1650 1669 1804 1740 regni
1828 1683 1993 1739 nego-

392 1770 468 1824 tia
502 1782 803 1839 procurare
843 1773 1157 1836 coeperunt.
1191 1763 1299 1819 Sed
1344 1778 1534 1818 rerum
1573 1776 1787 1816 summa
1820 1772 1991 1829 penes

2094 572 2305 637 παῖδας,
2346 570 2511 642 οἴκτῳ
2538 572 2635 642 τῆς
2683 570 2899 642 ἡλικίας
2944 568 3331 632 διασώσαντες,
3384 566 3560 636 δῶρον
3600 563 3680 635 τῷ

2106 664 2281 718 ἰνδῶν
2335 663 2549 734 βασιλεῖ
2608 662 3089 734 προσκομίζουσιν.
3155 661 3212 713 '0
3266 659 3322 712 δέ
3379 658 3564 727 ἡσθεὶς
3609 659 3677 728 τῇ

2094 758 2358 829 προσόψει
2386 757 2492 811 τῶν
2540 756 2699 822 νέων,
2748 755 2847 810 ἕνα
2895 755 2991 825 μὲν
3047 753 3245 817 αὐτῶν,
3307 743 3352 818 ᾧ
3403 749 3581 820 ὄνομα
3609 744 3679 819 ἢν

2092 848 2355 913 Αίδέσιος,
2408 848 2644 919 οἰνοχόον
2691 849 2791 917 τῆς
2823 845 2987 899 αὐτοῦ
3029 843 3310 915 τραπέζης
3366 842 3677 912 καθίστησιο

2092 940 2183 993 τὸν
2213 940 2270 993 δὲ
2294 940 2501 1012 ἕτερον,
2549 939 2915 1012 Φουρμὲντιος
2938 936 3107 1007 ὄνομα
3160 934 3328 1006 αὐτῷ,
3379 934 3489 989 τῶν
3525 933 3681 1003 βασι-

2092 1031 2263 1085 λικῶν
2315 1030 2876 1103 γραμματοφυλάκιον
2939 1027 3251 1101 φροντίζειν
3321 1023 3677 1096 προσέταξεν.

2093 1125 2228 1178 Μετ’
2264 1123 2326 1177 οὐ
2349 1124 2483 1177 πολὺ
2517 1123 2575 1177 δὲ
2607 1121 2875 1176 τελευτῶν
2906 1122 2933 1174 ὁ
2960 1119 3209 1191 βασιλεὺς
3236 1118 3329 1171 ἐπὶ
3355 1117 3456 1188 υίῷ
3484 1116 3682 1187 κομιδῇ

2093 1216 2273 1287 νηπίῳ
2303 1218 2398 1270 καὶ
2423 1217 2664 1284 γυναικὶ,
2724 1214 3041 1284 ἐλευθέρους
3080 1212 3304 1275 τούτους
3329 1210 3574 1280 ἀφίησιν.
3619 1208 3684 1262 ’11

2092 1309 2149 1363 δὲ
2173 1308 2310 1380 γυνὴ
2332 1307 2427 1362 τοῦ
2456 1308 2742 1380 βασιλέως,
2797 1307 2911 1361 υἱὸν
2938 1306 3137 1376 ἔχουσα
3190 1301 3685 1374 καταλελειμμένον

2093 1400 2152 1452 ἐν
2181 1398 2365 1471 ἡλικίᾳ
2389 1401 2582 1470 μικρᾷ,
2607 1394 2762 1452 εἶπεν
2787 1397 2970 1460 αὐτοῖς
2994 1394 3250 1468 πρόνοιαν
3275 1393 3441 1447 αὐτοῦ
3465 1392 3687 1462 ποιήσαι

2096 1489 2240 1555 σθαι,
2268 1490 2424 1561 ἄχρις
2454 1484 2517 1543 οὗ
2574 1492 2653 1554 είς
2673 1489 2839 1561 ἄνδρα
2885 1489 3098 1560 τελέσῃ.
3157 1487 3482 1550 Πεισθέντες
3511 1481 3603 1539 οὖν
3637 1486 3688 1538 οἱ

2095 1580 2409 1647 νεανίσκοι,
2457 1581 2716 1652 πρόνοιαν
2774 1579 3055 1633 ποιοῦνται
3110 1577 3217 1633 τῶν
3263 1578 3360 1632 τοῦ
3422 1577 3688 1649 βασιλέως

2094 1672 2460 1743 πραγμάτων.
2495 1672 2860 1745 Φουρμέντιος
2899 1671 2957 1726 δὲ
3012 1668 3081 1743 ἦν
3134 1671 3368 1743 μάλιστα
3403 1671 3432 1723 ὁ
3468 1669 3688 1724 διοικῶν

2095 1764 2407 1835 σύμπαντα.
2430 1765 2631 1836 Ἔργον
2655 1764 2714 1818 δὲ
2740 1766 2993 1827 ἐποιεῖτο,
3014 1764 3140 1826 τοὺς
3171 1760 3570 1834 ἐπιδημοῦντας
3588 1762 3690 1833 τὴν

392 1858 772 1914 Frumentium
789 1864 929 1911 erat.
946 1856 1047 1910 llic
1068 1854 1232 1925 igitur
1250 1855 1527 1908 Romanos
1551 1858 1887 1907 mercatores
1904 1850 1998 1919 qui

2104 1851 2288 1927 χώραν
2328 1854 2635 1924 Ῥωμαίους
2663 1853 2943 1924 ἐμπόρους
2974 1851 3156 1923 ζητεῖν
3176 1894 3192 1919 ,
3226 1852 3381 1905 εἵπου
3429 1852 3552 1907 τινὰ
3579 1851 3691 1907 τῶν

393 1951 449 2009 in
466 1950 559 2004 illa
572 1947 793 2019 regione
812 1956 926 2001 tum
942 1946 1197 2017 agebant,
1212 1944 1445 1999 sollicite
1477 1942 1646 2012 cmpit
1670 1941 1997 2012 perquirere

393 2056 528 2096 num
561 2040 686 2110 quis
722 2038 866 2093 forte
910 2039 1056 2092 inter
1094 2037 1217 2092 illos
1253 2033 1603 2091 Christianus
1631 2032 1993 2088 inveniretur.

392 2134 644 2203 Cumque
667 2132 879 2202 aliquot
906 2130 1227 2202 reperisset,
1247 2135 1301 2183 et
1319 2127 1572 2197 quisnam
1596 2134 1742 2182 esset
1769 2126 1885 2197 ipse
1903 2140 2000 2182 eos

393 2226 696 2291 docuisset,
722 2224 980 2279 hortatus
1018 2229 1104 2278 est
1144 2229 1206 2276 ut
1231 2220 1447 2292 privata
1482 2218 1586 2274 sibi
1627 2219 1748 2274 loca
1790 2217 1997 2289 delige-

396 2328 542 2385 rent,
575 2318 630 2373 in
671 2318 879 2388 quibus
919 2314 1366 2372 Christianorum
1398 2328 1555 2367 more
1590 2312 1763 2366 Deum
1802 2326 2000 2381 preca-

397 2422 610 2470 rentur.
633 2412 774 2467 Dein
794 2424 1057 2481 processu
1074 2406 1343 2477 temporis
1364 2404 1652 2460 ecclesiam
1668 2403 1958 2460 ardiﬁcavit
1975 2436 1999 2471 ν

397 2515 457 2564 et
481 2505 748 2578 quosdam
768 2520 839 2559 ex
860 2502 1012 2558 Indis
1035 2500 1364 2558 Christiana:
1390 2499 1516 2555 ﬁdei
1542 2500 1873 2554 rudimentis
1892 2499 2001 2553 im-

396 2601 582 2665 butos,
610 2597 805 2655 orandi
829 2610 996 2652 causa
1016 2610 1206 2652 secum
1230 2592 1288 2648 in
1310 2593 1600 2649 ecclesiam
1628 2593 1990 2649 induxerunt.

397 2692 593 2748 Postea
614 2702 769 2752 ven,
802 2701 928 2742 cum
961 2685 1111 2757 regis
1133 2700 1272 2755 puer
1309 2684 1378 2738 ad
1420 2682 1723 2754 perfectam
1761 2684 2004 2740 venisset

397 2777 1024 2845 :etatem,Frumentius,
1049 2774 1343 2846 resignatis
1368 2774 1421 2831 ei
1446 2774 1602 2846 regni
1624 2775 1861 2846 negotiis
1882 2791 2005 2846 quae

398 2872 577 2944 probe
610 2868 1115 2934 administraverat,
1144 2867 1285 2938 petit
1322 2876 1385 2923 ut
1423 2867 1482 2922 in
1521 2867 1759 2937 patriam
1794 2868 2003 2923 reverti

400 2964 507 3020 sibi
530 2964 754 3020 liceret.
789 2963 937 3033 Rege
971 2968 1164 3016 contra
1199 2960 1428 3031 ejusque
1462 2967 1641 3015 matre
1681 2961 2006 3032 rogantibus

402 3064 466 3111 ut
501 3062 773 3121 maneret,
813 3068 917 3109 nec
945 3052 1433 3124 persuadentibus,
1473 3052 1777 3108 revisendte
1813 3054 2006 3123 patriae

402 3146 685 3203 desiderio
704 3154 921 3217 captus,
943 3161 1053 3200 una
1070 3158 1197 3200 eum
1219 3142 1445 3200 Edesio
1469 3145 1694 3200 domum
1718 3146 1902 3201 rediit.
1933 3147 2003 3201 Et
2032 3201 2071 3221 η

2099 1943 2582 2015 χριστιανιζόντων
2641 1943 2889 2014 ἐφεύροι.
2933 1942 3124 2016 Εὑρὼν
3172 1943 3250 2010 δὲ,
3310 1943 3405 1997 καὶ
3449 1941 3518 1996 τὰ
3567 1941 3691 1995 καθ’

2099 2036 2294 2090 ἐαυτὸν
2322 2035 2610 2101 διδάσκων,
2663 2036 2965 2108 παρεκάλει
3001 2037 3199 2099 τόπους
3251 2034 3693 2105 καταλαμϐάνειν

2104 2128 2407 2195 ίδιάζοντας
2434 2129 2548 2201 (IL)
2607 2130 2698 2183 ἐπὶ
2746 2129 2826 2199 τῷ
2875 2128 2975 2193 τὰς
3009 2127 3401 2200 Χριστιανικὰς
3452 2127 3694 2181 ἐκτελεῖν

2100 2220 2288 2291 εὐχάς.
2337 2220 2678 2293 Καταῦραχὺ
2729 2221 2787 2275 δὲ
2838 2220 3120 2292 προϊόντος
3177 2218 3270 2272 τοῦ
3313 2217 3540 2289 χρόνον,
3596 2216 3694 2271 καὶ

2107 2314 2397 2385 εύκτήριον
2436 2313 2829 2380 κατεσκεύασε,
2863 2313 2957 2367 καί
2993 2329 3146 2377 τινας
3178 2311 3287 2366 τῶν
3326 2310 3500 2365 Ἰνδῶν
3557 2327 3695 2363 κατ-

2102 2406 2362 2478 ηχοῦντες
2396 2407 2754 2478 συνεύχεσθαι
2779 2406 2965 2470 αὐτοῖς
2987 2405 3405 2479 παρεσκεύασαν
3427 2443 3440 2460 .
3458 2405 3610 2459 Ἐπεὶ
3636 2404 3697 2458 δέ

2101 2502 2131 2555 ὁ
2155 2499 2250 2554 τοῦ
2286 2499 2552 2570 βασιλέως
2580 2503 2711 2564 παῖς
2761 2500 2863 2571 τῆς
2889 2499 3098 2564 τελείας
3146 2499 3363 2572 ἡλικίας
3410 2498 3608 2568 ἐπέϐη,
3644 2499 3695 2553 οἱ

2104 2592 2234 2665 περὶ
2258 2592 2351 2646 τὸν
2370 2592 2733 2665 Φουρμέντιον
2754 2592 3085 2663 παραδόντες
3098 2592 3166 2648 τὰ
3187 2591 3365 2656 καλῶς
3397 2592 3474 2646 ὑπ
3488 2591 3697 2646 ἀὐτῶν

2104 2683 2451 2755 διοικηθέντα
2500 2686 2824 2758 πράγματα,
2859 2684 3023 2756 ᾔτουν
3056 2684 3149 2739 ἐπὶ
3176 2684 3274 2757 τὴν
3307 2683 3519 2739 ἑαυτῶν
3554 2685 3695 2738 ἀπο-

2104 2776 2354 2847 χωρῆσαι
2382 2775 2643 2847 πατρίδα.
2678 2773 2785 2828 Τοῦ
2813 2774 2871 2828 δέ
2903 2774 3186 2845 βασιλέως,
3231 2774 3326 2830 καὶ
3372 2775 3472 2845 τῆς
3499 2773 3697 2828 ἐαυτοῦ

2108 2867 2314 2939 μητρὸς
2334 2867 2618 2937 ἐπιμένειν
2647 2866 3131 2939 παρακαλούντων,
3149 2868 3245 2921 καὶ
3267 2867 3342 2938 μὴ
3369 2866 3698 2931 πεισάντων,

2105 2957 2413 3031 ἀνεχώρουν
2436 2958 2706 3031 ἐπιθυμίᾳ
2750 2960 2852 3031 τῆς
2882 2960 3275 3032 ἐνεγκαμένης.
3317 2958 3561 3023 Δίδέσιος
3596 2958 3701 3029 μὲν

2104 3046 2198 3104 οὖν
2228 3050 2303 3113 ὡς
2332 3049 2426 3104 ἐπὶ
2454 3050 2553 3122 τὴν
2574 3050 2751 3122 Τύρον
2801 3050 3156 3118 ἐσπούδαζεν,
3195 3050 3459 3123 ὀψόμενος
3501 3051 3699 3120 γονέας

2106 3161 2165 3198 τε
2199 3142 2295 3198 καὶ
2348 3146 2653 3213 συγγενεῖς·
2712 3144 3073 3216 Φουρμέντιος
3123 3143 3181 3199 δέ
3227 3141 3550 3199 καταλαϐὼν
3594 3143 3699 3215 τὴν

400 3238 659 3294 ιΕάεείιιε
680 3210 906 3308 quidem
933 3236 1138 3309 Tyrum
1170 3235 1438 3291 velociter
1468 3236 1777 3302 contendit,
1803 3244 1866 3292 ut
1898 3252 1999 3307 pa-

2122 3210 2551 3305 Ἀλεξάνδρειαν,
2586 3232 2665 3305 τῷ
2689 3210 2975 3307 ἐπισκύπῳ
3022 3235 3324 3307 ’Δθανασίῳ
3349 3235 3470 3289 τότε
3500 3210 3697 3288 νεωστὶ

403 3334 591 3385 rentes
637 3336 696 3385 et
736 3333 998 3400 cognatos
1037 3326 1165 3399 illic
1204 3327 1430 3382 viseret.
1473 3327 1827 3383 Frumentius
1875 3342 2003 3382 vero

2108 3326 2208 3396 τῆς
2224 3327 2530 3398 ἐπισκοπῆς
2545 3323 2833 3395 ἀξιωθέντι
2851 3328 2985 3400 (15),
3004 3328 3345 3402 ύπαναφέρει
3364 3325 3425 3381 τδ
3439 3328 3695 3399 πρᾶγμα,

1608 3512 1882 3569 VALESII
1918 3510 2472 3571 ANNOTATIONES.

484 3601 599 3678 (Η)
655 3604 902 3678 τόπους-
931 3606 1412 3674 καταλαμϐάνειν
1444 3604 1793 3678 ὶδιιίζοντας.
1842 3606 2003 3678 Hunc

409 3674 591 3731 locum
617 3688 728 3729 non
751 3674 1146 3731 intellexerunt
1168 3678 1520 3745 interpretes.
1554 3674 1831 3732 Musculus
1852 3677 2002 3732 enim

409 3746 489 3800 sic
512 3745 698 3809 vertit,
734 3751 793 3797 ut
816 3747 1082 3814 separatis
1117 3748 1241 3799 locis
1266 3753 1565 3799 uterentur.
1601 3745 2002 3814 Christopbor—

409 3765 489 3800 suc
513 3765 698 3809 verm,
734 3765 790 3797 ιιι
816 3765 1082 3814 separaus
1117 3765 1241 3799 was
1266 3765 1565 3799 uteremur.
1601 3765 1823 3801 (λιιι-ιδιο
1868 3765 2002 3802 nor-

409 3830 581 3869 sonus
601 3830 754 3886 vero,
799 3825 873 3886 ut,
905 3815 1019 3869 loca
1048 3817 1337 3886 separatim
1370 3816 1467 3869 sibi
1491 3826 1780 3886 sumerent.
1810 3765 2004 3872 ἔθει-ιι-

412 3895 495 3940 tes
521 3886 577 3938 in
612 3884 939 3955 hocncapite
986 3884 1247 3940 Ruﬁnum
1282 3901 1421 3955 pene
1461 3885 1527 3939 ad
1558 3886 1792 3941 verbum
1827 3887 2004 3942 inter-

409 3962 679 4039 pretatur.
714 3954 779 4039 [Et
812 3954 1046 4039 Ruﬁnus
1068 3954 1407 4039 quideln‘ita
1435 3956 1667 4039 dixerat,
1702 3974 1916 4011 monere
1947 3965 2005 4011 ut

410 4022 769 4096 conventicula
795 4042 889 4091 per
915 4024 1027 4080 loca
1062 4022 1275 4095 singula
1302 4022 1557 4096 facerent.
1585 4026 1842 4096 socratcs
1874 4044 2007 4083 vero

409 4094 609 4167 τόπους
633 4093 937 4167 ίδιάζοντας
959 4093 1194 4161 vocavit,
1220 4093 1341 4167 quin
1365 4095 1600 4167 Rufinus
1628 4095 1844 4152 dixerat
1876 4113 2008 4152 con-

410 4165 707 4237 ventieula.
757 4166 899 4237 Sunt
950 4168 1097 4221 enim
1144 4165 1548 4228 conventicula,
1606 4168 1831 4237 proprie
1887 4168 2008 4223 loca

411 4235 646 4304 privata,
684 4235 740 4289 in
774 4236 985 4305 quibus
1017 4238 1263 4291 collectae
1298 4237 1458 4302 ﬁunt;
1499 4244 1554 4289 et
1577 4235 1647 4289 ab
1674 4235 1782 4294 illis
1808 4238 2007 4294 distin-

411 4314 657 4377 guuntur
706 4304 973 4377 ecclesiae,
1029 4322 1150 4376 quae
1182 4313 1311 4360 sunt
1355 4304 1563 4375 publici
1592 4306 1763 4377 juris,
1803 4324 1916 4364 non
1949 4308 2009 4365 in

411 4375 660 4446 dominio
691 4376 1016 4444 cujusquam
1044 4375 1267 4446 privati.

486 4444 625 4517 (15)_
677 4446 1011 4517 'A’Iflrao’l'tp
1046 4444 1198 4517 τότε
1250 4448 1465 4502 νεωστὶ
1513 4448 1624 4516 τῆς
1664 4447 2011 4517 ἐπισκοπῆς

412 4514 742 4580 ἀξιωθέντι.
770 4514 919 4570 Idem
953 4517 1030 4570 ait
1052 4515 1287 4571 Ruﬁnus
1322 4535 1334 4571 :
1365 4519 1493 4573 Tum
1516 4514 1639 4573 vero
1661 4514 2008 4581 Athanasius,

413 4601 540 4640 nam
564 4595 609 4658 ιε
634 4600 800 4655 nuper
824 4586 1175 4658 sacerdotium
1203 4597 1531 4658 susceperat,
1556 4598 1663 4643 etc.
1689 4587 1797 4642 Sed
1820 4588 1865 4643 si
1896 4603 2014 4642 rem

414 4655 680 4727 attentius
702 4656 1098 4727 expendamus,
1136 4656 1252 4710 lucc
1294 4655 1423 4711 vera
1454 4674 1576 4713 esse
1610 4674 1721 4713 non
1753 4665 2005 4727 possunt.

413 4725 938 4798 EtenimMeropius
985 4727 1349 4798 philosophus
1396 4728 1451 4782 in
1497 4729 1706 4783 Indiam
1735 4725 2013 4798 profectus

2103 3607 2268 3678 pius,
2306 3623 2432 3663 cum
2477 3606 2772 3663 Metrodori
2826 3603 3160 3678 exemplum
3193 3612 3418 3678 secutus
3484 3601 3697 3657 Indiam

2103 3675 2438 3749 perlustrare
2472 3693 2762 3749 aggressus
2793 3676 2884 3740 sit,
2918 3690 3029 3729 non
3058 3675 3164 3749 nisi
3201 3675 3411 3749 aliquot
3435 3680 3560 3749 post
3585 3689 3695 3749 an-

2103 3743 2190 3819 nis
2221 3748 2363 3819 hanc
2392 3743 2897 3819 peregrinationem
2925 3747 3188 3819 suscepit.
3223 3743 3498 3799 Ponamus
3527 3743 3699 3819 igitur

2102 3814 2411 3887 Meropium
2453 3814 2759 3887 profectum
2794 3832 2914 3873 esse
2948 3816 3003 3869 in
3034 3814 3267 3887 Indiam,
3295 3830 3441 3869 anno
3466 3814 3700 3887 _natalis

2104 3883 2378 3943 Domi—uici
2439 3883 2562 3945 527.
2617 3888 2777 3943 Anno
2817 3885 3067 3955 sequenti
3097 3902 3220 3941 cum
3257 3886 3313 3938 in
3338 3883 3572 3954 patriam
3606 3901 3701 3938 re-

2106 3967 2437 4021 verteretur,
2469 3959 2688 4013 oecisus
2715 3966 2801 4013 est
2823 3974 2854 4012 a
2880 3956 3146 4011 barbaris.
3180 3955 3435 4010 Aidesius
3469 3970 3601 4009 vero
3632 3970 3700 4013 ac

2106 4028 2481 4094 Frumentius,
2510 4029 2694 4083 adhuc
2725 4029 3122 4090 adolescentes,
3164 4026 3335 4080 oblati
3368 4032 3497 4080 sunt
3528 4024 3701 4082 Indo-

2107 4115 2229 4169 rum
2263 4099 2375 4169 regi
2403 4117 2415 4153 :
2449 4108 2504 4153 et
2535 4099 2674 4153 alter
2697 4099 2961 4169 pincerna
2986 4095 3129 4166 regis
3150 4096 3347 4169 factus,
3375 4096 3516 4169 alter
3548 4094 3694 4169 scri—

2108 4168 2216 4225 niis
2243 4184 2305 4223 ae
2328 4164 2639 4224 rationibus
2662 4164 2992 4239 praepositus
3012 4164 3114 4221 est.
3150 4167 3210 4220 In
3241 4181 3352 4235 quo
3378 4164 3697 4239 ministerio

2107 4240 2270 4294 ambo
2296 4253 2470 4309 usque
2514 4239 2580 4294 ad
2612 4235 2824 4295 obitufn
2865 4237 3021 4309 regis
3039 4243 3480 4309 permanserunt.
3516 4235 3698 4309 Pona-

2106 4324 2232 4364 mus
2264 4302 2432 4380 igitur
2466 4310 2763 4364 triennium
2809 4323 2906 4380 eos
2930 4302 3295 4380 'ministrasse
3353 4305 3494 4380 regi.
3543 4302 3700 4360 Obiit

2148 4376 2308 4435 estea
2352 4395 2450 4434 rex
2503 4380 2765 4434 Indorum
2791 4378 2987 4433 relicto
3013 4376 3126 4431 ﬁlio
3170 4376 3467 4445 admodum
3497 4390 3696 4445 puero.

2148 4395 2300 4435 OSlea
2352 4395 2450 4434 rex
2505 4395 2765 4434 Indorum
2791 4395 2987 4433 1⁵811010
3013 4395 3126 4431 11110
3170 4395 3467 4432 aumouum
3498 4395 3696 4445 puero.

2108 4395 2217 4505 ged
2258 4449 2444 4519 regina
2485 4449 2641 4519 pueri
2692 4457 2872 4504 mater
2939 4447 3256 4519 impetravit
3291 4446 3361 4501 ab
3382 4444 3608 4519 .1E_dcsio
3632 4462 3699 4501 ac

2110 4516 2430 4575 Frumentio
2487 4516 2549 4574 ut
2617 4525 3061 4589 procurationem
3105 4516 3258 4588 regni
3304 4516 3695 4589 susciperent,

2110 4589 2289 4671 donec
2314 4605 2453 4671 puer
2490 4590 2560 4643 ad
2599 4586 2911 4671 perlectam
2943 4586 3561 4671 aetatem'pewenisset.

2109 4675 2235 4715 mus
2259 4655 2428 4730 igitur
2452 4655 2683 4729 puerum
2709 4667 2833 4714 octo
2866 4657 3088 4730 circiter
3114 4655 3289 4730 ann_os
3310 4663 3500 4730 natum
3525 4655 3700 4711 fuisse

2113 4738 2245 4785 tunc
2273 4726 2399 4784 cum
2433 4726 2589 4798 pater
2623 4730 2759 4786 abiit
2801 4745 2832 4783 e
2864 4728 2998 4783 vita.
3025 4727 3163 4783 Cum
3203 4726 3558 4782 Frumentius
3585 4741 3700 4781 non

413 4811 536 4880 esse
598 4796 816 4880 dicitur'
853 4796 1107 4880 eaetnplo
1140 4796 1464 4880 “Metrodori
1510 4796 1849 4880 plirilosophi,
1913 4799 2009 4880 qui
2041 4811 2088 4870 ο
2114 4800 2218 4880 nisi
2240 4796 2570 4880 “puero'jam
2588 4800 2777 4880 adulto
2799 4807 2855 4853 et
2880 4799 3066 4879 tutela:
3093 4813 3205 4853 suae
3233 4797 3379 4880 facto
3435 4811 3701 4880 reversus

415 4873 543 4920 ante
573 4866 757 4939 illum
792 4865 1489 4939 Indiamper-lustraverat.
1511 4865 1692 4939 ’Διιιυί
1726 4865 2003 4923 Metrodo-

415 4952 513 4990 rus
536 4935 897 5005 philosophus
951 4935 1062 4993 non
1107 4948 1233 4993 ante
1287 4955 1493 4993 annum
1540 4935 1757 4993 Domini
1798 4939 1901 4993 325
1933 4955 2003 4993 ex

416 5005 603 5063 Indica
638 5006 1079 5075 peregrinatione
1112 5024 1369 5063 reversus
1399 5018 1502 5064 est.
1548 5009 1824 5065 Reversus
1853 5009 2000 5064 enim

415 5092 481 5130 cx
515 5076 689 5149 India,
722 5076 1083 5134 Constantino
1116 5078 1246 5149 imp.
1282 5080 1485 5134 obtulit
1534 5095 1761 5135 munera
1814 5095 1936 5149 qua:
1971 5094 2003 5133 a

418 5162 546 5220 rege
584 5146 1279 5220 Indorumaccepcrau'ut
1327 5166 1493 5220 supra
1542 5150 1760 5220 notavi,
1810 5146 2006 5220 partim

416 5232 484 5295 cn
516 5216 806 5295 Anynitmo
832 5216 1196 5295 Marcellino,“
1218 5216 1417 5295 partinj
1439 5291 1449 5295 _
1468 5235 1537 5295 ex
1554 5216 2011 5295 ‘Cedreui'Chro-

417 5287 563 5349 nico.
599 5287 658 5342 Id
690 5296 977 5360 ergo_post
1018 5287 1352 5360 debellatum
1390 5290 1665 5345 Licinium
1712 5287 2012 5360 contigerit

419 5374 641 5417 necesse
667 5356 775 5413 est.
814 5356 970 5412 Tunc
1012 5359 1159 5413 enim
1183 5360 1580 5416 Constantinus
1622 5356 2009 5417 Orientis’im-

417 5430 631 5505 perium
671 5427 903 5505 accepit.
937 5428 1138 5505 _Vi_ctns
1158 5439 1348 5505 autem
1382 5446 1446 5485 ac
1472 5432 1780 5505 debellatus
1808 5439 1891 5505 est
1923 5431 2014 5485 Li-

419 5496 599 5561 cinius
642 5514 790 5555 anno
806 5496 1028 5555 Christi
1075 5500 1181 5555 524
1223 5509 1478 5557 exeunte.
1515 5502 1633 5558 Jam
1679 5519 1811 5558 vero
1838 5501 2015 5557 Mero-

2114 4868 2283 4925 I'uerit
2330 4868 2735 4933 Alexandriam,
2767 4869 2992 4923 omnino
3039 4883 3263 4923 necesse
3293 4876 3379 4923 est
3410 4875 3473 4922 ut
3503 4868 3699 4923 decem

2111 4941 2400 4995 minimum
2450 4955 2625 4994 annos
2674 4940 2828 5009 regni
2880 4938 3098 5009 negotia
3153 4938 3700 5009 procuraveritnlta

2109 5010 2463 5065 Frumentius
2498 5010 2647 5065 circa
2681 5006 2884 5063 annum
2922 5006 3136 5063 Domini
3158 5006 3257 5062 3M
3299 5024 3552 5064 reversus
3573 5006 3699 5063 fue-

2112 5079 2615 5144 ritAlexandriam,
2656 5094 2766 5149 quo
2811 5093 2955 5133 anno
2987 5078 3319 5134 Athanasius
3340 5086 3459 5134 non
3502 5094 3699 5134 recens

2110 5151 2289 5207 Iactus
2307 5157 2426 5205 erat
2449 5150 2763 5220 episcopus,
2798 5149 2894 5204 sed
2917 5149 3450 5218 quintumdecimum
3483 5149 3699 5220 episco-

2113 5231 2284 5292 patus
2330 5219 2917 5292 annumﬂexcesscrat.
2973 5221 3145 5292 [ferro
3197 5235 3264 5275 ex
3314 5221 3401 5275 his
3430 5235 3552 5292 quae
3583 5219 3697 5274 dixi

2112 5290 2404 5347 inanil‘estc
2451 5291 2732 5361 colligitur
2804 5290 2946 5344 hanc
2988 5290 3247 5361 Indorum
3279 5290 3697 5361 conversionem

2114 5378 2213 5434 per
2238 5358 2619 5417 Frumentium
2655 5360 2852 5434 factam
2870 5368 3141 5434 regnante
3163 5360 3488 5434 Constantio
3516 5358 3697 5434 enuti-

2116 5429 2259 5504 gisse
2280 5472 2294 5495 ,
2345 5446 2457 5504 non
2490 5441 2674 5486 autem
2705 5429 3015 5501 principatu
3045 5430 3412 5504 constantini,
3461 5436 3521 5485 ut
3545 5429 3697 5485 Ruﬁ-

2117 5500 2222 5557 nus
2246 5511 2302 5557 ct
2328 5501 2419 5557 alii
2452 5517 2579 5557 eum
2614 5500 2901 5559 auctorem
2941 5502 3116 5558 secuti
3151 5500 3518 5572 prodiderunt
3547 5512 3595 5555 ιι.

1894 5660 2279 5718 VARIORUM.

494 5750 828 5824 “_V:_tlesium
862 5769 1209 5824 summopere
1259 5755 1362 5809 hac
1401 5754 1457 5812 in
1499 5772 1558 5811 re
1584 5756 1999 5819 hallucinatum,

424 5823 479 5871 et
509 5817 766 5878 Ruﬁnum
822 5825 1002 5895 quoad
1036 5817 1114 5881 rei
1150 5835 1313 5896 gestae
1370 5834 1585 5898 tempus
1631 5843 1739 5882 non
1773 5817 2004 5892 errasse,

2113 5752 2272 5808 facile
2295 5760 2381 5807 est
2404 5751 2803 5808 demonstrare.
2829 5784 2899 5794 —
2922 5752 3270 5815 Athanasius,
3295 5750 3387 5820 qui
3417 5766 3587 5819 nuper
3609 5767 3697 5805 sa-

2120 5823 2405 5879 cerdotium
2440 5832 2762 5896 susceperat,
2804 5825 2933 5879 illuc
2968 5822 3343 5878 Frumentium
3378 5820 3695 5893 episcopum
