  <div class='ocr_page' id='page_1' title='image "/cluster/home/n/w/nwhite01/storage/ocr_20150623/67/mdp.39015018620115/071.png"; bbox 0 0 4050 6348; ppageno 0'>
   <div class='ocr_carea' id='block_1_1' title="bbox 385 313 2157 382">
    <p class='ocr_par' dir='ltr' id='par_1_1' title="bbox 385 313 2157 382">
     <span class='ocr_line' id='line_1_1' title="bbox 385 313 2157 382; baseline -0.007 0"><span class='ocrx_word' id='word_1_1' title='bbox 385 328 477 382; x_wconf 62' lang='lat' dir='ltr'>{Si</span> <span class='ocrx_word' id='word_1_2' title='bbox 1820 313 2157 371; x_wconf 65' lang='lat' dir='ltr'>SOCRATIS</span> 
     </span>
    </p>
   </div>
   <div class='ocr_carea' id='block_1_2' title="bbox 3541 307 3642 363">
    <p class='ocr_par' dir='ltr' id='par_1_2' title="bbox 3541 307 3642 363">
     <span class='ocr_line' id='line_1_2' title="bbox 3541 307 3642 363; baseline 0 -1"><span class='ocrx_word' id='word_1_3' title='bbox 3541 307 3642 363; x_wconf 59' lang='lat' dir='ltr'>iiii</span> 
     </span>
    </p>
   </div>
   <div class='ocr_carea' id='block_1_3' title="bbox 383 427 1980 514">
    <p class='ocr_par' dir='ltr' id='par_1_3' title="bbox 383 440 1965 514">
     <span class='ocr_line' id='line_1_3' title="bbox 383 440 1965 514; baseline -0.005 -15"><span class='ocrx_word' id='word_1_4' title='bbox 383 445 698 514; x_wconf 71' lang='lat' dir='ltr'>Quod&#39;cum</span> <span class='ocrx_word' id='word_1_5' title='bbox 727 445 978 501; x_wconf 74' lang='lat' dir='ltr'>viderent</span> <span class='ocrx_word' id='word_1_6' title='bbox 1016 443 1256 507; x_wconf 85' lang='lat' dir='ltr'>barbari,</span> <span class='ocrx_word' id='word_1_7' title='bbox 1286 442 1402 513; x_wconf 85' lang='lat' dir='ltr'>ipsa</span> <span class='ocrx_word' id='word_1_8' title='bbox 1439 442 1516 497; x_wconf 97' lang='lat' dir='ltr'>rei</span> <span class='ocrx_word' id='word_1_9' title='bbox 1560 440 1802 495; x_wconf 89' lang='lat' dir='ltr'>novitate</span> <span class='ocrx_word' id='word_1_10' title='bbox 1842 454 1965 507; x_wconf 83' lang='lat' dir='ltr'>per-</span> 
     </span>
    </p>
   </div>
   <div class='ocr_carea' id='block_1_4' title="bbox 2080 427 3645 514">
    <p class='ocr_par' dir='ltr' id='par_1_4' title="bbox 2080 427 3645 507">
     <span class='ocr_line' id='line_1_4' title="bbox 2080 427 3645 507; baseline -0.004 -19"><span class='ocrx_word' id='word_1_11' title='bbox 2080 436 2159 489; x_wconf 76' lang='lat'>:0-3</span> <span class='ocrx_word' id='word_1_12' title='bbox 2194 435 2569 507; x_wconf 80' lang='grc' dir='ltr'>πραττομένου</span> <span class='ocrx_word' id='word_1_13' title='bbox 2604 431 2931 504; x_wconf 77' lang='grc' dir='ltr'>ἐθαύμαζον.</span> <span class='ocrx_word' id='word_1_14' title='bbox 2969 429 3261 502; x_wconf 86' lang='grc' dir='ltr'>Συμϐαίνει</span> <span class='ocrx_word' id='word_1_15' title='bbox 3283 428 3347 500; x_wconf 83' lang='grc' dir='ltr'>δὴ</span> <span class='ocrx_word' id='word_1_16' title='bbox 3373 427 3466 483; x_wconf 79' lang='grc' dir='ltr'>τὸν</span> <span class='ocrx_word' id='word_1_17' title='bbox 3500 428 3645 499; x_wconf 76' lang='grc' dir='ltr'>βασι-</span> 
     </span>
    </p>
   </div>
   <div class='ocr_carea' id='block_1_5' title="bbox 384 526 1964 600">
    <p class='ocr_par' dir='ltr' id='par_1_5' title="bbox 384 526 1964 600">
     <span class='ocr_line' id='line_1_5' title="bbox 384 526 1964 600; baseline -0.005 -14"><span class='ocrx_word' id='word_1_18' title='bbox 384 533 523 586; x_wconf 82' lang='lat' dir='ltr'>culsi</span> <span class='ocrx_word' id='word_1_19' title='bbox 558 540 706 587; x_wconf 89' lang='lat' dir='ltr'>sunt.</span> <span class='ocrx_word' id='word_1_20' title='bbox 746 533 907 587; x_wconf 85' lang='lat' dir='ltr'>Forte</span> <span class='ocrx_word' id='word_1_21' title='bbox 947 532 1148 586; x_wconf 89' lang='lat' dir='ltr'>accidit</span> <span class='ocrx_word' id='word_1_22' title='bbox 1207 539 1269 585; x_wconf 92' lang='lat' dir='ltr'>ut</span> <span class='ocrx_word' id='word_1_23' title='bbox 1312 530 1457 600; x_wconf 89' lang='lat' dir='ltr'>regis</span> <span class='ocrx_word' id='word_1_24' title='bbox 1493 527 1635 582; x_wconf 88' lang='lat' dir='ltr'>filius</span> <span class='ocrx_word' id='word_1_25' title='bbox 1669 526 1964 580; x_wconf 84' lang='lat' dir='ltr'>admodum</span> 
     </span>
    </p>
   </div>
   <div class='ocr_carea' id='block_1_6' title="bbox 384 619 1966 689">
    <p class='ocr_par' dir='ltr' id='par_1_6' title="bbox 384 619 1966 689">
     <span class='ocr_line' id='line_1_6' title="bbox 384 619 1966 689; baseline -0.004 -13"><span class='ocrx_word' id='word_1_26' title='bbox 384 636 524 689; x_wconf 86' lang='lat' dir='ltr'>puer</span> <span class='ocrx_word' id='word_1_27' title='bbox 550 622 605 675; x_wconf 91' lang='lat' dir='ltr'>in</span> <span class='ocrx_word' id='word_1_28' title='bbox 632 623 884 676; x_wconf 82' lang='lat' dir='ltr'>morbum</span> <span class='ocrx_word' id='word_1_29' title='bbox 909 621 1195 675; x_wconf 80' lang='lat' dir='ltr'>incideret.</span> <span class='ocrx_word' id='word_1_30' title='bbox 1232 621 1371 674; x_wconf 87' lang='lat' dir='ltr'>Eum</span> <span class='ocrx_word' id='word_1_31' title='bbox 1409 619 1619 689; x_wconf 82' lang='lat' dir='ltr'>regina,</span> <span class='ocrx_word' id='word_1_32' title='bbox 1650 634 1718 671; x_wconf 81' lang='lat' dir='ltr'>ex</span> <span class='ocrx_word' id='word_1_33' title='bbox 1742 626 1966 686; x_wconf 85' lang='lat' dir='ltr'>recepto</span> 
     </span>
    </p>
   </div>
   <div class='ocr_carea' id='block_1_7' title="bbox 385 707 1965 780">
    <p class='ocr_par' dir='ltr' id='par_1_7' title="bbox 385 707 1965 780">
     <span class='ocr_line' id='line_1_7' title="bbox 385 707 1965 780; baseline -0.003 -17"><span class='ocrx_word' id='word_1_34' title='bbox 385 708 534 764; x_wconf 89' lang='lat' dir='ltr'>illius</span> <span class='ocrx_word' id='word_1_35' title='bbox 557 711 736 780; x_wconf 89' lang='lat' dir='ltr'>gentis</span> <span class='ocrx_word' id='word_1_36' title='bbox 759 727 932 775; x_wconf 87' lang='lat' dir='ltr'>more,</span> <span class='ocrx_word' id='word_1_37' title='bbox 961 712 1029 769; x_wconf 90' lang='lat' dir='ltr'>ad</span> <span class='ocrx_word' id='word_1_38' title='bbox 1062 711 1198 765; x_wconf 89' lang='lat' dir='ltr'>alias</span> <span class='ocrx_word' id='word_1_39' title='bbox 1218 710 1480 763; x_wconf 87' lang='lat' dir='ltr'>mulieres</span> <span class='ocrx_word' id='word_1_40' title='bbox 1509 709 1812 763; x_wconf 85' lang='lat' dir='ltr'>curandum</span> <span class='ocrx_word' id='word_1_41' title='bbox 1837 707 1965 760; x_wconf 89' lang='lat' dir='ltr'>mit-</span> 
     </span>
    </p>
   </div>
   <div class='ocr_carea' id='block_1_8' title="bbox 386 799 1966 871">
    <p class='ocr_par' dir='ltr' id='par_1_8' title="bbox 386 799 1966 871">
     <span class='ocr_line' id='line_1_8' title="bbox 386 799 1966 871; baseline -0.001 -18"><span class='ocrx_word' id='word_1_42' title='bbox 386 800 565 855; x_wconf 80' lang='lat' dir='ltr'>titzsi</span> <span class='ocrx_word' id='word_1_43' title='bbox 607 802 754 871; x_wconf 89' lang='lat' dir='ltr'>quod</span> <span class='ocrx_word' id='word_1_44' title='bbox 804 802 943 855; x_wconf 86' lang='lat' dir='ltr'>forte</span> <span class='ocrx_word' id='word_1_45' title='bbox 995 800 1173 855; x_wconf 86' lang='lat' dir='ltr'>morbi</span> <span class='ocrx_word' id='word_1_46' title='bbox 1221 799 1528 854; x_wconf 88' lang='lat' dir='ltr'>remedium</span> <span class='ocrx_word' id='word_1_47' title='bbox 1578 808 1824 863; x_wconf 77' lang='lat' dir='ltr'>nossent,</span> <span class='ocrx_word' id='word_1_48' title='bbox 1862 814 1966 851; x_wconf 86' lang='lat' dir='ltr'>usu</span> 
     </span>
    </p>
   </div>
   <div class='ocr_carea' id='block_1_9' title="bbox 385 890 1969 960">
    <p class='ocr_par' dir='ltr' id='par_1_9' title="bbox 385 890 1969 960">
     <span class='ocr_line' id='line_1_9' title="bbox 385 890 1969 960; baseline -0.001 -15"><span class='ocrx_word' id='word_1_49' title='bbox 385 890 506 960; x_wconf 90' lang='lat' dir='ltr'>ipso</span> <span class='ocrx_word' id='word_1_50' title='bbox 538 892 766 946; x_wconf 74' lang='lat' dir='ltr'>edocue.</span> <span class='ocrx_word' id='word_1_51' title='bbox 795 892 899 946; x_wconf 88' lang='lat' dir='ltr'>Sed</span> <span class='ocrx_word' id='word_1_52' title='bbox 933 906 1057 945; x_wconf 87' lang='lat' dir='ltr'>cum</span> <span class='ocrx_word' id='word_1_53' title='bbox 1091 891 1503 945; x_wconf 87' lang='lat' dir='ltr'>circumductus</span> <span class='ocrx_word' id='word_1_54' title='bbox 1534 906 1565 944; x_wconf 89' lang='lat' dir='ltr'>a</span> <span class='ocrx_word' id='word_1_55' title='bbox 1595 891 1806 944; x_wconf 86' lang='lat' dir='ltr'>nutrice</span> <span class='ocrx_word' id='word_1_56' title='bbox 1832 906 1969 959; x_wconf 89' lang='lat' dir='ltr'>puer</span> 
     </span>
    </p>
   </div>
   <div class='ocr_carea' id='block_1_10' title="bbox 385 982 1970 1051">
    <p class='ocr_par' dir='ltr' id='par_1_10' title="bbox 385 982 1970 1051">
     <span class='ocr_line' id='line_1_10' title="bbox 385 982 1970 1051; baseline 0 -16"><span class='ocrx_word' id='word_1_57' title='bbox 385 982 591 1036; x_wconf 88' lang='lat' dir='ltr'>nullam</span> <span class='ocrx_word' id='word_1_58' title='bbox 620 998 777 1051; x_wconf 86' lang='lat' dir='ltr'>opem</span> <span class='ocrx_word' id='word_1_59' title='bbox 806 983 875 1036; x_wconf 89' lang='lat' dir='ltr'>ab</span> <span class='ocrx_word' id='word_1_60' title='bbox 900 982 1023 1036; x_wconf 88' lang='lat' dir='ltr'>aliis</span> <span class='ocrx_word' id='word_1_61' title='bbox 1056 982 1382 1037; x_wconf 86' lang='lat' dir='ltr'>mulieribus</span> <span class='ocrx_word' id='word_1_62' title='bbox 1417 982 1734 1051; x_wconf 88' lang='lat' dir='ltr'>reperisset,</span> <span class='ocrx_word' id='word_1_63' title='bbox 1760 988 1970 1051; x_wconf 87' lang='lat' dir='ltr'>postre-</span> 
     </span>
    </p>
   </div>
   <div class='ocr_carea' id='block_1_11' title="bbox 384 1073 1970 1143">
    <p class='ocr_par' dir='ltr' id='par_1_11' title="bbox 384 1073 1970 1143">
     <span class='ocr_line' id='line_1_11' title="bbox 384 1073 1970 1143; baseline -0.001 -16"><span class='ocrx_word' id='word_1_64' title='bbox 384 1089 475 1127; x_wconf 92' lang='lat' dir='ltr'>mo</span> <span class='ocrx_word' id='word_1_65' title='bbox 510 1073 578 1128; x_wconf 91' lang='lat' dir='ltr'>ad</span> <span class='ocrx_word' id='word_1_66' title='bbox 618 1074 907 1128; x_wconf 88' lang='lat' dir='ltr'>mulierem</span> <span class='ocrx_word' id='word_1_67' title='bbox 954 1074 1223 1143; x_wconf 85' lang='lat' dir='ltr'>captivam</span> <span class='ocrx_word' id='word_1_68' title='bbox 1269 1074 1582 1128; x_wconf 85' lang='lat' dir='ltr'>deducitur.</span> <span class='ocrx_word' id='word_1_69' title='bbox 1634 1074 1728 1127; x_wconf 91' lang='lat' dir='ltr'>Illa</span> <span class='ocrx_word' id='word_1_70' title='bbox 1782 1073 1970 1126; x_wconf 89' lang='lat' dir='ltr'>multis</span> 
     </span>
    </p>
   </div>
   <div class='ocr_carea' id='block_1_12' title="bbox 383 1156 1969 1234">
    <p class='ocr_par' dir='ltr' id='par_1_12' title="bbox 383 1156 1969 1234">
     <span class='ocr_line' id='line_1_12' title="bbox 383 1156 1969 1234; baseline -0.001 -17"><span class='ocrx_word' id='word_1_71' title='bbox 383 1156 713 1220; x_wconf 79' lang='lat' dir='ltr'>mulieribus</span> <span class='ocrx_word' id='word_1_72' title='bbox 749 1165 1145 1233; x_wconf 85' lang='lat' dir='ltr'>spectantibus,</span> <span class='ocrx_word' id='word_1_73' title='bbox 1176 1166 1385 1219; x_wconf 87' lang='lat' dir='ltr'>nullum</span> <span class='ocrx_word' id='word_1_74' title='bbox 1427 1165 1650 1234; x_wconf 88' lang='lat' dir='ltr'>quidem</span> <span class='ocrx_word' id='word_1_75' title='bbox 1688 1163 1969 1233; x_wconf 82' lang='lat' dir='ltr'>corporale</span> 
     </span>
    </p>
   </div>
   <div class='ocr_carea' id='block_1_13' title="bbox 385 1253 1971 1325">
    <p class='ocr_par' dir='ltr' id='par_1_13' title="bbox 385 1253 1971 1325">
     <span class='ocr_line' id='line_1_13' title="bbox 385 1253 1971 1325; baseline 0 -19"><span class='ocrx_word' id='word_1_76' title='bbox 385 1253 690 1307; x_wconf 84' lang='lat' dir='ltr'>remedium</span> <span class='ocrx_word' id='word_1_77' title='bbox 716 1254 987 1317; x_wconf 82' lang='lat' dir='ltr'>adhibuit,</span> <span class='ocrx_word' id='word_1_78' title='bbox 1012 1255 1215 1324; x_wconf 85' lang='lat' dir='ltr'>quippe</span> <span class='ocrx_word' id='word_1_79' title='bbox 1239 1271 1361 1324; x_wconf 68' lang='lat' dir='ltr'>qua:</span> <span class='ocrx_word' id='word_1_80' title='bbox 1382 1255 1594 1308; x_wconf 87' lang='lat' dir='ltr'>nullum</span> <span class='ocrx_word' id='word_1_81' title='bbox 1622 1262 1807 1309; x_wconf 87' lang='lat' dir='ltr'>nosset</span> <span class='ocrx_word' id='word_1_82' title='bbox 1826 1256 1971 1325; x_wconf 87' lang='lat' dir='ltr'>ejus-</span> 
     </span>
    </p>
   </div>
   <div class='ocr_carea' id='block_1_14' title="bbox 384 1342 1970 1417">
    <p class='ocr_par' dir='ltr' id='par_1_14' title="bbox 384 1342 1970 1417">
     <span class='ocr_line' id='line_1_14' title="bbox 384 1342 1970 1417; baseline 0.004 -22"><span class='ocrx_word' id='word_1_83' title='bbox 384 1344 553 1396; x_wconf 84' lang='lat' dir='ltr'>modi.</span> <span class='ocrx_word' id='word_1_84' title='bbox 600 1342 708 1397; x_wconf 89' lang='lat' dir='ltr'>Sed</span> <span class='ocrx_word' id='word_1_85' title='bbox 741 1353 1028 1415; x_wconf 85' lang='lat' dir='ltr'>acceptum</span> <span class='ocrx_word' id='word_1_86' title='bbox 1070 1362 1326 1415; x_wconf 89' lang='lat' dir='ltr'>puerum,</span> <span class='ocrx_word' id='word_1_87' title='bbox 1361 1346 1417 1400; x_wconf 91' lang='lat' dir='ltr'>in</span> <span class='ocrx_word' id='word_1_88' title='bbox 1450 1347 1692 1417; x_wconf 85' lang='lat' dir='ltr'>stragulo</span> <span class='ocrx_word' id='word_1_89' title='bbox 1722 1347 1869 1416; x_wconf 90' lang='lat' dir='ltr'>quod</span> <span class='ocrx_word' id='word_1_90' title='bbox 1902 1362 1970 1401; x_wconf 84' lang='lat' dir='ltr'>ex</span> 
     </span>
    </p>
   </div>
   <div class='ocr_carea' id='block_1_15' title="bbox 384 1433 1968 1506">
    <p class='ocr_par' dir='ltr' id='par_1_15' title="bbox 384 1433 1968 1506">
     <span class='ocr_line' id='line_1_15' title="bbox 384 1433 1968 1506; baseline 0.001 -19"><span class='ocrx_word' id='word_1_91' title='bbox 384 1433 510 1503; x_wconf 84' lang='lat' dir='ltr'>pilis</span> <span class='ocrx_word' id='word_1_92' title='bbox 555 1441 875 1488; x_wconf 85' lang='lat' dir='ltr'>contextum</span> <span class='ocrx_word' id='word_1_93' title='bbox 921 1436 1193 1500; x_wconf 89' lang='lat' dir='ltr'>habebat,</span> <span class='ocrx_word' id='word_1_94' title='bbox 1236 1436 1551 1506; x_wconf 89' lang='lat' dir='ltr'>deponens;</span> <span class='ocrx_word' id='word_1_95' title='bbox 1598 1437 1715 1490; x_wconf 56' lang='lat' dir='ltr'>haec</span> <span class='ocrx_word' id='word_1_96' title='bbox 1757 1443 1968 1490; x_wconf 89' lang='lat' dir='ltr'>tantum</span> 
     </span>
    </p>
   </div>
   <div class='ocr_carea' id='block_1_16' title="bbox 385 1524 1971 1596">
    <p class='ocr_par' dir='ltr' id='par_1_16' title="bbox 385 1524 1971 1596">
     <span class='ocr_line' id='line_1_16' title="bbox 385 1524 1971 1596; baseline 0.003 -20"><span class='ocrx_word' id='word_1_97' title='bbox 385 1524 614 1592; x_wconf 84' lang='lat' dir='ltr'>protulit</span> <span class='ocrx_word' id='word_1_98' title='bbox 635 1525 839 1579; x_wconf 88' lang='lat' dir='ltr'>verba:</span> <span class='ocrx_word' id='word_1_99' title='bbox 880 1526 1150 1591; x_wconf 86' lang='lat' dir='ltr'>Christus,</span> <span class='ocrx_word' id='word_1_100' title='bbox 1193 1527 1288 1596; x_wconf 89' lang='lat' dir='ltr'>qui</span> <span class='ocrx_word' id='word_1_101' title='bbox 1329 1528 1531 1582; x_wconf 90' lang='lat' dir='ltr'>multos</span> <span class='ocrx_word' id='word_1_102' title='bbox 1565 1527 1794 1591; x_wconf 77' lang='lat' dir='ltr'>sanavit,</span> <span class='ocrx_word' id='word_1_103' title='bbox 1822 1528 1971 1581; x_wconf 90' lang='lat' dir='ltr'>hunc</span> 
     </span>
    </p>
   </div>
   <div class='ocr_carea' id='block_1_17' title="bbox 385 1613 1969 1671">
    <p class='ocr_par' dir='ltr' id='par_1_17' title="bbox 385 1613 1969 1671">
     <span class='ocr_line' id='line_1_17' title="bbox 385 1613 1969 1671; baseline 0.003 -5"><span class='ocrx_word' id='word_1_104' title='bbox 385 1613 549 1666; x_wconf 90' lang='lat' dir='ltr'>etiam</span> <span class='ocrx_word' id='word_1_105' title='bbox 587 1615 803 1668; x_wconf 89' lang='lat' dir='ltr'>sanabit</span> <span class='ocrx_word' id='word_1_106' title='bbox 838 1615 1123 1671; x_wconf 82' lang='lat' dir='ltr'>infantem.</span> <span class='ocrx_word' id='word_1_107' title='bbox 1155 1617 1287 1671; x_wconf 92' lang='lat' dir='ltr'>Post</span> <span class='ocrx_word' id='word_1_108' title='bbox 1328 1617 1444 1671; x_wconf 69' lang='lat' dir='ltr'>haec</span> <span class='ocrx_word' id='word_1_109' title='bbox 1480 1617 1645 1670; x_wconf 87' lang='lat' dir='ltr'>verba</span> <span class='ocrx_word' id='word_1_110' title='bbox 1686 1632 1809 1670; x_wconf 91' lang='lat' dir='ltr'>cum</span> <span class='ocrx_word' id='word_1_111' title='bbox 1844 1633 1969 1671; x_wconf 90' lang='lat' dir='ltr'>ora-</span> 
     </span>
    </p>
   </div>
   <div class='ocr_carea' id='block_1_18' title="bbox 388 1704 1973 1777">
    <p class='ocr_par' dir='ltr' id='par_1_18' title="bbox 388 1704 1973 1777">
     <span class='ocr_line' id='line_1_18' title="bbox 388 1704 1973 1777; baseline 0.004 -22"><span class='ocrx_word' id='word_1_112' title='bbox 388 1704 592 1759; x_wconf 88' lang='lat' dir='ltr'>tionem</span> <span class='ocrx_word' id='word_1_113' title='bbox 620 1705 857 1777; x_wconf 76' lang='lat' dir='ltr'>fecisset,</span> <span class='ocrx_word' id='word_1_114' title='bbox 881 1707 1089 1777; x_wconf 84' lang='lat' dir='ltr'>Deique</span> <span class='ocrx_word' id='word_1_115' title='bbox 1114 1709 1377 1762; x_wconf 80' lang='lat' dir='ltr'>auxilium</span> <span class='ocrx_word' id='word_1_116' title='bbox 1402 1709 1730 1773; x_wconf 77' lang='lat' dir='ltr'>invocasset,</span> <span class='ocrx_word' id='word_1_117' title='bbox 1754 1725 1784 1763; x_wconf 92' lang='lat' dir='ltr'>e</span> <span class='ocrx_word' id='word_1_118' title='bbox 1807 1709 1973 1763; x_wconf 88' lang='lat' dir='ltr'>vesti-</span> 
     </span>
    </p>
   </div>
   <div class='ocr_carea' id='block_1_19' title="bbox 2067 521 3645 597">
    <p class='ocr_par' dir='ltr' id='par_1_19' title="bbox 2067 521 3645 597">
     <span class='ocr_line' id='line_1_19' title="bbox 2067 521 3645 597; baseline -0.004 -19"><span class='ocrx_word' id='word_1_119' title='bbox 2067 527 2200 590; x_wconf 89' lang='grc' dir='ltr'>λέως</span> <span class='ocrx_word' id='word_1_120' title='bbox 2238 527 2404 579; x_wconf 82' lang='grc' dir='ltr'>παῖδα</span> <span class='ocrx_word' id='word_1_121' title='bbox 2436 528 2628 597; x_wconf 79' lang='grc' dir='ltr'>νήπιον</span> <span class='ocrx_word' id='word_1_122' title='bbox 2661 526 2809 590; x_wconf 76' lang='grc' dir='ltr'>ὄντα,</span> <span class='ocrx_word' id='word_1_123' title='bbox 2851 523 3130 593; x_wconf 73' lang='grc' dir='ltr'>ἀρρωστίᾳ</span> <span class='ocrx_word' id='word_1_124' title='bbox 3163 522 3500 592; x_wconf 85' lang='grc' dir='ltr'>περιπεσεῖν.</span> <span class='ocrx_word' id='word_1_125' title='bbox 3535 521 3645 572; x_wconf 75' lang='grc' dir='ltr'>Καὶ</span> 
     </span>
    </p>
   </div>
   <div class='ocr_carea' id='block_1_20' title="bbox 2068 611 3644 690">
    <p class='ocr_par' dir='ltr' id='par_1_20' title="bbox 2068 611 3644 690">
     <span class='ocr_line' id='line_1_20' title="bbox 2068 611 3644 690; baseline -0.003 -20"><span class='ocrx_word' id='word_1_126' title='bbox 2068 618 2178 670; x_wconf 78' lang='grc' dir='ltr'>ἔθει</span> <span class='ocrx_word' id='word_1_127' title='bbox 2207 620 2311 670; x_wconf 76' lang='grc' dir='ltr'>τινὶ</span> <span class='ocrx_word' id='word_1_128' title='bbox 2360 618 2610 690; x_wconf 82' lang='grc' dir='ltr'>ἐγχωρίῳ</span> <span class='ocrx_word' id='word_1_129' title='bbox 2630 659 2647 684; x_wconf 89' lang='grc'>,</span> <span class='ocrx_word' id='word_1_130' title='bbox 2683 616 2834 686; x_wconf 76' lang='grc' dir='ltr'>παρᾶ</span> <span class='ocrx_word' id='word_1_131' title='bbox 2868 615 2965 675; x_wconf 67' lang='grc' dir='ltr'>τὰς</span> <span class='ocrx_word' id='word_1_132' title='bbox 2992 614 3154 677; x_wconf 83' lang='grc' dir='ltr'>ἄλλας</span> <span class='ocrx_word' id='word_1_133' title='bbox 3184 616 3447 682; x_wconf 83' lang='grc' dir='ltr'>γυναῖκας</span> <span class='ocrx_word' id='word_1_134' title='bbox 3483 614 3517 684; x_wconf 82' lang='grc' dir='ltr'><strong>ή</strong></span> <span class='ocrx_word' id='word_1_135' title='bbox 3553 611 3644 666; x_wconf 87' lang='grc' dir='ltr'>τοῦ</span> 
     </span>
    </p>
   </div>
   <div class='ocr_carea' id='block_1_21' title="bbox 2071 704 3644 779">
    <p class='ocr_par' dir='ltr' id='par_1_21' title="bbox 2071 704 3644 779">
     <span class='ocr_line' id='line_1_21' title="bbox 2071 704 3644 779; baseline -0.003 -17"><span class='ocrx_word' id='word_1_136' title='bbox 2071 709 2334 779; x_wconf 82' lang='grc' dir='ltr'>βασιλέως</span> <span class='ocrx_word' id='word_1_137' title='bbox 2359 710 2495 779; x_wconf 72' lang='grc' dir='ltr'>γυνὴ</span> <span class='ocrx_word' id='word_1_138' title='bbox 2533 709 2744 779; x_wconf 76' lang='grc' dir='ltr'>ἔπεμπε</span> <span class='ocrx_word' id='word_1_139' title='bbox 2770 707 2859 758; x_wconf 80' lang='grc' dir='ltr'>τὸν</span> <span class='ocrx_word' id='word_1_140' title='bbox 2892 706 3054 757; x_wconf 86' lang='grc' dir='ltr'>παῖδα</span> <span class='ocrx_word' id='word_1_141' title='bbox 3087 704 3644 775; x_wconf 81' lang='grc' dir='ltr'>θεραπευθησόμενον,</span> 
     </span>
    </p>
   </div>
   <div class='ocr_carea' id='block_1_22' title="bbox 2070 797 3650 872">
    <p class='ocr_par' dir='ltr' id='par_1_22' title="bbox 2070 797 3650 872">
     <span class='ocr_line' id='line_1_22' title="bbox 2070 797 3650 872; baseline -0.003 -18"><span class='ocrx_word' id='word_1_142' title='bbox 2070 802 2222 854; x_wconf 77' lang='grc' dir='ltr'>εἵπου</span> <span class='ocrx_word' id='word_1_143' title='bbox 2254 819 2307 854; x_wconf 86' lang='grc' dir='ltr'>τι</span> <span class='ocrx_word' id='word_1_144' title='bbox 2339 800 2590 871; x_wconf 75' lang='grc' dir='ltr'>βοήθημα</span> <span class='ocrx_word' id='word_1_145' title='bbox 2620 800 2755 872; x_wconf 77' lang='grc' dir='ltr'>πρὸς</span> <span class='ocrx_word' id='word_1_146' title='bbox 2782 801 2880 871; x_wconf 82' lang='grc' dir='ltr'>τὴν</span> <span class='ocrx_word' id='word_1_147' title='bbox 2905 801 3056 852; x_wconf 80' lang='grc' dir='ltr'>νόσον</span> <span class='ocrx_word' id='word_1_148' title='bbox 3087 800 3150 849; x_wconf 82' lang='grc' dir='ltr'>ἐκ</span> <span class='ocrx_word' id='word_1_149' title='bbox 3174 799 3369 869; x_wconf 84' lang='grc' dir='ltr'>πείρας</span> <span class='ocrx_word' id='word_1_150' title='bbox 3396 797 3650 850; x_wconf 68' lang='grc' dir='ltr'>ἐπίσταν-</span> 
     </span>
    </p>
   </div>
   <div class='ocr_carea' id='block_1_23' title="bbox 2068 888 3647 961">
    <p class='ocr_par' dir='ltr' id='par_1_23' title="bbox 2068 888 3647 961">
     <span class='ocr_line' id='line_1_23' title="bbox 2068 888 3647 961; baseline -0.004 -16"><span class='ocrx_word' id='word_1_151' title='bbox 2068 910 2176 945; x_wconf 77' lang='grc' dir='ltr'>ται.</span> <span class='ocrx_word' id='word_1_152' title='bbox 2220 893 2307 953; x_wconf 79' lang='grc' dir='ltr'>Ὠς</span> <span class='ocrx_word' id='word_1_153' title='bbox 2337 892 2392 944; x_wconf 77' lang='grc' dir='ltr'>δὲ</span> <span class='ocrx_word' id='word_1_154' title='bbox 2431 890 2747 961; x_wconf 69' lang='grc' dir='ltr'>περιαχθεὶς</span> <span class='ocrx_word' id='word_1_155' title='bbox 2772 894 2797 943; x_wconf 89' lang='lat'>6</span> <span class='ocrx_word' id='word_1_156' title='bbox 2837 894 2962 954; x_wconf 84' lang='grc' dir='ltr'>παῖς</span> <span class='ocrx_word' id='word_1_157' title='bbox 2999 890 3102 942; x_wconf 70' lang='grc' dir='ltr'>ὑπὸ</span> <span class='ocrx_word' id='word_1_158' title='bbox 3134 891 3231 958; x_wconf 79' lang='grc' dir='ltr'>τῆς</span> <span class='ocrx_word' id='word_1_159' title='bbox 3258 888 3479 959; x_wconf 51' lang='grc' dir='ltr'>τροφοῦ,</span> <span class='ocrx_word' id='word_1_160' title='bbox 3519 889 3647 957; x_wconf 82' lang='grc' dir='ltr'>παρ’</span> 
     </span>
    </p>
   </div>
   <div class='ocr_carea' id='block_1_24' title="bbox 2068 979 3650 1055">
    <p class='ocr_par' dir='ltr' id='par_1_24' title="bbox 2068 979 3650 1055">
     <span class='ocr_line' id='line_1_24' title="bbox 2068 979 3650 1055; baseline -0.005 -17"><span class='ocrx_word' id='word_1_161' title='bbox 2068 986 2325 1055; x_wconf 73' lang='grc' dir='ltr'>οὐδεμιᾶς</span> <span class='ocrx_word' id='word_1_162' title='bbox 2367 984 2477 1037; x_wconf 84' lang='grc' dir='ltr'>τῶν</span> <span class='ocrx_word' id='word_1_163' title='bbox 2506 982 2779 1051; x_wconf 80' lang='grc' dir='ltr'>γυναικῶν</span> <span class='ocrx_word' id='word_1_164' title='bbox 2829 982 3125 1053; x_wconf 73' lang='grc' dir='ltr'>θεραπείας</span> <span class='ocrx_word' id='word_1_165' title='bbox 3171 979 3454 1048; x_wconf 78' lang='grc' dir='ltr'>ἐτύγχανε,</span> <span class='ocrx_word' id='word_1_166' title='bbox 3498 979 3650 1042; x_wconf 84' lang='grc' dir='ltr'>τέλος</span> 
     </span>
    </p>
   </div>
   <div class='ocr_carea' id='block_1_25' title="bbox 2070 1070 3651 1145">
    <p class='ocr_par' dir='ltr' id='par_1_25' title="bbox 2070 1070 3651 1145">
     <span class='ocr_line' id='line_1_25' title="bbox 2070 1070 3651 1145; baseline -0.004 -17"><span class='ocrx_word' id='word_1_167' title='bbox 2070 1076 2261 1143; x_wconf 81' lang='grc' dir='ltr'>ἄγεται</span> <span class='ocrx_word' id='word_1_168' title='bbox 2308 1075 2444 1145; x_wconf 85' lang='grc' dir='ltr'>πρὸς</span> <span class='ocrx_word' id='word_1_169' title='bbox 2492 1073 2590 1143; x_wconf 83' lang='grc' dir='ltr'>τὴν</span> <span class='ocrx_word' id='word_1_170' title='bbox 2621 1072 2985 1143; x_wconf 80' lang='grc' dir='ltr'>αἰχμάλωτον.</span> <span class='ocrx_word' id='word_1_171' title='bbox 3030 1072 3091 1123; x_wconf 77' lang='grc'>’11</span> <span class='ocrx_word' id='word_1_172' title='bbox 3128 1071 3182 1123; x_wconf 78' lang='grc' dir='ltr'>δὲ</span> <span class='ocrx_word' id='word_1_173' title='bbox 3205 1111 3216 1132; x_wconf 93' lang='grc'>,</span> <span class='ocrx_word' id='word_1_174' title='bbox 3248 1071 3340 1122; x_wconf 74' lang='grc' dir='ltr'>ἐπὶ</span> <span class='ocrx_word' id='word_1_175' title='bbox 3378 1070 3651 1140; x_wconf 77' lang='grc' dir='ltr'>παρουσίᾳ</span> 
     </span>
    </p>
   </div>
   <div class='ocr_carea' id='block_1_26' title="bbox 2072 1162 3652 1234">
    <p class='ocr_par' dir='ltr' id='par_1_26' title="bbox 2072 1162 3652 1234">
     <span class='ocr_line' id='line_1_26' title="bbox 2072 1162 3652 1234; baseline -0.003 -16"><span class='ocrx_word' id='word_1_176' title='bbox 2072 1165 2279 1219; x_wconf 80' lang='grc' dir='ltr'>πολλῶν</span> <span class='ocrx_word' id='word_1_177' title='bbox 2312 1164 2618 1234; x_wconf 84' lang='grc' dir='ltr'>γυναικῶν,</span> <span class='ocrx_word' id='word_1_178' title='bbox 2661 1164 2845 1216; x_wconf 76' lang='grc' dir='ltr'>ὑλικὸν</span> <span class='ocrx_word' id='word_1_179' title='bbox 2893 1164 2990 1233; x_wconf 78' lang='grc' dir='ltr'>μὲν</span> <span class='ocrx_word' id='word_1_180' title='bbox 3019 1162 3272 1233; x_wconf 77' lang='grc' dir='ltr'>βοήθημα</span> <span class='ocrx_word' id='word_1_181' title='bbox 3314 1162 3652 1233; x_wconf 76' lang='grc' dir='ltr'>προσέφερεν</span> 
     </span>
    </p>
   </div>
   <div class='ocr_carea' id='block_1_27' title="bbox 2069 1253 3649 1326">
    <p class='ocr_par' dir='ltr' id='par_1_27' title="bbox 2069 1253 3649 1326">
     <span class='ocr_line' id='line_1_27' title="bbox 2069 1253 3649 1326; baseline -0.004 -17"><span class='ocrx_word' id='word_1_182' title='bbox 2069 1258 2253 1310; x_wconf 75' lang='grc' dir='ltr'>οὐδέν·</span> <span class='ocrx_word' id='word_1_183' title='bbox 2287 1257 2405 1309; x_wconf 69' lang='grc' dir='ltr'>οὐδὲ</span> <span class='ocrx_word' id='word_1_184' title='bbox 2450 1258 2558 1326; x_wconf 72' lang='grc' dir='ltr'>γὰρ</span> <span class='ocrx_word' id='word_1_185' title='bbox 2592 1256 2879 1323; x_wconf 74' lang='grc' dir='ltr'>ἠπίστατο.</span> <span class='ocrx_word' id='word_1_186' title='bbox 2933 1253 3208 1324; x_wconf 72' lang='grc' dir='ltr'>Δεξαμένη</span> <span class='ocrx_word' id='word_1_187' title='bbox 3253 1253 3308 1304; x_wconf 77' lang='grc' dir='ltr'>δὲ</span> <span class='ocrx_word' id='word_1_188' title='bbox 3342 1253 3432 1304; x_wconf 73' lang='grc' dir='ltr'>τὸν</span> <span class='ocrx_word' id='word_1_189' title='bbox 3463 1253 3649 1315; x_wconf 77' lang='grc' dir='ltr'>παῖδα,</span> 
     </span>
    </p>
   </div>
   <div class='ocr_carea' id='block_1_28' title="bbox 2071 1342 3653 1416">
    <p class='ocr_par' dir='ltr' id='par_1_28' title="bbox 2071 1342 3653 1416">
     <span class='ocr_line' id='line_1_28' title="bbox 2071 1342 3653 1416; baseline -0.003 -16"><span class='ocrx_word' id='word_1_190' title='bbox 2071 1350 2162 1400; x_wconf 74' lang='grc' dir='ltr'>καὶ</span> <span class='ocrx_word' id='word_1_191' title='bbox 2211 1349 2291 1411; x_wconf 86' lang='grc' dir='ltr'>εἰς</span> <span class='ocrx_word' id='word_1_192' title='bbox 2334 1347 2394 1400; x_wconf 79' lang='grc' dir='ltr'>τὸ</span> <span class='ocrx_word' id='word_1_193' title='bbox 2441 1348 2505 1399; x_wconf 78' lang='grc' dir='ltr'>ἐκ</span> <span class='ocrx_word' id='word_1_194' title='bbox 2546 1345 2752 1416; x_wconf 81' lang='grc' dir='ltr'>τριχῶν</span> <span class='ocrx_word' id='word_1_195' title='bbox 2792 1345 3101 1414; x_wconf 73' lang='grc' dir='ltr'>ὑφασμένον</span> <span class='ocrx_word' id='word_1_196' title='bbox 3133 1344 3272 1413; x_wconf 77' lang='grc' dir='ltr'>αὐτῇ</span> <span class='ocrx_word' id='word_1_197' title='bbox 3310 1342 3653 1413; x_wconf 77' lang='grc' dir='ltr'>στρωμάτιον</span> 
     </span>
    </p>
   </div>
   <div class='ocr_carea' id='block_1_29' title="bbox 2071 1432 3651 1506">
    <p class='ocr_par' dir='ltr' id='par_1_29' title="bbox 2071 1432 3651 1506">
     <span class='ocr_line' id='line_1_29' title="bbox 2071 1432 3651 1506; baseline -0.005 -13"><span class='ocrx_word' id='word_1_198' title='bbox 2071 1440 2427 1506; x_wconf 85' lang='grc' dir='ltr'>ἀνακλίνασα,</span> <span class='ocrx_word' id='word_1_199' title='bbox 2456 1438 2613 1506; x_wconf 84' lang='grc' dir='ltr'>λόγον</span> <span class='ocrx_word' id='word_1_200' title='bbox 2644 1432 2795 1489; x_wconf 80' lang='grc' dir='ltr'>εἶπεν</span> <span class='ocrx_word' id='word_1_201' title='bbox 2820 1436 3052 1489; x_wconf 83' lang='grc' dir='ltr'>ἁπλοῦν·</span> <span class='ocrx_word' id='word_1_202' title='bbox 3093 1435 3151 1487; x_wconf 87' lang='lat'>&#39;0</span> <span class='ocrx_word' id='word_1_203' title='bbox 3186 1434 3438 1505; x_wconf 75' lang='grc' dir='ltr'>Χριστὸς,</span> <span class='ocrx_word' id='word_1_204' title='bbox 3466 1434 3651 1503; x_wconf 62' lang='grc' dir='ltr'>φησιν,</span> 
     </span>
    </p>
   </div>
   <div class='ocr_carea' id='block_1_30' title="bbox 2070 1526 3650 1600">
    <p class='ocr_par' dir='ltr' id='par_1_30' title="bbox 2070 1526 3650 1600">
     <span class='ocr_line' id='line_1_30' title="bbox 2070 1526 3650 1600; baseline -0.004 -15"><span class='ocrx_word' id='word_1_205' title='bbox 2070 1535 2097 1585; x_wconf 86' lang='lat'>6</span> <span class='ocrx_word' id='word_1_206' title='bbox 2138 1532 2366 1594; x_wconf 78' lang='grc' dir='ltr'>πολλοὺς</span> <span class='ocrx_word' id='word_1_207' title='bbox 2418 1531 2731 1600; x_wconf 77' lang='grc' dir='ltr'>ἰασάμενος,</span> <span class='ocrx_word' id='word_1_208' title='bbox 2773 1528 2867 1582; x_wconf 74' lang='grc' dir='ltr'>καὶ</span> <span class='ocrx_word' id='word_1_209' title='bbox 2904 1528 3064 1580; x_wconf 84' lang='grc' dir='ltr'>τοῦτο</span> <span class='ocrx_word' id='word_1_210' title='bbox 3094 1527 3155 1580; x_wconf 77' lang='grc' dir='ltr'>τὸ</span> <span class='ocrx_word' id='word_1_211' title='bbox 3191 1527 3388 1598; x_wconf 76' lang='grc' dir='ltr'>βρέφος</span> <span class='ocrx_word' id='word_1_212' title='bbox 3421 1526 3650 1580; x_wconf 81' lang='grc' dir='ltr'>ἰάσεται.</span> 
     </span>
    </p>
   </div>
   <div class='ocr_carea' id='block_1_31' title="bbox 2087 1620 3657 1694">
    <p class='ocr_par' dir='ltr' id='par_1_31' title="bbox 2087 1620 3657 1694">
     <span class='ocr_line' id='line_1_31' title="bbox 2087 1620 3657 1694; baseline -0.004 -16"><span class='ocrx_word' id='word_1_213' title='bbox 2087 1623 2497 1694; x_wconf 68' lang='grc' dir='ltr'>Ἱυέπευξαμένης</span> <span class='ocrx_word' id='word_1_214' title='bbox 2528 1639 2588 1674; x_wconf 92' lang='grc' dir='ltr'>τε</span> <span class='ocrx_word' id='word_1_215' title='bbox 2636 1622 2728 1673; x_wconf 75' lang='grc' dir='ltr'>ἐπὶ</span> <span class='ocrx_word' id='word_1_216' title='bbox 2765 1620 2846 1690; x_wconf 80' lang='grc' dir='ltr'>τῷ</span> <span class='ocrx_word' id='word_1_217' title='bbox 2873 1620 3015 1690; x_wconf 80' lang='grc' dir='ltr'>λόγῳ</span> <span class='ocrx_word' id='word_1_218' title='bbox 3056 1620 3248 1689; x_wconf 80' lang='grc' dir='ltr'>τούτῳ,</span> <span class='ocrx_word' id='word_1_219' title='bbox 3277 1620 3370 1672; x_wconf 77' lang='grc' dir='ltr'>καὶ</span> <span class='ocrx_word' id='word_1_220' title='bbox 3404 1620 3657 1672; x_wconf 75' lang='grc' dir='ltr'>ἐπικαλε-</span> 
     </span>
    </p>
   </div>
   <div class='ocr_carea' id='block_1_32' title="bbox 2075 1709 3658 1786">
    <p class='ocr_par' dir='ltr' id='par_1_32' title="bbox 2075 1709 3658 1786">
     <span class='ocr_line' id='line_1_32' title="bbox 2075 1709 3658 1786; baseline -0.003 -18"><span class='ocrx_word' id='word_1_221' title='bbox 2075 1715 2316 1786; x_wconf 75' lang='grc' dir='ltr'>σαμένης</span> <span class='ocrx_word' id='word_1_222' title='bbox 2345 1714 2500 1776; x_wconf 69' lang='grc' dir='ltr'>Θεὸν,</span> <span class='ocrx_word' id='word_1_223' title='bbox 2545 1715 2882 1783; x_wconf 75' lang='grc' dir='ltr'>παραχρῆμα</span> <span class='ocrx_word' id='word_1_224' title='bbox 2911 1713 2939 1764; x_wconf 97' lang='lat'>6</span> <span class='ocrx_word' id='word_1_225' title='bbox 2968 1713 3097 1775; x_wconf 82' lang='grc' dir='ltr'>παῖς</span> <span class='ocrx_word' id='word_1_226' title='bbox 3135 1709 3534 1781; x_wconf 61' lang='grc' dir='ltr'>ἁπιερῤὡννυτο,</span> <span class='ocrx_word' id='word_1_227' title='bbox 3561 1710 3658 1764; x_wconf 72' lang='grc' dir='ltr'>καὶ</span> 
     </span>
    </p>
   </div>
   <div class='ocr_carea' id='block_1_33' title="bbox 388 1768 1980 1875">
    <p class='ocr_par' dir='ltr' id='par_1_33' title="bbox 388 1768 1967 1869">
     <span class='ocr_line' id='line_1_33' title="bbox 388 1768 1967 1869; baseline 0.005 -24"><span class='ocrx_word' id='word_1_228' title='bbox 388 1794 476 1862; x_wconf 82' lang='lat' dir='ltr'>gio</span> <span class='ocrx_word' id='word_1_229' title='bbox 499 1768 829 1851; x_wconf 49' lang='lat' dir='ltr'>sanatusest</span> <span class='ocrx_word' id='word_1_230' title='bbox 851 1814 1007 1868; x_wconf 91' lang='lat' dir='ltr'>puer,</span> <span class='ocrx_word' id='word_1_231' title='bbox 1034 1806 1089 1853; x_wconf 93' lang='lat' dir='ltr'>et</span> <span class='ocrx_word' id='word_1_232' title='bbox 1113 1799 1167 1853; x_wconf 91' lang='lat' dir='ltr'>in</span> <span class='ocrx_word' id='word_1_233' title='bbox 1192 1808 1472 1869; x_wconf 88' lang='lat' dir='ltr'>posterum</span> <span class='ocrx_word' id='word_1_234' title='bbox 1502 1810 1651 1855; x_wconf 87' lang='lat' dir='ltr'>recte</span> <span class='ocrx_word' id='word_1_235' title='bbox 1677 1817 1733 1854; x_wconf 83' lang='lat' dir='ltr'>se</span> <span class='ocrx_word' id='word_1_236' title='bbox 1756 1800 1967 1854; x_wconf 88' lang='lat' dir='ltr'>habuit.</span> 
     </span>
    </p>
   </div>
   <div class='ocr_carea' id='block_1_34' title="bbox 2080 1768 3656 1875">
    <p class='ocr_par' dir='ltr' id='par_1_34' title="bbox 2080 1798 3656 1875">
     <span class='ocr_line' id='line_1_34' title="bbox 2080 1798 3656 1875; baseline -0.003 -19"><span class='ocrx_word' id='word_1_237' title='bbox 2080 1802 2216 1875; x_wconf 78' lang='grc' dir='ltr'>εἶχεν</span> <span class='ocrx_word' id='word_1_238' title='bbox 2244 1803 2303 1868; x_wconf 80' lang='grc' dir='ltr'>ἐξ</span> <span class='ocrx_word' id='word_1_239' title='bbox 2333 1802 2540 1873; x_wconf 76' lang='grc' dir='ltr'>ἐκείνου</span> <span class='ocrx_word' id='word_1_240' title='bbox 2573 1801 2772 1864; x_wconf 80' lang='grc' dir='ltr'>καλῶς.</span> <span class='ocrx_word' id='word_1_241' title='bbox 2811 1802 2972 1871; x_wconf 76' lang='grc' dir='ltr'>Φήμη</span> <span class='ocrx_word' id='word_1_242' title='bbox 2999 1818 3058 1852; x_wconf 82' lang='grc' dir='ltr'>τε</span> <span class='ocrx_word' id='word_1_243' title='bbox 3088 1799 3335 1852; x_wconf 80' lang='grc' dir='ltr'>ἐντεῦθεν</span> <span class='ocrx_word' id='word_1_244' title='bbox 3382 1798 3482 1861; x_wconf 80' lang='grc' dir='ltr'>τὰς</span> <span class='ocrx_word' id='word_1_245' title='bbox 3514 1800 3656 1870; x_wconf 85' lang='grc' dir='ltr'>Βαρ-</span> 
     </span>
    </p>
   </div>
   <div class='ocr_carea' id='block_1_35' title="bbox 388 1884 1972 1960">
    <p class='ocr_par' dir='ltr' id='par_1_35' title="bbox 388 1884 1972 1960">
     <span class='ocr_line' id='line_1_35' title="bbox 388 1884 1972 1960; baseline 0.005 -23"><span class='ocrx_word' id='word_1_246' title='bbox 388 1884 554 1940; x_wconf 87' lang='lat' dir='ltr'>Fama</span> <span class='ocrx_word' id='word_1_247' title='bbox 587 1887 784 1942; x_wconf 78' lang='lat' dir='ltr'>exinde</span> <span class='ocrx_word' id='word_1_248' title='bbox 824 1889 893 1943; x_wconf 93' lang='lat' dir='ltr'>ad</span> <span class='ocrx_word' id='word_1_249' title='bbox 918 1890 1156 1960; x_wconf 90' lang='lat' dir='ltr'>reliquas</span> <span class='ocrx_word' id='word_1_250' title='bbox 1199 1891 1560 1945; x_wconf 86' lang='lat' dir='ltr'>barbarorum</span> <span class='ocrx_word' id='word_1_251' title='bbox 1602 1892 1880 1955; x_wconf 90' lang='lat' dir='ltr'>mulieres,</span> <span class='ocrx_word' id='word_1_252' title='bbox 1915 1900 1972 1945; x_wconf 92' lang='lat' dir='ltr'>et</span> 
     </span>
    </p>
   </div>
   <div class='ocr_carea' id='block_1_36' title="bbox 388 1975 1973 2053">
    <p class='ocr_par' dir='ltr' id='par_1_36' title="bbox 388 1975 1973 2053">
     <span class='ocr_line' id='line_1_36' title="bbox 388 1975 1973 2053; baseline 0.006 -25"><span class='ocrx_word' id='word_1_253' title='bbox 388 1975 457 2029; x_wconf 88' lang='lat' dir='ltr'>ad</span> <span class='ocrx_word' id='word_1_254' title='bbox 489 1976 660 2045; x_wconf 88' lang='lat' dir='ltr'>ipsam</span> <span class='ocrx_word' id='word_1_255' title='bbox 686 1994 858 2048; x_wconf 89' lang='lat' dir='ltr'>usque</span> <span class='ocrx_word' id='word_1_256' title='bbox 882 1981 1126 2052; x_wconf 81' lang='lat' dir='ltr'>reginam</span> <span class='ocrx_word' id='word_1_257' title='bbox 1150 1983 1405 2052; x_wconf 79' lang='lat' dir='ltr'>pervenit</span> <span class='ocrx_word' id='word_1_258' title='bbox 1431 2000 1443 2035; x_wconf 95' lang='lat'>:</span> <span class='ocrx_word' id='word_1_259' title='bbox 1473 1998 1782 2052; x_wconf 90' lang='lat' dir='ltr'>nomenque</span> <span class='ocrx_word' id='word_1_260' title='bbox 1805 1983 1973 2053; x_wconf 88' lang='lat' dir='ltr'>capti-</span> 
     </span>
    </p>
   </div>
   <div class='ocr_carea' id='block_1_37' title="bbox 388 2067 1971 2144">
    <p class='ocr_par' dir='ltr' id='par_1_37' title="bbox 388 2067 1971 2144">
     <span class='ocr_line' id='line_1_37' title="bbox 388 2067 1971 2144; baseline 0.007 -27"><span class='ocrx_word' id='word_1_261' title='bbox 388 2081 470 2120; x_wconf 63' lang='lat' dir='ltr'>vae</span> <span class='ocrx_word' id='word_1_262' title='bbox 497 2067 767 2124; x_wconf 90' lang='lat' dir='ltr'>illustrius</span> <span class='ocrx_word' id='word_1_263' title='bbox 790 2073 1015 2127; x_wconf 77' lang='lat' dir='ltr'>exstitit.</span> <span class='ocrx_word' id='word_1_264' title='bbox 1036 2074 1149 2128; x_wconf 78' lang='lat' dir='ltr'>Nec</span> <span class='ocrx_word' id='word_1_265' title='bbox 1171 2074 1343 2127; x_wconf 90' lang='lat' dir='ltr'>multo</span> <span class='ocrx_word' id='word_1_266' title='bbox 1366 2080 1487 2143; x_wconf 88' lang='lat' dir='ltr'>post</span> <span class='ocrx_word' id='word_1_267' title='bbox 1510 2075 1626 2144; x_wconf 86' lang='lat' dir='ltr'>ipsa</span> <span class='ocrx_word' id='word_1_268' title='bbox 1649 2090 1863 2144; x_wconf 92' lang='lat' dir='ltr'>quoque</span> <span class='ocrx_word' id='word_1_269' title='bbox 1881 2090 1971 2128; x_wconf 91' lang='lat' dir='ltr'>re-</span> 
     </span>
    </p>
   </div>
   <div class='ocr_carea' id='block_1_38' title="bbox 389 2157 1977 2235">
    <p class='ocr_par' dir='ltr' id='par_1_38' title="bbox 389 2157 1977 2235">
     <span class='ocr_line' id='line_1_38' title="bbox 389 2157 1977 2235; baseline 0.005 -24"><span class='ocrx_word' id='word_1_270' title='bbox 389 2157 515 2227; x_wconf 89' lang='lat' dir='ltr'>gina</span> <span class='ocrx_word' id='word_1_271' title='bbox 538 2159 593 2214; x_wconf 89' lang='lat' dir='ltr'>in</span> <span class='ocrx_word' id='word_1_272' title='bbox 617 2162 869 2216; x_wconf 89' lang='lat' dir='ltr'>morbum</span> <span class='ocrx_word' id='word_1_273' title='bbox 898 2163 1138 2234; x_wconf 88' lang='lat' dir='ltr'>delapsa,</span> <span class='ocrx_word' id='word_1_274' title='bbox 1166 2165 1453 2220; x_wconf 90' lang='lat' dir='ltr'>mulierem</span> <span class='ocrx_word' id='word_1_275' title='bbox 1489 2167 1757 2235; x_wconf 87' lang='lat' dir='ltr'>captivam</span> <span class='ocrx_word' id='word_1_276' title='bbox 1792 2181 1977 2221; x_wconf 88' lang='lat' dir='ltr'>accer-</span> 
     </span>
    </p>
   </div>
   <div class='ocr_carea' id='block_1_39' title="bbox 391 2248 1970 2325">
    <p class='ocr_par' dir='ltr' id='par_1_39' title="bbox 391 2248 1970 2325">
     <span class='ocr_line' id='line_1_39' title="bbox 391 2248 1970 2325; baseline 0.008 -24"><span class='ocrx_word' id='word_1_277' title='bbox 391 2249 483 2302; x_wconf 82' lang='lat' dir='ltr'>sit.</span> <span class='ocrx_word' id='word_1_278' title='bbox 525 2248 656 2316; x_wconf 71' lang='lat' dir='ltr'>Quae</span> <span class='ocrx_word' id='word_1_279' title='bbox 690 2269 817 2307; x_wconf 92' lang='lat' dir='ltr'>eum</span> <span class='ocrx_word' id='word_1_280' title='bbox 859 2270 972 2324; x_wconf 70' lang='lat' dir='ltr'>pra:</span> <span class='ocrx_word' id='word_1_281' title='bbox 1012 2256 1222 2325; x_wconf 90' lang='lat' dir='ltr'>pudore</span> <span class='ocrx_word' id='word_1_282' title='bbox 1265 2274 1329 2312; x_wconf 92' lang='lat' dir='ltr'>ac</span> <span class='ocrx_word' id='word_1_283' title='bbox 1368 2258 1636 2312; x_wconf 88' lang='lat' dir='ltr'>modestia</span> <span class='ocrx_word' id='word_1_284' title='bbox 1673 2266 1970 2323; x_wconf 80' lang='lat' dir='ltr'>recusaret,</span> 
     </span>
    </p>
   </div>
   <div class='ocr_carea' id='block_1_40' title="bbox 391 2340 1972 2421">
    <p class='ocr_par' dir='ltr' id='par_1_40' title="bbox 391 2340 1972 2421">
     <span class='ocr_line' id='line_1_40' title="bbox 391 2340 1972 2421; baseline 0.008 -28"><span class='ocrx_word' id='word_1_285' title='bbox 391 2340 508 2409; x_wconf 89' lang='lat' dir='ltr'>ipsa</span> <span class='ocrx_word' id='word_1_286' title='bbox 552 2342 620 2396; x_wconf 88' lang='lat' dir='ltr'>ad</span> <span class='ocrx_word' id='word_1_287' title='bbox 670 2344 816 2399; x_wconf 91' lang='lat' dir='ltr'>illam</span> <span class='ocrx_word' id='word_1_288' title='bbox 861 2347 1048 2418; x_wconf 81' lang='lat' dir='ltr'>regina</span> <span class='ocrx_word' id='word_1_289' title='bbox 1092 2347 1357 2404; x_wconf 85' lang='lat' dir='ltr'>defertur.</span> <span class='ocrx_word' id='word_1_290' title='bbox 1403 2350 1499 2405; x_wconf 90' lang='lat' dir='ltr'>Illa</span> <span class='ocrx_word' id='word_1_291' title='bbox 1535 2367 1701 2415; x_wconf 91' lang='lat' dir='ltr'>vero,</span> <span class='ocrx_word' id='word_1_292' title='bbox 1750 2367 1871 2421; x_wconf 65' lang='lat' dir='ltr'>quae</span> <span class='ocrx_word' id='word_1_293' title='bbox 1918 2351 1972 2405; x_wconf 89' lang='lat' dir='ltr'>in</span> 
     </span>
    </p>
   </div>
   <div class='ocr_carea' id='block_1_41' title="bbox 392 2436 1973 2512">
    <p class='ocr_par' dir='ltr' id='par_1_41' title="bbox 392 2436 1973 2512">
     <span class='ocr_line' id='line_1_41' title="bbox 392 2436 1973 2512; baseline 0.008 -28"><span class='ocrx_word' id='word_1_294' title='bbox 392 2446 565 2500; x_wconf 89' lang='lat' dir='ltr'>puero</span> <span class='ocrx_word' id='word_1_295' title='bbox 601 2443 759 2489; x_wconf 90' lang='lat' dir='ltr'>antea</span> <span class='ocrx_word' id='word_1_296' title='bbox 800 2436 1025 2503; x_wconf 82' lang='lat' dir='ltr'>fecerat,</span> <span class='ocrx_word' id='word_1_297' title='bbox 1050 2439 1241 2494; x_wconf 90' lang='lat' dir='ltr'>eadem</span> <span class='ocrx_word' id='word_1_298' title='bbox 1276 2448 1332 2495; x_wconf 90' lang='lat' dir='ltr'>et</span> <span class='ocrx_word' id='word_1_299' title='bbox 1369 2442 1460 2496; x_wconf 86' lang='lat' dir='ltr'>hic</span> <span class='ocrx_word' id='word_1_300' title='bbox 1492 2441 1639 2496; x_wconf 86' lang='lat' dir='ltr'>facit.</span> <span class='ocrx_word' id='word_1_301' title='bbox 1671 2441 1973 2512; x_wconf 87' lang='lat' dir='ltr'>Statimque</span> 
     </span>
    </p>
   </div>
   <div class='ocr_carea' id='block_1_42' title="bbox 393 2522 1971 2605">
    <p class='ocr_par' dir='ltr' id='par_1_42' title="bbox 393 2522 1971 2605">
     <span class='ocr_line' id='line_1_42' title="bbox 393 2522 1971 2605; baseline 0.009 -31"><span class='ocrx_word' id='word_1_302' title='bbox 393 2522 581 2592; x_wconf 84' lang='lat' dir='ltr'>regina</span> <span class='ocrx_word' id='word_1_303' title='bbox 614 2527 894 2581; x_wconf 84' lang='lat' dir='ltr'>convaluit</span> <span class='ocrx_word' id='word_1_304' title='bbox 933 2545 997 2583; x_wconf 87' lang='lat' dir='ltr'>ex</span> <span class='ocrx_word' id='word_1_305' title='bbox 1035 2531 1249 2596; x_wconf 89' lang='lat' dir='ltr'>morbo,</span> <span class='ocrx_word' id='word_1_306' title='bbox 1274 2540 1330 2586; x_wconf 89' lang='lat' dir='ltr'>et</span> <span class='ocrx_word' id='word_1_307' title='bbox 1366 2532 1583 2588; x_wconf 85' lang='lat' dir='ltr'>mulieri</span> <span class='ocrx_word' id='word_1_308' title='bbox 1613 2533 1816 2604; x_wconf 81' lang='lat' dir='ltr'>gratias</span> <span class='ocrx_word' id='word_1_309' title='bbox 1841 2534 1971 2605; x_wconf 85' lang='lat' dir='ltr'>egit.</span> 
     </span>
    </p>
   </div>
   <div class='ocr_carea' id='block_1_43' title="bbox 392 2610 1972 2697">
    <p class='ocr_par' dir='ltr' id='par_1_43' title="bbox 392 2610 1972 2697">
     <span class='ocr_line' id='line_1_43' title="bbox 392 2610 1972 2697; baseline 0.011 -33"><span class='ocrx_word' id='word_1_310' title='bbox 392 2610 463 2666; x_wconf 81' lang='lat' dir='ltr'>At</span> <span class='ocrx_word' id='word_1_311' title='bbox 509 2614 634 2679; x_wconf 90' lang='lat' dir='ltr'>illa,</span> <span class='ocrx_word' id='word_1_312' title='bbox 682 2616 804 2671; x_wconf 86' lang='lat' dir='ltr'>Non</span> <span class='ocrx_word' id='word_1_313' title='bbox 847 2635 1066 2687; x_wconf 91' lang='lat' dir='ltr'>meum,</span> <span class='ocrx_word' id='word_1_314' title='bbox 1106 2622 1325 2693; x_wconf 84' lang='lat' dir='ltr'>inquit,</span> <span class='ocrx_word' id='word_1_315' title='bbox 1369 2633 1454 2679; x_wconf 88' lang='lat' dir='ltr'>est</span> <span class='ocrx_word' id='word_1_316' title='bbox 1498 2626 1604 2680; x_wconf 89' lang='lat' dir='ltr'>hoc</span> <span class='ocrx_word' id='word_1_317' title='bbox 1647 2642 1821 2697; x_wconf 85' lang='lat' dir='ltr'>opus;</span> <span class='ocrx_word' id='word_1_318' title='bbox 1879 2627 1972 2682; x_wconf 87' lang='lat' dir='ltr'>sed</span> 
     </span>
    </p>
   </div>
   <div class='ocr_carea' id='block_1_44' title="bbox 393 2702 1972 2790">
    <p class='ocr_par' dir='ltr' id='par_1_44' title="bbox 393 2702 1972 2790">
     <span class='ocr_line' id='line_1_44' title="bbox 393 2702 1972 2790; baseline 0.011 -34"><span class='ocrx_word' id='word_1_319' title='bbox 393 2702 617 2771; x_wconf 86' lang='lat' dir='ltr'>Christi,</span> <span class='ocrx_word' id='word_1_320' title='bbox 651 2707 745 2777; x_wconf 90' lang='lat' dir='ltr'>qui</span> <span class='ocrx_word' id='word_1_321' title='bbox 772 2709 943 2766; x_wconf 85' lang='lat' dir='ltr'>Filius</span> <span class='ocrx_word' id='word_1_322' title='bbox 982 2721 1065 2767; x_wconf 89' lang='lat' dir='ltr'>est</span> <span class='ocrx_word' id='word_1_323' title='bbox 1101 2714 1197 2769; x_wconf 88' lang='lat' dir='ltr'>Dei</span> <span class='ocrx_word' id='word_1_324' title='bbox 1231 2716 1534 2773; x_wconf 88' lang='lat' dir='ltr'>conditoris</span> <span class='ocrx_word' id='word_1_325' title='bbox 1566 2718 1729 2790; x_wconf 81' lang='lat' dir='ltr'>hujus</span> <span class='ocrx_word' id='word_1_326' title='bbox 1760 2719 1972 2775; x_wconf 87' lang='lat' dir='ltr'>mundi.</span> 
     </span>
    </p>
   </div>
   <div class='ocr_carea' id='block_1_45' title="bbox 394 2796 1975 2879">
    <p class='ocr_par' dir='ltr' id='par_1_45' title="bbox 394 2796 1975 2879">
     <span class='ocr_line' id='line_1_45' title="bbox 394 2796 1975 2879; baseline 0.011 -31"><span class='ocrx_word' id='word_1_327' title='bbox 394 2796 660 2852; x_wconf 83' lang='lat' dir='ltr'>Hortatur</span> <span class='ocrx_word' id='word_1_328' title='bbox 702 2815 833 2871; x_wconf 81' lang='lat' dir='ltr'>ergo</span> <span class='ocrx_word' id='word_1_329' title='bbox 872 2809 935 2857; x_wconf 92' lang='lat' dir='ltr'>ut</span> <span class='ocrx_word' id='word_1_330' title='bbox 977 2804 1130 2857; x_wconf 79' lang='lat' dir='ltr'>illum</span> <span class='ocrx_word' id='word_1_331' title='bbox 1176 2804 1415 2872; x_wconf 83' lang='lat' dir='ltr'>invocet,</span> <span class='ocrx_word' id='word_1_332' title='bbox 1458 2825 1760 2879; x_wconf 87' lang='lat' dir='ltr'>verumque</span> <span class='ocrx_word' id='word_1_333' title='bbox 1803 2810 1975 2865; x_wconf 90' lang='lat' dir='ltr'>Deum</span> 
     </span>
    </p>
   </div>
   <div class='ocr_carea' id='block_1_46' title="bbox 394 2890 1978 2956">
    <p class='ocr_par' dir='ltr' id='par_1_46' title="bbox 394 2890 1978 2956">
     <span class='ocr_line' id='line_1_46' title="bbox 394 2890 1978 2956; baseline 0.01 -17"><span class='ocrx_word' id='word_1_334' title='bbox 394 2896 673 2956; x_wconf 79' lang='lat' dir='ltr'>agnoscat.</span> <span class='ocrx_word' id='word_1_335' title='bbox 700 2890 871 2945; x_wconf 88' lang='lat' dir='ltr'>Porro</span> <span class='ocrx_word' id='word_1_336' title='bbox 895 2892 1178 2948; x_wconf 79' lang='lat' dir='ltr'>[berorum</span> <span class='ocrx_word' id='word_1_337' title='bbox 1204 2912 1299 2951; x_wconf 87' lang='lat' dir='ltr'>rex</span> <span class='ocrx_word' id='word_1_338' title='bbox 1324 2906 1431 2951; x_wconf 90' lang='lat' dir='ltr'>tam</span> <span class='ocrx_word' id='word_1_339' title='bbox 1458 2898 1653 2953; x_wconf 77' lang='lat' dir='ltr'>subita:</span> <span class='ocrx_word' id='word_1_340' title='bbox 1678 2900 1978 2955; x_wconf 88' lang='lat' dir='ltr'>curationis</span> 
     </span>
    </p>
   </div>
   <div class='ocr_carea' id='block_1_47' title="bbox 395 2978 1977 3060">
    <p class='ocr_par' dir='ltr' id='par_1_47' title="bbox 395 2978 1977 3060">
     <span class='ocr_line' id='line_1_47' title="bbox 395 2978 1977 3060; baseline 0.008 -29"><span class='ocrx_word' id='word_1_341' title='bbox 395 2978 662 3035; x_wconf 89' lang='lat' dir='ltr'>miraculo</span> <span class='ocrx_word' id='word_1_342' title='bbox 712 2983 1163 3054; x_wconf 87' lang='lat' dir='ltr'>obstupefactus,</span> <span class='ocrx_word' id='word_1_343' title='bbox 1204 2996 1559 3057; x_wconf 89' lang='lat' dir='ltr'>percontatus</span> <span class='ocrx_word' id='word_1_344' title='bbox 1610 2991 1862 3060; x_wconf 88' lang='lat' dir='ltr'>quisnam</span> <span class='ocrx_word' id='word_1_345' title='bbox 1921 2990 1977 3044; x_wconf 92' lang='lat' dir='ltr'>id</span> 
     </span>
    </p>
   </div>
   <div class='ocr_carea' id='block_1_48' title="bbox 393 3069 1977 3144">
    <p class='ocr_par' dir='ltr' id='par_1_48' title="bbox 393 3069 1977 3144">
     <span class='ocr_line' id='line_1_48' title="bbox 393 3069 1977 3144; baseline 0.008 -20"><span class='ocrx_word' id='word_1_346' title='bbox 393 3069 617 3140; x_wconf 75' lang='lat' dir='ltr'>egisset,</span> <span class='ocrx_word' id='word_1_347' title='bbox 645 3074 916 3144; x_wconf 87' lang='lat' dir='ltr'>captivam</span> <span class='ocrx_word' id='word_1_348' title='bbox 953 3076 1112 3132; x_wconf 89' lang='lat' dir='ltr'>donis</span> <span class='ocrx_word' id='word_1_349' title='bbox 1157 3088 1540 3136; x_wconf 88' lang='lat' dir='ltr'>remuneratus</span> <span class='ocrx_word' id='word_1_350' title='bbox 1580 3090 1683 3136; x_wconf 89' lang='lat' dir='ltr'>est.</span> <span class='ocrx_word' id='word_1_351' title='bbox 1716 3082 1809 3136; x_wconf 92' lang='lat' dir='ltr'>llla</span> <span class='ocrx_word' id='word_1_352' title='bbox 1845 3098 1977 3137; x_wconf 86' lang='lat' dir='ltr'>vero</span> 
     </span>
    </p>
   </div>
   <div class='ocr_carea' id='block_1_49' title="bbox 396 3160 2049 3242">
    <p class='ocr_par' dir='ltr' id='par_1_49' title="bbox 396 3160 2049 3242">
     <span class='ocr_line' id='line_1_49' title="bbox 396 3160 2049 3242; baseline 0.009 -28"><span class='ocrx_word' id='word_1_353' title='bbox 396 3160 605 3218; x_wconf 87' lang='lat' dir='ltr'>divitiis</span> <span class='ocrx_word' id='word_1_354' title='bbox 630 3166 853 3235; x_wconf 88' lang='lat' dir='ltr'>quidem</span> <span class='ocrx_word' id='word_1_355' title='bbox 893 3184 951 3222; x_wconf 90' lang='lat' dir='ltr'>se</span> <span class='ocrx_word' id='word_1_356' title='bbox 986 3185 1333 3240; x_wconf 88' lang='lat' dir='ltr'>nequaquam</span> <span class='ocrx_word' id='word_1_357' title='bbox 1356 3187 1495 3242; x_wconf 91' lang='lat' dir='ltr'>opus</span> <span class='ocrx_word' id='word_1_358' title='bbox 1517 3172 1720 3227; x_wconf 90' lang='lat' dir='ltr'>habere</span> <span class='ocrx_word' id='word_1_359' title='bbox 1746 3188 1975 3242; x_wconf 87' lang='lat' dir='ltr'>respon-</span> <span class='ocrx_word' id='word_1_360' title='bbox 2004 3164 2049 3222; x_wconf 87' lang='lat' dir='ltr'>C</span> 
     </span>
    </p>
   </div>
   <div class='ocr_carea' id='block_1_50' title="bbox 397 3253 1978 3330">
    <p class='ocr_par' dir='ltr' id='par_1_50' title="bbox 397 3253 1978 3330">
     <span class='ocr_line' id='line_1_50' title="bbox 397 3253 1978 3330; baseline 0.006 -23"><span class='ocrx_word' id='word_1_361' title='bbox 397 3253 480 3307; x_wconf 91' lang='lat' dir='ltr'>dit</span> <span class='ocrx_word' id='word_1_362' title='bbox 508 3274 521 3308; x_wconf 85' lang='lat'><strong>:</strong></span> <span class='ocrx_word' id='word_1_363' title='bbox 547 3255 806 3325; x_wconf 89' lang='lat' dir='ltr'>pietatem</span> <span class='ocrx_word' id='word_1_364' title='bbox 846 3260 994 3313; x_wconf 92' lang='lat' dir='ltr'>enim</span> <span class='ocrx_word' id='word_1_365' title='bbox 1026 3260 1133 3314; x_wconf 88' lang='lat' dir='ltr'>sibi</span> <span class='ocrx_word' id='word_1_366' title='bbox 1167 3277 1267 3330; x_wconf 88' lang='lat' dir='ltr'>pro</span> <span class='ocrx_word' id='word_1_367' title='bbox 1300 3262 1509 3317; x_wconf 89' lang='lat' dir='ltr'>divitiis</span> <span class='ocrx_word' id='word_1_368' title='bbox 1539 3277 1690 3329; x_wconf 89' lang='lat' dir='ltr'>esse;</span> <span class='ocrx_word' id='word_1_369' title='bbox 1720 3270 1978 3317; x_wconf 62' lang='lat' dir='ltr'>caeterum</span> 
     </span>
    </p>
   </div>
   <div class='ocr_carea' id='block_1_51' title="bbox 398 3348 1981 3424">
    <p class='ocr_par' dir='ltr' id='par_1_51' title="bbox 398 3348 1981 3424">
     <span class='ocr_line' id='line_1_51' title="bbox 398 3348 1981 3424; baseline 0.006 -24"><span class='ocrx_word' id='word_1_370' title='bbox 398 3348 580 3419; x_wconf 80' lang='lat' dir='ltr'>magni</span> <span class='ocrx_word' id='word_1_371' title='bbox 614 3350 860 3405; x_wconf 88' lang='lat' dir='ltr'>muneris</span> <span class='ocrx_word' id='word_1_372' title='bbox 888 3350 1008 3405; x_wconf 91' lang='lat' dir='ltr'>loco</span> <span class='ocrx_word' id='word_1_373' title='bbox 1042 3351 1351 3419; x_wconf 90' lang='lat' dir='ltr'>dueturam,</span> <span class='ocrx_word' id='word_1_374' title='bbox 1376 3355 1424 3408; x_wconf 89' lang='lat' dir='ltr'>si</span> <span class='ocrx_word' id='word_1_375' title='bbox 1460 3354 1633 3409; x_wconf 90' lang='lat' dir='ltr'>Deum</span> <span class='ocrx_word' id='word_1_376' title='bbox 1667 3370 1829 3423; x_wconf 90' lang='lat' dir='ltr'>quem</span> <span class='ocrx_word' id='word_1_377' title='bbox 1865 3355 1981 3424; x_wconf 88' lang='lat' dir='ltr'>ipsa</span> 
     </span>
    </p>
   </div>
   <div class='ocr_carea' id='block_1_52' title="bbox 400 3438 1977 3515">
    <p class='ocr_par' dir='ltr' id='par_1_52' title="bbox 400 3438 1977 3515">
     <span class='ocr_line' id='line_1_52' title="bbox 400 3438 1977 3515; baseline 0.004 -21"><span class='ocrx_word' id='word_1_378' title='bbox 400 3438 629 3505; x_wconf 86' lang='lat' dir='ltr'>coleret,</span> <span class='ocrx_word' id='word_1_379' title='bbox 669 3441 785 3511; x_wconf 88' lang='lat' dir='ltr'>ipse</span> <span class='ocrx_word' id='word_1_380' title='bbox 828 3458 1049 3512; x_wconf 87' lang='lat' dir='ltr'>quoque</span> <span class='ocrx_word' id='word_1_381' title='bbox 1092 3444 1257 3498; x_wconf 86' lang='lat' dir='ltr'>vellet</span> <span class='ocrx_word' id='word_1_382' title='bbox 1302 3459 1617 3515; x_wconf 81' lang='lat' dir='ltr'>agnoscere.</span> <span class='ocrx_word' id='word_1_383' title='bbox 1662 3446 1761 3500; x_wconf 84' lang='lat' dir='ltr'>His</span> <span class='ocrx_word' id='word_1_384' title='bbox 1796 3445 1977 3510; x_wconf 90' lang='lat' dir='ltr'>dictis,</span> 
     </span>
    </p>
   </div>
   <div class='ocr_carea' id='block_1_53' title="bbox 400 3529 1980 3603">
    <p class='ocr_par' dir='ltr' id='par_1_53' title="bbox 400 3529 1980 3603">
     <span class='ocr_line' id='line_1_53' title="bbox 400 3529 1980 3603; baseline 0.004 -19"><span class='ocrx_word' id='word_1_385' title='bbox 400 3529 546 3585; x_wconf 88' lang='lat' dir='ltr'>dona</span> <span class='ocrx_word' id='word_1_386' title='bbox 583 3545 682 3585; x_wconf 87' lang='lat' dir='ltr'>sua</span> <span class='ocrx_word' id='word_1_387' title='bbox 715 3532 785 3587; x_wconf 90' lang='lat' dir='ltr'>ad</span> <span class='ocrx_word' id='word_1_388' title='bbox 827 3548 1012 3603; x_wconf 84' lang='lat' dir='ltr'>regem</span> <span class='ocrx_word' id='word_1_389' title='bbox 1050 3534 1280 3588; x_wconf 85' lang='lat' dir='ltr'>remisit.</span> <span class='ocrx_word' id='word_1_390' title='bbox 1309 3535 1380 3590; x_wconf 79' lang='lat' dir='ltr'>At</span> <span class='ocrx_word' id='word_1_391' title='bbox 1405 3550 1501 3590; x_wconf 83' lang='lat' dir='ltr'>rex</span> <span class='ocrx_word' id='word_1_392' title='bbox 1522 3551 1830 3591; x_wconf 88' lang='lat' dir='ltr'>sermonem</span> <span class='ocrx_word' id='word_1_393' title='bbox 1855 3552 1980 3591; x_wconf 90' lang='lat' dir='ltr'>mu-</span> 
     </span>
    </p>
   </div>
   <div class='ocr_carea' id='block_1_54' title="bbox 401 3628 1981 3700">
    <p class='ocr_par' dir='ltr' id='par_1_54' title="bbox 401 3628 1981 3700">
     <span class='ocr_line' id='line_1_54' title="bbox 401 3628 1981 3700; baseline 0.003 -17"><span class='ocrx_word' id='word_1_394' title='bbox 401 3628 555 3686; x_wconf 89' lang='lat' dir='ltr'>lieris</span> <span class='ocrx_word' id='word_1_395' title='bbox 592 3636 707 3683; x_wconf 90' lang='lat' dir='ltr'>tum</span> <span class='ocrx_word' id='word_1_396' title='bbox 745 3630 971 3700; x_wconf 88' lang='lat' dir='ltr'>quidem</span> <span class='ocrx_word' id='word_1_397' title='bbox 1013 3632 1070 3686; x_wconf 92' lang='lat' dir='ltr'>in</span> <span class='ocrx_word' id='word_1_398' title='bbox 1112 3630 1297 3687; x_wconf 91' lang='lat' dir='ltr'>animo</span> <span class='ocrx_word' id='word_1_399' title='bbox 1339 3631 1665 3687; x_wconf 88' lang='lat' dir='ltr'>recondidit.</span> <span class='ocrx_word' id='word_1_400' title='bbox 1711 3632 1981 3687; x_wconf 87' lang='lat' dir='ltr'>Postridie</span> 
     </span>
    </p>
   </div>
   <div class='ocr_carea' id='block_1_55' title="bbox 401 3724 1982 3795">
    <p class='ocr_par' dir='ltr' id='par_1_55' title="bbox 401 3724 1982 3795">
     <span class='ocr_line' id='line_1_55' title="bbox 401 3724 1982 3795; baseline 0.002 -19"><span class='ocrx_word' id='word_1_401' title='bbox 401 3737 536 3777; x_wconf 85' lang='lat' dir='ltr'>vero</span> <span class='ocrx_word' id='word_1_402' title='bbox 559 3737 685 3777; x_wconf 83' lang='lat' dir='ltr'>cum</span> <span class='ocrx_word' id='word_1_403' title='bbox 708 3724 777 3779; x_wconf 92' lang='lat' dir='ltr'>ad</span> <span class='ocrx_word' id='word_1_404' title='bbox 800 3725 1117 3779; x_wconf 90' lang='lat' dir='ltr'>venandum</span> <span class='ocrx_word' id='word_1_405' title='bbox 1144 3731 1289 3780; x_wconf 86' lang='lat' dir='ltr'>esset</span> <span class='ocrx_word' id='word_1_406' title='bbox 1325 3740 1595 3795; x_wconf 86' lang='lat' dir='ltr'>egressus,</span> <span class='ocrx_word' id='word_1_407' title='bbox 1621 3724 1728 3780; x_wconf 87' lang='lat' dir='ltr'>tale</span> <span class='ocrx_word' id='word_1_408' title='bbox 1760 3724 1892 3795; x_wconf 90' lang='lat' dir='ltr'>quid</span> <span class='ocrx_word' id='word_1_409' title='bbox 1929 3725 1982 3779; x_wconf 91' lang='lat' dir='ltr'>ei</span> 
     </span>
    </p>
   </div>
   <div class='ocr_carea' id='block_1_56' title="bbox 402 3815 1983 3888">
    <p class='ocr_par' dir='ltr' id='par_1_56' title="bbox 402 3815 1983 3888">
     <span class='ocr_line' id='line_1_56' title="bbox 402 3815 1983 3888; baseline 0.001 -19"><span class='ocrx_word' id='word_1_410' title='bbox 402 3815 633 3886; x_wconf 87' lang='lat' dir='ltr'>contigit</span> <span class='ocrx_word' id='word_1_411' title='bbox 658 3833 671 3869; x_wconf 90' lang='lat'><strong>:</strong></span> <span class='ocrx_word' id='word_1_412' title='bbox 697 3816 967 3871; x_wconf 92' lang='lat' dir='ltr'>montium</span> <span class='ocrx_word' id='word_1_413' title='bbox 999 3817 1126 3888; x_wconf 85' lang='lat' dir='ltr'>juga</span> <span class='ocrx_word' id='word_1_414' title='bbox 1166 3825 1222 3873; x_wconf 91' lang='lat' dir='ltr'>et</span> <span class='ocrx_word' id='word_1_415' title='bbox 1263 3816 1433 3871; x_wconf 90' lang='lat' dir='ltr'>saltus</span> <span class='ocrx_word' id='word_1_416' title='bbox 1476 3816 1531 3870; x_wconf 90' lang='lat' dir='ltr'>in</span> <span class='ocrx_word' id='word_1_417' title='bbox 1575 3817 1777 3885; x_wconf 90' lang='lat' dir='ltr'>quibus</span> <span class='ocrx_word' id='word_1_418' title='bbox 1820 3831 1983 3871; x_wconf 89' lang='lat' dir='ltr'>vena-</span> 
     </span>
    </p>
   </div>
   <div class='ocr_carea' id='block_1_57' title="bbox 402 3905 1980 3979">
    <p class='ocr_par' dir='ltr' id='par_1_57' title="bbox 402 3905 1980 3979">
     <span class='ocr_line' id='line_1_57' title="bbox 402 3905 1980 3979; baseline 0.001 -19"><span class='ocrx_word' id='word_1_419' title='bbox 402 3905 586 3973; x_wconf 90' lang='lat' dir='ltr'>batur,</span> <span class='ocrx_word' id='word_1_420' title='bbox 615 3907 816 3963; x_wconf 89' lang='lat' dir='ltr'>nebula</span> <span class='ocrx_word' id='word_1_421' title='bbox 847 3917 903 3964; x_wconf 90' lang='lat' dir='ltr'>et</span> <span class='ocrx_word' id='word_1_422' title='bbox 932 3908 1203 3979; x_wconf 88' lang='lat' dir='ltr'>profunda</span> <span class='ocrx_word' id='word_1_423' title='bbox 1237 3908 1467 3979; x_wconf 79' lang='lat' dir='ltr'>caligine</span> <span class='ocrx_word' id='word_1_424' title='bbox 1502 3908 1703 3962; x_wconf 89' lang='lat' dir='ltr'>obduci</span> <span class='ocrx_word' id='word_1_425' title='bbox 1741 3922 1980 3978; x_wconf 62' lang='lat' dir='ltr'>erepere.</span> 
     </span>
    </p>
   </div>
   <div class='ocr_carea' id='block_1_58' title="bbox 403 3999 1984 4071">
    <p class='ocr_par' dir='ltr' id='par_1_58' title="bbox 403 3999 1984 4071">
     <span class='ocr_line' id='line_1_58' title="bbox 403 3999 1984 4071; baseline -0.001 -16"><span class='ocrx_word' id='word_1_426' title='bbox 403 3999 642 4057; x_wconf 91' lang='lat' dir='ltr'>Proinde</span> <span class='ocrx_word' id='word_1_427' title='bbox 679 4010 737 4056; x_wconf 91' lang='lat' dir='ltr'>et</span> <span class='ocrx_word' id='word_1_428' title='bbox 774 4002 995 4057; x_wconf 83' lang='lat' dir='ltr'>venatio</span> <span class='ocrx_word' id='word_1_429' title='bbox 1034 4000 1293 4067; x_wconf 84' lang='lat' dir='ltr'>dillicilis,</span> <span class='ocrx_word' id='word_1_430' title='bbox 1317 4008 1373 4055; x_wconf 90' lang='lat' dir='ltr'>et</span> <span class='ocrx_word' id='word_1_431' title='bbox 1401 4000 1491 4056; x_wconf 89' lang='lat' dir='ltr'>via</span> <span class='ocrx_word' id='word_1_432' title='bbox 1526 3999 1786 4071; x_wconf 90' lang='lat' dir='ltr'>impedita</span> <span class='ocrx_word' id='word_1_433' title='bbox 1819 4006 1984 4068; x_wconf 89' lang='lat' dir='ltr'>atque</span> 
     </span>
    </p>
   </div>
   <div class='ocr_carea' id='block_1_59' title="bbox 407 4089 1985 4162">
    <p class='ocr_par' dir='ltr' id='par_1_59' title="bbox 407 4089 1985 4162">
     <span class='ocr_line' id='line_1_59' title="bbox 407 4089 1985 4162; baseline -0.001 -19"><span class='ocrx_word' id='word_1_434' title='bbox 407 4089 804 4147; x_wconf 78' lang='lat' dir='ltr'>inextricabilis</span> <span class='ocrx_word' id='word_1_435' title='bbox 824 4092 1178 4148; x_wconf 89' lang='lat' dir='ltr'>reddebatur.</span> <span class='ocrx_word' id='word_1_436' title='bbox 1227 4091 1382 4157; x_wconf 81' lang='lat' dir='ltr'>Rex,</span> <span class='ocrx_word' id='word_1_437' title='bbox 1422 4091 1582 4162; x_wconf 90' lang='lat' dir='ltr'>inops</span> <span class='ocrx_word' id='word_1_438' title='bbox 1637 4089 1885 4153; x_wconf 90' lang='lat' dir='ltr'>consilii,</span> <span class='ocrx_word' id='word_1_439' title='bbox 1929 4095 1985 4144; x_wconf 88' lang='lat' dir='ltr'>et</span> 
     </span>
    </p>
   </div>
   <div class='ocr_carea' id='block_1_60' title="bbox 405 4179 2014 4251">
    <p class='ocr_par' dir='ltr' id='par_1_60' title="bbox 405 4179 2014 4251">
     <span class='ocr_line' id='line_1_60' title="bbox 405 4179 2014 4251; baseline 0.001 -18"><span class='ocrx_word' id='word_1_440' title='bbox 405 4179 535 4249; x_wconf 72' lang='lat' dir='ltr'>quid</span> <span class='ocrx_word' id='word_1_441' title='bbox 558 4190 742 4251; x_wconf 83' lang='lat' dir='ltr'>ageret</span> <span class='ocrx_word' id='word_1_442' title='bbox 786 4182 1053 4246; x_wconf 88' lang='lat' dir='ltr'>incertus,</span> <span class='ocrx_word' id='word_1_443' title='bbox 1072 4181 1301 4236; x_wconf 89' lang='lat' dir='ltr'>deorum</span> <span class='ocrx_word' id='word_1_444' title='bbox 1325 4196 1548 4236; x_wconf 89' lang='lat' dir='ltr'>suorum</span> <span class='ocrx_word' id='word_1_445' title='bbox 1571 4196 1730 4251; x_wconf 89' lang='lat' dir='ltr'>opem</span> <span class='ocrx_word' id='word_1_446' title='bbox 1753 4188 1983 4235; x_wconf 86' lang='lat' dir='ltr'>conten-</span> <span class='ocrx_word' id='word_1_447' title='bbox 2007 4207 2014 4215; x_wconf 90' lang='lat'><strong><em>-</em></strong></span> 
     </span>
    </p>
   </div>
   <div class='ocr_carea' id='block_1_61' title="bbox 408 4271 1985 4344">
    <p class='ocr_par' dir='ltr' id='par_1_61' title="bbox 408 4271 1985 4344">
     <span class='ocr_line' id='line_1_61' title="bbox 408 4271 1985 4344; baseline 0 -20"><span class='ocrx_word' id='word_1_448' title='bbox 408 4272 617 4327; x_wconf 85' lang='lat' dir='ltr'>tissime</span> <span class='ocrx_word' id='word_1_449' title='bbox 657 4273 933 4344; x_wconf 87' lang='lat' dir='ltr'>implorat.</span> <span class='ocrx_word' id='word_1_450' title='bbox 977 4272 1085 4327; x_wconf 89' lang='lat' dir='ltr'>Sed</span> <span class='ocrx_word' id='word_1_451' title='bbox 1124 4288 1249 4326; x_wconf 91' lang='lat' dir='ltr'>cum</span> <span class='ocrx_word' id='word_1_452' title='bbox 1285 4272 1423 4327; x_wconf 85' lang='lat' dir='ltr'>nihil</span> <span class='ocrx_word' id='word_1_453' title='bbox 1448 4271 1758 4343; x_wconf 85' lang='lat' dir='ltr'>proﬁceret,</span> <span class='ocrx_word' id='word_1_454' title='bbox 1786 4271 1855 4326; x_wconf 90' lang='lat' dir='ltr'>ad</span> <span class='ocrx_word' id='word_1_455' title='bbox 1887 4287 1985 4325; x_wconf 84' lang='lat' dir='ltr'>cx-</span> 
     </span>
    </p>
   </div>
   <div class='ocr_carea' id='block_1_62' title="bbox 409 4364 1982 4435">
    <p class='ocr_par' dir='ltr' id='par_1_62' title="bbox 409 4364 1982 4435">
     <span class='ocr_line' id='line_1_62' title="bbox 409 4364 1982 4435; baseline 0.001 -18"><span class='ocrx_word' id='word_1_456' title='bbox 409 4371 645 4418; x_wconf 89' lang='lat' dir='ltr'>tremum</span> <span class='ocrx_word' id='word_1_457' title='bbox 671 4364 823 4419; x_wconf 90' lang='lat' dir='ltr'>venit</span> <span class='ocrx_word' id='word_1_458' title='bbox 847 4364 925 4419; x_wconf 90' lang='lat' dir='ltr'>illi</span> <span class='ocrx_word' id='word_1_459' title='bbox 952 4365 1005 4418; x_wconf 93' lang='lat' dir='ltr'>in</span> <span class='ocrx_word' id='word_1_460' title='bbox 1032 4374 1269 4418; x_wconf 89' lang='lat' dir='ltr'>mentem</span> <span class='ocrx_word' id='word_1_461' title='bbox 1296 4364 1522 4435; x_wconf 69' lang='lat' dir='ltr'>captiva:</span> <span class='ocrx_word' id='word_1_462' title='bbox 1550 4364 1799 4418; x_wconf 88' lang='lat' dir='ltr'>mulieris</span> <span class='ocrx_word' id='word_1_463' title='bbox 1820 4365 1982 4419; x_wconf 87' lang='lat' dir='ltr'>Deus.</span> 
     </span>
    </p>
   </div>
   <div class='ocr_carea' id='block_1_63' title="bbox 409 4454 1989 4527">
    <p class='ocr_par' dir='ltr' id='par_1_63' title="bbox 409 4454 1989 4527">
     <span class='ocr_line' id='line_1_63' title="bbox 409 4454 1989 4527; baseline 0.001 -17"><span class='ocrx_word' id='word_1_464' title='bbox 409 4454 567 4510; x_wconf 79' lang='lat' dir='ltr'>Hunc</span> <span class='ocrx_word' id='word_1_465' title='bbox 590 4455 757 4527; x_wconf 88' lang='lat' dir='ltr'>igitur</span> <span class='ocrx_word' id='word_1_466' title='bbox 779 4456 1085 4527; x_wconf 85' lang='lat' dir='ltr'>adjutorcm</span> <span class='ocrx_word' id='word_1_467' title='bbox 1110 4463 1289 4510; x_wconf 89' lang='lat' dir='ltr'>vocat.</span> <span class='ocrx_word' id='word_1_468' title='bbox 1315 4457 1414 4512; x_wconf 84' lang='lat' dir='ltr'>Vix</span> <span class='ocrx_word' id='word_1_469' title='bbox 1441 4456 1808 4526; x_wconf 86' lang='lat' dir='ltr'>precationem</span> <span class='ocrx_word' id='word_1_470' title='bbox 1832 4455 1989 4511; x_wconf 83' lang='lat' dir='ltr'>fmie-</span> 
     </span>
    </p>
   </div>
   <div class='ocr_carea' id='block_1_64' title="bbox 410 4545 1985 4616">
    <p class='ocr_par' dir='ltr' id='par_1_64' title="bbox 410 4545 1985 4616">
     <span class='ocr_line' id='line_1_64' title="bbox 410 4545 1985 4616; baseline 0 -18"><span class='ocrx_word' id='word_1_471' title='bbox 410 4554 515 4609; x_wconf 87' lang='lat' dir='ltr'>rat,</span> <span class='ocrx_word' id='word_1_472' title='bbox 551 4560 675 4599; x_wconf 91' lang='lat' dir='ltr'>cum</span> <span class='ocrx_word' id='word_1_473' title='bbox 719 4545 893 4616; x_wconf 86' lang='lat' dir='ltr'>caligo</span> <span class='ocrx_word' id='word_1_474' title='bbox 924 4545 1139 4600; x_wconf 66' lang='lat' dir='ltr'>nebulae</span> <span class='ocrx_word' id='word_1_475' title='bbox 1189 4545 1374 4599; x_wconf 88' lang='lat' dir='ltr'>subito</span> <span class='ocrx_word' id='word_1_476' title='bbox 1400 4545 1643 4600; x_wconf 88' lang='lat' dir='ltr'>discussa</span> <span class='ocrx_word' id='word_1_477' title='bbox 1663 4554 1767 4600; x_wconf 89' lang='lat' dir='ltr'>est.</span> <span class='ocrx_word' id='word_1_478' title='bbox 1795 4545 1985 4600; x_wconf 86' lang='lat' dir='ltr'>Admi-</span> 
     </span>
    </p>
   </div>
   <div class='ocr_carea' id='block_1_65' title="bbox 410 4634 1983 4706">
    <p class='ocr_par' dir='ltr' id='par_1_65' title="bbox 410 4634 1983 4706">
     <span class='ocr_line' id='line_1_65' title="bbox 410 4634 1983 4706; baseline 0.001 -18"><span class='ocrx_word' id='word_1_479' title='bbox 410 4642 564 4690; x_wconf 86' lang='lat' dir='ltr'>ratus</span> <span class='ocrx_word' id='word_1_480' title='bbox 605 4635 713 4689; x_wconf 90' lang='lat' dir='ltr'>hoe</span> <span class='ocrx_word' id='word_1_481' title='bbox 757 4634 963 4690; x_wconf 89' lang='lat' dir='ltr'>factum</span> <span class='ocrx_word' id='word_1_482' title='bbox 1011 4652 1140 4700; x_wconf 92' lang='lat' dir='ltr'>rex,</span> <span class='ocrx_word' id='word_1_483' title='bbox 1185 4634 1408 4689; x_wconf 90' lang='lat' dir='ltr'>domum</span> <span class='ocrx_word' id='word_1_484' title='bbox 1454 4635 1610 4689; x_wconf 64' lang='lat' dir='ltr'>laetus</span> <span class='ocrx_word' id='word_1_485' title='bbox 1655 4635 1983 4706; x_wconf 86' lang='lat' dir='ltr'>regreditur.</span> 
     </span>
    </p>
   </div>
   <div class='ocr_carea' id='block_1_66' title="bbox 409 4725 1987 4798">
    <p class='ocr_par' dir='ltr' id='par_1_66' title="bbox 409 4725 1987 4798">
     <span class='ocr_line' id='line_1_66' title="bbox 409 4725 1987 4798; baseline -0.003 -12"><span class='ocrx_word' id='word_1_486' title='bbox 409 4729 655 4798; x_wconf 86' lang='lat' dir='ltr'>Cumque</span> <span class='ocrx_word' id='word_1_487' title='bbox 694 4743 809 4783; x_wconf 89' lang='lat' dir='ltr'>rem</span> <span class='ocrx_word' id='word_1_488' title='bbox 845 4743 1062 4783; x_wconf 90' lang='lat' dir='ltr'>omnem</span> <span class='ocrx_word' id='word_1_489' title='bbox 1097 4736 1159 4781; x_wconf 89' lang='lat' dir='ltr'>ut</span> <span class='ocrx_word' id='word_1_490' title='bbox 1197 4725 1473 4782; x_wconf 86' lang='lat' dir='ltr'>acciderat</span> <span class='ocrx_word' id='word_1_491' title='bbox 1518 4726 1675 4780; x_wconf 82' lang='lat' dir='ltr'>uxori</span> <span class='ocrx_word' id='word_1_492' title='bbox 1703 4727 1987 4797; x_wconf 78' lang='lat' dir='ltr'>exposuis-</span> 
     </span>
    </p>
   </div>
   <div class='ocr_carea' id='block_1_67' title="bbox 410 4818 1991 4890">
    <p class='ocr_par' dir='ltr' id='par_1_67' title="bbox 410 4818 1991 4890">
     <span class='ocr_line' id='line_1_67' title="bbox 410 4818 1991 4890; baseline -0.003 -14"><span class='ocrx_word' id='word_1_493' title='bbox 410 4830 514 4885; x_wconf 86' lang='lat' dir='ltr'>set,</span> <span class='ocrx_word' id='word_1_494' title='bbox 541 4819 687 4875; x_wconf 89' lang='lat' dir='ltr'>illico</span> <span class='ocrx_word' id='word_1_495' title='bbox 713 4820 981 4890; x_wconf 75' lang='lat' dir='ltr'>captivam</span> <span class='ocrx_word' id='word_1_496' title='bbox 1010 4819 1297 4874; x_wconf 90' lang='lat' dir='ltr'>mulierem</span> <span class='ocrx_word' id='word_1_497' title='bbox 1322 4818 1577 4873; x_wconf 84' lang='lat' dir='ltr'>accersiri</span> <span class='ocrx_word' id='word_1_498' title='bbox 1601 4818 1779 4889; x_wconf 86' lang='lat' dir='ltr'>jubet,</span> <span class='ocrx_word' id='word_1_499' title='bbox 1805 4818 1991 4873; x_wconf 89' lang='lat' dir='ltr'>scisci-</span> 
     </span>
    </p>
   </div>
   <div class='ocr_carea' id='block_1_68' title="bbox 414 4909 1991 4981">
    <p class='ocr_par' dir='ltr' id='par_1_68' title="bbox 414 4909 1991 4981">
     <span class='ocr_line' id='line_1_68' title="bbox 414 4909 1991 4981; baseline -0.002 -15"><span class='ocrx_word' id='word_1_500' title='bbox 414 4918 670 4981; x_wconf 84' lang='lat' dir='ltr'>taturque</span> <span class='ocrx_word' id='word_1_501' title='bbox 695 4927 761 4966; x_wconf 86' lang='lat' dir='ltr'>ex</span> <span class='ocrx_word' id='word_1_502' title='bbox 785 4927 847 4966; x_wconf 87' lang='lat' dir='ltr'>ea</span> <span class='ocrx_word' id='word_1_503' title='bbox 899 4910 1147 4979; x_wconf 79' lang='lat' dir='ltr'>quisnam</span> <span class='ocrx_word' id='word_1_504' title='bbox 1188 4918 1332 4965; x_wconf 82' lang='lat' dir='ltr'>esset</span> <span class='ocrx_word' id='word_1_505' title='bbox 1368 4910 1513 4964; x_wconf 83' lang='lat' dir='ltr'>Deus</span> <span class='ocrx_word' id='word_1_506' title='bbox 1542 4909 1631 4964; x_wconf 91' lang='lat' dir='ltr'>ille</span> <span class='ocrx_word' id='word_1_507' title='bbox 1658 4926 1819 4978; x_wconf 87' lang='lat' dir='ltr'>quem</span> <span class='ocrx_word' id='word_1_508' title='bbox 1848 4911 1991 4963; x_wconf 84' lang='lat' dir='ltr'>cole-</span> 
     </span>
    </p>
   </div>
   <div class='ocr_carea' id='block_1_69' title="bbox 415 5001 1993 5072">
    <p class='ocr_par' dir='ltr' id='par_1_69' title="bbox 415 5001 1993 5072">
     <span class='ocr_line' id='line_1_69' title="bbox 415 5001 1993 5072; baseline -0.003 -14"><span class='ocrx_word' id='word_1_509' title='bbox 415 5011 515 5058; x_wconf 87' lang='lat' dir='ltr'>ret.</span> <span class='ocrx_word' id='word_1_510' title='bbox 546 5003 640 5058; x_wconf 87' lang='lat' dir='ltr'>llla</span> <span class='ocrx_word' id='word_1_511' title='bbox 674 5019 800 5058; x_wconf 86' lang='lat' dir='ltr'>cum</span> <span class='ocrx_word' id='word_1_512' title='bbox 842 5003 899 5057; x_wconf 91' lang='lat' dir='ltr'>in</span> <span class='ocrx_word' id='word_1_513' title='bbox 932 5011 1286 5071; x_wconf 86' lang='lat' dir='ltr'>conspectum</span> <span class='ocrx_word' id='word_1_514' title='bbox 1325 5003 1467 5072; x_wconf 82' lang='lat' dir='ltr'>regis</span> <span class='ocrx_word' id='word_1_515' title='bbox 1500 5002 1759 5065; x_wconf 79' lang='lat' dir='ltr'>venisset,</span> <span class='ocrx_word' id='word_1_516' title='bbox 1790 5001 1842 5054; x_wconf 89' lang='lat' dir='ltr'>id</span> <span class='ocrx_word' id='word_1_517' title='bbox 1870 5018 1993 5071; x_wconf 74' lang='lat' dir='ltr'>per-</span> 
     </span>
    </p>
   </div>
   <div class='ocr_carea' id='block_1_70' title="bbox 413 5089 1987 5161">
    <p class='ocr_par' dir='ltr' id='par_1_70' title="bbox 413 5089 1987 5161">
     <span class='ocr_line' id='line_1_70' title="bbox 413 5089 1987 5161; baseline -0.001 -14"><span class='ocrx_word' id='word_1_518' title='bbox 413 5092 544 5147; x_wconf 82' lang='lat' dir='ltr'>fecit</span> <span class='ocrx_word' id='word_1_519' title='bbox 591 5099 650 5146; x_wconf 90' lang='lat' dir='ltr'>ut</span> <span class='ocrx_word' id='word_1_520' title='bbox 695 5106 792 5146; x_wconf 87' lang='lat' dir='ltr'>rex</span> <span class='ocrx_word' id='word_1_521' title='bbox 852 5090 1135 5151; x_wconf 80' lang='lat' dir='ltr'>[berorum</span> <span class='ocrx_word' id='word_1_522' title='bbox 1204 5089 1408 5145; x_wconf 88' lang='lat' dir='ltr'>Christi</span> <span class='ocrx_word' id='word_1_523' title='bbox 1455 5090 1745 5146; x_wconf 81' lang='lat' dir='ltr'>exsisteret</span> <span class='ocrx_word' id='word_1_524' title='bbox 1789 5108 1987 5161; x_wconf 74' lang='lat' dir='ltr'>pra-co.</span> 
     </span>
    </p>
   </div>
   <div class='ocr_carea' id='block_1_71' title="bbox 413 5182 1992 5255">
    <p class='ocr_par' dir='ltr' id='par_1_71' title="bbox 413 5182 1992 5255">
     <span class='ocr_line' id='line_1_71' title="bbox 413 5182 1992 5255; baseline -0.003 -16"><span class='ocrx_word' id='word_1_525' title='bbox 413 5184 627 5255; x_wconf 87' lang='lat' dir='ltr'>Quippe</span> <span class='ocrx_word' id='word_1_526' title='bbox 665 5183 755 5237; x_wconf 89' lang='lat' dir='ltr'>ille</span> <span class='ocrx_word' id='word_1_527' title='bbox 790 5183 894 5252; x_wconf 68' lang='lat' dir='ltr'>piae</span> <span class='ocrx_word' id='word_1_528' title='bbox 932 5182 1176 5237; x_wconf 89' lang='lat' dir='ltr'>mulieris</span> <span class='ocrx_word' id='word_1_529' title='bbox 1218 5182 1468 5246; x_wconf 87' lang='lat' dir='ltr'>hortatu,</span> <span class='ocrx_word' id='word_1_530' title='bbox 1512 5182 1794 5252; x_wconf 89' lang='lat' dir='ltr'>amplexus</span> <span class='ocrx_word' id='word_1_531' title='bbox 1828 5183 1992 5236; x_wconf 81' lang='lat' dir='ltr'>ﬁdem</span> 
     </span>
    </p>
   </div>
   <div class='ocr_carea' id='block_1_72' title="bbox 411 5272 1995 5343">
    <p class='ocr_par' dir='ltr' id='par_1_72' title="bbox 411 5272 1995 5343">
     <span class='ocr_line' id='line_1_72' title="bbox 411 5272 1995 5343; baseline -0.002 -12"><span class='ocrx_word' id='word_1_532' title='bbox 411 5275 640 5339; x_wconf 86' lang='lat' dir='ltr'>Christi,</span> <span class='ocrx_word' id='word_1_533' title='bbox 668 5273 955 5328; x_wconf 86' lang='lat' dir='ltr'>universos</span> <span class='ocrx_word' id='word_1_534' title='bbox 977 5273 1163 5328; x_wconf 86' lang='lat' dir='ltr'>Iberos</span> <span class='ocrx_word' id='word_1_535' title='bbox 1187 5272 1283 5343; x_wconf 93' lang='lat' dir='ltr'>qui</span> <span class='ocrx_word' id='word_1_536' title='bbox 1313 5272 1487 5343; x_wconf 88' lang='lat' dir='ltr'>ipsius</span> <span class='ocrx_word' id='word_1_537' title='bbox 1520 5273 1786 5343; x_wconf 85' lang='lat' dir='ltr'>parebant</span> <span class='ocrx_word' id='word_1_538' title='bbox 1826 5273 1995 5343; x_wconf 78' lang='lat' dir='ltr'>impc-</span> 
     </span>
    </p>
   </div>
   <div class='ocr_carea' id='block_1_73' title="bbox 416 5364 1993 5436">
    <p class='ocr_par' dir='ltr' id='par_1_73' title="bbox 416 5364 1993 5436">
     <span class='ocr_line' id='line_1_73' title="bbox 416 5364 1993 5436; baseline -0.001 -15"><span class='ocrx_word' id='word_1_539' title='bbox 416 5370 518 5434; x_wconf 90' lang='lat' dir='ltr'>rio,</span> <span class='ocrx_word' id='word_1_540' title='bbox 553 5368 623 5423; x_wconf 92' lang='lat' dir='ltr'>ad</span> <span class='ocrx_word' id='word_1_541' title='bbox 667 5366 990 5422; x_wconf 88' lang='lat' dir='ltr'>concionem</span> <span class='ocrx_word' id='word_1_542' title='bbox 1024 5374 1203 5422; x_wconf 88' lang='lat' dir='ltr'>vocat.</span> <span class='ocrx_word' id='word_1_543' title='bbox 1242 5364 1575 5435; x_wconf 89' lang='lat' dir='ltr'>Cunctisque</span> <span class='ocrx_word' id='word_1_544' title='bbox 1618 5374 1728 5419; x_wconf 88' lang='lat' dir='ltr'>tam</span> <span class='ocrx_word' id='word_1_545' title='bbox 1775 5381 1896 5436; x_wconf 71' lang='lat' dir='ltr'>quze</span> <span class='ocrx_word' id='word_1_546' title='bbox 1937 5366 1993 5420; x_wconf 88' lang='lat' dir='ltr'>in</span> 
     </span>
    </p>
   </div>
   <div class='ocr_carea' id='block_1_74' title="bbox 416 5458 1994 5531">
    <p class='ocr_par' dir='ltr' id='par_1_74' title="bbox 416 5458 1994 5531">
     <span class='ocr_line' id='line_1_74' title="bbox 416 5458 1994 5531; baseline -0.001 -14"><span class='ocrx_word' id='word_1_547' title='bbox 416 5464 700 5519; x_wconf 87' lang='lat' dir='ltr'>curatione</span> <span class='ocrx_word' id='word_1_548' title='bbox 720 5460 909 5516; x_wconf 80' lang='lat' dir='ltr'>uxoris</span> <span class='ocrx_word' id='word_1_549' title='bbox 931 5476 994 5515; x_wconf 90' lang='lat' dir='ltr'>ae</span> <span class='ocrx_word' id='word_1_550' title='bbox 1020 5460 1124 5531; x_wconf 81' lang='lat'><strong>53</strong></span> <span class='ocrx_word' id='word_1_551' title='bbox 1147 5459 1267 5524; x_wconf 84' lang='lat' dir='ltr'>filii,</span> <span class='ocrx_word' id='word_1_552' title='bbox 1290 5474 1453 5529; x_wconf 91' lang='lat' dir='ltr'>quam</span> <span class='ocrx_word' id='word_1_553' title='bbox 1481 5473 1602 5529; x_wconf 74' lang='lat' dir='ltr'>quae</span> <span class='ocrx_word' id='word_1_554' title='bbox 1629 5458 1686 5512; x_wconf 91' lang='lat' dir='ltr'>in</span> <span class='ocrx_word' id='word_1_555' title='bbox 1704 5458 1994 5515; x_wconf 89' lang='lat' dir='ltr'>venatione</span> 
     </span>
    </p>
   </div>
   <div class='ocr_carea' id='block_1_75' title="bbox 416 5550 1995 5625">
    <p class='ocr_par' dir='ltr' id='par_1_75' title="bbox 416 5550 1995 5625">
     <span class='ocr_line' id='line_1_75' title="bbox 416 5550 1995 5625; baseline -0.001 -16"><span class='ocrx_word' id='word_1_556' title='bbox 416 5556 764 5619; x_wconf 87' lang='lat' dir='ltr'>accidissent,</span> <span class='ocrx_word' id='word_1_557' title='bbox 784 5553 1099 5625; x_wconf 81' lang='lat' dir='ltr'>singillatim</span> <span class='ocrx_word' id='word_1_558' title='bbox 1123 5552 1403 5622; x_wconf 86' lang='lat' dir='ltr'>expositis,</span> <span class='ocrx_word' id='word_1_559' title='bbox 1428 5559 1489 5605; x_wconf 89' lang='lat' dir='ltr'>ut</span> <span class='ocrx_word' id='word_1_560' title='bbox 1505 5550 1731 5622; x_wconf 76' lang='lat' dir='ltr'>captiva:</span> <span class='ocrx_word' id='word_1_561' title='bbox 1748 5551 1995 5607; x_wconf 90' lang='lat' dir='ltr'>mulieris</span> 
     </span>
    </p>
   </div>
   <div class='ocr_carea' id='block_1_76' title="bbox 422 5642 1995 5715">
    <p class='ocr_par' dir='ltr' id='par_1_76' title="bbox 422 5642 1995 5715">
     <span class='ocr_line' id='line_1_76' title="bbox 422 5642 1995 5715; baseline -0.001 -16"><span class='ocrx_word' id='word_1_562' title='bbox 422 5647 587 5701; x_wconf 85' lang='lat' dir='ltr'>Deum</span> <span class='ocrx_word' id='word_1_563' title='bbox 632 5648 912 5711; x_wconf 89' lang='lat' dir='ltr'>colerent,</span> <span class='ocrx_word' id='word_1_564' title='bbox 961 5646 1229 5700; x_wconf 86' lang='lat' dir='ltr'>hortatur.</span> <span class='ocrx_word' id='word_1_565' title='bbox 1287 5643 1463 5699; x_wconf 82' lang='lat' dir='ltr'>Ambo</span> <span class='ocrx_word' id='word_1_566' title='bbox 1508 5642 1673 5715; x_wconf 86' lang='lat' dir='ltr'>igitur</span> <span class='ocrx_word' id='word_1_567' title='bbox 1716 5658 1995 5714; x_wconf 71' lang='lat' dir='ltr'>praecones</span> 
     </span>
    </p>
   </div>
   <div class='ocr_carea' id='block_1_77' title="bbox 425 5739 1994 5812">
    <p class='ocr_par' dir='ltr' id='par_1_77' title="bbox 425 5739 1994 5812">
     <span class='ocr_line' id='line_1_77' title="bbox 425 5739 1994 5812; baseline -0.001 -15"><span class='ocrx_word' id='word_1_568' title='bbox 425 5744 547 5798; x_wconf 83' lang='lat' dir='ltr'>facti</span> <span class='ocrx_word' id='word_1_569' title='bbox 591 5753 717 5799; x_wconf 90' lang='lat' dir='ltr'>sunt</span> <span class='ocrx_word' id='word_1_570' title='bbox 755 5744 958 5800; x_wconf 82' lang='lat' dir='ltr'>Christi</span> <span class='ocrx_word' id='word_1_571' title='bbox 990 5761 1002 5796; x_wconf 89' lang='lat'>:</span> <span class='ocrx_word' id='word_1_572' title='bbox 1029 5758 1128 5798; x_wconf 86' lang='lat' dir='ltr'>rex</span> <span class='ocrx_word' id='word_1_573' title='bbox 1168 5740 1390 5812; x_wconf 87' lang='lat' dir='ltr'>quidem</span> <span class='ocrx_word' id='word_1_574' title='bbox 1430 5739 1599 5795; x_wconf 90' lang='lat' dir='ltr'>viris.</span> <span class='ocrx_word' id='word_1_575' title='bbox 1638 5739 1823 5810; x_wconf 87' lang='lat' dir='ltr'>regina</span> <span class='ocrx_word' id='word_1_576' title='bbox 1863 5754 1994 5795; x_wconf 88' lang='lat' dir='ltr'>vero</span> 
     </span>
    </p>
   </div>
   <div class='ocr_carea' id='block_1_78' title="bbox 2074 1889 3657 1966">
    <p class='ocr_par' dir='ltr' id='par_1_78' title="bbox 2074 1889 3657 1966">
     <span class='ocr_line' id='line_1_78' title="bbox 2074 1889 3657 1966; baseline 0.003 -26"><span class='ocrx_word' id='word_1_577' title='bbox 2074 1896 2259 1966; x_wconf 67' lang='grc' dir='ltr'>ϐάρων</span> <span class='ocrx_word' id='word_1_578' title='bbox 2303 1895 2602 1962; x_wconf 83' lang='grc' dir='ltr'>γυναῖκας,</span> <span class='ocrx_word' id='word_1_579' title='bbox 2654 1894 2749 1945; x_wconf 75' lang='grc' dir='ltr'>καὶ</span> <span class='ocrx_word' id='word_1_580' title='bbox 2782 1891 2949 1962; x_wconf 78' lang='grc' dir='ltr'>αὐτὴν</span> <span class='ocrx_word' id='word_1_581' title='bbox 2995 1891 3093 1960; x_wconf 78' lang='grc' dir='ltr'>τὴν</span> <span class='ocrx_word' id='word_1_582' title='bbox 3128 1890 3224 1942; x_wconf 86' lang='grc' dir='ltr'>τοῦ</span> <span class='ocrx_word' id='word_1_583' title='bbox 3274 1889 3539 1959; x_wconf 78' lang='grc' dir='ltr'>βασιλέως</span> <span class='ocrx_word' id='word_1_584' title='bbox 3574 1892 3657 1944; x_wconf 87' lang='grc' dir='ltr'>δι-</span> 
     </span>
    </p>
   </div>
   <div class='ocr_carea' id='block_1_79' title="bbox 2074 1982 3656 2057">
    <p class='ocr_par' dir='ltr' id='par_1_79' title="bbox 2074 1982 3656 2057">
     <span class='ocr_line' id='line_1_79' title="bbox 2074 1982 3656 2057; baseline -0.002 -19"><span class='ocrx_word' id='word_1_585' title='bbox 2074 1986 2261 2057; x_wconf 85' lang='grc' dir='ltr'>έτρεχε</span> <span class='ocrx_word' id='word_1_586' title='bbox 2282 2001 2295 2015; x_wconf 74' lang='grc' dir='ltr'><strong>ο</strong></span> <span class='ocrx_word' id='word_1_587' title='bbox 2331 1985 2425 2039; x_wconf 74' lang='grc' dir='ltr'>καὶ</span> <span class='ocrx_word' id='word_1_588' title='bbox 2456 1983 2810 2055; x_wconf 79' lang='grc' dir='ltr'>φανερωτέρα</span> <span class='ocrx_word' id='word_1_589' title='bbox 2839 1985 2872 2053; x_wconf 77' lang='grc' dir='ltr'>ἡ</span> <span class='ocrx_word' id='word_1_590' title='bbox 2896 1982 3236 2053; x_wconf 79' lang='grc' dir='ltr'>αἰχμάλωτος</span> <span class='ocrx_word' id='word_1_591' title='bbox 3267 1983 3494 2051; x_wconf 80' lang='grc' dir='ltr'>ἐγίνετο.</span> <span class='ocrx_word' id='word_1_592' title='bbox 3521 1985 3656 2036; x_wconf 84' lang='grc' dir='ltr'>Μετ’</span> 
     </span>
    </p>
   </div>
   <div class='ocr_carea' id='block_1_80' title="bbox 2081 2074 3660 2149">
    <p class='ocr_par' dir='ltr' id='par_1_80' title="bbox 2081 2074 3660 2149">
     <span class='ocr_line' id='line_1_80' title="bbox 2081 2074 3660 2149; baseline -0.003 -17"><span class='ocrx_word' id='word_1_593' title='bbox 2081 2080 2140 2132; x_wconf 86' lang='grc' dir='ltr'>οὐ</span> <span class='ocrx_word' id='word_1_594' title='bbox 2165 2078 2299 2131; x_wconf 81' lang='grc' dir='ltr'>πολὺ</span> <span class='ocrx_word' id='word_1_595' title='bbox 2332 2079 2389 2131; x_wconf 80' lang='grc' dir='ltr'>δὲ</span> <span class='ocrx_word' id='word_1_596' title='bbox 2424 2078 2519 2131; x_wconf 69' lang='grc' dir='ltr'>καὶ</span> <span class='ocrx_word' id='word_1_597' title='bbox 2547 2079 2580 2149; x_wconf 83' lang='grc' dir='ltr'>ὴ</span> <span class='ocrx_word' id='word_1_598' title='bbox 2611 2076 2704 2130; x_wconf 88' lang='grc' dir='ltr'>τοῦ</span> <span class='ocrx_word' id='word_1_599' title='bbox 2740 2075 3004 2146; x_wconf 84' lang='grc' dir='ltr'>βασιλέως</span> <span class='ocrx_word' id='word_1_600' title='bbox 3035 2075 3171 2146; x_wconf 79' lang='grc' dir='ltr'>γυνὴ</span> <span class='ocrx_word' id='word_1_601' title='bbox 3199 2074 3478 2146; x_wconf 67' lang='grc' dir='ltr'>ἀρρωστίᾳ</span> <span class='ocrx_word' id='word_1_602' title='bbox 3501 2092 3660 2145; x_wconf 82' lang='grc' dir='ltr'>περι·</span> 
     </span>
    </p>
   </div>
   <div class='ocr_carea' id='block_1_81' title="bbox 2076 2168 3657 2241">
    <p class='ocr_par' dir='ltr' id='par_1_81' title="bbox 2076 2168 3657 2241">
     <span class='ocr_line' id='line_1_81' title="bbox 2076 2168 3657 2241; baseline -0.016 0"><span class='ocrx_word' id='word_1_603' title='bbox 2076 2171 2338 2233; x_wconf 71' lang='grc' dir='ltr'>πεσοῦσαν</span> <span class='ocrx_word' id='word_1_604' title='bbox 2361 2171 2460 2241; x_wconf 82' lang='grc' dir='ltr'>τὴν</span> <span class='ocrx_word' id='word_1_605' title='bbox 2480 2170 2824 2240; x_wconf 77' lang='grc' dir='ltr'>αἰχμάλωτον</span> <span class='ocrx_word' id='word_1_606' title='bbox 2861 2171 3096 2237; x_wconf 83' lang='grc' dir='ltr'>γυναῖκα</span> <span class='ocrx_word' id='word_1_607' title='bbox 3120 2168 3518 2238; x_wconf 78' lang='grc' dir='ltr'>μετεπέμπετο.</span> <span class='ocrx_word' id='word_1_608' title='bbox 3545 2169 3657 2237; x_wconf 73' lang='grc' dir='ltr'>Τῆς</span> 
     </span>
    </p>
   </div>
   <div class='ocr_carea' id='block_1_82' title="bbox 2080 2258 3657 2333">
    <p class='ocr_par' dir='ltr' id='par_1_82' title="bbox 2080 2258 3657 2333">
     <span class='ocr_line' id='line_1_82' title="bbox 2080 2258 3657 2333; baseline -0.003 -18"><span class='ocrx_word' id='word_1_609' title='bbox 2080 2263 2136 2315; x_wconf 81' lang='grc' dir='ltr'>δὲ</span> <span class='ocrx_word' id='word_1_610' title='bbox 2176 2262 2683 2333; x_wconf 81' lang='grc' dir='ltr'>παραιτησαμένης,</span> <span class='ocrx_word' id='word_1_611' title='bbox 2720 2258 3119 2331; x_wconf 71' lang='grc' dir='ltr'>μετριαξούσης</span> <span class='ocrx_word' id='word_1_612' title='bbox 3146 2277 3201 2312; x_wconf 80' lang='grc' dir='ltr'>τε</span> <span class='ocrx_word' id='word_1_613' title='bbox 3220 2260 3275 2311; x_wconf 81' lang='grc' dir='ltr'>ἐν</span> <span class='ocrx_word' id='word_1_614' title='bbox 3307 2262 3417 2321; x_wconf 79' lang='grc' dir='ltr'>τοῖς</span> <span class='ocrx_word' id='word_1_615' title='bbox 3447 2258 3657 2329; x_wconf 68' lang='grc' dir='ltr'>ἤθεσιν,</span> 
     </span>
    </p>
   </div>
   <div class='ocr_carea' id='block_1_83' title="bbox 2076 2349 3683 2425">
    <p class='ocr_par' dir='ltr' id='par_1_83' title="bbox 2076 2349 3683 2425">
     <span class='ocr_line' id='line_1_83' title="bbox 2076 2349 3683 2425; baseline -0.004 -17"><span class='ocrx_word' id='word_1_616' title='bbox 2076 2353 2212 2424; x_wconf 74' lang='grc' dir='ltr'>αὑτὴ</span> <span class='ocrx_word' id='word_1_617' title='bbox 2245 2354 2468 2424; x_wconf 70' lang='grc' dir='ltr'>φέρεται</span> <span class='ocrx_word' id='word_1_618' title='bbox 2501 2356 2629 2425; x_wconf 81' lang='grc' dir='ltr'>παρ’</span> <span class='ocrx_word' id='word_1_619' title='bbox 2661 2354 2852 2421; x_wconf 79' lang='grc' dir='ltr'>αὐτήν.</span> <span class='ocrx_word' id='word_1_620' title='bbox 2885 2353 3035 2405; x_wconf 89' lang='grc' dir='ltr'>Ποιεί</span> <span class='ocrx_word' id='word_1_621' title='bbox 3065 2351 3120 2404; x_wconf 77' lang='grc' dir='ltr'>δὲ</span> <span class='ocrx_word' id='word_1_622' title='bbox 3152 2353 3185 2421; x_wconf 82' lang='grc' dir='ltr'>ἡ</span> <span class='ocrx_word' id='word_1_623' title='bbox 3223 2351 3589 2421; x_wconf 69' lang='grc' dir='ltr'>αἰχμάλωτος,</span> <span class='ocrx_word' id='word_1_624' title='bbox 3624 2349 3683 2403; x_wconf 71' lang='lat' dir='ltr'>Et.</span> 
     </span>
    </p>
   </div>
   <div class='ocr_carea' id='block_1_84' title="bbox 2079 2444 3661 2517">
    <p class='ocr_par' dir='ltr' id='par_1_84' title="bbox 2079 2444 3661 2517">
     <span class='ocr_line' id='line_1_84' title="bbox 2079 2444 3661 2517; baseline -0.006 -13"><span class='ocrx_word' id='word_1_625' title='bbox 2079 2450 2171 2505; x_wconf 75' lang='grc' dir='ltr'>καὶ</span> <span class='ocrx_word' id='word_1_626' title='bbox 2201 2451 2292 2501; x_wconf 70' lang='grc' dir='ltr'>ἐπὶ</span> <span class='ocrx_word' id='word_1_627' title='bbox 2325 2447 2418 2501; x_wconf 85' lang='grc' dir='ltr'>τοῦ</span> <span class='ocrx_word' id='word_1_628' title='bbox 2452 2446 2638 2509; x_wconf 69' lang='grc' dir='ltr'>παιδος</span> <span class='ocrx_word' id='word_1_629' title='bbox 2679 2446 2969 2517; x_wconf 76' lang='grc' dir='ltr'>πεποιήκει</span> <span class='ocrx_word' id='word_1_630' title='bbox 2996 2444 3282 2516; x_wconf 81' lang='grc' dir='ltr'>πρότερον.</span> <span class='ocrx_word' id='word_1_631' title='bbox 3310 2444 3661 2513; x_wconf 82' lang='grc' dir='ltr'>Παραχρῆμα</span> 
     </span>
    </p>
   </div>
   <div class='ocr_carea' id='block_1_85' title="bbox 2078 2532 3659 2612">
    <p class='ocr_par' dir='ltr' id='par_1_85' title="bbox 2078 2532 3659 2612">
     <span class='ocr_line' id='line_1_85' title="bbox 2078 2532 3659 2612; baseline -0.006 -15"><span class='ocrx_word' id='word_1_632' title='bbox 2078 2544 2163 2607; x_wconf 72' lang='grc' dir='ltr'>δἐ,</span> <span class='ocrx_word' id='word_1_633' title='bbox 2196 2545 2228 2612; x_wconf 84' lang='grc' dir='ltr'><strong>ή</strong></span> <span class='ocrx_word' id='word_1_634' title='bbox 2262 2541 2491 2595; x_wconf 79' lang='grc' dir='ltr'>νοσοῦσα</span> <span class='ocrx_word' id='word_1_635' title='bbox 2521 2536 2801 2612; x_wconf 75' lang='grc' dir='ltr'>ὲρῤώσθη,</span> <span class='ocrx_word' id='word_1_636' title='bbox 2836 2537 2930 2591; x_wconf 68' lang='grc' dir='ltr'>καὶ</span> <span class='ocrx_word' id='word_1_637' title='bbox 2961 2535 3279 2606; x_wconf 76' lang='grc' dir='ltr'>ηὑχαρίστει</span> <span class='ocrx_word' id='word_1_638' title='bbox 3319 2536 3384 2604; x_wconf 80' lang='grc' dir='ltr'>τῇ</span> <span class='ocrx_word' id='word_1_639' title='bbox 3416 2532 3659 2602; x_wconf 82' lang='grc' dir='ltr'>γυναικί.</span> 
     </span>
    </p>
   </div>
   <div class='ocr_carea' id='block_1_86' title="bbox 2088 2610 3679 2701">
    <p class='ocr_par' dir='ltr' id='par_1_86' title="bbox 2088 2610 3679 2701">
     <span class='ocr_line' id='line_1_86' title="bbox 2088 2610 3679 2701; baseline -0.007 -14"><span class='ocrx_word' id='word_1_640' title='bbox 2088 2634 2153 2687; x_wconf 84' lang='grc' dir='ltr'><em>Ἢ</em></span> <span class='ocrx_word' id='word_1_641' title='bbox 2180 2610 2254 2698; x_wconf 64' lang='grc' dir='ltr'>δὲ,</span> <span class='ocrx_word' id='word_1_642' title='bbox 2293 2633 2405 2684; x_wconf 75' lang='grc' dir='ltr'>Οὐκ</span> <span class='ocrx_word' id='word_1_643' title='bbox 2447 2610 2597 2701; x_wconf 55' lang='lat' dir='ltr'>em,</span> <span class='ocrx_word' id='word_1_644' title='bbox 2642 2629 2767 2697; x_wconf 66' lang='grc' dir='ltr'>ἔφη.</span> <span class='ocrx_word' id='word_1_645' title='bbox 2816 2628 2877 2681; x_wconf 77' lang='grc' dir='ltr'>τὸ</span> <span class='ocrx_word' id='word_1_646' title='bbox 2927 2627 3106 2698; x_wconf 78' lang='grc' dir='ltr'>ἔργον,</span> <span class='ocrx_word' id='word_1_647' title='bbox 3141 2626 3275 2679; x_wconf 73' lang='grc' dir='ltr'>ἀλλά</span> <span class='ocrx_word' id='word_1_648' title='bbox 3306 2624 3568 2696; x_wconf 86' lang='grc' dir='ltr'>Χριστοῦ,</span> <span class='ocrx_word' id='word_1_649' title='bbox 3605 2610 3679 2687; x_wconf 62' lang='grc' dir='ltr'>δέ</span> 
     </span>
    </p>
   </div>
   <div class='ocr_carea' id='block_1_87' title="bbox 2078 2717 3664 2791">
    <p class='ocr_par' dir='ltr' id='par_1_87' title="bbox 2078 2717 3664 2791">
     <span class='ocr_line' id='line_1_87' title="bbox 2078 2717 3664 2791; baseline -0.006 -12"><span class='ocrx_word' id='word_1_650' title='bbox 2078 2726 2204 2789; x_wconf 74' lang='grc' dir='ltr'>Υἱός</span> <span class='ocrx_word' id='word_1_651' title='bbox 2228 2727 2341 2778; x_wconf 74' lang='grc' dir='ltr'>ἐστι</span> <span class='ocrx_word' id='word_1_652' title='bbox 2364 2720 2457 2776; x_wconf 84' lang='grc' dir='ltr'>τοῦ</span> <span class='ocrx_word' id='word_1_653' title='bbox 2489 2720 2645 2785; x_wconf 85' lang='grc' dir='ltr'>Θεοῦ,</span> <span class='ocrx_word' id='word_1_654' title='bbox 2676 2720 2770 2773; x_wconf 85' lang='grc' dir='ltr'>τοῦ</span> <span class='ocrx_word' id='word_1_655' title='bbox 2807 2720 2895 2773; x_wconf 63' lang='grc' dir='ltr'>τὸν</span> <span class='ocrx_word' id='word_1_656' title='bbox 2921 2720 3123 2789; x_wconf 81' lang='grc' dir='ltr'>κόσμον</span> <span class='ocrx_word' id='word_1_657' title='bbox 3151 2719 3497 2791; x_wconf 83' lang='grc' dir='ltr'>ποιήσαντος.</span> <span class='ocrx_word' id='word_1_658' title='bbox 3526 2717 3664 2770; x_wconf 79' lang='grc' dir='ltr'>Τοῦ-</span> 
     </span>
    </p>
   </div>
   <div class='ocr_carea' id='block_1_88' title="bbox 2077 2807 3664 2882">
    <p class='ocr_par' dir='ltr' id='par_1_88' title="bbox 2077 2807 3664 2882">
     <span class='ocr_line' id='line_1_88' title="bbox 2077 2807 3664 2882; baseline -0.005 -11"><span class='ocrx_word' id='word_1_659' title='bbox 2077 2819 2166 2871; x_wconf 83' lang='grc' dir='ltr'>τόν</span> <span class='ocrx_word' id='word_1_660' title='bbox 2210 2834 2270 2871; x_wconf 85' lang='grc' dir='ltr'>τε</span> <span class='ocrx_word' id='word_1_661' title='bbox 2318 2813 2704 2869; x_wconf 75' lang='grc' dir='ltr'>ἐπικαλεῖσθαι</span> <span class='ocrx_word' id='word_1_662' title='bbox 2755 2810 3119 2881; x_wconf 73' lang='grc' dir='ltr'>παρῄνει,καὶ</span> <span class='ocrx_word' id='word_1_663' title='bbox 3169 2810 3344 2880; x_wconf 81' lang='grc' dir='ltr'>ἀληθῆ</span> <span class='ocrx_word' id='word_1_664' title='bbox 3375 2807 3664 2882; x_wconf 67' lang='grc' dir='ltr'>γνωρίζειί</span> 
     </span>
    </p>
   </div>
   <div class='ocr_carea' id='block_1_89' title="bbox 2078 2902 3664 2978">
    <p class='ocr_par' dir='ltr' id='par_1_89' title="bbox 2078 2902 3664 2978">
     <span class='ocr_line' id='line_1_89' title="bbox 2078 2902 3664 2978; baseline -0.006 -15"><span class='ocrx_word' id='word_1_665' title='bbox 2078 2911 2229 2963; x_wconf 79' lang='grc' dir='ltr'>Θεόν.</span> <span class='ocrx_word' id='word_1_666' title='bbox 2279 2907 2575 2978; x_wconf 72' lang='grc' dir='ltr'>Θαυμάσας</span> <span class='ocrx_word' id='word_1_667' title='bbox 2617 2905 2673 2957; x_wconf 78' lang='grc' dir='ltr'>δὲ</span> <span class='ocrx_word' id='word_1_668' title='bbox 2705 2907 2733 2957; x_wconf 89' lang='grc' dir='ltr'>ὁ</span> <span class='ocrx_word' id='word_1_669' title='bbox 2783 2903 3038 2973; x_wconf 72' lang='grc' dir='ltr'>βασιλεὺς</span> <span class='ocrx_word' id='word_1_670' title='bbox 3065 2902 3169 2954; x_wconf 77' lang='grc' dir='ltr'>τῶν</span> <span class='ocrx_word' id='word_1_671' title='bbox 3212 2902 3439 2972; x_wconf 78' lang='grc' dir='ltr'>Ἰϐήρων</span> <span class='ocrx_word' id='word_1_672' title='bbox 3466 2903 3567 2972; x_wconf 77' lang='grc' dir='ltr'>τὴν</span> <span class='ocrx_word' id='word_1_673' title='bbox 3599 2905 3664 2954; x_wconf 81' lang='grc' dir='ltr'>ἐκ</span> 
     </span>
    </p>
   </div>
   <div class='ocr_carea' id='block_1_90' title="bbox 2078 2993 3662 3071">
    <p class='ocr_par' dir='ltr' id='par_1_90' title="bbox 2078 2993 3662 3071">
     <span class='ocr_line' id='line_1_90' title="bbox 2078 2993 3662 3071; baseline -0.011 -16"><span class='ocrx_word' id='word_1_674' title='bbox 2078 3002 2177 3071; x_wconf 74' lang='grc' dir='ltr'>τῆς</span> <span class='ocrx_word' id='word_1_675' title='bbox 2208 3001 2363 3054; x_wconf 79' lang='grc' dir='ltr'>νόσου</span> <span class='ocrx_word' id='word_1_676' title='bbox 2395 3001 2474 3063; x_wconf 77' lang='grc' dir='ltr'>εἰς</span> <span class='ocrx_word' id='word_1_677' title='bbox 2499 2998 2689 3067; x_wconf 80' lang='grc' dir='ltr'>ὑγείαν</span> <span class='ocrx_word' id='word_1_678' title='bbox 2712 2996 2985 3065; x_wconf 74' lang='grc' dir='ltr'>ταχυτῆτα</span> <span class='ocrx_word' id='word_1_679' title='bbox 3004 3036 3018 3061; x_wconf 93' lang='grc'>,</span> <span class='ocrx_word' id='word_1_680' title='bbox 3057 2993 3357 3065; x_wconf 75' lang='grc' dir='ltr'>πυθόμενός</span> <span class='ocrx_word' id='word_1_681' title='bbox 3380 3012 3436 3046; x_wconf 86' lang='grc' dir='ltr'>τε</span> <span class='ocrx_word' id='word_1_682' title='bbox 3464 2995 3545 3055; x_wconf 81' lang='grc' dir='ltr'>τίς</span> <span class='ocrx_word' id='word_1_683' title='bbox 3576 2995 3662 3062; x_wconf 73' lang='grc' dir='ltr'>εἴη</span> 
     </span>
    </p>
   </div>
   <div class='ocr_carea' id='block_1_91' title="bbox 2079 3088 3663 3165">
    <p class='ocr_par' dir='ltr' id='par_1_91' title="bbox 2079 3088 3663 3165">
     <span class='ocr_line' id='line_1_91' title="bbox 2079 3088 3663 3165; baseline -0.006 -17"><span class='ocrx_word' id='word_1_684' title='bbox 2079 3097 2106 3148; x_wconf 86' lang='lat'>6</span> <span class='ocrx_word' id='word_1_685' title='bbox 2139 3093 2502 3165; x_wconf 82' lang='grc' dir='ltr'>θεραπεύσας.</span> <span class='ocrx_word' id='word_1_686' title='bbox 2535 3090 2727 3163; x_wconf 77' lang='grc' dir='ltr'>δώροις</span> <span class='ocrx_word' id='word_1_687' title='bbox 2768 3088 3026 3159; x_wconf 80' lang='grc' dir='ltr'>ἠμείϐετο</span> <span class='ocrx_word' id='word_1_688' title='bbox 3056 3088 3153 3159; x_wconf 85' lang='grc' dir='ltr'>τὴν</span> <span class='ocrx_word' id='word_1_689' title='bbox 3185 3088 3552 3159; x_wconf 77' lang='grc' dir='ltr'>αἰχμάλωτον.</span> <span class='ocrx_word' id='word_1_690' title='bbox 3598 3090 3663 3139; x_wconf 85' lang='grc'><strong>’11</strong></span> 
     </span>
    </p>
   </div>
   <div class='ocr_carea' id='block_1_92' title="bbox 2078 3179 3660 3254">
    <p class='ocr_par' dir='ltr' id='par_1_92' title="bbox 2078 3179 3660 3254">
     <span class='ocr_line' id='line_1_92' title="bbox 2078 3179 3660 3254; baseline -0.006 -15"><span class='ocrx_word' id='word_1_691' title='bbox 2078 3187 2135 3239; x_wconf 77' lang='grc' dir='ltr'>δὲ</span> <span class='ocrx_word' id='word_1_692' title='bbox 2163 3187 2261 3238; x_wconf 71' lang='grc' dir='ltr'>οὐκ</span> <span class='ocrx_word' id='word_1_693' title='bbox 2295 3185 2398 3254; x_wconf 61' lang='grc' dir='ltr'>ἔψη</span> <span class='ocrx_word' id='word_1_694' title='bbox 2428 3183 2632 3236; x_wconf 83' lang='grc' dir='ltr'>δεῖσθαι</span> <span class='ocrx_word' id='word_1_695' title='bbox 2675 3181 2905 3234; x_wconf 87' lang='grc' dir='ltr'>πλούτου</span> <span class='ocrx_word' id='word_1_696' title='bbox 2926 3197 2940 3211; x_wconf 75' lang='grc' dir='ltr'><strong><em>ο</em></strong></span> <span class='ocrx_word' id='word_1_697' title='bbox 2977 3181 3121 3251; x_wconf 78' lang='grc' dir='ltr'>ἔχειν</span> <span class='ocrx_word' id='word_1_698' title='bbox 3161 3182 3269 3251; x_wconf 82' lang='grc' dir='ltr'>γὰρ</span> <span class='ocrx_word' id='word_1_699' title='bbox 3314 3179 3540 3233; x_wconf 86' lang='grc' dir='ltr'>πλοῦτον</span> <span class='ocrx_word' id='word_1_700' title='bbox 3564 3179 3660 3248; x_wconf 68' lang='grc' dir='ltr'>τὴν</span> 
     </span>
    </p>
   </div>
   <div class='ocr_carea' id='block_1_93' title="bbox 2080 3272 3663 3345">
    <p class='ocr_par' dir='ltr' id='par_1_93' title="bbox 2080 3272 3663 3345">
     <span class='ocr_line' id='line_1_93' title="bbox 2080 3272 3663 3345; baseline -0.003 -16"><span class='ocrx_word' id='word_1_701' title='bbox 2080 3276 2381 3336; x_wconf 79' lang='grc' dir='ltr'>εὐσέϐειαν,</span> <span class='ocrx_word' id='word_1_702' title='bbox 2433 3275 2526 3327; x_wconf 71' lang='grc' dir='ltr'>καὶ</span> <span class='ocrx_word' id='word_1_703' title='bbox 2554 3273 2804 3345; x_wconf 86' lang='grc' dir='ltr'>δέχεσθαι</span> <span class='ocrx_word' id='word_1_704' title='bbox 2848 3273 2989 3343; x_wconf 85' lang='grc' dir='ltr'>μέγα</span> <span class='ocrx_word' id='word_1_705' title='bbox 3021 3272 3213 3345; x_wconf 83' lang='grc' dir='ltr'>δῶρον,</span> <span class='ocrx_word' id='word_1_706' title='bbox 3258 3274 3308 3325; x_wconf 80' lang='grc' dir='ltr'>εἰ</span> <span class='ocrx_word' id='word_1_707' title='bbox 3338 3272 3663 3340; x_wconf 77' lang='grc' dir='ltr'>ὲπιγνὼσειε</span> 
     </span>
    </p>
   </div>
   <div class='ocr_carea' id='block_1_94' title="bbox 2079 3362 3661 3433">
    <p class='ocr_par' dir='ltr' id='par_1_94' title="bbox 2079 3362 3661 3433">
     <span class='ocr_line' id='line_1_94' title="bbox 2079 3362 3661 3433; baseline -0.002 -14"><span class='ocrx_word' id='word_1_708' title='bbox 2079 3367 2169 3419; x_wconf 74' lang='grc' dir='ltr'>τὸν</span> <span class='ocrx_word' id='word_1_709' title='bbox 2187 3367 2341 3430; x_wconf 78' lang='grc' dir='ltr'>Θεὸν,</span> <span class='ocrx_word' id='word_1_710' title='bbox 2362 3364 2452 3417; x_wconf 80' lang='grc' dir='ltr'>τὸν</span> <span class='ocrx_word' id='word_1_711' title='bbox 2476 3365 2566 3417; x_wconf 81' lang='grc' dir='ltr'>ὑπ’</span> <span class='ocrx_word' id='word_1_712' title='bbox 2583 3363 2755 3432; x_wconf 78' lang='grc' dir='ltr'>αὐτῆς</span> <span class='ocrx_word' id='word_1_713' title='bbox 2773 3363 3194 3433; x_wconf 84' lang='grc' dir='ltr'>γινωσκόμενον.</span> <span class='ocrx_word' id='word_1_714' title='bbox 3211 3363 3396 3416; x_wconf 85' lang='grc' dir='ltr'>Ταῦτα</span> <span class='ocrx_word' id='word_1_715' title='bbox 3411 3362 3661 3429; x_wconf 69' lang='grc' dir='ltr'>εἰποῦσα,</span> 
     </span>
    </p>
   </div>
   <div class='ocr_carea' id='block_1_95' title="bbox 2080 3454 3666 3528">
    <p class='ocr_par' dir='ltr' id='par_1_95' title="bbox 2080 3454 3666 3528">
     <span class='ocr_line' id='line_1_95' title="bbox 2080 3454 3666 3528; baseline -0.001 -18"><span class='ocrx_word' id='word_1_716' title='bbox 2080 3458 2148 3510; x_wconf 76' lang='grc' dir='ltr'>τὰ</span> <span class='ocrx_word' id='word_1_717' title='bbox 2179 3457 2326 3528; x_wconf 80' lang='grc' dir='ltr'>δῶρα</span> <span class='ocrx_word' id='word_1_718' title='bbox 2370 3455 2745 3526; x_wconf 80' lang='grc' dir='ltr'>ἀντέπεμπεν’</span> <span class='ocrx_word' id='word_1_719' title='bbox 2781 3457 2808 3507; x_wconf 94' lang='lat'>6</span> <span class='ocrx_word' id='word_1_720' title='bbox 2836 3454 2893 3508; x_wconf 81' lang='grc' dir='ltr'>δὲ</span> <span class='ocrx_word' id='word_1_721' title='bbox 2944 3455 3220 3526; x_wconf 77' lang='grc' dir='ltr'>βασιλεὺς,</span> <span class='ocrx_word' id='word_1_722' title='bbox 3251 3457 3341 3509; x_wconf 81' lang='grc' dir='ltr'>τὸν</span> <span class='ocrx_word' id='word_1_723' title='bbox 3371 3458 3467 3527; x_wconf 78' lang='grc' dir='ltr'>μὲν</span> <span class='ocrx_word' id='word_1_724' title='bbox 3508 3460 3666 3526; x_wconf 64' lang='grc' dir='ltr'>λόγον</span> 
     </span>
    </p>
   </div>
   <div class='ocr_carea' id='block_1_96' title="bbox 2083 3545 3669 3620">
    <p class='ocr_par' dir='ltr' id='par_1_96' title="bbox 2083 3545 3669 3620">
     <span class='ocr_line' id='line_1_96' title="bbox 2083 3545 3669 3620; baseline 0.001 -19"><span class='ocrx_word' id='word_1_725' title='bbox 2083 3547 2460 3618; x_wconf 81' lang='grc' dir='ltr'>ἐταμιεύσατο.</span> <span class='ocrx_word' id='word_1_726' title='bbox 2509 3547 2644 3601; x_wconf 84' lang='grc' dir='ltr'>Μεθ’</span> <span class='ocrx_word' id='word_1_727' title='bbox 2690 3545 2901 3618; x_wconf 82' lang='grc' dir='ltr'>ἡμέραν</span> <span class='ocrx_word' id='word_1_728' title='bbox 2956 3546 3013 3600; x_wconf 80' lang='grc' dir='ltr'>δὲ</span> <span class='ocrx_word' id='word_1_729' title='bbox 3070 3547 3339 3613; x_wconf 75' lang='grc' dir='ltr'>ἐξελθόντι</span> <span class='ocrx_word' id='word_1_730' title='bbox 3397 3549 3548 3620; x_wconf 72' lang='grc' dir='ltr'>αὐτῷ</span> <span class='ocrx_word' id='word_1_731' title='bbox 3590 3552 3669 3613; x_wconf 78' lang='grc' dir='ltr'>εἰς</span> 
     </span>
    </p>
   </div>
   <div class='ocr_carea' id='block_1_97' title="bbox 2084 3635 3672 3709">
    <p class='ocr_par' dir='ltr' id='par_1_97' title="bbox 2084 3635 3672 3709">
     <span class='ocr_line' id='line_1_97' title="bbox 2084 3635 3672 3709; baseline -0.001 -17"><span class='ocrx_word' id='word_1_732' title='bbox 2084 3638 2279 3709; x_wconf 81' lang='grc' dir='ltr'>θήραν,</span> <span class='ocrx_word' id='word_1_733' title='bbox 2306 3636 2593 3707; x_wconf 85' lang='grc' dir='ltr'>συμϐαίνει</span> <span class='ocrx_word' id='word_1_734' title='bbox 2618 3635 2826 3689; x_wconf 86' lang='grc' dir='ltr'>τοιοῦτό</span> <span class='ocrx_word' id='word_1_735' title='bbox 2853 3653 2927 3687; x_wconf 89' lang='grc' dir='ltr'>τι.</span> <span class='ocrx_word' id='word_1_736' title='bbox 2957 3636 3067 3698; x_wconf 83' lang='grc' dir='ltr'>Τὰς</span> <span class='ocrx_word' id='word_1_737' title='bbox 3096 3636 3337 3707; x_wconf 71' lang='grc' dir='ltr'>κορυφὰς</span> <span class='ocrx_word' id='word_1_738' title='bbox 3359 3637 3466 3689; x_wconf 83' lang='grc' dir='ltr'>τῶν</span> <span class='ocrx_word' id='word_1_739' title='bbox 3493 3640 3672 3709; x_wconf 79' lang='grc' dir='ltr'>ὀρέων</span> 
     </span>
    </p>
   </div>
   <div class='ocr_carea' id='block_1_98' title="bbox 2083 3723 3671 3796">
    <p class='ocr_par' dir='ltr' id='par_1_98' title="bbox 2083 3723 3671 3796">
     <span class='ocr_line' id='line_1_98' title="bbox 2083 3723 3671 3796; baseline 0.001 -17"><span class='ocrx_word' id='word_1_740' title='bbox 2083 3725 2179 3779; x_wconf 76' lang='grc' dir='ltr'>καὶ</span> <span class='ocrx_word' id='word_1_741' title='bbox 2205 3724 2303 3788; x_wconf 85' lang='grc' dir='ltr'>τὰς</span> <span class='ocrx_word' id='word_1_742' title='bbox 2341 3724 2517 3788; x_wconf 83' lang='grc' dir='ltr'>νάπας</span> <span class='ocrx_word' id='word_1_743' title='bbox 2548 3723 2678 3777; x_wconf 74' lang='grc' dir='ltr'>ἔνθα</span> <span class='ocrx_word' id='word_1_744' title='bbox 2711 3724 2903 3795; x_wconf 77' lang='grc' dir='ltr'>ἐθήρα,</span> <span class='ocrx_word' id='word_1_745' title='bbox 2935 3724 3194 3794; x_wconf 82' lang='grc' dir='ltr'>κατέχεεν</span> <span class='ocrx_word' id='word_1_746' title='bbox 3221 3726 3440 3796; x_wconf 80' lang='grc' dir='ltr'>ὁμίχλη,</span> <span class='ocrx_word' id='word_1_747' title='bbox 3474 3731 3671 3792; x_wconf 78' lang='grc' dir='ltr'>σκότος</span> 
     </span>
    </p>
   </div>
   <div class='ocr_carea' id='block_1_99' title="bbox 2081 3809 3671 3887">
    <p class='ocr_par' dir='ltr' id='par_1_99' title="bbox 2081 3809 3671 3887">
     <span class='ocr_line' id='line_1_99' title="bbox 2081 3809 3671 3887; baseline 0.001 -20"><span class='ocrx_word' id='word_1_748' title='bbox 2081 3831 2142 3867; x_wconf 86' lang='grc' dir='ltr'>τε</span> <span class='ocrx_word' id='word_1_749' title='bbox 2172 3813 2327 3868; x_wconf 86' lang='grc' dir='ltr'>πολύ.</span> <span class='ocrx_word' id='word_1_750' title='bbox 2361 3813 2472 3866; x_wconf 79' lang='grc' dir='ltr'>Καὶ</span> <span class='ocrx_word' id='word_1_751' title='bbox 2499 3809 2567 3885; x_wconf 81' lang='grc' dir='ltr'>ἦν</span> <span class='ocrx_word' id='word_1_752' title='bbox 2598 3814 2801 3885; x_wconf 80' lang='grc' dir='ltr'>ἄπορος</span> <span class='ocrx_word' id='word_1_753' title='bbox 2833 3814 2933 3884; x_wconf 79' lang='grc' dir='ltr'>μὲν</span> <span class='ocrx_word' id='word_1_754' title='bbox 2962 3816 2995 3884; x_wconf 79' lang='grc' dir='ltr'><strong>ἡ</strong></span> <span class='ocrx_word' id='word_1_755' title='bbox 3036 3814 3178 3885; x_wconf 82' lang='grc' dir='ltr'>θήρα</span> <span class='ocrx_word' id='word_1_756' title='bbox 3198 3855 3213 3880; x_wconf 95' lang='grc'>,</span> <span class='ocrx_word' id='word_1_757' title='bbox 3251 3815 3590 3887; x_wconf 55' lang='lat' dir='ltr'>esteem-.0;</span> <span class='ocrx_word' id='word_1_758' title='bbox 3615 3818 3671 3869; x_wconf 77' lang='grc' dir='ltr'>δὲ</span> 
     </span>
    </p>
   </div>
   <div class='ocr_carea' id='block_1_100' title="bbox 2087 3906 3672 3979">
    <p class='ocr_par' dir='ltr' id='par_1_100' title="bbox 2087 3906 3672 3979">
     <span class='ocr_line' id='line_1_100' title="bbox 2087 3906 3672 3979; baseline 0.001 -18"><span class='ocrx_word' id='word_1_759' title='bbox 2087 3909 2119 3979; x_wconf 80' lang='grc' dir='ltr'>ἡ</span> <span class='ocrx_word' id='word_1_760' title='bbox 2146 3907 2261 3970; x_wconf 80' lang='grc' dir='ltr'>ὁδός</span> <span class='ocrx_word' id='word_1_761' title='bbox 2288 3925 2300 3938; x_wconf 93' lang='grc'><strong>·</strong></span> <span class='ocrx_word' id='word_1_762' title='bbox 2342 3909 2399 3959; x_wconf 82' lang='grc' dir='ltr'>ἐν</span> <span class='ocrx_word' id='word_1_763' title='bbox 2428 3907 2708 3977; x_wconf 60' lang='grc' dir='ltr'>ἀμηχανία</span> <span class='ocrx_word' id='word_1_764' title='bbox 2732 3906 2787 3959; x_wconf 79' lang='grc' dir='ltr'>δὲ</span> <span class='ocrx_word' id='word_1_765' title='bbox 2830 3906 3140 3977; x_wconf 88' lang='grc' dir='ltr'>γενόμενος,</span> <span class='ocrx_word' id='word_1_766' title='bbox 3174 3907 3307 3960; x_wconf 79' lang='grc' dir='ltr'>πολὺ</span> <span class='ocrx_word' id='word_1_767' title='bbox 3340 3909 3464 3971; x_wconf 78' lang='grc' dir='ltr'>τοὺς</span> <span class='ocrx_word' id='word_1_768' title='bbox 3510 3910 3672 3971; x_wconf 69' lang='grc' dir='ltr'>Θεοὺς</span> 
     </span>
    </p>
   </div>
   <div class='ocr_carea' id='block_1_101' title="bbox 2084 3998 3675 4071">
    <p class='ocr_par' dir='ltr' id='par_1_101' title="bbox 2084 3998 3675 4071">
     <span class='ocr_line' id='line_1_101' title="bbox 2084 3998 3675 4071; baseline 0 -19"><span class='ocrx_word' id='word_1_769' title='bbox 2084 4000 2404 4052; x_wconf 79' lang='grc' dir='ltr'>ἐπεκαλεῖτο</span> <span class='ocrx_word' id='word_1_770' title='bbox 2425 3999 2517 4061; x_wconf 85' lang='grc' dir='ltr'>οὒς</span> <span class='ocrx_word' id='word_1_771' title='bbox 2541 3998 2748 4052; x_wconf 79' lang='grc' dir='ltr'>ἔσεϐεν.</span> <span class='ocrx_word' id='word_1_772' title='bbox 2787 3999 2872 4062; x_wconf 81' lang='grc' dir='ltr'>Ὠς</span> <span class='ocrx_word' id='word_1_773' title='bbox 2898 4000 2952 4051; x_wconf 86' lang='grc' dir='ltr'>δὲ</span> <span class='ocrx_word' id='word_1_774' title='bbox 2974 4000 3125 4053; x_wconf 85' lang='grc' dir='ltr'>οὐδὲν</span> <span class='ocrx_word' id='word_1_775' title='bbox 3148 4001 3277 4071; x_wconf 65' lang='grc' dir='ltr'>ἤνυε</span> <span class='ocrx_word' id='word_1_776' title='bbox 3305 4000 3483 4066; x_wconf 81' lang='grc' dir='ltr'>πλέον,</span> <span class='ocrx_word' id='word_1_777' title='bbox 3518 4003 3675 4064; x_wconf 83' lang='grc' dir='ltr'>τέλος</span> 
     </span>
    </p>
   </div>
   <div class='ocr_carea' id='block_1_102' title="bbox 2086 4088 3676 4161">
    <p class='ocr_par' dir='ltr' id='par_1_102' title="bbox 2086 4088 3676 4161">
     <span class='ocr_line' id='line_1_102' title="bbox 2086 4088 3676 4161; baseline 0.002 -20"><span class='ocrx_word' id='word_1_778' title='bbox 2086 4090 2166 4153; x_wconf 86' lang='grc' dir='ltr'>είς</span> <span class='ocrx_word' id='word_1_779' title='bbox 2192 4089 2399 4144; x_wconf 76' lang='grc' dir='ltr'>ἔννοιαν</span> <span class='ocrx_word' id='word_1_780' title='bbox 2427 4092 2524 4161; x_wconf 80' lang='grc' dir='ltr'>τῆς</span> <span class='ocrx_word' id='word_1_781' title='bbox 2558 4090 2902 4160; x_wconf 76' lang='grc' dir='ltr'>αἰχμαλώτου</span> <span class='ocrx_word' id='word_1_782' title='bbox 2948 4088 3214 4159; x_wconf 75' lang='grc' dir='ltr'>λαμϐάνει</span> <span class='ocrx_word' id='word_1_783' title='bbox 3248 4089 3338 4144; x_wconf 80' lang='grc' dir='ltr'>τὸν</span> <span class='ocrx_word' id='word_1_784' title='bbox 3366 4090 3524 4159; x_wconf 74' lang='grc' dir='ltr'>Θεὸν,</span> <span class='ocrx_word' id='word_1_785' title='bbox 3579 4094 3676 4145; x_wconf 76' lang='grc' dir='ltr'>καὶ</span> 
     </span>
    </p>
   </div>
   <div class='ocr_carea' id='block_1_103' title="bbox 2084 4179 3678 4252">
    <p class='ocr_par' dir='ltr' id='par_1_103' title="bbox 2084 4179 3678 4252">
     <span class='ocr_line' id='line_1_103' title="bbox 2084 4179 3678 4252; baseline 0.001 -18"><span class='ocrx_word' id='word_1_786' title='bbox 2084 4181 2274 4235; x_wconf 89' lang='grc' dir='ltr'>τοῦτον</span> <span class='ocrx_word' id='word_1_787' title='bbox 2326 4184 2481 4236; x_wconf 85' lang='grc' dir='ltr'>καλεῖ</span> <span class='ocrx_word' id='word_1_788' title='bbox 2512 4182 2722 4252; x_wconf 77' lang='grc' dir='ltr'>βοηθόν.</span> <span class='ocrx_word' id='word_1_789' title='bbox 2767 4182 2877 4235; x_wconf 74' lang='grc' dir='ltr'>Καὶ</span> <span class='ocrx_word' id='word_1_790' title='bbox 2906 4182 3020 4251; x_wconf 74' lang='grc' dir='ltr'>ἃμα</span> <span class='ocrx_word' id='word_1_791' title='bbox 3050 4198 3113 4248; x_wconf 84' lang='grc' dir='ltr'>γε</span> <span class='ocrx_word' id='word_1_792' title='bbox 3143 4179 3361 4251; x_wconf 70' lang='grc' dir='ltr'>ηὔχετο,</span> <span class='ocrx_word' id='word_1_793' title='bbox 3393 4182 3488 4234; x_wconf 73' lang='grc' dir='ltr'>καὶ</span> <span class='ocrx_word' id='word_1_794' title='bbox 3516 4183 3580 4235; x_wconf 70' lang='grc' dir='ltr'>τὸ</span> <span class='ocrx_word' id='word_1_795' title='bbox 3611 4185 3678 4235; x_wconf 81' lang='grc' dir='ltr'>ἐκ</span> 
     </span>
    </p>
   </div>
   <div class='ocr_carea' id='block_1_104' title="bbox 2085 4270 3676 4343">
    <p class='ocr_par' dir='ltr' id='par_1_104' title="bbox 2085 4270 3676 4343">
     <span class='ocr_line' id='line_1_104' title="bbox 2085 4270 3676 4343; baseline -0.001 -19"><span class='ocrx_word' id='word_1_796' title='bbox 2085 4273 2185 4341; x_wconf 74' lang='grc' dir='ltr'>τῆς</span> <span class='ocrx_word' id='word_1_797' title='bbox 2216 4272 2445 4343; x_wconf 82' lang='grc' dir='ltr'>ὁμίχλης</span> <span class='ocrx_word' id='word_1_798' title='bbox 2489 4271 2729 4325; x_wconf 83' lang='grc' dir='ltr'>διελύετο</span> <span class='ocrx_word' id='word_1_799' title='bbox 2771 4271 2982 4333; x_wconf 80' lang='grc' dir='ltr'>σκότος.</span> <span class='ocrx_word' id='word_1_800' title='bbox 3035 4270 3347 4340; x_wconf 75' lang='grc' dir='ltr'>Θαυμὰζων</span> <span class='ocrx_word' id='word_1_801' title='bbox 3393 4271 3449 4324; x_wconf 78' lang='grc' dir='ltr'>δὲ</span> <span class='ocrx_word' id='word_1_802' title='bbox 3479 4272 3544 4324; x_wconf 78' lang='grc' dir='ltr'>τὸ</span> <span class='ocrx_word' id='word_1_803' title='bbox 3578 4288 3676 4339; x_wconf 82' lang='grc' dir='ltr'>γε·</span> 
     </span>
    </p>
   </div>
   <div class='ocr_carea' id='block_1_105' title="bbox 2089 4362 3679 4435">
    <p class='ocr_par' dir='ltr' id='par_1_105' title="bbox 2089 4362 3679 4435">
     <span class='ocr_line' id='line_1_105' title="bbox 2089 4362 3679 4435; baseline -0.001 -18"><span class='ocrx_word' id='word_1_804' title='bbox 2089 4364 2334 4433; x_wconf 88' lang='grc' dir='ltr'>νόμενον,</span> <span class='ocrx_word' id='word_1_805' title='bbox 2385 4363 2591 4435; x_wconf 82' lang='grc' dir='ltr'>χαίρων</span> <span class='ocrx_word' id='word_1_806' title='bbox 2640 4364 2733 4416; x_wconf 70' lang='grc' dir='ltr'>ἐπὶ</span> <span class='ocrx_word' id='word_1_807' title='bbox 2781 4362 2850 4414; x_wconf 73' lang='grc' dir='ltr'>τὰ</span> <span class='ocrx_word' id='word_1_808' title='bbox 2884 4363 3059 4415; x_wconf 80' lang='grc' dir='ltr'>οἰκεῖα</span> <span class='ocrx_word' id='word_1_809' title='bbox 3106 4362 3391 4435; x_wconf 78' lang='grc' dir='ltr'>ἀνεχώρει.</span> <span class='ocrx_word' id='word_1_810' title='bbox 3447 4362 3564 4416; x_wconf 76' lang='grc' dir='ltr'>Καὶ</span> <span class='ocrx_word' id='word_1_811' title='bbox 3616 4363 3679 4416; x_wconf 84' lang='grc' dir='ltr'>τὸ</span> 
     </span>
    </p>
   </div>
   <div class='ocr_carea' id='block_1_106' title="bbox 2018 4454 3678 4553">
    <p class='ocr_par' dir='ltr' id='par_1_106' title="bbox 2018 4454 3678 4553">
     <span class='ocr_line' id='line_1_106' title="bbox 2018 4454 3678 4553; baseline 0 -44"><span class='ocrx_word' id='word_1_812' title='bbox 2018 4495 2063 4553; x_wconf 75' lang='grc' dir='ltr'><strong><em>υ</em></strong></span> <span class='ocrx_word' id='word_1_813' title='bbox 2092 4474 2154 4509; x_wconf 90' lang='grc' dir='ltr'>συ</span> <span class='ocrx_word' id='word_1_814' title='bbox 2164 4454 2436 4527; x_wconf 67' lang='grc' dir='ltr'>μϐεϐηκος</span> <span class='ocrx_word' id='word_1_815' title='bbox 2457 4455 2693 4525; x_wconf 85' lang='grc' dir='ltr'>διηγεῖτο</span> <span class='ocrx_word' id='word_1_816' title='bbox 2716 4456 2781 4524; x_wconf 78' lang='grc' dir='ltr'>τῇ</span> <span class='ocrx_word' id='word_1_817' title='bbox 2810 4454 3048 4521; x_wconf 83' lang='grc' dir='ltr'>γυναικί.</span> <span class='ocrx_word' id='word_1_818' title='bbox 3075 4455 3186 4508; x_wconf 71' lang='grc' dir='ltr'>Καὶ</span> <span class='ocrx_word' id='word_1_819' title='bbox 3206 4456 3303 4524; x_wconf 80' lang='grc' dir='ltr'>τὴν</span> <span class='ocrx_word' id='word_1_820' title='bbox 3325 4454 3678 4525; x_wconf 83' lang='grc' dir='ltr'>αἰχμάλωτον</span> 
     </span>
    </p>
   </div>
   <div class='ocr_carea' id='block_1_107' title="bbox 2091 4543 3682 4617">
    <p class='ocr_par' dir='ltr' id='par_1_107' title="bbox 2091 4543 3682 4617">
     <span class='ocr_line' id='line_1_107' title="bbox 2091 4543 3682 4617; baseline -0.001 -17"><span class='ocrx_word' id='word_1_821' title='bbox 2091 4547 2251 4610; x_wconf 78' lang='grc' dir='ltr'>εὐθὺς</span> <span class='ocrx_word' id='word_1_822' title='bbox 2277 4546 2715 4617; x_wconf 85' lang='grc' dir='ltr'>μεταπέμπεται.</span> <span class='ocrx_word' id='word_1_823' title='bbox 2743 4544 2838 4598; x_wconf 70' lang='grc' dir='ltr'>καὶ</span> <span class='ocrx_word' id='word_1_824' title='bbox 2859 4544 2941 4608; x_wconf 87' lang='grc' dir='ltr'>τίς</span> <span class='ocrx_word' id='word_1_825' title='bbox 2971 4545 3056 4613; x_wconf 77' lang='grc' dir='ltr'>εἴη</span> <span class='ocrx_word' id='word_1_826' title='bbox 3085 4544 3144 4597; x_wconf 84' lang='grc' dir='ltr'>ὃν</span> <span class='ocrx_word' id='word_1_827' title='bbox 3179 4544 3326 4597; x_wconf 86' lang='grc' dir='ltr'>σέϐει</span> <span class='ocrx_word' id='word_1_828' title='bbox 3356 4543 3491 4597; x_wconf 76' lang='grc' dir='ltr'>Θεὸν</span> <span class='ocrx_word' id='word_1_829' title='bbox 3515 4547 3682 4598; x_wconf 76' lang='grc' dir='ltr'>ἐπυν-</span> 
     </span>
    </p>
   </div>
   <div class='ocr_carea' id='block_1_108' title="bbox 2092 4636 3702 4717">
    <p class='ocr_par' dir='ltr' id='par_1_108' title="bbox 2092 4636 3702 4717">
     <span class='ocr_line' id='line_1_108' title="bbox 2092 4636 3702 4717; baseline -0.001 -25"><span class='ocrx_word' id='word_1_830' title='bbox 2092 4638 2301 4693; x_wconf 71' lang='grc' dir='ltr'>θάνετο.</span> <span class='ocrx_word' id='word_1_831' title='bbox 2350 4639 2419 4691; x_wconf 85' lang='grc' dir='ltr'><strong>Ἦ</strong></span> <span class='ocrx_word' id='word_1_832' title='bbox 2468 4638 2545 4701; x_wconf 71' lang='grc' dir='ltr'>δὲ,</span> <span class='ocrx_word' id='word_1_833' title='bbox 2584 4640 2662 4700; x_wconf 89' lang='grc' dir='ltr'>εἰς</span> <span class='ocrx_word' id='word_1_834' title='bbox 2708 4638 2997 4708; x_wconf 79' lang='grc' dir='ltr'>πρόσωπον</span> <span class='ocrx_word' id='word_1_835' title='bbox 3030 4636 3278 4698; x_wconf 81' lang='grc' dir='ltr'>ἐλθοῦσα,</span> <span class='ocrx_word' id='word_1_836' title='bbox 3323 4637 3541 4708; x_wconf 81' lang='grc' dir='ltr'>κήρυκα</span> <span class='ocrx_word' id='word_1_837' title='bbox 3582 4636 3702 4717; x_wconf 52' lang='grc' dir='ltr'>τοῦ(</span> 
     </span>
    </p>
   </div>
   <div class='ocr_carea' id='block_1_109' title="bbox 2090 4722 3676 4803">
    <p class='ocr_par' dir='ltr' id='par_1_109' title="bbox 2090 4722 3676 4803">
     <span class='ocr_line' id='line_1_109' title="bbox 2090 4722 3676 4803; baseline -0.001 -19"><span class='ocrx_word' id='word_1_838' title='bbox 2090 4731 2326 4803; x_wconf 78' lang='grc' dir='ltr'>Χριστοῦ</span> <span class='ocrx_word' id='word_1_839' title='bbox 2350 4731 2439 4785; x_wconf 83' lang='grc' dir='ltr'>τὸν</span> <span class='ocrx_word' id='word_1_840' title='bbox 2470 4730 2577 4784; x_wconf 83' lang='grc' dir='ltr'>τῶν</span> <span class='ocrx_word' id='word_1_841' title='bbox 2623 4728 2849 4801; x_wconf 78' lang='grc' dir='ltr'>Ἰϐήρων</span> <span class='ocrx_word' id='word_1_842' title='bbox 2880 4729 3104 4800; x_wconf 82' lang='grc' dir='ltr'>βασιλέα</span> <span class='ocrx_word' id='word_1_843' title='bbox 3135 4730 3357 4799; x_wconf 82' lang='grc' dir='ltr'>ἐποίησε</span> <span class='ocrx_word' id='word_1_844' title='bbox 3389 4722 3676 4796; x_wconf 59' lang='grc' dir='ltr'>γενέσθαϋ</span> 
     </span>
    </p>
   </div>
   <div class='ocr_carea' id='block_1_110' title="bbox 2092 4820 3678 4892">
    <p class='ocr_par' dir='ltr' id='par_1_110' title="bbox 2092 4820 3678 4892">
     <span class='ocr_line' id='line_1_110' title="bbox 2092 4820 3678 4892; baseline -0.001 -17"><span class='ocrx_word' id='word_1_845' title='bbox 2092 4823 2387 4886; x_wconf 71' lang='grc' dir='ltr'>πιστεύσας</span> <span class='ocrx_word' id='word_1_846' title='bbox 2410 4821 2518 4891; x_wconf 86' lang='grc' dir='ltr'>γὰρ</span> <span class='ocrx_word' id='word_1_847' title='bbox 2539 4820 2615 4892; x_wconf 80' lang='grc' dir='ltr'>τῷ</span> <span class='ocrx_word' id='word_1_848' title='bbox 2636 4821 2855 4892; x_wconf 82' lang='grc' dir='ltr'>Χριστῷ</span> <span class='ocrx_word' id='word_1_849' title='bbox 2878 4821 2963 4874; x_wconf 66' lang='grc' dir='ltr'>διὰ</span> <span class='ocrx_word' id='word_1_850' title='bbox 2988 4822 3084 4891; x_wconf 73' lang='grc' dir='ltr'>τῆς</span> <span class='ocrx_word' id='word_1_851' title='bbox 3112 4820 3365 4884; x_wconf 76' lang='grc' dir='ltr'>εὐσεϐοῦς</span> <span class='ocrx_word' id='word_1_852' title='bbox 3389 4824 3678 4889; x_wconf 68' lang='grc' dir='ltr'>γυναικὸς,</span> 
     </span>
    </p>
   </div>
   <div class='ocr_carea' id='block_1_111' title="bbox 2094 4912 3683 4983">
    <p class='ocr_par' dir='ltr' id='par_1_111' title="bbox 2094 4912 3683 4983">
     <span class='ocr_line' id='line_1_111' title="bbox 2094 4912 3683 4983; baseline 0.001 -16"><span class='ocrx_word' id='word_1_853' title='bbox 2094 4914 2300 4976; x_wconf 76' lang='grc' dir='ltr'>πάντας</span> <span class='ocrx_word' id='word_1_854' title='bbox 2331 4915 2458 4977; x_wconf 73' lang='grc' dir='ltr'>τοὺς</span> <span class='ocrx_word' id='word_1_855' title='bbox 2509 4914 2599 4965; x_wconf 80' lang='grc' dir='ltr'>ὑπ’</span> <span class='ocrx_word' id='word_1_856' title='bbox 2647 4913 2808 4965; x_wconf 72' lang='grc' dir='ltr'>αὐτὸν</span> <span class='ocrx_word' id='word_1_857' title='bbox 2853 4913 3078 4983; x_wconf 74' lang='grc' dir='ltr'>Ἴϐηρας</span> <span class='ocrx_word' id='word_1_858' title='bbox 3132 4912 3409 4980; x_wconf 77' lang='grc' dir='ltr'>συγκαλεῖ.</span> <span class='ocrx_word' id='word_1_859' title='bbox 3460 4914 3575 4966; x_wconf 68' lang='grc' dir='ltr'>Καὶ</span> <span class='ocrx_word' id='word_1_860' title='bbox 3612 4914 3683 4968; x_wconf 73' lang='grc' dir='ltr'>τὰ</span> 
     </span>
    </p>
   </div>
   <div class='ocr_carea' id='block_1_112' title="bbox 2095 5004 3683 5078">
    <p class='ocr_par' dir='ltr' id='par_1_112' title="bbox 2095 5004 3683 5078">
     <span class='ocr_line' id='line_1_112' title="bbox 2095 5004 3683 5078; baseline 0 -19"><span class='ocrx_word' id='word_1_861' title='bbox 2095 5007 2379 5077; x_wconf 75' lang='grc' dir='ltr'>συμϐάντα</span> <span class='ocrx_word' id='word_1_862' title='bbox 2418 5006 2544 5078; x_wconf 81' lang='grc' dir='ltr'>περί</span> <span class='ocrx_word' id='word_1_863' title='bbox 2588 5023 2648 5059; x_wconf 86' lang='grc' dir='ltr'>τε</span> <span class='ocrx_word' id='word_1_864' title='bbox 2685 5006 2779 5076; x_wconf 77' lang='grc' dir='ltr'>τῆς</span> <span class='ocrx_word' id='word_1_865' title='bbox 2810 5004 3103 5077; x_wconf 84' lang='grc' dir='ltr'>θεραπείας</span> <span class='ocrx_word' id='word_1_866' title='bbox 3145 5006 3240 5075; x_wconf 80' lang='grc' dir='ltr'>τῆς</span> <span class='ocrx_word' id='word_1_867' title='bbox 3275 5006 3533 5073; x_wconf 77' lang='grc' dir='ltr'>γυναικὸς</span> <span class='ocrx_word' id='word_1_868' title='bbox 3586 5007 3683 5060; x_wconf 60' lang='grc' dir='ltr'>καλ⁵</span> 
     </span>
    </p>
   </div>
   <div class='ocr_carea' id='block_1_113' title="bbox 2093 5094 3684 5167">
    <p class='ocr_par' dir='ltr' id='par_1_113' title="bbox 2093 5094 3684 5167">
     <span class='ocr_line' id='line_1_113' title="bbox 2093 5094 3684 5167; baseline -0.001 -16"><span class='ocrx_word' id='word_1_869' title='bbox 2093 5098 2185 5151; x_wconf 88' lang='grc' dir='ltr'>τοῦ</span> <span class='ocrx_word' id='word_1_870' title='bbox 2218 5097 2452 5160; x_wconf 83' lang='grc' dir='ltr'>παιδίου,</span> <span class='ocrx_word' id='word_1_871' title='bbox 2501 5099 2561 5149; x_wconf 76' lang='grc' dir='ltr'>οὐ</span> <span class='ocrx_word' id='word_1_872' title='bbox 2608 5096 2711 5167; x_wconf 78' lang='grc' dir='ltr'>μὴν</span> <span class='ocrx_word' id='word_1_873' title='bbox 2745 5095 2881 5149; x_wconf 79' lang='grc' dir='ltr'>ἀλλὰ</span> <span class='ocrx_word' id='word_1_874' title='bbox 2922 5096 3016 5150; x_wconf 68' lang='grc' dir='ltr'>κοιλ⁵</span> <span class='ocrx_word' id='word_1_875' title='bbox 3060 5095 3131 5149; x_wconf 75' lang='grc' dir='ltr'>τὰ</span> <span class='ocrx_word' id='word_1_876' title='bbox 3180 5096 3321 5149; x_wconf 72' lang='grc' dir='ltr'>κατὰ</span> <span class='ocrx_word' id='word_1_877' title='bbox 3368 5094 3465 5165; x_wconf 84' lang='grc' dir='ltr'>τὴν</span> <span class='ocrx_word' id='word_1_878' title='bbox 3501 5095 3684 5167; x_wconf 86' lang='grc' dir='ltr'>θήραν</span> 
     </span>
    </p>
   </div>
   <div class='ocr_carea' id='block_1_114' title="bbox 2096 5186 3684 5260">
    <p class='ocr_par' dir='ltr' id='par_1_114' title="bbox 2096 5186 3684 5260">
     <span class='ocr_line' id='line_1_114' title="bbox 2096 5186 3684 5260; baseline 0 -19"><span class='ocrx_word' id='word_1_879' title='bbox 2096 5188 2419 5260; x_wconf 79' lang='grc' dir='ltr'>ἐκθέμενος,</span> <span class='ocrx_word' id='word_1_880' title='bbox 2473 5188 2705 5258; x_wconf 78' lang='grc' dir='ltr'>παρῄνει</span> <span class='ocrx_word' id='word_1_881' title='bbox 2754 5188 3006 5241; x_wconf 88' lang='grc' dir='ltr'>σέϐεσθαι</span> <span class='ocrx_word' id='word_1_882' title='bbox 3047 5188 3137 5240; x_wconf 68' lang='grc' dir='ltr'>τὸν</span> <span class='ocrx_word' id='word_1_883' title='bbox 3184 5188 3285 5257; x_wconf 76' lang='grc' dir='ltr'>τῆς</span> <span class='ocrx_word' id='word_1_884' title='bbox 3325 5186 3684 5257; x_wconf 76' lang='grc' dir='ltr'>αἰχμαλώτου</span> 
     </span>
    </p>
   </div>
   <div class='ocr_carea' id='block_1_115' title="bbox 2095 5276 3681 5351">
    <p class='ocr_par' dir='ltr' id='par_1_115' title="bbox 2095 5276 3681 5351">
     <span class='ocr_line' id='line_1_115' title="bbox 2095 5276 3681 5351; baseline 0.001 -20"><span class='ocrx_word' id='word_1_885' title='bbox 2095 5279 2246 5333; x_wconf 80' lang='grc' dir='ltr'>Θεόν.</span> <span class='ocrx_word' id='word_1_886' title='bbox 2289 5279 2565 5348; x_wconf 81' lang='grc' dir='ltr'>Ἐγένοντο</span> <span class='ocrx_word' id='word_1_887' title='bbox 2588 5276 2679 5332; x_wconf 76' lang='grc' dir='ltr'>οὖν</span> <span class='ocrx_word' id='word_1_888' title='bbox 2704 5280 3002 5351; x_wconf 68' lang='grc' dir='ltr'>ἀμφότεροι</span> <span class='ocrx_word' id='word_1_889' title='bbox 3032 5281 3271 5349; x_wconf 77' lang='grc' dir='ltr'>κήρυκες</span> <span class='ocrx_word' id='word_1_890' title='bbox 3296 5280 3388 5332; x_wconf 80' lang='grc' dir='ltr'>τοῦ</span> <span class='ocrx_word' id='word_1_891' title='bbox 3412 5281 3681 5349; x_wconf 60' lang='grc' dir='ltr'>Χριστοῦ</span> 
     </span>
    </p>
   </div>
   <div class='ocr_carea' id='block_1_116' title="bbox 2096 5368 3684 5441">
    <p class='ocr_par' dir='ltr' id='par_1_116' title="bbox 2096 5368 3684 5441">
     <span class='ocr_line' id='line_1_116' title="bbox 2096 5368 3684 5441; baseline 0.001 -18"><span class='ocrx_word' id='word_1_892' title='bbox 2096 5371 2123 5423; x_wconf 87' lang='lat'>6</span> <span class='ocrx_word' id='word_1_893' title='bbox 2154 5370 2250 5440; x_wconf 79' lang='grc' dir='ltr'>μὲν</span> <span class='ocrx_word' id='word_1_894' title='bbox 2280 5368 2531 5439; x_wconf 75' lang='grc' dir='ltr'>βασιλεὺς</span> <span class='ocrx_word' id='word_1_895' title='bbox 2562 5372 2673 5432; x_wconf 79' lang='grc' dir='ltr'>τοῖς</span> <span class='ocrx_word' id='word_1_896' title='bbox 2698 5370 2977 5441; x_wconf 75' lang='grc' dir='ltr'>ἀνδράσιν,</span> <span class='ocrx_word' id='word_1_897' title='bbox 3004 5371 3036 5441; x_wconf 75' lang='grc' dir='ltr'><strong>ἡ</strong></span> <span class='ocrx_word' id='word_1_898' title='bbox 3058 5370 3113 5422; x_wconf 80' lang='grc' dir='ltr'>δὲ</span> <span class='ocrx_word' id='word_1_899' title='bbox 3134 5372 3267 5441; x_wconf 82' lang='grc' dir='ltr'>γυνὴ</span> <span class='ocrx_word' id='word_1_900' title='bbox 3293 5373 3409 5433; x_wconf 80' lang='grc' dir='ltr'>ταῖς</span> <span class='ocrx_word' id='word_1_901' title='bbox 3434 5373 3684 5438; x_wconf 77' lang='grc' dir='ltr'>γυναιξί.</span> 
     </span>
    </p>
   </div>
   <div class='ocr_carea' id='block_1_117' title="bbox 2097 5460 3687 5532">
    <p class='ocr_par' dir='ltr' id='par_1_117' title="bbox 2097 5460 3687 5532">
     <span class='ocr_line' id='line_1_117' title="bbox 2097 5460 3687 5532; baseline 0.001 -17"><span class='ocrx_word' id='word_1_902' title='bbox 2097 5460 2301 5515; x_wconf 84' lang='grc' dir='ltr'>Μαθὼν</span> <span class='ocrx_word' id='word_1_903' title='bbox 2362 5461 2417 5513; x_wconf 81' lang='grc' dir='ltr'>δὲ</span> <span class='ocrx_word' id='word_1_904' title='bbox 2470 5460 2620 5531; x_wconf 74' lang='grc' dir='ltr'>παρὰ</span> <span class='ocrx_word' id='word_1_905' title='bbox 2669 5461 2770 5529; x_wconf 82' lang='grc' dir='ltr'>τῆς</span> <span class='ocrx_word' id='word_1_906' title='bbox 2823 5461 3166 5532; x_wconf 81' lang='grc' dir='ltr'>αἰχμαλώτου</span> <span class='ocrx_word' id='word_1_907' title='bbox 3224 5462 3284 5514; x_wconf 75' lang='grc' dir='ltr'>τὸ</span> <span class='ocrx_word' id='word_1_908' title='bbox 3324 5462 3513 5532; x_wconf 75' lang='grc' dir='ltr'>σχῆμα</span> <span class='ocrx_word' id='word_1_909' title='bbox 3573 5466 3687 5516; x_wconf 80' lang='grc' dir='ltr'>τῶν</span> 
     </span>
    </p>
   </div>
   <div class='ocr_carea' id='block_1_118' title="bbox 2099 5547 3689 5624">
    <p class='ocr_par' dir='ltr' id='par_1_118' title="bbox 2099 5547 3689 5624">
     <span class='ocr_line' id='line_1_118' title="bbox 2099 5547 3689 5624; baseline 0.001 -18"><span class='ocrx_word' id='word_1_910' title='bbox 2099 5553 2250 5624; x_wconf 68' lang='grc' dir='ltr'>παρὰ</span> <span class='ocrx_word' id='word_1_911' title='bbox 2280 5550 2569 5622; x_wconf 78' lang='grc' dir='ltr'>Ῥωμαίοις</span> <span class='ocrx_word' id='word_1_912' title='bbox 2598 5550 2919 5620; x_wconf 67' lang='grc' dir='ltr'>ἐκκλησιῶν,</span> <span class='ocrx_word' id='word_1_913' title='bbox 2946 5552 3230 5621; x_wconf 76' lang='grc' dir='ltr'>εὐκτήριον</span> <span class='ocrx_word' id='word_1_914' title='bbox 3254 5547 3398 5604; x_wconf 76' lang='grc' dir='ltr'>οἷκον</span> <span class='ocrx_word' id='word_1_915' title='bbox 3422 5551 3689 5607; x_wconf 76' lang='grc' dir='ltr'>ἐκέλευσε</span> 
     </span>
    </p>
   </div>
   <div class='ocr_carea' id='block_1_119' title="bbox 2100 5643 3691 5714">
    <p class='ocr_par' dir='ltr' id='par_1_119' title="bbox 2100 5643 3691 5714">
     <span class='ocr_line' id='line_1_119' title="bbox 2100 5643 3691 5714; baseline -0.001 -17"><span class='ocrx_word' id='word_1_916' title='bbox 2100 5644 2382 5714; x_wconf 79' lang='grc' dir='ltr'>γενέσθαι’</span> <span class='ocrx_word' id='word_1_917' title='bbox 2422 5643 2583 5706; x_wconf 76' lang='grc' dir='ltr'>εὐθύς</span> <span class='ocrx_word' id='word_1_918' title='bbox 2626 5660 2685 5697; x_wconf 87' lang='grc' dir='ltr'>τε</span> <span class='ocrx_word' id='word_1_919' title='bbox 2730 5644 2799 5696; x_wconf 78' lang='grc' dir='ltr'>τὰ</span> <span class='ocrx_word' id='word_1_920' title='bbox 2846 5644 2982 5714; x_wconf 82' lang='grc' dir='ltr'>πρὸς</span> <span class='ocrx_word' id='word_1_921' title='bbox 3013 5644 3297 5714; x_wconf 77' lang='grc' dir='ltr'>οἰκοδομὴν</span> <span class='ocrx_word' id='word_1_922' title='bbox 3343 5643 3691 5711; x_wconf 61' lang='grc' dir='ltr'>προσέταξεν</span> 
     </span>
    </p>
   </div>
   <div class='ocr_carea' id='block_1_120' title="bbox 2101 5732 3692 5808">
    <p class='ocr_par' dir='ltr' id='par_1_120' title="bbox 2101 5732 3692 5808">
     <span class='ocr_line' id='line_1_120' title="bbox 2101 5732 3692 5808; baseline -0.002 -19"><span class='ocrx_word' id='word_1_923' title='bbox 2101 5736 2541 5808; x_wconf 79' lang='grc' dir='ltr'>εὐτρεπίζεσθαι.</span> <span class='ocrx_word' id='word_1_924' title='bbox 2586 5736 2689 5790; x_wconf 73' lang='grc' dir='ltr'>Καὶ</span> <span class='ocrx_word' id='word_1_925' title='bbox 2729 5739 2757 5789; x_wconf 90' lang='lat'>6</span> <span class='ocrx_word' id='word_1_926' title='bbox 2803 5732 2951 5799; x_wconf 62' lang='grc' dir='ltr'>οῗγος</span> <span class='ocrx_word' id='word_1_927' title='bbox 2983 5734 3253 5805; x_wconf 76' lang='grc' dir='ltr'>ἠγείρετο.</span> <span class='ocrx_word' id='word_1_928' title='bbox 3313 5734 3465 5787; x_wconf 74' lang='grc' dir='ltr'>Ἐπεὶ</span> <span class='ocrx_word' id='word_1_929' title='bbox 3499 5736 3558 5787; x_wconf 73' lang='grc' dir='ltr'>δὲ</span> <span class='ocrx_word' id='word_1_930' title='bbox 3594 5737 3692 5788; x_wconf 77' lang='grc' dir='ltr'>καὶ</span> 
     </span>
    </p>
   </div>
  </div>
