4050 6348
357 386 458 440 Ιῖἓῐ

1385 379 1714 438 HISTORIA
1761 380 2319 442 ECCLESIASTICA.
2362 417 2429 426 —-
2468 387 2598 443 LIB.
2641 387 2682 442 I.

3541 397 3646 458 ιδι

317 489 468 568 ’τοὺς
504 503 732 568 στύλους
763 503 1023 576 ἀνορθοῦν
1051 500 1374 574 ἐπειρῶντο,
1405 502 1680 570 οἰκονομεῖ
1713 517 1767 554 τι
1803 499 1941 571 πρὸς

2049 501 2401 558 mulieribus.
2427 504 2546 560 Rex
2569 518 2736 574 porro
2762 517 2888 558 cum
2923 519 2993 558 ex
3030 504 3246 576 captiva
3276 505 3511 562 muliere
3535 508 3646 562 inr-

355 599 532 650 πίστιν
571 597 696 660 τοὺς
748 593 1092 658 ἐνοικοῦντας
1123 595 1159 664 ἡ
1185 592 1282 646 τοῦ
1338 592 1477 646 Θεοῦ
1520 591 1754 644 ἕλκουσα
1804 590 1945 660 Πρό-

351 704 485 742 νοια.
535 682 632 751 Εἷς
680 687 790 760 γὰρ
823 687 932 742 τῶν
960 687 1168 742 στύλων
1198 685 1457 755 ἀκίνητος
1496 684 1656 756 ἔμενε
1684 701 1698 713 ·
1731 683 1826 736 καὶ
1853 683 1945 736 ού·-

349 779 508 849 δεμία
554 780 843 852 εὑρίσκετο
883 777 1126 850 μηχανὴ,
1173 776 1448 848 δυναμένη
1497 776 1715 844 κινῆσαι
1756 775 1941 830 αὐτόν.

362 871 522 926 Ἀλλά
550 871 620 924 τά
661 871 761 942 μὲν
793 871 1030 926 καλώδια
1063 871 1456 942 διερρήγνυτο,
1493 869 1561 922 τά
1605 867 1663 921 δὲ
1694 867 1945 938 μηχανή-

353 979 496 1032 ματα
528 960 866 1030 κατεάγνυτο
889 978 902 990 ·
951 959 1332 1027 ἀπεγνωκότες
1357 955 1450 1012 οὖν
1479 959 1529 1012 οἰ
1561 955 1942 1030 ἐργαζόμενοι,

351 1052 688 1124 ἀπεχώρουν.
713 1052 847 1106 Τότε
874 1051 1153 1106 δείκνυται
1177 1051 1274 1120 τῆς
1297 1049 1648 1122 αἰχμαλώτου
1673 1051 1707 1121 ἡ
1736 1049 1940 1113 πίστις.

349 1145 558 1208 Νυκτὸς
605 1145 738 1218 γὰρ,
777 1143 1002 1218 μηδενὸς
1037 1143 1360 1213 ἐγνωκότος,
1409 1142 1820 1213 καταλαμϐάνει
1852 1141 1944 1194 τὸν

351 1237 530 1304 τόπον,
587 1239 682 1291 καὶ
708 1235 1115 1308 διανυκτερεύει
1143 1238 1208 1306 τῇ
1251 1237 1383 1307 εὐχῇ
1419 1235 1776 1306 σχολάζουσα.
1807 1235 1942 1305 Προ-

351 1329 463 1402 νοίᾳ
487 1347 548 1384 τε
571 1329 708 1383 Θεοῦ
731 1330 760 1382 ὁ
781 1327 970 1393 στύλος
996 1326 1339 1398 ἀνορθοῦται,
1365 1329 1460 1382 καὶ
1487 1327 1815 1400 ὑψηλότερος
1845 1327 1944 1398 τῆς

353 1421 556 1492 βάσεως
573 1421 725 1493 ἐντῷ
746 1421 870 1492 άέρι
905 1421 1220 1491 ἐστήρικτο,
1263 1419 1529 1492 μηδαμῶς
1555 1421 1653 1491 τῆς
1681 1419 1942 1491 κρηπῖδος

310 1531 316 1584 l‘
336 1505 675 1620 ἑάπτόμενος.
742 1513 956 1586 Ἡμέρα
995 1513 1051 1566 δὲ
1085 1507 1177 1584 ἦν,
1210 1513 1306 1566 καὶ
1350 1513 1378 1565 ὁ
1417 1511 1671 1583 βασιλεὺς
1716 1512 1941 1584 ἔμφρων

338 1603 428 1676 ξτις
466 1605 541 1660 ὢν
586 1607 725 1676 (18),
762 1607 854 1660 ἐπὶ
887 1605 987 1676 τὴν
1033 1603 1322 1676 οἰκοδομὴν
1357 1605 1540 1676 παρῆν
1567 1621 1580 1634 ⁸
1610 1605 1715 1675 ὁρᾷ
1759 1621 1820 1658 τε
1851 1603 1942 1659 τὸν

351 1699 538 1752 στύλον
569 1699 667 1751 ἐπὶ
697 1698 795 1769 τὴν
832 1697 970 1752 ἰδίαν
996 1697 1346 1770 κρεμάμενον
1371 1695 1556 1767 βάσιν·
1592 1699 1686 1751 καὶ
1713 1695 1944 1768 ἐκπλήτς-

347 1809 496 1846 τεται
530 1792 632 1863 μὲν
671 1791 836 1854 αὐτὸς
877 1788 971 1842 ἐπὶ
1006 1787 1085 1854 τῷ
1112 1788 1382 1857 γεγονότι.
1428 1787 1854 1860 Ἐκπλήττονται
1884 1789 1939 1842 δὲ

349 1887 439 1940 καὶ
464 1886 515 1938 οἰ
560 1883 830 1956 παρόντες
880 1883 979 1936 σὺν
1029 1880 1198 1952 αὐτῷ.
1242 1881 1377 1934 Μετ’
1430 1879 1492 1934 ού
1527 1879 1663 1934 πολὺ
1695 1880 1804 1952 γὰρ
1850 1881 1937 1933 ἐπ’
1975 1903 2010 1952 η

347 1979 646 2052 ὀφθαλμοῖς
692 1975 896 2041 αὐτῶν,
953 1977 1019 2046 τῇ
1058 1975 1164 2046 ἰδίᾳ
1203 1974 1358 2044 βάσει
1404 1974 1434 2027 ό
1477 1973 1666 2036 στύλος
1713 1971 1938 2034 κατιὼν,

350 2073 610 2144 ἱδρύεται.
659 2069 768 2142 Βοὴ
811 2087 873 2124 τε
899 2065 1149 2122 ἐντεῦθεν
1175 2065 1284 2120 τῶν
1325 2063 1630 2136 ἀνθρώπων
1668 2063 1938 2136 βοώντων,

348 2164 438 2217 καὶ
479 2160 657 2232 ἀληθῆ
690 2159 789 2231 τὴν
829 2159 1012 2213 πίστιν
1053 2156 1473 2212 ἀνακαλούντων
1512 2155 1604 2210 τοῦ
1649 2155 1938 2226 βασιλέως,

348 2255 435 2309 καί
457 2252 772 2326 ὑμνούντων
799 2251 888 2305 τὸν
912 2253 1008 2322 τῆς
1034 2249 1389 2322 αἰχμαλώτου
1411 2249 1570 2302 Θεὸν.
1624 2248 1940 2302 Ἐπίστευὸν

347 2366 402 2402 τε
428 2347 634 2414 λοιπὸν,
671 2346 766 2400 καὶ
797 2346 895 2399 σὺν
925 2343 1205 2416 προθυμίᾳ
1234 2343 1404 2414 πολλῇ
1439 2343 1567 2406 τοὺς
1601 2341 1934 2406 ὑπολοίπους

349 2439 569 2503 στύλους
591 2437 890 2508 ἀνώρθουν,
908 2437 1001 2492 καὶ
1019 2437 1120 2490 οὐκ
1143 2438 1221 2500 εἰς
1243 2435 1461 2508 μακρὰν
1477 2434 1538 2488 τὸ
1555 2434 1714 2506 ἔργον
1729 2434 1941 2488 τετέλε-

349 2551 456 2590 στο.
481 2531 759 2605 Πρεσϐεἰα
793 2528 1043 2585 ἐντεῦθεν
1078 2529 1218 2600 πρὸς
1265 2528 1358 2582 τὸν
1390 2527 1616 2599 βασιλέα
1649 2529 1942 2584 Κώνσταν-

345 2629 485 2680 τῖνον
514 2623 734 2694 ἐγένετο
762 2641 777 2656 ο
810 2621 1158 2694 παρεκάλουν
1199 2638 1258 2674 τε
1290 2619 1384 2674 τοῦ
1437 2619 1627 2674 λοιποῦ
1669 2620 1940 2673 ὑπόσπον-

345 2719 420 2774 δοι
459 2717 748 2789 Ῥωμαίων
779 2714 1048 2786 γίνεσθαι,
1089 2714 1388 2785 λαμϐάνειν
1417 2731 1478 2768 τε
1506 2713 1804 2766 ἐπίσκοπον
1845 2711 1940 2766 καὶ

346 2811 486 2883 ἱερὸν
534 2811 761 2881 κλῆρον,
809 2806 1087 2863 πιστεύειν
1115 2808 1226 2877 γὰρ
1279 2804 1590 2878 εἰλικρινῶς
1645 2803 1831 2874 ἔλεγον
1860 2802 1940 2874 τῷ

345 2902 588 2974 Χριστῷ.
652 2900 842 2956 Ταῦτά
897 2915 1064 2970 φησιν
1109 2901 1138 2953 ὁ
1195 2899 1474 2968 Ῥουιρῖνος
1531 2895 1682 2966 παρὰ
1734 2897 1939 2948 Βακου·

346 2996 461 3068 ρίου
493 2995 606 3065 (l9)
631 3007 658 3035 ι
687 2991 1090 3064 μεμαθηκέναι,
1113 2989 1171 3053 ὃς
1200 2990 1464 3062 πρότερος
1501 2989 1598 3059 μὲν
1628 2983 1694 3058 ἢν
1730 2985 1938 3056 βασιλί-

345 3107 471 3153 σκος
537 3087 798 3157 Ἰϐήρων·
868 3084 1095 3155 ὕστερον
1141 3083 1199 3136 δὲ
1250 3081 1542 3152 Ῥωμαίοις
1599 3078 1936 3151 προσελοὼν,

342 3181 635 3253 ταξίαρχος
689 3179 784 3234 τοῦ
839 3180 900 3232 ὲν
953 3175 1286 3246 Παλαιστίνῃ
1347 3172 1742 3246 στρατιωτικοῦ
1799 3189 1934 3226 κατα

2048 610 2194 649 mam
2232 596 2595 651 ecclesiarum
2638 611 2761 668 quae
2806 597 2952 668 apud
2994 597 3274 653 Romanos
3315 608 3446 654 sunt
3493 599 3643 654 didi-

2048 685 2235 749 cisset,
2261 687 2552 742 ecclesiam
2586 687 2835 742 construi
2869 687 3058 760 jussit,
3091 697 3148 744 et
3185 698 3384 744 cuncta
3417 704 3542 758 qua:
3573 689 3644 744 ad

2047 791 2190 846 opus
2232 779 2545 834 necessaria
2597 788 2776 844 erant,
2815 781 3107 836 confestim
3150 782 3352 852 parari.
3398 781 3644 837 Ecclesia

2047 885 2181 940 ergo
2207 873 2568 927 construitur.
2596 873 2734 928 Cum
2760 891 2897 930 vero
2923 875 3208 930 columnas
3237 882 3402 930 etiam
3431 874 3646 947 erigere

2047 971 2386 1018 conarentur
2429 965 2692 1030 artiﬁces,
2729 967 2917 1022 divina
2959 967 3314 1022 Providentia
3361 966 3645 1037 quidpiam

2046 1054 2295 1119 molitur,
2327 1071 2438 1125 quo
2481 1055 2788 1112 incolarum
2823 1059 3038 1114 animos
3073 1059 3319 1114 alliceret
3349 1059 3415 1114 ad
3455 1059 3642 1116 ﬁdem.

2045 1147 2164 1204 Una
2191 1149 2342 1203 enim
2375 1165 2443 1203 ex
2485 1150 2759 1205 columnis
2794 1153 2999 1208 mansit
3039 1152 3338 1207 immobilis
3363 1193 3378 1219 ,
3407 1168 3511 1208 nec
3535 1154 3647 1210 ulla

2045 1239 2434 1296 inveniebatur
2457 1241 2716 1296 machina
2764 1259 2885 1312 quae
2911 1253 3099 1314 posset
3125 1260 3246 1299 eam
3271 1260 3642 1301 commovere.

2043 1331 2182 1386 Nam
2221 1341 2278 1388 et
2315 1329 2478 1387 funes
2518 1332 3029 1403 disrumpebantur,
3062 1342 3118 1390 et
3165 1335 3283 1405 ipsa
3327 1335 3644 1406 confringe-

2045 1424 2250 1478 bantur
2291 1425 2737 1481 machinamenta
2781 1443 2794 1478 :
2829 1427 3063 1496 proinde
3109 1427 3350 1496 operarii
3395 1427 3644 1482 animum

2045 1513 2454 1586 despondentes
2492 1517 2888 1572 abseedebant.
2934 1517 3036 1572 llic
3075 1534 3210 1573 vero
3247 1519 3477 1587 captivae
3517 1533 3644 1573 mu-

2043 1607 2198 1663 lieris
2234 1607 2370 1664 fides
2406 1610 2684 1665 declarata
2717 1618 2820 1664 est.
2847 1609 3024 1664 Noctu
3049 1611 3219 1675 enim,
3260 1611 3484 1665 nemine
3513 1625 3646 1664 con-

2045 1701 2185 1767 scio,
2218 1700 2287 1755 ad
2325 1717 2453 1756 eum
2495 1703 2679 1756 locum
2725 1702 2986 1767 accessit,
3031 1702 3218 1771 ibique
3263 1701 3503 1756 orationi
3552 1715 3646 1755 va-

2045 1806 2197 1857 cans,
2222 1800 2392 1846 totam
2421 1800 2638 1848 noctem
2663 1792 2864 1864 exegit.
2891 1793 3047 1847 Tunc
3063 1809 3196 1848 vero
3214 1792 3398 1847 divina
3425 1792 3643 1847 favente

2041 1887 2417 1952 Providentia,
2455 1887 2711 1942 columna
2758 1887 2894 1957 erigi
2937 1886 3125 1956 ecepit,
3159 1893 3214 1940 et
3260 1901 3425 1954 supra
3469 1885 3642 1954 ipsam

2043 1974 2222 2030 basim
2275 1977 2430 2031 stetit
2485 1976 2538 2030 in
2588 1993 2715 2031 aere
2767 1993 3056 2047 suspensa,
3098 1977 3172 2031 ita
3220 1983 3282 2030 ut
3328 1975 3645 2030 nullatenus

2043 2068 2219 2122 basim
2244 2069 2606 2139 contingeret.
2643 2068 2779 2124 Orto
2809 2084 2935 2122 mox
2963 2068 3074 2132 die,
3106 2085 3203 2122 rex
3243 2075 3431 2138 utpote
3457 2065 3642 2120 archi-

2045 2169 2271 2217 tecturze
2307 2163 2541 2232 peritus,
2576 2162 2644 2216 ad
2681 2162 2946 2217 fabricam
2983 2163 3136 2217 venit
3171 2181 3182 2214 :
3217 2170 3383 2232 atque
3421 2162 3498 2217 ibi
3548 2177 3644 2217 co-

2043 2253 2286 2308 lumnam
2322 2270 2487 2324 supra
2515 2255 2690 2310 basim
2717 2255 2772 2309 in
2801 2255 3023 2309 sublimi
3056 2254 3386 2324 pendentem
3421 2255 3644 2325 conspi-

2041 2356 2232 2413 catus,
2271 2353 2387 2401 tum
2431 2347 2569 2418 ipse,
2611 2356 2727 2401 tum
2763 2363 2956 2402 omnes
3000 2347 3096 2416 qui
3137 2346 3388 2412 aderant,
3429 2346 3643 2416 ingenti

2041 2439 2410 2495 admiratione
2457 2439 2698 2510 perculsi
2741 2447 2888 2494 sunt.
2933 2439 3104 2494 Paulo
3149 2447 3275 2509 post
3315 2439 3464 2494 enim
3510 2437 3643 2508 ipsis

2041 2533 2422 2603 spectantibus
2465 2533 2722 2588 columna
2765 2531 3130 2596 descendens,
3165 2531 3282 2586 basi
3313 2545 3425 2586 sua:
3455 2531 3643 2586 innixa

2041 2625 2213 2680 stetit.
2259 2624 2480 2680 Clamor
2518 2625 2646 2681 inde
2688 2625 2758 2680 ab
2795 2625 3055 2680 omnibus
3096 2625 3391 2688 excitatur,
3429 2622 3644 2678 cunctis

2043 2718 2372 2772 testantibus
2409 2733 2597 2773 veram
2631 2734 2752 2774 esse
2774 2719 2922 2788 regis
2950 2717 3138 2782 ﬁdem,
3171 2723 3228 2771 et
3255 2715 3485 2785 captiva:
3517 2730 3642 2768 mu-

2039 2810 2193 2865 lieris
2245 2811 2416 2866 Deum
2479 2811 2911 2866 celebrantibus.
2971 2809 3092 2865 Jam
3154 2823 3286 2878 ergo
3351 2806 3644 2860 credentes

2039 2901 2282 2968 Christo,
2310 2905 2479 2959 alacri
2509 2903 2696 2957 animo
2727 2903 2970 2972 reliquas
2999 2901 3286 2957 columnas
3319 2907 3640 2962 erexerunt,

2044 3005 2330 3065 totumque
2359 3011 2499 3066 opus
2528 2995 2682 3050 brevi
2710 2995 3024 3049 absolutum
3052 3002 3156 3048 est.
3191 2993 3320 3046 Post
3353 2991 3470 3045 hare
3498 2991 3645 3059 lega-

2043 3089 2122 3144 tio
2153 3089 2394 3142 mittitur
2427 3087 2496 3142 ad
2531 3089 2922 3158 imperatorem
2957 3085 3380 3141 Constantinum
3409 3123 3423 3148 ,
3451 3099 3558 3152 qua
3587 3092 3646 3137 et

2043 3180 2224 3238 fcedus
2255 3181 2362 3236 sibi
2401 3181 2455 3235 in
2494 3189 2776 3250 posterum
2807 3195 2928 3234 esse
2955 3193 3081 3237 cum
3116 3177 3380 3232 Romanis
3401 3216 3415 3239 ,
3440 3183 3497 3229 et
3521 3175 3642 3244 cpi-

345 3272 470 3342 ἑστη
505 3270 654 3341 (ἳο)ο
696 3268 794 3323 καὶ
838 3266 1156 3337 μεταταῦτα
1215 3263 1624 3336 στρατηλατῶν,
1668 3262 1760 3316 τὸν
1795 3261 1935 3316 κατὰ

2045 3288 2266 3341 scopum
2290 3287 2416 3325 cum
2439 3269 2658 3327 clericis
2683 3270 2751 3324 ad
2779 3285 2836 3324 se
2863 3268 3008 3323 mitti
3034 3266 3335 3338 postuiant,
3367 3264 3642 3320 afﬁrman-

344 3363 599 3434 Μαξίμου
623 3360 717 3415 τοῦ
753 3362 1018 3432 τυράννου
1061 3357 1296 3429 πόλεμον
1332 3357 1443 3428 (21)
1473 3354 1549 3426 τῷ
1583 3354 1793 3426 βασιλεῖ
1814 3353 1938 3408 Θεο-

343 3455 504 3527 δοσίῳ
561 3453 995 3524 συνηγωνίσατο.
1044 3449 1245 3504 Τοῦτον
1299 3449 1397 3520 μὲν
1449 3448 1542 3501 τὸν
1601 3447 1803 3517 τρόπον
1841 3447 1937 3500 καὶ

349 3548 563 3620 ἰϋηρες
593 3545 1000 3618 ὲχριστιάνισαν
1025 3543 1120 3598 ἐπὶ
1139 3541 1248 3596 τῶν
1269 3539 1680 3595 Κωνσταντίνου
1705 3539 1932 3610 χρόνων.

2043 3371 2125 3417 tes
2161 3378 2218 3418 sc
2256 3379 2322 3417 ex
2359 3363 2545 3417 animo
2572 3361 2628 3416 in
2661 3361 2942 3416 Christum
2971 3359 3218 3414 credere.
3254 3357 3382 3412 Ilaec
3411 3356 3643 3412 Rufinus

2042 3467 2099 3507 se
2138 3469 2169 3508 a
2193 3453 2426 3508 Bacurio
2460 3453 2724 3508 didicisse
2751 3452 2966 3516 scribit,
2993 3451 3087 3520 qui
3119 3451 3274 3520 prius
3297 3448 3522 3520 quidem
3548 3465 3640 3503 re-

2045 3544 2206 3614 gulus
2248 3545 2430 3600 fuerat
2477 3545 2764 3600 lberorum
2841 3551 3030 3614 postea
3067 3558 3200 3597 vero
3247 3541 3318 3596 ad
3362 3541 3641 3596 Romanos

348 3649 758 3715 transgressus,
803 3641 915 3696 dux
941 3638 1218 3696 Palaestini
1262 3637 1458 3693 limitis
1492 3643 1579 3692 est
1638 3635 2014 3705 constitutus;
2065 3639 2285 3695 tandem
2326 3657 2461 3698 vero
2518 3641 2781 3712 magister
2817 3640 3054 3695 militum
3113 3637 3323 3702 factus,
3378 3637 3434 3692 in
3495 3637 3641 3692 bello

348 3749 535 3797 contra
595 3741 892 3796 Maximum
943 3746 1239 3810 tyrannum
1299 3733 1613 3790 Theodosio
1672 3731 1989 3804 imperatori
2016 3737 2292 3808 egregiam
2342 3752 2571 3809 operam
2624 3735 2868 3792 navavit.
2929 3734 2991 3790 In
3045 3733 3194 3789 hunc
3230 3731 3454 3788 modum
3492 3731 3638 3787 lberi

350 3835 693 3906 temporibus
741 3831 1093 3890 Constantini
1143 3829 1518 3887 Christianam
1575 3825 1744 3883 ﬁdem
1802 3837 2184 3898 susceperunt.

927 3924 1178 3979 ΚΕΦΑΛ.
1222 3923 1352 3976 KA'.

657 4035 800 4104 Περί
842 4035 1154 4089 Ἀντωνίου
1188 4034 1294 4088 τοῦ
1323 4035 1620 4103 μοναχοῦ.

424 4148 646 4212 Ὀποίος
680 4146 736 4201 δὲ
764 4143 832 4218 ἦν
856 4147 951 4200 ἐπὶ
979 4146 1092 4200 τῶν
1121 4145 1304 4201 αὐτῶν
1331 4146 1542 4217 χρόνων
1597 4148 1691 4201 καὶ
1722 4149 1750 4202 ό
1781 4149 1945 4219 μόνα-

338 4240 424 4311 χδς
495 4239 782 4304 Ἀντώνιος
810 4242 868 4293 ὲν
897 4243 963 4312 τῇ
993 4240 1186 4312 ἐρήμῳ
1215 4239 1313 4306 τῆς
1347 4239 1646 4308 Αἰγύπτου,
1682 4240 1740 4304 ὃς
1780 4259 1943 4310 φανε-

2605 3923 2714 3995 54
2748 3920 2902 3976 CAP.
2943 3920 3086 3974 XXI.

2523 4033 2602 4088 De
2626 4032 2855 4087 Antonio
2881 4031 3156 4084 monacho.

2093 4149 2213 4205 Jam
2237 4162 2370 4202 vero
2401 4146 2579 4216 qualis
2613 4145 2668 4198 in
2697 4143 2997 4198 solitudine
3019 4140 3237 4212 {Egypti
3280 4140 3473 4194 iisdem
3502 4149 3638 4194 tem-

2039 4241 2271 4310 poribus
2300 4237 2577 4294 exstiterit
2611 4235 2885 4290 Antonius
2911 4233 3217 4287 monachus
3239 4231 3333 4300 qui
3371 4247 3495 4286 cum
3523 4231 3634 4286 da:—

342 4331 444 4404 ρῶς
485 4335 599 4398 τοῖς
627 4332 879 4405 δαίμοσιν
905 4331 1284 4396 ἀντεπάλαιεν,
1307 4331 1648 4403 ὲφευρίσκων
1674 4349 1732 4385 τε
1755 4332 1942 4398 ἁπλῶς

2045 4331 2304 4387 monibus
2348 4329 2525 4400 palam
2561 4327 2866 4392 dimicavit,
2906 4334 3059 4381 astus
3080 4337 3273 4378 eorum
3304 4330 3468 4394 atque
3498 4325 3636 4380 insi-

1561 4507 1831 4562 VALESII
1872 4505 2430 4562 ANNO'I‘ATIONES.

422 4625 532 4696 (18)
577 4625 687 4696 Καὶ
732 4625 761 4678 ὁ
793 4623 1092 4696 βασιλεὺς
1141 4623 1382 4696 ἔμφρων
1429 4640 1519 4696 τις
1565 4621 1670 4696 ῶν.
1721 4623 1938 4696 Mallem

353 4691 531 4767 legere
578 4695 874 4767 ἔμφροντις
893 4695 1002 4767 ζυνῖ
1031 4694 1145 4749 Nec
1173 4691 1376 4748 dubito
1412 4693 1549 4767 quin
1581 4691 1834 4767 Socrates
1860 4693 1942 4767 ita

355 4763 656 4836 scripserit.
678 4763 856 4836 Certe
889 4764 1140 4836 Rufinus,
1175 4779 1242 4818 ex
1271 4779 1380 4833 quo
1407 4763 1662 4836 Socrates
1696 4763 1811 4818 haec
1841 4763 1940 4836 dc-

2047 4624 2159 4677 κοῦ
2190 4623 2470 4686 κατέστη.
2512 4621 2626 4676 Hoc
2657 4621 2780 4676 loco
2807 4619 3064 4674 Socrates
3095 4634 3206 4674 non
3241 4627 3528 4673 assecutus
3553 4627 3638 4672 est

2047 4709 2270 4749 sensum
2326 4692 2533 4747 Ruﬁni.
2569 4691 2704 4746 Nam
2746 4691 2980 4746 Ruﬁnus
3019 4690 3308 4744 Bacurium
3361 4688 3638 4743 Palzestini

2047 4765 2242 4818 limitis
2273 4764 2468 4818 ducem
2502 4762 2672 4817 fuisse
2701 4761 2917 4824 scribit,
2962 4770 3096 4815 tunc
3125 4775 3248 4814 cum
3280 4759 3384 4812 ista
3419 4759 3470 4812 ei
3505 4775 3636 4812 nar-

357 4827 609 4906 sunipsit,
643 4835 726 4891 sic
760 4835 929 4891 habet
961 4853 974 4888 :
1014 4827 1147 4906 Cum
1196 4827 1310 4888 ecce
1343 4835 1639 4888 matutinus
1670 4843 1718 4887 et
1753 4835 1946 4888 anxius
1979 4841 2025 4900 υ
2051 4843 2220 4906 raret.
2246 4834 2500 4906 Socrates
2532 4849 2665 4906 vero
2692 4833 2889 4904 legisse
2923 4831 3147 4887 videtur
3174 4831 3232 4884 in
3262 4830 3486 4894 Ruﬁno,
3521 4827 3634 4882 Pa-

355 4905 611 4961 cum’suis
639 4907 878 4961 omnibus
914 4905 1217 4976 ingrediens
1248 4919 1364 4976 rex,
1382 4913 1500 4976 etc.

425 4977 535 5048 (l9)
603 4973 1207 5048 Banocpiori.jNos_tri
1267 4975 1490 5048 codices
1558 4973 1944 5048 Florentinus,

357 5045 664 5103 Sfdrtianus
693 5054 750 5102 et
802 5045 1008 5112 Allatii,
1039 5045 1305 5114 scriptum
1340 5045 1548 5101 habent
1585 5046 1942 5114 βακκουρίου.

357 5116 455 5171 Sed
492 5118 702 5173 rectius
747 5117 1016 5172 Bacurius
1067 5115 1331 5170 scribitur
1381 5115 1524 5186 apud
1575 5115 1834 5186 Rufinum
1891 5123 1948 5168 ct

2051 4905 2248 4960 lwstim'
2285 4904 2468 4959 militis
2509 4903 2714 4957 ducem.

2119 4974 2232 5047 (2|)
2283 4977 2403 5047 Ter
2446 4975 2596 5047 κατὰ
2653 4973 2926 5047 Μαξίμου
2971 4971 3092 5047 τοῦ.
3118 4969 3418 5047 τυράννου
3453 4969 3636 5047 πόλε-

2066 5041 2176 5101 ιοάι.
2212 5041 2312 5101 llic
2334 5045 2500 5099 etiam
2535 5045 2720 5114 lapsus
2743 5055 2827 5098 est
2851 5041 3128 5114 Socrates.
3160 5042 3348 5114 Neque
3394 5041 3634 5114 enim_iu

2066 5065 2176 5101 ιον.
2215 5065 2312 5101 IIIC
2334 5065 2500 5099 etiam
2537 5065 2720 5114 IilpSlIS
2743 5065 2827 5098 CSI.
2852 5065 3128 5098 aocraws.
3161 5065 3348 5110 neque
3394 5065 3541 5094 Cllllll
3579 5065 3634 5094 Ill

2039 5065 2190 5171 IJOIIO
2223 5125 2416 5170 contra
2440 5115 2736 5170 Maximum
2770 5130 2872 5184 pro
2905 5113 3217 5184 Theodosio
3241 5111 3503 5182 pugnavit
3535 5110 3638 5163 Ba-

358 5188 507 5243 alios.
541 5189 681 5244 Vide
724 5203 847 5257 quae
881 5187 948 5242 de
1001 5187 1109 5241 hoc
1159 5186 1388 5242 Bacurio
1418 5183 1616 5240 notavi
1644 5185 1709 5240 ad
1743 5185 1946 5239 librum
2045 5188 2256 5250 curius,
2291 5187 2386 5240 sed
2422 5186 2476 5239 in
2525 5185 2668 5239 bello
2698 5183 2890 5257 contra
2934 5183 3636 5257 Eggenium,_ut__testatur

359 5273 474 5312 xxxi
530 5258 808 5314 Ammiani
843 5257 1168 5313 Marcellini.

428 5331 534 5403 (20)
577 5329 906 5398 Ὶὶιξίαρχος
933 5328 1038 5383 τοῦ
1086 5329 1156 5382 ἐν
1193 5329 1564 5394 Παλαιστίνῃ
1599 5342 1942 5395 στρατιωτι-

2051 5258 2285 5312 Rufinus
2309 5257 2364 5311 in
2389 5257 2486 5311 lib.
2523 5272 2596 5320 ιιι,
2629 5271 2748 5325 cap.
2779 5255 2868 5320 35,
2896 5263 2952 5309 et
2981 5255 3233 5310 Zosimus
3266 5252 3322 5306 in
3356 5252 3454 5306 lib.
3489 5266 3560 5304 Iv.

1810 5479 2191 5534 VARIORUM.

425 5618 444 5644 ι
493 5601 855 5669 Βακουρίου.
908 5596 1065 5669 Ilune
1117 5595 1412 5669 oriundum
1452 5593 1528 5648 ait
1571 5592 1822 5669 Zosimus
1868 5608 1937 5669 ex

354 5674 630 5738 Armenia,
663 5664 790 5742 qum
814 5668 1012 5742 lberi-.1:
1037 5666 1435 5742 continisfuit;
1476 5675 1532 5718 et
1556 5664 1736 5742 virum
1762 5664 1943 5718 omnis

353 5747 569 5801 malitiae
609 5733 823 5798 ac'doli
853 5747 1154 5806 expertem,
1181 5737 1374 5789 bellica
1398 5743 1579 5787 autem
1617 5733 1773 5806 laude
1801 5751 1943 5806 prie-

350 5825 604 5871 stantem.
655 5813 766 5869 Sed
806 5804 1037 5865 [luti—nus
1087 5809 1139 5860 in
1195 5807 1290 5860 lib.
1328 5822 1340 5858 ι
1375 5806 1536 5869 llist.,
1567 5819 1684 5872 cap.
1727 5804 1806 5862 l0.
1843 5805 1944 5856 lia—

2044 5592 2260 5646 eurium
2291 5590 2542 5661 regulum
2569 5590 2853 5644 Iberorum
2880 5589 2958 5644 ait
2980 5588 3148 5662 fuisse
3167 5586 3347 5662 rirum
3379 5580 3634 5662 ﬁdelissi-

2051 5680 2222 5725 mum,
2275 5657 2379 5716 cui
2397 5677 2608 5715 summa
2637 5671 2756 5714 erat
2789 5677 2921 5714 cura
2952 5657 3236 5726 religionis
3275 5664 3331 5708 et
3363 5657 3631 5726 veritatis.

2055 5721 2326 5803 (Valesius
2359 5733 2411 5786 in
2451 5732 2723 5786 Ammian.
2765 5731 3006 5784 Marcell.
3053 5721 3150 5780 lib.
3191 5741 3335 5790 xxxx,
3365 5738 3483 5792 cap.
3521 5721 3633 5791 12.)
