4050 6348
368 357 469 413 153

1868 367 2202 425 SCCRATIS

3537 365 3632 432 156

389 487 506 544 dias
519 498 712 539 omnes
736 480 1159 554 deprehendens
1175 521 1192 548 ,
1213 489 1267 535 et
1294 479 1755 552 quemadmodum
1788 481 1956 535 multa

2065 484 2163 547 τὰς
2193 484 2384 555 τέχνας
2425 481 2604 537 αὐτῶν
2636 483 2743 535 οιαὶ
2769 482 2894 545 τοὺς
2921 479 3135 545 ἄθλους,
3170 478 3264 533 καὶ
3287 478 3435 544 ὅπως
3470 478 3643 535 πολλὰ

381 577 634 651 prodigia
668 591 732 632 ac
754 575 1018 631 miracula
1053 573 1309 639 ediderit,
1346 571 1683 642 superﬂuum
1716 572 1853 626 mihi
1873 573 1959 627 vi-

383 670 549 731 detur
571 681 1022 723 commemorare.
1049 664 1382 720 Athanasius
1407 662 1555 717 enim
1580 662 1963 717 Alexandrinae

382 761 544 815 urbis
578 761 874 829 episcopus
936 757 990 812 id
1027 762 1410 827 argumentum
1451 754 1613 809 nobis
1655 754 1959 825 praeripuit,

380 850 647 920 peculiari
671 849 812 903 libro
849 848 916 902 de
941 847 1088 901 illius
1099 847 1209 900 vita
1233 845 1565 915 conscripto.
1588 845 1761 900 Tanta
1784 847 1961 900 bono-

381 955 506 994 rum
523 940 680 1009 c0pia
720 938 1080 995 Constantino
1096 945 1378 1010 regnante,
1398 951 1509 992 uno
1527 937 1644 993 fere
1658 937 1961 1008 eodemque

382 1034 630 1099 tempore
652 1027 973 1083 abundavit.

995 1157 1147 1215 CAP.
1191 1159 1358 1214 XXII.

378 1249 454 1305 De
486 1248 643 1303 Hane
697 1257 910 1303 auctore
948 1250 1201 1304 hwreseos
1245 1250 1681 1319 Manichazorum,
1731 1258 1781 1305 et
1821 1250 1960 1305 unde

870 1321 914 1374 is
935 1322 1193 1390 originem
1215 1322 1460 1374 traxerit.

446 1433 654 1487 Verum
697 1432 842 1487 inter
894 1433 1103 1488 bonum
1154 1433 1495 1490 frumentum
1540 1435 1710 1490 etiam
1754 1435 1961 1492 zizania

373 1528 525 1582 nasci
547 1527 741 1581 solent.
756 1525 968 1597 Quippe
995 1527 1257 1581 daemonis
1278 1526 1482 1581 invidia
1501 1527 1659 1582 bonis
1687 1528 1850 1582 rebus
1874 1528 1961 1581 in-

375 1617 565 1671 sidiari
602 1618 909 1672 consuevit.
972 1616 1196 1671 Etenim
1241 1618 1403 1686 paulo
1448 1624 1574 1672 ante
1616 1616 1960 1672 Constantini

377 1713 626 1775 tempora
695 1705 1043 1761 Grazcanicus
1077 1706 1300 1775 quidam
1335 1705 1792 1763 Christianismus
1826 1720 1961 1761 vero

372 1798 794 1853 Christianismo
852 1796 1091 1852 'adnasci
1155 1805 1442 1867 coeperat,
1495 1797 1957 1867 quemadmodum

2063 573 2236 626 ἐποίει
2285 574 2564 644 τεράστια,
2611 570 2866 643 περιττὸν
2897 569 3076 639 λέγειν
3123 571 3268 641 ἡμᾶς
3295 577 3345 625 Y.
3398 569 3643 639 'Echaae

2063 664 2171 734 γὰρ
2214 663 2532 727 ’Λοανόισιος
2571 664 2600 716 ὁ
2644 660 3047 731 Ἀλεξανδρείας
3080 661 3397 725 ἐπίσκοπος,
3428 660 3641 730 μονόὸιο

2063 752 2188 806 ὅλον
2218 754 2299 817 είς
2325 752 2417 806 τὸν
2448 752 2613 807 αὐτοῦ
2644 751 2759 823 βίον
2784 751 3095 823 ἐκθέμενος.
3128 749 3400 804 Τοιούτων
3421 749 3640 818 ἀγαθῶν

2063 842 2289 914 εὐφορία
2307 843 2448 896 κατὰ
2474 843 2667 896 ταύτὸν
2696 841 2801 895 ὑπὸ
2822 840 2947 906 τοὺς
2976 842 3200 913 χρόνους
3229 839 3638 894 Κωνσταντίνου

2061 934 2155 987 τοῦ
2179 934 2442 1004 βασιλέως
2472 934 2709 1004 ἐγένετο.

2639 1149 2887 1208 ΚΕΦΑΛ.
2933 1149 3064 1204 ΚΒ’.

2060 1239 2201 1307 Περὶ
2236 1239 2542 1306 Μάνεντος
2584 1241 2691 1294 τοῦ
2723 1240 2998 1311 ἀρχηγοῆ
3031 1240 3142 1308 τῆς
3190 1239 3474 1310 αἱρέσεως
3519 1239 3640 1298 τῶν
3748 1236 3769 1252 κ

2262 1313 2630 1378 Μανιχαίων,
2663 1313 2761 1365 καὶ
2797 1308 2937 1365 ὅθεν
2960 1308 3038 1381 ἦν
3068 1312 3183 1380 τὴν
3211 1308 3426 1382 ἀρχήν.

2145 1425 2303 1480 Ἀλλὰ
2330 1425 2533 1498 μεταξὺ
2554 1425 2645 1479 τοῦ
2677 1424 2915 1498 χρηστοῦ
2945 1426 3093 1481 σίτου
3123 1427 3279 1481 εἴωθε
3303 1428 3397 1481 καὶ
3427 1426 3634 1493 ζιζάνια

2062 1518 2314 1588 φύεσθαι.
2348 1520 2543 1582 ⁴Μόνος
2584 1517 2692 1590 γὰρ
2723 1522 2836 1581 τοῖς
2877 1517 3102 1584 ἀγαθοῖς
3132 1517 3442 1589 ἐφεδρεύειν
3472 1518 3637 1586 φιλεῖ.

2061 1611 2323 1681 Παρεφύη
2352 1610 2459 1681 γὰρ
2500 1610 2693 1681 μικρὸν
2747 1608 3056 1679 ἔμπροσθεν
3076 1609 3182 1662 τῶν
3227 1607 3636 1661 Κωνσταντίνου

2061 1703 2266 1774 χρόνων
2301 1712 2320 1739 ⁷
2355 1700 2432 1772 τῷ
2457 1702 2646 1772 ἀληθεῖ
2665 1699 3092 1772 Χριστιανισμῷ,
3141 1699 3464 1764 Ἐλληνίζων
3499 1698 3637 1770 Χρι·

2063 1793 2397 1863 στιανισμδς,
2429 1793 2678 1865 καθάπερ
2725 1792 2820 1845 καὶ
2847 1795 2958 1855 τοῖς
3006 1793 3309 1862 προφήταις
3338 1790 3641 1861 ψευδοπρο-

374 1889 506 1945 olim
530 1888 816 1960 prophetis
850 1890 1366 1960 pseudoprophetae,
1392 1897 1448 1945 et
1471 1890 1732 1960 apostolis
1757 1890 1956 1960 pseud-

2060 1884 2246 1956 φῆται,
2301 1883 2394 1937 καὶ
2439 1882 2758 1945 ἀποστόλοις
2808 1882 3233 1951 ψευδαπόστολοι
3271 1881 3637 1952 παρεφύοντο.

375 1983 609 2052 apostoli
633 1997 752 2037 sese
769 1982 1323 2052 inserebant.Quippe
1343 1990 1472 2037 tunc
1496 1983 1760 2052 temporis
1782 1982 1956 2036 Mani-

375 2073 560 2127 chreus
571 2073 815 2142 quidam,
829 2073 1179 2144 Empedoclis
1193 2075 1415 2145 gentilis
1430 2074 1743 2144 philosophi
1762 2074 1957 2144 dogma

373 2161 434 2215 in
461 2160 829 2216 Christianam
872 2162 1191 2232 religionem
1229 2164 1367 2220 clam
1407 2164 1670 2219 inducere
1704 2164 1952 2217 tentavit.

373 2251 452 2306 De
488 2266 598 2321 quo
633 2251 756 2305 viro
779 2252 1051 2306 Eusebius
1088 2254 1311 2323 quidem
1344 2255 1613 2325 Pamphili
1636 2255 1692 2308 in
1724 2254 1957 2324 septimo

246 2404 273 2413 ι
372 2341 762 2397 ecclesiasticae
807 2341 1065 2398 Historia:
1101 2344 1246 2399 libro
1281 2346 1614 2400 mentionem
1658 2344 1823 2412 fecit,
1860 2344 1957 2399 sed

373 2446 487 2487 non
544 2433 677 2488 satis
719 2443 974 2489 accurate
1017 2434 1231 2506 singula
1281 2437 1554 2506 exposuit.
1613 2435 1960 2508 Quapropter

375 2523 526 2593 quod
564 2524 636 2578 ab
666 2524 758 2579 illo
781 2526 1215 2595 praetermissum
1249 2535 1355 2593 est,
1380 2528 1435 2583 id
1459 2529 1771 2583 necessario
1793 2544 1823 2583 a
1858 2542 1960 2584 no-

374 2617 463 2672 bis
494 2618 861 2689 supplendum
884 2633 1005 2674 esse
1042 2621 1304 2675 arbitror.
1327 2622 1406 2676 Ita
1449 2623 1594 2676 enim
1622 2622 1959 2694 intelligetur

373 2708 503 2778 quis
527 2715 585 2764 et
605 2709 751 2765 unde
775 2710 1051 2779 profectus
1072 2711 1404 2768 Manichaaus
1450 2713 1517 2767 ad
1543 2720 1748 2768 tantam
1784 2714 1955 2770 auda-

375 2798 516 2854 ciam
588 2802 924 2871 proruperit.
990 2800 1318 2872 Scythianus
1371 2801 1592 2873 quidam
1652 2801 1956 2860 Saracenos

374 2905 604 2947 uxorem
646 2892 841 2948 habuit
883 2895 1176 2964 captivam,
1224 2910 1293 2948 ex
1339 2895 1625 2964 superiore
1665 2896 1955 2949 oriundam

376 2980 678 3037 Thebaide.
718 2981 887 3055 Cujus
910 2985 1084 3055 gratia
1111 3000 1236 3039 cum
1272 2985 1328 3039 in
1354 2985 1646 3057 [Egyptum
1672 2985 1963 3056 migravis-

371 3084 478 3143 set,
503 3084 559 3132 et
592 3076 970 3149 (Egyptiorum
996 3077 1289 3147 disciplina
1311 3078 1599 3134 institutus
1627 3086 1794 3145 esset,
1820 3080 1953 3134 Em-

373 3167 619 3239 pedoclis
642 3184 706 3222 ac
718 3168 1037 3239 Pythagorae
1057 3169 1371 3239 opinionem
1397 3170 1454 3224 in
1477 3170 1847 3225 Christianam
1869 3187 1957 3226 re-
1984 3204 2026 3261 ο

379 3257 645 3330 ligionem
680 3259 908 3313 invexit.
937 3259 1083 3313 Duas
1109 3260 1257 3314 enim
1279 3260 1520 3315 asseruit
1549 3275 1670 3316 esse
1695 3267 1954 3326 naturas,

372 3349 603 3404 alteram
626 3349 846 3412 bonam,
865 3349 1092 3402 alteram
1119 3350 1353 3417 malam;
1378 3350 1611 3420 perinde
1636 3358 1802 3419 atque
1828 3349 1967 3404 Em-

372 3440 666 3511 pedocles:
692 3440 787 3509 qui
819 3439 1018 3493 malam
1042 3442 1267 3510 quidem
1295 3450 1548 3497 naturam
1578 3442 1954 3509 Discordiam,

375 3529 576 3584 bonam
608 3545 742 3584 vero
772 3530 1083 3584 Amicitiam
1122 3531 1450 3600 appellabat.
1476 3532 1650 3602 Hujus
1677 3531 1959 3603 Scythiani

374 3618 678 3691 discipulus
700 3620 805 3674 fuit
826 3620 1064 3685 Buddas,
1084 3622 1177 3690 qui
1194 3628 1322 3677 ante
1343 3622 1715 3678 Terebinthus
1732 3623 1957 3678 diceba-

376 3718 488 3767 tur.
514 3708 620 3776 Qui
651 3725 777 3764 eum
802 3709 1045 3765 venisset
1070 3710 1124 3765 in
1150 3711 1523 3783 Babyloniam,
1550 3730 1674 3784 quas
1702 3716 1855 3787 regio
1880 3717 1965 3772 in-

376 3802 580 3857 colitur
600 3818 630 3856 a
660 3802 868 3867 Persis,
889 3803 1061 3857 multa
1093 3803 1161 3859 de
1190 3805 1372 3875 seipso
1392 3823 1531 3861 vana
1559 3823 1623 3862 ac
1649 3808 1961 3880 prodigiosa

375 3890 640 3947 conﬁnxit
660 3932 675 3956 ,
704 3906 763 3946 se
789 3899 977 3946 natum
994 3908 1059 3948 ex
1088 3892 1299 3965 virgine
1316 3905 1371 3952 et
1386 3896 1441 3972 in
1460 3898 1740 3954 montibus
1755 3899 1960 3955 educa-

376 3990 492 4039 tum
512 4000 633 4040 esse
655 3984 950 4042 aiiirmans.
978 3987 1083 4059 55
1110 3988 1360 4056 Quatuor
1397 3990 1597 4047 deinde
1631 3995 1957 4064 conscripsit

372 4074 544 4130 libros
564 4094 576 4128 :
596 4092 829 4146 quorum
845 4078 1080 4147 primum
1100 4079 1480 4151 Mysteriorum
1500 4124 1514 4148 ,
1532 4083 1763 4138 alterum
1779 4084 1958 4139 Evan—

373 4166 600 4237 geiium,
623 4169 847 4224 tertium
863 4168 1204 4225 Thesaurum
1225 4213 1240 4239 ,
1259 4180 1515 4243 quartum
1532 4173 1772 4245 denique
1797 4174 1958 4246 Capi-

2060 1972 2376 2042 Τηνικαῦτα
2403 1973 2511 2044 γὰρ
2542 1973 2601 2027 τὸ
2645 1973 3068 2043 Ἐμπεδοκλέους
3104 1972 3197 2025 τοῦ
3240 1973 3371 2044 παρ’
3411 1972 3640 2043 Ἕλλησι

2061 2065 2349 2135 φιλοσόφου
2387 2065 2586 2135 δόγμα,
2633 2065 2721 2118 διὰ
2748 2063 2842 2117 τοῦ
2873 2064 3177 2135 Μανιχαίου
3210 2065 3640 2136 Χριστιανισμὸν

2060 2159 2408 2228 ὑπεκρίνατο.
2477 2159 2614 2231 Περὶ
2664 2152 2723 2213 οὗ
2799 2158 3061 2222 Εὐσέϐιος
3118 2158 3216 2229 μὲν
3269 2160 3299 2212 ὀ
3349 2157 3638 2228 Παμφίλου

2058 2254 2115 2306 ἐν
2142 2256 2209 2326 τῇ
2235 2253 2436 2327 ἐϐδόμῃ
2470 2253 2569 2322 τῆς
2607 2253 3097 2322 Ἐκκλησιαστικῆς
3127 2250 3368 2322 ἱστορίας
3394 2251 3641 2321 ἐπεμνή-

2061 2344 2195 2416 σθη’
2231 2346 2293 2397 οὐ
2330 2345 2436 2415 μὴν
2491 2344 2733 2415 ἀκριϐῶς
2775 2344 3090 2415 διηγήσατο.
3137 2343 3341 2414 Διόπερ
3376 2342 3438 2395 τὸ
3465 2357 3641 2412 παρα-

2058 2437 2276 2507 λειφθὲν
2325 2437 2520 2507 ὲκείνῳ
2569 2436 2963 2508 ἀναπληρῶσαι
3027 2437 3322 2502 ἀναγκαῖον
3373 2432 3639 2505 ἡγοῦμαι.

2059 2524 2439 2597 Γνωσθήσεται
2466 2524 2596 2596 γὰρ,
2623 2525 2706 2589 τίς
2738 2542 2799 2578 τε
2828 2524 2902 2579 ὣν
2944 2527 2972 2579 ὁ
3001 2526 3302 2596 Μανιχαῖος
3331 2524 3426 2578 καὶ
3450 2524 3639 2592 πόθεν,

2056 2618 2282 2673 τοιαῦτα
2310 2619 2595 2690 ἐτόλμησε.
2628 2618 2921 2682 Σκυθιανός
2950 2635 3035 2682 τις
3060 2613 3375 2690 Σαρακηνδς
3401 2619 3640 2687 γυναῖκα

2056 2705 2202 2782 εῖχεν
2247 2695 2591 2780 αἰχμάλωτον
2642 2710 2707 2762 ὲκ
2757 2708 2865 2762 τῶν
2913 2708 3026 2763 ἄνω
3063 2706 3291 2779 Θηόῶνδ
3328 2706 3397 2761 δι’
3444 2707 3513 2780 ἢν
3537 2706 3640 2778 τὴν

2054 2798 2328 2868 Αἴγυπτον
2361 2799 2607 2869 οἰκήσας,
2634 2801 2729 2852 καὶ
2752 2798 2860 2871 τὴν
2894 2797 3202 2868 Αἰγυπτίων
3252 2797 3500 2852 παιδείαν
3532 2814 3642 2869 μα·-

2057 2891 2186 2956 θὼν,
2231 2892 2330 2963 τὴν
2391 2892 2818 2963 Ἐμπεδοκλέους
2850 2893 2944 2945 καὶ
2992 2892 3313 2963 Πυθαγόρου
3340 2891 3499 2956 δόξαν
3554 2892 3642 2955 εἰς·

2055 2982 2147 3037 τὸν
2193 2983 2622 3053 Χριστιανισμὸν
2684 2984 3000 3055 παρήγαγε.
3045 2983 3149 3036 Δύο
3201 2983 3393 3053 φύσεις
3443 2981 3635 3047 εἰπὼν,

2057 3074 2268 3146 ἀγαθήν
2300 3092 2360 3128 τε
2405 3077 2503 3128 καὶ
2541 3075 2802 3149 πονηρὰν,
2832 3076 2908 3140 ὼς
2945 3077 3041 3130 καὶ
3092 3077 3484 3148 Ἐμπεδοκλῆς,
3526 3079 3639 3130 νεῖ-

2059 3185 2154 3231 κος
2194 3168 2475 3238 ὀνομάζων
2528 3169 2626 3241 τὴν
2655 3165 2917 3241 πονηρὰν,
2963 3156 3146 3240 φιλίαν
3171 3170 3226 3223 δὲ
3273 3170 3371 3242 τὴν
3398 3169 3633 3241 ἀγαθήν.

2058 3259 2260 3313 Τούτου
2304 3260 2361 3313 δὲ
2394 3260 2487 3314 τοῦ
2527 3260 2826 3315 Σκυθιανοῦ
2862 3262 3108 3334 μαθητὴς
3140 3262 3348 3331 γίνεται
3377 3261 3632 3323 Βούδδας,

2058 3351 2323 3422 πρότερον
2377 3351 2700 3424 Τερέὸινθος
2753 3352 3103 3424 καλούμενος,
3151 3353 3333 3416 Ὀςτις
3379 3352 3471 3405 ἐπὶ
3535 3351 3638 3422 τὴν

2058 3442 2409 3497 Βαϐυλωνίαν
2475 3444 2660 3514 χώραν
2723 3444 3005 3515 ὁρμήσας,
3072 3444 3195 3513 ἥτις
3246 3443 3351 3497 ὑπὸ
3408 3441 3640 3514 Περσῶν

2057 3537 2308 3600 οἰκεῖται,
2350 3535 2520 3590 πολλὰ
2567 3539 2694 3608 περὶ
2746 3536 2938 3591 ἑαυτοῦ
2987 3536 3364 3607 ἐτερατεύετο,
3408 3535 3640 3605 φάσκων

2059 3626 2123 3679 ἐκ
2145 3627 2413 3697 παρθένου
2441 3627 2789 3697 γεγενῆσθαι,
2815 3627 2910 3680 καὶ
2928 3629 2986 3681 ἐν
3006 3627 3188 3700 ὄρεσιν
3207 3625 3636 3697 ἀνατετράφθαιι

2058 3715 2194 3772 Εἶτα
2224 3720 2531 3790 συγγράφει
2567 3719 2747 3790 βιϐλία
2776 3720 3035 3791 τέσσαρα,
3066 3719 3123 3773 ἓν
3156 3720 3255 3790 μὲν
3290 3718 3641 3788 ἐπονομάσας

2056 3810 2169 3865 τῶν
2197 3812 2390 3883 Μυστη
2403 3812 2560 3883 ρὶωνο
2608 3812 2794 3884 ἕτερον
2821 3812 2899 3876 δὲ,
2930 3812 2991 3865 τὸ
3020 3811 3379 3880 ΕύαγγέλιοΨ
3417 3810 3513 3864 καὶ
3543 3810 3641 3863 τὸν

2056 3903 2341 3975 Θησαυρὸν
2388 3905 2592 3975 τρίτον,
2633 3905 2727 3958 καὶ
2752 3903 2821 3957 τὰ
2849 3903 3133 3973 Κεφάλαια
3159 3902 3436 3974 τέταρτον.
3472 3900 3641 3954 Τελεο

2060 3996 2158 4060 τὰς
2186 3995 2243 4049 δέ
2276 4013 2429 4061 τινας
2458 4000 2632 4052 ποιεῖν
2673 3997 3162 4069 σχηματιζόμενος,
3208 3994 3491 4065 ἑδισκεύθη
3528 3993 3640 4046 ὑπὸ

2062 4087 2394 4159 πνεύματος,
2426 4090 2522 4143 καὶ
2558 4088 2732 4154 οὕτως
2777 4089 3042 4145 ἀπώλετο.
3073 4089 3214 4158 Γυνὴ
3240 4088 3295 4142 δέ.
3324 4104 3407 4150 τις
3436 4087 3565 4156 παρ’

2059 4179 2343 4246 κατέλυεν,
2380 4179 2579 4248 ἔθαψεν
2630 4180 2822 4236 αὐτόν’
2875 4181 2971 4234 καὶ
3018 4181 3087 4235 τὰ
3115 4180 3323 4233 ἐκείνου
3372 4178 3642 4250 χρήματα

1569 4352 2104 4411 ΛΝΝΟΤΑΤΙΟΝΕΞ
2158 4353 2537 4413 VARIORUM.

444 4472 473 4549 ξ
518 4462 917 4549 Ἔξθαλσεμπὺρ
951 4464 1325 4549 Ἀθανᾴσιος.
1364 4466 1950 4549 ScripsitAthanasius

2056 4473 2158 4549 277
2191 4475 2623 4549 consignandam
2654 4492 2774 4532 esse
2810 4479 3007 4549 probat
3032 4478 3158 4533 Ant.
3194 4478 3322 4547 Pagi
3354 4493 3421 4533 ex
3455 4476 3642 4535 Ense.

375 4534 570 4607 Vitam_
602 4533 663 4607 Si
695 4532 922 4607 Antonii
948 4532 1342 4607 monachorum
1370 4532 1562 4605 patris,
1602 4555 1762 4607 quam
1814 4541 1951 4597 Eva-

373 4607 528 4675 grius
550 4603 809 4675 Latinam;
830 4604 1099 4675 reddidit;
1144 4606 1308 4675 idque
1345 4603 1606 4661 extremis
1622 4603 1749 4664 sua:
1774 4615 1950 4667 aetatis

372 4673 553 4752 annis,
591 4673 727 4752 dum
751 4673 1435 4752 Alciandriazntrajquille
1468 4677 1755 4752 resideret.
1797 4681 1946 4752 (Ant.

373 4745 516 4817 Pagi
532 4743 628 4817 fad_
651 4758 782 4796 ann.
809 4742 974 4817 £528.)
1013 4744 1165 4799 Obiit
1211 4742 1580 4817 SfAntonius
1628 4764 1774 4805 anno
1805 4742 1947 4817 ‘556,

371 4812 471 4889 die
498 4814 572 4889 i7_
600 4812 865 4889 Januarii.
915 4812 1135 4889 Annum
1157 4832 1270 4889 nos
1303 4816 1461 4871 docet
1494 4819 1860 4889 Hieronymus
1895 4812 1950 4877 in

370 4884 663 4938 Chronico.
705 4884 755 4937 Is
817 4892 872 4936 et
908 4882 1241 4941 Athanasius
1286 4895 1553 4941 testantur
1603 4882 1729 4943 eum
1777 4906 1951 4948 annos

371 4954 815 5027 quinquetsupra
842 4964 1092 5027 _ccntum
1140 4957 1358 5019 vixisse,
1412 4959 1640 5027 ejusque
1692 4960 1951 5017 nativitas

370 5022 662 5099 anno-Chr.
689 5022 1008 5099 251,_De_eio
1053 5025 1375 5096 imperante,
1410 5022 1626 5099 accidit.
1662 5029 1797 5099 Ejus
1838 5033 1950 5087 vita

370 5109 402 5148 a
429 5094 691 5149 Bollando
717 5094 773 5147 in
804 5092 954 5149 Actis
973 5092 1306 5159 sanctorum,
1343 5098 1548 5152 mensis
1576 5092 1820 5154 Januarii
1860 5102 1950 5157 die

371 5164 594 5238 prtefata
629 5165 933 5238 illustratur
963 5183 976 5218 :
1012 5167 1220 5235 aliquot
1266 5183 1396 5238 vero
1439 5168 1561 5237 ejus
1587 5170 1832 5238 epistolae
1880 5174 1950 5226 ab

370 5231 681 5311 Abrahamo
712 5231 1073 5311 Ecchellcnsi,
1106 5231 1242 5306 post
1266 5231 1514 5311 _Baronii
1568 5231 1799 5293 mortem
1843 5258 1950 5311 pu~

371 5306 602 5361 blicatze.
638 5307 809 5377 Porro
840 5304 1100 5376 deceptus
1121 5304 1221 5363 est
1266 5306 1552 5372 Baronius,
1578 5310 1799 5377 quando
1836 5304 1951 5365 exi-

368 5377 613 5431 stimavit
644 5375 1000 5432 Athanasium
1049 5379 1218 5432 Vitam
1286 5377 1506 5432 Antonii
1548 5375 1616 5433 eo
1647 5380 1825 5434 adhuc
1863 5383 1948 5434 vi-

369 5456 531 5521 vente
586 5448 890 5518 scripsisse,
928 5448 1429 5521 liomamiquef,‘cum
1461 5449 1611 5521 illuc,
1636 5448 1782 5521 .lulio
1812 5467 1950 5521 papa

369 5519 616 5581 sedente,
671 5521 840 5582 venit,
887 5534 1073 5573 secum
1124 5519 1405 5573 detulisse.
1461 5518 1596 5572 Nam
1635 5519 1687 5571 in
1735 5518 1949 5576 ca’Vita

369 5587 591 5728 ἒέιὲίόηὶί
632 5590 816 5646 obitus
866 5589 1068 5643 diserte
1114 5595 1470 5643 memoratur.
1507 5588 1677 5660 (idem
1715 5589 1783 5643 ad
1815 5605 1943 5645 ann.

446 5737 468 5765 ι
511 5729 740 5795 Μικρεν
772 5730 1109 5797 ἔμπροσθεν
1144 5727 1263 5781 τῶν
1301 5728 1762 5782 Κωσταντίνου
1808 5732 1945 5795 χρό-

371 5812 512 5849 νων.
560 5798 837 5868 Originem
872 5800 1142 5852 haereseos
1175 5797 1595 5853 Manichaeorum
1628 5814 1772 5853 anno
1811 5799 1941 5854 Chr.

2054 4545 2131 4618 bii
2181 4544 2477 4601 Chronico.
2519 4548 2721 4602 Verum
2760 4544 2864 4611 est,
2903 4549 3099 4618 inquit,
3140 4544 3323 4603 varias
3355 4549 3458 4603 sub
3485 4549 3640 4606 idem

2053 4615 2167 4670 fere
2191 4624 2407 4685 tempus
2432 4619 2749 4685 eruptiones
2779 4615 3012 4673 monstri
3054 4619 3204 4674 illius
3232 4619 3422 4684 fuisse,
3455 4629 3512 4674 et
3546 4621 3642 4674 in-

2053 4686 2303 4758 signibus
2343 4686 2574 4758 alicujus
2611 4688 2871 4744 facinoris
2925 4690 3071 4745 notis
3129 4689 3448 4758 celebratas.
3502 4688 3646 4756 Quae

2053 4771 2218 4828 causa
2280 4756 2386 4828 fuit
2435 4756 2534 4811 cur
2560 4774 2685 4828 non
2722 4758 2913 4813 iisdem
2954 4757 3380 4828 imperatoribus
3410 4760 3646 4816 haeresis

2053 4825 2212 4897 istius
2232 4826 2385 4895 origo
2411 4827 2666 4883 mandata
2698 4828 2885 4882 fuerit.
2905 4825 3060 4897 Quod
3092 4830 3293 4888 mirum
3317 4828 3493 4883 videri
3521 4845 3643 4885 non

2052 4895 2256 4959 debet,
2298 4912 2423 4951 eum
2463 4897 2847 4953 haereticorum
2883 4895 3001 4954 mos
3040 4898 3205 4953 fuerit
3244 4899 3338 4953 diu
3367 4900 3505 4953 clam
3531 4899 3644 4954 do-

2052 4980 2198 5039 cere,
2218 4967 2304 5039 ita
2340 4976 2403 5022 ut
2446 4976 2579 5021 tunc
2608 4985 2638 5039 a
2661 4969 2987 5038 quibusdam
3022 4978 3441 5039 cognoscantur,
3468 4978 3525 5024 et
3564 4972 3645 5025 ab

2052 5035 2177 5105 aliis
2217 5036 2556 5105 ignorentur.
2597 5035 2777 5104 Quare
2819 5056 2885 5095 ex
2928 5035 3249 5095 auctoribus
3280 5041 3493 5093 diversa
3530 5040 3645 5095 hac

2052 5104 2120 5158 de
2135 5122 2210 5180 _re
2234 5104 2626 5180 scribentibus,
2659 5107 2749 5180 alii
2782 5110 2848 5164 de
2875 5110 2994 5178 ejus
3027 5110 3301 5179 magistris
3332 5109 3644 5180 Scythiano

2051 5182 2108 5255 et
2134 5176 2320 5256 iiudda
2353 5177 2716 5260 inteiiigcudi,
2749 5176 2962 5260 _alii_de
2983 5176 3354 5260 ipsa—origine
3399 5176 3642 5260 monstri

2053 5246 2246 5320 ipsius,
2278 5248 2529 5320 nonnulli
2558 5248 2624 5301 de
2648 5252 2814 5320 variis
2837 5252 2955 5319 ejus
2982 5246 3033 5305 iu
3053 5246 3351 5304 Ecclesium
3379 5250 3643 5320 eruptio-

2050 5316 2233 5391 nibus,
2269 5332 2334 5391 ac
2357 5317 2708 5391 demum_alii
2734 5321 2805 5379 de
2832 5316 2949 5391 ejus
2973 5336 3221 5391 errorum
3255 5316 3637 5376 damnatione.

2053 5384 2202 5461 (_Pag_i
2255 5386 2324 5461 ad
2373 5402 2501 5441 ann.
2550 5388 2674 5461 277,
2714 5408 2770 5445 n.
2823 5384 2877 5453 6,
2924 5391 2998 5461 '7.)
3028 5390 3163 5446 Vide
3200 5391 3536 5461 Pearsonum
3575 5391 3643 5446 in

2051 5455 2368 5531 Symbolum
2392 5458 2780 5531 apostolicum,
2816 5478 2937 5531 pag.
2979 5455 3078 5520 δι,
3114 5461 3207 5528 qui
3262 5461 3402 5514 hanc
3449 5460 3643 5515 ᾕρει-θα

2050 5526 2133 5579 sin
2167 5526 2513 5597 temporibus
2559 5526 2929 5597 apostolorum
2987 5526 3220 5587 cozevam
3276 5538 3483 5596 censet,
3523 5547 3642 5586 no-

2051 5612 2285 5671 menque
2334 5596 2514 5652 Manes
2563 5596 2671 5654 non
2704 5602 2870 5657 fuisse
2903 5603 3185 5671 proprium
3234 5601 3465 5669 alicujus
3496 5601 3637 5667 viri,

2050 5665 2143 5718 sed
2174 5665 2270 5721 tuti
2302 5677 2481 5744 sectae,
2509 5672 2596 5724 vel
2630 5673 2816 5742 potius
2844 5665 3132 5744 quibusvis
3165 5665 3437 5727 haereticis
3472 5665 3639 5727 com;

2050 5751 2216 5791 mune
2245 5739 2455 5794 statuit.
2588 5746 2591 5751 “

3672 4643 3687 4681 ι
