4050 6348
461 321 564 377 H5

1931 320 2269 377 SOCHATIS

3648 328 3746 387 ut

461 446 668 501 bellum
709 447 1108 502 excitaverunt.
1159 449 1344 518 anue
1391 463 1479 502 res
1526 453 1806 501 nocturna:
1853 461 2031 517 pugna

2151 447 2411 516 χομὲνους
2433 446 2701 517 ἐνόμιζον.
2720 449 2829 501 Καὶ
2850 448 2935 501 δια
2954 447 3109 502 τοῦτο
3127 447 3477 522 βλασφήμους
3495 451 3744 516 ἐκάλουν,

461 539 890 611 haudquaquam
931 541 1217 596 dissimilis
1238 547 1376 595 erat.
1421 539 1610 609 Neque
1645 538 1794 593 enim
1830 539 2050 608 utrique

463 632 600 688 satis
621 632 928 705 intelligere
950 634 1280 689 videbantur
1310 648 1411 688 cur
1436 646 1556 687 sese
1581 630 1816 687 invicem
1847 631 2053 686 calum-

463 724 574 781 niis
597 733 861 796 appetere
884 724 1272 780 instituissent.
1299 723 1518 779 Etenim
1553 723 1650 793 qui
1691 722 2054 778 consubstan-

463 816 610 872 tialis
626 832 817 873 vocem
841 816 1257 882 aversabantur,
1277 815 1499 870 Sabellii
1515 831 1578 870 ac
1593 814 1834 870 Montani
1853 814 2050 886 dogma

461 905 530 960 ab
554 907 624 961 iis
641 907 737 977 qui
760 922 951 964 vocem
976 907 1125 961 illam
1148 906 1477 976 probabant,
1497 905 1685 961 induci
1707 896 2052 960 arbitraban-

460 1009 588 1064 tur;
615 1008 780 1069 atque
805 998 1012 1054 idcirco
1031 999 1230 1069 impios
1274 998 1400 1054 illos
1420 999 1714 1063 vocabant,
1739 1005 1932 1069 utpote
1954 997 2048 1068 qui

459 1090 581 1148 Filii
606 1089 702 1145 Dei
725 1090 1100 1146 exsistentiam
1141 1090 1419 1148 tollerent.
1445 1090 1650 1147 Contra
1674 1107 1808 1146 vero
1833 1090 1915 1145 illi
1953 1090 2047 1162 qui

455 1181 944 1237 consubstantialis
975 1197 1171 1238 vocem
1209 1183 1531 1250 tuebantur,
1578 1199 1704 1239 cum
1746 1185 2047 1241 multorum

454 1273 684 1327 deorum
711 1273 924 1328 cultum
947 1273 1296 1330 adversarios
1323 1273 1434 1345 58
1467 1274 1821 1331 introducere
1853 1290 2047 1332 cense-

452 1372 594 1429 rent,
632 1379 730 1420 eos
767 1373 1029 1435 tanquam
1071 1366 1520 1436 superstitionem
1563 1368 1852 1438 gentilium
1895 1368 2048 1424 inve—

452 1456 649 1511 hentes
671 1458 1092 1513 aversabantur.
1136 1459 1205 1513 Et
1236 1459 1563 1514 Eustathius
1596 1460 1820 1530 quidem
1855 1459 2047 1515 Antio-

449 1549 662 1604 chenus
709 1550 1003 1620 episcopus
1044 1549 1344 1606 Eusebium
1393 1552 1738 1622 perstringit,
1785 1559 2043 1623 tanquam

447 1655 577 1697 eum
600 1641 696 1710 qui
716 1640 994 1697 Nicaenam
1019 1640 1181 1696 ﬁdem
1206 1641 1564 1698 adulteraret.
1591 1643 1864 1699 Eusebius
1884 1659 2038 1709 vero,

450 1747 510 1786 se
533 1731 758 1802 quidem
795 1747 827 1787 a
849 1731 1071 1787 Nicaena
1105 1731 1212 1787 ﬁde
1251 1732 1570 1809 nullatenus
1603 1736 1681 1789 ait
1715 1734 2037 1790 discedere:

2153 538 2230 600 ὡς
2258 538 2614 608 ἀναιροῦντας
2641 541 2740 611 τὴν
2773 538 3008 611 ὓπαρξιν
3037 539 3132 593 τοῦ
3167 539 3300 594 Υίοῦ
3345 540 3441 594 τοῦ
3487 541 3623 595 Θεοῦ
3650 561 3662 574 σ
3695 543 3746 597 οἱ

2151 632 2208 685 δὲ
2231 631 2393 686 πάλιν
2422 632 2498 704 τῷ
2536 633 2805 704 όμοουσίῳ
2829 635 3220 704 προσκείμενοι
3249 675 3264 700 ,
3306 634 3600 690 πολυθεΐαν
3633 637 3738 688 εἰσ-

2151 727 2306 792 άγειν
2335 726 2460 789 τοὺς
2505 726 2726 798 ἑτέρους
2775 725 3111 797 νομίζοντες,
3147 727 3223 790 ὡς
3275 726 3597 798 ὲλληνισμδν
3630 729 3744 781 εἰσ-

2152 818 2383 887 άγοντας
2403 816 2778 889 ἐξετρέποντο.
2819 817 2932 873 Καὶ
2965 817 3266 883 samem;
3316 820 3414 890 μὲν
3460 820 3488 873 ὁ
3543 821 3748 873 Ἀντιο⁴

2149 912 2303 983 χείας
2328 911 2646 976 ἐπίσκοπος,
2672 910 2918 985 διασύρει
2946 912 3038 968 τὸν
3063 913 3350 983 Παμφίλου
3368 912 3650 978 Εὐσέϐιον,
3668 912 3745 978 ὡς

2149 1003 2248 1076 τὴν
2279 1006 2336 1058 ὲν
2368 1004 2571 1076 Νικαίᾳ
2603 1004 2788 1059 πίστιν
2814 1005 3330 1078 παραχαράττοντα.
3381 1005 3641 1070 Εὐσέϐιος
3663 1006 3742 1071 δὲ,

2149 1096 2248 1166 τὴν
2277 1096 2376 1166 μὲν
2400 1097 2458 1149 ὲν
2479 1097 2683 1168 Nimia
2717 1097 2899 1152 πίστιν
2923 1097 2992 1152 οῦ
3031 1115 3166 1169 φησι
3203 1096 3564 1168 παραϐαίνειν
3582 1111 3598 1128 ο
3627 1097 3747 1153 διατι

2149 1185 2335 1240 ϐάλλει
2363 1186 2420 1241 δὲ
2466 1187 2766 1242 Εὐστάθιον
2793 1229 2808 1254 ,
2840 1187 2917 1252 ὡς
2944 1187 3044 1260 τὴν
3084 1187 3376 1243 Σαϐελλίω
3423 1188 3582 1254 δόξαν
3627 1191 3744 1243 εἱσ-

2149 1277 2370 1347 άγοντα.
2401 1278 2673 1332 Διαταῦτα
2702 1280 2944 1345 ἕκαστοι,
2979 1280 3054 1344 ὡς
3093 1281 3235 1334 κατὰ
3261 1281 3574 1336 ἀντιπάλων
3618 1283 3745 1346 τοὺς

2149 1369 2340 1438 λόγους
2379 1371 2740 1442 συνέγραφον.
2791 1371 3116 1444 Ἀμφότεροι
3165 1391 3224 1426 τε
3262 1374 3513 1442 λέγοντες
3544 1375 3744 1428 ὲνυπό-

2149 1459 2342 1514 στατόν
2363 1477 2423 1513 τε
2448 1460 2544 1514 καὶ
2569 1461 2946 1532 ἐνυπάρχοντα
2981 1462 3072 1514 τὸν
3102 1462 3229 1515 Υίὸν
3269 1459 3406 1515 εῖναι
3444 1462 3539 1515 τοῦ
3580 1461 3741 1528 Θεοῦ,

2147 1553 2244 1606 ἕνα
2275 1571 2336 1606 τε
2363 1553 2498 1608 Θεὸν
2537 1557 2597 1608 ὲν
2659 1558 2839 1627 τρισὶν
2869 1556 3228 1610 ὑποστάσεσιν
3249 1552 3386 1609 εἶναι
3414 1553 3742 1626 ὁμολογοῦν-

2147 1663 2257 1708 τες,
2286 1646 2534 1718 ἀλλήλοις
2553 1649 2652 1702 οὐκ
2680 1645 2777 1702 οἶδ’
2796 1649 2946 1712 ὅπως
2966 1648 3326 1720 συμφωνῆσαι
3356 1648 3457 1702 οὐκ
3484 1648 3667 1717 ἴσχυον
3687 1645 3740 1687 εί·

2147 1737 2238 1790 καὶ
2269 1737 2534 1792 διαταῦτα
2561 1739 2858 1810 ἡσυχάζειν
2891 1739 3066 1794 οὐδενὶ
3098 1739 3286 1811 τρόπῳ
3312 1738 3612 1809 ἠνείχοντο.

450 1820 805 1876 Eustathium
840 1833 976 1874 vero
1017 1817 1366 1887 criminatur,
1406 1829 1669 1891 tanquam
1705 1822 1902 1893 dogma
1944 1822 2171 1878 Sabellii
2209 1833 2570 1883 astruentem.
2613 1829 2710 1884 His
2747 1827 2816 1884 de
2841 1829 3023 1884 causis
3053 1829 3256 1900 singuli
3296 1829 3561 1901 episcopi,
3587 1829 3742 1886 velut

450 1925 645 1973 contra
664 1916 1013 1972 adversarios
1029 1915 1249 1986 scriptis
1268 1917 1643 1972 voluminibus
1665 1918 2037 1974 decertarunt.
2064 1919 2273 1976 Etcum
2295 1923 2517 1994 utrique
2539 1923 2787 1979 dicerent
2803 1924 3002 1980 Filium
3023 1925 3122 1980 Dei
3146 1922 3423 1996 propriam
3447 1939 3743 1995 personam

448 2021 614 2092 atque
637 2011 1016 2066 exsistentiam
1057 2010 1285 2076 habere,
1324 2010 1610 2081 Deumque
1636 2011 1690 2066 in
1719 2012 1896 2067 tribus
1921 2014 2174 2083 personis
2197 2031 2366 2070 unum
2404 2033 2524 2072 esse
2548 2017 2966 2086 conﬁterentur,
2994 2031 3177 2077 tamen
3201 2023 3391 2078 nescio
3415 2038 3526 2093 quo
3546 2029 3737 2091 pacto,

450 2111 766 2165 nullatenus
805 2108 950 2165 inter
973 2125 1031 2166 se
1073 2107 1388 2185 consentire
1412 2117 1741 2180 potuerunt,
1768 2126 1871 2166 nec
1906 2112 2016 2167 ulla
2045 2113 2258 2170 ratione
2310 2115 2596 2181 quiescere
2655 2117 3056 2173 sustinuerunt.

1055 2297 1206 2355 CAP.
1250 2296 1440 2355 XXIV.

448 2389 744 2474 [ie-synodo
778 2390 1219 2474 Δᾼῖιςὶοοίιρηακὶη
1259 2409 1364 2462 qua
1406 2392 1672 2474 depositus
1716 2404 1792 2447 est
1836 2392 2039 2474 Eusta-

519 2461 1044 2534 thiusimztiochensis
1071 2461 1349 2534 episcopus
1370 2479 1388 2516 :
1412 2461 1630 2534 propter
1653 2479 1812 2534 quam
1855 2471 2040 2519 exorta

517 2531 704 2585 seditio
729 2541 893 2586 totam
919 2530 1028 2602 fere
1054 2530 1472 2587 urbem'delcvit.

519 2693 857 2766 Congregata
877 2694 1045 2766 igitur
1078 2694 1384 2750 Antiochiae
1425 2694 1654 2766 synodo,
1691 2695 2040 2752 Eustathium

449 2788 753 2858 deponunt,
781 2796 841 2842 ut
864 2787 958 2858 qui
983 2786 1210 2843 Sabellii
1235 2787 1478 2858 dogmati
1521 2789 1708 2858 potius
1752 2804 1916 2859 quam
1941 2789 2040 2844 Ni-

449 2893 614 2936 cmnae
649 2879 840 2951 synodi
864 2879 1102 2934 decretis
1123 2877 1424 2934 insisteret.
1464 2878 1605 2935 Sunt
1650 2881 1744 2950 qui
1791 2881 1863 2935 ob
1905 2881 2041 2938 alias

449 2970 614 3026 etiam
639 2985 834 3026 causas
852 2969 1037 3025 minus
1057 2970 1320 3026 honestas
1345 2971 1654 3042 depositum
1678 2988 1798 3027 esse
1823 2973 2035 3040 dicant;

448 3078 586 3132 quas
609 3070 792 3117 tamen
817 3061 874 3118 in
894 3061 1139 3118 medium
1160 3078 1270 3118 non
1294 3062 1604 3134 proferunt.
1631 3063 1823 3120 Solent
1853 3072 2037 3120 autem

418 3155 711 3234 ‘opiseopi,
738 3155 796 3210 in
819 3154 1078 3210 omnibus
1101 3154 1157 3210 id
1181 3154 1358 3210 facere
1375 3171 1515 3224 quos
1541 3155 1847 3225 deponunt,
1863 3165 1924 3210 ut
1943 3171 2038 3212 eos

447 3248 670 3319 quidem
690 3247 913 3320 probris
933 3256 1186 3314 onerent,
1210 3256 1267 3303 et
1290 3249 1488 3318 impios
1506 3264 1626 3304 esse
1643 3250 2034 3318 pronuntient,

447 3354 648 3398 causas
671 3355 806 3396 vero
830 3339 1129 3410 impietatis
1170 3354 1280 3394 non
1326 3348 1622 3410 exponant.
1670 3341 1844 3395 Porro
1888 3341 2036 3410 quod

447 3431 769 3488 Eustathius
794 3439 1053 3502 tanquam
1097 3430 1412 3486 Sabelliano
1449 3429 1689 3501 dogmati
1733 3431 1939 3497 favens,
1965 3431 2034 3486 ab

403 3517 406 3519 Α
446 3522 721 3594 episcopis
743 3521 1028 3594 depositus
1050 3522 1142 3587 sit,
1166 3528 1457 3577 accusante
1479 3521 1634 3576 illum
1659 3521 1800 3594 Cyro
1831 3521 2035 3577 Berceze

2079 2312 2122 2368 Β
2723 2307 2978 2361 ΚΕΦΑΛ.

2144 2394 2300 2471 Περὶ
2314 2395 2426 2465 τῆς
2445 2396 2770 2471 γενομένης
2790 2399 3058 2471 συνόδου
3074 2400 3144 2453 ἐν
3167 2399 3506 2471 Ἀντιοχείᾳ,
3529 2399 3568 2468 ἡ
3600 2405 3742 2456 καθ-

2212 2465 2383 2539 εῖλεν
2421 2465 2762 2539 Εὐσέάθιον
2816 2470 2925 2524 τὸν
2960 2471 3316 2539 Ἀντιοχείας
3355 2465 3737 2526 ἐπίσκοπον*

2397 2538 2673 2606 στάσεως
2709 2539 3060 2611 γενομένης,
3093 2531 3316 2610 μὶἱιροῧ
3349 2541 3656 2612 ἀνετράπη
3699 2543 3738 2611 ἡ

2339 2626 2414 2673 ις.
3229 2659 3241 2668 .

2212 2698 2436 2754 Σύνοδον
2464 2696 2558 2756 οῦν
2581 2702 2638 2756 ἐν
2672 2700 2974 2774 Ἀντιοχείᾳ
2997 2701 3344 2774 ποιήσαντες,
3379 2702 3741 2774 καθαιροῦσιν

2141 2789 2462 2856 Εύστάοιον,
2518 2793 2594 2856 ὡς
2637 2793 2708 2846 τὰ
2740 2791 3027 2847 Σαϐελλίου
3082 2792 3283 2863 μᾶλλον
3334 2793 3658 2864 φρονοῦντα,
3697 2794 3736 2866 ἢ

2140 2881 2286 2953 ἅπερ
2315 2885 2349 2953 ἡ
2375 2885 2433 2938 ὲν
2462 2884 2670 2955 Νικαίᾳ⁴
2701 2883 2918 2946 σύνοδος
2947 2884 3323 2954 ἐδογμάτισεν.
3379 2884 3468 2948 Ὠς
3506 2886 3603 2955 μὲν
3640 2880 3740 2942 οῦν

2140 2977 2284 3040 τινές
2313 2993 2502 3046 φασιν,
2535 2976 2602 3029 δι’
2640 2976 2806 3039 ἄλλοις
2843 2975 2943 3028 οὐκ
2977 2975 3190 3044 ἀγαθὰς
3226 2976 3438 3052 αίτίαςο
3482 2977 3743 3048 φανερῶς

2139 3069 2247 3139 γὰρ
2277 3069 2378 3123 οὐκ
2405 3070 2678 3140 εἰρήκασι.
2715 3067 2886 3121 Τοῦτο
2911 3068 2966 3121 δὲ
2993 3068 3085 3122 ἐπὶ
3113 3068 3332 3143 πάντων
3363 3069 3589 3135 είῴθασι
3621 3069 3738 3123 τῶν

2139 3161 2584 3231 καθαιρουμένων
2621 3162 2796 3214 ποιεῖν
2828 3161 2877 3213 οἱ
2932 3160 3241 3222 ἐπίσκοποι,
3296 3161 3738 3231 κατηγοροῦντες

2141 3247 2241 3317 μὲν
2264 3247 2358 3299 καὶ
2388 3247 2605 3301 ἀσεϐεῖν
2631 3247 2902 3316 λέγοντες,
2932 3247 3032 3312 τὰς
3063 3248 3118 3300 δὲ
3141 3248 3322 3312 αἰτίας
3346 3249 3443 3320 τῆς
3471 3249 3738 3314 ἀσεϐείας

2136 3338 2196 3390 οὐ
2225 3337 2626 3408 προστιθέντες.
2660 3339 2783 3391 ’Ότι
2841 3339 3024 3409 μέντοι
3055 3338 3130 3402 ὡς
3160 3337 3540 3404 σαϐελλίζοντα
3589 3339 3737 3394 καθ-

2136 3430 2274 3482 εῖλον
2295 3429 2611 3496 Εύστάθιον,
2647 3428 2825 3502 Κύρου
2857 3430 2949 3484 τοῦ
2985 3431 3247 3503 Βεῤῥοίας
3263 3431 3560 3486 ἐπισκόπου
3597 3449 3739 3486 κατ-

2134 3520 2463 3592 ηγοροῦντος
2490 3521 2677 3588 αὑτοῦ,
2700 3522 2970 3594 Γεώργιος
2989 3525 3016 3576 ὁ
3049 3523 3372 3587 Λαοδικείας
3403 3522 3502 3593 τῆς
3532 3523 3592 3576 ὲν
3619 3523 3735 3576 Συ·-

451 3613 608 3670 urbis
630 3614 912 3686 episcopo,
934 3613 1202 3685 Georgius
1225 3611 1509 3667 Laodiceae
1541 3626 1663 3682 quae
1687 3613 1742 3666 in
1771 3612 1924 3685 Syria
1949 3622 2031 3668 est

2139 3611 2230 3682 ρίᾳ
2259 3611 2574 3677 ἐπίσκοπος,
2603 3607 2684 3676 εἷς
2708 3610 2784 3665 ὣν
2819 3612 2926 3666 τῶν
2968 3612 3270 3684 μισούντων
3306 3612 3367 3666 τὸ
3415 3611 3732 3684 ὁμοούσιον,

446 3707 757 3778 episcopus,
784 3723 930 3763 unus
970 3722 1040 3762 ex
1081 3720 1272 3762 eorum
1299 3720 1531 3760 numero
1563 3705 1660 3775 qui
1684 3719 1875 3761 vocem
1901 3720 2034 3760 con-

447 3796 826 3854 substantiaiis
846 3796 1101 3862 oderant,
1128 3794 1184 3850 in
1207 3793 1521 3850 laudatione
1538 3793 1762 3850 Eusebii
1787 3792 2034 3850 Emiseni

2060 3662 2105 3722 C

2137 3703 2195 3756 ὲν
2221 3701 2297 3773 τῷ
2331 3703 2592 3775 ἐγκωμίῳ
2619 3703 2696 3774 τῷ
2728 3705 2807 3767 είς
2832 3704 3091 3758 Εὐσέϐιον
3123 3704 3214 3759 τὸν
3251 3704 3538 3776 Ἐμισηνδν
3559 3704 3736 3777 ἐγρα-

2137 3795 2237 3865 ψεν
2269 3795 2549 3868 εἰρηκέναι
2575 3795 2710 3867 (9.8).
2735 3796 2848 3851 Καὶ
2878 3796 3005 3868 περ)⁸
3034 3796 3132 3868 μὲν
3163 3795 3257 3851 τοῦ
3295 3796 3588 3869 Ἐμισηνοῦ
3624 3797 3737 3851 Εὑ-

1650 3947 1922 4004 VALESII
1959 3948 2512 4008 ANNOTATIONES.

515 4051 626 4135 (εδ)
666 4049 978 4135 ῗξδγραψεττ
999 4048 1327 4135 strenuae:
1353 4045 2032 4135 Wreeeetsmeueen

444 4118 684 4178 errarint
716 4118 1048 4189 interpretes
1073 4118 1130 4172 in
1165 4118 1331 4189 hujus
1363 4118 1470 4171 loci
1499 4118 1776 4189 versione,
1797 4118 1892 4185 qui
1916 4131 2026 4171 non

444 4192 705 4248 viderunt
765 4186 1014 4246 ultimam
1062 4186 1254 4244 vocem
1285 4186 1706 4259 expungendam
1737 4201 1883 4253 esse,
1938 4195 2027 4240 ut-

2139 4055 2266 4130 pote
2292 4049 2647 4130 superﬂuam.
2681 4051 2820 4130 Nam
2859 4068 2985 4130 cum
3033 4052 3192 4130 initio
3224 4060 3544 4130 annotatum
3578 4063 3736 4109 esset

2138 4121 2197 4173 in
2249 4121 2514 4192 margine,
2571 4136 2674 4192 pro
2734 4122 3019 4192 ἔγραψεν,
3056 4124 3191 4178 alias
3242 4125 3410 4179 scribi
3457 4125 3732 4192 εἴρηκεν.

2135 4197 2327 4259 postea
2361 4191 2477 4246 htec
2498 4191 2605 4246 vox
2640 4193 2697 4247 in
2722 4191 2932 4248 textum
2956 4194 3175 4265 irrepsit
3209 4210 3242 4250 e
3274 4195 3541 4266 margine.

1910 4343 2272 4404 VARIORUM
2283 4392 2296 4404 .

517 4440 542 4478 ιι
563 4437 972 4508 Συμφωνῆσαι
1001 4439 1114 4492 οὐκ
1128 4437 1602 4507 ισχπιονᾸΜνθιιεο
1613 4436 1817 4508 quippe
1833 4452 2019 4504 sensu,

443 4510 538 4565 alii
570 4507 836 4565 strictiori
886 4509 956 4564 de
985 4523 1349 4577 personarum
1397 4507 1734 4570 differentia,
1792 4508 1888 4563 alii
1933 4509 2018 4564 la-

444 4582 570 4635 tiori
605 4579 674 4635 de
708 4580 824 4649 ipsa
856 4578 1089 4649 Deitatis
1111 4579 1437 4642 substantia,
1465 4593 1672 4649 vocem
1719 4577 2018 4649 ὑπόστασιν

442 4647 1008 4722 intelligebanyVide
1051 4649 1194 4722 B_u_lli
1236 4648 1665 4722 nostri_Defens.
1721 4647 1818 4717 ﬁd.
1851 4649 2009 4722 _Ni_c.,

441 4729 576 4776 sect.
607 4718 667 4786 ii,
692 4735 812 4790 cap.
841 4719 896 4784 9,
923 4734 1048 4790 pag.
1075 4719 1200 4784 115,
1227 4719 1296 4775 de
1326 4718 1554 4790 antiquo
1601 4733 1704 4772 usu
1749 4719 2014 4775 ecclesia-

440 4792 581 4846 stico
608 4805 806 4847 vocum
833 4791 990 4844 ούσία
1013 4799 1071 4844 et
1100 4790 1418 4853 ὑπόστασις.

517 4873 540 4900 θ
576 4861 846 4916 Σύνοδον
875 4855 992 4915 οὖν
1030 4861 1100 4916 ὲν
1133 4861 1475 4928 Ἀντιοχείᾳ.
1526 4859 1821 4914 Existimat
1878 4859 2008 4915 Ant.

439 4933 566 5004 Pagi
593 4932 735 4986 hanc
758 4930 1028 5004 synodum
1059 4945 1204 4986 anno
1229 4931 1360 5004 Chr.
1389 4929 1512 5004 @527,
1539 4939 1636 4984 aut
1649 4930 1885 5004 ineunte
1909 4931 2014 5004 5_28

437 5000 689 5057 coactam
713 5000 854 5058 esse.
883 5000 1018 5057 Vide
1039 5004 1241 5057 Annot.
1274 5000 1344 5056 ad
1391 5001 1491 5055 lib.
1540 5015 1600 5054 In
1649 5000 1876 5057 Eusebii
1934 5001 2013 5056 De

2131 4456 2254 4497 mus
2275 4483 2289 4507 ,
2336 4440 2614 4516 Socrates,
2667 4441 3025 4516 sozomenus,
3050 4452 3124 4516 _et
3150 4442 3732 4516 Theodontus,_quod

2128 4526 2326 4584 nempe
2359 4526 2390 4566 a
2437 4512 2777 4584 muliercula,
2799 4511 3015 4567 delatus
3042 4512 3230 4584 fuerit,
3282 4530 3404 4584 quae
3450 4529 3510 4568 se
3538 4511 3731 4572 lilium

2126 4597 2196 4652 ex
2239 4583 2536 4637 Eustathio
2564 4583 2874 4652 suscepisse
2934 4583 3328 4637 mentiebatur.
3362 4583 3533 4639 Aiunt
3581 4586 3730 4643 item

2125 4650 2382 4706 Socrates
2404 4661 2462 4706 et
2506 4650 2846 4707 Sozomenus
2899 4653 3054 4708 illum
3096 4652 3504 4708 Sabellianismi
3540 4654 3732 4714 fuisse

2120 4731 2459 4794 accusatum.
2490 4723 2567 4776 De
2603 4738 2712 4793 quo
2736 4723 2810 4794 ita
2839 4723 3098 4794 dominus
3125 4724 3335 4787 Bullus,
3365 4723 3580 4794 Defens.
3614 4726 3726 4794 βτί.

2117 4790 2260 4864 Nic.,
2305 4801 2438 4848 sect.
2473 4809 2530 4857 ιι,
2559 4790 2680 4862 cap.
2730 4793 2780 4856 1,
2810 4809 2864 4864 p.
2903 4793 2973 4848 28
3006 4812 3018 4847 :
3049 4792 3206 4860 Quod
3260 4794 3328 4848 ad
3357 4790 3731 4853 Eustathi'um

2119 4863 2703 4934 attinettquanquam
2775 4863 3003 4934 nollem,
3036 4873 3250 4934 temere
3291 4865 3418 4928 viri,
3462 4881 3491 4918 a
3534 4867 3733 4934 pluri-

2121 4932 2226 5005 mis
2259 4931 2568 5005 Catholicis:
2606 4934 2664 5005 in
2701 4934 2898 5005 pretio
2912 4933 3130 5005 habiti,
3166 4935 3459 5005 magnique
3513 4931 3730 4994 itidem

2119 5002 2407 5074 Athanasii
2460 5002 3027 5074 amicitiagnobilitati
3065 5044 3080 5074 ,
3110 5002 3282 5059 fama;
3297 5002 3462 5074 atque
3508 5008 3731 5065 existi-

442 5070 801 5144 Yitaiconstq
827 5087 947 5144 cap.
983 5071 1070 5127 59.
1098 5070 1176 5127 De
1221 5071 1514 5144 Eustathio
1555 5070 1648 5144 sic_
1666 5069 2018 5144 Athanasius
2053 5077 2094 5132 D
2126 5073 2355 5128 mationi
2383 5072 2684 5142 quidquam
2709 5072 3032 5144 detrahere:
3060 5073 3295 5144 ingenue
3321 5069 3506 5130 tamen
3530 5075 3730 5134 fateor

438 5141 517 5214 in
545 5143 784 5214 Historia
827 5141 1179 5214 Arianorum,
1218 5142 1408 5214 vol.rl,
1446 5157 1567 5214 pag.
1591 5141 1722 5214 346
1757 5159 1770 5195 :
1813 5142 2020 5214 Ερστὰ-

439 5211 552 5276 οιός
594 5229 678 5274 τις
715 5210 783 5280 ἦν
829 5212 1126 5282 ἐπίσκοπος
1183 5215 1282 5282 τῆς
1341 5210 1668 5282 Ἀντιοῇεείας
1713 5241 1785 5252 -
1829 5210 2022 5282 Eusta-

437 5284 577 5354 thius
619 5283 835 5354 quidam
877 5281 982 5354 fuit
1021 5283 1372 5338 Antiochenus
1415 5281 1708 5353 episeopus,
1757 5281 2022 5354 confessor

435 5371 500 5408 ac
543 5352 648 5418 ﬁde
692 5354 827 5425 pius.
865 5353 919 5408 Is
956 5371 1076 5425 eum
1125 5355 1401 5425 veritatem
1445 5352 1653 5425 summa
1695 5353 1868 5425 studio
1907 5359 2020 5425 tue-

435 5434 617 5490 retur,
663 5422 898 5495 essetque
944 5423 1162 5495 Ariona:
1205 5423 1391 5478 Itwresi
1442 5422 1880 5495 infe_nsissimus,_
1906 5423 2017 5476 ha;-

434 5489 866 5565 reticosqueillos
893 5510 996 5548 non
1046 5494 1367 5565 admitteret,
1414 5489 1558 5565 apud
1603 5489 2014 5565 constantinum

432 5561 811 5636 imperatorem
861 5562 1207 5636 insimulatur
1234 5602 1248 5625 ,
1297 5561 1524 5636 conficta
1585 5562 1966 5636 criminatione
1996 5601 2011 5624 ,

436 5630 576 5704 quod
603 5636 798 5689 scilicet
830 5636 991 5689 matri
1019 5635 1132 5704 ejus
1165 5631 1540 5704 contumeliam
1573 5630 1998 5704 fecisset.__Aliarn

437 5699 722 5786 (inquiunt
771 5699 1078 5786 doctissimi
1151 5702 1395 5757 editores
1461 5699 1831 5786 gen’edicti'ni)
1879 5700 2000 5786 ido-

435 5769 726 5844 positionis
796 5773 1071 5831 Eustathii
1128 5787 1348 5829 causam
1424 5769 1662 5826 atterunt
1731 5769 2004 5844 Hierony-

2127 5143 2484 5220 me_nes_cire
2537 5142 2984 5220 quomodo_ﬁeri_
3037 5142 3300 5220 potuerit,
3339 5154 3400 5220 ut
3457 5146 3729 5220 episcopi

2125 5211 2774 5286 Antiochiae_eongregati
2821 5211 3054 5286 (fuerint
3079 5213 3208 5269 licet
3233 5211 3528 5286 maximam
3575 5211 3729 5286 par-

2120 5291 2230 5337 tem
2265 5283 2478 5351 Ariani)
2505 5283 2660 5336 illum
2711 5283 2955 5353 proprie,
2990 5299 3060 5339 ex
3089 5284 3349 5339 omnibus
3390 5283 3728 5344 homoousii

2118 5353 2505 5426 assertoribus,
2530 5352 2954 5426 utgqui’SabeHii
3002 5357 3174 5426 potius
3228 5355 3486 5426 dogmati,
3541 5371 3730 5426 quam

2115 5421 2344 5477 Nicamw
2372 5422 2559 5495 synodi
2577 5421 3153 5495 decretisconsen'tiret,
3180 5421 3506 5495 accusarent
3524 5421 3732 5495 {pro-

2116 5501 2415 5565 ptereaque
2474 5493 2655 5565 ipsum
2723 5493 2854 5548 sede
2929 5495 3276 5565 Antiochena
3354 5493 3731 5565 deponerent

2117 5561 2283 5635 (quod
2336 5561 2584 5635 testatur
2623 5562 2890 5635 Socrates
2937 5564 3285 5635 exialiorum
3332 5561 3678 5635 narratione
3707 5611 3724 5635 ,

2099 5630 2229 5704 licet
2253 5633 2370 5702 ipse
2401 5632 2681 5704 levissima
2711 5633 2780 5690 de
2813 5649 2978 5689 causa
3006 5634 3074 5688 de
3096 5650 3290 5688 eorum
3319 5634 3425 5690 ﬁde
3452 5630 3722 5704 dubitet,

2098 5701 2196 5756 lib.
2228 5701 2414 5775 nicap.
2443 5703 2556 5774 24),
2581 5704 2687 5759 nisi
2713 5705 2833 5775 ipse
2860 5704 3102 5774 aliquam
3134 5707 3327 5760 saltem
3379 5720 3575 5760 ansam
3615 5701 3726 5764 at;

2098 5787 2209 5852 que
2239 5774 2586 5833 occasionem
2617 5774 2931 5832 istiusmodi
2965 5775 3303 5832 accusationi
3337 5775 3729 5846 praebuisset.
