4050 6348
431 411 537 467 M7

1897 414 2236 472 SOCRATI‘S

3608 414 3714 471 148

426 542 555 583 nam
577 536 758 583 autem
794 530 956 585 modo
992 530 1045 589 id
1084 531 1161 585 illi
1192 532 1558 603 .perfecerint,
1595 541 1651 586 et
1713 549 1821 602 qua
1864 532 2077 587 ratione
2115 533 2436 605 imperatori
2479 539 2854 609 persuaserint
2898 548 2960 594 ut
3022 538 3215 594 Arium
3254 544 3310 592 et
3348 533 3616 592 Euzoium
3657 535 3711 590 in

427 634 785 695 conSpcctum
819 642 980 683 suum
1024 624 1210 684 venire
1248 638 1550 700 pateretur,
1596 644 1743 684 nunc
1795 638 2011 699 tempus
2049 636 2136 685 est
2162 646 2617 691 commemorare.

971 746 1083 818 eo
1118 746 1269 803 CAP.
1311 748 1476 805 xxv.

2708 757 2957 810 ΚΕΦΑΔ.
3010 755 3138 810 KE'.

499 833 580 890 De
623 838 957 915 presbytero,
988 841 1078 909 qui
1141 856 1359 911 operam
1405 843 1617 897 novavit
1674 851 1734 895 ut
1789 841 1952 899 Arius

2146 847 2269 916 Περὶ
2290 846 2397 901 τοῦ
2430 847 2863 917 πρεσϐυτέρου,
2916 847 3025 901 τοῦ
3055 844 3523 908 σπουδάσαντος
3573 843 3717 897 ἁνα-

1048 918 1403 967 revocaretur.
1432 940 1437 947 ν

506 996 902 1056 Constantinus
940 1000 1074 1072 imp.
1102 1017 1351 1059 sororem
1379 1005 1594 1070 habuit,
1627 1004 1850 1059 nomine
1882 1002 2024 1060 Con-

433 1091 915 1164 stantiam.,Nupta
942 1094 1060 1150 haec
1092 1096 1226 1159 olim
1251 1096 1433 1153 fuerat
1468 1096 1708 1162 Licinio,
1739 1097 1837 1168 qui
1871 1095 2027 1167 prius

431 1182 654 1254 quidem
695 1201 804 1253 una
831 1202 956 1241 cum
983 1186 1347 1245 Constantino
1374 1190 1743 1261 imperaverat
1776 1227 1791 1255 ,
1832 1195 2025 1261 postea

431 1292 566 1332 vero
595 1276 665 1333 ad
710 1279 1058 1351 tyrannidem
1084 1283 1395 1354 prolapsus,
1425 1300 1546 1341 eam
1579 1283 1652 1338 ob
1680 1297 1903 1339 causam
1944 1281 2028 1337 in-

433 1369 698 1427 terfectus
721 1379 828 1428 est.
861 1372 1004 1428 Huic
1028 1373 1318 1431 familiaris
1342 1382 1462 1431 erat
1480 1375 1771 1449 presbyter
1800 1373 2028 1446 quidam

432 1459 651 1517 Arianae
678 1461 871 1520 favens
910 1472 1107 1533 sectae;
1152 1466 1400 1538 adeoque
1429 1467 1575 1523 inter
1601 1468 1723 1539 ejus
1761 1465 2027 1521 domesti-

435 1567 532 1608 cos
573 1553 926 1609 censebatur.
971 1556 1081 1611 Iste
1115 1544 1286 1628 igitur
1317 1558 1387 1613 ab
1432 1558 1675 1617 Eusebio
1703 1566 1762 1614 et
1798 1557 2030 1627 reliquis

434 1645 688 1716 ejusdem
728 1646 986 1703 factionis
1039 1648 1330 1719 impulsus,
1381 1651 1440 1705 in
1480 1648 1848 1723 familiaribus
1903 1664 2031 1704 cum

435 1736 757 1794 Constantia
778 1738 1090 1810 colloquiis,
1111 1755 1423 1797 sermonem
1444 1740 1768 1796 interseruit
1783 1739 1853 1797 de
1867 1740 2029 1807 Ario;

439 1827 597 1883 illum
625 1829 831 1901 injuria
861 1831 1121 1887 affectum
1146 1848 1266 1889 esse
1286 1833 1479 1891 dicens
1507 1848 1540 1889 a
1571 1832 1803 1905 synodo,
1835 1848 1939 1887 nec
1960 1832 2036 1889 ita

440 1920 651 1977 sentire
691 1929 754 1978 ut
800 1938 1022 1979 rumore
1066 1923 1212 1994 vulgi
1262 1924 1563 1980 ferebatur.
1600 1923 1738 1991 Qua:
1775 1938 1899 1980 cum
1931 1939 2032 1980 au-

441 2011 615 2068 disset
636 2011 979 2080 Constantia,
1010 2004 1339 2086 presbytero
1389 2018 1616 2091 quidem
1649 2018 1809 2077 facile
1850 2018 2033 2075 credi-

441 2104 561 2159 dit:
587 2104 684 2161 sed
715 2106 1036 2177 imperatori
1063 2108 1249 2165 dicere
1280 2109 1510 2166 minime
1540 2127 1671 2167 ausa
1692 2120 1797 2171 est.
1823 2111 2036 2168 Accidit

370 2242 375 2245 Α
443 2199 657 2256 interea
682 2209 742 2255 ut
760 2200 1084 2258 Constantia
1110 2202 1168 2258 in
1196 2218 1419 2275 gravem
1454 2207 1711 2262 morbum
1742 2207 2029 2267 incideret.

442 2291 579 2348 Eam
610 2293 911 2366 imperator
935 2304 1295 2368 aegrotantem
1319 2297 1539 2353 assidue
1578 2299 1869 2357 invisebat.
1897 2298 2034 2355 Cum

443 2393 631 2441 autem
690 2388 921 2443 morbus
973 2389 1221 2458 quotidie
1265 2389 1699 2459 ingravesceret,
1745 2398 1802 2447 et
1835 2391 2036 2446 mulier

444 2485 682 2531 mortem
732 2478 843 2549 jam
906 2485 1272 2549 exspectaret,
1320 2480 1642 2551 imperatori
1688 2482 2039 2537 commendat

397 2575 402 2581 '
445 2565 853 2637 presbyterum,
888 2567 1217 2627 industriam
1246 2572 1366 2642 ejus
1401 2587 1465 2626 ac
1498 2571 1842 2642 religionem,
1868 2572 2037 2627 devo-

446 2664 669 2727 tamque
694 2657 961 2729 principis
994 2659 1264 2731 obsequio
1294 2660 1458 2716 ﬁdem
1497 2676 1561 2716 ac
1595 2661 2039 2717 benevolentiam

448 2748 771 2804 testimonio
837 2764 938 2806 suo
994 2751 1345 2813 confirmans.
1393 2753 1462 2808 Et
1504 2753 1595 2808 illa
1643 2753 1867 2824 quidem
1930 2768 2041 2807 non

449 2842 625 2896 multo
657 2850 781 2913 post
803 2843 915 2898 fato
942 2842 1133 2901 functa
1161 2852 1266 2899 est.
1308 2844 1604 2916 Presbyter
1624 2860 1756 2900 vero
1782 2844 1929 2899 inter
1957 2844 2041 2898 fa-

448 2934 848 3001 miliarissimos
900 2935 1250 3012 imperatoris
1296 2936 1559 3006 deinceps
1613 2936 1808 2991 haberi
1853 2935 2039 3007 coepit.

2596 918 2901 987 κληθῆναι
2958 920 3205 985 Ἀρειον.

2196 1005 2306 1066 Ἦν
2345 1012 2546 1084 ἀδελφὴ
2597 1011 2675 1084 τῷ
2730 1011 2940 1083 βασιλεῖ
2992 1008 3422 1078 Κωνσταντίνῳ,
3478 1006 3716 1076 τοῦνομα

2127 1103 2501 1157 Κωνσταντία.
2544 1102 2685 1174 Γυνὴ
2710 1103 2766 1156 δὲ
2801 1104 3041 1171 ἐγεγόνει
3062 1098 3358 1164 Λικιννίου,
3392 1096 3488 1151 τοῦ
3518 1097 3719 1167 πρότευ

2132 1212 2220 1266 ρον
2251 1196 2349 1266 μὲν
2372 1194 2905 1267 συμϐασιλεύσαντος
2928 1193 3078 1265 αὐτῷ
3098 1191 3513 1262 Κωνσταντινῳ,
3547 1206 3713 1260 μετα-

2126 1286 2298 1340 ταῦτα
2326 1286 2384 1339 δὲ
2409 1286 2868 1358 τυραννήσαντος,
2918 1283 3013 1340 καὶ
3048 1279 3293 1337 διατοῦτο
3315 1279 3716 1351 ἀναιρεθέντος.

2130 1376 2318 1451 Ταύτῃ
2347 1377 2720 1449 πρεσϐύτερός
2750 1393 2834 1439 τις
2874 1374 2955 1447 τῷ
2996 1372 3289 1446 ’Δρειανῶν
3321 1371 3720 1444 προσκείμενος

2129 1465 2381 1535 δόγματι,
2415 1463 2691 1536 γνώριμος
2710 1459 2802 1535 ἦν,
2841 1464 2936 1517 καὶ
2962 1464 3021 1515 ὲν
3044 1464 3156 1526 τοῖς
3179 1462 3403 1524 οἰκείοις
3439 1462 3721 1516 ἐτάττετο.

2144 1557 2539 1622 ’Υποὸαλόντος
2563 1553 2656 1613 οὖν
2679 1557 2943 1613 Εὑσεὸίου
2972 1555 3195 1610 καὶτῶν
3217 1556 3311 1609 σὺν
3337 1553 3506 1626 αὐτῷ,
3530 1554 3725 1622 λόγους

2133 1652 2261 1723 περὶ
2298 1650 2509 1722 Ἀρείου
2533 1650 2671 1722 πρὸς
2699 1651 2798 1721 τὴν
2826 1652 3062 1717 γυναῖκα
3084 1647 3480 1718 παρέσπειρεν,
3527 1645 3722 1716 ὴδικῆ..

2136 1743 2259 1798 σθαι
2287 1743 2511 1813 φάσκων
2541 1742 2702 1797 αὐτὸν
2726 1742 2831 1795 ὑπὸ
2861 1742 2960 1812 τῆς
2987 1723 3363 1805 συνόδουδκαὶ
3396 1738 3472 1811 μὴ
3500 1741 3725 1809 φρονεῖν

2134 1834 2211 1898 ὡς
2256 1832 2384 1903 περὶ
2425 1829 2589 1885 αὐτοῦ
2642 1831 2799 1900 λόγος
2859 1830 3100 1901 κατέχει.
3150 1828 3335 1884 Ταῦτα
3379 1827 3660 1882 ἀκούσασα
3684 1829 3725 1897 ἡ

2134 1906 2510 1986 Κωνσταντία,
2554 1921 2633 1991 τῷ
2670 1920 2768 1991 μὲν
2812 1919 3168 1991 πρεσϐυτέρῳ
3198 1920 3486 1974 ⁴ἐπίστευσε
3513 1934 3526 1949 ·
3561 1917 3639 1987 τῷ
3666 1917 3731 1973 δὲ

2139 2012 2347 2083 βασιλεῖ
2375 2013 2555 2081 λέγειν
2582 2013 2683 2066 οὐκ
2704 2011 2924 2083 ἐτόλμα.
2944 2011 3239 2082 Συμϐαίνει
3268 2012 3326 2064 δὲ
3348 2010 3558 2081 χαλεπῇ
3584 2010 3728 2079 νόσῳ

2139 2107 2454 2176 περιπεσεῖν
2474 2102 2573 2175 τὴν
2598 2104 3007 2167 Κωνσταντεαν.
3042 2103 3099 2156 '0
3120 2102 3176 2155 δὲ
3202 2101 3454 2172 βασιλεὺς
3485 2100 3729 2169 συνεχῶς

2136 2194 2527 2268 ἀρρωστοῦσαν
2558 2193 2727 2266 αὐτὴν
2751 2193 3144 2249 ἐπεσκέπτετο.
3185 2191 3406 2263 Ἐπειδὴ
3434 2191 3491 2245 δὲ
3525 2191 3558 2260 ἠ
3587 2189 3726 2259 γυνὴ

2138 2290 2201 2342 ἐκ
2229 2288 2327 2359 τῆς
2348 2288 2505 2342 νόσου
2527 2286 2906 2358 χαλεπώτερον
2931 2283 3165 2356 διετέθη,
3185 2284 3439 2355 θνήσκειν
3465 2282 3522 2337 δὲ
3550 2298 3727 2351 προσ-

2137 2378 2317 2441 εδόκα,
2345 2377 2850 2449 παρακατατιθεται
2885 2376 2963 2447 τῷ
2995 2374 3206 2446 βασιλεῖ
3225 2375 3317 2428 τὸν
3332 2373 3728 2447 πρεσϐύτερον,

2143 2470 2499 2544 μαρτυροῦσα
2521 2469 2668 2542 αύτῷ
2704 2470 2936 2539 σπουδὴν
2960 2469 3056 2523 καὶ
3078 2467 3383 2531 εὐλάϐειαν,
3416 2466 3511 2520 καὶ
3539 2466 3614 2530 ὡς
3642 2464 3733 2518 εύ-

2140 2579 2262 2626 νους
2291 2561 2375 2633 εἴη
2412 2563 2541 2633 περὶ
2566 2561 2665 2633 τὴν
2704 2560 2979 2631 βασιλείαν
3012 2558 3200 2615 αὐτοῦ.
3257 2559 3322 2611 Ἦ
3358 2557 3456 2629 μὲν
3481 2552 3576 2612 οὖν
3606 2558 3730 2628 μετ’

2140 2654 2200 2708 ού
2224 2653 2356 2707 πολὺ
2375 2653 2645 2724 τεθνήκει.
2680 2653 2738 2707 '0
2757 2653 2812 2706 δὲ
2837 2652 3210 2724 πρεσϐύτερος
3241 2652 3297 2704 ἐν
3326 2652 3438 2713 τοῖς
3459 2649 3730 2703 οἰκειοτά-

2140 2762 2252 2808 τοις
2285 2743 2379 2797 τοῦ
2420 2743 2684 2815 βασιλέως
2723 2745 2993 2799 ἐτάττετο.
3026 2742 3139 2796 Καὶ
3179 2741 3243 2812 δὴ
3279 2740 3598 2812 καταϐραχὺ
3628 2740 3728 2811 τὴν

2145 2837 2455 2910 παρρησίαν
2499 2836 2764 2907 αὐξήσας,
2814 2837 2942 2900 τοὺς
2975 2836 3174 2899 αὐτοὺς
3229 2834 3487 2905 ἀναφέρει
3536 2833 3731 2902 λόγους

2144 2930 2272 3000 περὶ
2304 2929 2398 2982 τοῦ
2436 2930 2643 3002 Ἀρείου
2677 2928 2755 3000 τῷ
2782 2927 2993 3000 βασιλεῖ
3012 2969 3025 2991 ,
3071 2922 3151 2992 οἷς
3197 2926 3333 2999 πρὸς
3361 2927 3461 2997 τὴν
3492 2925 3731 2994 ἀδελφὴν

448 3025 553 3094 Qui
580 3028 840 3098 paulatim
864 3030 1127 3102 majorem
1144 3035 1340 3085 nactus
1357 3028 1767 3094 auctoritatem,
1787 3029 2041 3084 eumdem

2146 3022 2417 3092 ἐχρήσατο
2484 3021 2778 3094 πρότερον·
2850 3019 3076 3099 φάσκων
3135 3019 3208 3090 μὴ
3263 3018 3438 3083 ἄλλως
3505 3021 3729 3091 φρονεῖν

450 3117 519 3173 de
545 3118 677 3174 Ario
708 3135 1019 3176 sermonem
1047 3120 1290 3193 suggerit
1319 3119 1664 3190 imperatori,
1695 3135 1861 3190 quem
1885 3124 2041 3177 antea

2148 3116 2363 3183 Ἀρειον
2383 3153 2398 3179 ,
2423 3113 2458 3184 ἢ
2486 3113 2513 3165 ὃ
2531 3115 2598 3185 τῇ
2631 3111 2835 3183 συνόδῳ
2856 3111 3038 3177 δοκεῖ,
3063 3110 3285 3165 ἐλθόντα
3318 3128 3376 3164 τε
3407 3110 3568 3164 αὑτὸν
3585 3110 3735 3163 κατὰ

451 3225 577 3265 cum
619 3226 808 3268 sorore
861 3213 983 3284 ejus
1027 3212 1322 3277 habuerat,
1366 3211 1560 3271 Arium
1609 3211 1887 3269 afﬁrmans
1935 3227 2041 3267 non

2147 3207 2460 3277 πρόσωπον,
2495 3203 2836 3257 συντίθεσθαι
2864 3203 3095 3268 τούτοις,
3122 3202 3216 3256 καὶ
3240 3203 3314 3273 μὴ
3341 3201 3735 3281 ἁλόγωςήσυκο-

452 3301 601 3357 aliud
635 3304 843 3359 sentire
868 3319 1033 3374 quam
1056 3302 1205 3373 quod
1230 3320 1260 3357 a
1278 3303 1491 3374 synodo
1513 3304 1800 3358 decretum
1817 3302 2041 3370 fuisset;

2148 3296 2467 3369 φαντεῖσθαι
2485 3296 2696 3360 τούτοις
2724 3295 2859 3368 (55).
2884 3292 3020 3349 Ξένα
3045 3295 3439 3365 καταφαίνεται
3472 3293 3551 3365 τῷ
3577 3294 3736 3363 βατι-

453 3401 510 3449 et
534 3395 579 3449 si
613 3394 669 3448 in
692 3401 1055 3469 conspectum
1081 3395 1256 3465 ipsius
1287 3394 1700 3461 admitteretur,
1731 3394 1925 3465 synodi
1955 3394 2041 3450 de-

2148 3390 2232 3444 λεῖ
2276 3390 2344 3444 τὰ
2376 3387 2528 3461 παρὰ
2573 3387 2669 3442 τοῦ
2734 3387 3109 3459 πρεσϐυτέρου
3162 3387 3467 3457 λεγόμενα*
3523 3387 3615 3440 mi.
3670 3385 3735 3440 Et

455 3484 623 3541 cretis
660 3500 1060 3540 consensurum
1094 3501 1251 3551 esse,
1293 3493 1350 3540 et
1386 3486 1711 3557 sine‘causa
1752 3501 1879 3542 eum
1908 3485 2041 3542 falso

2154 3483 2392 3554 Ἀρειος,
2415 3480 2542 3554 ἔφη,
2573 3480 2875 3535 συντίθεται
2904 3483 2969 3552 τῇ
2995 3479 3216 3551 συνόδῳ,
3237 3480 3331 3534 καὶ
3361 3481 3409 3533 εἰ
3430 3479 3496 3533 τὰ
3516 3479 3737 3549 ἐκείνης

457 3574 783 3631 insimulari.
824 3574 976 3631 Nova
1013 3582 1179 3645 atque
1208 3572 1534 3631 admiranda
1570 3575 1889 3646 imperatori
1925 3576 2041 3633 visa

2151 3576 2357 3644 φρονεῖ,
2392 3572 2682 3645 δέξομαίτε
2708 3572 2871 3626 αὐτὸν
2901 3574 2980 3635 εἰς
3012 3571 3323 3642 πρόσωπον,
3358 3572 3452 3631 καὶ
3472 3571 3576 3624 σὺν
3594 3573 3734 3642 τιμῇ

457 3676 589 3723 sunt
628 3683 750 3739 quae
782 3684 815 3723 a
858 3667 1189 3741 presbytero
1228 3666 1576 3725 dicebantur.
1626 3667 1717 3724 Sic
1749 3669 1916 3740 igitur
1950 3668 2041 3724 ille

2150 3664 2421 3737 ἐκπέμψω
2451 3664 2544 3717 ἐπὶ
2584 3663 2682 3734 τὴν
2726 3661 3151 3734 Ἀλεξάνδρειαν.
3197 3659 3383 3715 Ταῦτα
3412 3660 3588 3730 ἔλεγε,
3638 3662 3738 3715 καὶ

456 3757 740 3827 respondit
766 3757 1124 3829 presbytero:
1156 3757 1213 3813 Si
1232 3756 1396 3813 Arius
1416 3758 1656 3815 decretis
1688 3758 1883 3830 synodi
1910 3759 2041 3814 sub-

2151 3757 2350 3811 αύτξκα
2377 3756 2513 3827 πρὸς
2546 3755 2708 3811 αὐτὸν
2740 3754 2946 3827 ἔγραφε
2969 3753 3095 3809 τάδε
3116 3768 3129 3783 ’

456 3850 667 3916 sCribit,
706 3858 763 3905 et
793 3850 985 3907 eadem
1019 3853 1186 3907 sentit
1233 3867 1358 3907 cum
1428 3853 1657 3926 synodo,
1710 3869 1837 3909 eum
1880 3855 1940 3909 in
1976 3860 2330 3924 conspectum
2360 3866 2544 3907 meum
2587 3848 2871 3908 admittam
2906 3850 3107 3918 libens,
3155 3857 3366 3906 etcum
3402 3847 3614 3905 honore
3641 3862 3740 3904 re-

456 3942 667 3997 mittam
693 3942 1100 3999 Alexandriam.
1125 3943 1511 4013 Haeclocutus,
1544 3945 1834 4003 confestim
1866 3947 1935 4003 ad
1962 3947 2116 4003 illum
2151 3944 2374 4015 scripsit
2395 3945 2452 3999 in
2475 3944 2624 4010 hunc
2649 3942 2872 3999 modum
2903 3960 2917 4001 ι

630 4052 803 4108 Victor
847 4052 1248 4180 Constantina:
1282 4055 1567 4140 .Maximus.
1605 4056 1897 4129 Augustus,

1251 4143 1348 4179 no.

1251 4143 1348 4179 1⁵10.

526 4213 864 4284 Jampridem
906 4216 1162 4285 gravitati
1206 4223 1313 4271 tuae.
1348 4216 1717 4288 significatum
1743 4226 1847 4283 est,
1888 4226 1951 4274 ut
1984 4218 2053 4273 ad

458 4305 782 4362 comitatum
816 4314 1067 4360 nostrum
1092 4308 1335 4373 venires,
1376 4324 1487 4379 quo
1520 4310 1820 4381 majestatis
1849 4320 2053 4368 nostrae
2082 4332 2089 4341 ί

460 4398 762 4461 conspectu
790 4390 1003 4463 perfrui
1031 4390 1243 4464 posSes.
1281 4394 1390 4451 Sed
1414 4396 1604 4452 mirari
1626 4398 1761 4454 satis
1788 4415 1898 4457 non
1920 4416 2051 4471 ρος-ν

461 4498 654 4538 sumus
697 4482 847 4554 quod
895 4482 1187 4541 confestim
1236 4483 1292 4543 id
1349 4500 1462 4545 non
1510 4488 1849 4557 prestiteris.
1908 4490 2053 4546 Con-

462 4586 656 4628 scenso
682 4572 851 4644 igitur
874 4572 1137 4629 vehiculo
1177 4574 1423 4647 publico,
1460 4575 1529 4630 ad
1581 4577 1903 4633 comitatum
1944 4595 2049 4636 no-

463 4672 639 4718 strum
679 4665 868 4720 venire
912 4664 1184 4733 accelera,
1230 4672 1291 4721 ut
1326 4674 1568 4721 nostram
1605 4667 1952 4727 clementiam
1988 4687 2053 4733 ac

464 4756 885 4812 beneﬁcentiam
930 4766 1213 4827 expertus,
1257 4756 1315 4811 in
1356 4760 1589 4828 patriam
1621 4762 1823 4816 reverti
1849 4763 2047 4832 possis.

464 4848 735 4903 Divinitas
769 4858 825 4903 te
870 4855 1074 4915 servet,
1117 4847 1293 4905 frater
1326 4849 1704 4908 dilectissime.
1746 4854 1881 4908 Data
1925 4861 2052 4912 ante

2154 4055 2424 4125 Νικητὴς
2464 4055 2954 4180 Κωνσταντῖνιξ,
2985 4053 3304 4178 [Μέγιστος
3331 4094 3346 4121 ,
3406 4052 3741 4120 Σεϐαστὸς,

2917 4143 2982 4180 οε
3006 4142 3072 4180 ω.

2909 4142 3072 4195 peto).

2224 4219 2399 4273 Πάλαι
2431 4218 2531 4290 μὲν
2568 4217 2813 4290 ἐδηλώθη
2859 4221 2925 4290 τῇ
2961 4216 3277 4290 στερρότητι
3316 4234 3432 4282 σου,
3485 4217 3633 4279 ὅπως
3669 4216 3743 4270 ἂν

2150 4313 2231 4375 εἰς
2255 4311 2316 4365 τὸ
2336 4311 2468 4381 ἐμὸν
2503 4310 2866 4381 στρατόπεδον
2913 4309 3151 4379 ἀφίκοιο,
3201 4309 3289 4362 ἵνα
3326 4308 3426 4379 τῆς
3457 4309 3745 4381 ἡμετέρας

2150 4402 2277 4467 θέας
2330 4401 2636 4458 ἀπολαῦσαι
2659 4401 2964 4475 δυνηθείης.
2999 4402 3366 4473 Θαυμάζομεν
3391 4401 3449 4455 δὲ
3479 4402 3692 4472 σφόδρα
3724 4441 3745 4467 ,

2154 4494 2231 4565 μὴ
2250 4495 2591 4566 παραχρῆμα
2615 4494 2775 4547 τοῦτο
2802 4493 3164 4565 πεποιηκότα.
3189 4494 3390 4565 Διόπερ
3409 4492 3507 4546 νῦν
3537 4492 3748 4557 ἐπιϐὰς

2149 4585 2423 4657 ὀχήματος
2477 4584 2739 4656 δημοσίου
2764 4624 2780 4651 ,
2835 4585 2915 4648 εις
2946 4583 3007 4637 τὸ
3060 4582 3327 4657 ἡμέτερον
3378 4584 3751 4656 στρατόπεδον

2151 4675 2445 4745 ἀφικέσθαι
2473 4674 2785 4747 ὲπείχθητι·
2812 4677 2959 4740 ὅπως
2989 4675 3056 4730 ἂν
3083 4676 3184 4748 τῆς
3208 4676 3338 4748 παρ’
3366 4676 3524 4748 ἡμῶν
3566 4676 3751 4747 εὐμε-

2150 4768 2301 4831 νείας
2332 4784 2394 4821 τε
2414 4768 2511 4822 καὶ
2538 4768 2859 4841 ἐπιμελείας
2874 4765 3075 4840 τυχὼν,
3106 4769 3199 4822 ἐπὶ
3228 4769 3327 4841 τὴν
3349 4769 3585 4841 πατρίδα
3632 4770 3754 4840 ἀφ-

2155 4858 2367 4912 ικέσθαι
2399 4858 2652 4932 δυνηθῇς,
2701 4861 2761 4913 '0
2793 4858 2926 4924 Θεός
2961 4877 3020 4914 σε
3061 4859 3429 4931 διαφυλάττοι,
3464 4863 3749 4931 ἀγαπητὰ

1669 5007 1939 5064 VALESII
1977 5008 2532 5071 ANNOTATIONES.

539 5089 650 5176 (:55)
686 5091 795 5145 Καὶ
823 5090 912 5176 μὴ
937 5094 1173 5176 ἁλ-ότως
1216 5097 1731 5176 ςυκοφανέζεῒσᾲαι
1783 5101 2041 5176 τούτοις.

2152 5105 2199 5161 si
2227 5105 2517 5176 presbyter
2548 5105 2643 5161 ille
2664 5106 2844 5176 gratia
2865 5115 2922 5162 et
2951 5107 3280 5162 auctoritate
3321 5115 3535 5162 tantum
3560 5111 3754 5165 valuit

466 5162 669 5219 Ultima
701 5177 809 5219 vox
828 5162 1073 5221 delenda
1096 5172 1198 5223 est.
1238 5162 1413 5232 Quam
1461 5169 1627 5223 etiam
1653 5168 1767 5224 Leo
1813 5162 2046 5227 Allatius

466 5233 660 5313 deesse
695 5234 909 5313 monuit
934 5233 991 5288 in
1023 5250 1124 5290 suo
1157 5236 1366 5291 codice.
1397 5236 1504 5293 Sed
1527 5248 1714 5313 utrum
1761 5248 1888 5313 post
1918 5257 2046 5297 ver-

469 5305 598 5358 bum
627 5301 996 5377 auvtiﬂssoot,
1027 5321 1097 5359 an
1149 5314 1274 5374 post
1307 5301 1780 5376 συκοφαντεῖσθαί
1803 5309 2046 5377 deesset,

466 5388 577 5453 non
605 5372 837 5431 notavit.
861 5372 1168 5453 Alterutrcf
1181 5384 1330 5432 certe
1348 5378 1436 5453 _in
1457 5372 1592 5453 loco
1635 5378 1913 5453 superflua
1941 5372 2047 5436 est.

466 5444 643 5497 Porro
671 5443 1070 5523 "narrationem
1122 5445 1399 5523 istam_de
1448 5443 2049 5523 presbyterorAriano,

466 5528 632 5587 quem
665 5511 984 5587 constantia
1006 5513 1249 5587 Augusta
1280 5511 1642 5574 Constantino
1689 5519 1847 5575 fratri
1898 5511 2053 5575 com-1

467 5582 768 5647 mendavit,
796 5584 982 5640 hausit
1016 5582 1272 5643 Socrates
1301 5605 1369 5644 ex
1401 5588 1584 5644 Rufini
1616 5591 1761 5646 libro
1808 5591 2044 5645 decimo.

468 5649 601 5733 Eam
632 5660 817 5733 tamen
842 5664 1156 5733 suSpectam
1179 5656 1392 5713 habeo:
1421 5660 1668 5733 primum
1696 5660 1835 5733 _quia
1873 5661 2047 5716 Atha-

469 5723 680 5801 nasius,
704 5723 802 5793 qui
824 5723 1021 5801 omnes
1057 5723 1639 5801 Arianorumfraudes
1679 5723 1935 5801 detegere
1982 5746 2047 5801 ac

474 5788 761 5871 traducere
788 5794 1094 5871 solebﬂejus
1121 5796 1227 5871 rei_
1254 5799 1503 5871 nuspiam
1535 5799 1787 5855 meminit
1805 5788 2046 5866 deinde

473 5862 604 5932 quia
652 5876 854 5919 nomen
898 5862 1048 5923 illitis
1083 5862 1391 5939 presbyteri
1442 5862 1847 5943 supprimitur:
1893 5873 2045 5943 atqui

2152 5174 2300 5257 apud
2322 5174 2769 5257 Qonstantinum,
2800 5184 3276 5257 utntestamentum
3302 5194 3465 5233 suum
3492 5180 3756 5237 moriens

2150 5245 2204 5301 ei
2232 5245 2503 5328 traderet,
2539 5246 2741 5328 dignus
2761 5248 3012 5328 profecto
3035 5247 3140 5302 fuit
3165 5250 3325 5328 cujus
3355 5262 3560 5328 nomen
3588 5264 3757 5328 coin-

2150 5316 2574 5389 nlemoraretur.
2591 5316 2777 5389 Ruﬁni
2793 5332 2945 5381 vero,
2962 5333 3084 5389 meo
3105 5316 3330 5388 quidem
3348 5319 3582 5389 judicio,
3601 5320 3758 5377 levis

2152 5394 2239 5447 est
2267 5388 2599 5469 auctoritas,
2645 5388 2851 5457 quippe
2870 5388 2978 5469 qui
3012 5389 3312 5469 Historiam
3354 5388 3515 5444 Suam
3562 5392 3758 5460 negli-

2155 5464 2348 5528 genter
2369 5456 2668 5513 admodum
2695 5456 3110 5528 conscripserit,
3136 5475 3247 5514 non
3291 5474 3360 5513 ex
3401 5456 3753 5514 monumen—

2158 5527 2229 5580 tis
2252 5541 2439 5581 rerum
2462 5536 2764 5597 gestarum,
2789 5528 2887 5584 sed
2911 5527 2982 5583 ex
3009 5529 3275 5585 fabulosis
3296 5529 3751 5597 narrationibus,

2156 5604 2233 5659 et,
2262 5603 2319 5650 ut
2347 5596 2534 5653 Graece
2561 5600 2764 5671 dicam,
2788 5601 2853 5671 εκ
2880 5600 3378 5671 παρακουσμᾴτων.
3404 5600 3552 5671 Pene
3591 5596 3755 5655 omi+

2154 5681 2334 5739 seram
2363 5684 2593 5725 monere
2620 5669 3079 5739 delendamesse,
3100 5669 3351 5739 hociloco
3399 5669 3754 5739 particulam

2153 5736 2626 5812 negativam.»Pro
2663 5755 2777 5812 _qua
2818 5737 3060 5796 Savilius
3103 5748 3161 5805 et
3193 5736 3755 5812 Christophorsonus

2152 5806 2340 5878 legunt
2365 5810 2458 5864 καὶ
2489 5810 2551 5882 δὴ
2578 5806 2807 5881 ἁλόῩως,
2836 5815 2947 5867 etc.
3418 5806 3439 5823 ἡ
