  <div class='ocr_page' id='page_1' title='image "/cluster/home/n/w/nwhite01/storage/ocr_20150623/67/mdp.39015018620115/081.png"; bbox 0 0 4050 6348; ppageno 0'>
   <div class='ocr_carea' id='block_1_1' title="bbox 392 398 487 457">
    <p class='ocr_par' dir='ltr' id='par_1_1' title="bbox 392 398 487 457">
     <span class='ocr_line' id='line_1_1' title="bbox 392 398 487 457; baseline -0.021 0"><span class='ocrx_word' id='word_1_1' title='bbox 392 398 487 457; x_wconf 68' lang='grc'><strong>151</strong></span> 
     </span>
    </p>
   </div>
   <div class='ocr_carea' id='block_1_2' title="bbox 1755 361 2182 455">
    <p class='ocr_par' dir='ltr' id='par_1_2' title="bbox 1755 361 2182 455">
     <span class='ocr_line' id='line_1_2' title="bbox 1755 361 2182 455; baseline -0.007 1"><span class='ocrx_word' id='word_1_2' title='bbox 1755 361 1757 364; x_wconf 18' lang='grc'><em>⁴</em></span> <span class='ocrx_word' id='word_1_3' title='bbox 1849 398 2182 455; x_wconf 76' lang='lat' dir='ltr'><strong>SOCRATIS</strong></span> 
     </span>
    </p>
   </div>
   <div class='ocr_carea' id='block_1_3' title="bbox 3541 384 3653 446">
    <p class='ocr_par' dir='ltr' id='par_1_3' title="bbox 3541 384 3653 446">
     <span class='ocr_line' id='line_1_3' title="bbox 3541 384 3653 446; baseline 0.009 -2"><span class='ocrx_word' id='word_1_4' title='bbox 3541 384 3653 446; x_wconf 53' lang='lat' dir='ltr'><strong>ISS-</strong></span> 
     </span>
    </p>
   </div>
   <div class='ocr_carea' id='block_1_4' title="bbox 381 509 1945 588">
    <p class='ocr_par' dir='ltr' id='par_1_4' title="bbox 381 517 1945 588">
     <span class='ocr_line' id='line_1_4' title="bbox 381 517 1945 588; baseline -0.002 -15"><span class='ocrx_word' id='word_1_5' title='bbox 381 533 512 573; x_wconf 85' lang='lat' dir='ltr'><strong>vere</strong></span> <span class='ocrx_word' id='word_1_6' title='bbox 562 517 893 588; x_wconf 76' lang='lat' dir='ltr'><strong>suscipimus</strong></span> <span class='ocrx_word' id='word_1_7' title='bbox 951 519 1164 574; x_wconf 85' lang='lat' dir='ltr'><strong>Patrem</strong></span> <span class='ocrx_word' id='word_1_8' title='bbox 1217 528 1270 572; x_wconf 91' lang='lat' dir='ltr'><strong>et</strong></span> <span class='ocrx_word' id='word_1_9' title='bbox 1317 518 1513 573; x_wconf 87' lang='lat' dir='ltr'><strong>Filium</strong></span> <span class='ocrx_word' id='word_1_10' title='bbox 1559 526 1626 572; x_wconf 85' lang='lat' dir='ltr'><strong>et</strong></span> <span class='ocrx_word' id='word_1_11' title='bbox 1667 518 1945 587; x_wconf 77' lang='lat' dir='ltr'><strong>.Spiritun</strong></span> 
     </span>
    </p>
   </div>
   <div class='ocr_carea' id='block_1_5' title="bbox 2049 509 3638 588">
    <p class='ocr_par' dir='ltr' id='par_1_5' title="bbox 2071 509 3638 584">
     <span class='ocr_line' id='line_1_5' title="bbox 2071 509 3638 584; baseline -0.003 -15"><span class='ocrx_word' id='word_1_12' title='bbox 2071 519 2205 584; x_wconf 85' lang='grc' dir='ltr'>τρὸς</span> <span class='ocrx_word' id='word_1_13' title='bbox 2232 510 2331 569; x_wconf 82' lang='grc' dir='ltr'><strong>καί</strong></span> <span class='ocrx_word' id='word_1_14' title='bbox 2367 515 2468 572; x_wconf 80' lang='grc' dir='ltr'>τοῦ</span> <span class='ocrx_word' id='word_1_15' title='bbox 2507 513 2637 569; x_wconf 77' lang='grc' dir='ltr'><strong>Υἱοῦ</strong></span> <span class='ocrx_word' id='word_1_16' title='bbox 2669 516 2767 571; x_wconf 76' lang='grc' dir='ltr'>καὶ</span> <span class='ocrx_word' id='word_1_17' title='bbox 2795 509 2902 566; x_wconf 78' lang='grc' dir='ltr'>τοῦ</span> <span class='ocrx_word' id='word_1_18' title='bbox 2934 511 3106 582; x_wconf 76' lang='grc' dir='ltr'>ἁγίου</span> <span class='ocrx_word' id='word_1_19' title='bbox 3137 510 3480 579; x_wconf 75' lang='grc' dir='ltr'>Πνεὺμειτος</span> <span class='ocrx_word' id='word_1_20' title='bbox 3505 510 3638 580; x_wconf 64' lang='grc'><strong>(55].</strong></span> 
     </span>
    </p>
   </div>
   <div class='ocr_carea' id='block_1_6' title="bbox 382 608 1958 680">
    <p class='ocr_par' dir='ltr' id='par_1_6' title="bbox 382 608 1958 680">
     <span class='ocr_line' id='line_1_6' title="bbox 382 608 1958 680; baseline 0.001 -18"><span class='ocrx_word' id='word_1_21' title='bbox 382 613 634 664; x_wconf 87' lang='lat' dir='ltr'><strong>sanctum</strong></span> <span class='ocrx_word' id='word_1_22' title='bbox 656 649 670 675; x_wconf 94' lang='lat'><strong>,</strong></span> <span class='ocrx_word' id='word_1_23' title='bbox 697 609 841 663; x_wconf 84' lang='lat' dir='ltr'><strong>sicut</strong></span> <span class='ocrx_word' id='word_1_24' title='bbox 862 609 1041 663; x_wconf 89' lang='lat' dir='ltr'><strong>omnis</strong></span> <span class='ocrx_word' id='word_1_25' title='bbox 1072 609 1340 664; x_wconf 86' lang='lat' dir='ltr'><strong>catholica</strong></span> <span class='ocrx_word' id='word_1_26' title='bbox 1363 609 1686 664; x_wconf 83' lang='lat' dir='ltr'><strong>Ecclesia’et</strong></span> <span class='ocrx_word' id='word_1_27' title='bbox 1707 608 1958 680; x_wconf 90' lang='lat' dir='ltr'><strong>Scriptu-</strong></span> 
     </span>
    </p>
   </div>
   <div class='ocr_carea' id='block_1_7' title="bbox 380 697 1958 772">
    <p class='ocr_par' dir='ltr' id='par_1_7' title="bbox 380 697 1958 772">
     <span class='ocr_line' id='line_1_7' title="bbox 380 697 1958 772; baseline 0.004 -21"><span class='ocrx_word' id='word_1_28' title='bbox 380 715 455 752; x_wconf 77' lang='lat' dir='ltr'><strong>ra:</strong></span> <span class='ocrx_word' id='word_1_29' title='bbox 481 697 702 766; x_wconf 79' lang='lat' dir='ltr'><strong>docent,</strong></span> <span class='ocrx_word' id='word_1_30' title='bbox 727 699 932 769; x_wconf 86' lang='lat' dir='ltr'><strong>quibus</strong></span> <span class='ocrx_word' id='word_1_31' title='bbox 953 717 1052 770; x_wconf 88' lang='lat' dir='ltr'><strong>per</strong></span> <span class='ocrx_word' id='word_1_32' title='bbox 1074 701 1257 755; x_wconf 83' lang='lat' dir='ltr'><strong>omnia</strong></span> <span class='ocrx_word' id='word_1_33' title='bbox 1291 699 1573 756; x_wconf 86' lang='lat' dir='ltr'><strong>credimus</strong></span> <span class='ocrx_word' id='word_1_34' title='bbox 1593 743 1607 768; x_wconf 92' lang='lat'><strong>,</strong></span> <span class='ocrx_word' id='word_1_35' title='bbox 1649 701 1822 772; x_wconf 83' lang='lat' dir='ltr'><strong>judex</strong></span> <span class='ocrx_word' id='word_1_36' title='bbox 1854 717 1958 756; x_wconf 89' lang='lat' dir='ltr'><strong>no-</strong></span> 
     </span>
    </p>
   </div>
   <div class='ocr_carea' id='block_1_8' title="bbox 377 789 1959 862">
    <p class='ocr_par' dir='ltr' id='par_1_8' title="bbox 377 789 1959 862">
     <span class='ocr_line' id='line_1_8' title="bbox 377 789 1959 862; baseline 0.003 -21"><span class='ocrx_word' id='word_1_37' title='bbox 377 796 495 842; x_wconf 89' lang='lat' dir='ltr'><strong>ster</strong></span> <span class='ocrx_word' id='word_1_38' title='bbox 514 795 600 843; x_wconf 92' lang='lat' dir='ltr'><strong>est</strong></span> <span class='ocrx_word' id='word_1_39' title='bbox 622 789 768 843; x_wconf 90' lang='lat' dir='ltr'><strong>Deus</strong></span> <span class='ocrx_word' id='word_1_40' title='bbox 792 805 939 844; x_wconf 89' lang='lat' dir='ltr'><strong>nunc</strong></span> <span class='ocrx_word' id='word_1_41' title='bbox 961 798 1017 844; x_wconf 90' lang='lat' dir='ltr'><strong>et</strong></span> <span class='ocrx_word' id='word_1_42' title='bbox 1040 790 1095 842; x_wconf 91' lang='lat' dir='ltr'><strong>in</strong></span> <span class='ocrx_word' id='word_1_43' title='bbox 1119 789 1308 845; x_wconf 83' lang='lat' dir='ltr'><strong>futuro</strong></span> <span class='ocrx_word' id='word_1_44' title='bbox 1341 790 1569 860; x_wconf 87' lang='lat' dir='ltr'><strong>judicio.</strong></span> <span class='ocrx_word' id='word_1_45' title='bbox 1611 790 1959 862; x_wconf 76' lang='lat' dir='ltr'><strong>Quapropter</strong></span> 
     </span>
    </p>
   </div>
   <div class='ocr_carea' id='block_1_9' title="bbox 377 878 1956 953">
    <p class='ocr_par' dir='ltr' id='par_1_9' title="bbox 377 878 1956 953">
     <span class='ocr_line' id='line_1_9' title="bbox 377 878 1956 953; baseline 0.005 -22"><span class='ocrx_word' id='word_1_46' title='bbox 377 878 639 947; x_wconf 72' lang='lat' dir='ltr'><strong>pietatem</strong></span> <span class='ocrx_word' id='word_1_47' title='bbox 667 887 816 933; x_wconf 89' lang='lat' dir='ltr'><strong>tuam</strong></span> <span class='ocrx_word' id='word_1_48' title='bbox 844 895 1117 950; x_wconf 83' lang='lat' dir='ltr'><strong>rogamus,</strong></span> <span class='ocrx_word' id='word_1_49' title='bbox 1141 881 1253 935; x_wconf 89' lang='lat' dir='ltr'><strong>Deo</strong></span> <span class='ocrx_word' id='word_1_50' title='bbox 1288 881 1611 938; x_wconf 84' lang='lat' dir='ltr'><strong>charissime</strong></span> <span class='ocrx_word' id='word_1_51' title='bbox 1635 884 1956 953; x_wconf 74' lang='lat' dir='ltr'><strong>imperator,</strong></span> 
     </span>
    </p>
   </div>
   <div class='ocr_carea' id='block_1_10' title="bbox 379 969 1956 1037">
    <p class='ocr_par' dir='ltr' id='par_1_10' title="bbox 379 969 1956 1037">
     <span class='ocr_line' id='line_1_10' title="bbox 379 969 1956 1037; baseline 0.004 -16"><span class='ocrx_word' id='word_1_52' title='bbox 379 977 438 1021; x_wconf 92' lang='lat' dir='ltr'><strong>ut</strong></span> <span class='ocrx_word' id='word_1_53' title='bbox 461 984 588 1023; x_wconf 88' lang='lat' dir='ltr'><strong>cum</strong></span> <span class='ocrx_word' id='word_1_54' title='bbox 610 969 972 1024; x_wconf 83' lang='lat' dir='ltr'><strong>ecclesiastici</strong></span> <span class='ocrx_word' id='word_1_55' title='bbox 1000 971 1195 1037; x_wconf 89' lang='lat' dir='ltr'><strong>simus,</strong></span> <span class='ocrx_word' id='word_1_56' title='bbox 1231 979 1288 1027; x_wconf 90' lang='lat' dir='ltr'><strong>et</strong></span> <span class='ocrx_word' id='word_1_57' title='bbox 1320 971 1486 1028; x_wconf 88' lang='lat' dir='ltr'><strong>ﬁdem</strong></span> <span class='ocrx_word' id='word_1_58' title='bbox 1510 989 1576 1029; x_wconf 90' lang='lat' dir='ltr'><strong>ac</strong></span> <span class='ocrx_word' id='word_1_59' title='bbox 1602 989 1826 1030; x_wconf 86' lang='lat' dir='ltr'><strong>sensum</strong></span> <span class='ocrx_word' id='word_1_60' title='bbox 1849 974 1956 1028; x_wconf 89' lang='lat' dir='ltr'><strong>Ec-</strong></span> 
     </span>
    </p>
   </div>
   <div class='ocr_carea' id='block_1_11' title="bbox 376 1057 1960 1136">
    <p class='ocr_par' dir='ltr' id='par_1_11' title="bbox 376 1057 1960 1136">
     <span class='ocr_line' id='line_1_11' title="bbox 376 1057 1960 1136; baseline 0.005 -24"><span class='ocrx_word' id='word_1_61' title='bbox 376 1057 560 1114; x_wconf 77' lang='lat' dir='ltr'><strong>clesiae</strong></span> <span class='ocrx_word' id='word_1_62' title='bbox 601 1068 1026 1132; x_wconf 83' lang='lat' dir='ltr'><strong>sanctarumque</strong></span> <span class='ocrx_word' id='word_1_63' title='bbox 1072 1062 1483 1136; x_wconf 89' lang='lat' dir='ltr'><strong>Scripturarum</strong></span> <span class='ocrx_word' id='word_1_64' title='bbox 1516 1074 1824 1130; x_wconf 83' lang='lat' dir='ltr'><strong>teneamus,</strong></span> <span class='ocrx_word' id='word_1_65' title='bbox 1860 1081 1960 1135; x_wconf 86' lang='lat' dir='ltr'><strong>per</strong></span> 
     </span>
    </p>
   </div>
   <div class='ocr_carea' id='block_1_12' title="bbox 375 1141 1957 1224">
    <p class='ocr_par' dir='ltr' id='par_1_12' title="bbox 375 1141 1957 1224">
     <span class='ocr_line' id='line_1_12' title="bbox 375 1141 1957 1224; baseline 0.005 -22"><span class='ocrx_word' id='word_1_66' title='bbox 375 1149 657 1219; x_wconf 84' lang='lat' dir='ltr'><strong>paciﬁcam</strong></span> <span class='ocrx_word' id='word_1_67' title='bbox 682 1166 747 1206; x_wconf 87' lang='lat' dir='ltr'><strong>ac</strong></span> <span class='ocrx_word' id='word_1_68' title='bbox 770 1141 1075 1223; x_wconf 85' lang='lat' dir='ltr'><strong>religiosam</strong></span> <span class='ocrx_word' id='word_1_69' title='bbox 1100 1154 1360 1224; x_wconf 84' lang='lat' dir='ltr'><strong>pietatem</strong></span> <span class='ocrx_word' id='word_1_70' title='bbox 1384 1163 1532 1210; x_wconf 88' lang='lat' dir='ltr'><strong>tuam</strong></span> <span class='ocrx_word' id='word_1_71' title='bbox 1557 1157 1815 1211; x_wconf 89' lang='lat' dir='ltr'><strong>uniamur</strong></span> <span class='ocrx_word' id='word_1_72' title='bbox 1837 1171 1957 1212; x_wconf 87' lang='lat' dir='ltr'><strong>ma-</strong></span> 
     </span>
    </p>
   </div>
   <div class='ocr_carea' id='block_1_13' title="bbox 374 1237 1957 1318">
    <p class='ocr_par' dir='ltr' id='par_1_13' title="bbox 374 1237 1957 1318">
     <span class='ocr_line' id='line_1_13' title="bbox 374 1237 1957 1318; baseline 0.006 -24"><span class='ocrx_word' id='word_1_73' title='bbox 374 1241 444 1295; x_wconf 86' lang='lat' dir='ltr'><strong>tri</strong></span> <span class='ocrx_word' id='word_1_74' title='bbox 467 1249 670 1298; x_wconf 68' lang='lat' dir='ltr'><strong>nostrae</strong></span> <span class='ocrx_word' id='word_1_75' title='bbox 691 1237 970 1311; x_wconf 67' lang='lat' dir='ltr'><strong>Ecclesiae,</strong></span> <span class='ocrx_word' id='word_1_76' title='bbox 997 1247 1230 1302; x_wconf 84' lang='lat' dir='ltr'><strong>sublatis</strong></span> <span class='ocrx_word' id='word_1_77' title='bbox 1256 1247 1517 1303; x_wconf 86' lang='lat' dir='ltr'><strong>videlicet</strong></span> <span class='ocrx_word' id='word_1_78' title='bbox 1556 1248 1957 1318; x_wconf 67' lang='lat' dir='ltr'><strong>quaestionibus</strong></span> 
     </span>
    </p>
   </div>
   <div class='ocr_carea' id='block_1_14' title="bbox 374 1333 1955 1409">
    <p class='ocr_par' dir='ltr' id='par_1_14' title="bbox 374 1333 1955 1409">
     <span class='ocr_line' id='line_1_14' title="bbox 374 1333 1955 1409; baseline 0.004 -22"><span class='ocrx_word' id='word_1_79' title='bbox 374 1347 439 1388; x_wconf 90' lang='lat' dir='ltr'><strong>ac</strong></span> <span class='ocrx_word' id='word_1_80' title='bbox 461 1333 936 1404; x_wconf 87' lang='lat' dir='ltr'><strong>disputationibus</strong></span> <span class='ocrx_word' id='word_1_81' title='bbox 959 1337 1254 1409; x_wconf 81' lang='lat' dir='ltr'><strong>superﬂuis</strong></span> <span class='ocrx_word' id='word_1_82' title='bbox 1278 1357 1291 1393; x_wconf 89' lang='lat'><strong>:</strong></span> <span class='ocrx_word' id='word_1_83' title='bbox 1320 1349 1382 1394; x_wconf 90' lang='lat' dir='ltr'><strong>ut</strong></span> <span class='ocrx_word' id='word_1_84' title='bbox 1402 1347 1461 1395; x_wconf 92' lang='lat' dir='ltr'><strong>et</strong></span> <span class='ocrx_word' id='word_1_85' title='bbox 1481 1355 1584 1395; x_wconf 91' lang='lat' dir='ltr'><strong>nos</strong></span> <span class='ocrx_word' id='word_1_86' title='bbox 1617 1349 1674 1394; x_wconf 90' lang='lat' dir='ltr'><strong>et</strong></span> <span class='ocrx_word' id='word_1_87' title='bbox 1709 1340 1955 1394; x_wconf 87' lang='lat' dir='ltr'><strong>Ecclesia</strong></span> 
     </span>
    </p>
   </div>
   <div class='ocr_carea' id='block_1_15' title="bbox 373 1426 1956 1500">
    <p class='ocr_par' dir='ltr' id='par_1_15' title="bbox 373 1426 1956 1500">
     <span class='ocr_line' id='line_1_15' title="bbox 373 1426 1956 1500; baseline 0.004 -22"><span class='ocrx_word' id='word_1_88' title='bbox 373 1433 619 1493; x_wconf 88' lang='lat' dir='ltr'><strong>mutuam</strong></span> <span class='ocrx_word' id='word_1_89' title='bbox 645 1426 790 1483; x_wconf 85' lang='lat' dir='ltr'><strong>inter</strong></span> <span class='ocrx_word' id='word_1_90' title='bbox 811 1443 914 1484; x_wconf 92' lang='lat' dir='ltr'><strong>nos</strong></span> <span class='ocrx_word' id='word_1_91' title='bbox 937 1445 1130 1500; x_wconf 86' lang='lat' dir='ltr'><strong>pacem</strong></span> <span class='ocrx_word' id='word_1_92' title='bbox 1153 1439 1458 1497; x_wconf 79' lang='lat' dir='ltr'><strong>servantes,</strong></span> <span class='ocrx_word' id='word_1_93' title='bbox 1477 1431 1749 1486; x_wconf 86' lang='lat' dir='ltr'><strong>solemnes</strong></span> <span class='ocrx_word' id='word_1_94' title='bbox 1764 1445 1956 1499; x_wconf 89' lang='lat' dir='ltr'><strong>preces</strong></span> 
     </span>
    </p>
   </div>
   <div class='ocr_carea' id='block_1_16' title="bbox 373 1522 1948 1593">
    <p class='ocr_par' dir='ltr' id='par_1_16' title="bbox 373 1522 1948 1593">
     <span class='ocr_line' id='line_1_16' title="bbox 373 1522 1948 1593; baseline 0.002 -20"><span class='ocrx_word' id='word_1_95' title='bbox 373 1535 472 1589; x_wconf 88' lang='lat' dir='ltr'><strong>pro</strong></span> <span class='ocrx_word' id='word_1_96' title='bbox 496 1529 691 1590; x_wconf 87' lang='lat' dir='ltr'><strong>pacato</strong></span> <span class='ocrx_word' id='word_1_97' title='bbox 715 1522 945 1592; x_wconf 89' lang='lat' dir='ltr'><strong>imperio</strong></span> <span class='ocrx_word' id='word_1_98' title='bbox 970 1524 1274 1593; x_wconf 65' lang='lat' dir='ltr'><strong>maiestatis</strong></span> <span class='ocrx_word' id='word_1_99' title='bbox 1301 1532 1428 1588; x_wconf 64' lang='lat' dir='ltr'><strong>tua),</strong></span> <span class='ocrx_word' id='word_1_100' title='bbox 1453 1531 1510 1578; x_wconf 88' lang='lat' dir='ltr'><strong>et</strong></span> <span class='ocrx_word' id='word_1_101' title='bbox 1547 1537 1647 1592; x_wconf 89' lang='lat' dir='ltr'><strong>pro</strong></span> <span class='ocrx_word' id='word_1_102' title='bbox 1689 1522 1948 1577; x_wconf 86' lang='lat' dir='ltr'><strong>universa</strong></span> 
     </span>
    </p>
   </div>
   <div class='ocr_carea' id='block_1_17' title="bbox 371 1611 1704 1681">
    <p class='ocr_par' dir='ltr' id='par_1_17' title="bbox 371 1611 1704 1681">
     <span class='ocr_line' id='line_1_17' title="bbox 371 1611 1704 1681; baseline 0.002 -16"><span class='ocrx_word' id='word_1_103' title='bbox 371 1611 542 1681; x_wconf 86' lang='lat' dir='ltr'><strong>stirpe</strong></span> <span class='ocrx_word' id='word_1_104' title='bbox 569 1621 662 1668; x_wconf 91' lang='lat' dir='ltr'><strong>tua</strong></span> <span class='ocrx_word' id='word_1_105' title='bbox 689 1613 851 1668; x_wconf 91' lang='lat' dir='ltr'><strong>simul</strong></span> <span class='ocrx_word' id='word_1_106' title='bbox 880 1629 1072 1670; x_wconf 85' lang='lat' dir='ltr'><strong>omnes</strong></span> <span class='ocrx_word' id='word_1_107' title='bbox 1095 1615 1163 1669; x_wconf 76' lang='lat' dir='ltr'><strong>ad</strong></span> <span class='ocrx_word' id='word_1_108' title='bbox 1189 1615 1364 1670; x_wconf 90' lang='lat' dir='ltr'><strong>Deum</strong></span> <span class='ocrx_word' id='word_1_109' title='bbox 1387 1613 1704 1669; x_wconf 79' lang='lat' dir='ltr'><strong>fundamus.</strong></span> 
     </span>
    </p>
   </div>
   <div class='ocr_carea' id='block_1_18' title="bbox 2063 601 3642 676">
    <p class='ocr_par' dir='ltr' id='par_1_18' title="bbox 2063 601 3642 676">
     <span class='ocr_line' id='line_1_18' title="bbox 2063 601 3642 676; baseline -0.002 -17"><span class='ocrx_word' id='word_1_110' title='bbox 2063 607 2126 660; x_wconf 84' lang='grc' dir='ltr'>Εἰ</span> <span class='ocrx_word' id='word_1_111' title='bbox 2178 603 2271 676; x_wconf 85' lang='grc' dir='ltr'><strong>μὴ,</strong></span> <span class='ocrx_word' id='word_1_112' title='bbox 2311 605 2481 658; x_wconf 82' lang='grc' dir='ltr'>ταῦτα</span> <span class='ocrx_word' id='word_1_113' title='bbox 2525 604 2697 667; x_wconf 77' lang='grc' dir='ltr'>οὕτως</span> <span class='ocrx_word' id='word_1_114' title='bbox 2740 601 3064 673; x_wconf 79' lang='grc' dir='ltr'><strong>πιστεύομεν</strong></span> <span class='ocrx_word' id='word_1_115' title='bbox 3115 603 3211 656; x_wconf 72' lang='grc' dir='ltr'>καὶ</span> <span class='ocrx_word' id='word_1_116' title='bbox 3265 602 3642 673; x_wconf 75' lang='grc' dir='ltr'><strong>ἀποδεχόμεθα</strong></span> 
     </span>
    </p>
   </div>
   <div class='ocr_carea' id='block_1_19' title="bbox 2062 693 3642 768">
    <p class='ocr_par' dir='ltr' id='par_1_19' title="bbox 2062 693 3642 768">
     <span class='ocr_line' id='line_1_19' title="bbox 2062 693 3642 768; baseline -0.003 -17"><span class='ocrx_word' id='word_1_117' title='bbox 2062 696 2297 768; x_wconf 82' lang='grc' dir='ltr'>ἀληθῶς,</span> <span class='ocrx_word' id='word_1_118' title='bbox 2329 696 2567 768; x_wconf 82' lang='grc' dir='ltr'><strong>Πατέρα,</strong></span> <span class='ocrx_word' id='word_1_119' title='bbox 2599 695 2728 749; x_wconf 76' lang='grc' dir='ltr'>Υίὸν</span> <span class='ocrx_word' id='word_1_120' title='bbox 2771 696 2863 748; x_wconf 75' lang='grc' dir='ltr'>καὶ</span> <span class='ocrx_word' id='word_1_121' title='bbox 2907 693 3130 764; x_wconf 75' lang='grc' dir='ltr'>Πνεῦμα</span> <span class='ocrx_word' id='word_1_122' title='bbox 3161 694 3335 760; x_wconf 78' lang='grc' dir='ltr'>ἃγιον,</span> <span class='ocrx_word' id='word_1_123' title='bbox 3375 694 3448 757; x_wconf 81' lang='grc' dir='ltr'>ὼς</span> <span class='ocrx_word' id='word_1_124' title='bbox 3492 696 3642 746; x_wconf 77' lang='grc' dir='ltr'>πᾶτα</span> 
     </span>
    </p>
   </div>
   <div class='ocr_carea' id='block_1_20' title="bbox 2060 779 3640 858">
    <p class='ocr_par' dir='ltr' id='par_1_20' title="bbox 2060 779 3640 858">
     <span class='ocr_line' id='line_1_20' title="bbox 2060 779 3640 858; baseline -0.004 -18"><span class='ocrx_word' id='word_1_125' title='bbox 2060 786 2337 857; x_wconf 81' lang='grc' dir='ltr'>Καθολικὴ</span> <span class='ocrx_word' id='word_1_126' title='bbox 2384 784 2695 858; x_wconf 84' lang='grc' dir='ltr'>Ἐκκλησία,</span> <span class='ocrx_word' id='word_1_127' title='bbox 2729 785 2824 838; x_wconf 77' lang='grc' dir='ltr'><strong>καὶ</strong></span> <span class='ocrx_word' id='word_1_128' title='bbox 2851 785 2907 837; x_wconf 86' lang='grc' dir='ltr'><strong>αἰ</strong></span> <span class='ocrx_word' id='word_1_129' title='bbox 2929 783 3140 854; x_wconf 67' lang='grc' dir='ltr'>Γραφαί</span> <span class='ocrx_word' id='word_1_130' title='bbox 3164 783 3522 848; x_wconf 77' lang='grc' dir='ltr'><strong>διδάσκουσιν,</strong></span> <span class='ocrx_word' id='word_1_131' title='bbox 3550 779 3640 846; x_wconf 74' lang='grc' dir='ltr'>αἷς</span> 
     </span>
    </p>
   </div>
   <div class='ocr_carea' id='block_1_21' title="bbox 2059 874 3634 948">
    <p class='ocr_par' dir='ltr' id='par_1_21' title="bbox 2059 874 3634 948">
     <span class='ocr_line' id='line_1_21' title="bbox 2059 874 3634 948; baseline -0.004 -16"><span class='ocrx_word' id='word_1_132' title='bbox 2059 879 2201 934; x_wconf 85' lang='grc' dir='ltr'><strong>κατά</strong></span> <span class='ocrx_word' id='word_1_133' title='bbox 2231 879 2410 934; x_wconf 83' lang='grc' dir='ltr'>πάντα</span> <span class='ocrx_word' id='word_1_134' title='bbox 2446 877 2794 948; x_wconf 81' lang='grc' dir='ltr'><strong>πιστεύομεν,</strong></span> <span class='ocrx_word' id='word_1_135' title='bbox 2829 877 3020 948; x_wconf 80' lang='grc' dir='ltr'>κριτὴς</span> <span class='ocrx_word' id='word_1_136' title='bbox 3052 874 3210 946; x_wconf 77' lang='grc' dir='ltr'>ἡμῶν</span> <span class='ocrx_word' id='word_1_137' title='bbox 3244 876 3390 928; x_wconf 86' lang='grc' dir='ltr'>ὲστιν</span> <span class='ocrx_word' id='word_1_138' title='bbox 3423 877 3451 928; x_wconf 85' lang='grc' dir='ltr'>ὁ</span> <span class='ocrx_word' id='word_1_139' title='bbox 3482 875 3634 938; x_wconf 78' lang='grc' dir='ltr'>Θεὸς,</span> 
     </span>
    </p>
   </div>
   <div class='ocr_carea' id='block_1_22' title="bbox 2057 967 3635 1044">
    <p class='ocr_par' dir='ltr' id='par_1_22' title="bbox 2057 967 3635 1044">
     <span class='ocr_line' id='line_1_22' title="bbox 2057 967 3635 1044; baseline -0.002 -20"><span class='ocrx_word' id='word_1_140' title='bbox 2057 972 2152 1025; x_wconf 74' lang='grc' dir='ltr'>καὶ</span> <span class='ocrx_word' id='word_1_141' title='bbox 2183 971 2298 1037; x_wconf 77' lang='grc' dir='ltr'>νῦν,</span> <span class='ocrx_word' id='word_1_142' title='bbox 2334 973 2427 1026; x_wconf 69' lang='grc' dir='ltr'><strong>καὶ</strong></span> <span class='ocrx_word' id='word_1_143' title='bbox 2453 974 2510 1026; x_wconf 84' lang='grc' dir='ltr'>ὲν</span> <span class='ocrx_word' id='word_1_144' title='bbox 2537 973 2603 1044; x_wconf 79' lang='grc' dir='ltr'>τῇ</span> <span class='ocrx_word' id='word_1_145' title='bbox 2636 969 2900 1041; x_wconf 80' lang='grc' dir='ltr'><strong>μελλούσῃ</strong></span> <span class='ocrx_word' id='word_1_146' title='bbox 2930 969 3128 1040; x_wconf 81' lang='grc' dir='ltr'>κρίσει.</span> <span class='ocrx_word' id='word_1_147' title='bbox 3163 967 3254 1024; x_wconf 84' lang='grc' dir='ltr'>Διὸ</span> <span class='ocrx_word' id='word_1_148' title='bbox 3288 967 3635 1038; x_wconf 84' lang='grc' dir='ltr'>παρακαλοῦ-</span> 
     </span>
    </p>
   </div>
   <div class='ocr_carea' id='block_1_23' title="bbox 2061 1059 3636 1134">
    <p class='ocr_par' dir='ltr' id='par_1_23' title="bbox 2061 1059 3636 1134">
     <span class='ocr_line' id='line_1_23' title="bbox 2061 1059 3636 1134; baseline -0.001 -20"><span class='ocrx_word' id='word_1_149' title='bbox 2061 1061 2162 1130; x_wconf 87' lang='grc' dir='ltr'><strong>μέν</strong></span> <span class='ocrx_word' id='word_1_150' title='bbox 2206 1080 2300 1116; x_wconf 89' lang='grc' dir='ltr'><strong>σου</strong></span> <span class='ocrx_word' id='word_1_151' title='bbox 2338 1064 2436 1134; x_wconf 80' lang='grc' dir='ltr'>τὴν</span> <span class='ocrx_word' id='word_1_152' title='bbox 2469 1062 2798 1125; x_wconf 77' lang='grc' dir='ltr'>θεοσέϐειαν,</span> <span class='ocrx_word' id='word_1_153' title='bbox 2841 1059 3215 1130; x_wconf 70' lang='grc' dir='ltr'>θεοφιλέστατε</span> <span class='ocrx_word' id='word_1_154' title='bbox 3265 1059 3507 1130; x_wconf 80' lang='grc' dir='ltr'>βασιλεῦ,</span> <span class='ocrx_word' id='word_1_155' title='bbox 3545 1060 3636 1113; x_wconf 78' lang='grc' dir='ltr'><strong>ἐκο</strong></span> 
     </span>
    </p>
   </div>
   <div class='ocr_carea' id='block_1_24' title="bbox 2058 1150 3637 1224">
    <p class='ocr_par' dir='ltr' id='par_1_24' title="bbox 2058 1150 3637 1224">
     <span class='ocr_line' id='line_1_24' title="bbox 2058 1150 3637 1224; baseline 0.001 -21"><span class='ocrx_word' id='word_1_156' title='bbox 2058 1151 2478 1223; x_wconf 81' lang='grc' dir='ltr'>κλησιαστικοὺς</span> <span class='ocrx_word' id='word_1_157' title='bbox 2505 1155 2652 1224; x_wconf 83' lang='grc' dir='ltr'>ἡμᾶς</span> <span class='ocrx_word' id='word_1_158' title='bbox 2679 1152 2858 1217; x_wconf 74' lang='grc' dir='ltr'>ὄντας,</span> <span class='ocrx_word' id='word_1_159' title='bbox 2891 1150 2985 1205; x_wconf 61' lang='grc' dir='ltr'><strong>καί⁴</strong></span> <span class='ocrx_word' id='word_1_160' title='bbox 3018 1150 3197 1206; x_wconf 81' lang='grc' dir='ltr'>πίστιν</span> <span class='ocrx_word' id='word_1_161' title='bbox 3226 1151 3320 1205; x_wconf 75' lang='grc' dir='ltr'><strong>καὶ</strong></span> <span class='ocrx_word' id='word_1_162' title='bbox 3347 1151 3408 1204; x_wconf 83' lang='grc' dir='ltr'>τὺ</span> <span class='ocrx_word' id='word_1_163' title='bbox 3438 1151 3637 1224; x_wconf 80' lang='grc' dir='ltr'>φρόνη-</span> 
     </span>
    </p>
   </div>
   <div class='ocr_carea' id='block_1_25' title="bbox 2060 1241 3636 1316">
    <p class='ocr_par' dir='ltr' id='par_1_25' title="bbox 2060 1241 3636 1316">
     <span class='ocr_line' id='line_1_25' title="bbox 2060 1241 3636 1316; baseline 0.001 -21"><span class='ocrx_word' id='word_1_164' title='bbox 2060 1259 2138 1312; x_wconf 90' lang='grc' dir='ltr'><strong>μα</strong></span> <span class='ocrx_word' id='word_1_165' title='bbox 2163 1246 2264 1316; x_wconf 82' lang='grc' dir='ltr'>τῆς</span> <span class='ocrx_word' id='word_1_166' title='bbox 2306 1244 2633 1315; x_wconf 85' lang='grc' dir='ltr'>Ἐκκλησίας</span> <span class='ocrx_word' id='word_1_167' title='bbox 2675 1244 2771 1298; x_wconf 73' lang='grc' dir='ltr'>καὶ</span> <span class='ocrx_word' id='word_1_168' title='bbox 2799 1243 2906 1296; x_wconf 85' lang='grc' dir='ltr'>τῶν</span> <span class='ocrx_word' id='word_1_169' title='bbox 2934 1242 3103 1311; x_wconf 81' lang='grc' dir='ltr'>ἁγίων</span> <span class='ocrx_word' id='word_1_170' title='bbox 3128 1241 3360 1314; x_wconf 86' lang='grc' dir='ltr'>Γραφῶν</span> <span class='ocrx_word' id='word_1_171' title='bbox 3391 1242 3636 1313; x_wconf 79' lang='grc' dir='ltr'>ἔχοντας,</span> 
     </span>
    </p>
   </div>
   <div class='ocr_carea' id='block_1_26' title="bbox 2055 1334 3635 1409">
    <p class='ocr_par' dir='ltr' id='par_1_26' title="bbox 2055 1334 3635 1409">
     <span class='ocr_line' id='line_1_26' title="bbox 2055 1334 3635 1409; baseline -0.004 -15"><span class='ocrx_word' id='word_1_172' title='bbox 2055 1339 2303 1394; x_wconf 84' lang='grc' dir='ltr'>ὲνοῦσθαι</span> <span class='ocrx_word' id='word_1_173' title='bbox 2331 1341 2477 1409; x_wconf 76' lang='grc' dir='ltr'>ἡμᾶς</span> <span class='ocrx_word' id='word_1_174' title='bbox 2501 1337 2589 1390; x_wconf 85' lang='grc' dir='ltr'><strong>διὰ</strong></span> <span class='ocrx_word' id='word_1_175' title='bbox 2618 1336 2717 1406; x_wconf 75' lang='grc' dir='ltr'>τῆς</span> <span class='ocrx_word' id='word_1_176' title='bbox 2751 1334 3087 1408; x_wconf 89' lang='grc' dir='ltr'>εἰρηνοποιοῦ</span> <span class='ocrx_word' id='word_1_177' title='bbox 3117 1351 3208 1388; x_wconf 91' lang='grc' dir='ltr'><strong>σου</strong></span> <span class='ocrx_word' id='word_1_178' title='bbox 3235 1334 3327 1388; x_wconf 77' lang='grc' dir='ltr'>καὶ</span> <span class='ocrx_word' id='word_1_179' title='bbox 3353 1335 3635 1398; x_wconf 79' lang='grc' dir='ltr'>θεοσεϐοῦς</span> 
     </span>
    </p>
   </div>
   <div class='ocr_carea' id='block_1_27' title="bbox 2059 1417 3633 1500">
    <p class='ocr_par' dir='ltr' id='par_1_27' title="bbox 2059 1417 3633 1500">
     <span class='ocr_line' id='line_1_27' title="bbox 2059 1417 3633 1500; baseline -0.005 -13"><span class='ocrx_word' id='word_1_180' title='bbox 2059 1431 2361 1495; x_wconf 76' lang='grc' dir='ltr'>εὐσεϐείας,</span> <span class='ocrx_word' id='word_1_181' title='bbox 2396 1432 2462 1500; x_wconf 82' lang='grc' dir='ltr'>τῇ</span> <span class='ocrx_word' id='word_1_182' title='bbox 2498 1429 2666 1500; x_wconf 81' lang='grc' dir='ltr'>μητρί</span> <span class='ocrx_word' id='word_1_183' title='bbox 2689 1427 2868 1498; x_wconf 82' lang='grc' dir='ltr'>ἡμῶν,</span> <span class='ocrx_word' id='word_1_184' title='bbox 2897 1431 2966 1500; x_wconf 76' lang='grc' dir='ltr'>τῇ</span> <span class='ocrx_word' id='word_1_185' title='bbox 2995 1417 3290 1498; x_wconf 68' lang='grc' dir='ltr'>Ἑκκλησίὲιι</span> <span class='ocrx_word' id='word_1_186' title='bbox 3325 1427 3436 1497; x_wconf 74' lang='grc'>(54)</span> <span class='ocrx_word' id='word_1_187' title='bbox 3466 1427 3633 1498; x_wconf 82' lang='grc' dir='ltr'>δηλα-</span> 
     </span>
    </p>
   </div>
   <div class='ocr_carea' id='block_1_28' title="bbox 2057 1518 3634 1594">
    <p class='ocr_par' dir='ltr' id='par_1_28' title="bbox 2057 1518 3634 1594">
     <span class='ocr_line' id='line_1_28' title="bbox 2057 1518 3634 1594; baseline -0.003 -19"><span class='ocrx_word' id='word_1_188' title='bbox 2057 1523 2142 1593; x_wconf 85' lang='grc' dir='ltr'>δὴ,</span> <span class='ocrx_word' id='word_1_189' title='bbox 2191 1520 2613 1594; x_wconf 84' lang='grc' dir='ltr'>περιῃρημένων</span> <span class='ocrx_word' id='word_1_190' title='bbox 2657 1519 2767 1572; x_wconf 85' lang='grc' dir='ltr'><strong>τῶν</strong></span> <span class='ocrx_word' id='word_1_191' title='bbox 2811 1518 3137 1589; x_wconf 80' lang='grc' dir='ltr'><strong>ζητημάτων</strong></span> <span class='ocrx_word' id='word_1_192' title='bbox 3181 1519 3276 1572; x_wconf 78' lang='grc' dir='ltr'><strong>καὶ</strong></span> <span class='ocrx_word' id='word_1_193' title='bbox 3320 1518 3634 1588; x_wconf 72' lang='grc' dir='ltr'>περιπολο-</span> 
     </span>
    </p>
   </div>
   <div class='ocr_carea' id='block_1_29' title="bbox 2055 1609 3634 1682">
    <p class='ocr_par' dir='ltr' id='par_1_29' title="bbox 2055 1609 3634 1682">
     <span class='ocr_line' id='line_1_29' title="bbox 2055 1609 3634 1682; baseline -0.003 -16"><span class='ocrx_word' id='word_1_194' title='bbox 2055 1613 2212 1681; x_wconf 88' lang='grc' dir='ltr'>γιῶν,</span> <span class='ocrx_word' id='word_1_195' title='bbox 2246 1613 2334 1667; x_wconf 85' lang='grc' dir='ltr'><strong>ἵνα</strong></span> <span class='ocrx_word' id='word_1_196' title='bbox 2359 1613 2453 1666; x_wconf 75' lang='grc' dir='ltr'><strong>καὶ</strong></span> <span class='ocrx_word' id='word_1_197' title='bbox 2479 1613 2641 1682; x_wconf 79' lang='grc' dir='ltr'>ἡμεῖς</span> <span class='ocrx_word' id='word_1_198' title='bbox 2675 1611 2770 1665; x_wconf 76' lang='grc' dir='ltr'><strong>καὶ</strong></span> <span class='ocrx_word' id='word_1_199' title='bbox 2801 1611 2836 1682; x_wconf 76' lang='grc' dir='ltr'>ἡ</span> <span class='ocrx_word' id='word_1_200' title='bbox 2886 1610 3178 1681; x_wconf 79' lang='grc' dir='ltr'><strong>Ἐκκλησία</strong></span> <span class='ocrx_word' id='word_1_201' title='bbox 3202 1609 3634 1681; x_wconf 76' lang='grc' dir='ltr'>εἰρηνεύσαντες,</span> 
     </span>
    </p>
   </div>
   <div class='ocr_carea' id='block_1_30' title="bbox 374 1703 3638 1780">
    <p class='ocr_par' dir='ltr' id='par_1_30' title="bbox 374 1703 3638 1780">
     <span class='ocr_line' id='line_1_30' title="bbox 374 1703 3638 1780; baseline -0 -21"><span class='ocrx_word' id='word_1_202' title='bbox 374 1706 492 1777; x_wconf 71' lang='grc' dir='ltr'>μετ’</span> <span class='ocrx_word' id='word_1_203' title='bbox 513 1707 756 1775; x_wconf 85' lang='grc' dir='ltr'>ἀλλήλων</span> <span class='ocrx_word' id='word_1_204' title='bbox 782 1707 882 1773; x_wconf 84' lang='grc' dir='ltr'><strong>τάς</strong></span> <span class='ocrx_word' id='word_1_205' title='bbox 912 1708 1160 1779; x_wconf 76' lang='grc' dir='ltr'><strong>συνήθεις</strong></span> <span class='ocrx_word' id='word_1_206' title='bbox 1182 1708 1346 1779; x_wconf 80' lang='grc' dir='ltr'>εὐχὰς</span> <span class='ocrx_word' id='word_1_207' title='bbox 1373 1708 1514 1780; x_wconf 82' lang='grc' dir='ltr'>ὑπὲρ</span> <span class='ocrx_word' id='word_1_208' title='bbox 1542 1708 1642 1777; x_wconf 83' lang='grc' dir='ltr'>τῆς</span> <span class='ocrx_word' id='word_1_209' title='bbox 1667 1708 1951 1779; x_wconf 82' lang='grc' dir='ltr'><strong>εἰρηνικῆς</strong></span> <span class='ocrx_word' id='word_1_210' title='bbox 1989 1723 2083 1762; x_wconf 91' lang='grc' dir='ltr'><strong>σου</strong></span> <span class='ocrx_word' id='word_1_211' title='bbox 2110 1706 2385 1777; x_wconf 81' lang='grc' dir='ltr'>βασιλείας</span> <span class='ocrx_word' id='word_1_212' title='bbox 2422 1706 2516 1760; x_wconf 75' lang='grc' dir='ltr'>καὶ</span> <span class='ocrx_word' id='word_1_213' title='bbox 2545 1704 2744 1770; x_wconf 69' lang='grc' dir='ltr'>παντὸς</span> <span class='ocrx_word' id='word_1_214' title='bbox 2798 1703 2894 1759; x_wconf 79' lang='grc' dir='ltr'>τοῦ</span> <span class='ocrx_word' id='word_1_215' title='bbox 2949 1705 3138 1772; x_wconf 78' lang='grc' dir='ltr'>γένους</span> <span class='ocrx_word' id='word_1_216' title='bbox 3169 1721 3284 1770; x_wconf 90' lang='grc' dir='ltr'>σου,</span> <span class='ocrx_word' id='word_1_217' title='bbox 3317 1708 3472 1778; x_wconf 80' lang='grc' dir='ltr'>κοινῇ</span> <span class='ocrx_word' id='word_1_218' title='bbox 3499 1705 3638 1760; x_wconf 82' lang='grc' dir='ltr'>πάν-</span> 
     </span>
    </p>
   </div>
   <div class='ocr_carea' id='block_1_31' title="bbox 369 1802 867 1876">
    <p class='ocr_par' dir='ltr' id='par_1_31' title="bbox 369 1802 867 1876">
     <span class='ocr_line' id='line_1_31' title="bbox 369 1802 867 1876; baseline 0.004 -20"><span class='ocrx_word' id='word_1_219' title='bbox 369 1819 461 1866; x_wconf 85' lang='grc' dir='ltr'><strong>τες</strong></span> <span class='ocrx_word' id='word_1_220' title='bbox 487 1802 867 1876; x_wconf 78' lang='grc' dir='ltr'>ποιησώμεθα.</span> 
     </span>
    </p>
   </div>
   <div class='ocr_carea' id='block_1_32' title="bbox 965 1921 1370 1979">
    <p class='ocr_par' dir='ltr' id='par_1_32' title="bbox 965 1921 1370 1979">
     <span class='ocr_line' id='line_1_32' title="bbox 965 1921 1370 1979; baseline -0.005 0"><span class='ocrx_word' id='word_1_221' title='bbox 965 1921 1116 1979; x_wconf 83' lang='lat' dir='ltr'><strong>CAP.</strong></span> <span class='ocrx_word' id='word_1_222' title='bbox 1157 1922 1370 1978; x_wconf 80' lang='lat' dir='ltr'><strong>XXVII.</strong></span> 
     </span>
    </p>
   </div>
   <div class='ocr_carea' id='block_1_33' title="bbox 372 2011 1948 2086">
    <p class='ocr_par' dir='ltr' id='par_1_33' title="bbox 372 2011 1948 2086">
     <span class='ocr_line' id='line_1_33' title="bbox 372 2011 1948 2086; baseline 0.003 -22"><span class='ocrx_word' id='word_1_223' title='bbox 372 2011 646 2077; x_wconf 76' lang='lat' dir='ltr'><strong>Quomodo</strong></span> <span class='ocrx_word' id='word_1_224' title='bbox 676 2013 864 2086; x_wconf 73' lang='lat' dir='ltr'><strong>Arium</strong></span> <span class='ocrx_word' id='word_1_225' title='bbox 884 2015 1042 2086; x_wconf 75' lang='lat' dir='ltr'><strong>jussu</strong></span> <span class='ocrx_word' id='word_1_226' title='bbox 1071 2016 1410 2085; x_wconf 75' lang='lat' dir='ltr'><strong>imperatoris</strong></span> <span class='ocrx_word' id='word_1_227' title='bbox 1447 2014 1831 2070; x_wconf 73' lang='lat' dir='ltr'><strong>Alexandriam</strong></span> <span class='ocrx_word' id='word_1_228' title='bbox 1861 2031 1948 2068; x_wconf 85' lang='lat' dir='ltr'><strong>re-</strong></span> 
     </span>
    </p>
   </div>
   <div class='ocr_carea' id='block_1_34' title="bbox 437 2082 1949 2155">
    <p class='ocr_par' dir='ltr' id='par_1_34' title="bbox 437 2082 1949 2155">
     <span class='ocr_line' id='line_1_34' title="bbox 437 2082 1949 2155; baseline 0.004 -21"><span class='ocrx_word' id='word_1_229' title='bbox 437 2097 646 2155; x_wconf 50' lang='lat' dir='ltr'><strong>gnum</strong></span> <span class='ocrx_word' id='word_1_230' title='bbox 697 2082 1023 2139; x_wconf 77' lang='lat' dir='ltr'><strong>Athanasius</strong></span> <span class='ocrx_word' id='word_1_231' title='bbox 1067 2082 1173 2155; x_wconf 68' lang='lat' dir='ltr'><strong>nou</strong></span> <span class='ocrx_word' id='word_1_232' title='bbox 1206 2086 1510 2150; x_wconf 73' lang='lat' dir='ltr'><strong>admiserit,</strong></span> <span class='ocrx_word' id='word_1_233' title='bbox 1557 2102 1620 2138; x_wconf 85' lang='lat' dir='ltr'><strong>ac</strong></span> <span class='ocrx_word' id='word_1_234' title='bbox 1669 2095 1949 2155; x_wconf 83' lang='lat' dir='ltr'><strong>prapterea</strong></span> 
     </span>
    </p>
   </div>
   <div class='ocr_carea' id='block_1_35' title="bbox 437 2150 1949 2235">
    <p class='ocr_par' dir='ltr' id='par_1_35' title="bbox 437 2150 1949 2235">
     <span class='ocr_line' id='line_1_35' title="bbox 437 2150 1949 2235; baseline 0.003 -31"><span class='ocrx_word' id='word_1_235' title='bbox 437 2150 727 2235; x_wconf 72' lang='lat' dir='ltr'><strong>Eusebiani</strong></span> <span class='ocrx_word' id='word_1_236' title='bbox 755 2155 932 2210; x_wconf 76' lang='lat' dir='ltr'><strong>uarias</strong></span> <span class='ocrx_word' id='word_1_237' title='bbox 969 2157 1016 2209; x_wconf 87' lang='lat' dir='ltr'><strong>ei</strong></span> <span class='ocrx_word' id='word_1_238' title='bbox 1060 2154 1357 2209; x_wconf 78' lang='lat' dir='ltr'><strong>calumnias</strong></span> <span class='ocrx_word' id='word_1_239' title='bbox 1403 2155 1546 2225; x_wconf 83' lang='lat' dir='ltr'><strong>apud</strong></span> <span class='ocrx_word' id='word_1_240' title='bbox 1572 2150 1949 2226; x_wconf 59' lang='lat' dir='ltr'><strong>imperatorem</strong></span> 
     </span>
    </p>
   </div>
   <div class='ocr_carea' id='block_1_36' title="bbox 437 2230 748 2277">
    <p class='ocr_par' dir='ltr' id='par_1_36' title="bbox 437 2230 748 2277">
     <span class='ocr_line' id='line_1_36' title="bbox 437 2230 748 2277; baseline 0.006 -3"><span class='ocrx_word' id='word_1_241' title='bbox 437 2230 748 2277; x_wconf 73' lang='lat' dir='ltr'><strong>struxerint.</strong></span> 
     </span>
    </p>
   </div>
   <div class='ocr_carea' id='block_1_37' title="bbox 445 2382 1945 2456">
    <p class='ocr_par' dir='ltr' id='par_1_37' title="bbox 445 2382 1945 2456">
     <span class='ocr_line' id='line_1_37' title="bbox 445 2382 1945 2456; baseline 0.003 -20"><span class='ocrx_word' id='word_1_242' title='bbox 445 2382 525 2437; x_wconf 87' lang='lat' dir='ltr'><strong>Ad</strong></span> <span class='ocrx_word' id='word_1_243' title='bbox 549 2382 700 2437; x_wconf 88' lang='lat' dir='ltr'><strong>hunc</strong></span> <span class='ocrx_word' id='word_1_244' title='bbox 723 2382 945 2438; x_wconf 85' lang='lat' dir='ltr'><strong>modum</strong></span> <span class='ocrx_word' id='word_1_245' title='bbox 970 2382 1133 2439; x_wconf 86' lang='lat' dir='ltr'><strong>Arius</strong></span> <span class='ocrx_word' id='word_1_246' title='bbox 1153 2399 1278 2440; x_wconf 91' lang='lat' dir='ltr'><strong>cum</strong></span> <span class='ocrx_word' id='word_1_247' title='bbox 1300 2384 1538 2455; x_wconf 90' lang='lat' dir='ltr'><strong>principi</strong></span> <span class='ocrx_word' id='word_1_248' title='bbox 1561 2385 1945 2456; x_wconf 87' lang='lat' dir='ltr'><strong>persuasisset,</strong></span> 
     </span>
    </p>
   </div>
   <div class='ocr_carea' id='block_1_38' title="bbox 368 2476 1948 2551">
    <p class='ocr_par' dir='ltr' id='par_1_38' title="bbox 368 2476 1948 2551">
     <span class='ocr_line' id='line_1_38' title="bbox 368 2476 1948 2551; baseline 0.004 -21"><span class='ocrx_word' id='word_1_249' title='bbox 368 2476 757 2532; x_wconf 84' lang='lat' dir='ltr'><strong>Alexandriam</strong></span> <span class='ocrx_word' id='word_1_250' title='bbox 784 2478 1100 2533; x_wconf 84' lang='lat' dir='ltr'><strong>revertitur.</strong></span> <span class='ocrx_word' id='word_1_251' title='bbox 1149 2479 1257 2534; x_wconf 90' lang='lat' dir='ltr'><strong>Sed</strong></span> <span class='ocrx_word' id='word_1_252' title='bbox 1303 2478 1656 2536; x_wconf 89' lang='lat' dir='ltr'><strong>fraudulenta</strong></span> <span class='ocrx_word' id='word_1_253' title='bbox 1695 2480 1948 2551; x_wconf 84' lang='lat' dir='ltr'><strong>obreptio</strong></span> 
     </span>
    </p>
   </div>
   <div class='ocr_carea' id='block_1_39' title="bbox 365 2569 1944 2642">
    <p class='ocr_par' dir='ltr' id='par_1_39' title="bbox 365 2569 1944 2642">
     <span class='ocr_line' id='line_1_39' title="bbox 365 2569 1944 2642; baseline 0.003 -19"><span class='ocrx_word' id='word_1_254' title='bbox 365 2569 655 2625; x_wconf 82' lang='lat' dir='ltr'><strong>veritatem</strong></span> <span class='ocrx_word' id='word_1_255' title='bbox 694 2586 818 2640; x_wconf 63' lang='lat' dir='ltr'><strong>quas</strong></span> <span class='ocrx_word' id='word_1_256' title='bbox 857 2571 1257 2637; x_wconf 88' lang='lat' dir='ltr'><strong>occultabatur,</strong></span> <span class='ocrx_word' id='word_1_257' title='bbox 1296 2588 1558 2642; x_wconf 88' lang='lat' dir='ltr'><strong>superare</strong></span> <span class='ocrx_word' id='word_1_258' title='bbox 1603 2589 1714 2628; x_wconf 93' lang='lat' dir='ltr'><strong>non</strong></span> <span class='ocrx_word' id='word_1_259' title='bbox 1752 2574 1944 2628; x_wconf 88' lang='lat' dir='ltr'><strong>valuit.</strong></span> 
     </span>
    </p>
   </div>
   <div class='ocr_carea' id='block_1_40' title="bbox 362 2659 1950 2732">
    <p class='ocr_par' dir='ltr' id='par_1_40' title="bbox 362 2659 1950 2732">
     <span class='ocr_line' id='line_1_40' title="bbox 362 2659 1950 2732; baseline 0.002 -18"><span class='ocrx_word' id='word_1_260' title='bbox 362 2659 500 2714; x_wconf 82' lang='lat' dir='ltr'><strong>Nam</strong></span> <span class='ocrx_word' id='word_1_261' title='bbox 526 2673 651 2713; x_wconf 91' lang='lat' dir='ltr'><strong>cum</strong></span> <span class='ocrx_word' id='word_1_262' title='bbox 677 2660 832 2714; x_wconf 89' lang='lat' dir='ltr'><strong>illum</strong></span> <span class='ocrx_word' id='word_1_263' title='bbox 865 2661 1255 2716; x_wconf 77' lang='lat' dir='ltr'><strong>Alexandriam</strong></span> <span class='ocrx_word' id='word_1_264' title='bbox 1281 2661 1590 2732; x_wconf 88' lang='lat' dir='ltr'><strong>ingressum</strong></span> <span class='ocrx_word' id='word_1_265' title='bbox 1615 2661 1950 2717; x_wconf 84' lang='lat' dir='ltr'><strong>Athanasius</strong></span> 
     </span>
    </p>
   </div>
   <div class='ocr_carea' id='block_1_41' title="bbox 363 2750 1948 2823">
    <p class='ocr_par' dir='ltr' id='par_1_41' title="bbox 363 2750 1948 2823">
     <span class='ocr_line' id='line_1_41' title="bbox 363 2750 1948 2823; baseline 0.003 -22"><span class='ocrx_word' id='word_1_266' title='bbox 363 2762 492 2803; x_wconf 65' lang='lat' dir='ltr'><strong>non.</strong></span> <span class='ocrx_word' id='word_1_267' title='bbox 516 2750 862 2820; x_wconf 85' lang='lat' dir='ltr'><strong>susciperet:</strong></span> <span class='ocrx_word' id='word_1_268' title='bbox 899 2751 1104 2822; x_wconf 88' lang='lat' dir='ltr'><strong>quippe</strong></span> <span class='ocrx_word' id='word_1_269' title='bbox 1146 2751 1427 2806; x_wconf 88' lang='lat' dir='ltr'><strong>hominem</strong></span> <span class='ocrx_word' id='word_1_270' title='bbox 1466 2760 1721 2823; x_wconf 88' lang='lat' dir='ltr'><strong>tanquam</strong></span> <span class='ocrx_word' id='word_1_271' title='bbox 1765 2753 1948 2807; x_wconf 88' lang='lat' dir='ltr'><strong>labem</strong></span> 
     </span>
    </p>
   </div>
   <div class='ocr_carea' id='block_1_42' title="bbox 365 2841 1947 2911">
    <p class='ocr_par' dir='ltr' id='par_1_42' title="bbox 365 2841 1947 2911">
     <span class='ocr_line' id='line_1_42' title="bbox 365 2841 1947 2911; baseline 0.003 -17"><span class='ocrx_word' id='word_1_272' title='bbox 365 2841 657 2911; x_wconf 86' lang='lat' dir='ltr'><strong>quamdam</strong></span> <span class='ocrx_word' id='word_1_273' title='bbox 701 2845 1060 2900; x_wconf 85' lang='lat' dir='ltr'><strong>aversabatur</strong></span> <span class='ocrx_word' id='word_1_274' title='bbox 1108 2863 1122 2898; x_wconf 90' lang='lat'><strong>:</strong></span> <span class='ocrx_word' id='word_1_275' title='bbox 1169 2846 1372 2900; x_wconf 87' lang='lat' dir='ltr'><strong>iterum</strong></span> <span class='ocrx_word' id='word_1_276' title='bbox 1418 2844 1511 2899; x_wconf 94' lang='lat' dir='ltr'><strong>ille</strong></span> <span class='ocrx_word' id='word_1_277' title='bbox 1557 2844 1947 2899; x_wconf 80' lang='lat' dir='ltr'><strong>Alexandriam</strong></span> 
     </span>
    </p>
   </div>
   <div class='ocr_carea' id='block_1_43' title="bbox 366 2935 1946 3008">
    <p class='ocr_par' dir='ltr' id='par_1_43' title="bbox 366 2935 1946 3008">
     <span class='ocr_line' id='line_1_43' title="bbox 366 2935 1946 3008; baseline 0.004 -20"><span class='ocrx_word' id='word_1_278' title='bbox 366 2935 702 2990; x_wconf 85' lang='lat' dir='ltr'><strong>conturbare</strong></span> <span class='ocrx_word' id='word_1_279' title='bbox 729 2952 1019 3008; x_wconf 80' lang='lat' dir='ltr'><strong>aggressus</strong></span> <span class='ocrx_word' id='word_1_280' title='bbox 1052 2946 1165 3003; x_wconf 90' lang='lat' dir='ltr'><strong>est,</strong></span> <span class='ocrx_word' id='word_1_281' title='bbox 1205 2954 1452 2993; x_wconf 87' lang='lat' dir='ltr'><strong>errorem</strong></span> <span class='ocrx_word' id='word_1_282' title='bbox 1491 2953 1652 2992; x_wconf 91' lang='lat' dir='ltr'><strong>suum</strong></span> <span class='ocrx_word' id='word_1_283' title='bbox 1691 2939 1946 2994; x_wconf 90' lang='lat' dir='ltr'><strong>dissemi-</strong></span> 
     </span>
    </p>
   </div>
   <div class='ocr_carea' id='block_1_44' title="bbox 364 3023 1943 3100">
    <p class='ocr_par' dir='ltr' id='par_1_44' title="bbox 364 3023 1943 3100">
     <span class='ocr_line' id='line_1_44' title="bbox 364 3023 1943 3100; baseline 0.005 -23"><span class='ocrx_word' id='word_1_284' title='bbox 364 3023 568 3078; x_wconf 82' lang='lat' dir='ltr'><strong>nando.</strong></span> <span class='ocrx_word' id='word_1_285' title='bbox 593 3023 749 3081; x_wconf 90' lang='lat' dir='ltr'><strong>Tunc</strong></span> <span class='ocrx_word' id='word_1_286' title='bbox 772 3043 903 3082; x_wconf 88' lang='lat' dir='ltr'><strong>vero</strong></span> <span class='ocrx_word' id='word_1_287' title='bbox 926 3027 1222 3093; x_wconf 89' lang='lat' dir='ltr'><strong>Eusebius,</strong></span> <span class='ocrx_word' id='word_1_288' title='bbox 1243 3036 1299 3082; x_wconf 92' lang='lat' dir='ltr'><strong>et</strong></span> <span class='ocrx_word' id='word_1_289' title='bbox 1323 3029 1440 3098; x_wconf 87' lang='lat' dir='ltr'><strong>ipse</strong></span> <span class='ocrx_word' id='word_1_290' title='bbox 1462 3028 1677 3087; x_wconf 88' lang='lat' dir='ltr'><strong>litteras</strong></span> <span class='ocrx_word' id='word_1_291' title='bbox 1703 3030 1943 3100; x_wconf 90' lang='lat' dir='ltr'><strong>scripsit,</strong></span> 
     </span>
    </p>
   </div>
   <div class='ocr_carea' id='block_1_45' title="bbox 365 3116 1945 3192">
    <p class='ocr_par' dir='ltr' id='par_1_45' title="bbox 365 3116 1945 3192">
     <span class='ocr_line' id='line_1_45' title="bbox 365 3116 1945 3192; baseline 0.005 -22"><span class='ocrx_word' id='word_1_292' title='bbox 365 3124 422 3170; x_wconf 88' lang='lat' dir='ltr'><strong>et</strong></span> <span class='ocrx_word' id='word_1_293' title='bbox 448 3116 764 3188; x_wconf 85' lang='lat' dir='ltr'><strong>imperatori</strong></span> <span class='ocrx_word' id='word_1_294' title='bbox 792 3120 1068 3189; x_wconf 89' lang='lat' dir='ltr'><strong>persuasit</strong></span> <span class='ocrx_word' id='word_1_295' title='bbox 1092 3127 1153 3174; x_wconf 91' lang='lat' dir='ltr'><strong>ut</strong></span> <span class='ocrx_word' id='word_1_296' title='bbox 1188 3121 1474 3186; x_wconf 87' lang='lat' dir='ltr'><strong>scriberet,</strong></span> <span class='ocrx_word' id='word_1_297' title='bbox 1512 3137 1621 3192; x_wconf 88' lang='lat' dir='ltr'><strong>quo</strong></span> <span class='ocrx_word' id='word_1_298' title='bbox 1644 3121 1808 3178; x_wconf 86' lang='lat' dir='ltr'><strong>Arius</strong></span> <span class='ocrx_word' id='word_1_299' title='bbox 1837 3139 1945 3178; x_wconf 88' lang='lat' dir='ltr'><strong>una</strong></span> 
     </span>
    </p>
   </div>
   <div class='ocr_carea' id='block_1_46' title="bbox 1981 1903 2028 1962">
    <p class='ocr_par' dir='ltr' id='par_1_46' title="bbox 1981 1903 2028 1962">
     <span class='ocr_line' id='line_1_46' title="bbox 1981 1903 2028 1962; baseline 0 -2"><span class='ocrx_word' id='word_1_300' title='bbox 1981 1903 2028 1962; x_wconf 89' lang='lat' dir='ltr'><strong>B</strong></span> 
     </span>
    </p>
   </div>
   <div class='ocr_carea' id='block_1_47' title="bbox 2636 1920 3050 1976">
    <p class='ocr_par' dir='ltr' id='par_1_47' title="bbox 2636 1920 3050 1976">
     <span class='ocr_line' id='line_1_47' title="bbox 2636 1920 3050 1976; baseline 0.005 -2"><span class='ocrx_word' id='word_1_301' title='bbox 2636 1920 2884 1974; x_wconf 79' lang='grc' dir='ltr'><strong>ΚΕΦΑΛ.</strong></span> <span class='ocrx_word' id='word_1_302' title='bbox 2923 1921 3050 1976; x_wconf 83' lang='grc' dir='ltr'><strong>ΚΖ’.</strong></span> 
     </span>
    </p>
   </div>
   <div class='ocr_carea' id='block_1_48' title="bbox 2065 2010 3635 2082">
    <p class='ocr_par' dir='ltr' id='par_1_48' title="bbox 2065 2010 3635 2082">
     <span class='ocr_line' id='line_1_48' title="bbox 2065 2010 3635 2082; baseline -0.002 -13"><span class='ocrx_word' id='word_1_303' title='bbox 2065 2014 2160 2078; x_wconf 85' lang='grc' dir='ltr'>Ὡς</span> <span class='ocrx_word' id='word_1_304' title='bbox 2222 2013 2440 2082; x_wconf 74' lang='grc' dir='ltr'>Ἀρείου</span> <span class='ocrx_word' id='word_1_305' title='bbox 2498 2013 2584 2078; x_wconf 82' lang='grc' dir='ltr'><strong>είς</strong></span> <span class='ocrx_word' id='word_1_306' title='bbox 2634 2011 2748 2078; x_wconf 77' lang='grc' dir='ltr'><strong>τὴν</strong></span> <span class='ocrx_word' id='word_1_307' title='bbox 2789 2011 3235 2080; x_wconf 75' lang='grc' dir='ltr'>Ἀλεξάνδρειαν</span> <span class='ocrx_word' id='word_1_308' title='bbox 3285 2010 3484 2081; x_wconf 56' lang='grc' dir='ltr'>’γνώμῃ</span> <span class='ocrx_word' id='word_1_309' title='bbox 3525 2010 3635 2066; x_wconf 80' lang='grc' dir='ltr'>τοῦ</span> 
     </span>
    </p>
   </div>
   <div class='ocr_carea' id='block_1_49' title="bbox 2117 2081 3632 2151">
    <p class='ocr_par' dir='ltr' id='par_1_49' title="bbox 2117 2081 3632 2151">
     <span class='ocr_line' id='line_1_49' title="bbox 2117 2081 3632 2151; baseline -0.003 -14"><span class='ocrx_word' id='word_1_310' title='bbox 2117 2081 2422 2149; x_wconf 68' lang='grc' dir='ltr'>,ϐασιλέως</span> <span class='ocrx_word' id='word_1_311' title='bbox 2451 2085 2863 2147; x_wconf 76' lang='grc' dir='ltr'>κατελθόντος.</span> <span class='ocrx_word' id='word_1_312' title='bbox 2905 2083 3003 2135; x_wconf 77' lang='grc' dir='ltr'>καὶ</span> <span class='ocrx_word' id='word_1_313' title='bbox 3027 2081 3112 2151; x_wconf 80' lang='grc' dir='ltr'>μὴ</span> <span class='ocrx_word' id='word_1_314' title='bbox 3147 2083 3462 2151; x_wconf 76' lang='grc' dir='ltr'>δεχθέντος</span> <span class='ocrx_word' id='word_1_315' title='bbox 3511 2082 3632 2151; x_wconf 71' lang='grc' dir='ltr'><strong>ὑπὸ</strong></span> 
     </span>
    </p>
   </div>
   <div class='ocr_carea' id='block_1_50' title="bbox 2138 2150 3632 2220">
    <p class='ocr_par' dir='ltr' id='par_1_50' title="bbox 2138 2150 3632 2220">
     <span class='ocr_line' id='line_1_50' title="bbox 2138 2150 3632 2220; baseline -0.003 -12"><span class='ocrx_word' id='word_1_316' title='bbox 2138 2153 2504 2218; x_wconf 79' lang='grc' dir='ltr'>Ἀθανασιόυ,</span> <span class='ocrx_word' id='word_1_317' title='bbox 2542 2155 2596 2204; x_wconf 87' lang='grc' dir='ltr'>οἱ</span> <span class='ocrx_word' id='word_1_318' title='bbox 2633 2153 2763 2218; x_wconf 76' lang='grc' dir='ltr'>περὶ</span> <span class='ocrx_word' id='word_1_319' title='bbox 2806 2150 3101 2205; x_wconf 74' lang='grc' dir='ltr'>Εὐσέϐιον</span> <span class='ocrx_word' id='word_1_320' title='bbox 3130 2150 3452 2220; x_wconf 59' lang='grc' dir='ltr'>διαφόρους</span> <span class='ocrx_word' id='word_1_321' title='bbox 3479 2150 3632 2206; x_wconf 77' lang='grc' dir='ltr'>κατὰ</span> 
     </span>
    </p>
   </div>
   <div class='ocr_carea' id='block_1_51' title="bbox 2133 2220 3633 2290">
    <p class='ocr_par' dir='ltr' id='par_1_51' title="bbox 2133 2220 3633 2290">
     <span class='ocr_line' id='line_1_51' title="bbox 2133 2220 3633 2290; baseline -0.005 -10"><span class='ocrx_word' id='word_1_322' title='bbox 2133 2224 2483 2280; x_wconf 80' lang='grc' dir='ltr'>Ἀθανασίου</span> <span class='ocrx_word' id='word_1_323' title='bbox 2523 2221 2804 2289; x_wconf 76' lang='grc' dir='ltr'>διαϐολὰς</span> <span class='ocrx_word' id='word_1_324' title='bbox 2855 2220 3006 2290; x_wconf 80' lang='grc' dir='ltr'>πρὸς</span> <span class='ocrx_word' id='word_1_325' title='bbox 3048 2222 3156 2276; x_wconf 77' lang='grc' dir='ltr'><strong>τὸν</strong></span> <span class='ocrx_word' id='word_1_326' title='bbox 3209 2221 3477 2288; x_wconf 79' lang='grc' dir='ltr'>βασιλέα</span> <span class='ocrx_word' id='word_1_327' title='bbox 3529 2237 3633 2274; x_wconf 80' lang='grc' dir='ltr'>πε-</span> 
     </span>
    </p>
   </div>
   <div class='ocr_carea' id='block_1_52' title="bbox 2121 2295 2417 2362">
    <p class='ocr_par' dir='ltr' id='par_1_52' title="bbox 2121 2295 2417 2362">
     <span class='ocr_line' id='line_1_52' title="bbox 2121 2295 2417 2362; baseline 0.003 -16"><span class='ocrx_word' id='word_1_328' title='bbox 2121 2295 2417 2362; x_wconf 56' lang='lat' dir='ltr'><strong>«olm-tat.</strong></span> 
     </span>
    </p>
   </div>
   <div class='ocr_carea' id='block_1_53' title="bbox 2119 2379 3631 2455">
    <p class='ocr_par' dir='ltr' id='par_1_53' title="bbox 2119 2379 3631 2455">
     <span class='ocr_line' id='line_1_53' title="bbox 2119 2379 3631 2455; baseline -0.001 -17"><span class='ocrx_word' id='word_1_329' title='bbox 2119 2384 2278 2439; x_wconf 79' lang='grc' dir='ltr'>Οὕτω</span> <span class='ocrx_word' id='word_1_330' title='bbox 2318 2384 2414 2455; x_wconf 77' lang='grc' dir='ltr'>μὲν</span> <span class='ocrx_word' id='word_1_331' title='bbox 2446 2379 2538 2438; x_wconf 79' lang='grc' dir='ltr'>οὖν</span> <span class='ocrx_word' id='word_1_332' title='bbox 2564 2383 2779 2455; x_wconf 74' lang='grc' dir='ltr'>Ἄρειος</span> <span class='ocrx_word' id='word_1_333' title='bbox 2805 2383 2897 2436; x_wconf 84' lang='grc' dir='ltr'>τὸν</span> <span class='ocrx_word' id='word_1_334' title='bbox 2925 2382 3148 2453; x_wconf 79' lang='grc' dir='ltr'>βασιλέα</span> <span class='ocrx_word' id='word_1_335' title='bbox 3176 2383 3392 2447; x_wconf 84' lang='grc' dir='ltr'>πείσας,</span> <span class='ocrx_word' id='word_1_336' title='bbox 3435 2380 3631 2454; x_wconf 78' lang='grc' dir='ltr'>ἐχώρει</span> 
     </span>
    </p>
   </div>
   <div class='ocr_carea' id='block_1_54' title="bbox 2051 2474 3634 2548">
    <p class='ocr_par' dir='ltr' id='par_1_54' title="bbox 2051 2474 3634 2548">
     <span class='ocr_line' id='line_1_54' title="bbox 2051 2474 3634 2548; baseline -0.002 -18"><span class='ocrx_word' id='word_1_337' title='bbox 2051 2477 2140 2530; x_wconf 75' lang='grc' dir='ltr'><strong>ἐπὶ</strong></span> <span class='ocrx_word' id='word_1_338' title='bbox 2157 2477 2256 2548; x_wconf 84' lang='grc' dir='ltr'><strong>τὴν</strong></span> <span class='ocrx_word' id='word_1_339' title='bbox 2271 2475 2694 2547; x_wconf 79' lang='grc' dir='ltr'>Ἀλεξάνδρειαν.</span> <span class='ocrx_word' id='word_1_340' title='bbox 2727 2475 2802 2528; x_wconf 82' lang='grc' dir='ltr'><strong>Οὐ</strong></span> <span class='ocrx_word' id='word_1_341' title='bbox 2833 2474 3015 2546; x_wconf 87' lang='grc' dir='ltr'>μέντοι</span> <span class='ocrx_word' id='word_1_342' title='bbox 3040 2492 3104 2544; x_wconf 89' lang='grc' dir='ltr'><strong>γε</strong></span> <span class='ocrx_word' id='word_1_343' title='bbox 3122 2474 3392 2546; x_wconf 77' lang='grc' dir='ltr'>κρείσσων</span> <span class='ocrx_word' id='word_1_344' title='bbox 3412 2476 3445 2545; x_wconf 86' lang='grc' dir='ltr'><strong>ἡ</strong></span> <span class='ocrx_word' id='word_1_345' title='bbox 3465 2491 3634 2527; x_wconf 76' lang='grc' dir='ltr'>κατα-</span> 
     </span>
    </p>
   </div>
   <div class='ocr_carea' id='block_1_55' title="bbox 2051 2565 3632 2640">
    <p class='ocr_par' dir='ltr' id='par_1_55' title="bbox 2051 2565 3632 2640">
     <span class='ocr_line' id='line_1_55' title="bbox 2051 2565 3632 2640; baseline -0.002 -18"><span class='ocrx_word' id='word_1_346' title='bbox 2051 2568 2218 2640; x_wconf 83' lang='grc' dir='ltr'>σκευὴ</span> <span class='ocrx_word' id='word_1_347' title='bbox 2243 2568 2340 2639; x_wconf 84' lang='grc' dir='ltr'>τῆς</span> <span class='ocrx_word' id='word_1_348' title='bbox 2367 2567 2726 2637; x_wconf 83' lang='grc' dir='ltr'>σιωπωμένης</span> <span class='ocrx_word' id='word_1_349' title='bbox 2759 2565 3017 2638; x_wconf 83' lang='grc' dir='ltr'>ἀληθείας</span> <span class='ocrx_word' id='word_1_350' title='bbox 3041 2565 3268 2636; x_wconf 76' lang='grc' dir='ltr'>ὲγίνετοο</span> <span class='ocrx_word' id='word_1_351' title='bbox 3289 2566 3365 2629; x_wconf 86' lang='grc' dir='ltr'>ὡς</span> <span class='ocrx_word' id='word_1_352' title='bbox 3399 2566 3508 2636; x_wconf 79' lang='grc' dir='ltr'>γὰρ</span> <span class='ocrx_word' id='word_1_353' title='bbox 3537 2582 3632 2619; x_wconf 81' lang='grc' dir='ltr'>κα-</span> 
     </span>
    </p>
   </div>
   <div class='ocr_carea' id='block_1_56' title="bbox 2050 2657 3630 2732">
    <p class='ocr_par' dir='ltr' id='par_1_56' title="bbox 2050 2657 3630 2732">
     <span class='ocr_line' id='line_1_56' title="bbox 2050 2657 3630 2732; baseline -0.003 -18"><span class='ocrx_word' id='word_1_354' title='bbox 2050 2660 2464 2732; x_wconf 78' lang='grc' dir='ltr'>ταλαμϐάνοντα</span> <span class='ocrx_word' id='word_1_355' title='bbox 2507 2659 2668 2712; x_wconf 80' lang='grc' dir='ltr'>αὑτὸν</span> <span class='ocrx_word' id='word_1_356' title='bbox 2709 2657 2807 2730; x_wconf 83' lang='grc' dir='ltr'>τὴν</span> <span class='ocrx_word' id='word_1_357' title='bbox 2866 2657 3270 2729; x_wconf 81' lang='grc' dir='ltr'>Ἀλεξάνδρειαν</span> <span class='ocrx_word' id='word_1_358' title='bbox 3315 2657 3630 2721; x_wconf 79' lang='grc' dir='ltr'>Ἀθανάσιος</span> 
     </span>
    </p>
   </div>
   <div class='ocr_carea' id='block_1_57' title="bbox 2047 2745 3630 2823">
    <p class='ocr_par' dir='ltr' id='par_1_57' title="bbox 2047 2745 3630 2823">
     <span class='ocr_line' id='line_1_57' title="bbox 2047 2745 3630 2823; baseline -0.003 -17"><span class='ocrx_word' id='word_1_359' title='bbox 2047 2752 2148 2806; x_wconf 80' lang='grc' dir='ltr'><strong>οὐκ</strong></span> <span class='ocrx_word' id='word_1_360' title='bbox 2179 2751 2409 2823; x_wconf 82' lang='grc' dir='ltr'>ὲδέχετο’</span> <span class='ocrx_word' id='word_1_361' title='bbox 2443 2751 2518 2815; x_wconf 82' lang='grc' dir='ltr'>ὡς</span> <span class='ocrx_word' id='word_1_362' title='bbox 2551 2749 2720 2822; x_wconf 79' lang='grc' dir='ltr'>μῦσος</span> <span class='ocrx_word' id='word_1_363' title='bbox 2751 2750 2861 2822; x_wconf 82' lang='grc' dir='ltr'>γὰρ</span> <span class='ocrx_word' id='word_1_364' title='bbox 2900 2750 3062 2804; x_wconf 84' lang='grc' dir='ltr'>αὐτὸν</span> <span class='ocrx_word' id='word_1_365' title='bbox 3094 2749 3435 2822; x_wconf 82' lang='grc' dir='ltr'>ὲξετρέπετο·</span> <span class='ocrx_word' id='word_1_366' title='bbox 3472 2745 3630 2812; x_wconf 79' lang='grc' dir='ltr'>αὖθις</span> 
     </span>
    </p>
   </div>
   <div class='ocr_carea' id='block_1_58' title="bbox 2047 2842 3632 2916">
    <p class='ocr_par' dir='ltr' id='par_1_58' title="bbox 2047 2842 3632 2916">
     <span class='ocr_line' id='line_1_58' title="bbox 2047 2842 3632 2916; baseline -0.004 -16"><span class='ocrx_word' id='word_1_367' title='bbox 2047 2847 2322 2900; x_wconf 83' lang='grc' dir='ltr'>ἀνακινεῖν</span> <span class='ocrx_word' id='word_1_368' title='bbox 2355 2845 2628 2916; x_wconf 72' lang='grc' dir='ltr'>ἐπεχείρει</span> <span class='ocrx_word' id='word_1_369' title='bbox 2662 2843 2758 2916; x_wconf 79' lang='grc' dir='ltr'><strong>τὴν</strong></span> <span class='ocrx_word' id='word_1_370' title='bbox 2799 2843 3224 2916; x_wconf 81' lang='grc' dir='ltr'>Ἀλεξάνδρειαν,</span> <span class='ocrx_word' id='word_1_371' title='bbox 3256 2860 3397 2914; x_wconf 88' lang='grc' dir='ltr'>παρε</span> <span class='ocrx_word' id='word_1_372' title='bbox 3411 2842 3632 2913; x_wconf 71' lang='grc' dir='ltr'>μεαλὼν</span> 
     </span>
    </p>
   </div>
   <div class='ocr_carea' id='block_1_59' title="bbox 2046 2933 3628 3010">
    <p class='ocr_par' dir='ltr' id='par_1_59' title="bbox 2046 2933 3628 3010">
     <span class='ocr_line' id='line_1_59' title="bbox 2046 2933 3628 3010; baseline -0.002 -21"><span class='ocrx_word' id='word_1_373' title='bbox 2046 2937 2146 3008; x_wconf 86' lang='grc' dir='ltr'><strong>τὴν</strong></span> <span class='ocrx_word' id='word_1_374' title='bbox 2187 2937 2417 3010; x_wconf 78' lang='grc' dir='ltr'>αἰρεσιν.</span> <span class='ocrx_word' id='word_1_375' title='bbox 2448 2936 2582 2989; x_wconf 84' lang='grc' dir='ltr'>Τότε</span> <span class='ocrx_word' id='word_1_376' title='bbox 2614 2935 2678 3007; x_wconf 85' lang='grc' dir='ltr'>δὴ</span> <span class='ocrx_word' id='word_1_377' title='bbox 2719 2935 2810 2990; x_wconf 79' lang='grc' dir='ltr'><strong>καὶ</strong></span> <span class='ocrx_word' id='word_1_378' title='bbox 2850 2937 2898 2989; x_wconf 83' lang='grc' dir='ltr'>οἱ</span> <span class='ocrx_word' id='word_1_379' title='bbox 2927 2935 3055 3009; x_wconf 74' lang='grc' dir='ltr'>περὶ</span> <span class='ocrx_word' id='word_1_380' title='bbox 3087 2934 3350 2989; x_wconf 80' lang='grc' dir='ltr'>Εὐσέϐιον</span> <span class='ocrx_word' id='word_1_381' title='bbox 3385 2933 3538 2988; x_wconf 81' lang='grc' dir='ltr'>αὐτοί</span> <span class='ocrx_word' id='word_1_382' title='bbox 3568 2950 3628 2986; x_wconf 90' lang='grc' dir='ltr'><strong>τε</strong></span> 
     </span>
    </p>
   </div>
   <div class='ocr_carea' id='block_1_60' title="bbox 2047 3022 3628 3099">
    <p class='ocr_par' dir='ltr' id='par_1_60' title="bbox 2047 3022 3628 3099">
     <span class='ocr_line' id='line_1_60' title="bbox 2047 3022 3628 3099; baseline -0.001 -19"><span class='ocrx_word' id='word_1_383' title='bbox 2047 3027 2306 3099; x_wconf 74' lang='grc' dir='ltr'>ἔγραφον,</span> <span class='ocrx_word' id='word_1_384' title='bbox 2353 3027 2447 3082; x_wconf 74' lang='grc' dir='ltr'><strong>καὶ</strong></span> <span class='ocrx_word' id='word_1_385' title='bbox 2490 3027 2580 3080; x_wconf 80' lang='grc' dir='ltr'>τὸν</span> <span class='ocrx_word' id='word_1_386' title='bbox 2641 3026 2862 3097; x_wconf 85' lang='grc' dir='ltr'>βασιλέα</span> <span class='ocrx_word' id='word_1_387' title='bbox 2913 3027 3144 3098; x_wconf 81' lang='grc' dir='ltr'>γράφειν</span> <span class='ocrx_word' id='word_1_388' title='bbox 3198 3022 3628 3098; x_wconf 83' lang='grc' dir='ltr'>παρεσκεύαζον,</span> 
     </span>
    </p>
   </div>
   <div class='ocr_carea' id='block_1_61' title="bbox 2045 3116 3632 3188">
    <p class='ocr_par' dir='ltr' id='par_1_61' title="bbox 2045 3116 3632 3188">
     <span class='ocr_line' id='line_1_61' title="bbox 2045 3116 3632 3188; baseline -0.002 -16"><span class='ocrx_word' id='word_1_389' title='bbox 2045 3119 2192 3182; x_wconf 84' lang='grc' dir='ltr'>ὅπως</span> <span class='ocrx_word' id='word_1_390' title='bbox 2244 3117 2308 3173; x_wconf 82' lang='grc' dir='ltr'><strong>ἂν</strong></span> <span class='ocrx_word' id='word_1_391' title='bbox 2349 3116 2751 3188; x_wconf 83' lang='grc' dir='ltr'>προσδεχθῶσιν</span> <span class='ocrx_word' id='word_1_392' title='bbox 2795 3117 3004 3187; x_wconf 74' lang='grc' dir='ltr'>οἱπερὶ</span> <span class='ocrx_word' id='word_1_393' title='bbox 3038 3118 3271 3188; x_wconf 80' lang='grc' dir='ltr'>Ἀρειον.</span> <span class='ocrx_word' id='word_1_394' title='bbox 3312 3117 3632 3180; x_wconf 85' lang='grc' dir='ltr'>Ἀθανάσιος</span> 
     </span>
    </p>
   </div>
   <div class='ocr_carea' id='block_1_62' title="bbox 363 3205 1945 3300">
    <p class='ocr_par' dir='ltr' id='par_1_62' title="bbox 363 3210 1945 3283">
     <span class='ocr_line' id='line_1_62' title="bbox 363 3210 1945 3283; baseline 0.003 -21"><span class='ocrx_word' id='word_1_395' title='bbox 363 3222 488 3262; x_wconf 91' lang='lat' dir='ltr'><strong>cum</strong></span> <span class='ocrx_word' id='word_1_396' title='bbox 512 3210 674 3264; x_wconf 88' lang='lat' dir='ltr'><strong>sociis</strong></span> <span class='ocrx_word' id='word_1_397' title='bbox 698 3211 752 3264; x_wconf 89' lang='lat' dir='ltr'><strong>in</strong></span> <span class='ocrx_word' id='word_1_398' title='bbox 777 3211 1080 3266; x_wconf 89' lang='lat' dir='ltr'><strong>Ecclesiam</strong></span> <span class='ocrx_word' id='word_1_399' title='bbox 1103 3211 1462 3281; x_wconf 90' lang='lat' dir='ltr'><strong>reciperetur.</strong></span> <span class='ocrx_word' id='word_1_400' title='bbox 1483 3211 1685 3266; x_wconf 78' lang='lat' dir='ltr'><strong>Verum</strong></span> <span class='ocrx_word' id='word_1_401' title='bbox 1707 3212 1945 3283; x_wconf 83' lang='lat' dir='ltr'><strong>Athana-</strong></span> 
     </span>
    </p>
   </div>
   <div class='ocr_carea' id='block_1_63' title="bbox 2049 3205 3629 3300">
    <p class='ocr_par' dir='ltr' id='par_1_63' title="bbox 2051 3205 3629 3295">
     <span class='ocr_line' id='line_1_63' title="bbox 2051 3205 3629 3295; baseline -0.001 -31"><span class='ocrx_word' id='word_1_402' title='bbox 2051 3211 2149 3280; x_wconf 79' lang='grc' dir='ltr'>μὲν</span> <span class='ocrx_word' id='word_1_403' title='bbox 2173 3205 2266 3264; x_wconf 78' lang='grc' dir='ltr'>οὖν</span> <span class='ocrx_word' id='word_1_404' title='bbox 2294 3210 2469 3279; x_wconf 81' lang='grc' dir='ltr'>πάντη</span> <span class='ocrx_word' id='word_1_405' title='bbox 2503 3208 2597 3262; x_wconf 81' lang='grc' dir='ltr'>τοῦ</span> <span class='ocrx_word' id='word_1_406' title='bbox 2630 3207 2885 3274; x_wconf 80' lang='grc' dir='ltr'>δέξασθαι</span> <span class='ocrx_word' id='word_1_407' title='bbox 2914 3209 3108 3272; x_wconf 74' lang='grc' dir='ltr'>αὐτοὺς</span> <span class='ocrx_word' id='word_1_408' title='bbox 3139 3210 3629 3295; x_wconf 17' lang='grc' dir='ltr'>ἀπηγόρευσε-ικαὶ</span> 
     </span>
    </p>
   </div>
   <div class='ocr_carea' id='block_1_64' title="bbox 363 3299 1942 3374">
    <p class='ocr_par' dir='ltr' id='par_1_64' title="bbox 363 3299 1942 3374">
     <span class='ocr_line' id='line_1_64' title="bbox 363 3299 1942 3374; baseline 0.003 -20"><span class='ocrx_word' id='word_1_409' title='bbox 363 3299 479 3355; x_wconf 90' lang='lat' dir='ltr'><strong>sius</strong></span> <span class='ocrx_word' id='word_1_410' title='bbox 503 3317 599 3356; x_wconf 91' lang='lat' dir='ltr'><strong>eos</strong></span> <span class='ocrx_word' id='word_1_411' title='bbox 623 3301 914 3358; x_wconf 90' lang='lat' dir='ltr'><strong>admittere</strong></span> <span class='ocrx_word' id='word_1_412' title='bbox 937 3318 1170 3374; x_wconf 89' lang='lat' dir='ltr'><strong>prorsus</strong></span> <span class='ocrx_word' id='word_1_413' title='bbox 1195 3303 1496 3367; x_wconf 88' lang='lat' dir='ltr'><strong>recusavit,</strong></span> <span class='ocrx_word' id='word_1_414' title='bbox 1549 3313 1604 3358; x_wconf 91' lang='lat' dir='ltr'><strong>et</strong></span> <span class='ocrx_word' id='word_1_415' title='bbox 1643 3304 1942 3373; x_wconf 89' lang='lat' dir='ltr'><strong>imperato-</strong></span> 
     </span>
    </p>
   </div>
   <div class='ocr_carea' id='block_1_65' title="bbox 361 3392 1944 3464">
    <p class='ocr_par' dir='ltr' id='par_1_65' title="bbox 361 3392 1944 3464">
     <span class='ocr_line' id='line_1_65' title="bbox 361 3392 1944 3464; baseline 0.003 -20"><span class='ocrx_word' id='word_1_416' title='bbox 361 3407 477 3445; x_wconf 90' lang='lat' dir='ltr'><strong>rem</strong></span> <span class='ocrx_word' id='word_1_417' title='bbox 499 3408 598 3461; x_wconf 89' lang='lat' dir='ltr'><strong>per</strong></span> <span class='ocrx_word' id='word_1_418' title='bbox 617 3393 828 3448; x_wconf 89' lang='lat' dir='ltr'><strong>litteras</strong></span> <span class='ocrx_word' id='word_1_419' title='bbox 850 3392 1037 3448; x_wconf 90' lang='lat' dir='ltr'><strong>docuit</strong></span> <span class='ocrx_word' id='word_1_420' title='bbox 1059 3393 1180 3448; x_wconf 85' lang='lat' dir='ltr'><strong>ﬁeri</strong></span> <span class='ocrx_word' id='word_1_421' title='bbox 1202 3409 1314 3448; x_wconf 91' lang='lat' dir='ltr'><strong>non</strong></span> <span class='ocrx_word' id='word_1_422' title='bbox 1345 3409 1504 3464; x_wconf 91' lang='lat' dir='ltr'><strong>posse</strong></span> <span class='ocrx_word' id='word_1_423' title='bbox 1543 3405 1602 3447; x_wconf 88' lang='lat' dir='ltr'><strong>ut</strong></span> <span class='ocrx_word' id='word_1_424' title='bbox 1634 3395 1743 3464; x_wconf 77' lang='lat' dir='ltr'><strong>qui</strong></span> <span class='ocrx_word' id='word_1_425' title='bbox 1783 3394 1944 3449; x_wconf 86' lang='lat' dir='ltr'><strong>ﬁdem</strong></span> 
     </span>
    </p>
   </div>
   <div class='ocr_carea' id='block_1_66' title="bbox 362 3482 1944 3555">
    <p class='ocr_par' dir='ltr' id='par_1_66' title="bbox 362 3482 1944 3555">
     <span class='ocr_line' id='line_1_66' title="bbox 362 3482 1944 3555; baseline 0.003 -19"><span class='ocrx_word' id='word_1_426' title='bbox 362 3482 531 3537; x_wconf 86' lang='lat' dir='ltr'><strong>semel</strong></span> <span class='ocrx_word' id='word_1_427' title='bbox 551 3484 850 3539; x_wconf 88' lang='lat' dir='ltr'><strong>violassent</strong></span> <span class='ocrx_word' id='word_1_428' title='bbox 873 3491 929 3539; x_wconf 90' lang='lat' dir='ltr'><strong>et</strong></span> <span class='ocrx_word' id='word_1_429' title='bbox 951 3485 1297 3540; x_wconf 83' lang='lat' dir='ltr'><strong>anathemate</strong></span> <span class='ocrx_word' id='word_1_430' title='bbox 1319 3485 1565 3555; x_wconf 90' lang='lat' dir='ltr'><strong>percussi</strong></span> <span class='ocrx_word' id='word_1_431' title='bbox 1588 3495 1791 3551; x_wconf 85' lang='lat' dir='ltr'><strong>essent,</strong></span> <span class='ocrx_word' id='word_1_432' title='bbox 1821 3502 1944 3541; x_wconf 89' lang='lat' dir='ltr'><strong>rur-</strong></span> 
     </span>
    </p>
   </div>
   <div class='ocr_carea' id='block_1_67' title="bbox 362 3569 1942 3647">
    <p class='ocr_par' dir='ltr' id='par_1_67' title="bbox 362 3569 1942 3647">
     <span class='ocr_line' id='line_1_67' title="bbox 362 3569 1942 3647; baseline 0.003 -18"><span class='ocrx_word' id='word_1_433' title='bbox 362 3589 458 3630; x_wconf 87' lang='lat' dir='ltr'><strong>sus</strong></span> <span class='ocrx_word' id='word_1_434' title='bbox 479 3569 546 3629; x_wconf 85' lang='lat' dir='ltr'><strong>de</strong></span> <span class='ocrx_word' id='word_1_435' title='bbox 575 3575 788 3646; x_wconf 84' lang='lat' dir='ltr'><strong>integro</strong></span> <span class='ocrx_word' id='word_1_436' title='bbox 812 3576 1212 3646; x_wconf 89' lang='lat' dir='ltr'><strong>reciperentur.</strong></span> <span class='ocrx_word' id='word_1_437' title='bbox 1237 3576 1543 3647; x_wconf 87' lang='lat' dir='ltr'><strong>Imperator</strong></span> <span class='ocrx_word' id='word_1_438' title='bbox 1561 3592 1691 3633; x_wconf 85' lang='lat' dir='ltr'><strong>vero</strong></span> <span class='ocrx_word' id='word_1_439' title='bbox 1726 3578 1782 3633; x_wconf 90' lang='lat' dir='ltr'><strong>id</strong></span> <span class='ocrx_word' id='word_1_440' title='bbox 1823 3595 1942 3634; x_wconf 92' lang='lat' dir='ltr'><strong>mo-</strong></span> 
     </span>
    </p>
   </div>
   <div class='ocr_carea' id='block_1_68' title="bbox 362 3663 1946 3735">
    <p class='ocr_par' dir='ltr' id='par_1_68' title="bbox 362 3663 1946 3735">
     <span class='ocr_line' id='line_1_68' title="bbox 362 3663 1946 3735; baseline 0.003 -19"><span class='ocrx_word' id='word_1_441' title='bbox 362 3664 498 3718; x_wconf 85' lang='lat' dir='ltr'><strong>leste</strong></span> <span class='ocrx_word' id='word_1_442' title='bbox 521 3663 724 3730; x_wconf 83' lang='lat' dir='ltr'><strong>ferens,</strong></span> <span class='ocrx_word' id='word_1_443' title='bbox 751 3663 1052 3720; x_wconf 82' lang='lat' dir='ltr'><strong>Athanasio</strong></span> <span class='ocrx_word' id='word_1_444' title='bbox 1075 3680 1175 3735; x_wconf 92' lang='lat' dir='ltr'><strong>per</strong></span> <span class='ocrx_word' id='word_1_445' title='bbox 1210 3665 1425 3721; x_wconf 89' lang='lat' dir='ltr'><strong>litteras</strong></span> <span class='ocrx_word' id='word_1_446' title='bbox 1455 3665 1842 3721; x_wconf 89' lang='lat' dir='ltr'><strong>interminatus</strong></span> <span class='ocrx_word' id='word_1_447' title='bbox 1862 3675 1946 3722; x_wconf 88' lang='lat' dir='ltr'><strong>est</strong></span> 
     </span>
    </p>
   </div>
   <div class='ocr_carea' id='block_1_69' title="bbox 364 3754 1944 3828">
    <p class='ocr_par' dir='ltr' id='par_1_69' title="bbox 364 3754 1944 3828">
     <span class='ocr_line' id='line_1_69' title="bbox 364 3754 1944 3828; baseline 0.003 -20"><span class='ocrx_word' id='word_1_448' title='bbox 364 3755 450 3808; x_wconf 85' lang='lat' dir='ltr'><strong>his</strong></span> <span class='ocrx_word' id='word_1_449' title='bbox 494 3754 723 3811; x_wconf 87' lang='lat' dir='ltr'><strong>verbis:</strong></span> <span class='ocrx_word' id='word_1_450' title='bbox 756 3755 896 3811; x_wconf 90' lang='lat' dir='ltr'><strong>Cum</strong></span> <span class='ocrx_word' id='word_1_451' title='bbox 943 3755 1113 3828; x_wconf 80' lang='lat' dir='ltr'><strong>igitur</strong></span> <span class='ocrx_word' id='word_1_452' title='bbox 1155 3756 1455 3812; x_wconf 87' lang='lat' dir='ltr'><strong>voluntatis</strong></span> <span class='ocrx_word' id='word_1_453' title='bbox 1499 3772 1636 3812; x_wconf 80' lang='lat' dir='ltr'><strong>meae</strong></span> <span class='ocrx_word' id='word_1_454' title='bbox 1678 3757 1944 3813; x_wconf 91' lang='lat' dir='ltr'><strong>indicium</strong></span> 
     </span>
    </p>
   </div>
   <div class='ocr_carea' id='block_1_70' title="bbox 361 3845 1942 3914">
    <p class='ocr_par' dir='ltr' id='par_1_70' title="bbox 361 3845 1942 3914">
     <span class='ocr_line' id='line_1_70' title="bbox 361 3845 1942 3914; baseline 0.004 -16"><span class='ocrx_word' id='word_1_455' title='bbox 361 3845 662 3914; x_wconf 83' lang='lat' dir='ltr'><strong>acceperis,</strong></span> <span class='ocrx_word' id='word_1_456' title='bbox 710 3845 795 3901; x_wconf 83' lang='lat' dir='ltr'><strong>fac</strong></span> <span class='ocrx_word' id='word_1_457' title='bbox 837 3854 898 3900; x_wconf 91' lang='lat' dir='ltr'><strong>ut</strong></span> <span class='ocrx_word' id='word_1_458' title='bbox 931 3847 1189 3902; x_wconf 90' lang='lat' dir='ltr'><strong>omnibus</strong></span> <span class='ocrx_word' id='word_1_459' title='bbox 1224 3847 1291 3902; x_wconf 90' lang='lat' dir='ltr'><strong>ad</strong></span> <span class='ocrx_word' id='word_1_460' title='bbox 1330 3847 1634 3902; x_wconf 86' lang='lat' dir='ltr'><strong>Ecclesiam</strong></span> <span class='ocrx_word' id='word_1_461' title='bbox 1673 3849 1942 3906; x_wconf 90' lang='lat' dir='ltr'><strong>accedere</strong></span> 
     </span>
    </p>
   </div>
   <div class='ocr_carea' id='block_1_71' title="bbox 360 3934 1946 4010">
    <p class='ocr_par' dir='ltr' id='par_1_71' title="bbox 360 3934 1946 4010">
     <span class='ocr_line' id='line_1_71' title="bbox 360 3934 1946 4010; baseline 0.004 -23"><span class='ocrx_word' id='word_1_462' title='bbox 360 3934 713 4004; x_wconf 84' lang='lat' dir='ltr'><strong>cupientibus</strong></span> <span class='ocrx_word' id='word_1_463' title='bbox 733 3937 969 3992; x_wconf 88' lang='lat' dir='ltr'><strong>liberum</strong></span> <span class='ocrx_word' id='word_1_464' title='bbox 995 3937 1203 3994; x_wconf 90' lang='lat' dir='ltr'><strong>aditum</strong></span> <span class='ocrx_word' id='word_1_465' title='bbox 1226 3939 1492 4010; x_wconf 66' lang='lat' dir='ltr'><strong>praebeas.</strong></span> <span class='ocrx_word' id='word_1_466' title='bbox 1518 3939 1656 3994; x_wconf 87' lang='lat' dir='ltr'><strong>Nam</strong></span> <span class='ocrx_word' id='word_1_467' title='bbox 1683 3940 1728 3994; x_wconf 91' lang='lat' dir='ltr'><strong>si</strong></span> <span class='ocrx_word' id='word_1_468' title='bbox 1753 3956 1946 4010; x_wconf 90' lang='lat' dir='ltr'><strong>quem-</strong></span> 
     </span>
    </p>
   </div>
   <div class='ocr_carea' id='block_1_72' title="bbox 361 4031 1942 4104">
    <p class='ocr_par' dir='ltr' id='par_1_72' title="bbox 361 4031 1942 4104">
     <span class='ocr_line' id='line_1_72' title="bbox 361 4031 1942 4104; baseline 0.005 -23"><span class='ocrx_word' id='word_1_469' title='bbox 361 4042 525 4097; x_wconf 89' lang='lat' dir='ltr'><strong>quam</strong></span> <span class='ocrx_word' id='word_1_470' title='bbox 548 4042 739 4084; x_wconf 91' lang='lat' dir='ltr'><strong>eorum</strong></span> <span class='ocrx_word' id='word_1_471' title='bbox 762 4031 857 4101; x_wconf 91' lang='lat' dir='ltr'><strong>qui</strong></span> <span class='ocrx_word' id='word_1_472' title='bbox 891 4031 1151 4089; x_wconf 69' lang='lat' dir='ltr'><strong>Ecclesiae</strong></span> <span class='ocrx_word' id='word_1_473' title='bbox 1175 4033 1373 4088; x_wconf 89' lang='lat' dir='ltr'><strong>sociari</strong></span> <span class='ocrx_word' id='word_1_474' title='bbox 1396 4039 1680 4104; x_wconf 85' lang='lat' dir='ltr'><strong>expetunt,</strong></span> <span class='ocrx_word' id='word_1_475' title='bbox 1708 4032 1942 4104; x_wconf 90' lang='lat' dir='ltr'><strong>impedi-</strong></span> 
     </span>
    </p>
   </div>
   <div class='ocr_carea' id='block_1_73' title="bbox 363 4121 1939 4195">
    <p class='ocr_par' dir='ltr' id='par_1_73' title="bbox 363 4121 1939 4195">
     <span class='ocr_line' id='line_1_73' title="bbox 363 4121 1939 4195; baseline 0.004 -22"><span class='ocrx_word' id='word_1_476' title='bbox 363 4129 476 4173; x_wconf 88' lang='lat' dir='ltr'><strong>tum</strong></span> <span class='ocrx_word' id='word_1_477' title='bbox 519 4134 640 4176; x_wconf 89' lang='lat' dir='ltr'><strong>esse</strong></span> <span class='ocrx_word' id='word_1_478' title='bbox 675 4121 776 4178; x_wconf 87' lang='lat' dir='ltr'><strong>abs</strong></span> <span class='ocrx_word' id='word_1_479' title='bbox 820 4130 873 4178; x_wconf 91' lang='lat' dir='ltr'><strong>te</strong></span> <span class='ocrx_word' id='word_1_480' title='bbox 916 4131 974 4179; x_wconf 86' lang='lat' dir='ltr'><strong>et</strong></span> <span class='ocrx_word' id='word_1_481' title='bbox 1009 4123 1161 4180; x_wconf 90' lang='lat' dir='ltr'><strong>aditu</strong></span> <span class='ocrx_word' id='word_1_482' title='bbox 1197 4124 1534 4195; x_wconf 89' lang='lat' dir='ltr'><strong>prohibitum</strong></span> <span class='ocrx_word' id='word_1_483' title='bbox 1586 4124 1939 4190; x_wconf 84' lang='lat' dir='ltr'><strong>intellexero,</strong></span> 
     </span>
    </p>
   </div>
   <div class='ocr_carea' id='block_1_74' title="bbox 363 4207 1944 4288">
    <p class='ocr_par' dir='ltr' id='par_1_74' title="bbox 363 4207 1944 4288">
     <span class='ocr_line' id='line_1_74' title="bbox 363 4207 1944 4288; baseline 0.004 -22"><span class='ocrx_word' id='word_1_484' title='bbox 363 4212 574 4266; x_wconf 77' lang='lat' dir='ltr'><strong>mittam</strong></span> <span class='ocrx_word' id='word_1_485' title='bbox 599 4215 865 4270; x_wconf 88' lang='lat' dir='ltr'><strong>continuo</strong></span> <span class='ocrx_word' id='word_1_486' title='bbox 889 4216 1128 4286; x_wconf 88' lang='lat' dir='ltr'><strong>aliquem</strong></span> <span class='ocrx_word' id='word_1_487' title='bbox 1164 4217 1259 4288; x_wconf 90' lang='lat' dir='ltr'><strong>qui</strong></span> <span class='ocrx_word' id='word_1_488' title='bbox 1296 4215 1571 4271; x_wconf 89' lang='lat' dir='ltr'><strong>mandatis</strong></span> <span class='ocrx_word' id='word_1_489' title='bbox 1608 4207 1748 4272; x_wconf 84' lang='lat' dir='ltr'><strong>meis</strong></span> <span class='ocrx_word' id='word_1_490' title='bbox 1785 4216 1944 4272; x_wconf 87' lang='lat' dir='ltr'><strong>obse-</strong></span> 
     </span>
    </p>
   </div>
   <div class='ocr_carea' id='block_1_75' title="bbox 360 4305 1938 4379">
    <p class='ocr_par' dir='ltr' id='par_1_75' title="bbox 360 4305 1938 4379">
     <span class='ocr_line' id='line_1_75' title="bbox 360 4305 1938 4379; baseline 0.005 -23"><span class='ocrx_word' id='word_1_491' title='bbox 360 4318 556 4372; x_wconf 90' lang='lat' dir='ltr'><strong>quens,</strong></span> <span class='ocrx_word' id='word_1_492' title='bbox 582 4313 636 4360; x_wconf 91' lang='lat' dir='ltr'><strong>te</strong></span> <span class='ocrx_word' id='word_1_493' title='bbox 663 4305 923 4375; x_wconf 89' lang='lat' dir='ltr'><strong>deponat,</strong></span> <span class='ocrx_word' id='word_1_494' title='bbox 954 4315 1011 4362; x_wconf 90' lang='lat' dir='ltr'><strong>et</strong></span> <span class='ocrx_word' id='word_1_495' title='bbox 1049 4316 1203 4363; x_wconf 86' lang='lat' dir='ltr'><strong>extra</strong></span> <span class='ocrx_word' id='word_1_496' title='bbox 1228 4309 1461 4379; x_wconf 87' lang='lat' dir='ltr'><strong>patriam</strong></span> <span class='ocrx_word' id='word_1_497' title='bbox 1485 4317 1636 4364; x_wconf 86' lang='lat' dir='ltr'><strong>tuam</strong></span> <span class='ocrx_word' id='word_1_498' title='bbox 1668 4310 1938 4379; x_wconf 88' lang='lat' dir='ltr'><strong>deportet.</strong></span> 
     </span>
    </p>
   </div>
   <div class='ocr_carea' id='block_1_76' title="bbox 361 4395 1938 4472">
    <p class='ocr_par' dir='ltr' id='par_1_76' title="bbox 361 4395 1938 4472">
     <span class='ocr_line' id='line_1_76' title="bbox 361 4395 1938 4472; baseline 0.006 -24"><span class='ocrx_word' id='word_1_499' title='bbox 361 4395 487 4449; x_wconf 82' lang='lat' dir='ltr'><strong>Haec</strong></span> <span class='ocrx_word' id='word_1_500' title='bbox 512 4396 812 4466; x_wconf 88' lang='lat' dir='ltr'><strong>imperator</strong></span> <span class='ocrx_word' id='word_1_501' title='bbox 835 4398 1060 4454; x_wconf 89' lang='lat' dir='ltr'><strong>utilitati</strong></span> <span class='ocrx_word' id='word_1_502' title='bbox 1097 4400 1331 4470; x_wconf 58' lang='lat' dir='ltr'><strong>publica:</strong></span> <span class='ocrx_word' id='word_1_503' title='bbox 1372 4402 1667 4457; x_wconf 88' lang='lat' dir='ltr'><strong>consulens</strong></span> <span class='ocrx_word' id='word_1_504' title='bbox 1700 4401 1938 4472; x_wconf 89' lang='lat' dir='ltr'><strong>scripsit,</strong></span> 
     </span>
    </p>
   </div>
   <div class='ocr_carea' id='block_1_77' title="bbox 361 4487 1943 4562">
    <p class='ocr_par' dir='ltr' id='par_1_77' title="bbox 361 4487 1943 4562">
     <span class='ocr_line' id='line_1_77' title="bbox 361 4487 1943 4562; baseline 0.006 -24"><span class='ocrx_word' id='word_1_505' title='bbox 361 4501 486 4539; x_wconf 89' lang='lat' dir='ltr'><strong>cum</strong></span> <span class='ocrx_word' id='word_1_506' title='bbox 511 4487 772 4544; x_wconf 59' lang='lat' dir='ltr'><strong>Ecclesiae</strong></span> <span class='ocrx_word' id='word_1_507' title='bbox 795 4489 1047 4545; x_wconf 89' lang='lat' dir='ltr'><strong>membra</strong></span> <span class='ocrx_word' id='word_1_508' title='bbox 1069 4489 1255 4545; x_wconf 90' lang='lat' dir='ltr'><strong>divelli</strong></span> <span class='ocrx_word' id='word_1_509' title='bbox 1279 4491 1469 4547; x_wconf 85' lang='lat' dir='ltr'><strong>nollet.</strong></span> <span class='ocrx_word' id='word_1_510' title='bbox 1496 4491 1557 4546; x_wconf 88' lang='lat' dir='ltr'><strong>Id</strong></span> <span class='ocrx_word' id='word_1_511' title='bbox 1580 4492 1728 4547; x_wconf 86' lang='lat' dir='ltr'><strong>enim</strong></span> <span class='ocrx_word' id='word_1_512' title='bbox 1751 4493 1943 4562; x_wconf 71' lang='lat' dir='ltr'><strong>praeci-</strong></span> 
     </span>
    </p>
   </div>
   <div class='ocr_carea' id='block_1_78' title="bbox 2047 3293 3629 3372">
    <p class='ocr_par' dir='ltr' id='par_1_78' title="bbox 2047 3293 3629 3372">
     <span class='ocr_line' id='line_1_78' title="bbox 2047 3293 3629 3372; baseline -0.001 -17"><span class='ocrx_word' id='word_1_513' title='bbox 2047 3302 2138 3355; x_wconf 80' lang='grc' dir='ltr'>τὺν</span> <span class='ocrx_word' id='word_1_514' title='bbox 2187 3301 2408 3372; x_wconf 81' lang='grc' dir='ltr'>βασιλέα</span> <span class='ocrx_word' id='word_1_515' title='bbox 2431 3301 2657 3372; x_wconf 76' lang='grc' dir='ltr'>γράφων</span> <span class='ocrx_word' id='word_1_516' title='bbox 2686 3300 2983 3365; x_wconf 74' lang='grc' dir='ltr'>ἐδίδασκεν,</span> <span class='ocrx_word' id='word_1_517' title='bbox 3028 3300 3288 3355; x_wconf 87' lang='grc' dir='ltr'>ἀδύνατον</span> <span class='ocrx_word' id='word_1_518' title='bbox 3331 3298 3470 3354; x_wconf 86' lang='grc' dir='ltr'>εἶναι</span> <span class='ocrx_word' id='word_1_519' title='bbox 3503 3293 3629 3364; x_wconf 82' lang='grc' dir='ltr'>τοὺς</span> 
     </span>
    </p>
   </div>
   <div class='ocr_carea' id='block_1_79' title="bbox 2048 3392 3628 3465">
    <p class='ocr_par' dir='ltr' id='par_1_79' title="bbox 2048 3392 3628 3465">
     <span class='ocr_line' id='line_1_79' title="bbox 2048 3392 3628 3465; baseline -0.003 -16"><span class='ocrx_word' id='word_1_520' title='bbox 2048 3395 2195 3460; x_wconf 77' lang='grc' dir='ltr'>ἅπαξ</span> <span class='ocrx_word' id='word_1_521' title='bbox 2219 3395 2320 3465; x_wconf 83' lang='grc' dir='ltr'><strong>τὴν</strong></span> <span class='ocrx_word' id='word_1_522' title='bbox 2340 3394 2522 3447; x_wconf 88' lang='grc' dir='ltr'>πίστιν</span> <span class='ocrx_word' id='word_1_523' title='bbox 2549 3393 2936 3464; x_wconf 83' lang='grc' dir='ltr'>ἀθετήσαντας,</span> <span class='ocrx_word' id='word_1_524' title='bbox 2961 3393 3056 3446; x_wconf 79' lang='grc' dir='ltr'>καὶ</span> <span class='ocrx_word' id='word_1_525' title='bbox 3075 3392 3628 3462; x_wconf 86' lang='grc' dir='ltr'>ἀναθεματισθέντας,</span> 
     </span>
    </p>
   </div>
   <div class='ocr_carea' id='block_1_80' title="bbox 2046 3481 3631 3555">
    <p class='ocr_par' dir='ltr' id='par_1_80' title="bbox 2046 3481 3631 3555">
     <span class='ocr_line' id='line_1_80' title="bbox 2046 3481 3631 3555; baseline -0.001 -17"><span class='ocrx_word' id='word_1_526' title='bbox 2046 3481 2201 3549; x_wconf 78' lang='grc' dir='ltr'>αὖθις</span> <span class='ocrx_word' id='word_1_527' title='bbox 2225 3484 2284 3552; x_wconf 75' lang='grc' dir='ltr'><strong>ἐξ</strong></span> <span class='ocrx_word' id='word_1_528' title='bbox 2314 3484 2659 3555; x_wconf 79' lang='grc' dir='ltr'>ὑποστροφῆς</span> <span class='ocrx_word' id='word_1_529' title='bbox 2686 3483 3175 3554; x_wconf 78' lang='grc' dir='ltr'>συλλαμϐάνεσθαι.</span> <span class='ocrx_word' id='word_1_530' title='bbox 3213 3485 3271 3538; x_wconf 84' lang='lat' dir='ltr'><strong>&#39;O</strong></span> <span class='ocrx_word' id='word_1_531' title='bbox 3294 3485 3350 3538; x_wconf 81' lang='grc' dir='ltr'><strong>δὲ</strong></span> <span class='ocrx_word' id='word_1_532' title='bbox 3379 3483 3631 3555; x_wconf 83' lang='grc' dir='ltr'>βασιλεὺς</span> 
     </span>
    </p>
   </div>
   <div class='ocr_carea' id='block_1_81' title="bbox 2049 3573 3632 3648">
    <p class='ocr_par' dir='ltr' id='par_1_81' title="bbox 2049 3573 3632 3648">
     <span class='ocr_line' id='line_1_81' title="bbox 2049 3573 3632 3648; baseline -0.003 -17"><span class='ocrx_word' id='word_1_533' title='bbox 2049 3576 2257 3647; x_wconf 89' lang='grc' dir='ltr'>βαρέως</span> <span class='ocrx_word' id='word_1_534' title='bbox 2314 3573 2572 3645; x_wconf 78' lang='grc' dir='ltr'>ἐνεγκὼν,</span> <span class='ocrx_word' id='word_1_535' title='bbox 2620 3573 2746 3628; x_wconf 85' lang='grc' dir='ltr'>τάδε</span> <span class='ocrx_word' id='word_1_536' title='bbox 2784 3575 3081 3646; x_wconf 84' lang='grc' dir='ltr'>Ἀθανασίῳ</span> <span class='ocrx_word' id='word_1_537' title='bbox 3130 3574 3356 3648; x_wconf 75' lang='grc' dir='ltr'>γράφων</span> <span class='ocrx_word' id='word_1_538' title='bbox 3402 3575 3632 3646; x_wconf 69' lang='grc' dir='ltr'>ἠπείληο</span> 
     </span>
    </p>
   </div>
   <div class='ocr_carea' id='block_1_82' title="bbox 2048 3666 3630 3738">
    <p class='ocr_par' dir='ltr' id='par_1_82' title="bbox 2048 3666 3630 3738">
     <span class='ocr_line' id='line_1_82' title="bbox 2048 3666 3630 3738; baseline 0 -17"><span class='ocrx_word' id='word_1_539' title='bbox 2048 3685 2105 3721; x_wconf 87' lang='grc' dir='ltr'><strong>σε</strong></span> <span class='ocrx_word' id='word_1_540' title='bbox 2136 3668 2272 3738; x_wconf 76' lang='grc'>(35).</span> <span class='ocrx_word' id='word_1_541' title='bbox 2293 3668 2473 3738; x_wconf 81' lang='grc' dir='ltr'>Μέρος</span> <span class='ocrx_word' id='word_1_542' title='bbox 2505 3666 2793 3737; x_wconf 77' lang='grc' dir='ltr'>ἐπιστολῆς</span> <span class='ocrx_word' id='word_1_543' title='bbox 2821 3666 2914 3720; x_wconf 82' lang='grc' dir='ltr'>τοῦ</span> <span class='ocrx_word' id='word_1_544' title='bbox 2941 3666 3218 3737; x_wconf 88' lang='grc' dir='ltr'>βασιλέως·</span> <span class='ocrx_word' id='word_1_545' title='bbox 3240 3668 3419 3738; x_wconf 90' lang='grc' dir='ltr'>Ἕχων</span> <span class='ocrx_word' id='word_1_546' title='bbox 3453 3667 3630 3721; x_wconf 87' lang='grc' dir='ltr'>τοίνυν</span> 
     </span>
    </p>
   </div>
   <div class='ocr_carea' id='block_1_83' title="bbox 2051 3757 3629 3831">
    <p class='ocr_par' dir='ltr' id='par_1_83' title="bbox 2051 3757 3629 3831">
     <span class='ocr_line' id='line_1_83' title="bbox 2051 3757 3629 3831; baseline 0 -19"><span class='ocrx_word' id='word_1_547' title='bbox 2051 3759 2150 3830; x_wconf 83' lang='grc' dir='ltr'><strong>τῆς</strong></span> <span class='ocrx_word' id='word_1_548' title='bbox 2199 3760 2336 3831; x_wconf 78' lang='grc' dir='ltr'>ἐμῆς</span> <span class='ocrx_word' id='word_1_549' title='bbox 2373 3758 2564 3829; x_wconf 82' lang='grc' dir='ltr'>βουλῆς</span> <span class='ocrx_word' id='word_1_550' title='bbox 2601 3759 2662 3812; x_wconf 84' lang='grc' dir='ltr'><strong>τὸ</strong></span> <span class='ocrx_word' id='word_1_551' title='bbox 2708 3757 3016 3829; x_wconf 84' lang='grc' dir='ltr'>γνώρισμα,</span> <span class='ocrx_word' id='word_1_552' title='bbox 3049 3761 3183 3813; x_wconf 86' lang='grc' dir='ltr'>πᾶσι</span> <span class='ocrx_word' id='word_1_553' title='bbox 3218 3762 3329 3822; x_wconf 87' lang='grc' dir='ltr'>τοῖς</span> <span class='ocrx_word' id='word_1_554' title='bbox 3367 3759 3629 3830; x_wconf 78' lang='grc' dir='ltr'>βουλομέο</span> 
     </span>
    </p>
   </div>
   <div class='ocr_carea' id='block_1_84' title="bbox 2046 3847 3630 3922">
    <p class='ocr_par' dir='ltr' id='par_1_84' title="bbox 2046 3847 3630 3922">
     <span class='ocr_line' id='line_1_84' title="bbox 2046 3847 3630 3922; baseline 0 -19"><span class='ocrx_word' id='word_1_555' title='bbox 2046 3867 2156 3914; x_wconf 90' lang='grc' dir='ltr'>νοις</span> <span class='ocrx_word' id='word_1_556' title='bbox 2187 3849 2268 3913; x_wconf 89' lang='grc' dir='ltr'><strong>εἰς</strong></span> <span class='ocrx_word' id='word_1_557' title='bbox 2302 3850 2401 3920; x_wconf 77' lang='grc' dir='ltr'>τὴν</span> <span class='ocrx_word' id='word_1_558' title='bbox 2450 3847 2772 3919; x_wconf 87' lang='grc' dir='ltr'>Ἐκκλησίαν</span> <span class='ocrx_word' id='word_1_559' title='bbox 2815 3848 3092 3914; x_wconf 78' lang='grc' dir='ltr'>εἰσελθεῖν,</span> <span class='ocrx_word' id='word_1_560' title='bbox 3135 3849 3411 3904; x_wconf 86' lang='grc' dir='ltr'>ἀκώλυτον</span> <span class='ocrx_word' id='word_1_561' title='bbox 3452 3851 3630 3922; x_wconf 80' lang='grc' dir='ltr'>παρά-</span> 
     </span>
    </p>
   </div>
   <div class='ocr_carea' id='block_1_85' title="bbox 2049 3939 3628 4013">
    <p class='ocr_par' dir='ltr' id='par_1_85' title="bbox 2049 3939 3628 4013">
     <span class='ocr_line' id='line_1_85' title="bbox 2049 3939 3628 4013; baseline -0.001 -18"><span class='ocrx_word' id='word_1_562' title='bbox 2049 3960 2176 4013; x_wconf 91' lang='grc' dir='ltr'>σχου</span> <span class='ocrx_word' id='word_1_563' title='bbox 2199 3941 2300 4013; x_wconf 80' lang='grc' dir='ltr'><strong>τὴν</strong></span> <span class='ocrx_word' id='word_1_564' title='bbox 2326 3940 2546 3995; x_wconf 70' lang='grc' dir='ltr'>εἴσοδον.</span> <span class='ocrx_word' id='word_1_565' title='bbox 2595 3939 2722 3996; x_wconf 81' lang='grc' dir='ltr'>Ἐὰν</span> <span class='ocrx_word' id='word_1_566' title='bbox 2754 3940 2862 4012; x_wconf 87' lang='grc' dir='ltr'><strong>γάρ</strong></span> <span class='ocrx_word' id='word_1_567' title='bbox 2890 3941 3004 4010; x_wconf 86' lang='grc' dir='ltr'>γνῶ</span> <span class='ocrx_word' id='word_1_568' title='bbox 3028 3941 3102 4004; x_wconf 86' lang='grc' dir='ltr'><strong>ὡς</strong></span> <span class='ocrx_word' id='word_1_569' title='bbox 3131 3941 3450 4004; x_wconf 84' lang='grc' dir='ltr'>κεκώλυκας</span> <span class='ocrx_word' id='word_1_570' title='bbox 3477 3942 3628 4005; x_wconf 70' lang='grc' dir='ltr'>τινὰς</span> 
     </span>
    </p>
   </div>
   <div class='ocr_carea' id='block_1_86' title="bbox 2046 4033 3628 4106">
    <p class='ocr_par' dir='ltr' id='par_1_86' title="bbox 2046 4033 3628 4106">
     <span class='ocr_line' id='line_1_86' title="bbox 2046 4033 3628 4106; baseline 0 -18"><span class='ocrx_word' id='word_1_571' title='bbox 2046 4037 2223 4090; x_wconf 84' lang='grc' dir='ltr'>αὐτῶν</span> <span class='ocrx_word' id='word_1_572' title='bbox 2251 4036 2348 4106; x_wconf 86' lang='grc' dir='ltr'>τῆς</span> <span class='ocrx_word' id='word_1_573' title='bbox 2384 4033 2710 4104; x_wconf 89' lang='grc' dir='ltr'>Ἐκκλησίας</span> <span class='ocrx_word' id='word_1_574' title='bbox 2746 4035 3256 4106; x_wconf 86' lang='grc' dir='ltr'>μεταποιουμένους,</span> <span class='ocrx_word' id='word_1_575' title='bbox 3285 4035 3316 4104; x_wconf 82' lang='grc' dir='ltr'>ἢ</span> <span class='ocrx_word' id='word_1_576' title='bbox 3359 4035 3628 4104; x_wconf 83' lang='grc' dir='ltr'>ἀπεῖρξας</span> 
     </span>
    </p>
   </div>
   <div class='ocr_carea' id='block_1_87' title="bbox 2043 4123 3629 4198">
    <p class='ocr_par' dir='ltr' id='par_1_87' title="bbox 2043 4123 3629 4198">
     <span class='ocr_line' id='line_1_87' title="bbox 2043 4123 3629 4198; baseline 0 -18"><span class='ocrx_word' id='word_1_577' title='bbox 2043 4127 2145 4196; x_wconf 82' lang='grc' dir='ltr'>τῆς</span> <span class='ocrx_word' id='word_1_578' title='bbox 2180 4125 2404 4190; x_wconf 82' lang='grc' dir='ltr'>εἰσόδου,</span> <span class='ocrx_word' id='word_1_579' title='bbox 2435 4123 2718 4179; x_wconf 83' lang='grc' dir='ltr'>ἀποστελῶ</span> <span class='ocrx_word' id='word_1_580' title='bbox 2741 4125 3081 4198; x_wconf 83' lang='grc' dir='ltr'>παραχρῆμα</span> <span class='ocrx_word' id='word_1_581' title='bbox 3107 4124 3197 4179; x_wconf 81' lang='grc' dir='ltr'><strong>τὸν</strong></span> <span class='ocrx_word' id='word_1_582' title='bbox 3220 4127 3629 4198; x_wconf 80' lang='grc' dir='ltr'>καθαιρήσοντά</span> 
     </span>
    </p>
   </div>
   <div class='ocr_carea' id='block_1_88' title="bbox 2048 4213 3626 4287">
    <p class='ocr_par' dir='ltr' id='par_1_88' title="bbox 2048 4213 3626 4287">
     <span class='ocr_line' id='line_1_88' title="bbox 2048 4213 3626 4287; baseline 0 -19"><span class='ocrx_word' id='word_1_583' title='bbox 2048 4232 2106 4268; x_wconf 86' lang='grc' dir='ltr'><strong>σε</strong></span> <span class='ocrx_word' id='word_1_584' title='bbox 2150 4215 2208 4281; x_wconf 79' lang='grc' dir='ltr'>ἐξ</span> <span class='ocrx_word' id='word_1_585' title='bbox 2239 4214 2380 4286; x_wconf 81' lang='grc' dir='ltr'>ἐμῆς</span> <span class='ocrx_word' id='word_1_586' title='bbox 2418 4213 2735 4279; x_wconf 83' lang='grc' dir='ltr'>κελεύσεως,</span> <span class='ocrx_word' id='word_1_587' title='bbox 2775 4214 2868 4267; x_wconf 79' lang='grc' dir='ltr'>καὶ</span> <span class='ocrx_word' id='word_1_588' title='bbox 2899 4215 3009 4268; x_wconf 87' lang='grc' dir='ltr'>τῶν</span> <span class='ocrx_word' id='word_1_589' title='bbox 3041 4215 3220 4268; x_wconf 90' lang='grc' dir='ltr'>τόπων</span> <span class='ocrx_word' id='word_1_590' title='bbox 3259 4217 3626 4287; x_wconf 81' lang='grc' dir='ltr'>μεταστήσον-</span> 
     </span>
    </p>
   </div>
   <div class='ocr_carea' id='block_1_89' title="bbox 2043 4304 3628 4376">
    <p class='ocr_par' dir='ltr' id='par_1_89' title="bbox 2043 4304 3628 4376">
     <span class='ocr_line' id='line_1_89' title="bbox 2043 4304 3628 4376; baseline 0.001 -18"><span class='ocrx_word' id='word_1_591' title='bbox 2043 4323 2130 4359; x_wconf 89' lang='grc' dir='ltr'>τα.</span> <span class='ocrx_word' id='word_1_592' title='bbox 2171 4305 2356 4358; x_wconf 82' lang='grc' dir='ltr'>Ταῦτα</span> <span class='ocrx_word' id='word_1_593' title='bbox 2406 4305 2642 4376; x_wconf 71' lang='grc' dir='ltr'>ἔγραφεν</span> <span class='ocrx_word' id='word_1_594' title='bbox 2687 4307 2717 4358; x_wconf 86' lang='grc' dir='ltr'><strong>ό</strong></span> <span class='ocrx_word' id='word_1_595' title='bbox 2763 4304 3033 4376; x_wconf 80' lang='grc' dir='ltr'>βασιλεὺς,</span> <span class='ocrx_word' id='word_1_596' title='bbox 3074 4306 3169 4360; x_wconf 83' lang='grc' dir='ltr'>τοῦ</span> <span class='ocrx_word' id='word_1_597' title='bbox 3221 4306 3628 4370; x_wconf 78' lang='grc' dir='ltr'>λυσιτελοῦντος</span> 
     </span>
    </p>
   </div>
   <div class='ocr_carea' id='block_1_90' title="bbox 2044 4397 3626 4471">
    <p class='ocr_par' dir='ltr' id='par_1_90' title="bbox 2044 4397 3626 4471">
     <span class='ocr_line' id='line_1_90' title="bbox 2044 4397 3626 4471; baseline 0.003 -21"><span class='ocrx_word' id='word_1_598' title='bbox 2044 4397 2345 4465; x_wconf 86' lang='grc' dir='ltr'>γινόμενος,</span> <span class='ocrx_word' id='word_1_599' title='bbox 2385 4397 2477 4451; x_wconf 79' lang='grc' dir='ltr'><strong>καὶ</strong></span> <span class='ocrx_word' id='word_1_600' title='bbox 2521 4399 2596 4468; x_wconf 78' lang='grc' dir='ltr'>μὴ</span> <span class='ocrx_word' id='word_1_601' title='bbox 2641 4397 2961 4469; x_wconf 87' lang='grc' dir='ltr'>βουλόμενος</span> <span class='ocrx_word' id='word_1_602' title='bbox 2999 4399 3098 4469; x_wconf 83' lang='grc' dir='ltr'><strong>τὴν</strong></span> <span class='ocrx_word' id='word_1_603' title='bbox 3135 4399 3461 4471; x_wconf 87' lang='grc' dir='ltr'>Ἐκκλησίαν</span> <span class='ocrx_word' id='word_1_604' title='bbox 3508 4400 3626 4454; x_wconf 82' lang='grc' dir='ltr'>δια-</span> 
     </span>
    </p>
   </div>
   <div class='ocr_carea' id='block_1_91' title="bbox 2046 4488 3628 4562">
    <p class='ocr_par' dir='ltr' id='par_1_91' title="bbox 2046 4488 3628 4562">
     <span class='ocr_line' id='line_1_91' title="bbox 2046 4488 3628 4562; baseline 0.002 -21"><span class='ocrx_word' id='word_1_605' title='bbox 2046 4489 2283 4542; x_wconf 83' lang='grc' dir='ltr'>σπᾶσθαι</span> <span class='ocrx_word' id='word_1_606' title='bbox 2315 4488 2447 4560; x_wconf 76' lang='grc'>(56).</span> <span class='ocrx_word' id='word_1_607' title='bbox 2499 4491 2637 4554; x_wconf 80' lang='grc' dir='ltr'>Τοὺς</span> <span class='ocrx_word' id='word_1_608' title='bbox 2684 4489 2792 4562; x_wconf 81' lang='grc' dir='ltr'>γὰρ</span> <span class='ocrx_word' id='word_1_609' title='bbox 2832 4490 3039 4553; x_wconf 77' lang='grc' dir='ltr'>πάντας</span> <span class='ocrx_word' id='word_1_610' title='bbox 3092 4491 3186 4544; x_wconf 73' lang='grc' dir='ltr'><strong>ἐπὶ</strong></span> <span class='ocrx_word' id='word_1_611' title='bbox 3240 4491 3340 4562; x_wconf 83' lang='grc' dir='ltr'>τὴν</span> <span class='ocrx_word' id='word_1_612' title='bbox 3373 4491 3628 4562; x_wconf 84' lang='grc' dir='ltr'>ὁμόνοιαν</span> 
     </span>
    </p>
   </div>
   <div class='ocr_carea' id='block_1_92' title="bbox 361 4571 1945 4653">
    <p class='ocr_par' dir='ltr' id='par_1_92' title="bbox 361 4579 1940 4648">
     <span class='ocr_line' id='line_1_92' title="bbox 361 4579 1940 4648; baseline 0.005 -18"><span class='ocrx_word' id='word_1_613' title='bbox 361 4592 468 4648; x_wconf 87' lang='lat' dir='ltr'><strong>pue</strong></span> <span class='ocrx_word' id='word_1_614' title='bbox 490 4579 738 4644; x_wconf 89' lang='lat' dir='ltr'><strong>curabat,</strong></span> <span class='ocrx_word' id='word_1_615' title='bbox 785 4587 848 4636; x_wconf 90' lang='lat' dir='ltr'><strong>ut</strong></span> <span class='ocrx_word' id='word_1_616' title='bbox 889 4595 1082 4636; x_wconf 90' lang='lat' dir='ltr'><strong>omnes</strong></span> <span class='ocrx_word' id='word_1_617' title='bbox 1124 4579 1193 4636; x_wconf 88' lang='lat' dir='ltr'><strong>ad</strong></span> <span class='ocrx_word' id='word_1_618' title='bbox 1236 4581 1586 4638; x_wconf 90' lang='lat' dir='ltr'><strong>concordiam</strong></span> <span class='ocrx_word' id='word_1_619' title='bbox 1629 4581 1940 4638; x_wconf 89' lang='lat' dir='ltr'><strong>reduceret.</strong></span> 
     </span>
    </p>
   </div>
   <div class='ocr_carea' id='block_1_93' title="bbox 2049 4571 3627 4653">
    <p class='ocr_par' dir='ltr' id='par_1_93' title="bbox 2049 4580 3627 4653">
     <span class='ocr_line' id='line_1_93' title="bbox 2049 4580 3627 4653; baseline -0.001 -15"><span class='ocrx_word' id='word_1_620' title='bbox 2049 4583 2198 4652; x_wconf 78' lang='grc' dir='ltr'>ἄγειν</span> <span class='ocrx_word' id='word_1_621' title='bbox 2235 4582 2548 4648; x_wconf 79' lang='grc' dir='ltr'>ἐσπούδαζε.</span> <span class='ocrx_word' id='word_1_622' title='bbox 2587 4583 2719 4636; x_wconf 87' lang='grc' dir='ltr'>Τότε</span> <span class='ocrx_word' id='word_1_623' title='bbox 2767 4582 2831 4653; x_wconf 84' lang='grc' dir='ltr'>δὴ</span> <span class='ocrx_word' id='word_1_624' title='bbox 2878 4581 3066 4653; x_wconf 81' lang='grc' dir='ltr'>καιρὸν</span> <span class='ocrx_word' id='word_1_625' title='bbox 3107 4580 3361 4652; x_wconf 80' lang='grc' dir='ltr'>εὔκαιρον</span> <span class='ocrx_word' id='word_1_626' title='bbox 3409 4584 3458 4635; x_wconf 88' lang='grc' dir='ltr'><strong>οἰ</strong></span> <span class='ocrx_word' id='word_1_627' title='bbox 3497 4583 3627 4649; x_wconf 76' lang='grc' dir='ltr'>περὶ</span> 
     </span>
    </p>
   </div>
   <div class='ocr_carea' id='block_1_94' title="bbox 363 4669 1939 4744">
    <p class='ocr_par' dir='ltr' id='par_1_94' title="bbox 363 4669 1939 4744">
     <span class='ocr_line' id='line_1_94' title="bbox 363 4669 1939 4744; baseline 0.004 -20"><span class='ocrx_word' id='word_1_628' title='bbox 363 4669 519 4726; x_wconf 88' lang='lat' dir='ltr'><strong>Tunc</strong></span> <span class='ocrx_word' id='word_1_629' title='bbox 561 4671 728 4743; x_wconf 87' lang='lat' dir='ltr'><strong>igitur</strong></span> <span class='ocrx_word' id='word_1_630' title='bbox 770 4671 1097 4740; x_wconf 88' lang='lat' dir='ltr'><strong>Eusebiani,</strong></span> <span class='ocrx_word' id='word_1_631' title='bbox 1142 4673 1236 4744; x_wconf 92' lang='lat' dir='ltr'><strong>qui</strong></span> <span class='ocrx_word' id='word_1_632' title='bbox 1278 4674 1542 4731; x_wconf 88' lang='lat' dir='ltr'><strong>adversus</strong></span> <span class='ocrx_word' id='word_1_633' title='bbox 1579 4674 1939 4730; x_wconf 82' lang='lat' dir='ltr'><strong>Athanasium</strong></span> 
     </span>
    </p>
   </div>
   <div class='ocr_carea' id='block_1_95' title="bbox 2047 4671 3626 4745">
    <p class='ocr_par' dir='ltr' id='par_1_95' title="bbox 2047 4671 3626 4745">
     <span class='ocr_line' id='line_1_95' title="bbox 2047 4671 3626 4745; baseline -0.003 -16"><span class='ocrx_word' id='word_1_634' title='bbox 2047 4674 2302 4729; x_wconf 73' lang='grc' dir='ltr'>Εὐσέϐιον</span> <span class='ocrx_word' id='word_1_635' title='bbox 2330 4673 2620 4745; x_wconf 87' lang='grc' dir='ltr'>εὑρηκέναι</span> <span class='ocrx_word' id='word_1_636' title='bbox 2647 4673 2988 4744; x_wconf 86' lang='grc' dir='ltr'>νομίσαντες,</span> <span class='ocrx_word' id='word_1_637' title='bbox 3018 4672 3271 4744; x_wconf 83' lang='grc' dir='ltr'>ἀπεχθῶς</span> <span class='ocrx_word' id='word_1_638' title='bbox 3300 4672 3436 4744; x_wconf 83' lang='grc' dir='ltr'>πρὸς</span> <span class='ocrx_word' id='word_1_639' title='bbox 3467 4671 3626 4726; x_wconf 75' lang='grc' dir='ltr'>Ἀθα-</span> 
     </span>
    </p>
   </div>
   <div class='ocr_carea' id='block_1_96' title="bbox 1541 4859 2406 4916">
    <p class='ocr_par' dir='ltr' id='par_1_96' title="bbox 1541 4859 2406 4916">
     <span class='ocr_line' id='line_1_96' title="bbox 1541 4859 2406 4916; baseline -0.002 -1"><span class='ocrx_word' id='word_1_640' title='bbox 1541 4859 1812 4916; x_wconf 83' lang='lat' dir='ltr'><strong>VALESII</strong></span> <span class='ocrx_word' id='word_1_641' title='bbox 1853 4859 2406 4916; x_wconf 80' lang='lat' dir='ltr'><strong>ANNOTATIONES.</strong></span> 
     </span>
    </p>
   </div>
   <div class='ocr_carea' id='block_1_97' title="bbox 434 4991 1945 5080">
    <p class='ocr_par' dir='ltr' id='par_1_97' title="bbox 434 4991 1932 5080">
     <span class='ocr_line' id='line_1_97' title="bbox 434 4991 1932 5080; baseline 0.005 -36"><span class='ocrx_word' id='word_1_642' title='bbox 434 4991 546 5078; x_wconf 55' lang='grc' dir='ltr'><strong>(βξ)</strong></span> <span class='ocrx_word' id='word_1_643' title='bbox 571 4991 673 5080; x_wconf 55' lang='lat' dir='ltr'><strong>Eu;</strong></span> <span class='ocrx_word' id='word_1_644' title='bbox 704 4992 914 5080; x_wconf 50' lang='lat' dir='ltr'><strong>r(fraga</strong></span> <span class='ocrx_word' id='word_1_645' title='bbox 975 4993 1080 5048; x_wconf 83' lang='grc' dir='ltr'>τοῦ</span> <span class='ocrx_word' id='word_1_646' title='bbox 1088 4994 1335 5080; x_wconf 57' lang='grc' dir='ltr'>ματρὸς</span> <span class='ocrx_word' id='word_1_647' title='bbox 1359 4995 1454 5047; x_wconf 80' lang='grc' dir='ltr'><strong>καί</strong></span> <span class='ocrx_word' id='word_1_648' title='bbox 1499 4995 1606 5080; x_wconf 49' lang='grc' dir='ltr'>ποῦ</span> <span class='ocrx_word' id='word_1_649' title='bbox 1625 4995 1793 5080; x_wconf 31' lang='grc' dir='ltr'><strong>’Υιοῦ-</strong></span> <span class='ocrx_word' id='word_1_650' title='bbox 1831 4997 1932 5078; x_wconf 63' lang='grc' dir='ltr'>καὶ</span> 
     </span>
    </p>
   </div>
   <div class='ocr_carea' id='block_1_98' title="bbox 2049 4991 3622 5080">
    <p class='ocr_par' dir='ltr' id='par_1_98' title="bbox 2049 4994 3622 5080">
     <span class='ocr_line' id='line_1_98' title="bbox 2049 4994 3622 5080; baseline -0.002 -29"><span class='ocrx_word' id='word_1_651' title='bbox 2049 4999 2279 5080; x_wconf 63' lang='lat' dir='ltr'><strong>:ogetico</strong></span> <span class='ocrx_word' id='word_1_652' title='bbox 2331 5015 2366 5052; x_wconf 88' lang='grc' dir='ltr'><strong>ιι</strong></span> <span class='ocrx_word' id='word_1_653' title='bbox 2405 4997 2952 5080; x_wconf 48' lang='grc' dir='ltr'>οόδὀιδυΞΑγὶαιιοξ.</span> <span class='ocrx_word' id='word_1_654' title='bbox 2979 5013 3046 5079; x_wconf 77' lang='lat' dir='ltr'><strong>ex</strong></span> <span class='ocrx_word' id='word_1_655' title='bbox 3083 5011 3208 5080; x_wconf 80' lang='lat' dir='ltr'><strong>quo_</strong></span> <span class='ocrx_word' id='word_1_656' title='bbox 3239 4994 3622 5080; x_wconf 54' lang='lat' dir='ltr'><strong>hmc&#39;desum-</strong></span> 
     </span>
    </p>
   </div>
   <div class='ocr_carea' id='block_1_99' title="bbox 361 5062 1931 5132">
    <p class='ocr_par' dir='ltr' id='par_1_99' title="bbox 361 5062 1931 5132">
     <span class='ocr_line' id='line_1_99' title="bbox 361 5062 1931 5132; baseline 0.003 -18"><span class='ocrx_word' id='word_1_657' title='bbox 361 5062 467 5115; x_wconf 76' lang='grc' dir='ltr'>τοῦ</span> <span class='ocrx_word' id='word_1_658' title='bbox 492 5062 669 5132; x_wconf 72' lang='grc' dir='ltr'>ἁγίου</span> <span class='ocrx_word' id='word_1_659' title='bbox 697 5064 1058 5132; x_wconf 78' lang='grc' dir='ltr'>Πνεύματος.</span> <span class='ocrx_word' id='word_1_660' title='bbox 1088 5065 1217 5118; x_wconf 88' lang='lat' dir='ltr'><strong>Post</strong></span> <span class='ocrx_word' id='word_1_661' title='bbox 1257 5065 1372 5119; x_wconf 67' lang='lat' dir='ltr'><strong>lucc</strong></span> <span class='ocrx_word' id='word_1_662' title='bbox 1417 5066 1588 5120; x_wconf 88' lang='lat' dir='ltr'><strong>verba</strong></span> <span class='ocrx_word' id='word_1_663' title='bbox 1609 5066 1800 5120; x_wconf 90' lang='lat' dir='ltr'><strong>deerat</strong></span> <span class='ocrx_word' id='word_1_664' title='bbox 1844 5066 1931 5120; x_wconf 84' lang='lat' dir='ltr'><strong>in-</strong></span> 
     </span>
    </p>
   </div>
   <div class='ocr_carea' id='block_1_100' title="bbox 2035 5065 3619 5137">
    <p class='ocr_par' dir='ltr' id='par_1_100' title="bbox 2035 5065 3619 5137">
     <span class='ocr_line' id='line_1_100' title="bbox 2035 5065 3619 5137; baseline -0.003 -16"><span class='ocrx_word' id='word_1_665' title='bbox 2035 5065 2146 5137; x_wconf 78' lang='lat' dir='ltr'><strong>psit</strong></span> <span class='ocrx_word' id='word_1_666' title='bbox 2175 5068 2448 5133; x_wconf 88' lang='lat' dir='ltr'><strong>Socrates,</strong></span> <span class='ocrx_word' id='word_1_667' title='bbox 2481 5069 2623 5123; x_wconf 82' lang='lat' dir='ltr'><strong>hanc</strong></span> <span class='ocrx_word' id='word_1_668' title='bbox 2646 5067 2991 5123; x_wconf 85' lang='lat' dir='ltr'><strong>Constantini</strong></span> <span class='ocrx_word' id='word_1_669' title='bbox 3015 5065 3300 5136; x_wconf 85' lang='lat' dir='ltr'><strong>epistolam</strong></span> <span class='ocrx_word' id='word_1_670' title='bbox 3319 5065 3619 5137; x_wconf 86' lang='lat' dir='ltr'><strong>adducens,</strong></span> 
     </span>
    </p>
   </div>
   <div class='ocr_carea' id='block_1_101' title="bbox 363 5131 3621 5208">
    <p class='ocr_par' dir='ltr' id='par_1_101' title="bbox 363 5131 3621 5208">
     <span class='ocr_line' id='line_1_101' title="bbox 363 5131 3621 5208; baseline 0.001 -23"><span class='ocrx_word' id='word_1_671' title='bbox 363 5141 517 5208; x_wconf 71' lang='lat' dir='ltr'><strong>tegra</strong></span> <span class='ocrx_word' id='word_1_672' title='bbox 555 5131 863 5208; x_wconf 38' lang='lat' dir='ltr'><strong>pericope,’</strong></span> <span class='ocrx_word' id='word_1_673' title='bbox 881 5148 1045 5202; x_wconf 88' lang='lat' dir='ltr'><strong>quam</strong></span> <span class='ocrx_word' id='word_1_674' title='bbox 1069 5150 1136 5189; x_wconf 86' lang='lat' dir='ltr'><strong>ex</strong></span> <span class='ocrx_word' id='word_1_675' title='bbox 1160 5134 1350 5208; x_wconf 66' lang='lat' dir='ltr'><strong>codice</strong></span> <span class='ocrx_word' id='word_1_676' title='bbox 1397 5135 1598 5208; x_wconf 62' lang='lat' dir='ltr'><strong>Leonis</strong></span> <span class='ocrx_word' id='word_1_677' title='bbox 1618 5136 1828 5199; x_wconf 89' lang='lat' dir='ltr'><strong>Allatii,</strong></span> <span class='ocrx_word' id='word_1_678' title='bbox 1878 5144 1934 5190; x_wconf 89' lang='lat' dir='ltr'><strong>et</strong></span> <span class='ocrx_word' id='word_1_679' title='bbox 2033 5131 2229 5193; x_wconf 79' lang='lat' dir='ltr'><strong>eadem</strong></span> <span class='ocrx_word' id='word_1_680' title='bbox 2253 5131 2780 5208; x_wconf 44' lang='lat' dir='ltr'><strong>verba&#39;praaposuit;</strong></span> <span class='ocrx_word' id='word_1_681' title='bbox 2833 5131 3095 5208; x_wconf 76' lang='lat' dir='ltr'><strong>additque</strong></span> <span class='ocrx_word' id='word_1_682' title='bbox 3142 5137 3283 5208; x_wconf 87' lang='lat' dir='ltr'><strong>hanc</strong></span> <span class='ocrx_word' id='word_1_683' title='bbox 3325 5135 3621 5208; x_wconf 72' lang='lat' dir='ltr'><strong>epistolam</strong></span> 
     </span>
    </p>
   </div>
   <div class='ocr_carea' id='block_1_102' title="bbox 359 5202 1674 5274">
    <p class='ocr_par' dir='ltr' id='par_1_102' title="bbox 359 5202 1674 5274">
     <span class='ocr_line' id='line_1_102' title="bbox 359 5202 1674 5274; baseline 0.001 -17"><span class='ocrx_word' id='word_1_684' title='bbox 359 5202 773 5274; x_wconf 10' lang='lat' dir='ltr'><strong>ex’gSiozomeni</strong></span> <span class='ocrx_word' id='word_1_685' title='bbox 796 5203 892 5256; x_wconf 91' lang='lat' dir='ltr'><strong>lib.</strong></span> <span class='ocrx_word' id='word_1_686' title='bbox 931 5219 988 5268; x_wconf 91' lang='grc' dir='ltr'><strong>ιι,</strong></span> <span class='ocrx_word' id='word_1_687' title='bbox 1016 5219 1136 5274; x_wconf 88' lang='lat' dir='ltr'><strong>cap.</strong></span> <span class='ocrx_word' id='word_1_688' title='bbox 1163 5205 1252 5269; x_wconf 66' lang='grc' dir='ltr'><strong>Ἦ,</strong></span> <span class='ocrx_word' id='word_1_689' title='bbox 1278 5205 1674 5274; x_wconf 89' lang='lat' dir='ltr'><strong>supplevimus.</strong></span> 
     </span>
    </p>
   </div>
   <div class='ocr_carea' id='block_1_103' title="bbox 431 5270 1932 5353">
    <p class='ocr_par' dir='ltr' id='par_1_103' title="bbox 431 5270 1932 5353">
     <span class='ocr_line' id='line_1_103' title="bbox 431 5270 1932 5353; baseline 0.004 -28"><span class='ocrx_word' id='word_1_690' title='bbox 431 5270 542 5353; x_wconf 74' lang='grc'><strong>(54)</strong></span> <span class='ocrx_word' id='word_1_691' title='bbox 574 5271 650 5353; x_wconf 59' lang='grc' dir='ltr'>Τῇ</span> <span class='ocrx_word' id='word_1_692' title='bbox 687 5271 1044 5353; x_wconf 37' lang='lat' dir='ltr'><strong>ﬂammata.</strong></span> <span class='ocrx_word' id='word_1_693' title='bbox 1073 5270 1131 5353; x_wconf 71' lang='lat' dir='ltr'><strong>in</strong></span> <span class='ocrx_word' id='word_1_694' title='bbox 1160 5270 1364 5353; x_wconf 46' lang='lat' dir='ltr'><strong>codice:</strong></span> <span class='ocrx_word' id='word_1_695' title='bbox 1376 5270 1543 5353; x_wconf 77' lang='lat' dir='ltr'><strong>Regio</strong></span> <span class='ocrx_word' id='word_1_696' title='bbox 1555 5283 1610 5329; x_wconf 92' lang='lat' dir='ltr'><strong>et</strong></span> <span class='ocrx_word' id='word_1_697' title='bbox 1632 5276 1774 5353; x_wconf 80' lang='lat' dir='ltr'><strong>apud</strong></span> <span class='ocrx_word' id='word_1_698' title='bbox 1802 5275 1932 5346; x_wconf 82' lang='lat' dir='ltr'><strong>Epi-</strong></span> 
     </span>
    </p>
   </div>
   <div class='ocr_carea' id='block_1_104' title="bbox 2035 5203 3624 5276">
    <p class='ocr_par' dir='ltr' id='par_1_104' title="bbox 2035 5203 3624 5276">
     <span class='ocr_line' id='line_1_104' title="bbox 2035 5203 3624 5276; baseline -0.003 -15"><span class='ocrx_word' id='word_1_699' title='bbox 2035 5209 2301 5276; x_wconf 85' lang='lat' dir='ltr'><strong>perlatam</strong></span> <span class='ocrx_word' id='word_1_700' title='bbox 2324 5203 2853 5276; x_wconf 40' lang='lat' dir='ltr'><strong>esse—Alexandriam</strong></span> <span class='ocrx_word' id='word_1_701' title='bbox 2875 5221 2904 5259; x_wconf 92' lang='lat' dir='ltr'><strong>a</strong></span> <span class='ocrx_word' id='word_1_702' title='bbox 2932 5203 3208 5276; x_wconf 81' lang='lat' dir='ltr'><strong>Syncletio</strong></span> <span class='ocrx_word' id='word_1_703' title='bbox 3229 5214 3284 5260; x_wconf 90' lang='lat' dir='ltr'><strong>et</strong></span> <span class='ocrx_word' id='word_1_704' title='bbox 3313 5203 3624 5276; x_wconf 77' lang='lat' dir='ltr'><strong>Gaudentio</strong></span> 
     </span>
    </p>
   </div>
   <div class='ocr_carea' id='block_1_105' title="bbox 2036 5274 3622 5346">
    <p class='ocr_par' dir='ltr' id='par_1_105' title="bbox 2036 5274 3622 5346">
     <span class='ocr_line' id='line_1_105' title="bbox 2036 5274 3622 5346; baseline -0.001 -17"><span class='ocrx_word' id='word_1_705' title='bbox 2036 5274 2314 5346; x_wconf 84' lang='lat' dir='ltr'><strong>palatinis.</strong></span> <span class='ocrx_word' id='word_1_706' title='bbox 2359 5277 2465 5331; x_wconf 88' lang='lat' dir='ltr'><strong>Sed</strong></span> <span class='ocrx_word' id='word_1_707' title='bbox 2511 5277 2659 5346; x_wconf 91' lang='lat' dir='ltr'><strong>quod</strong></span> <span class='ocrx_word' id='word_1_708' title='bbox 2705 5278 2782 5332; x_wconf 91' lang='lat' dir='ltr'><strong>ait</strong></span> <span class='ocrx_word' id='word_1_709' title='bbox 2827 5274 3105 5346; x_wconf 83' lang='lat' dir='ltr'><strong>Socrates.</strong></span> <span class='ocrx_word' id='word_1_710' title='bbox 3163 5276 3354 5330; x_wconf 88' lang='lat' dir='ltr'><strong>Arium</strong></span> <span class='ocrx_word' id='word_1_711' title='bbox 3399 5274 3622 5329; x_wconf 85' lang='lat' dir='ltr'><strong>venisse</strong></span> 
     </span>
    </p>
   </div>
   <div class='ocr_carea' id='block_1_106' title="bbox 359 5341 3619 5415">
    <p class='ocr_par' dir='ltr' id='par_1_106' title="bbox 359 5341 3619 5415">
     <span class='ocr_line' id='line_1_106' title="bbox 359 5341 3619 5415; baseline 0 -18"><span class='ocrx_word' id='word_1_712' title='bbox 359 5341 632 5415; x_wconf 73' lang='lat' dir='ltr'><strong>phaniur&#39;n</strong></span> <span class='ocrx_word' id='word_1_713' title='bbox 657 5341 872 5415; x_wconf 9' lang='lat' dir='ltr'><strong>rSchol.</strong></span> <span class='ocrx_word' id='word_1_714' title='bbox 954 5343 1046 5415; x_wconf 87' lang='lat' dir='ltr'><strong>hic</strong></span> <span class='ocrx_word' id='word_1_715' title='bbox 1117 5345 1272 5398; x_wconf 87' lang='lat' dir='ltr'><strong>locus</strong></span> <span class='ocrx_word' id='word_1_716' title='bbox 1341 5341 1754 5415; x_wconf 69' lang='lat' dir='ltr'><strong>interpungitur</strong></span> <span class='ocrx_word' id='word_1_717' title='bbox 1829 5341 1934 5400; x_wconf 80' lang='lat' dir='ltr'><strong>Iioc</strong></span> <span class='ocrx_word' id='word_1_718' title='bbox 2036 5341 2445 5413; x_wconf 74' lang='lat' dir='ltr'><strong>Alexandriam,</strong></span> <span class='ocrx_word' id='word_1_719' title='bbox 2483 5341 2544 5402; x_wconf 74' lang='lat' dir='ltr'><strong>id</strong></span> <span class='ocrx_word' id='word_1_720' title='bbox 2582 5363 2693 5403; x_wconf 89' lang='lat' dir='ltr'><strong>non</strong></span> <span class='ocrx_word' id='word_1_721' title='bbox 2733 5347 2871 5402; x_wconf 90' lang='lat' dir='ltr'><strong>dicit</strong></span> <span class='ocrx_word' id='word_1_722' title='bbox 2894 5344 3248 5412; x_wconf 88' lang='lat' dir='ltr'><strong>Athanasius,</strong></span> <span class='ocrx_word' id='word_1_723' title='bbox 3275 5361 3378 5401; x_wconf 90' lang='lat' dir='ltr'><strong>nec</strong></span> <span class='ocrx_word' id='word_1_724' title='bbox 3423 5355 3619 5399; x_wconf 91' lang='lat' dir='ltr'><strong>verum</strong></span> 
     </span>
    </p>
   </div>
   <div class='ocr_carea' id='block_1_107' title="bbox 357 5411 1931 5493">
    <p class='ocr_par' dir='ltr' id='par_1_107' title="bbox 357 5411 1931 5493">
     <span class='ocr_line' id='line_1_107' title="bbox 357 5411 1931 5493; baseline -0.001 -25"><span class='ocrx_word' id='word_1_725' title='bbox 357 5411 562 5493; x_wconf 43' lang='lat' dir='ltr'><strong>inodo-z</strong></span> <span class='ocrx_word' id='word_1_726' title='bbox 592 5413 670 5484; x_wconf 79' lang='grc' dir='ltr'>Τῇ</span> <span class='ocrx_word' id='word_1_727' title='bbox 693 5413 1045 5493; x_wconf 47' lang='grc' dir='ltr'>μητρίλὴμῶχ</span> <span class='ocrx_word' id='word_1_728' title='bbox 1070 5416 1136 5493; x_wconf 77' lang='grc' dir='ltr'><strong>τῇ</strong></span> <span class='ocrx_word' id='word_1_729' title='bbox 1169 5411 1506 5493; x_wconf 42' lang='grc' dir='ltr'>Ἐκκλησία(</span> <span class='ocrx_word' id='word_1_730' title='bbox 1535 5411 1736 5493; x_wconf 67' lang='grc' dir='ltr'>δηλαδὴ</span> <span class='ocrx_word' id='word_1_731' title='bbox 1775 5431 1931 5486; x_wconf 85' lang='grc' dir='ltr'>περι-</span> 
     </span>
    </p>
   </div>
   <div class='ocr_carea' id='block_1_108' title="bbox 355 5481 1714 5567">
    <p class='ocr_par' dir='ltr' id='par_1_108' title="bbox 355 5481 1714 5567">
     <span class='ocr_line' id='line_1_108' title="bbox 355 5481 1714 5567; baseline 0.003 -33"><span class='ocrx_word' id='word_1_732' title='bbox 355 5481 807 5567; x_wconf 34' lang='grc' dir='ltr'>ῃρρδέιένωνίοιο.</span> <span class='ocrx_word' id='word_1_733' title='bbox 841 5481 1277 5567; x_wconf 49' lang='grc' dir='ltr'><strong>(ξύέθρξὶεῑίιιοιὶρ</strong></span> <span class='ocrx_word' id='word_1_734' title='bbox 1309 5481 1416 5567; x_wconf 75' lang='lat' dir='ltr'><strong>non</strong></span> <span class='ocrx_word' id='word_1_735' title='bbox 1442 5481 1714 5567; x_wconf 67' lang='lat' dir='ltr'><strong>displicet.</strong></span> 
     </span>
    </p>
   </div>
   <div class='ocr_carea' id='block_1_109' title="bbox 2029 5426 2185 5486">
    <p class='ocr_par' dir='ltr' id='par_1_109' title="bbox 2029 5426 2185 5486">
     <span class='ocr_line' id='line_1_109' title="bbox 2029 5426 2185 5486; baseline 0 -16"><span class='ocrx_word' id='word_1_736' title='bbox 2029 5426 2185 5486; x_wconf 88' lang='lat' dir='ltr'><strong>puto.</strong></span> 
     </span>
    </p>
   </div>
   <div class='ocr_carea' id='block_1_110' title="bbox 2096 5482 3616 5557">
    <p class='ocr_par' dir='ltr' id='par_1_110' title="bbox 2096 5482 3616 5557">
     <span class='ocr_line' id='line_1_110' title="bbox 2096 5482 3616 5557; baseline -0.001 -18"><span class='ocrx_word' id='word_1_737' title='bbox 2096 5487 2206 5557; x_wconf 82' lang='grc'>(56)</span> <span class='ocrx_word' id='word_1_738' title='bbox 2220 5487 2336 5553; x_wconf 80' lang='grc' dir='ltr'><strong>Τὴν</strong></span> <span class='ocrx_word' id='word_1_739' title='bbox 2351 5488 2710 5554; x_wconf 77' lang='grc' dir='ltr'>Ἐκκλησίαν</span> <span class='ocrx_word' id='word_1_740' title='bbox 2734 5486 3118 5543; x_wconf 77' lang='grc' dir='ltr'>διασπᾶσθαι.</span> <span class='ocrx_word' id='word_1_741' title='bbox 3133 5487 3263 5543; x_wconf 89' lang='lat' dir='ltr'><strong>Post</strong></span> <span class='ocrx_word' id='word_1_742' title='bbox 3288 5482 3616 5557; x_wconf 71' lang='lat' dir='ltr'><strong>haecverba,</strong></span> 
     </span>
    </p>
   </div>
   <div class='ocr_carea' id='block_1_111' title="bbox 429 5551 1945 5627">
    <p class='ocr_par' dir='ltr' id='par_1_111' title="bbox 429 5551 1929 5627">
     <span class='ocr_line' id='line_1_111' title="bbox 429 5551 1929 5627; baseline 0.004 -24"><span class='ocrx_word' id='word_1_743' title='bbox 429 5551 540 5627; x_wconf 50' lang='grc' dir='ltr'><strong>(ᾧ)</strong></span> <span class='ocrx_word' id='word_1_744' title='bbox 572 5551 826 5627; x_wconf 45' lang='grc' dir='ltr'>Γράρ-ων</span> <span class='ocrx_word' id='word_1_745' title='bbox 851 5553 1208 5627; x_wconf 44' lang='grc' dir='ltr'>ἠπείλησεν.</span> <span class='ocrx_word' id='word_1_746' title='bbox 1241 5555 1368 5627; x_wconf 87' lang='lat' dir='ltr'><strong>Post</strong></span> <span class='ocrx_word' id='word_1_747' title='bbox 1392 5554 1510 5627; x_wconf 66' lang='lat' dir='ltr'><strong>hmo</strong></span> <span class='ocrx_word' id='word_1_748' title='bbox 1531 5551 1725 5627; x_wconf 57' lang='lat' dir='ltr'><strong>verba</strong></span> <span class='ocrx_word' id='word_1_749' title='bbox 1755 5555 1929 5627; x_wconf 73' lang='lat' dir='ltr'><strong>codex</strong></span> 
     </span>
    </p>
   </div>
   <div class='ocr_carea' id='block_1_112' title="bbox 2049 5551 3620 5627">
    <p class='ocr_par' dir='ltr' id='par_1_112' title="bbox 2049 5551 3620 5627">
     <span class='ocr_line' id='line_1_112' title="bbox 2049 5551 3620 5627; baseline 0 -19"><span class='ocrx_word' id='word_1_750' title='bbox 2049 5551 2514 5627; x_wconf 26' lang='lat' dir='ltr'><strong>rx&#39;mauu‘scriptis</strong></span> <span class='ocrx_word' id='word_1_751' title='bbox 2542 5551 2830 5612; x_wconf 83' lang='lat' dir='ltr'><strong>codicibus</strong></span> <span class='ocrx_word' id='word_1_752' title='bbox 2860 5558 3202 5619; x_wconf 87' lang='lat' dir='ltr'><strong>Florentino,</strong></span> <span class='ocrx_word' id='word_1_753' title='bbox 3253 5556 3532 5611; x_wconf 79' lang='lat' dir='ltr'><strong>Sfortiano</strong></span> <span class='ocrx_word' id='word_1_754' title='bbox 3561 5562 3620 5627; x_wconf 75' lang='lat' dir='ltr'><strong>et</strong></span> 
     </span>
    </p>
   </div>
   <div class='ocr_carea' id='block_1_113' title="bbox 357 5618 1934 5693">
    <p class='ocr_par' dir='ltr' id='par_1_113' title="bbox 357 5618 1934 5693">
     <span class='ocr_line' id='line_1_113' title="bbox 357 5618 1934 5693; baseline 0.003 -19"><span class='ocrx_word' id='word_1_755' title='bbox 357 5618 711 5693; x_wconf 53' lang='lat' dir='ltr'><strong>f&#39;loréntinus</strong></span> <span class='ocrx_word' id='word_1_756' title='bbox 735 5622 851 5693; x_wconf 65' lang='lat' dir='ltr'><strong>haec</strong></span> <span class='ocrx_word' id='word_1_757' title='bbox 877 5621 1064 5676; x_wconf 81' lang='lat' dir='ltr'><strong>addit:</strong></span> <span class='ocrx_word' id='word_1_758' title='bbox 1095 5623 1275 5693; x_wconf 81' lang='grc' dir='ltr'>Μέρος</span> <span class='ocrx_word' id='word_1_759' title='bbox 1309 5623 1594 5688; x_wconf 78' lang='grc' dir='ltr'>ἐπιστολῆς</span> <span class='ocrx_word' id='word_1_760' title='bbox 1646 5625 1738 5678; x_wconf 73' lang='grc' dir='ltr'>τοῦ</span> <span class='ocrx_word' id='word_1_761' title='bbox 1782 5625 1934 5691; x_wconf 78' lang='grc' dir='ltr'>βασι-</span> 
     </span>
    </p>
   </div>
   <div class='ocr_carea' id='block_1_114' title="bbox 357 5687 1930 5757">
    <p class='ocr_par' dir='ltr' id='par_1_114' title="bbox 357 5687 1930 5757">
     <span class='ocr_line' id='line_1_114' title="bbox 357 5687 1930 5757; baseline 0.005 -17"><span class='ocrx_word' id='word_1_762' title='bbox 357 5687 512 5757; x_wconf 79' lang='grc' dir='ltr'>λέως.</span> <span class='ocrx_word' id='word_1_763' title='bbox 541 5689 672 5757; x_wconf 63' lang='lat' dir='ltr'><strong>Quae</strong></span> <span class='ocrx_word' id='word_1_764' title='bbox 703 5691 930 5746; x_wconf 81' lang='lat' dir='ltr'><strong>omnino</strong></span> <span class='ocrx_word' id='word_1_765' title='bbox 953 5687 1264 5746; x_wconf 78' lang='lat' dir='ltr'><strong>necessaria</strong></span> <span class='ocrx_word' id='word_1_766' title='bbox 1289 5700 1437 5756; x_wconf 84' lang='lat' dir='ltr'><strong>sunt,</strong></span> <span class='ocrx_word' id='word_1_767' title='bbox 1468 5702 1531 5746; x_wconf 92' lang='lat' dir='ltr'><strong>ut</strong></span> <span class='ocrx_word' id='word_1_768' title='bbox 1552 5695 1724 5749; x_wconf 88' lang='lat' dir='ltr'><strong>lector</strong></span> <span class='ocrx_word' id='word_1_769' title='bbox 1766 5687 1930 5749; x_wconf 65' lang='lat' dir='ltr'><strong>intel-</strong></span> 
     </span>
    </p>
   </div>
   <div class='ocr_carea' id='block_1_115' title="bbox 357 5756 1933 5836">
    <p class='ocr_par' dir='ltr' id='par_1_115' title="bbox 357 5756 1933 5836">
     <span class='ocr_line' id='line_1_115' title="bbox 357 5756 1933 5836; baseline 0.005 -26"><span class='ocrx_word' id='word_1_770' title='bbox 357 5756 489 5836; x_wconf 70' lang='lat' dir='ltr'><strong>ligat</strong></span> <span class='ocrx_word' id='word_1_771' title='bbox 513 5756 625 5813; x_wconf 85' lang='lat' dir='ltr'><strong>non</strong></span> <span class='ocrx_word' id='word_1_772' title='bbox 648 5760 916 5830; x_wconf 85' lang='lat' dir='ltr'><strong>integram</strong></span> <span class='ocrx_word' id='word_1_773' title='bbox 940 5760 1292 5836; x_wconf 74' lang='lat' dir='ltr'><strong>imperatoris</strong></span> <span class='ocrx_word' id='word_1_774' title='bbox 1327 5764 1633 5836; x_wconf 81' lang='lat' dir='ltr'><strong>epistolam.</strong></span> <span class='ocrx_word' id='word_1_775' title='bbox 1679 5765 1772 5818; x_wconf 88' lang='lat' dir='ltr'><strong>sed</strong></span> <span class='ocrx_word' id='word_1_776' title='bbox 1808 5767 1933 5836; x_wconf 73' lang='lat' dir='ltr'><strong>ejus</strong></span> 
     </span>
    </p>
   </div>
   <div class='ocr_carea' id='block_1_116' title="bbox 344 5825 1934 5907">
    <p class='ocr_par' dir='ltr' id='par_1_116' title="bbox 344 5825 1934 5907">
     <span class='ocr_line' id='line_1_116' title="bbox 344 5825 1934 5907; baseline 0.006 -26"><span class='ocrx_word' id='word_1_777' title='bbox 344 5825 623 5890; x_wconf 81' lang='lat' dir='ltr'><strong>duntaxat</strong></span> <span class='ocrx_word' id='word_1_778' title='bbox 653 5825 866 5901; x_wconf 65' lang='lat' dir='ltr'><strong>partem</strong></span> <span class='ocrx_word' id='word_1_779' title='bbox 917 5825 1138 5905; x_wconf 74' lang='lat' dir='ltr'><strong>apponi.</strong></span> <span class='ocrx_word' id='word_1_780' title='bbox 1167 5831 1328 5888; x_wconf 87' lang='lat' dir='ltr'><strong>Certe</strong></span> <span class='ocrx_word' id='word_1_781' title='bbox 1356 5825 1686 5890; x_wconf 72' lang='lat' dir='ltr'><strong>Athanasius</strong></span> <span class='ocrx_word' id='word_1_782' title='bbox 1712 5836 1766 5890; x_wconf 89' lang='lat' dir='ltr'><strong>in</strong></span> <span class='ocrx_word' id='word_1_783' title='bbox 1793 5825 1934 5907; x_wconf 66' lang='lat' dir='ltr'><strong>Apo-</strong></span> 
     </span>
    </p>
   </div>
   <div class='ocr_carea' id='block_1_117' title="bbox 2028 5623 3616 5700">
    <p class='ocr_par' dir='ltr' id='par_1_117' title="bbox 2028 5623 3616 5700">
     <span class='ocr_line' id='line_1_117' title="bbox 2028 5623 3616 5700; baseline -0.002 -19"><span class='ocrx_word' id='word_1_784' title='bbox 2028 5627 2231 5700; x_wconf 81' lang='lat' dir='ltr'><strong>Leonis</strong></span> <span class='ocrx_word' id='word_1_785' title='bbox 2245 5623 2463 5700; x_wconf 64' lang='lat' dir='ltr'><strong>Allatii,</strong></span> <span class='ocrx_word' id='word_1_786' title='bbox 2480 5627 3054 5700; x_wconf 78' lang='lat' dir='ltr'><strong>integramperiodum</strong></span> <span class='ocrx_word' id='word_1_787' title='bbox 3067 5627 3401 5700; x_wconf 83' lang='lat' dir='ltr'><strong>addidimus,</strong></span> <span class='ocrx_word' id='word_1_788' title='bbox 3413 5638 3536 5700; x_wconf 64' lang='lat' dir='ltr'><strong>quae</strong></span> <span class='ocrx_word' id='word_1_789' title='bbox 3561 5623 3616 5678; x_wconf 90' lang='lat' dir='ltr'><strong>in</strong></span> 
     </span>
    </p>
   </div>
   <div class='ocr_carea' id='block_1_118' title="bbox 2029 5693 3617 5764">
    <p class='ocr_par' dir='ltr' id='par_1_118' title="bbox 2029 5693 3617 5764">
     <span class='ocr_line' id='line_1_118' title="bbox 2029 5693 3617 5764; baseline 0.003 -16"><span class='ocrx_word' id='word_1_790' title='bbox 2029 5697 2264 5764; x_wconf 85' lang='lat' dir='ltr'><strong>vulgatis</strong></span> <span class='ocrx_word' id='word_1_791' title='bbox 2332 5693 2676 5754; x_wconf 70' lang='lat' dir='ltr'><strong>editionibus</strong></span> <span class='ocrx_word' id='word_1_792' title='bbox 2730 5693 3185 5754; x_wconf 76' lang='lat' dir='ltr'><strong>desiderabatur:</strong></span> <span class='ocrx_word' id='word_1_793' title='bbox 3235 5693 3446 5752; x_wconf 58' lang='lat' dir='ltr'><strong>eadem&#39;</strong></span> <span class='ocrx_word' id='word_1_794' title='bbox 3496 5693 3617 5764; x_wconf 63' lang='lat' dir='ltr'><strong>fere</strong></span> 
     </span>
    </p>
   </div>
   <div class='ocr_carea' id='block_1_119' title="bbox 2030 5761 3616 5840">
    <p class='ocr_par' dir='ltr' id='par_1_119' title="bbox 2030 5761 3616 5840">
     <span class='ocr_line' id='line_1_119' title="bbox 2030 5761 3616 5840; baseline 0.001 -22"><span class='ocrx_word' id='word_1_795' title='bbox 2030 5761 2201 5840; x_wconf 71' lang='lat' dir='ltr'><strong>verba</strong></span> <span class='ocrx_word' id='word_1_796' title='bbox 2219 5767 2385 5822; x_wconf 85' lang='lat' dir='ltr'><strong>habet</strong></span> <span class='ocrx_word' id='word_1_797' title='bbox 2409 5769 2754 5824; x_wconf 86' lang='lat' dir='ltr'><strong>Sozomenus</strong></span> <span class='ocrx_word' id='word_1_798' title='bbox 2775 5768 2830 5823; x_wconf 88' lang='lat' dir='ltr'><strong>in</strong></span> <span class='ocrx_word' id='word_1_799' title='bbox 2858 5768 3004 5840; x_wconf 83' lang='lat' dir='ltr'><strong>libro</strong></span> <span class='ocrx_word' id='word_1_800' title='bbox 3028 5767 3293 5836; x_wconf 85' lang='lat' dir='ltr'><strong>secundo,</strong></span> <span class='ocrx_word' id='word_1_801' title='bbox 3321 5765 3499 5840; x_wconf 75' lang='lat' dir='ltr'><strong>capite</strong></span> <span class='ocrx_word' id='word_1_802' title='bbox 3521 5761 3616 5830; x_wconf 70' lang='lat'><strong>22,</strong></span> 
     </span>
    </p>
   </div>
   <div class='ocr_carea' id='block_1_120' title="bbox 2031 5836 3062 5913">
    <p class='ocr_par' dir='ltr' id='par_1_120' title="bbox 2031 5836 3062 5913">
     <span class='ocr_line' id='line_1_120' title="bbox 2031 5836 3062 5913; baseline 0.003 -23"><span class='ocrx_word' id='word_1_803' title='bbox 2031 5836 2096 5890; x_wconf 88' lang='lat' dir='ltr'><strong>ad</strong></span> <span class='ocrx_word' id='word_1_804' title='bbox 2125 5837 2346 5905; x_wconf 78' lang='lat' dir='ltr'><strong>calcem,</strong></span> <span class='ocrx_word' id='word_1_805' title='bbox 2371 5846 2581 5895; x_wconf 88' lang='lat' dir='ltr'><strong>mutato</strong></span> <span class='ocrx_word' id='word_1_806' title='bbox 2608 5848 2818 5913; x_wconf 78' lang='lat' dir='ltr'><strong>tantum</strong></span> <span class='ocrx_word' id='word_1_807' title='bbox 2846 5838 3062 5895; x_wconf 84' lang='lat' dir='ltr'><strong>ordine.</strong></span> 
     </span>
    </p>
   </div>
  </div>
