4050 6348
292 438 387 498 ίίῧ

1266 442 1591 504 HISTORIA
1627 445 2182 505 ECCLESIASTICA.
2219 479 2290 489 -η
2328 448 2458 504 LIB.
2499 450 2541 504 1.

3433 459 3538 518 ΐῦλ

298 558 463 609 εὶςιον
508 553 746 626 ἔχοντες,
794 553 890 626 τὴν
940 554 1032 608 τοῦ
1069 554 1333 625 βασιλέως
1377 557 1554 630 λύπην
1592 559 1851 632 ὑπουργδι

1965 559 2152 645 hostili
2172 560 2302 616 odio
2346 559 2672 632 ﬂagrabant,
2708 570 3081 632 opportunum
3106 580 3166 622 se
3193 575 3410 640 tempus
3430 586 3537 626 na-

283 645 585 714 ἐλάμϐανον
625 645 718 698 τοῦ
756 646 886 699 ίδίου
923 646 1146 700 σκοποῦ.
1182 649 1291 702 Καὶ
1327 649 1413 703 διὰ
1444 649 1601 705 τοῦτο
1623 650 1858 718 ἐκύκων,

283 735 610 805 ἀποκινῆσαι
632 736 794 791 αὐτὸν
817 737 914 808 τῆς
936 724 1246 811 ἐπισκοπῆς
1278 739 1682 805 σπουδάζοντεςο
1717 741 1860 796 οὕτω

284 829 385 898 γὰρ
424 827 672 898 ﬁkmﬁ‘oa
685 829 860 898 μόνως
898 828 996 900 τὴν
1033 829 1312 902 Ἀρειανὴν
1341 831 1499 898 δόξαν
1537 837 1855 905 κρατήσειν,

295 921 615 974 Ἀθανασίου
657 921 899 977 ἐκποδὼν
952 923 1258 994 γινομένου.
1301 925 1860 998 Συμπαρατάττονται

284 1009 369 1067 οὖν
410 1015 534 1068 κατ’
581 1012 770 1080 αὐτοῦ,
818 1014 1075 1079 Εὐσέϐιος
1127 1016 1156 1068 δ
1207 1015 1591 1087 Νικομηδείας,
1634 1017 1855 1086 Θέογνις

287 1108 533 1170 Νικαίας,
587 1107 770 1178 Μάρις
803 1107 1162 1177 Χαλκηδόνος,
1201 1107 1503 1180 Οὖρσάκιος
1550 1110 1858 1178 Σιγγιδόνος

284 1200 377 1270 τῆς
414 1195 536 1254 ’ἄνω
580 1199 812 1263 Μυσίας,
857 1200 953 1254 καὶ
978 1199 1189 1272 οὐάλης
1230 1199 1492 1270 Μουρσῶν
1523 1201 1622 1271 τῆς
1656 1201 1859 1255 Παννο-

284 1291 416 1354 νίας.
447 1283 610 1343 Οὗτοι
642 1288 960 1360 μισθοῦνται
986 1289 1139 1355 τινὰς
1168 1290 1267 1361 τῆς
1289 1290 1545 1344 Μελιτίου
1569 1290 1855 1361 αἱρέσεως,

287 1384 374 1437 καὶ
404 1382 695 1454 διαφόρους
742 1382 883 1437 κατὰ
941 1382 1258 1437 Ἀθανασξου
1304 1382 1636 1454 κατηγορίας
1672 1383 1857 1453 ἐκίνη-

287 1493 400 1531 σαν.
445 1476 559 1528 Καὶ
595 1474 809 1546 πρῶτον
844 1474 944 1544 μὲν
989 1474 1080 1528 διά
1121 1475 1352 1536 ’1σίωνος
1391 1477 1487 1528 καὶ
1530 1474 1858 1545 Εὐδαίμονος

284 1569 371 1622 καὶ
387 1567 711 1622 Καλλινίκου
734 1568 844 1636 (57)
860 1564 1219 1631 Μελιτιανῶν,
1237 1565 1484 1636 διαϐολὴν
1510 1566 1854 1639 ἐργάζονται,

283 1663 353 1726 ὡς
392 1661 716 1717 ’Δθανασίου
752 1660 902 1732 λινῆν
933 1659 1137 1731 ἐσθῆτα
1168 1660 1340 1713 τελεῖν
1377 1661 1503 1724 τοὺς
1529 1662 1858 1729 Αἰγυπτίους

280 1758 341 1827 τῇ
373 1754 765 1825 Ἀλεξανδρέων
809 1751 1102 1824 Ἐκκλησία
1129 1751 1505 1816 κελεύσαντος,
1543 1751 1703 1806 Ἀλλὰ
1722 1752 1857 1806 ταύ-

282 1865 372 1919 την
403 1847 503 1917 μὲν
545 1846 644 1918 τὴν
672 1844 948 1915 διαϐολὴν,
1000 1844 1249 1909 Ἀλύπιος
1288 1846 1382 1899 καὶ
1423 1845 1706 1915 Μακάριος
1741 1846 1853 1917 (33)

1958 660 2076 707 ctos
2096 665 2216 707 esse
2238 650 2508 713 arbitrati,
2534 650 2802 722 principis
2817 652 3245 725 indignationem
3271 664 3537 727 tanquam

1956 747 2264 802 ministram
2293 747 2360 802 ad
2379 747 2640 818 propositi
2662 747 2748 802 sui
2790 749 3199 803 exsecutionem
3221 759 3531 807 assumunt.

1954 835 2133 905 Atque
2154 837 2262 908 63
2288 838 2360 891 ob
2394 837 2537 893 hanc
2570 852 2790 891 causam
2827 845 3024 893 cuncta
3059 840 3291 895 miscere
3316 855 3380 896 ac
3402 857 3532 911 per-

1955 927 2181 982 turbare
2203 937 2512 998 cmperunt,
2538 937 2603 983 ut
2640 928 3000 984 Athanasium
3033 929 3351 1001 episcopatu
3391 933 3537 1003 deji-

1955 1028 2166 1075 cerent.
2192 1021 2381 1091 Neque
2404 1021 2576 1087 enim,
2605 1021 2712 1078 nisi
2749 1031 2963 1077 remoto
2984 1022 3302 1088 Athanasio,
3341 1039 3533 1094 spera-

1956 1109 2090 1164 bant
2108 1109 2227 1166 l‘ore
2251 1120 2312 1166 ut
2330 1111 2530 1166 Ariana
2554 1112 2744 1182 opinio
2765 1114 3104 1182 praevaleret.
3130 1113 3302 1184 Igitur
3341 1113 3534 1168 θάνοι-

1953 1190 2050 1258 sus
2071 1218 2221 1268 eum,
2246 1202 2403 1272 quasi
2440 1203 2712 1258 consertis
2751 1204 2958 1269 scutis,
2999 1204 3218 1259 irruunt
3258 1205 3537 1273 Eusebius

1956 1293 2395 1350 Nicomediensis
2413 1294 2724 1364 episcopus,
2753 1294 3030 1367 Theognis
3050 1296 3325 1361 Nicaanus,
3368 1297 3540 1352 Maris

1957 1385 2340 1450 Chalcedonis,
2364 1385 2624 1442 Ursacius
2644 1385 2935 1459 Singiduni
2968 1388 3275 1458 superioris
3307 1389 3530 1455 Mnasias,

1957 1486 2014 1533 et
2048 1477 2249 1533 Valens
2280 1477 2477 1533 Μαι-επ
2508 1479 2566 1533 in
2602 1480 2875 1550 superiori
2916 1481 3197 1535 Pannonia
3220 1481 3530 1551 episcopus.

1958 1570 2025 1626 Hi
2049 1570 2316 1641 quosdam
2338 1585 2369 1625 e
2392 1570 2686 1626 Melitianis
2707 1570 2961 1626 mercede
2985 1571 3323 1637 conducunt,
3362 1580 3419 1626 et
3440 1587 3539 1626 va-

1957 1665 2067 1719 rias
2087 1663 2351 1718 adversus
2370 1662 2731 1719 Athanasium
2753 1664 2995 1719 excitant
3030 1663 3410 1719 accusationes
3454 1663 3539 1718 Ac

1956 1756 2195 1827 primum
2220 1755 2444 1825 quidem
2467 1770 2568 1826 per
2590 1757 2847 1821 lsionem,
2873 1757 3264 1813 Eudaemonem
3288 1764 3345 1812 et
3365 1756 3538 1812 Calli-

1957 1848 2142 1901 nicum
2187 1846 2529 1911 Melitianos,
2578 1847 2911 1902 calumniam
2956 1846 3325 1911 concinnant,
3375 1845 3534 1916 quasi

283 1939 634 2012 πρεσϐύτεροι
665 1938 765 2010 τῆς
797 1936 1210 2008 Ἀλεξανδρέων,
1238 1937 1360 1991 τότε
1385 1937 1639 2010 τυχηρῶς
1667 1939 1725 1992 ὲν
1748 1938 1848 1991 Νι-

1951 1939 2283 1995 Athanasius
2303 1938 2584 2010 Egyptios
2600 1940 2801 1994 lineam
2823 1946 3030 1993 vestem
3048 1938 3285 2009 pendere
3301 1939 3538 1993 Alexan-

282 2033 538 2105 κομηδείᾳ
581 2031 939 2102 τυγχάνοντες
986 2029 1339 2093 κατέσϐεσαν,
1380 2030 1548 2102 ψευδῆ
1594 2031 1664 2085 τὰ
1711 2031 1853 2086 κατὰ

293 2123 599 2177 ’Δθανασξου
634 2120 895 2192 λεχθέντα
938 2119 1245 2186 διδάξαντες
1291 2117 1430 2176 εἶναι
1471 2122 1562 2176 τὸν
1602 2122 1849 2193 βασιλέα.

279 2218 362 2271 Διὸ
389 2217 499 2270 τῶν
539 2215 640 2286 μὲν
677 2216 996 2287 κατηγόρων
1035 2214 1124 2269 διὰ
1151 2215 1494 2286 γραμμάτων
1533 2218 1561 2270 ὁ
1599 2216 1853 2287 βασιλεὺς

280 2307 573 2377 καθήψατο·
616 2306 932 2361 Ἀθανάσιον
969 2305 1026 2360 δὲ
1058 2306 1194 2378 πρὸς
1228 2307 1420 2361 ἑαυτὸν
1458 2306 1634 2361 ἐλθεῖν
1681 2324 1851 2378 προσ-

280 2400 555 2472 ετρέψατο.
586 2399 759 2470 Πρινὴ
787 2398 1084 2469 δὲ’ὲπιστῇ,
1110 2397 1415 2468 φθάσαντες
1447 2400 1497 2453 οἱ
1525 2399 1652 2471 περὶ
1687 2400 1850 2453 Εὐσέ-

279 2475 403 2552 dm,
438 2492 638 2563 ἑτέραν
666 2491 1089 2545 ὲπισυνάπτουσι
1119 2493 1182 2560 τῇ
1215 2490 1455 2563 προτέρα
1480 2491 1720 2563 διαϐολῇ,
1758 2493 1852 2546 καὶ

277 2579 447 2651 πολλῷ
476 2579 580 2650 τῆς
606 2578 877 2650 προτέρας
904 2578 1143 2651 χείρονα·
1170 2578 1245 2644 ὡς
1284 2580 1599 2647 ’Δθανάσιος
1629 2583 1851 2637 ἐπιϐουο

274 2670 436 2726 λεύων
493 2673 610 2736 τοῖς
666 2670 931 2742 βασιλέως
992 2671 1301 2742 πράγμασι,
1369 2673 1677 2745 Φιλουμένῳ
1745 2676 1851 2729 τιν).

276 2763 480 2835 ἔπεμψε
499 2762 887 2834 γλωσσόκομον
909 2762 1112 2833 πλῆρες
1133 2765 1377 2834 χρυσίου.
1415 2765 1573 2819 Ἀλλὰ
1602 2766 1726 2834 περὶ
1753 2767 1852 2836 μὲν

271 2857 454 2912 τούτου
483 2858 515 2910 ὁ
546 2855 799 2927 βασιλεὺς
838 2857 898 2910 ὲν
925 2855 1214 2927 Ψαμαθίᾳ,
1247 2859 1568 2929 προάστειον
1610 2858 1664 2911 δὲ
1695 2858 1853 2914 τοῦτο

271 2948 363 3018 τῆς
406 2946 780 3018 Νικομηδείας
820 2946 956 3026 ἐστὶ,
1007 2947 1276 3015 διαγνοὺς,
1321 2948 1414 3001 καὶ
1468 2948 1640 3002 ἀθῶον
1674 2950 1851 3020 εὑρὼν

283 3038 619 3104 ’Δθανάσιον,
646 3037 782 3108 μετά
802 3040 969 3109 τιμῆς
997 3037 1292 3109 ἐξέπεμψε,
1326 3039 1541 3110 γράψας
1575 3043 1640 3110 τῇ
1681 3041 1854 3107 ἰλλεξ.

272 3130 506 3201 ανδρέων
541 3129 861 3200 Ἐκκλησία,
882 3131 963 3183 ὃτι
994 3130 1170 3183 αὐτῶν
1203 3129 1501 3192 ἐπίσκοπος
1538 3130 1850 3195 Ἀθανάσιος

273 3221 474 3292 ψευδῶς
520 3221 851 3293 διεϐέϐλητο.
911 3219 1012 3276 Οἷα
1054 3222 1235 3293 μέντοι
1277 3222 1589 3292 μεταταῦτα
1629 3224 1679 3275 oi
1726 3225 1852 3295 περὶ

1953 2032 2127 2086 drina:
2160 2031 2418 2086 Ecclesiae
2455 2032 2726 2102 iussisset.
2768 2031 2875 2086 Sed
2914 2031 3056 2086 hanc
3092 2032 3534 2087 criminationem

1952 2123 2181 2193 Alypius
2223 2131 2280 2177 ct
2335 2123 2607 2178 Macarius
2665 2122 2972 2196 presbyteri
3032 2123 3532 2197 Alexandrinorum

1952 2212 2246 2279 Ecclesiae,
2285 2214 2379 2285 qui
2426 2222 2541 2268 tum
2588 2213 2729 2270 forte
2775 2213 3107 2269 Nicomediae
3146 2215 3531 2281 versabantur,

1953 2307 2136 2362 statim
2174 2307 2494 2370 restinxcre,
2538 2306 2925 2375 imperatorem
2962 2305 3223 2361 docentes
3245 2305 3378 2361 falsa
3412 2321 3533 2361 esse

1952 2416 2073 2470 quae
2115 2410 2308 2453 contra
2352 2397 2712 2453 Athanasium
2761 2397 3099 2453 dicerentur.
3163 2397 3541 2464 Quamobrem

1952 2493 2251 2562 imperator
2273 2500 2622 2546 accusatores
2644 2491 2866 2560 quidem
2888 2506 2986 2561 per
3007 2491 3218 2546 litteras
3238 2490 3536 2561 reprehen-

1952 2584 2065 2649 dit;
2094 2585 2453 2641 Athanasium
2480 2599 2612 2639 vero
2639 2593 2699 2638 ut
2725 2583 2793 2639 ad
2825 2599 2884 2639 se
2918 2585 3129 2639 veniret
3152 2585 3403 2639 hortatus
3427 2593 3529 2639 est.

1951 2678 2151 2732 Verum
2199 2678 2515 2741 Eusebiani,
2545 2677 2842 2731 adventum
2898 2678 3045 2733 illius
3099 2678 3531 2747 praevenientes,

1951 2770 2113 2824 aliam
2139 2769 2323 2824 denuo
2347 2778 2648 2825 contexunt
2670 2769 3002 2825 calumniam
3024 2810 3039 2835 ,
3082 2784 3313 2837 eamque
3349 2768 3533 2838 priore

1952 2862 2044 2915 illa
2086 2862 2247 2931 longe
2294 2863 2644 2931 graviorem:
2684 2862 2841 2931 quasi
2888 2861 3222 2915 Athanasius
3265 2861 3533 2915 adversus

1950 2954 2254 3023 principem
2282 2952 2622 3023 conspirans,
2649 2954 2888 3008 loculum
2914 2968 3049 3007 auro
3071 2953 3293 3022 plenum
3339 2951 3531 3008 Philu-

1951 3060 2113 3099 meno
2139 3044 2355 3099 cuidam
2385 3044 2642 3099 misisset.
2673 3044 2779 3099 Sed
2806 3060 2931 3099 cum
2976 3044 3272 3113 imperator
3308 3044 3426 3114 ipse
3465 3043 3535 3099 de

1952 3137 2058 3191 hoc
2083 3136 2305 3206 quidem
2347 3136 2580 3191 crimine
2619 3136 2965 3206 cognovisset
3000 3136 3344 3201 Psamathiai,
3384 3135 3533 3205 quod

1952 3236 2038 3282 est
2081 3227 2461 3282 suburbanum
2503 3226 2868 3291 Nicomediae,
2918 3234 2975 3280 et
3019 3227 3369 3281 innocentem
3411 3240 3536 3280 esse

274 3313 531 3368 Εὑσέϐιον
573 3313 717 3368 κατὰ
754 3313 1072 3368 ’Δθανασίου
1105 3312 1414 3377 συνέθεσαν,
1448 3313 1609 3367 καλὸν
1657 3314 1756 3383 μὲν
1782 3311 1850 3385 ἦν

1951 3318 2310 3374 Athanasium
2355 3319 2744 3388 comperisset,
2790 3317 3095 3372 honoriﬁce
3138 3332 3266 3372 eum
3304 3316 3531 3383 dimisit,

272 3407 360 3459 καί
396 3405 611 3478 πρέπον
651 3407 780 3477 σιγῇ
812 3405 1166 3477 παραδοῦναι,
1208 3405 1292 3458 ἵνα
1323 3405 1397 3477 μὴ
1432 3407 1463 3476 ἡ
1494 3406 1587 3460 τοῦ
1613 3407 1848 3478 Χριστοῦ

284 3498 577 3568 Ἐκκλησία
594 3497 732 3550 ’ὑπὸ
766 3498 873 3552 τῶν
906 3497 981 3568 μὴ
1012 3496 1351 3570 φρονούντων
1390 3497 1456 3552 τὰ
1487 3497 1581 3552 τοῦ
1611 3499 1850 3570 Χριστοῦ

273 3588 767 3663 καταγινώσκηται.
831 3590 1048 3662 Ἐπειδὴ
1116 3590 1172 3644 δὲ
1229 3590 1524 3662 ἐγγράφως
1578 3592 1853 3646 ἐπιδοθέν-

270 3682 489 3755 τα(39),
530 3680 745 3753 φανερὰ
775 3684 887 3743 τοῖς
916 3683 1082 3735 πᾶσιν
1116 3681 1352 3750 ἐγένετο,
1397 3682 1643 3737 διατοῦτο
1684 3686 1852 3755 ἀναγ-

272 3776 415 3827 καῖον
468 3771 766 3843 ἡγησάμην
812 3771 888 3834 ὡς
923 3764 1032 3823 οἶόν
1076 3787 1131 3823 τε
1171 3769 1259 3823 διὰ
1290 3769 1533 3841 βραχέων
1580 3771 1753 3825 εἰπεῖν
1780 3770 1851 3824 τὰ

275 3862 578 3934 ίδιαζούσης
606 3861 986 3933 πραγματείας
1012 3860 1260 3932 δεόμενα.
1288 3861 1449 3914 Ὅθεν
1473 3860 1530 3915 δὲ
1563 3863 1595 3932 ἡ
1625 3861 1725 3932 τῆς
1757 3880 1849 3915 συ-

274 3956 563 4025 κοφαντίας
589 3953 847 4017 ὑπόθεσις
881 3953 975 4006 καὶ
1003 3953 1050 4006 οί
1077 3953 1175 4016 τὰς
1199 3954 1565 4021 συκοφαντίας
1593 3957 1849 4026 κινήσαν-

272 4064 355 4112 τες
388 4047 583 4101 ἔλαϐον
607 4047 707 4119 τὴν
734 4045 925 4117 ἀρχὴν,
965 4045 1053 4099 διὰ
1098 4045 1344 4118 βραχέων
1374 4045 1505 4118 ἐρῶ.
1544 4046 1851 4119 Μαρεώτης

271 4138 418 4210 χώρα
439 4140 554 4211 (40)
584 4139 686 4210 τῆς
714 4136 1117 4211 Ἀλεξανδρείας
1136 4138 1273 4193 ἐστί.
1305 4137 1507 4210 Κῶμαι
1535 4136 1592 4192 δέ
1620 4140 1757 4193 εἰσιν
1793 4141 1851 4194 ἐν

1950 3410 2093 3465 datis
2119 3409 2185 3463 ad
2209 3408 2705 3463 Alexandrinorum
2732 3408 3033 3463 Ecclesiam
3061 3408 3265 3462 litteris
3285 3448 3299 3472 ,
3329 3408 3536 3477 quibus

1954 3497 2263 3552 testabatur
2309 3497 2632 3567 episcopum
2678 3496 2925 3565 ipsorum
2953 3495 3091 3549 falso
3127 3495 3182 3549 in
3205 3495 3413 3549 crimen
3438 3510 3535 3549 vo-

1954 3596 2137 3644 catum
2162 3587 2349 3643 fuisse.
2378 3586 2509 3654 Quae
2531 3603 2661 3641 vero
2686 3588 2918 3656 posthac
2954 3587 3246 3642 Eusebiani
3272 3587 3535 3642 adversus

1955 3678 2313 3735 Athanasium
2338 3680 2510 3734 moliti
2536 3678 2764 3745 fuerint,
2793 3695 3092 3750 congruum
3116 3680 3339 3750 quidem
3360 3681 3535 3734 hone-

1956 3778 2214 3841 stumque
2253 3778 2399 3825 esset
2432 3769 2657 3825 silentio
2692 3769 2998 3840 praeterire,
3045 3785 3115 3824 ne
3157 3769 3225 3824 ab
3263 3769 3350 3824 his
3385 3769 3536 3838 quia

1955 3861 2161 3918 Christi
2188 3861 2294 3916 ﬁde
2318 3862 2481 3917 alieni
2510 3869 2659 3927 sunt,
2689 3860 2895 3916 Christi
2922 3861 3321 3917 condemnetur
3341 3861 3535 3916 Eccle-

1956 3954 2059 4008 sia.
2083 3954 2190 4009 Sed
2214 3956 2495 4024 quoniam,
2513 3961 2703 4023 utpote
2721 3953 2938 4023 scriptis
2963 3952 3179 4016 tradita,
3205 3953 3272 4006 ad
3289 3952 3537 4008 omnium

1959 4046 2207 4101 notitiam
2232 4054 2640 4117 pervenerunt,
2669 4044 2879 4099 idcirco
2914 4044 3288 4100 necessarium
3324 4045 3535 4115 putavi,

1958 4139 2224 4204 breviter,
2262 4138 2445 4209 quoad
2479 4138 2599 4193 ﬁeri
2635 4147 2836 4209 potest,
2861 4154 2927 4194 ea
2961 4137 3170 4194 referre
3205 4154 3326 4208 quae
3365 4153 3539 4208 pecu—

1466 4295 1739 4351 VALESII
1778 4294 2330 4352 ANNOTATIONES.

338 4389 446 4461 (57)
476 4390 582 4444 Διὰ
617 4390 878 4456 ’Ῐσίωνος
913 4392 1008 4461 καὶ
1034 4389 1406 4461 Εὐδαίμονος
1431 4389 1840 4461 καὶᾼΚαλλινί-

269 4459 396 4515 κου.
428 4459 667 4515 Horum
708 4461 919 4514 mentio
961 4460 1022 4515 ﬁt
1071 4461 1127 4514 in
1159 4460 1408 4514 lndiculo
1454 4459 1842 4528 episcoporum

270 4533 434 4656 partis
474 4531 687 4613 llelitii,
712 4546 875 4613 quem
906 4530 1215 4612 Alexander
1243 4531 1431 4610 exegit.
1456 4545 1491 4610 τι
1515 4529 1740 4583 Melitiu.
1778 4530 1847 4583 Et

289 4618 406 4656 sion
435 4601 658 4656 quidem
697 4616 988 4656 emsconus
1019 4609 1138 4656 erat
1181 4618 1235 4655 tu
1277 4600 1516 4656 Athribi.
1549 4599 1847 4654 Eudaemon

289 4602 406 4656 sion
435 4601 659 4672 quidem
697 4599 988 4672 episcopus
1019 4609 1138 4656 erat
1181 4601 1235 4672 in
1277 4599 1516 4672 Athribi,
1549 4599 1848 4672 Eudaemon

268 4671 323 4726 in
347 4668 826 4737 Tatii,Callinicus
860 4668 992 4725 v'ero
1031 4671 1257 4727 Pelusii.
1303 4670 1438 4725 Vide
1482 4668 1848 4725 Athanasium

176 4758 184 4763 ‘
267 4741 321 4796 in
343 4742 695 4815 Apologetico
729 4742 990 4815 secundo.

336 4809 445 4885 (58)
493 4809 884 4885 ’Ᾰλύπιοςςκαὶ
906 4811 1221 4885 Μακάριος.
1250 4809 1586 4885 Athanasius
1615 4809 1671 4885 in
1700 4810 1848 4881 Apo-

269 4881 497 4954 logetico
524 4882 876 4954 Apimbabet
907 4897 1006 4952 pro
1034 4882 1227 4954 Alypio
1257 4882 1398 4954 :_sed
1432 4882 1612 4954 locum
1642 4881 1699 4934 in
1741 4897 1850 4954 quo

268 4952 659 5009 Constantinus
690 4953 835 5007 hanc
874 4952 1253 5022 quaestionem.
1278 4952 1492 5022 habuit,
1518 4967 1629 5005 non
1668 4952 1848 5022 nomi-

268 5033 376 5079 nat.
416 5023 674 5080 Socrates
700 5032 883 5079 tamen
900 5021 1243 5078 Nicomedia:
1264 5023 1317 5077 id
1344 5021 1546 5077 tactum
1576 5037 1695 5076 esse
1713 5021 1850 5077 scri—

269 5092 363 5149 bit.
388 5096 560 5150 Porro
580 5094 853 5149 Baronius
878 5094 992 5148 haec
1011 5102 1159 5164 gesta
1188 5109 1304 5149 esse
1332 5093 1496 5147 tradit
1520 5108 1663 5146 anno
1678 5092 1842 5164 Chri-

270 5165 333 5220 sti
360 5166 462 5221 529
499 5166 678 5236 l.Eg0
707 5180 844 5220 vero
892 5165 946 5218 in
987 5163 1307 5236 sequentem
1354 5178 1556 5236 annum
1597 5163 1853 5236 conferre

279 5182 333 5220 511
360 5182 462 5221 ῢΖθ
499 5182 678 5236 μειερ
707 5182 844 5220 vero
892 5182 946 5218 111
987 5182 1307 5288 εεὲυθηιθῐῐι
1354 5182 1556 5218 annum
1597 5182 1851 5218 comerre

279 5237 467 5291 nalim.
506 5237 634 5291 Haec
655 5236 803 5291 enim
830 5243 954 5306 post
974 5234 1044 5287 ah
1087 5235 1379 5306 ieatioriem
1414 5234 1687 5306 Eustathii
1715 5249 1851 5288 con-

291 5306 521 5376 igerunt,
554 5322 682 5361 cum
712 5306 989 5361 Eusebius
1011 5321 1074 5359 ac
1097 5305 1412 5376 Theognius
1441 5305 1510 5376 ab
1538 5305 1732 5359 exsilio
1757 5320 1848 5359 re-

301 5374 425 5441 (ξι-εἰ,
461 5378 758 5432 maximam
806 5376 1191 5432 auctoritatem
1245 5374 1389 5445 apud
1427 5374 1846 5430 Constantinum

272 5448 403 5500 nacti
434 5456 638 5503 essent.
667 5446 826 5515 Quod
851 5461 983 5501 vero
1015 5446 1159 5501 idem
1206 5446 1474 5501 Baronius
1501 5445 1845 5501 Constantini

272 5516 472 5573 litteras
491 5518 560 5574 de
595 5517 733 5574 Ario
755 5517 813 5573 in
838 5517 1141 5572 Ecclesiam
1163 5515 1481 5587 recipiendo
1504 5516 1570 5570 ad
1598 5515 1845 5571 Athana-

1943 4390 2085 4445 sium
2110 4390 2343 4459 scriptas
2359 4404 2478 4444 esse
2506 4389 2638 4444 dicit
2682 4403 2828 4443 anno
2863 4386 3067 4459 Christi
3096 4385 3219 4459 527,
3249 4385 3304 4439 in
3333 4401 3398 4439 eo
3416 4401 3536 4441 ma-

1946 4460 2145 4515 nifeste
2177 4457 2399 4523 'abitur,
2427 4469 2484 4514 et
2512 4459 2770 4514 dissentit
2792 4458 2861 4513 ab
2905 4457 3227 4519 Athanasio,
3259 4472 3420 4526 quem
3458 4467 3538 4511 ta-

1948 4547 2074 4585 men
2107 4531 2164 4584 in
2191 4529 2449 4585 omnibus
2480 4532 2635 4601 sequi
2667 4545 2724 4584 se
2758 4528 3067 4601 proﬁtetur.
3105 4527 3323 4601 Etenim
3362 4526 3537 4601 Atha-

1948 4601 2159 4664 nasius,
2195 4601 2379 4655 statim
2426 4596 2806 4670 post'litteras
2851 4596 3192 4654 Constantini
3236 4608 3292 4652 et
3351 4598 3538 4670 repul~

1884 4700 1927 4755 D
1951 4688 2066 4755 sam
2098 4671 2236 4755 Arii,
2264 4668 2495 4755 crimina
2519 4672 2608 4725 illa
2641 4687 2673 4725 a
2706 4670 3001 4726 Melitianis
3031 4669 3211 4723 delata
3244 4683 3366 4722 esse
3397 4668 3537 4721 scri-

1956 4742 2039 4796 bit
2067 4742 2133 4795 ad
2166 4742 2578 4810 imperatorem.

2029 4811 2138 4884 (59)
2183 4807 2514 4890 ’βγγροξφως
2537 4809 2906 4890 ἐπιδοθέζτα.
2929 4810 3139 4866 Mallem
3174 4810 3360 4890 legere
3388 4807 3538 4861 ἐκδοο

1957 4879 2136 4951 θέντα.
2176 4881 2355 4951 Atque
2381 4884 2455 4937 ita
2488 4880 2772 4951 scripsisse
2796 4879 3074 4951 Socratem
3102 4879 3374 4934 existimo.

2030 4943 2140 5023 (Ἇο)
2172 4943 2487 5023 Μαρεώτης
2514 4943 2692 5023 χώρα.
2720 4952 2878 5023 Hunc
2899 4949 3147 5023 Socratis
3174 4952 3354 5005 locum
3378 4948 3537 5023 valde

1958 5020 2197 5077 illustrat
2224 5020 2557 5092 Athanasius
2576 5023 2630 5076 in
2648 5022 3001 5092 Apologetico
3027 5037 3062 5075 ιι
3087 5021 3349 5092 adversus
3384 5020 3540 5074 Aria-

1952 5107 2073 5148 nos.
2099 5092 2268 5174 Chius
2303 5091 2497 5156 verba,
2531 5091 2764 5174 quia
2802 5091 3117 5174 interprete,
3136 5091 3273 5146 male
3287 5099 3539 5174 ~accepta

1952 5173 2101 5234 sunt,
2140 5161 2231 5234 hic
2263 5178 2572 5234 apponam:
2621 5163 2681 5216 Ὀ
2702 5161 3015 5234 Μαρεώτης
3052 5162 3203 5234 χώρα
3254 5162 3536 5234 tacuis-

1953 5232 2234 5304 ξανδρείας
2278 5233 2425 5304 ἐστι·
2484 5234 2579 5287 καὶ
2630 5232 2887 5287 οὐδέποτε
2942 5236 2997 5286 ἐν
3029 5236 3092 5303 τῇ
3117 5232 3281 5304 χώρᾳ
3312 5232 3539 5304 γέγονεν

1949 5301 2265 5367 ἐπίσκοπος,
2294 5302 2415 5357 οὐδὲ
2434 5303 2843 5374 χωρεπίσκοπος
2866 5319 2877 5332 ·
2909 5304 3043 5357 ἀλλὰ
3058 5301 3268 5373 τῷτῆςί
3290 5301 3536 5374 Ἀλεξανο

1947 5374 2128 5445 δρείας
2161 5372 2529 5445 ὲπισκὸπῳαί
2551 5374 2839 5445 ἐκκλησίαι
2864 5373 3047 5445 πάσης
3078 5373 3177 5438 τῆς
3201 5372 3382 5445 χώρας
3405 5372 3539 5445 πόα

1948 5441 2151 5498 κεινται
2176 5460 2187 5474 ·
2217 5441 2445 5504 ἕκαστος
2474 5443 2530 5495 δὲ
2566 5442 2673 5512 τῶν
2708 5441 3090 5512 πρεσϐυτέρων
3124 5444 3234 5510 ἕχει
3277 5441 3374 5502 τὰς
3396 5441 3538 5512 ⁸ἰδίας

1946 5514 2161 5585 κώμας,
2203 5515 2483 5586 μεγίστας,
2536 5511 2629 5567 καὶ
2677 5509 2895 5585 ἀριθμῷ
2921 5509 3053 5566 δέκα
3085 5509 3187 5566 που
3223 5512 3318 5565 καὶ
3351 5509 3535 5560 πλείο-

1694 5655 2003 5713 VARIORU
2012 5656 2079 5712 Μ.

343 5744 653 5835 {paremus
671 5747 813 5813 haec,
831 5746 1241 5835 quasidiversis
1277 5748 1436 5802 annis
1461 5756 1609 5835 gesta
1636 5759 1840 5831 essent,

276 5817 457 5889 recitat
493 5818 696 5889 partim
735 5817 885 5873 anno
920 5817 1044 5882 327,
1075 5818 1274 5888 partim
1299 5833 1443 5873 anno
1471 5817 1573 5872 5‘29
1604 5837 1614 5871 :
1653 5820 1707 5874 in
1734 5835 1846 5889 quo

273 5885 543 5949 manifeste
570 5888 813 5960 labitur;
848 5898 909 5945 ut
941 5900 999 5947 et
1030 5885 1296 5958 valesius,
1324 5890 1414 5962 qui
1444 5905 1508 5947 ea
1539 5888 1593 5946 in
1640 5885 1845 5946 annum

1951 5748 2055 5802 530
2083 5747 2420 5804 conferenda
2448 5764 2567 5804 esse
2607 5757 2814 5804 censet.
2868 5748 3076 5802 Bienno
3116 5744 3299 5806 citius,
3339 5755 3537 5812 ucnqm

1954 5820 2112 5949 ingiho
2131 5819 2258 5945 auriti
2291 5820 2394 5875 328
2414 5820 2663 5876 evenisse
2693 5818 2977 5874 contendit
2998 5815 3122 5871 Ant.
3150 5814 3273 5886 Pagi
3310 5812 3377 5867 ad
3404 5827 3533 5872 ann.

1959 5909 1990 5944 ο
2069 5930 2082 5949 .
2116 5906 2171 5946 n.
2244 5932 2255 5945 .

2067 5930 2255 5960 ,.....
