4050 6348
1513 309 1533 338 \

403 375 506 444 159

1843 390 2179 448 SOCRATIS

3549 389 3652 446 £60

398 507 546 555 serat
570 497 889 555 convenire.
913 497 1023 554 Eos
1047 499 1533 571 ergo,priusquam
1555 498 1688 556 illuc
1701 504 1969 556 conveni-

2086 508 2381 579 ἀνήγειρεν.
2422 507 2569 562 ’0δοῦ
2595 503 2687 562 οὖν
2708 506 3004 579 πάρεργον,
3031 489 3367 578 πρότερονέν
3399 505 3465 574 τῇ
3491 502 3654 574 Τύρῳ

402 598 548 655 rent,
575 591 630 644 in
653 591 874 646 civitate
897 590 1043 663 Tyro
1066 591 1344 657 collectos,
1365 591 1547 646 obiter
1563 607 1784 648 causam
1812 593 1980 649 Atha-

400 681 543 735 nasii
566 681 836 736 ventilare
861 683 1139 752 praecepit,
1183 690 1265 748 ut,
1312 684 1668 739 contentione
1719 687 1878 755 prius
1905 687 1977 740 il-

399 770 475 825 lic
499 787 530 826 e
556 772 738 826 medio
763 773 999 838 sublata,
1027 774 1381 829 festivitatem
1421 775 1788 832 dedicationis
1827 785 1979 831 tran-

400 862 629 930 quillius
671 871 1018 933 peragerent,
1065 864 1357 920 ecclesiam
1402 867 1514 922 Deo
1559 877 1974 923 consecrantes.

401 951 740 1007 Tricesimus
785 954 876 1008 hic
921 963 1043 1009 erat
1089 971 1268 1011 annus
1325 956 1546 1028 imperii
1601 958 1972 1014 Constantini.

401 1042 577 1097 Porro
605 1043 808 1113 Tyrum
833 1045 1002 1099 variis
1026 1061 1095 1100 ex
1118 1046 1256 1102 locis
1282 1059 1663 1105 convenerunt
1709 1052 1976 1121 episcopi,

398 1149 631 1189 numero
658 1137 959 1206 sexaginta,
1007 1149 1378 1210 congregante
1425 1141 1552 1196 illos
1608 1141 1878 1213 Dionysio
1906 1157 1977 1197 ex

400 1226 699 1280 consulari.
743 1227 853 1298 66
901 1227 970 1282 Et
1008 1228 1280 1285 Macarius
1327 1230 1551 1300 quidem
1576 1233 1866 1304 presbyter
1909 1235 1978 1288 ah

401 1314 538 1368 urbe
560 1315 891 1370 Alexandria
925 1331 993 1371 eo
1020 1314 1324 1387 perductus
1347 1327 1432 1374 est
1477 1321 1582 1375 sub
1609 1322 1852 1376 militum
1881 1338 1977 1377 cu-

400 1407 600 1472 stodia,
629 1411 843 1464 catenis
867 1409 1064 1464 ferreis
1089 1411 1330 1464 vinctus.
1359 1411 1694 1467 Athanasius
1719 1429 1854 1467 vero
1881 1429 1976 1467 oc-

399 1515 627 1554 currere
651 1501 875 1570 quidem
900 1502 1153 1568 nolebat;
1180 1517 1292 1557 non
1315 1504 1462 1573 quod
1489 1504 1705 1575 objecta
1732 1507 1837 1560 sibi
1865 1507 1978 1559 cri-

400 1591 550 1645 mina
597 1591 1022 1647 reformidaret:
1074 1593 1280 1663 quippe
1346 1594 1554 1649 nullius
1611 1610 1804 1651 eorum
1871 1599 1976 1653 sibi

400 1682 656 1736 conscius
678 1690 830 1737 erat:
897 1684 992 1738 sed
1041 1685 1188 1754 quod
1237 1694 1511 1741 metueret
1551 1704 1620 1743 ne
1668 1691 1801 1760 quid
1854 1692 1969 1748 illic

401 1784 596 1830 contra
622 1775 847 1831 decreta
882 1775 1116 1832 Nicaanas
1140 1778 1336 1849 synodi
1381 1779 1759 1836 innovaretur.
1806 1784 1977 1838 Vere-

403 1867 568 1921 batur
596 1874 777 1922 tamen
797 1866 1042 1922 minaces
1066 1844 1416 1939 imperatoris
1439 1871 1670 1926 litteras.
1699 1873 1978 1945 Scriptum
2011 1844 2053 1902 Β

401 1959 552 2012 enim
582 1958 661 2013 illi
687 1959 887 2025 fuerat,
915 1960 1023 2014 nisi
1051 1970 1247 2031 sponte
1274 1976 1375 2017 sua
1396 1964 1662 2030 venisset,
1705 1966 1760 2020 vi
1799 1966 1980 2022 addu-

403 2059 552 2104 ctum
578 2051 668 2104 iri.
694 2051 864 2122 Igitur
885 2054 1214 2108 necessitate
1252 2056 1570 2126 compulsus
1637 2057 1818 2113 adfuit
1865 2060 1981 2116 illic

401 2145 566 2198 etiam
596 2145 948 2199 Athanasius.

998 2279 1149 2335 CAP.
1177 2241 1369 2336 iuuit.

469 2367 543 2425 De
569 2369 807 2436 Arsenio,
837 2379 884 2424 et
925 2372 988 2425 de
1014 2389 1319 2497 mgnubquaa
1358 2373 1441 2428 illi
1485 2382 1765 2446 amputata
1791 2393 1905 2432 esse

1089 2459 1164 2496 rce
1200 2453 1341 2497 atur.

1089 2453 1341 2498 icebatur.

466 2532 638 2587 Porro
671 2533 768 2587 Dei
816 2533 1166 2602 providentia
1207 2534 1502 2590 Arsenium
1530 2535 1588 2590 in
1627 2537 1828 2592 urbem
1876 2538 1981 2610 Ty-

394 2639 518 2679 rum
568 2624 648 2679 ire
696 2625 956 2694 perpulit.
1019 2625 1294 2695 Neglectis
1351 2627 1500 2682 enim
1549 2628 1822 2683 mandatis
1860 2645 1983 2700 quae

397 2716 830 2771 calumniatores
865 2733 895 2770 a
933 2716 1136 2785 quibus
1180 2718 1489 2773 conductus
1521 2718 1702 2775 fuerat
1749 2719 1851 2791 ipsi
1887 2722 1983 2776 de-

403 2807 622 2872 derant,
653 2809 791 2861 clam
821 2823 888 2863 eo
932 2807 1178 2875 advenit,
1229 2818 1291 2864 ut
1328 2826 1451 2880 qua:
1502 2809 1618 2866 illic
1659 2821 1983 2882 gererentur

394 2914 579 2953 coram
623 2906 913 2968 spectaret.
955 2899 1114 2955 Forte
1138 2900 1339 2955 accidit
1371 2908 1432 2954 ut
1480 2900 1669 2955 famuli
1725 2902 1982 2958 Archelai

396 2991 721 3057 consularis,
753 2993 810 3047 in
855 2993 1080 3047 taberna
1120 2994 1386 3063 quosdam
1428 2995 1689 3050 audirent
1735 2997 1982 3053 dicentes

395 3085 710 3150 Arsenium,
737 3085 828 3153 qui
858 3083 1075 3139 occisus
1097 3098 1217 3139 esse
1241 3085 1543 3152 diceretur,
1569 3087 1625 3140 in
1647 3086 1858 3142 aedibus
1883 3103 1981 3143 cu-

2083 600 2447 670 συναχθέντας
2478 603 2604 663 τοὺς
2635 601 2989 663 ἐπισκόπους,
3035 599 3104 652 τὰ
3143 596 3284 652 κατὰ
3338 595 3651 650 Ἀθανάσιον

2081 692 2358 761 γυμνάσαι
2395 691 2725 762 προσέταξεν
2747 708 2760 723 ·
2796 692 2946 754 ὅπως
3000 689 3066 744 ἂν
3115 689 3232 741 ἐκεῖ
3276 687 3539 758 πρότερον
3565 689 3652 740 ἐκ-

2081 783 2260 837 ποδὼν
2304 784 2604 854 γενομένης
2632 786 2729 855 τῆς
2758 782 3092 854 ὲρεσχελίας,
3126 778 3545 852 εἰρηνικώτερον
3585 778 3654 832 τὰ
3695 815 3716 830 .

2079 873 2409 943 ἐπιϐατὴρια
2435 875 2536 944 τῆς
2563 872 2856 942 ἐκκλησίας
2876 871 3249 930 ἐπιτελέσωσι,
3273 867 3655 937 καθιεροῦντες

2081 963 2251 1033 αὐτὴν
2279 962 2356 1032 τῷ
2379 963 2515 1032 Θεῷ.
2550 963 2884 1033 Τριακοστὸν
2904 962 2961 1014 δὲ
2988 961 3104 1023 ἔτος
3131 955 3198 1030 ἦν
3232 958 3387 1011 τοῦτο
3416 958 3526 1027 (45)
3560 959 3656 1027 τῆς

2083 1051 2358 1121 βασιλείας
2401 1052 2804 1106 Κωνσταντίνου
2853 1059 2915 1104 °.
2970 1050 3078 1104 Kal.
3126 1048 3379 1119 παρῆσαν
3421 1047 3514 1099 ἐπὶ
3558 1047 3657 1117 τὴν

2080 1142 2255 1214 Τῦρον
2299 1145 2362 1196 ἐκ
2411 1142 2684 1213 διαφόρων
2736 1142 2914 1196 τόπων
2972 1140 3259 1193 ἐπίσκοποι
3297 1139 3388 1192 τὸν
3423 1137 3656 1209 ἀριθμὸν

2079 1235 2362 1304 ἐξήκοντα,
2395 1234 2671 1287 Διονυσίου
2699 1233 2793 1287 τοῦ
2823 1233 2929 1286 ἀπὸ
2952 1231 3230 1286 ὑπατικῶν
3260 1230 3658 1299 συναγαγόντος

2078 1325 2294 1387 αὐτούς.
2341 1323 2446 1377 Καὶ
2481 1325 2646 1394 ἢγετο
2687 1324 2783 1394 μὲν
2815 1323 3101 1393 Μακάριος
3140 1333 3167 1372 P
3217 1324 3245 1375 ὁ
3288 1320 3656 1394 πρεσϐύτερος

2081 1417 2144 1468 ἐκ
2170 1418 2268 1485 τῆς
2297 1413 2697 1485 Ἀλεξανδρείας
2722 1413 3124 1484 σιδηροδέσμιος
3141 1414 3229 1466 διὰ
3258 1413 3656 1484 στρατιωτικῆς

2081 1506 2280 1576 χειρός.
2331 1507 2644 1570 Ἀθανάσιος
2669 1506 2723 1558 δὲ
2777 1505 3084 1575 ἀπαντῆσαι
3130 1505 3231 1556 οὐκ
3281 1502 3552 1566 ἐϐούλετο,
3593 1503 3654 1553 οὐ

2079 1597 2331 1651 τοσοῦτον
2382 1597 2848 1669 τὰς’κιτηγορίας
2891 1595 3318 1666 εὐλαϐούμενοςσ
3365 1594 3518 1646 οὐδὲν
3549 1595 3656 1664 γὰρ

2079 1689 2188 1741 τῶν
2239 1689 2730 1760 κατηγορουμένων
2777 1688 3106 1756 ἐγίνωσκεν·
3145 1687 3281 1739 ἀλλὰ
3325 1686 3657 1756 φοϐούμενος

2085 1782 2159 1852 μή
2192 1798 2244 1834 τι
2291 1779 2654 1851 καινοτομηθῇ
2687 1781 2835 1851 παρὰ
2867 1779 2936 1832 τὰ
2961 1781 3018 1832 ἐν
3051 1779 3255 1850 Νικαίᾳ
3281 1781 3348 1849 τῇ
3381 1779 3504 1831 τότε
3536 1796 3658 1832 συν-

2082 1873 2188 1943 όδῳ
2239 1871 2628 1942 συναρέσαντα.
2669 1871 2951 1924 Ἐδεδοίκει
2981 1870 3089 1941 γὰρ
3133 1869 3203 1923 τὰ
3245 1868 3341 1922 τοῦ
3391 1867 3659 1938 βασιλέως

2081 1964 2406 2034 ἀπειλητικὰ
2456 1964 2776 2034 γράμματα.
2835 1961 3172 2032 Ἐγέγραπτο
3219 1960 3330 2030 γὰρ
3379 1958 3549 2029 αὐτῷ,
3582 1957 3660 2021 ὡς

2081 2057 2131 2108 εί
2166 2056 2239 2126 μὴ
2274 2055 2415 2109 ἐκὼν
2447 2056 2768 2124 ἀπαντήσοι,
2804 2055 3018 2126 ἀνάγκῃ
3063 2051 3417 2123 ἀχθήσεσθαι.
3468 2049 3660 2122 Παρῆν

2080 2146 2174 2203 οὖν
2200 2147 2258 2213 ἐξ
2285 2149 2529 2218 ἀνάγκης
2565 2148 2660 2202 καὶ
2700 2147 3036 2210 Ἀθανάσιος.

2659 2283 2910 2338 ΚΕΦΑΛ.
2953 2282 3081 2337 ΚΘ’.

2081 2377 2220 2447 Περὶ
2294 2376 2625 2445 Ἀρσενὶου,
2682 2376 2776 2430 καὶ
2812 2375 2937 2447 τῆς
2987 2376 3274 2447 κεκόφθαι
3330 2368 3665 2442 λεγομένης

2650 2446 2835 2500 αὑτοῦ
2870 2444 3084 2513 χειρός.

2151 2539 2285 2592 Θεοῦ
2312 2538 2368 2592 δέ
2401 2557 2484 2603 τις
2512 2538 2736 2609 πρόνοια
2762 2538 2854 2591 τὸν
2895 2536 3168 2608 Ἀρσένιον
3209 2534 3300 2588 ἐπὶ
3340 2531 3438 2604 τὴν
3485 2529 3662 2601 Τύρον

2081 2631 2330 2701 ἦλαυνεν.
2380 2631 2683 2703 Ἀμελήσας
2728 2630 2837 2700 γάρ
2868 2630 2976 2683 τῶν
3007 2627 3257 2690 ἐντολῶν,
3290 2621 3363 2679 ὧν
3409 2623 3560 2694 αὐτῷ
3611 2625 3660 2676 οἱ

2080 2723 2150 2776 τὰ
2177 2725 2281 2794 χρή
2292 2739 2435 2793 ματα
2463 2722 2796 2790 συκοφάνται
2827 2720 3198 2793 παρασχόντες
3223 2715 3509 2780 δεδώκασι,
3536 2712 3661 2767 καθ’

2085 2817 2323 2886 ἱστορίαν
2393 2814 2502 2867 τῶν
2553 2813 2933 2884 γενησομένων
2992 2809 3390 2883 κεκρυμμένως
3457 2807 3660 2878 παρῆν.

2086 2908 2281 2976 Ἔτυχε
2313 2906 2368 2959 δέ
2402 2926 2514 2970 πως
2559 2905 2649 2959 τοῦ
2685 2903 2950 2959 ὑπατικοῦ
2993 2902 3284 2974 ’Λρχελὰου
3315 2901 3424 2971 (Η)
3450 2898 3665 2960 οἰκέτας

2085 3002 2142 3053 ἐν
2171 2999 2455 3070 καπηλείῳ
2489 2997 2715 3062 ἀκοῦσαι
2754 2997 3022 3066 λεγόντων
3052 2995 3235 3060 τινῶν,
3271 2995 3346 3056 ὡς
3389 2990 3666 3062 Ἀρσένιος

2083 3093 2112 3143 ὁ
2135 3090 2422 3159 λεγόμενος
2451 3089 2774 3160 ἀνῃρῆσθαι,
2806 3089 3070 3159 πάρεστιν
3101 3085 3156 3139 ἐν
3191 3103 3332 3148 τινος
3355 3083 3502 3154 οἰκίᾳ
3531 3099 3665 3152 κρυ-

393 3176 608 3248 jusdam
631 3177 766 3231 civis
786 3176 1129 3232 delitescere.
1146 3176 1243 3232 llis
1260 3177 1486 3242 auditis,
1506 3193 1631 3231 cum
1651 3193 1745 3233 eos
1770 3179 1860 3248 qui
1881 3177 1983 3232 ista

2092 3181 2382 3250 πτάμενος.
2411 3181 2592 3233 Ταῦτα
2618 3179 2969 3241 ἀκούσαντες,
2998 3178 3092 3231 καὶ
3123 3179 3249 3240 τοὺς
3281 3176 3533 3235 εἰπόντας
3569 3191 3665 3244 ση-

397 3265 653 3320 dixerant
678 3273 982 3330 notassent,
1015 3282 1130 3320 rem
1155 3282 1375 3320 onmem
1417 3266 1483 3320 ad
1522 3266 1807 3321 dominum
1849 3268 1983 3321 refe-

2095 3274 2480 3344 μειωσάμενοι,
2518 3272 2803 3342 καταφανῆ
2843 3271 2911 3326 τὰ
2951 3269 3284 3325 ἀκουσθέντα
3327 3269 3405 3338 τῷ
3429 3267 3667 3339 δεσπότῃ

399 3368 544 3413 runt.
573 3359 664 3414 lile
690 3376 719 3414 e
745 3360 995 3429 vestigio,
1024 3360 1163 3414 nihil
1192 3367 1501 3425 cunctatus,
1555 3360 1832 3415 hominem
1863 3375 1990 3430 pcr—

397 3451 562 3520 quiril
579 3461 740 3520 atque
757 3451 985 3514 invenit,
1001 3451 1395 3520 inventumque
1411 3451 1515 3505 sub
1535 3451 1783 3522 diligenti
1803 3459 1990 3506 custo-

399 3543 489 3597 dia
511 3543 720 3597 servari
751 3542 926 3613 jubet.
951 3543 1081 3598 Post
1126 3543 1243 3597 haec
1265 3543 1570 3597 Athanasio
1608 3542 1882 3613 significat
1929 3552 1992 3600 ut

399 3635 545 3692 bono
569 3634 753 3688 animo
777 3635 848 3688 sit
881 3652 894 3686 :
925 3634 1219 3688 Arscnium
1243 3633 1389 3688 enim
1436 3634 1764 3688 incolumem
1789 3643 1988 3705 prmsto

398 3742 539 3782 esse.
565 3726 1015 3797 Comprehensus
1037 3742 1204 3797 porro
1227 3726 1516 3790 Arscnius,
1560 3727 1720 3781 initio
1749 3727 1983 3797 quidem

398 3820 634 3890 negabat
660 3835 718 3874 se
745 3819 1041 3874 Arsenium
1070 3833 1211 3872 esse.
1237 3819 1440 3888 Verum
1469 3819 1672 3873 Paulus
1693 3820 1984 3888 cpisc0pus

400 3909 552 3981 Tyri,
577 3911 671 3981 qui
690 3910 1013 3983 jamdudum
1037 3909 1317 3964 hominem
1345 3919 1537 3974 norat,
1565 3926 1692 3964 cum
1719 3910 1975 3964 convicit.

400 4001 586 4058 Rebus
622 4003 677 4058 in
717 4004 868 4059 hunc
903 4002 1129 4058 modum
1167 4019 1198 4058 a
1236 4003 1421 4058 divina
1462 4003 1811 4061 Providentia
1853 4011 1980 4058 ante

2089 3365 2353 3418 ποιοῦσιν.
2397 3365 2455 3418 Ὀ
2497 3365 2553 3417 δὲ
2610 3365 2684 3428 ὼς
2719 3360 2829 3434 εἶχε
2868 3364 2942 3434 μὴ
2997 3362 3304 3432 μελλήσας,
3362 3360 3666 3430 ἀνεξήτησε

2089 3456 2182 3510 καὶ
2209 3449 2333 3526 εὗρε
2359 3475 2371 3486 ·
2401 3455 2495 3508 καὶ
2524 3454 2698 3523 εὑρὼν
2725 3453 3082 3525 ἠσφαλίσατο.
3108 3452 3219 3506 Καὶ
3249 3450 3326 3522 τῷ
3364 3449 3668 3520 Ἀθανασίῳ

2089 3545 2240 3615 δηλοῖ
2275 3545 2437 3615 μηδὲν
2482 3543 2889 3615 ταράσσεσθαι·
2939 3546 3193 3614 παρεῖναι
3226 3541 3333 3612 γὰρ
3365 3540 3541 3606 ζῶντα
3574 3541 3669 3594 τὸν

2105 3636 2399 3707 Ἀρσὲνιον,
2449 3635 2782 3705 Συλληφθεὶς
2827 3631 2918 3688 οὖν
2960 3635 3252 3706 Ἀρσένιος,
3285 3636 3500 3704 ἠρνεῖτο
3528 3629 3670 3686 εἶναι

2088 3727 2147 3794 ὃς
2194 3725 2282 3798 ἦν.
2343 3729 2479 3783 Ἀλλ’
2514 3728 2676 3782 αὐτὸν
2711 3727 2969 3791 ιῐαῦλοςὸ
3013 3729 3112 3798 τῆς
3156 3727 3332 3799 Τύρου
3369 3726 3670 3789 ἐπίσκοπος

2089 3821 2255 3880 πάλαι
2298 3820 2602 3888 γινώσκων,
2663 3820 2969 3890 ἐξήλεγξεν.
3019 3818 3200 3873 Ταῦτα
3251 3819 3352 3889 τῆς
3404 3817 3670 3888 Προνοίας

2091 3912 2617 3983 προευτρεπισάσης,
2681 3911 2796 3983 μετ’
2845 3911 2905 3964 οὐ
2960 3911 3095 3966 πολὺ
3142 3909 3387 3964 ἐκαλεῖτο
3433 3909 3538 3962 ὑπὸ
3568 3910 3670 3978 τῆς

2090 4003 2306 4057 συνόδου
2337 4005 2365 4057 ὁ
2405 4002 2740 4066 Ἀθανάσιος.
2771 4002 2882 4058 Καὶ
2917 4003 3206 4076 παρόντος,
3248 4003 3297 4057 οί
3331 4001 3669 4072 συκοφάνται

1604 4157 1875 4214 VALESII
1913 4155 2464 4213 ANNOTATIONES.

474 4280 586 4350 (45)
628 4278 988 4350 Τριακοστὸν
1021 4279 1089 4332 δὲ
1111 4278 1266 4350 ίὲτος
1297 4272 1376 4350 ἦν
1401 4279 1598 4333 τοῦτο.
1652 4277 1853 4350 Habita
1885 4287 1972 4334 est

2080 4279 2180 4333 stis
2213 4277 2394 4341 ldatii,
2424 4285 2540 4332 toto
2563 4293 2707 4333 anno
2746 4291 2866 4332 eam
2898 4275 3300 4332 solemnitatem
3339 4271 3667 4341 anticipans.

399 4340 809 4420 synod'us'Tyri
840 4348 1161 4420 constanlio
1193 4340 1267 4420 et,
1295 4340 1882 4420 Albinowconsulibus,
1924 4359 1986 4405 ut
2016 4353 2062 4412 D
2087 4347 2291 4420 Atque.
2318 4340 2435 4420 haec
2486 4348 2873 4420 tricennalium
2920 4346 3259 4420 anticipatio,
3303 4359 3414 4398 non
3456 4340 3670 4420 Socrati

401 4418 635 4475 testatur
667 4418 1017 4482 Athanasius,
1043 4434 1187 4472 anno
1211 4418 1416 4474 Christi
1457 4419 1579 4473 355.
1605 4419 1736 4473 Erat
1763 4419 1852 4473 hic
1883 4435 1984 4473 an-

401 4505 508 4544 nus
535 4491 748 4559 imperii
777 4488 1120 4544 Constantini
1166 4499 1393 4544 octavus
1434 4497 1490 4543 et
1520 4487 1838 4559 vicesimus.
1879 4488 1989 4543 No-

401 4575 511 4614 nus
557 4558 739 4614 autem
785 4575 850 4614 ac
898 4559 1191 4614 vicesimus
1241 4559 1406 4614 canit
1451 4558 1643 4612 iisdem
1668 4559 1989 4613 consulibus

399 4630 491 4684 die
518 4639 711 4684 octavo
761 4629 1028 4683 Kalendas
1055 4630 1283 4698 August.
1313 4629 1432 4694 Quo
1473 4629 1694 4698 quidem
1719 4629 1809 4683 die
1842 4629 1989 4682 Con—

399 4701 678 4756 stantinus
717 4699 1044 4755 tricennalia
1079 4698 1397 4764 celebravit,
1431 4708 1492 4754 ut
1521 4698 1783 4754 scribitur
1814 4699 1869 4753 in
1907 4699 1991 4752 fa-

2090 4411 2299 4542 solulm,"
2318 4417 2415 4472 sed
2452 4418 2575 4473 aliis
2601 4419 2766 4473 etiam
2795 4417 3047 4488 pluribus
3076 4411 3417 4472 occasionem
3463 4411 3673 4468 erroris

2092 4503 2204 4542 om
2247 4497 2348 4542 ult.

2092 4497 2438 4627 ρηῗιίιῖἲηῗοῦ
2460 4557 2752 4613 ὑπατικοῦ
2786 4555 3121 4627 Ἀρχελάου.
3153 4553 3385 4627 Rufinus
3415 4554 3470 4608 in
3499 4553 3598 4608 lib.
3635 4567 3669 4604 κ

2095 4625 2352 4682 Historia:
2387 4628 2774 4683 ecclesiasticae
2806 4626 2954 4681 hunc
2985 4625 3312 4681 Archelaum
3332 4641 3442 4679 non
3465 4639 3669 4678 consu—

2095 4697 2267 4751 larem
2298 4698 2606 4764 Phoenices,
2635 4697 2730 4752 sed
2761 4697 3015 4752 comitem
3051 4695 3290 4752 Orientis
3317 4695 3484 4750 fuisse
3515 4693 3668 4748 dicit.

1843 4850 2227 4910 VARIORUM.

399 4985 514 5030 tam
555 4973 901 5028 admirandus
928 4971 1272 5027 Athanasius.
1299 4969 1438 5028 Cum
1475 4969 1642 5039 igitur
1684 4967 1740 5023 in
1769 4968 1981 5039 synodo

400 5044 548 5126 apud
572 5043 776 5126 Tyrum
807 5043 1084 5125 celebrata
1107 5052 1214 5097 tam
1250 5039 1820 5163 Asclepadis‘gPagius
1842 5039 1988 5119 _scri-

403 5126 514 5163 usu
541 5113 883 5163 Asclemadss.
925 5112 1070 5163 Leae
1121 5110 1357 5163 Asclcmz
1409 5126 1534 5163 cum
1626 5110 1798 5162 alesro
1840 5107 1985 5162 infra

403 5107 514 5185 psit
540 5107 886 5185 Asclepiadis.
925 5112 1070 5185 Lege
1113 5110 1357 5185 _Asclepw
1394 5107 1534 5185 _eum
1581 5107 1802 5185 Val-e'sio
1840 5107 1985 5162 infra

402 5177 458 5254 ᾖ.
505 5185 628 5254 115)
670 5177 834 5254 quam
864 5177 1150 5254 Athanasii
1177 5177 1356 5254 causa
1374 5181 1626 5254 discussa
1665 5177 1852 5241 fuerit,
1887 5192 1987 5246 ap-

401 5250 561 5325 paret
590 5250 884 5322 utrumque
911 5253 1078 5308 etiam
1104 5267 1254 5325 _anno
1293 5251 1387 5325 ξδι
1443 5250 1612 5325 [uisse
1643 5256 1986 5325 accusatum,

398 5317 465 5378 ac
498 5317 1030 5394 utriusque-causam
1052 5322 1122 5376 ad
1148 5321 1414 5392 synodum
1433 5319 1714 5394 Caesareae,
1750 5317 1989 5394 indeque

399 5395 468 5448 ad
510 5386 1154 5467 Tyrianamhremissam.
1179 5386 1250 5467 et
1285 5389 1560 5467 _synodum
1583 5386 1988 5467 Caesariensem

399 5481 545 5517 anno
558 5457 674 5519 ’551
722 5463 980 5518 indictam
1012 5477 1152 5516 esse.
1196 5460 1302 5514 Sed
1321 5457 1444 5513 cum
1473 5465 1597 5527 post
1622 5457 1844 5527 triginta
1876 5457 1987 5509 cir-

400 5534 541 5586 citer
571 5535 840 5589 mensium
873 5532 1132 5602 spatium,
1162 5537 1360 5602 neuter
1396 5525 1699 5602 Caisaream
1727 5525 1990 5602 adventa-

404 5611 510 5663 ret,
538 5610 828 5670 utriusque
861 5596 1024 5657 causa
1055 5599 1123 5653 ad
1154 5598 1430 5670 synodum
1452 5597 1754 5670 Tyrianam
1786 5596 1986 5665 rejecta

404 5671 527 5724 fuit.
552 5671 712 5737 (Ant.
739 5667 872 5741 Pagi
903 5670 1129 5741 adgann.
1153 5668 1278 5741 3332,
1307 5667 1468 5741 nui.)

479 5747 504 5770 ⁰
542 5733 900 5806 Τριακοστῦν
930 5740 998 5792 δὲ
1023 5741 1159 5802 ἔτος
1188 5734 1266 5807 ἦν
1298 5737 1470 5791 τοῦτο
1510 5733 1978 5807 τῆς-,ϐασιλείας

410 5804 883 5862 Κωνολταιτίνου.
915 5809 1083 5863 Recte
1114 5804 1394 5874 Socrates;
1425 5821 1585 5877 quem
1629 5804 1828 5860 frustra
1854 5819 1977 5857 cor-

2080 4968 2210 5038 rigit
2240 4965 2573 5038 Valesiusin
2596 4966 2772 5022 Notis.
2794 4965 3075 5038 Nimirum
3103 4964 3500 5038 Constantinus
3535 4980 3683 5038 anno

2079 5034 2204 5101 506,
2225 5054 2318 5092 vm
2338 5037 2455 5092 Kal.
2477 5036 2641 5106 Aug.,
2664 5037 2806 5107 patri
2831 5036 3115 5092 successit.
3135 5035 3374 5107 Proinde
3394 5050 3524 5107 ann.
3552 5034 3680 5107 53.5,

2083 5124 2287 5163 annum
2323 5105 2682 5161 tricesimum?
2702 5107 3016 5172 inchoavit;
3051 5105 3194 5174 quod
3249 5105 3364 5174 ipse
3423 5105 3685 5159 Valesius

2085 5178 2307 5248 agnovit
2343 5177 2411 5248 in,
2438 5177 2605 5248 Notis
2630 5177 2698 5231 ad
2729 5173 3120 5248 librumlvﬁDe
3151 5173 3280 5248 Vita
3300 5174 3541 5248 Constan
3555 5173 3682 5248 tingi,

2088 5243 2206 5317 cap.
2233 5247 2320 5300 55.
2352 5246 2489 5300 Vide
2536 5247 2700 5301 etiam
2743 5247 2950 5301 Baluzii
2999 5247 3168 5317 Notas
3202 5246 3260 5317 in
3320 5244 3572 5300 Lactant.
3606 5243 3686 5298 De

2089 5313 2343 5372 mortibus
2358 5326 2797 5387 ipersecutorum,
2833 5332 2953 5387 cap.
2983 5317 3072 5387 24.
3093 5313 3419 5387 W._Lo_wm.

2159 5398 2187 5437 P
2210 5387 2319 5440 Kal
2342 5383 2518 5454 ἤγετο
2547 5385 2662 5454 μὲν
2688 5383 3008 5454 Μακάριος.
3036 5384 3487 5440 Criminabantur
3519 5383 3678 5438 scili-
3711 5419 3716 5433 .

2086 5467 2174 5527 eet
2208 5458 2362 5511 illum
2409 5456 2727 5527 Eusebiani,
2765 5457 2910 5527 quod
2951 5456 3209 5527 poculum
3237 5454 3677 5527 mysticum,_ju-

2085 5526 2249 5581 bente
2271 5526 2586 5598 Athanasio,
2621 5523 2996 5598 confregisset.
3029 5523 3323 5598 Calumnia
3346 5534 3528 5576 autem
3557 5523 3679 5598 haec

2085 5598 2154 5651 ah
2183 5597 2404 5667 Ischyra
2428 5596 2693 5667 intentata
2713 5593 2837 5661 fuit,
2871 5611 3041 5667 quem;
3065 5593 3398 5667 Athanasius
3435 5607 3534 5667 per
3559 5593 3677 5646 Ma-

2085 5661 2701 5737 carium'prohibuerat
2743 5683 2814 5724 ne
2857 5661 3144 5723 sacerdotii
3190 5661 3447 5718 munere’
3472 5661 3680 5736 funge-

2084 5747 2202 5793 l‘t‘tll
2213 5755 2256 5791 r.
