4050 6348
311 323 392 381 161
1151 358 1155 360 -
1297 313 1623 374 HISTORIA
1659 309 2215 377 ECCLESIASTICA.
2259 351 2327 360 -—
2365 314 2496 375 LIB.
2538 315 2578 373 1.

3473 322 3576 379 132

305 435 402 505 τὴν
426 435 587 505 χεῖρα
620 435 702 498 είς
737 434 900 505 μέσον
946 429 1104 506 ἦγον,
1151 431 1246 486 καὶ
1277 434 1376 504 τὴν
1415 433 1747 505 κατηγορίαν
1801 436 1888 487 ὲν-

2000 435 2306 505 dispositis,
2329 435 2494 506 paulo
2520 442 2643 505 post
2667 433 3006 490 Athanasius
3051 448 3082 488 a
3124 431 3334 506 synodo
3377 447 3578 492 evoca-

311 526 544 580 ίσταντο.
585 526 646 578 '0
662 527 718 579 δὲ
745 525 922 596 σοφῶς
954 523 1186 594 μετῆλθε
1218 524 1280 577 τὸ
1303 526 1555 595 πρᾶγμα.
1603 525 1660 576 ’H
1673 523 1884 594 ρώτησε

306 617 411 686 γὰρ
439 617 566 679 τοὺς
605 616 880 686 παρόντας
911 614 1007 667 καὶ
1037 615 1165 677 τοὺς
1206 613 1567 684 κατηγόρους,
1596 613 1739 675 τίνες
1777 608 1888 664 εἶεν

306 711 352 762 οἱ
389 706 754 776 γινώσκοντες
786 705 878 760 τὸν
925 705 1218 777 ’Δρσένιον.
1265 704 1483 758 Πολλῶν
1514 705 1570 757 δὲ
1628 704 1888 757 εἰπόντων

305 795 596 869 γινώσκειν
610 797 793 861 αὐτὸν,
822 795 1136 864 εἰσάγεσθαι
1160 795 1303 851 ποιεῖ
1317 793 1406 847 τὸν
1434 793 1725 865 Ἀρσένιον,
1743 792 1890 847 ἔνδον

308 890 400 944 τοῦ
452 888 672 960 ἱματίου
712 887 811 951 τάς
840 889 1028 958 χεῖρας
1071 885 1236 939 αὐτοῦ
1280 885 1494 955 ἔχοντα.
1549 877 1685 938 Et“
1734 880 1890 949 αὖθις
1933 919 1945 934 κ

307 979 484 1050 ἐρωτᾷ
503 995 518 1008 ο
551 968 725 1042 Οὗτός
761 979 913 1030 ἐστιν
934 977 963 1029 ὁ
992 975 1090 1047 τὴν
1121 974 1278 1046 χεῖρα
1305 969 1666 1036 ἀπολωλεκώς
1691 990 1707 1038 ;
1729 974 1792 1026 Ui
1811 972 1888 1038 δὲ,

309 1073 395 1126 ἐπὶ
423 1071 525 1141 μὲν
555 1069 636 1140 τῷ
664 1068 954 1140 παραδόξῳ
983 1066 1428 1136 κατεπλάγησαν,
1455 1060 1594 1136 πλὴν
1619 1063 1729 1116 τῶν
1759 1063 1893 1116 εἰδό-

307 1180 410 1214 των
449 1161 578 1215 ὃθεν
614 1162 650 1231 ἡ
689 1159 812 1230 χεὶρ
841 1160 874 1228 ὴ
907 1159 1158 1211 κοπεῖσα.
1194 1154 1262 1209 Οί
1298 1151 1355 1208 δὲ
1381 1151 1560 1207 λοιποὶ
1594 1151 1730 1223 (45),
1761 1152 1895 1221 ἀλη-

309 1252 410 1315 θῶς
439 1250 612 1322 ᾤοντο
637 1250 846 1303 λείπειν
876 1248 955 1319 τῷ
989 1247 1252 1319 Ἀρσενίῳ
1277 1244 1374 1317 τὴν
1403 1248 1582 1316 χεῖρα,
1613 1243 1707 1298 καὶ
1735 1260 1896 1314 προσ-

316 1341 518 1394 εδόκων
547 1340 608 1406 ἐξ
632 1338 828 1411 ἑτέρας
855 1336 1166 1402 ὑποθέσεως
1199 1335 1579 1406 ἀπολογεῖσθαι
1608 1336 1699 1390 τὸν
1733 1334 1894 1388 Ἀθαο

309 1434 512 1487 νάσιον.
561 1430 619 1485 ⁸0
647 1431 704 1484 δὲ
727 1425 976 1494 ἀνελίξας
1006 1428 1068 1481 τὸ
1101 1428 1315 1498 ἱμάτιον
1335 1427 1430 1481 τοῦ
1474 1427 1754 1498 Ἀρσενίου
1773 1425 1893 1478 καθ’

309 1525 498 1596 ἕτερον
519 1522 629 1577 τῶν
661 1521 866 1592 μερῶν,
895 1520 1136 1573 δείκνυσι
1165 1517 1258 1571 τοῦ
1276 1516 1565 1587 ἀνθρώπου
1591 1516 1689 1588 τὴν
1715 1518 1893 1586 χεῖρα.

1987 536 2096 582 tur.
2126 526 2229 594 Qui
2256 535 2380 581 eum
2407 526 2649 589 adesset,
2679 525 3110 581 calumniatores
3134 541 3356 582 manum
3386 527 3442 582 in
3467 543 3582 583 me-

1987 616 2140 671 dium
2180 618 2490 688 proferunt,
2536 625 2592 671 et
2639 617 3051 672 accusationem
3098 617 3432 673 intendunt.
3485 621 3579 673 llie

1985 721 2120 764 vero
2163 708 2469 779 prudenter
2514 707 2811 762 admodum
2855 722 2914 763 se
2959 708 3151 778 gessit.
3198 709 3334 763 Nam
3385 717 3442 764 et
3484 726 3582 763 eos

1989 796 2087 868 qui
2121 797 2371 862 aderant,
2400 806 2456 852 et
2495 805 2846 853 accusatores
2872 797 3023 867 ipsos
3059 799 3422 869 interrogavit
3447 815 3578 854 num

1991 891 2118 964 quis
2139 905 2204 944 ex
2230 891 2367 960 ipsis
2389 890 2688 946 Arsenium
2715 899 2924 946 nosset.
2952 889 3201 960 Cumque
3246 892 3405 945 multi
3428 891 3579 945 diee—

1992 991 2117 1038 rent
2147 998 2206 1038 se
2234 982 2389 1036 illum
2436 981 2610 1052 probe
2643 997 2828 1048 nosse,
2861 981 3049 1037 induci
3081 983 3239 1054 jubet
3263 982 3578 1048 Arsenium,

1993 1090 2190 1130 manus
2225 1074 2329 1129 sub
2353 1075 2521 1144 pallio
2551 1073 2772 1128 abditas
2796 1071 3118 1128 habentem.
3153 1074 3363 1128 Deinde
3405 1074 3582 1128 inter-

1994 1171 2152 1233 rogat
2172 1163 2373 1217 iterum
2397 1181 2409 1216 :
2440 1163 2669 1217 Hiccine
2689 1171 2774 1217 est
2806 1163 2901 1232 qui
2940 1179 3163 1217 manum
3188 1163 3414 1217 amisit?
3441 1163 3583 1218 Tum

1993 1269 2130 1308 vero
2186 1253 2267 1306 illi
2298 1253 2369 1307 ob
2418 1267 2535 1305 rem
2580 1260 2691 1306 tam
2747 1252 3176 1322 inexspectatam
3222 1251 3584 1306 admiratione

1995 1343 2239 1414 perculsi
2271 1350 2422 1407 sunt,
2466 1343 2714 1412 exceptis
2761 1343 2845 1398 iis
2864 1343 2961 1414 qui
3007 1343 3154 1398 unde
3190 1359 3387 1399 manus
3437 1349 3586 1398 esset

2001 1434 2188 1489 excisa
2238 1433 2522 1504 cognitum
2563 1433 2862 1488 habebant.
2898 1434 3115 1504 Reliqui
3151 1434 3300 1488 enim
3358 1449 3585 1488 manum

1997 1541 2192 1581 revera
2225 1525 2417 1581 deesse
2441 1525 2676 1581 Arsenio
2695 1525 3122 1592 existimabant,
3146 1535 3203 1582 et
3221 1526 3586 1581 Athanasium

314 1617 481 1671 Πάλιν
519 1616 576 1669 δὲ
610 1611 940 1685 νομιζόντων
979 1608 1142 1664 τινῶν
1194 1609 1294 1679 τῆς
1326 1608 1518 1678 ἑτέρας
1549 1605 1895 1678 ὑστερεῖσθαι

2000 1613 2107 1669 alia
2160 1615 2415 1686 quapiam
2468 1616 2682 1671 ratione
2732 1631 2956 1672 causam
3019 1632 3175 1671 suam
3231 1616 3586 1671 defensurum

311 1709 493 1772 αὐτὸν,
533 1706 728 1779 μικρὸν
753 1702 1124 1776 παρελκύσας,
1168 1701 1503 1772 ἀμφιϐόλους
1538 1700 1892 1772 κατέστησεν.

2000 1720 2122 1761 esse
2161 1707 2478 1777 sperabant.
2514 1707 2586 1762 At
2636 1709 2749 1773 ille,
2791 1708 2958 1778 pallio
3001 1706 3218 1762 Arsenii
3257 1707 3313 1762 in
3351 1709 3585 1762 alterum

315 1795 446 1852 Εἶτα
469 1797 550 1875 ,μὴ
588 1795 885 1866 μελλήσας,
902 1793 996 1846 καὶ
1030 1793 1090 1846 τὸ
1111 1792 1298 1864 ἕτερον
1320 1790 1568 1857 ἀνελίξας
1600 1790 1784 1863 μέρος,
1804 1790 1895 1844 καὶ

2001 1798 2147 1853 latus
2202 1798 2468 1865 reducto,
2512 1815 2738 1854 manum
2772 1800 3014 1855 hominis
3066 1800 3328 1855 ostendit.
3375 1801 3587 1856 Rursus

313 1891 408 1960 τὴν
441 1889 638 1959 ἑτέραν
665 1887 760 1941 τοῦ
804 1887 1082 1958 ’Δρσενίου
1111 1887 1271 1956 χεῖρα
1313 1881 1584 1948 ἐπέδειξεν
1605 1899 1618 1913 ο
1659 1881 1803 1936 οὕτω
1835 1899 1894 1936 τε

2004 1888 2290 1944 nonnullis
2323 1889 2737 1959 suspicantibus
2787 1891 2962 1946 altera
2993 1905 3120 1945 eum
3164 1906 3332 1944 manu
3371 1890 3581 1945 mutila-

313 1976 432 2034 εἷπε
458 1979 596 2049 πρὸς
625 1979 752 2041 τοὺς
777 1977 1082 2049 παρόντας·
1133 1974 1413 2046 ’Λρσένιος
1455 1975 1575 2045 μὲν,
1611 1974 1688 2038 ὡς
1707 1975 1894 2045 ὁρᾶτε,

2004 1986 2123 2034 tum
2146 1995 2289 2046 esse,
2314 1981 2718 2052 aliquantulum
2747 1993 3014 2051 moratus,
3043 1983 3311 2053 ancipites
3352 1999 3452 2038 eos
3474 1982 3579 2038 hae-

315 2073 411 2136 τάς
439 2073 535 2126 δύο
561 2073 752 2142 χεῖρας
782 2069 919 2140 ἔχων
968 2069 1290 2140 ὲφεύρηται.
1335 2068 1446 2138 Τῆς
1473 2065 1664 2138 τρίτης
1701 2066 1758 2120 δὲ
1803 2064 1895 2119 τὸν

2005 2081 2128 2122 rere
2158 2067 2432 2138 permisit.
2469 2070 2680 2126 Deinde
2716 2073 2927 2144 abjeeta
2971 2087 3304 2137 mora,~~eum
3352 2072 3585 2126 alterum

312 2163 476 2218 τόπον
505 2163 632 2218 ὅθεν
664 2161 965 2233 ἀφῄρηται,
997 2160 1363 2213 δεικνύτωσαν
1396 2160 1446 2212 οἱ
1472 2161 1784 2229 κατήγοροι.

2005 2161 2157 2229 pallii
2213 2162 2360 2217 latus
2415 2164 2749 2232 reduxisset,
2803 2169 3032 2223 alteram
3095 2183 3316 2238 quoque
3369 2166 3586 2223 Arsenii

326 2256 555 2312 nudavit
582 2271 829 2321 manum,
865 2262 922 2310 et
963 2269 1060 2309 eos
1087 2253 1179 2323 qui
1205 2252 1433 2307 aderant
1457 2253 1812 2323 compellavit
1866 2251 1956 2308 his
1990 2254 2179 2309 verbis
2211 2272 2224 2309 :
2269 2255 2537 2314 Arsenius
2571 2261 2678 2332 67
2716 2262 2962 2331 quidem,
3036 2269 3094 2316 ut
3141 2263 3362 2327 videtis,
3399 2262 3587 2318 ambas

315 2365 510 2405 manus
552 2349 758 2404 habere
815 2347 1270 2418 deprehenditur.
1329 2345 1516 2400 Tertia
1569 2360 1701 2400 vero
1763 2344 2040 2400 undenam
2091 2351 2284 2406 excisa
2337 2351 2447 2418 sit,
2489 2355 2783 2412 ostendant
2825 2353 2986 2410 nobis
3031 2362 3402 2410 accusatores.

913 2460 1167 2514 ΚΕΦΑΛ.
1208 2461 1288 2513 A'.

2605 2466 2760 2523 CAP.
2800 2466 2971 2522 XXX.

324 2553 418 2622 ,Ως
449 2551 816 2635 Ἀθανασζου
833 2551 930 2635 ἐπ)
963 2549 1038 2618 τῇ
1057 2550 1382 2635 κατηγορίᾳ
1411 2548 1604 2635 ἀρώου
1620 2547 1890 2618 εὑρεθέν-

2000 2557 2270 2635 Quomodo
2294 2569 2412 2635 post
2436 2562 2668 2632 primam
2689 2561 3106 2624 accusationem,
3125 2575 3243 2635 cum
3266 2559 3586 2614 Atltanastus

521 2640 648 2691 τος,
677 2625 732 2676 ot
769 2620 1100 2704 κατήγοροι
1112 2618 1275 2689 φυγῇ
1313 2618 1676 2688 ἐχρήσαντο.

2003 2618 2038 2625 ἡ
2065 2618 2315 2712 innocens
2353 2618 2484 2685 ess'et
2516 2635 2794 2694 inventus,
2832 2618 3164 2684 accusatores
3209 2630 3334 2701 fuga
3362 2645 3418 2683 se
3467 2645 3585 2700 pro-

2069 2703 2350 2753 nouerint.

2119 2717 2350 2770 puerint.

380 2785 606 2840 Τούτων
640 2782 813 2845 οὕτως
843 2781 937 2836 ἐπὶ
969 2780 1230 2852 Ἀρσενίῳ
1259 2779 1633 2851 πραχθέντων,
1668 2781 1725 2832 ὲν
1751 2781 1895 2850 ἀμη-

2069 2787 2166 2842 His
2191 2789 2258 2843 de
2289 2789 2522 2845 Arsenio
2558 2789 2632 2843 ita
2664 2791 2856 2860 gestis,
2883 2788 2950 2843 ad
2977 2788 3224 2857 inopiam
3259 2789 3479 2845 consilii
3501 2805 3585 2844 re-

315 2878 475 2951 χανίᾳ
511 2877 612 2948 μὲν
638 2876 687 2929 οἱ
717 2875 991 2946 ράψαντες
1017 2872 1110 2926 τὸν
1129 2873 1278 2926 δόλον
1301 2871 1667 2942 κατέστησαν.
1694 2872 1895 2945 Ἀχαᾲῦ

2000 2877 2147 2933 dacti
2176 2889 2307 2934 sunt
2363 2881 2457 2950 qui
2507 2881 2758 2934 fraudem
2811 2881 2955 2934 hanc
3005 2888 3342 2934 struxerant.
3401 2881 3586 2935 Achab

313 2971 390 3037 δὲ,
417 2972 446 3024 ὁ
464 2971 565 3024 καὶ
597 2968 853 3037 Ἰωάννης
879 2965 1016 3037 (46),
1043 2967 1072 3018 ὁ
1091 2962 1524 3037 κατήγορος,τοῦ
1550 2963 1895 3034 δικαστηρίου

2001 2983 2156 3032 vero,
2190 2970 2286 3038 qui
2315 2979 2372 3024 et
2411 2971 2654 3026 Joannes
2704 2971 2813 3025 alio
2858 2971 3082 3025 nomine
3127 2955 3463 3035 vocabatur,
3504 2986 3594 3026 ac-

313 3062 514 3128 διαδὺς,
543 3062 603 3114 ὲν
636 3059 716 3130 τῷ
744 3057 958 3130 θορύϐῳ
989 3057 1228 3134 διέφυγε.
1261 3057 1370 3109 Καὶ
1398 3055 1540 3108 οὕτω
1567 3055 1665 3125 μὲν
1697 3055 1895 3125 ταύτην

2000 3067 2218 3113 cusator
2242 3060 2550 3126 Athanasii,
2580 3076 2638 3115 se
2679 3077 2746 3116 ex
2766 3060 2978 3131 judicio
3008 3061 3347 3125 subdueens,
3381 3061 3437 3115 in
3469 3064 3587 3130 ipso

311 3153 410 3222 τὴν
468 3151 810 3229 κατηγορίαν
867 3149 1186 3212 Ἀθανάσιος
1252 3147 1596 3212 ἀπεδύσατο,
1657 3146 1894 3218 μηδεμιᾷ

2000 3152 2238 3205 tumultu
2295 3152 2525 3223 aufugit.
2577 3153 2647 3207 Et
2702 3153 2845 3206 hanc
2899 3139 3126 3222 quidem
3179 3154 3586 3208 accusationem

313 3245 662 3315 χρησάμενος
708 3244 1069 3314 παραγραφῇ.
1130 3240 1380 3311 Ἐθάρῤει
1424 3238 1567 3312 γὰρ,
1619 3239 1693 3303 ὡς
1738 3257 1902 3292 κατα-

318 3335 504 3405 πλήξει
564 3336 693 3399 τοὺς
741 3334 1083 3404 συκοφάντας
1127 3332 1222 3386 καί
1268 3332 1402 3403 μόνη
1456 3331 1551 3385 τοῦ
1614 3331 1890 3404 ’Λρσενίου

319 3427 351 3496 ἡ
376 3425 507 3497 CW1-

897 3608 1148 3662 ΚΕΦΑΛ.
1184 3609 1310 3663 AA'.

320 3699 439 3753 Ὀτι
470 3700 585 3766 τὰς
618 3699 720 3754 ἐπὶ
769 3699 846 3768 τῇ
899 3698 1147 3766 δευτέρᾳ
1198 3701 1520 3768 κατηγορίᾳ
1569 3700 1900 3768 ἀπολογίας

395 3769 750 3824 Ἀϐακασίου
767 3770 848 3838 μὴ
873 3769 1370 3837 καταδεξαμένων
1389 3769 1509 3822 τῶν
1523 3769 1894 3835 ἐπισκόπων,

395 3839 741 3906 Ἆθανὰσιος
768 3839 919 3908 πρὸς
947 3840 1054 3893 τὸν
1075 3838 1344 3903 ,βασιλέα
1365 3838 1716 3908 ἀνέδραμεν.

392 3930 516 3983 Ἐπὶ
549 3930 609 3984 δὲ
653 3931 777 3993 ταῖς
824 3929 965 3984 κατὰ
1003 3929 1294 3999 Μακαρίου
1335 3929 1742 3996 συκοφαντίαις,
1777 3930 1898 3991 ταῖς

319 4023 568 4090 νομικαῖς
601 4021 874 4091 ἐχρήσατο
926 4021 1338 4090 παραγραφαῖς.
1391 4019 1502 4072 Καὶ
1544 4017 1761 4087 πρῶτον
1800 4018 1898 4088 μὲν

319 4113 437 4176 τοὺς
469 4111 600 4182 περὶ
616 4111 876 4166 Εὑσέὸιον
892 4111 969 4175 ὡς
995 4110 1223 4182 ἐχθροὺς
1245 4109 1652 4180 παρεγράφετο,
1675 4108 1897 4177 φάσκων

320 4203 394 4274 μὴ
424 4203 534 4256 δεῖν
569 4203 663 4255 ἐπὶ
686 4202 974 4257 ἀντιδίκων
995 4201 1278 4274 κρίνεσθαι
1298 4218 1312 4232 ο
1346 4201 1540 4256 ἔπειτα
1575 4202 1633 4254 δὲ
1665 4203 1759 4256 καὶ
1787 4201 1898 4254 δεί-

313 4295 564 4359 κνυσθαι,
596 4295 647 4346 εί
675 4293 704 4346 ὁ
736 4294 1042 4366 κατήγορος
1079 4292 1328 4363 Ἰσχύρας
1351 4293 1567 4365 ἀληθῶς
1599 4293 1898 4365 πρεσϐυτέ-

316 4403 406 4458 ρου
441 4385 557 4457 ἔχει
589 4386 767 4453 ἀξίαν.
800 4385 955 4440 Οὕτω
987 4385 1096 4457 γὰρ
1121 4385 1216 4438 καὶ
1249 4388 1307 4438 ὲν
1346 4389 1410 4458 τῇ
1443 4386 1744 4456 κατηγορίᾳ
1773 4385 1896 4454 ἐγέ-

311 4498 542 4552 γραπτο.
610 4481 766 4535 Ἐπεὶ
819 4480 874 4533 δὲ
920 4479 1124 4535 τούτων
1169 4479 1358 4534 οὐδένα
1409 4481 1567 4548 λόγον
1613 4483 1660 4534 of.
1713 4480 1896 4550 κριταὶ

317 4570 734 4641 προσεδέξαντο,
781 4570 1008 4640 εἰσήχθη
1049 4569 1147 4640 μὲν
1182 4571 1215 4640 ἡ
1245 4570 1388 4624 κατά
1418 4569 1707 4640 Μακαρίου
1747 4569 1892 4640 δίκη.

323 4660 732 4733 ’Δτονησάντων
745 4660 803 4714 δὲ
819 4660 928 4713 τῶν
948 4659 1296 4731 κατηγόρων,
1336 4659 1630 4731 ὑπέρθεσιν
1656 4659 1897 4730 ὲλάμόα-

311 4769 398 4805 νεν
429 4754 464 4824 ἡ
497 4751 783 4826 ἀκρόασις,
818 4751 904 4818 ἐφ’
928 4744 972 4819 ᾧ
999 4751 1406 4822 παραγενέσθαι
1440 4753 1519 4814 είς
1546 4751 1635 4804 τὸν
1660 4750 1896 4822 Μαρεώ-

2007 3244 2342 3299 Athanasius
2400 3245 2476 3299 ita
2531 3245 2762 3315 depulit,
2816 3245 2967 3298 nulla
3032 3259 3168 3298 usus
3226 3245 3598 3313 exceptione.

1999 3335 2322 3392 Conﬁdebat
2353 3340 2498 3392 enim
2528 3337 2772 3392 futurum
2805 3346 2866 3391 ut
2894 3338 2979 3391 vel
3011 3338 3125 3391 sola
3159 3337 3373 3390 Arsenii
3401 3337 3586 3391 vivc‘n-

2006 3426 2080 3483 tis
2127 3428 2424 3498 praesentia
2465 3418 2896 3482 calumniatores
2941 3433 3167 3494 stupore
3210 3424 3556 3492 percelleret.

2591 3609 2742 3664 CAP.
2785 3609 2978 3664 XXXI.

2000 3700 2270 3768 Quomodo
2310 3702 2635 3757 Athanasius
2685 3703 2752 3755 ad
2782 3704 2912 3772 imp.
2954 3701 3274 3772 confugerit,
3313 3716 3431 3752 cum
3484 3701 3587 3772 cpi-

2070 3774 2213 3842 sc0pi
2266 3773 2622 3841 defensionem
2661 3773 2826 3843 ipsius
2859 3770 2930 3826 in
2973 3770 3204 3831 secunda
3261 3771 3588 3824 accusatione

2070 3859 2174 3896 non
2210 3843 2567 3896 admisissent.

2073 3930 2133 3985 In
2185 3930 2508 3985 refellendis
2549 3946 2684 3986 vero
2730 3931 3178 3986 accusationibus
3226 3946 3348 3999 quae
3402 3938 3593 3988 contra

1999 4023 2296 4078 Macarium
2325 4023 2546 4078 fuerant
2575 4022 2877 4085 intentata,
2909 4022 3172 4092 legitimis
3209 4037 3345 4075 usus
3376 4029 3465 4074 est
3494 4036 3583 4074 ex-

1998 4114 2366 4184 ceptionibus.
2406 4115 2486 4168 Ac
2514 4113 2754 4183 primum
2789 4111 3037 4181 quidem.
3072 4109 3373 4165 Eusebium
3421 4116 3476 4161 et
3505 4123 3590 4163 so-

1999 4205 2114 4260 cios
2172 4211 2432 4274 tanquam
2490 4203 2746 4258 inimicos
2805 4202 3016 4272 reiecit,
3051 4217 3178 4256 cum
3233 4201 3446 4255 diceret
3481 4216 3590 4254 non

1999 4297 2202 4352 debere
2236 4311 2568 4367 quemquam
2607 4295 2676 4350 ab
2713 4294 3049 4350 adversariis
3069 4293 3340 4365 judicari;
3385 4293 3590 4348 deinde

1999 4401 2152 4452 vero,
2179 4385 2696 4457 priusprobandum
2726 4399 2848 4439 esse
2895 4384 3053 4450 dixit,
3101 4383 3252 4454 quod
3296 4392 3585 4440 accusator

1999 4477 2248 4548 Ischyras
2270 4474 2577 4547 presbyteri
2594 4474 2920 4544 dignitatem
2939 4490 3133 4528 revera
3153 4474 3386 4544 adeptus
3413 4483 3586 4529 esset.

1999 4567 2077 4624 Ita
2119 4568 2268 4622 enim
2293 4567 2560 4637 scriptum
2589 4574 2713 4621 erat
2738 4566 2797 4620 in
2837 4565 3208 4621 accusationis
3241 4565 3449 4620 libello.
3481 4565 3588 4621 Sed

2000 4675 2126 4715 cum
2154 4659 2368 4730 iudices
2403 4659 2600 4712 harum
2639 4657 3028 4728 exeeptionum
3069 4656 3277 4710 nullam
3317 4655 3588 4710 rationem

2001 4751 2296 4815 haberent,
2329 4748 2551 4804 Macarii
2581 4763 2746 4803 causa
2778 4746 3097 4802 introducta
3131 4754 3236 4801 est.
3279 4744 3418 4801 Cum
3455 4760 3588 4800 vero

310 4859 406 4912 την
438 4815 618 4906 τινὰς,
650 4841 742 4895 ἵνα
767 4815 998 4894 strictim
1029 4815 1212 4894 τόπων
1239 4840 1449 4912 ζητηθῇ
1490 4841 1558 4894 τὰ
1593 4815 1893 4912 ἀμφίδολα.

2001 4849 2358 4896 accusatores
2383 4839 2807 4909 languescerent
2838 4854 2902 4892 ac
2924 4851 3095 4907 prope
3120 4837 3235 4907 jam
3262 4834 3588 4900 deﬁcerent,

320 4932 405 4995 Ὠς
430 4931 488 4985 δὲ
530 4929 854 4994 ’Δθανάσιος
887 4931 1278 5001 πεμπομένους
1315 4927 1456 4983 εἶδεν
1488 4930 1583 4994 οὓς
1611 4931 1896 5002 παρεγρά-

311 5023 478 5093 ψατο·
548 5023 832 5093 ἐπέμπετο
885 5023 995 5094 γὰρ
1039 5022 1284 5092 Θέογνις,
1343 5023 1546 5093 Μαρὶς,
1599 5022 1895 5094 Θεόδωρος,

2000 4933 2168 4986 dilata
2195 4939 2280 4986 est
2311 4946 2490 4985 causae
2542 4929 2807 5000 cognitio,
2835 4929 3012 4982 donec
3041 4928 3096 4981 in
3139 4927 3438 4981 Mareotem
3464 4928 3589 4996 qui-

1999 5023 2124 5077 dam
2156 5022 2334 5088 missi,
2380 5021 2448 5077 de
2478 5022 2738 5076 omnibus
2779 5018 3181 5075 controversiis
3211 5018 3324 5073 illic
3361 5018 3588 5089 inquisi-

1511 5182 1777 5238 VALESII
1813 5180 2258 5238 ANNOTATION
2265 5181 2368 5236 ES.

397 5325 486 5398 45)
519 5328 587 5380 Ol
628 5324 695 5378 δὲ
725 5325 948 5398 λοι-ποί..
984 5323 1198 5398 Mallem
1235 5325 1478 5398 scribere
1524 5328 1571 5378 ot
1620 5323 1728 5394 γὰρ
1783 5324 1891 5378 λοι-

311 5395 418 5460 ποί,
446 5395 580 5464 etc.,
606 5409 772 5465 quam
816 5395 1107 5450 lectionem
1141 5396 1196 5449 in
1225 5396 1474 5450 versione
1502 5409 1623 5448 mea
1651 5409 1771 5448 sum
1802 5410 1894 5448 se-

313 5478 484 5522 cutus.

376 5537 481 5608 (46)
523 5535 738 5608 Ἅχαίςϐ
761 5532 843 5608 δὲ-
873 5535 905 5586 ὁ
961 5533 1056 5588 καὶ
1094 5535 1398 5608 Ἰωᾴζνης.
1438 5535 1617 5608 Apud,
1647 5537 1889 5590 Athana-

308 5603 440 5683 sium
461 5603 996 5683 'in_Apologetico_u,
1019 5604 1270 5683 μέλει-785
1301 5603 1563 5683 ε-ᾋεχ-ἆφ
1597 5607 1746 5683 om}.
1776 5608 1888 5657 Ἰω-

304 5676 481 5749 άννης.
525 5674 636 5749 Sed
668 5682 735 5749 et_
753 5674 810 5749 in
842 5674 1068 5749 epistola
1101 5674 1398 5749 Alexandri
1425 5677 1887 5749 Thessalonicen:

298 5739 634 5822 sise'piseopi
665 5744 740 5800 ad
775 5739 1134 5801 Athanasium
1165 5745 1381 5804 Areaph
1408 5745 1631 5802 dicitur.
1670 5745 1886 5801 Duoliei

1992 5323 2168 5394 igitur
2219 5322 2442 5394 nomine
2489 5321 2940 5394 appellatus_est.
2993 5321 3060 5394 Et
3099 5321 3314 5394 Arcaph
3356 5318 3587 5394 quidem

1991 5389 2061 5448 ab
2105 5392 2380 5463 .‘Egyptiis
2424 5389 2605 5463 patrio
2653 5390 3305 5463 vocabulo_dicebatur;
3349 5389 3588 5463 Joannes

1989 5479 2127 5518 vero
2155 5457 2517 5517 monasticam
2541 5462 2660 5528 ejus
2692 5476 2892 5514 nomen
2940 5459 3061 5513 fuit.
3096 5459 3222 5512 Fuit
3256 5468 3438 5511 autem
3474 5457 3584 5528 epi-

1993 5549 2192 5603 scopus
2227 5525 2614 5603 partisMelit‘ii
2638 5530 2781 5603 apud
2816 5530 3114 5603 Memphin.
3161 5530 3334 5603 Eique
3364 5525 3586 5579 manda-

1995 5597 2110 5657 tuni
2159 5597 2278 5657 esse
2319 5617 2350 5655 a
2376 5597 2737 5656 Constantino
2771 5600 2963 5654 scribit
2993 5597 3344 5659 Athanasius,
3376 5603 3437 5648 ut
3461 5609 3586 5647 eum

1993 5673 2410 5741 archiepiscopo
2473 5687 2574 5725 suo
2611 5669 3032 5741 _conc0rdaret._
3072 5664 3350 5741 _lntelligit
3401 5671 3586 5720 autem

1993 5737 2322 5798 Athanasius
2341 5737 2568 5798 litteras
2594 5739 2941 5798 Constantini
2969 5737 3036 5792 ad
3067 5737 3333 5792 Joannem
3356 5769 3372 5788 .
