4050 6348
510 312 609 374 1θῖ

1071 428 1222 487 CAP.
1239 442 1243 445 ‘
1284 426 1519 487 XXXIV.

501 516 654 585 Quod
680 520 974 594 imperator
995 523 1250 594 synodum
1273 523 1342 576 ad
1370 540 1427 577 se
1474 538 1570 594 per
1603 522 1805 594 litteras
1834 530 2082 593 evocavit,

575 598 633 642 ut
671 590 956 647 Athanasii
999 590 1163 647 causa
1205 608 1386 646 coram
1434 590 1492 647 se
1536 593 1838 665 diligentius
1876 590 2085 667 specta?-

581 667 729 712 retur

512 749 685 805 Victor
726 751 1136 831 Constantinus,
1169 752 1453 831 ILaximus,
1500 754 1790 827 Augustus,
1835 759 2085 831 episcopis

849 823 941 894 qui
967 825 1023 877 in
1050 823 1176 877 urbe
1206 823 1339 895 Tyro
1368 823 1738 881 convenerunt.

576 912 708 980 Quae
731 929 763 969 a
782 922 965 970 vestro
988 912 1220 973 concilio
1242 932 1343 988 per
1379 919 1673 973 tumultum
1699 935 1763 976 ac
1788 927 2083 992 tempesta-

501 1011 609 1059 tem
629 1005 876 1075 judicata
915 1006 1048 1074 sint,
1085 1010 1345 1079 equidem
1388 1012 1596 1067 nescio.
1634 1010 1866 1069 Videtur
1902 1024 2084 1070 tamen

496 1111 597 1167 per
645 1098 1018 1154 turbulentam
1058 1103 1352 1171 quamdam
1412 1100 1836 1160 concitationem
1881 1108 2084 1163 veritas

495 1204 618 1245 esse
639 1190 995 1259 labefactata;
1024 1194 1156 1275 dum
1182 1197 1394 1254 scilicet
1418 1198 1489 1253 ob
1524 1206 1774 1254 mutuam
1810 1200 1955 1256 inter
1986 1217 2084 1258 vos

491 1280 927 1356 contentionem,
963 1298 1129 1354 quam
1166 1284 1428 1343 invictam
1458 1294 1623 1359 atque
1655 1290 2082 1361 insuperabilem

493 1388 615 1428 esse
655 1375 843 1442 vultis,
884 1392 987 1432 nec
1022 1378 1335 1446 veritatem,
1368 1397 1473 1438 nec
1514 1398 1578 1438 ea
1614 1399 1737 1455 quae
1777 1386 1890 1441 Deo
1928 1395 2082 1456 grata

492 1470 642 1531 sunt,
667 1466 1050 1524 consideratis.
1082 1467 1191 1524 Sed
1217 1470 1389 1527 faciet
1412 1472 1596 1528 divina
1622 1458 1993 1541 Providentia,
2019 1485 2082 1532 ut

490 1559 865 1614 contentionis
887 1559 1052 1630 hujus
1076 1562 1220 1616 mala
1244 1562 1532 1619 manifeste
1558 1560 1901 1636 deprehensa
1926 1567 2081 1638 peni-

492 1655 581 1703 tus
608 1649 976 1720 dissipentur;
1006 1661 1178 1723 utque
1213 1655 1376 1710 nobis
1405 1656 1627 1727 planum
1663 1657 1776 1724 ﬁat,
1811 1669 2077 1733 quantum

1933 312 2209 374 SOCRAT
2221 316 2282 375 IS

2114 446 2160 499 Α

3663 336 3759 398 ltiti

2775 442 3024 501 ΚΕΦΑΛ.
3066 434 3157 495 [\A’
3176 490 3186 500 .

2190 531 2686 609 "0g:._d_ﬁa0¢.1£igc
2712 538 2829 609 τὴν
2847 538 3114 593 σύνοδον
3137 539 3337 593 ἐκάλει
3367 556 3424 606 πί
3444 538 3517 609 ὸς
3549 542 3763 601 ἑαυτὸν
3786 601 3790 604 ι

2254 601 2328 656 δι’
2356 601 2708 674 ἐπιστολῆς,
2733 601 2811 661 ἴὺθ
2838 610 2936 662 ἐπὶ
2966 610 3182 664 ἑαυτοῦ
3214 609 3285 664 τὰ
3325 601 3758 670 καὶἆἌθανάο

2259 688 2399 728 ator
2424 675 2679 743 ἀκριϐῶς
2701 678 3023 753 ἐξετασθῇ.

2185 760 2940 841 ΝικητὴςΚιιέιςσταν-τῖνος,
2960 768 3277 841 {leg-carae,
3294 768 3617 841 Σεϐαστὸς,
3640 771 3762 841 τοῖς

2416 832 2489 885 ἐν
2522 834 2683 901 Τύρῳ
2706 832 3116 891 συνελθοῦσιν
3136 838 3512 900 ἐπισκόποις.

2272 918 2415 990 Ἐγὼ
2448 922 2546 992 μὲν
2568 923 2747 994 ἀγνοῶ
2778 927 2824 992 ί,
2847 924 2971 978 τίνα
2998 922 3116 977 ἐστὶ
3142 922 3211 979 τά
3239 922 3343 979 ὑπὸ
3371 927 3469 996 τῆς
3491 922 3760 999 ὑμετέρας

2189 1011 2411 1070 συνόδου
2443 1014 2583 1084 μετά
2616 1014 2849 1087 θορύϐου
2876 1017 2972 1071 καὶ
2998 1016 3265 1088 χειμῶνος
3288 1012 3568 1089 κριθέντα.
3599 1020 3758 1073 Δοκεῖ

2182 1102 2241 1155 δέ
2299 1120 2417 1167 πως
2460 1101 2565 1156 ὑπό
2598 1122 2741 1168 τινος
2789 1104 3136 1177 ταραχώδους
3182 1106 3409 1174 ἀταξίας
3451 1109 3486 1181 ἡ
3539 1094 3763 1181 ἀλήθεια

2183 1196 2564 1269 διεστράφθαι,
2593 1198 2749 1269 ὑμῶν
2769 1199 2983 1270 δηλαδὴ
3008 1200 3098 1254 διὰ
3129 1200 3227 1270 τὴν
3250 1201 3385 1273 πρὸς
3408 1202 3499 1257 τὸν
3531 1202 3762 1273 πλησίον

2184 1288 2526 1361 ὲρεσχελίαν,
2556 1290 2623 1362 ἥν
2649 1291 2922 1364 ἀήττητον
2951 1288 3091 1347 εἶναι
3132 1292 3412 1363 βούλεσθε,
3440 1293 3511 1349 τὰ
3530 1293 3609 1366 τῷ
3641 1295 3762 1366 Θεῷ

2182 1383 2489 1452 ἀρέσκοντα
2531 1383 2607 1456 μὴ
2638 1385 3009 1457 συνορώντων.
3075 1386 3215 1439 Ἀλλ’
3261 1386 3414 1440 ἔσται
3456 1389 3556 1458 τῆς
3609 1385 3761 1451 θείας
3847 1454 3853 1459 “

2184 1473 2446 1544 Προνοίας
2479 1475 2660 1546 ἔργον,
2685 1476 2782 1529 καὶ
2806 1476 2875 1529 es
2900 1477 2999 1547 τῆς
3025 1475 3359 1546 φιλονεικίας
3386 1477 3591 1549 ταύτης
3613 1478 3759 1535 καθὰ

2183 1566 2435 1636 φανερῶς
2463 1567 2662 1622 ἁλόντα
2686 1567 3073 1623 διασκεδάσαι·
3125 1570 3220 1623 καὶ
3264 1570 3396 1641 ἡμῖν
3438 1569 3754 1650 διαρρήδην,

2181 1659 2232 1712 εῖ
2253 1675 2376 1712 τινα
2391 1658 2493 1729 τῆς
2517 1658 2773 1730 ἀληθείας
2800 1662 2952 1713 αὐτοὶ
2973 1661 3022 1714 oi
3053 1660 3396 1725 συνελθόντες
3424 1661 3756 1734 ἐποιήσασδε

490 1757 590 1796 vos
614 1743 707 1813 qui
734 1743 789 1797 in
813 1760 983 1799 unum
1008 1746 1366 1815 convenistis,
1393 1751 1642 1805 veritatis
1672 1767 1862 1807 curam
1897 1768 2069 1824 gesse-

2183 1746 2461 1817 φροντίδα,
2503 1747 2597 1800 καλ⁵
2635 1749 2684 1801 εί
2712 1746 2781 1802 τὰ
2821 1749 3122 1821 κεκριμένα
3154 1748 3322 1823 χωρίς
3350 1768 3493 1815 τινος
3532 1751 3755 1821 χάριτος

492 1832 635 1897 ritis,
678 1842 735 1888 et
769 1850 838 1889 an
869 1836 1079 1907 judicia
1117 1847 1303 1894 vestra
1345 1840 1482 1896 citra
1523 1842 1755 1912 gratiam
1796 1850 1852 1898 et
1886 1844 2076 1901 odium

491 1924 815 1994 cujusquam
838 1942 869 1981 a
892 1925 1050 1983 vobis
1071 1930 1284 1999 prolata
1309 1928 1438 1986 sint.
1466 1932 1574 1988 Vos
1597 1934 1764 2004 igitur
1785 1935 2076 1993 universos

488 2015 558 2070 ad
593 2025 838 2073 nostram
873 2018 1132 2089 pietatem
1166 2036 1400 2092 pr0pere
1433 2033 1651 2094 oportet
1692 2027 1978 2093 accedere,
2015 2038 2077 2084 ut

487 2120 683 2161 eorum
706 2123 828 2176 quae
852 2117 1003 2179 gesta
1024 2118 1153 2165 sunt
1174 2126 1205 2165 a
1224 2112 1402 2178 vobis,
1428 2114 1696 2169 rationem
1714 2132 1813 2186 per
1836 2128 2077 2174 vosmet-

487 2195 639 2265 ipsos
686 2205 938 2252 accurate
979 2198 1239 2255 reddatis.
1268 2201 1441 2256 Porro
1473 2203 1606 2273 quid
1644 2219 1823 2259 causae
1864 2206 1936 2260 sit
1974 2222 2075 2262 cur

487 2285 605 2341 haec
629 2286 698 2341 ad
721 2302 821 2343 vos
843 2289 1133 2346 scribenda
1157 2293 1486 2361 putaverim,
1515 2309 1721 2366 vosque
1756 2296 1825 2351 ad
1861 2312 1950 2353 me
1973 2312 2075 2369 per

489 2375 589 2433 has
612 2377 827 2433 litteras
850 2395 1151 2446 accersam,
1176 2398 1246 2438 ex
1278 2384 1348 2440 iis
1372 2401 1496 2456 quae
1518 2396 1828 2457 sequuntur
1862 2389 2072 2445 intelli-

485 2470 646 2539 getis.
672 2471 1006 2542 lngredienti
1042 2473 1179 2528 mihi
1204 2477 1586 2546 cognominem
1608 2487 1665 2534 et
1688 2480 1915 2535 omnino
1937 2481 2071 2536 bea-

488 2569 598 2614 tam
631 2562 863 2631 patriam
897 2579 1072 2619 meam
1101 2562 1652 2640 Constantinopolim,
1682 2572 1789 2643 7o
1813 2572 2071 2629 sedebam

484 2658 674 2725 autem
718 2660 849 2709 tunc
883 2653 939 2707 in
963 2670 1156 2725 equo,
1194 2656 1378 2714 subito
1410 2659 1744 2727 Athanasius
1780 2663 2073 2735 episcopus

486 2759 612 2799 cum
638 2744 970 2814 quibusdam
992 2749 1133 2803 sacri
1156 2749 1369 2806 ordinis
1392 2751 1527 2808 viris
1548 2768 1688 2823 quos
1711 2753 1859 2809 circa
1883 2770 1941 2810 se
1967 2755 2069 2811 ha-

486 2834 673 2900 behat,
701 2836 840 2892 adeo
877 2837 1283 2909 inexspectatus
1318 2841 1584 2907 occurrit,
1610 2852 1672 2897 ut
1705 2859 1809 2898 nos
1844 2852 2069 2916 stupore

484 2926 724 2995 quodam
763 2928 1093 2998 percellerct
1165 2929 1347 2985 Testis
1377 2931 1525 2986 enim
1548 2940 1633 2988 est
1654 2932 1791 2988 mihi
1821 2935 2068 2991 omnium

2178 1839 2274 1893 καὶ
2346 1837 2642 1911 ἀπεχθείας
2715 1840 3000 1912 ἐκρίνατε,
3051 1843 3387 1914 φανερῶσαι.
3452 1842 3755 1916 Τοιγαροῦν

2176 1931 2526 2003 ἠπειγμένως
2564 1932 2775 1997 πάντας
2809 1933 2950 2004 ὑμᾶς
2979 1934 3115 2006 πρὸς
3144 1934 3241 2007 τὴν
3283 1936 3423 2006 ἐμὴν
3471 1935 3757 1989 εὐσέϐειαν

2175 2021 2421 2075 ἀνελθεῖν
2451 2023 2553 2087 δεῖ,
2605 2024 2693 2078 ἵνα
2725 2023 2823 2094 τὴν
2852 2023 2961 2078 τῶν
2995 2026 3397 2097 πεπραγμένων
3430 2028 3558 2101 ύμῖν
3594 2026 3757 2098 ἀκρί-

2175 2111 2328 2167 ϐειαν
2348 2114 2417 2168 δι’
2456 2113 2610 2186 ὑμῶν
2639 2115 2818 2169 αὐτῶν
2844 2119 3256 2190 παραστὴσητε.
3283 2121 3439 2184 Τίνος
3468 2121 3526 2173 δὲ
3567 2121 3756 2175 ἕνεκεν

2172 2203 2352 2258 ταῦτα
2384 2205 2596 2276 γράψαι
2628 2206 2764 2279 πρὸς
2790 2208 2934 2278 ὑμᾶς
2968 2208 3284 2277 ἐδικαίωσα,
3322 2212 3416 2265 καὶ¹
3445 2213 3590 2283 ὑμᾶς
3619 2213 3757 2283 πρὸς

2175 2296 2413 2368 ἐμαυτὸν
2436 2298 2526 2352 διὰ
2558 2295 2655 2352 τοῦ
2680 2301 3010 2371 γράμματος
3037 2301 3211 2368 καλῶ,
3239 2303 3304 2357 ἐκ
3328 2303 3437 2357 τῶν
3470 2305 3755 2374 ἑπομένων

2173 2385 2470 2456 γνώσεσθε.
2516 2389 2884 2447 Ἐπιδαίνοντί
2937 2409 3029 2462 μοι
3073 2391 3261 2447 λοιπὸν
3308 2395 3408 2465 τῆς
3459 2396 3752 2467 ἐπωνύμου

2172 2478 2330 2555 ἡμῶν
2349 2481 2445 2535 καὶ
2462 2482 2893 2555 πανευδαίμονος
2921 2484 3199 2556 πατρίδος,
3217 2485 3316 2557 τῆς
3335 2488 3751 2543 Κωνσταντίνου

2173 2574 2380 2639 πόλεως
2399 2591 2414 2606 ο
2447 2576 2729 2631 συνέϐαινε
2758 2577 2815 2632 δὲ
2837 2577 3140 2648 τηνικαῦτα
3162 2580 3247 2649 ἐφ’
3288 2580 3457 2635 ἵππου
3498 2599 3564 2653 με
3617 2583 3755 2653 ὀχεῖ·

2174 2662 2297 2717 σθαι
2319 2679 2335 2694 ’
2364 2662 2626 2734 ἐξαίφνης
2657 2665 2976 2730 Ἀθανάσιος
3002 2668 3031 2721 ὁ
3057 2667 3354 2733 ἐπίσκοπος
3379 2671 3440 2724 ἐν
3477 2671 3631 2743 μέσῳ
3651 2673 3753 2742 τῆς

2171 2755 2469 2828 λεωφόρου,
2492 2757 2630 2829 μετά
2644 2759 2690 2812 is
2699 2757 2806 2829 ρῶν
2820 2756 3125 2831 τινων(55),
3141 2758 3232 2825 οὓς
3251 2777 3318 2814 πε
3326 2762 3380 2834 ρὶ
3398 2763 3559 2817 αὐτὸν
3578 2759 3749 2835 εἶχεν,

2170 2848 2592 2920 ἀπροσδοκήτως
2621 2849 2764 2904 οὕτω
2794 2849 3139 2923 “προσῆλθεν,
3177 2851 3253 2918 ὡς
3292 2855 3387 2909 καὶ
3443 2859 3751 2927 παρασχεῖν
3783 2847 3792 2858 ’

2171 2938 2486 3009 ἐκπλήξεως
2537 2941 2812 3013 ἀφορμήν.
2861 2942 3139 3016 Μαρτυρεῖ
3180 2945 3289 3017 γάρ
3327 2963 3418 3017 μοι
3465 2947 3494 3000 ὁ
3527 2948 3752 3003 πάντων

484 3015 764 3085 inspector
807 3017 973 3082 Deus,
1015 3033 1102 3074 me
1133 3019 1310 3088 primo
1365 3030 1593 3090 aspectu
1626 3021 1881 3092 quisnam
1920 3033 2067 3080 esset

2173 3031 2360 3101 ἔφορος
2380 3031 2533 3099 Θεὸς,
2555 3033 2631 3097 ὡς
2659 3033 2779 3086 οὐδὲ
2802 3015 3099 3103 ἐπιγνῶναι
3133 3015 3294 3090 αύτδν
3324 3015 3470 3102 δστις
3498 3034 3566 3109 ἦν
3599 3039 3753 3110 παρά

482 3119 593 3161 non
614 3107 860 3178 potuisse
886 3108 1239 3181 cognoscere,
1263 3111 1371 3166 nisi
1395 3112 1620 3182 quidam
1643 3122 1984 3183 nostrorum,
2011 3124 2067 3172 et

2173 3124 2267 3194 τὴν
2294 3123 2518 3197 πρώτην
2542 3124 2664 3195 ὄψιν
2708 3125 2988 3197 ἐδυνήθην.
3014 3128 3061 3180 εἰ
3099 3127 3175 3199 μὴ
3212 3127 3321 3181 τῶν
3347 3130 3630 3201 ἡμετέρων
3667 3149 3749 3184 τι-

481 3196 608 3264 quis
631 3206 800 3262 esset,
827 3205 884 3253 et
913 3215 1079 3268 quam
1108 3188 1427 3270 pertulisset
1450 3202 1731 3273 iniuriam,
1756 3206 1918 3262 nobis
1955 3207 2065 3262 sci-

482 3287 844 3353 scitantibus,
873 3296 935 3343 ut
970 3305 1071 3359 par
1109 3298 1258 3356 erat,
1298 3292 1708 3349 iudicavissent.
1752 3293 1931 3365 Atque
1965 3311 2066 3367 ego

481 3378 706 3447 quidem
750 3378 806 3433 id
851 3379 1117 3449 temporis
1153 3396 1258 3434 nec
1299 3396 1612 3437 sermonem
1658 3398 1782 3437 cum
1820 3400 1917 3451 eo,
1962 3402 2067 3442 nec

484 3484 842 3540 congressum
865 3471 1040 3526 ullum
1062 3472 1252 3527 habui.
1277 3472 1416 3528 Cum
1438 3481 1621 3529 autem
1649 3475 1741 3530 ille
1764 3484 1828 3531 ut
1848 3477 2067 3533 audire-

485 3565 577 3611 tur
601 3556 890 3628 tlagitaret,
914 3559 1080 3630 idque
1101 3575 1203 3632 ego
1224 3578 1560 3629 recusarem,
1578 3580 1648 3621 ac
1667 3568 2065 3639 propemodum

478 3648 732 3717 iuberem
765 3665 894 3704 eum
940 3651 1289 3719 submoveri,
1317 3653 1410 3708 ille
1448 3657 1654 3726 majore
1695 3672 1819 3712 cum
1855 3657 2055 3714 ﬁducia

482 3739 622 3796 nihil
659 3740 900 3811 amplius
935 3756 995 3797 se
1030 3744 1308 3813 postulare
1349 3744 1508 3812 dixit,
1536 3762 1700 3817 quam
1739 3758 1802 3804 ut
1840 3766 1938 3806 vos
1973 3750 2066 3807 hic

482 3831 778 3899 adessetis;
806 3848 916 3903 quo
939 3834 1098 3889 vobis
1118 3835 1502 3906 praesentibus,
1529 3852 1592 3892 ea
1616 3854 1738 3908 quae
1769 3855 2067 3910 perpessus

436 3918 437 3921 “
480 3932 587 3989 est,
604 3924 933 3982 necessitate
954 3934 1200 3994 coactus,
1223 3937 1410 3999 posset
1430 3930 1737 4000 deplorare.
1759 3933 1916 4000 Quod
1938 3950 2065 3990 cum

481 4016 619 4071 mihi
642 4033 861 4088 aequum
898 4018 955 4074 in
993 4020 1192 4090 primis
1225 4028 1283 4077 et
1324 4025 1666 4096 temporibus
1688 4027 1893 4083 nostris
1928 4044 2063 4085 con-

479 4122 678 4177 gruum
700 4123 822 4164 esse
843 4108 1118 4177 videatur,
1145 4110 1262 4167 haec
1283 4112 1350 4167 ad
1375 4129 1474 4170 vos
1493 4113 1687 4171 libenti
1721 4115 1903 4172 animo
1925 4118 2064 4174 scri-

479 4200 656 4255 benda
682 4201 894 4266 curavi,
922 4210 986 4256 ut
1007 4217 1197 4259 omnes
1219 4204 1314 4275 qui
1339 4206 1409 4261 ad
1432 4208 1727 4264 concilium
1760 4209 1817 4263 in
1842 4211 2062 4267 civitate

481 4291 625 4363 Tyro
668 4292 1024 4359 convenistis,
1050 4294 1118 4349 ad
1155 4296 1474 4352 comitatum
1516 4300 1821 4357 clementiae
1860 4311 2064 4359 nostra:

479 4384 686 4454 absque
728 4385 839 4440 ulla
878 4385 1141 4442 dilatione
1180 4391 1495 4460 prOperetis
1518 4431 1533 4457 ,
1585 4392 1958 4465 integritatem
1997 4412 2064 4453 ac

2168 3216 2277 3278 νὲς,
2312 3216 2409 3270 καὶ
2442 3216 2593 3279 ὅστις
2630 3211 2721 3287 ἦν,
2761 3218 2856 3271 καὶ
2908 3218 3006 3289 τὴν
3037 3218 3257 3273 ἀδικίαν
3283 3219 3348 3290 ἢν
3377 3220 3637 3282 πέπονθε,
3669 3222 3753 3274 διο
3804 3278 3811 3283 ὴ

2165 3305 2496 3377 ηγήσασθαι,
2521 3307 2964 3379 πυνθανομένοις,
2995 3308 3184 3380 ὥσπερ
3221 3309 3387 3378 είκὸς,
3418 3311 3751 3379 ἀνήγγειλαν

2167 3399 2318 3468 ἡμῖν.
2370 3396 2511 3468 Ἐγὼ
2536 3399 2636 3471 μὲν
2666 3395 2759 3455 οὖν
2788 3399 2912 3453 οὔτε
2947 3400 3225 3473 διελέχθην
3248 3402 3398 3473 αὐτῷ
3419 3401 3542 3456 κατ’
3571 3404 3753 3455 έκεῖνο

2168 3489 2381 3560 καιροῦ,
2412 3488 2535 3543 οὔτε
2559 3491 2779 3563 ὁμιλίας
2807 3490 3165 3563 ἐκοινώνησα.
3199 3493 3288 3559 Ὦς
3319 3493 3375 3549 δὲ
3409 3495 3619 3558 ἐκεῖνος
3653 3494 3752 3564 μὲν

2165 3582 2498 3651 ἀκουσθῆναι
2529 3583 2704 3653 ἠξίου,
2751 3583 2862 3652 ἐγὼ
2889 3584 2947 3637 δὲ
2981 3585 3360 3657 παρῃτούμην,
3409 3586 3503 3639 καὶ
3547 3584 3756 3657 μικροῦ

2164 3674 2273 3727 δεῖν
2303 3673 2628 3728 ἀπελαύνειν
2655 3675 2819 3729 αὐτὸν
2848 3676 3121 3742 ἐκέλευον,
3161 3677 3300 3749 μετά
3323 3676 3572 3741 πλείονος
3604 3678 3754 3749 παρ-

2167 3760 2382 3832 ρησίας,
2406 3763 2562 3817 οὐδὲν
2585 3763 2774 3837 ἕτερον
2800 3767 2928 3837 παρ’
2950 3768 2984 3838 ἠ
2993 3766 3110 3836 μῶν
3134 3766 3167 3838 ἢ
3194 3766 3292 3837 τὴν
3315 3766 3592 3839 ὑμετέραν
3631 3768 3758 3838 ἄφιε

2167 3851 2250 3918 ξιν
2274 3854 2507 3925 ἠξίωσεν
2533 3855 2799 3928 ὑπάρξαι,
2838 3857 2928 3913 ἵνα
2955 3858 3111 3929 ὑμῶν
3144 3859 3452 3931 παρόντων,
3483 3858 3520 3913 ἀ
3544 3859 3759 3912 πέπον-

2167 3943 2258 3999 θεν
2306 3945 2622 4016 ἀναγκαίως
2650 3948 3027 4020 ἀποδύρασθαι
3071 3949 3295 4024 δυνηθῇ.
3337 3948 3500 4005 Ὅθεν
3557 3949 3757 4025 ἐπειδὴ

2164 4037 2386 4107 εὔλογόν
2416 4057 2507 4110 μοι
2532 4036 2673 4094 εἶναι
2715 4041 2988 4111 φαίνεται,
3021 4042 3252 4107 καὶτοῖς
3285 4045 3497 4114 καιροῖς
3531 4043 3757 4113 πρέπον

2165 4132 2584 4201 καταφαίνεται,
2614 4135 2868 4203 ἀσμένως
2895 4135 3069 4190 ταῦτα
3096 4138 3377 4209 γραφῆναι
3419 4137 3560 4209 πρὸς
3604 4139 3759 4209 ὑμᾶς

2165 4224 2497 4296 προσέταξα,
2525 4225 2613 4280 ῖνα
2635 4226 2836 4291 πάντες
2865 4228 2981 4281 ὅσοι
3003 4229 3102 4300 τὴν
3137 4228 3355 4283 σύνοδον
3382 4229 3481 4302 τὴν
3504 4232 3565 4286 ὲν
3584 4231 3762 4303 Τύρῳ

2164 4316 2461 4388 γενομένην
2501 4317 2951 4390 ἀνεπληρώσατε,
2987 4320 3370 4392 ἁνυπερθέτως
3394 4325 3475 4386 είς
3498 4323 3564 4376 τὸ
3592 4341 3761 4398 στρα-

2164 4407 2386 4461 τόπεδον
2403 4408 2502 4479 τῆς
2514 4408 2789 4482 ἡμετέρας
2804 4412 3087 4477 εὐσεϐείας
3105 4412 3417 4484 ὲπειχθῆτε,
3430 4417 3545 4479 τοῖς
3563 4415 3763 4488 ἔργοις

478 4476 853 4531 sinceritatem
917 4477 1113 4548 judicii
1153 4482 1322 4535 vestri
1374 4483 1542 4538 rebus
1585 4484 1719 4555 ipsis
1760 4489 2060 4555 ostensuri,

2173 4498 2349 4575 αὐτοῖς
2370 4473 2729 4566 ἐπιδείξοντες
2742 4473 2805 4556 eo
2831 4505 2930 4576 τῆς
2955 4473 3478 4576 ὑμετέραςκρίσεως
3499 4473 3763 4582 καθαρόν

481 4569 647 4639 idque
670 4584 857 4624 coram
881 4585 991 4635 me,
1014 4586 1179 4640 quem
1205 4571 1483 4630 sincerum
1511 4591 1632 4632 esse
1654 4577 1918 4635 famulum
1939 4582 2059 4647 Dei,

2165 4602 2226 4638 τε
2259 4588 2354 4641 καὶ
2391 4587 2775 4662 ἀδιάστροφον,
2818 4594 2905 4646 ἐπ’
2933 4593 3064 4664 ἐμοῦ
3103 4593 3302 4667 δηλαδὴ
3352 4596 3488 4670 (56),
3537 4598 3605 4653 ὃν
3660 4599 3761 4655 τοῦ

478 4673 548 4712 ne
567 4672 667 4714 vos
682 4658 909 4728 quidem
933 4658 1038 4731 ipsi
1057 4658 1288 4718 inliciari
1306 4664 1556 4732 potestis.
1573 4664 1736 4721 Certe
1755 4683 1854 4738 per
1875 4684 2060 4726 meum

2173 4677 2300 4732 Θεοῦ
2328 4681 2549 4750 γνήσιον
2588 4658 2747 4736 γείναι
2794 4658 3101 4756 θεράποντα
3134 4658 3243 4739 οὐδ’
3290 4658 3551 4759 ἀνύμεῖς
3581 4691 3764 4764 ἀρνη-

476 4763 611 4820 erga
649 4749 898 4806 divinum
944 4757 1156 4809 numen
1192 4752 1520 4827 obsequium
1557 4774 1622 4815 ac
1653 4761 2056 4832 ministerium,

2166 4768 2366 4841 θείητε.
2406 4772 2709 4844 Τοιγαροῦν
2752 4775 2841 4829 διὰ
2870 4775 2968 4847 τῆς
2998 4780 3138 4850 ἐμῆς
3168 4783 3306 4853 πρὸς
3349 4780 3441 4834 τὸν
3477 4781 3624 4835 Θεὸν
3662 4783 3766 4836 λαο

478 4839 684 4912 ubique
725 4850 1004 4899 terrarum
1035 4858 1145 4915 pax
1175 4845 1325 4919 viget
1369 4866 1382 4902 :
1425 4848 1561 4920 ipsis
1597 4853 1763 4908 etiam
1807 4855 2060 4914 barbaris

2173 4839 2350 4933 τρείας
2373 4866 2398 4903 ³⁵
2438 4839 2807 4938 τάνπαντῖαχοῦ
2833 4839 3194 4942 είρηνεύεται,
3212 4839 3319 4929 ’κᾷι
3341 4875 3447 4930 ὑπὸ
3466 4875 3580 4931 τῶν
3610 4878 3767 4950 Bap-

543 5020 658 5142 (εδ)
689 5071 881 5142 ,ιιπά
920 5073 1047 5142 topia

472 5139 737 5242 apolog'ia
757 5139 1020 5242 Isecunda
1051 5144 1335 5242 ‘adversus.
1362 5139 1615 5242 Arianps,
1780 5151 2053 5242 (Eonstanr
2306 5139 3766 5242 '3iloi"ci¥c';"s£,’"£.2"?J$;s;232'"'332

473 5209 575 5288 tigni
608 5209 848 5294 refertur
871 5214 1126 5294 epistola,
1167 5217 1434 5294 scriptum
1463 5227 1549 5272 est
1585 5209 1704 5288 μεθ’
1713 5221 1858 5294 ξτέρ

472 5279 598 5334 νῶν.
656 5278 765 5336 Sed
810 5278 1083 5339 vul'atam
1113 5278 1462 5356 scripturam
1496 5278 1684 5343 tuetur
1713 5278 2055 5363 Epiphanius

472 5347 863 5408 Scholasticus.
905 5299 1001 5408 Sic
1043 5353 1192 5408 enim
1234 5357 1401 5408 vertit
1429 5375 1442 5408 :
1470 5345 1702 5408 Romam
1733 5362 2055 5408 Athanasius

472 5347 863 5408 Scholasticus.
909 5347 1001 5408 Sic
1043 5353 1192 5410 enim
1234 5347 1442 5412 vertit:

1905 5525 2287 5584 VARIORUM.

544 5605 563 5641 ι
907 5606 1122 5689 ἀγνοῶ.
1158 5610 1309 5689 H‘anr
1339 5615 1629 5689 epistoltm
1668 5618 1935 5689 integram
1964 5636 2051 5675 re-

467 5672 656 5758 gerunt
676 5672 681 5673 ί
699 5672 1032 5758 Athanasius
1072 5672 1533 5758 Apellea-“contra
1552 5672 1814 5758 varicosos:
1827 5672 2043 5758 Iv;

469 5740 709 5813 Sozam,
737 5745 833 5800 lib.
866 5763 924 5813 ιι,
976 5760 1099 5821 cap,
1120 5740 1200 5805 ’28
1221 5740 1493 5825 ξΝἱοερΙι.
1523 5740 2043 5829 ιίιιξνιιιῶῖῖρίθθξ

2148 5622 2386 5708 Historia
2424 5624 2743 5708 Tripartita,
2766 5631 2876 5708 lib;
2894 5650 2974 5708 tu,
3000 5650 3120 5708 cap.
3149 5637 3200 5692 7.

2220 5705 2272 5779 ιι,
2294 5697 2615 5779 Τοιυςξιροᾷν
2657 5701 2757 5779 διὰ
2778 5697 3090 5779 ῌτῇςλέμῆξ·
3119 5711 3270 5779 πρὸς
3302 5709 3410 5767 τὸν
3435 5709 3600 5765 Θεὸν
3649 5718 3769 5775 λιιτ

2148 5764 2362 5834 τρείας.
2401 5766 2743 5839 Epiphanius
2773 5764 3354 5840 Scholasticus'toium
3378 5764 3536 5842 hunc
3559 5764 3767 5844 1οῶἑὴ
