4050 6348
463 340 559 398 ΠΙ

1898 344 2232 404 SOCRATIS

3622 354 3727 410 172

460 458 737 516 dicentem
777 455 1037 514 audlisse.
1077 456 1370 513 Enimvero
1406 458 1697 513 maximam
1727 459 1837 514 vim
1870 459 2037 516 habet

2151 459 2395 524 τκόπους.
2416 457 2577 513 Ἀλλά
2597 458 2705 528 γὰρ
2727 461 2899 531 ίσχύει
2920 461 3143 534 διαϐολὴ
3164 462 3296 535 (60),
3314 464 3441 518 ὅταν
3464 468 3490 519 ὁ
3510 467 3729 523 διαϐάλσ

459 550 757 616 calumnia,
782 550 877 605 ubi
904 549 1008 606 fide
1040 550 1236 622 dignus
1260 551 1495 606 habetur
1519 551 1903 607 calumniator.
1932 551 2044 609 Hac

463 642 677 699 ratione
702 642 1112 698 circumventus
1141 642 1462 712 imperator,
1501 651 1558 697 et
1596 642 1665 698 ad
1709 642 2041 715 indignatio-

460 751 589 792 nem
610 743 962 807 provocatus,
996 733 1354 790 Athanasium
1393 734 1449 788 in
1482 734 1739 790 exsilium
1756 734 2039 807 relegavit,

460 838 518 884 et
538 827 741 885 Gallias
775 827 1015 882 incolere
1037 826 1317 896 praecepit.
1346 825 1486 880 Sunt
1520 825 1616 896 qui
1661 825 1850 881 dicant
1872 826 2044 897 impe-

462 928 702 974 ratorem
723 933 791 973 eo
813 916 1041 972 consilio
1064 914 1210 970 istud
1230 915 1430 985 egisse,
1455 922 1516 969 ut
1537 914 1782 970 Ecclesia
1809 914 1878 969 ad
1912 915 2039 970 uni-

461 1018 627 1066 tatem
671 1017 728 1064 et
766 1006 1118 1063 concordiam
1162 1012 1549 1072 revocaretur,
1594 1005 2040 1077 quandoquidem

464 1101 789 1160 Athanasius
810 1100 1218 1157 communicare
1241 1114 1370 1155 cum
1394 1100 1529 1155 Ario
1553 1102 1782 1171 ejusque
1807 1108 2045 1156 sectato-

2138 554 2246 607 λων
2274 550 2656 625 ἀξιόπιστος
2683 553 2870 626 Τούτῳ
2887 555 2995 626 γὰρ
3014 559 3383 628 συναρπαγεὶς
3401 562 3429 613 ό
3452 560 3726 630 βασιλεὺς,

2139 644 2235 699 καὶ
2269 647 2348 708 είς
2393 644 2566 717 θυμὸν
2595 645 2804 717 ἀχθεὶς,
2845 646 3031 719 ἐξορία
3068 648 3357 705 ὑποϐάλλει
3384 652 3474 705 τὸν
3503 654 3730 709 Ἀθανά-

2142 754 2255 790 σιον
2280 747 2331 802 1,
2363 737 2462 802 τὰς
2501 738 2730 803 Γαλλίας
2777 738 3042 804 κελεύσας
3087 744 3277 799 οἰκεῖν.
3309 745 3445 798 Φασὶ
3486 744 3544 799 δέ
3582 764 3728 812 τινες

2140 828 2299 883 τοῦτο
2331 831 2692 901 πεποιηκέναι
2714 831 2805 884 τὸν
2835 830 3078 900 βασιλέα,
3103 835 3292 905 σκοπῷ
3324 835 3419 889 τοῦ
3460 837 3728 908 ὲνωθῆναι

2143 920 2243 991 τὴν
2264 919 2613 993 Ἐκκλησίαν,
2635 922 2823 994 ἐπειδὴ
2849 923 3163 989 Ἀθανάσιος
3191 928 3366 998 πάντη
3405 931 3730 1000 κοινωνῆσαι

2147 1014 2258 1076 τοῖς
2279 1012 2409 1084 περὶ
2437 1013 2654 1083 ’Ἄρειον
2683 1013 3026 1085 ὲξετρὲπετο.
3062 1016 3199 1070 Ἀλλ’
3220 1011 3373 1082 οὗτος
3399 1019 3498 1090 μὲν
3522 1020 3579 1073 ὲν
3609 1020 3732 1092 Τρι-

2148 1103 2303 1175 δέρει
2336 1106 2437 1175 τῆς
2469 1104 2703 1168 Γαλλίας
2733 1115 2756 1141 ι
2787 1105 3068 1177 διήγαγεν.

458 1198 610 1253 ribus
645 1210 875 1267 prorsus
911 1194 1219 1250 recusabat.
1261 1194 1369 1250 Sed
1408 1195 1500 1250 ille
1541 1194 1766 1266 quidem
1809 1195 1866 1250 in
1900 1197 2037 1252 urbe
2075 1198 2261 1253 Galliae
2284 1199 2541 1255 Treveris
2561 1210 2934 1257 commoratus
2955 1211 3057 1256 est.

950 1312 1058 1383 72
1106 1311 1257 1368 CAP.
1309 1313 1547 1369 xxxvi.

596 1404 673 1460 De
697 1403 952 1460 Marcello
978 1404 1203 1476 Ancyra:
1222 1406 1485 1529 ῗρίῗεορο,
1523 1414 1572 1459 et
1610 1407 1674 1459 de
1696 1405 1903 1461 Asteria

1125 1491 1220 1529 son
1238 1493 1301 1529 ιιδ
1327 1493 1381 1529 a.

1125 1491 1381 1546 sopmua.

523 1569 784 1642 EpiseOpi
817 1583 954 1625 vero
993 1567 1088 1639 qui
1127 1566 1605 1639 Constantinopoli
1650 1581 2042 1637 convenerant,

2711 1317 2964 1372 ΚΕΦΑΛ.
3026 1317 3165 1385 Αςῖν.

2145 1409 2284 1481 Περὶ
2309 1410 2666 1480 Μαρκέλλου
2696 1411 2802 1465 τοῦ
2830 1410 3115 1491 Ἀγκύρας
3158 1408 3259 1464 καί
3296 1410 3596 1480 Ἀστερίου
3624 1412 3735 1469 τοῦ

2777 1496 2998 1549 (rong
3008 1497 3101 1535 ου.

2219 1571 2278 1624 Οἱ
2299 1570 2355 1624 δὲ
2380 1573 2437 1625 ὲν
2456 1571 2865 1625 Κωνσταντίνου
2892 1569 3044 1623 πόλει
3062 1569 3418 1641 συναχθέντες
3440 1572 3732 1627 ἐπίσκοποι

455 1664 773 1719 Marcellum
798 1677 1020 1734 quoque
1045 1660 1363 1732 episcopum
1391 1660 1639 1734 Ancyrae,
1669 1680 1791 1734 quae
1816 1664 2045 1721 minoris

2151 1664 2241 1718 καὶ
2273 1661 2592 1734 Μάρκελλον
2629 1662 2723 1715 τὸν
2756 1660 3029 1734 Ἀγκύρας
3059 1662 3160 1731 τῆς
3186 1662 3243 1715 ὲν
3280 1664 3453 1735 μικρᾷ
3495 1662 3735 1737 Γαλατίᾳ

455 1755 681 1812 Galatiae
706 1753 899 1810 civitas
921 1760 1027 1818 est,
1046 1752 1142 1808 tali
1167 1752 1235 1808 de
1261 1767 1425 1808 causa
1447 1753 1855 1824 deposuerunt:
1881 1756 2041 1812 Aste—

459 1850 574 1904 rius
615 1847 835 1918 quidam
872 1846 929 1900 in
968 1844 1312 1916 Cappadocia
1353 1856 1528 1902 artem
1576 1847 1910 1904 rhetoricam
1942 1849 2043 1905 do-

341 2016 348 2022 .
456 1954 608 2004 cens,
626 1954 691 1994 ea
709 1938 919 2001 relicta,
936 1936 1306 1993 Christianam
1329 1938 1648 2010 religionem
1667 1939 1912 2011 profiteri
1929 1957 2044 1997 c03-

456 2032 557 2102 pit.
584 2030 785 2086 Libros
805 2030 972 2085 etiam
1010 2030 1256 2086 scribere
1280 2045 1571 2102 aggressus
1600 2041 1685 2088 est
1716 2034 1813 2103 qui
1847 2033 2044 2097 etiam-

453 2138 587 2179 num
623 2122 897 2177 habentur
917 2161 932 2187 ,
955 2121 1160 2192 quibus
1180 2121 1298 2177 Arii
1322 2122 1518 2194 dogma
1554 2125 1857 2190 asserebat,
1881 2124 2045 2181 Chri-

456 2224 603 2271 stum
636 2215 830 2271 dicens
868 2228 992 2270 esse
1035 2213 1297 2269 virtutem
1342 2215 1440 2271 Dei
1484 2216 1679 2271 eodem
1720 2217 1885 2272 modo
1935 2233 2048 2288 quo

455 2308 665 2362 locusta
690 2313 747 2360 et
771 2306 978 2360 brucus
1002 2303 1148 2376 apud
1176 2305 1413 2376 Moysem
1442 2305 1619 2361 virtus
1642 2306 1738 2362 Dei
1762 2322 1883 2363 esse
1906 2307 2044 2363 dici-

457 2408 550 2454 tur
567 2399 636 2464 “,
660 2398 881 2468 aliaque
904 2396 994 2451 his
1008 2395 1231 2452 similia.
1252 2396 1588 2452 Versabatur
1614 2408 1799 2454 autem
1825 2399 2047 2456 assidue

457 2493 602 2549 idem
628 2491 881 2547 Asterius
903 2505 1028 2546 cum
1054 2489 1348 2561 episcopis,
1376 2506 1440 2546 ac
1474 2492 1750 2562 prmeipue
1780 2509 1904 2547 cum
1939 2493 2048 2549 illis

457 2584 553 2655 qui
577 2582 894 2654 Opinionem
917 2580 1035 2636 Arii
1069 2580 1294 2636 minime
1328 2579 1673 2650 rejiciebant.
1700 2578 1843 2645 Quin
1879 2580 2046 2634 etiam

457 2677 528 2732 ad
564 2673 805 2747 synodos
839 2672 1102 2743 frequens
1126 2671 1403 2737 ventabat,
1439 2671 1505 2726 ad
1532 2671 1909 2741 episcopatum
1946 2688 2047 2727 cu-

451 2768 692 2840 juspiam
719 2764 957 2821 civitatis
996 2763 1226 2819 studens
1264 2778 1543 2832 arrepere.
1584 2762 1788 2817 Verum
1831 2762 1920 2817 ille
1958 2778 2047 2818 sa-

456 2856 769 2914 cerdotium
794 2854 1019 2925 quidem
1055 2852 1281 2909 minime
1317 2860 1403 2907 est
1437 2860 1754 2917 assecutus,
1792 2868 1861 2907 eo
1898 2853 2046 2923 quod

457 2944 879 3016 persecutionis.
910 2952 1155 3013 tempore
1204 2941 1589 2997 sacriﬁcasset.
1644 2940 1818 2998 Urbes
1860 2951 2045 3000 autem

2146 1752 2432 1815 καθεῖλον,
2489 1752 2556 1805 δι’
2606 1752 2789 1807 αἰτίαν
2840 1752 3119 1825 τοιαύτην·
3165 1753 3444 1824 Ἀστέριός
3482 1765 3507 1793 α
3547 1771 3632 1819 τις
3675 1755 3735 1807 ὲν

2148 1843 2514 1916 Καππαδοκίᾳ
2548 1845 2868 1916 σοφιστικὴν
2905 1845 3127 1917 μετιὼν,
3153 1847 3253 1917 τὴν
3281 1846 3381 1916 μὲν
3412 1846 3734 1901 κατέλειπε·

2147 1937 2542 2009 χριστιανίζειν
2575 1937 2630 1992 δὲ
2664 1938 3052 2008 ἐπηγγέλλετο.
3082 1939 3388 2010 Ἐπεχείρει
3431 1939 3488 1993 δὲ
3518 1939 3612 1993 καὶ
3648 1940 3737 1994 λό-

2148 2043 2280 2096 γους
2312 2029 2683 2099 συγγράφειν,
2731 2029 2782 2082 οἶ
2819 2029 2980 2100 μέχρι
3005 2027 3101 2083 νῦν
3144 2030 3431 2101 φέρονται,
3463 2028 3537 2083 δι*
3562 2024 3639 2087 ὧν
3674 2031 3736 2085 τὸ

2104 2128 2115 2133 ”
2162 2119 2374 2190 Ἀρείου
2437 2119 2661 2191 συνίστη
2720 2120 2927 2191 δόγμα,
2971 2120 3063 2173 τὸν
3099 2121 3335 2193 Χριστὸν
3381 2122 3524 2176 οὕτω
3562 2122 3736 2192 λέγων

2150 2205 2287 2264 εἶναι
2327 2210 2464 2264 Θεοῦ
2501 2211 2753 2282 δύναμιν,
2801 2212 2874 2277 ὡς
2919 2213 3131 2285 εἴρηται
3187 2214 3339 2286 παρά
3378 2216 3588 2286 Μωῦσῇ
3636 2216 3736 2287 τὴν

2150 2302 2351 2373 ἀκρίδα
2373 2304 2467 2355 καὶ
2489 2302 2586 2374 τὴν
2607 2304 2836 2375 κάμπην
2864 2304 3092 2375 δύναμιν
3112 2300 3254 2358 εἶναι
3281 2305 3439 2370 Θεοῦ,
3458 2306 3553 2360 καὶ
3571 2307 3735 2379 ἕτερα

2148 2391 2358 2457 τούτοις
2390 2394 2768 2465 παραπλήσια.
2820 2396 2992 2463 Συνῆν
3030 2397 3088 2450 δὲ
3120 2399 3149 2451 ὁ
3186 2398 3462 2468 Ἀστέριος
3496 2400 3737 2471 συνεχῶς

2150 2484 2246 2539 καὶ
2289 2487 2401 2547 τοῖς
2429 2485 2771 2549 ἐπισκόποις,
2801 2487 2912 2549 τοῖς
2937 2486 3168 2557 μάλιστα
3192 2487 3291 2560 τὴν
3325 2489 3619 2560 Ἀρειανῶν
3646 2489 3735 2544 δό-

2150 2575 2249 2642 ξαν
2281 2575 2356 2647 μὴ
2379 2575 2654 2631 ἁθετοῦσι.
2695 2576 2805 2630 Καὶ
2834 2576 2899 2647 δὴ
2948 2579 3028 2641 είς
3063 2578 3162 2644 τάς
3196 2580 3448 2645 συνόδους
3495 2582 3734 2652 ἀπήντα,

2153 2668 2414 2724 ὑποδῦναι
2462 2670 2594 2739 μιᾶς
2640 2669 2844 2733 πόλεως
2895 2670 3201 2742 ἐπισκοπὴν
3258 2673 3735 2745 προθυμούμενος

2151 2760 2265 2813 ἀλλ’
2300 2760 2601 2832 ἱερωσύνης
2638 2761 2736 2832 μὲν
2777 2761 3070 2833 ἠστόχησε,
3123 2763 3213 2818 διὰ
3256 2764 3318 2817 τὸ
3360 2765 3738 2821 ἐπιτεθυκέναι

2152 2852 2294 2907 κατά
2317 2852 2407 2906 τὸν
2438 2853 2697 2922 διωγμόν.
2734 2853 2969 2925 Περιῐὼν
3010 2854 3068 2909 δὲ
3102 2856 3202 2920 τὰς
3231 2859 3290 2910 ἐν
3328 2858 3499 2930 Συρίᾳ
3529 2858 3736 2924 πόλεις,

2151 2941 2245 3007 οὒς
2280 2943 2538 3010 συνέταξε
2573 2943 2767 3012 λόγους
2810 2944 3157 3000 ἐπεδείκνυτο
3184 2947 3319 3017 (61).
3350 2948 3537 3002 Ταῦτα
3574 2951 3739 3018 γνοὺς

459 3038 631 3109 Syriae
666 3050 990 3108 peragrans,
1012 3035 1187 3089 libros
1221 3049 1361 3104 quos
1397 3045 1804 3105 composuerat,
1832 3036 2045 3106 publice

2154 3035 2183 3088 ὁ
2215 3033 2537 3105 Μάρκελλος
2557 3033 2608 3100 δ,
2634 3034 3020 3106 ἀντιπράττειν
3056 3034 3204 3107 αὐτῷ
3228 3036 3567 3108 βουλόμενος,
3596 3039 3739 3094 κατά

457 3130 746 3187 recitabat.
788 3129 905 3184 Hoc
942 3134 1224 3199 comperto
1266 3126 1578 3195 Marcellus,
1616 3142 1742 3183 cum
1784 3128 2049 3185 adversus

459 3237 586 3278 eum
613 3222 776 3278 vellet
810 3220 1076 3286 scribere,
1106 3220 1277 3275 nimia
1303 3221 1716 3277 contradicendi
1744 3221 2048 3293 cupiditate

458 3315 512 3367 in
538 3314 880 3371 contrarium
906 3328 1152 3368 errorem
1179 3312 1437 3383 delapsus
1459 3322 1562 3367 est.
1588 3313 1872 3369 Christum
1898 3314 2047 3369 enim

460 3406 690 3479 perinde
721 3421 787 3462 ac
821 3405 1025 3461 Paulus
1064 3404 1486 3468 Samosatensis,
1519 3403 1728 3458 nudum
1766 3404 2047 3459 hominem

532 3529 573 3560 ²¹
604 3524 778 3582 Exod.
814 3540 868 3589 κ,
909 3522 994 3577 12.

2154 3126 2448 3197 διάμετρον
2486 3126 2621 3179 πολὺ
2652 3125 2763 3197 (62)
2798 3128 2877 3190 εἰς
2916 3127 2978 3179 τὸ
3010 3120 3251 3181 ἐναντίον
3281 3127 3516 3195 ἐξέπεσε
3568 3129 3739 3184 Ψιλὸν

2156 3221 2264 3289 γὰρ
2289 3218 2574 3289 ἄνθρωπον
2595 3218 2668 3281 ὡς
2690 3221 2718 3271 ὁ
2749 3219 3101 3290 Σαμοσατεὺς
3129 3220 3426 3291 ἐτόλμησεν
3450 3224 3623 3276 εἰπεῖν
3644 3222 3737 3277 τὸν

2156 3310 2412 3382 Χριστόν.
2467 3308 2655 3363 Ταῦτα
2692 3309 2914 3377 γνόντες
2961 3313 3012 3365 οί
3068 3312 3188 3365 τότε
3228 3313 3285 3365 ἐν
3345 3313 3736 3386 Ἰεροσολύμοις

2159 3401 2521 3466 συνελθόντες,
2584 3400 2860 3473 Ἀστερίου
2894 3402 2991 3473 μὲν
3046 3402 3234 3458 οὐδένα
3271 3404 3427 3472 λόγον
3478 3404 3737 3472 ἐτίθεντο,

1669 3613 1937 3669 ιἈιΕδιι
1975 3614 2525 3674 ANNOTATIONES.

536 3705 859 3782 (60)_‘A_.1.1d
885 3705 996 3782 γὰρ
1029 3706 1226 3782 Ιᾳξχιξει
1250 3704 1724 3782 διαϐολήηϐοᾴρχ
1752 3706 1932 3782 Allatij
1962 3724 2056 3782 νοτ

465 3774 584 3835 cem
612 3774 705 3834 hic
728 3774 1010 3832 interserit
1043 3774 1180 3828 ἀλλὰ
1213 3775 1323 3846 γὰρ
1355 3775 1497 3845 μέγα
1532 3774 1726 3845 ἰσχύει,
1762 3786 1867 3830 etc.
1896 3776 2052 3841 Quod

466 3868 575 3907 non
597 3849 871 3920 displicet.
905 3847 1075 3903 Paulo
1103 3854 1227 3917 post
1250 3846 1472 3901 mallem
1506 3846 1688 3917 legere
1711 3846 1887 3916 τούτῳ
1922 3846 2053 3913 γοῦν

471 3919 867 3987 συναρπαγείς,
901 3926 1010 3972 etc.

520 3985 631 4063 (6|)
785 3987 1084 4063 συζέταξε
1110 3988 1335 4063 ,ζόγους
1355 3986 1765 4063 ἐςτεδείιιιθευτοἶ
1805 3985 2052 4063 Athana-

464 4055 581 4117 sius
613 4055 668 4116 in
696 4060 837 4115 libro
869 4055 943 4113 De
987 4055 1229 4129 synodis,
1262 4058 1339 4129 ait
1388 4057 1539 4129 hunc
1591 4055 1866 4112 Asterium
1903 4057 2047 4129 inter

463 4134 697 4187 clericos
719 4126 1029 4186 sedentem'
1051 4129 1105 4183 in
1136 4128 1392 4191 ecclesia,
1438 4127 1609 4183 libros
1644 4142 1773 4181 suos
1827 4126 2045 4196 publice

466 4201 739 4259 recitasse.

2225 3707 2334 3777 (62)
2364 3710 2524 3765 Κατὰ
2548 3708 2866 3777 διάμετρον
2891 3707 3105 3771 πολύς,
3133 3716 3239 3763 etc.
3268 3710 3329 3765 lu
3363 3709 3643 3769 Sfortiano
3677 3724 3739 3769 et

2150 3778 2426 3835 Allatiano
2465 3780 2656 3836 codice
2700 3778 2902 3850 legitur
2957 3778 3127 3850 πολύ,
3167 3779 3511 3850 Epiphanius
3550 3794 3737 3841 autem

2152 3850 2528 3922 ﬁeliolasticus
2561 3850 2757 3922 legisse
2792 3847 3012 3902 videtur
3058 3848 3145 3922 διὰ
3183 3847 3531 3922 τδξᾶμετρον
3576 3855 3734 3912 πολύ.

2152 3919 2328 3974 Vertit
2351 3920 2499 3974 enim
2530 3938 2542 3972 :
2576 3919 2700 3974 flare
2738 3934 3025 3989 agnoscens
3059 3917 3365 3983 Marcellus,
3406 3917 3590 3978 contra
3617 3941 3738 3980 eum

2149 3990 2374 4043 srribere
2410 3990 2625 4051 volens,
2673 4004 2981 4042 mensuram
3044 3991 3438 4046 contrarietatis
3494 3998 3735 4052 excessit.

2154 4058 2256 4113 Ubi
2282 4059 2437 4133 vides
2459 4076 2559 4130 pro
2587 4060 2975 4133 ἀντιπράττειν
3002 4058 3375 4133 Epiphanium
3399 4062 3599 4133 legisse
3639 4067 3737 4118 ἀν-

2152 4127 2575 4200 τισυγγράφῖειν,
2619 4144 2730 4199 quo
2778 4127 2941 4182 modo
2990 4127 3154 4182 etiam
3211 4129 3267 4182 iu
3313 4127 3502 4187 codice
3548 4133 3737 4190 Allatii

2157 4199 2421 4269 scriptum
2454 4200 2707 4254 habetur.

1899 4319 2258 4374 VARIORUM
2270 4364 2279 4373 .

465 4430 660 4488 seopos
718 4412 1000 4488 Athanasii
1057 4422 1401 4469 accusatores
1450 4414 1594 4484 apud
1654 4413 2041 4488 imperatorem
2077 4420 2119 4476 Β
2149 4416 2359 4471 Gallis:
2416 4418 2573 4487 cujus
2626 4417 3100 4488 archiepiscopus
3149 4417 3301 4488 inter
3342 4426 3468 4488 octo
3517 4418 3737 4488 imperii

466 4485 635 4541 fuisse
669 4485 874 4550 refert;
901 4485 1060 4555 cujus
1097 4492 1613 4555 errorempsecutus
1636 4493 1721 4555 est
1747 4485 2035 4540 Baronius.

466 4556 763 4611 Enimvero
792 4552 1009 4610 constat
1035 4570 1104 4625 ex
1133 4569 1326 4625 eorum
1354 4552 1600 4625 Epistola
1622 4554 1693 4609 ad
1722 4555 2039 4625 Dionysium

467 4625 1024 4691 eomitem,Athanas.
1048 4623 1736 4696 Apolog.contraArianos,
1763 4623 1888 4747 ρας.
1918 4625 2037 4689 196,

467 4711 561 4747 eos
586 4696 868 4747 Athanasii
897 4695 1149 4747 partibus
1194 4694 1445 4747 addictos
1476 4694 1667 4747 fuisse.
1697 4694 1759 4747 (C
1787 4737 1799 4747 .
1848 4710 2037 4747 mona-

466 4711 561 4751 eos
586 4696 868 4751 Athanasii
897 4694 1149 4766 partibus
1194 4694 1445 4766 addictos
1476 4694 1667 4749 fuisse.
1697 4694 1799 4763 (Cl.
1848 4694 2038 4766 inena-

469 4768 557 4821 chi
589 4764 931 4822 Benedictini
958 4766 1105 4821 notis
1132 4766 1187 4820 in
1228 4764 1491 4821 Athanas.
1524 4765 1632 4821 vol.
1670 4766 1713 4828 l,
1744 4780 1865 4835 pag.
1891 4765 2040 4834 203.)

538 4845 567 4884 γ
632 4837 859 4903 Ἐξορίᾳ
898 4836 1230 4891 ὑποϐάλλει
1282 4836 1391 4889 τὸν
1449 4835 1823 4890 Ἀθανάσιον.
1872 4836 2042 4891 Cele-

470 4906 646 4978 bratac
676 4908 840 4977 hujus
862 4906 1603 4978 ,synodi-Constantinopoli,
1632 4906 1911 4978 simulque
1945 4922 2042 4961 ex-

470 4977 577 5032 silii
610 4976 923 5033 Athanasio
946 4976 1168 5047 irrogati
1202 4985 1418 5047 tempus
1445 4976 1659 5032 deduco
1705 4992 1772 5047 ex
1812 4977 2043 5046 cpistola

467 5047 810 5118 Constantini
836 5045 1085 5107 JuuiOris
1100 5046 1166 5118 ad
1193 5045 1457 5118 populum
1482 5045 1913 5118 Alexandrinum
1936 5047 2048 5118 (in-

470 5117 551 5172 ira
570 5118 665 5173 lib.
690 5134 748 5182 ιι,
771 5134 820 5173 c.
835 5118 924 5243 ἑὲ,
941 5116 1163 5188 quando
1178 5116 1537 5172 Athanasium
1532 5117 1753 5241 Ἥρωι-ιω
1782 5116 2044 5181 restituit,

470 5202 615 5243 anno
661 5188 793 5243 Chr.
907 5188 959 5243 8.
1011 5188 1146 5243 Data
1198 5188 1346 5243 enim
1399 5196 1487 5242 est
1582 5187 1780 5242 reviris
1829 5204 1896 5241 xv
1927 5187 2042 5241 Kal.

469 5202 615 5243 anno
661 5188 793 5243 Chr.
835 5187 975 5243 558.7
1011 5188 1146 5243 Data
1198 5188 1346 5243 enim
1399 5196 1487 5242 est
1532 5187 1780 5242 Treviris
1829 5204 1896 5241 xv
1927 5187 2042 5241 Kal.

466 5259 600 5321 Jul.,
655 5267 713 5314 ut
771 5258 929 5315 docet
982 5257 1313 5314 Athanasius
1370 5257 1425 5312 in
1472 5255 1694 5328 Apolog.
1751 5256 1889 5313 Cum
1949 5257 2049 5311 ita-

468 5344 596 5456 Ἑρ.
622 5328 959 5385 Thcodorito
994 5338 1156 5393 teste.
1186 5329 1285 5385 lib.
1332 5344 1395 5392 ιι,
1425 5327 1544 5410 cap.
1584 5327 1655 5409 ,1,
1695 5335 1821 5397 post
1876 5342 2050 5382 annos

545 5415 608 5455 os
633 5410 690 5456 et
708 5415 926 5456 menses
950 5408 1188 5456 quatuor
1216 5399 1545 5456 Athanasius
1583 5413 1637 5451 ιιι
1677 5412 1832 5452 suam
1859 5396 2050 5452 Eccle-

545 5415 608 5455 os
633 5410 690 5457 et
708 5415 926 5456 menses
944 5408 1188 5471 quatuor
1216 5396 1545 5456 Athanasius
1576 5397 1642 5471 in
1655 5396 1832 5471 Asnam
1859 5396 2050 5471 Eccle-

466 5471 606 5526 siam
630 5472 903 5527 remissus
930 5467 1120 5536 ﬁierit,
1148 5477 1375 5540 apparet
1400 5482 1547 5523 anno
1576 5467 1699 5532 356,
1726 5481 1915 5540 mense
1942 5467 2051 5540 eir-

462 5541 607 5623 ci‘er
630 5542 958 5623 Februario,
980 5542 1150 5623 bene.
1164 5536 1435 5623 διῖιοάιιμιι
1462 5544 1749 5623 ξοεςιξῐην
1766 5546 1835 5623 et
1854 5622 1861 5623 ,
1878 5536 2052 5623 Athe-

466 5612 685 5681 nasium
725 5605 1073 5673 Constantini
1103 5605 1344 5681 M.jussu
1367 5608 1430 5681 in
1459 5605 1692 5662 Galliam
1725 5607 2049 5678 relegatum.

469 5679 623 5753 (Ant.
650 5683 777 5753 Pagi
804 5682 872 5737 ad
898 5694 1034 5753 ann.
1061 5675 1266 5753 ξόθίιι.
1309 5675 1387 5753 4,)

540 5759 564 5788 ι
584 5745 998 5821 Ῠένντριεέρε,
1024 5749 1135 5817 τῆς
1160 5745 1450 5821 Γαλλίας.
1492 5745 1733 5821 Treviri,
1763 5746 1911 5821 urbs
1923 5746 2053 5821 Gal-

470 5818 555 5876 lia:
584 5816 839 5893 Belgicae,
861 5816 1010 5878 nunc
1036 5816 1185 5876 Trier
1225 5818 1421 5875 incolis
1451 5826 1507 5876 et
1536 5816 1847 5884 Germanis.
1870 5817 2056 5875 Trércs

2148 4488 2416 4542 elcctores
2440 4486 2742 4541 secundum
2771 4486 2952 4558 locum
2991 4487 3223 4558 obtinet.
3260 4486 3403 4558 U_rbs
3425 4496 3510 4542 est
3554 4486 3737 4558 ampla

2150 4564 2207 4609 et
2259 4558 2643 4625 antiquissima
2702 4556 2950 4612 omnium
3009 4556 3231 4609 urbium
3289 4556 3736 4625 EurOpzearurn;

2147 4627 2318 4681 Roma
2343 4628 2518 4681 multo
2540 4627 2841 4696 antiquior,
2871 4627 2967 4681 sed
2993 4627 3135 4681 male
3163 4625 3329 4691 culta,
3361 4627 3429 4681 ad

2146 4696 2394 4751 fluvium.
2414 4695 2775 4819 έΒΑιόιιΑιειι.)

2217 4778 2242 4806 ι
2281 4768 2412 4819 Ἅστ
2447 4784 2588 4819 Dtoc.
2616 4766 2775 4819 Aster

2217 4778 2242 4806 ι
2281 4764 2588 4833 Ἀστέριος.
2616 4766 2888 4828 Asterius,
2909 4764 3258 4821 Christianus
3282 4764 3479 4831 factus,
3506 4767 3739 4823 Luciani

2145 4836 2478 4908 Antiocheni
2538 4837 2779 4891 scholam
2837 4836 3237 4908 frequentavit;
3286 4838 3447 4908 cujus
3504 4839 3740 4908 proinde

2147 4854 2478 4892 antiocnem
2538 4854 2779 4891 scuoram
2837 4854 3237 4905 rrequentavu;
3286 4854 3447 4908 cujus
3546 4854 3737 4894 romae

2147 4906 2437 4977 discipulis
2474 4921 2619 4977 cum
2680 4914 2940 4961 acccuset
2996 4905 3435 4977 Philostorgius,
3500 4854 3599 4962 ίῖι).
3666 4925 3737 4972 ιι,

2148 4992 2268 5046 cap.
2295 4975 2411 5031 ‘14.
2463 4976 2578 5031 Sub
2612 4977 3003 5045 persecutione
3056 4975 3390 5039 Maximiani,
3433 4977 3540 5031 fide
3571 4977 3738 5033 Chri-

2149 5048 2219 5101 sti
2246 5048 2535 5118 abnegata,
2560 5046 2675 5118 diis,
2692 5047 2988 5118 gentilium
3033 5046 3377 5118 immolavit:
3417 5056 3608 5118 postea
3660 5054 3741 5101 ta-

2149 5132 2277 5172 men
2310 5117 2576 5186 magistro
2625 5116 2776 5170 illius
2822 5116 3206 5184 paenitentiam
3237 5116 3619 5186 promovente,
3655 5117 3738 5172 la-

2190 5202 2334 5258 sum!
2367 5185 2528 5258 suum
2567 5185 2901 5258 emendavit.
2957 5185 3179 5258 Arianis
3225 5185 3296 5258 se,
3326 5185 3740 5258 adjunxitLipsi

2149 5202 2310 5312 Rsum
2367 5202 2528 5241 suum
2567 5202 2901 5240 emendavit.
2957 5202 3179 5241 nrtanls
3225 5202 3284 5240 se
3326 5202 3596 5258 aojunxit,
3634 5202 3736 5311 I£Sl

2198 5257 2281 5312 rio
2313 5256 2619 5310 familiaris.
2664 5256 2881 5311 Claruit
2910 5256 3198 5326 praecipue
3252 5257 3402 5311 circa
3445 5273 3575 5311 ann.
3609 5257 3644 5311 3
3681 5257 3736 5323 0,

2152 5342 2263 5396 quo
2300 5326 2525 5399 circiter
2568 5334 2817 5399 tempore
2841 5325 3325 5399 ediditfamosum
3349 5326 3499 5399 illud
3538 5326 3740 5399 δερμα-

2152 5414 2297 5467 gma,
2324 5397 2483 5467 cujus
2507 5396 2669 5451 toties
2686 5396 2944 5467 meminit
2968 5396 3321 5462 Athanasius,
3346 5397 3401 5450 in
3422 5412 3531 5467 quo
3559 5396 3740 5467 palam

2150 5465 2409 5539 asseruit,
2451 5476 2648 5539 praeter
2676 5465 2960 5539 Christum
2998 5468 3163 5521 aliam
3201 5482 3330 5539 esse
3383 5465 3598 5539 iniDeo
3642 5467 3712 5523 Sa

2152 5537 2439 5661 Eientiam,
2492 5537 2667 5607 ipsius
2711 5537 2919 5592 Christi
2970 5546 3025 5592 et
3072 5537 3266 5593 mundi
3324 5538 3740 5603 conditricem;

2179 5606 2354 5661 ‘ilium
2381 5622 2501 5661 esse
2535 5608 2630 5661 ἕνα
2658 5606 2768 5660 τῶν
2806 5608 3046 5661 πάντων.
3083 5607 3299 5661 πρῶτον
3338 5607 3394 5661 δὲ
3434 5607 3544 5661 τῶν
3575 5624 3740 5661 γενη-

2179 5606 2354 5678 Γῇίίυῐῐὶ
2381 5606 2630 5663 οεεθίὲνα
2658 5606 2768 5660 τῶν
2806 5608 3046 5670 πάντων,
3083 5607 3299 5678 πρῶτον
3338 5607 3394 5661 δὲ
3429 5607 3544 5678 Δτῶν
3575 5624 3741 5676 γενη⁴

2155 5676 2283 5740 τῶν,
2314 5694 2483 5733 unum
2507 5694 2570 5732 ex
2595 5693 2775 5733 rerum
2795 5675 3162 5741 universitate,
3190 5694 3371 5732 rerum
3418 5675 3539 5731 licet
3561 5675 3745 5733 condio

2161 5755 2360 5835 tat-Lum-
2376 5749 2627 5835 primrrrn,
2660 5758 2767 5835 et_c..
2808 5748 2983 5835 (Cave
3005 5748 3087 5835 ad.
3110 5764 3237 5835 ann.
3270 5748 3553 5835 550,7pagl;
3590 5748 3745 5835 .)

2232 5817 2261 5859 δ
2301 5817 2671 5889 Μάρκελλος.
2708 5819 3014 5882 Marcellus,
3057 5817 3304 5890 Ancyrae,
3341 5817 3464 5889 qua:
3499 5817 3744 5875 Galatia

3507 4628 3737 4682 osellam
