4050 6348
340 369 445 428 173

1325 368 1654 434 HISTORIA
1686 367 2241 426 ECCLESIASTICA.
2282 399 2352 410 -—
2389 367 2518 423 LIB.
2561 368 2603 422 I.

3489 363 3594 422 174

337 480 462 536 ἐπεὶ
501 481 640 552 μηδὲ
671 483 754 546 εἰς
791 483 884 537 τὸν
907 479 1208 553 κατάλογον
1253 483 1362 538 τῶν
1399 482 1588 554 ἱερέων
1626 481 1902 535 ἐτέτακτο.

2009 494 2130 534 esse
2165 495 2279 537 non
2309 479 2584 535 dubitavit
2624 493 2893 534 asserere.
2933 477 3090 546 Quod
3127 491 3254 533 eum
3289 475 3594 531 intellexis-

335 572 656 643 Μάρκελλον
702 573 760 627 δὲ
809 573 885 639 ὡς
938 573 1231 645 ἱερωμένον
1263 614 1279 634 .
1329 573 1488 642 λόγον
1539 571 1779 644 ἀπῄτουν
1815 571 1907 626 τοῦ

337 663 745 734 συγγραφέντος
791 663 940 736 αὐτῷ
973 663 1176 734 βιϐλίου
1223 663 1356 734 (65).
1411 664 1496 728 Ὠς
1545 663 1604 716 δὲ
1651 661 1910 734 ηὕρισκον

333 753 498 808 αὑτὸν
521 756 595 808 τά
623 755 717 808 τοῦ
751 755 1113 826 Σαμοσατέως
1139 752 1459 830 φρονοῦντα,
1477 753 1727 808 ἐκέλευον
1750 753 1911 808 αὑτὸν

336 840 669 910 μεταθέσθαι
722 842 819 912 τῆς
844 842 1024 916 δόξης.
1059 845 1119 899 '0
1159 845 1218 898 δὲ
1256 843 1700 915 καταισχυνθεὶς,
1740 845 1912 912 ἐπηγ-

331 931 554 998 γέλλετο
602 931 972 988 κατακαύσειν
1002 934 1062 989 τὸ
1113 935 1335 1005 βιϐλίον.
1380 936 1470 998 Ὠς
1501 933 1560 987 δέ
1604 934 1808 1005 σπουδῇ
1841 933 1914 988 δι-

330 1027 495 1099 ελύθη
529 1031 560 1083 ὁ
593 1029 704 1083 τῶν
735 1029 1048 1083 ἐπισκόπων
1082 1028 1356 1098 σύλλογος,
1400 1027 1494 1083 τοῦ
1541 1027 1804 1098 βασιλέως
1833 1025 1912 1089 εἰς

330 1122 429 1194 τὴν
470 1119 1050 1175 Κωνσταντινούπολιν
1097 1119 1389 1181 καλοῦντος
1435 1119 1658 1183 αὐτοὺς,
1697 1117 1820 1170 τότε
1848 1116 1913 1187 δὴ

332 1210 439 1264 τῶν
470 1210 604 1281 περὶ
647 1209 908 1264 Εὐσέϐιον
958 1199 1112 1280 ἐν’τῇ
1149 1209 1558 1262 Κωνσταντξνου
1594 1209 1744 1261 πόλει
1773 1224 1913 1278 παρο

333 1304 520 1365 όντων,
547 1296 706 1364 αὖθις
731 1301 800 1355 τὰ
827 1300 966 1355 κατά
1017 1299 1336 1372 Μάρκελλον
1364 1300 1698 1371 ἀνεζητεῖτο.
1738 1299 1826 1362 Ὠς
1857 1297 1913 1352 δέ

333 1395 362 1447 ὁ
381 1391 706 1464 Μάρκελλος
737 1392 836 1462 οὐχ
862 1393 1047 1464 ᾑρεῖτο
1080 1391 1428 1446 κατακαῦσαι
1474 1389 1615 1444 καθὰ
1648 1389 1916 1460 ὑπέσχετο

335 1483 431 1556 τὴν
465 1483 698 1555 ἄκαιρον
741 1483 1080 1554 συγγραφὴν,
1121 1483 1172 1538 οι
1215 1484 1480 1555 παρόντες
1516 1483 1608 1536 τὸν
1645 1482 1744 1552 μέν
1778 1479 1914 1536 καθ-

342 1573 503 1638 εῖλον,
519 1573 800 1628 Βασίλειον
819 1573 875 1626 δέ
899 1574 1012 1626 ἀντ’
1038 1573 1203 1626 αὑτοῦ
1232 1575 1313 1636 εις
1331 1573 1429 1643 τὴν
1446 1573 1726 1641 Ἄγκυραν
1753 1569 1916 1640 ἔπεμ-

2009 581 2134 626 sent
2153 570 2397 642 episcOpi
2420 571 2515 640 qui
2541 578 2655 625 tum
2670 569 3064 640 Hierosolymis
3077 575 3237 623 erant
3257 566 3594 638 congregati.

2011 656 2214 713 Asterii
2239 658 2461 727 quidem
2497 657 2704 712 nullam
2729 657 3002 710 rationem
3028 654 3364 717 habuerunt,
3392 651 3596 722 quipp:

2012 750 2106 819 qui
2151 749 2208 804 in
2247 748 2500 804 ordinem
2553 747 2905 803 sacerdotum
2955 745 3231 816 ascriptus
3277 759 3392 798 non
3429 750 3592 799 esset.

2011 840 2056 892 A
2099 838 2356 894 Marcello
2395 854 2562 903 vero,
2608 846 2802 908 utpote
2839 837 3158 902 sacerdote,
3196 843 3502 906 exegerunt
3535 845 3598 888 ut

2010 929 2139 984 libri
2163 945 2194 984 a
2221 944 2278 985 se
2301 929 2600 1000 conscripti
2629 929 2899 984 rationem
2928 927 3206 984 redderet.
3233 926 3480 996 Cumque
3503 924 3598 980 de-

2011 1022 2435 1093 prehendissent
2472 1022 2624 1077 illum
2647 1021 2802 1076 Pauli
2825 1019 3228 1076 Samosatensis
3262 1033 3452 1072 errore
3489 1017 3598 1072 im-

2011 1113 2275 1184 plicatam
2301 1128 2445 1177 esse,
2465 1114 2755 1184 jusserunt
2783 1120 2843 1166 ut
2867 1119 3107 1166 mutaret
3130 1109 3478 1166 sententiam.
3501 1107 3596 1161 Ille

2013 1203 2223 1273 pudore
2247 1202 2512 1267 suﬁusus,
2536 1203 2740 1256 librum
2764 1217 2922 1256 suum
2947 1216 3004 1254 se.
3026 1201 3441 1254 combusturum
3463 1213 3594 1268 pro-

2014 1295 2184 1350 misit.
2213 1296 2418 1350 Verum
2454 1294 2692 1348 concilio
2731 1308 2853 1348 cum
2886 1291 3233 1347 festinatione
3258 1290 3504 1353 dimisso,
3531 1304 3600 1342 eo

2013 1385 2162 1454 quod
2199 1384 2498 1455 imperator
2533 1383 2825 1453 episcopos
2848 1379 3377 1450 Constantinopolim
3405 1391 3598 1433 evoca-

2013 1475 2215 1540 visset,
2244 1490 2370 1530 cum
2409 1473 2708 1529 Eusebiani
2735 1471 3266 1541 Constantinopolim
3296 1469 3594 1530 venissent,

2015 1565 2253 1620 Marcelli
2289 1581 2454 1620 causa
2495 1564 2698 1619 iterum
2721 1564 2968 1619 discussa
2993 1571 3095 1617 est.
3123 1563 3189 1616 Et
3213 1561 3316 1630 73
3341 1575 3468 1614 cum
3507 1559 3597 1614 ille

334 1666 458 1735 ψαν.
511 1665 676 1718 Ἀλλὰ
723 1664 881 1718 τοῦτο
930 1667 1030 1735 μέν
1066 1665 1128 1718 τὸ
1177 1663 1515 1736 σύγγραμμα
1551 1662 1810 1725 Εὐσέϐιος
1857 1663 1902 1714 ἐκ

2016 1658 2326 1728 improbum
2354 1657 2580 1720 librum,
2608 1656 2753 1712 sicut
2791 1664 2950 1710 antea
2989 1654 3339 1724 promiserat,
3366 1650 3596 1705 combu-

267 1817 275 1825 ,
333 1757 477 1828 τρισὶ
523 1756 748 1827 βιϐλίοις
789 1755 1103 1827 ἀνέτρεψεν,
1138 1754 1422 1823 ἐξελέγξας
1459 1753 1556 1826 τὴν
1599 1751 1902 1818 κακοδοξίαι

2017 1765 2140 1805 rere
2167 1759 2471 1813 recusaret,
2509 1749 2752 1820 episcopi
2779 1748 2873 1818 qui
2905 1747 3137 1802 aderant
3160 1745 3338 1815 ipsum
3373 1742 3594 1812 quidem

334 1845 518 1900 αὐτοῦ.
545 1843 867 1916 Μάρκελλος
917 1844 974 1897 δὲ
1011 1843 1239 1914 ὕστερον
1278 1845 1336 1896 ἐν
1378 1844 1444 1912 τῇ
1472 1841 1612 1896 κατά
1647 1839 1902 1911 Σαρδικὴι

2017 1840 2416 1912 deposuerunt,
2442 1840 2704 1895 Basiliam
2731 1853 2863 1894 vero
2900 1839 3020 1908 ejus
3042 1836 3164 1889 loco
3185 1835 3454 1904 Ancyram
3493 1833 3596 1886 mi»

336 1939 538 2008 συνόδῳ
557 1937 658 2008 τὴν
679 1935 984 2006 ἐπισκοπὴν
1013 1935 1290 2000 ἀνέλαϐεν,
1321 1934 1491 1988 εἰπὼν
1523 1935 1600 2004 μὴ
1629 1931 1913 2002 νενοῆσθαι

333 2027 494 2081 αὐτοῦ
528 2027 591 2080 τὸ
621 2025 982 2097 σύγγραμμα,
1011 2027 1107 2080 καὶ
1135 2024 1224 2078 διά
1252 2023 1408 2078 τοῦτο
1430 2023 1524 2077 τοῦ
1549 2024 1915 2094 Σαμοσατέως

330 2119 489 2184 δόξαν
549 2118 758 2173 λαϐεῖν.
813 2118 951 2190 Περὶ
1001 2117 1104 2189 μὲν
1148 2115 1242 2171 οὖν
1287 2115 1474 2170 τούτου
1527 2115 1669 2169 κατὰ
1727 2115 1912 2186 χώραν

330 2208 455 2278 ἐροῦ
465 2225 588 2278 μεν.

2019 1937 2229 1986 serunt.
2256 1931 2427 1985 Porro
2449 1930 2598 1986 hunc
2619 1927 2858 1984 Marcelli
2883 1927 3088 1980 librum
3112 1921 3386 1980 Eusebius
3421 1921 3600 1974 tribus

2013 2026 2388 2082 voluminibus
2432 2023 2762 2085 confutavit,
2807 2034 3032 2091 pravam
3082 2018 3228 2072 illius
3281 2013 3598 2085 opinionem

2012 2129 2336 2184 coarguens.
2388 2112 2678 2168 Marcellus
2718 2125 2852 2166 vero
2892 2106 3242 2178 postmodum
3287 2105 3342 2159 in
3389 2102 3600 2176 synodo

2013 2203 2329 2259 Sardicensi
2373 2203 2750 2273 episcOpatum
2794 2197 3172 2270 recuperavit,
3217 2211 3341 2250 cum
3386 2194 3599 2248 diceret

329 2297 534 2352 librum
579 2311 742 2351 suum
786 2311 897 2350 non
940 2304 1090 2351 recte
1129 2294 1466 2350 intellectum
1506 2293 1696 2360 fuisse,
1737 2303 1899 2364 atque
1940 2291 2146 2347 ideirco
2198 2308 2257 2347 se
2296 2293 2350 2347 in
2387 2293 2754 2362 suspicionem
2794 2290 3044 2354 venisse,
3085 2288 3241 2358 quasi
3285 2285 3430 2346 idem
3471 2299 3598 2340 cum

331 2391 497 2448 Paqu
539 2391 896 2446 Samosateno
916 2391 1164 2446 sentiret.
1195 2391 1398 2446 Verum
1433 2389 1535 2444 hac
1562 2389 1630 2446 de
1664 2406 1724 2445 re
1749 2389 1999 2445 dicemus
2021 2404 2121 2445 suo
2145 2389 2286 2444 loco.

909 2527 1160 2581 ΚΕΦΛΛ.
1199 2527 1322 2581 ΛΖ’.

331 2618 522 2682 ὀπως
554 2618 781 2684 Ἄρειος
821 2618 969 2686 μετὰ
1011 2618 1127 2682 τὴν
1169 2619 1518 2673 Ἀθανασίου
1547 2619 1791 2685 ἐξορίαν
1836 2619 1905 2672 ἐκ

392 2688 510 2756 τῆς
555 2687 1002 2759 Ἀλεξανδρείας
1050 2688 1170 2759 ὑπὸ
1221 2688 1327 2742 τοῦ
1388 2688 1692 2759 βασιλέως
1729 2705 1906 2759 nera:

392 2756 710 2826 πεμφθεὶς,
762 2757 1020 2824 ταραχὰς
1079 2757 1367 2824 ἐκίνησεν
1408 2755 1772 2825 Ἀλεξάνδρῷ
1827 2755 1906 2823 τῷ

392 2828 709 2891 ἐπισκόπει)
746 2827 1200 2881 Κωνσταντίνου
1231 2827 1484 2894 πόλεως.

392 2917 733 2990 Τριακοστὸν
766 2915 825 2970 δὲ
868 2916 988 2982 ἔτος
1027 2920 1126 2989 τῆς
1165 2917 1442 2988 βασιλείας
1493 2918 1902 2972 Κωνσταντίνου

319 3010 533 3064 τούτων
563 3008 868 3080 γινομένων
901 3009 1222 3080 ἐπληροῦτο.
1258 3011 1369 3063 Καὶ
1413 3012 1634 3081 ’Ἄρειος
1666 3011 1762 3064 σὺν
1794 3011 1905 3072 τοῖς

321 3103 457 3173 περὶ
484 3101 647 3154 αὐτὸν
676 3100 788 3172 (64)
812 3101 1131 3155 καταλαϐὼν
1158 3100 1256 3172 τὴν
1291 3101 1719 3172 Ἀλεξάνδρειαν,
1749 3097 1904 3164 αὖθις

319 3193 453 3265 ὅλην
479 3193 768 3263 ἐτάραττε,
787 3193 882 3246 τοῦ
908 3193 1306 3265 Ἀλεξανδρέων
1326 3193 1455 3246 λαοῦ
1485 3193 1903 3264 δυσφοροῦντος,

318 3284 412 3336 ἐπί
468 3299 532 3336 τε
573 3284 644 3354 τῇ
702 3281 912 3352 ’Δρείου
964 3282 1175 3352 καθόδῳ
1233 3281 1326 3334 καὶ
1373 3283 1481 3337 τῶν
1533 3284 1666 3354 ἀμφ’
1700 3284 1903 3350 αὑτὸν,

2569 2527 2720 2582 CAP.
2765 2523 3026 2580 XXXVII.

2011 2620 2284 2686 Quomodo
2330 2628 2444 2689 post
2503 2618 2750 2689 exsiliunt
2798 2615 3080 2689 Athanasii
3141 2614 3300 2689 Arius
3463 2613 3592 2689 intra.

2081 2682 2594 2760 Constantinopolim
2649 2697 2901 2760 euocatus
2955 2686 3136 2739 turbas
3189 2683 3432 2739 excitavit
3493 2682 3592 2734 (ιιι-

2085 2776 2264 2813 υενειω
2289 2756 2656 2813 Alexandrum
2679 2758 2786 2814 ΟΡ.
2817 2756 3135 2828 episcopum.

2080 2917 2220 2970 Dum
2251 2916 2368 2969 lucc
2410 2921 2698 2982 geruntur,
2739 2913 3048 2969 tricesimus
3090 2911 3468 2982 complebatur
3499 2925 3595 2966 an-

2007 3023 2113 3062 nus
2155 3006 2372 3076 itnperii
2396 3005 2763 3059 Constantini.
2792 3006 2860 3059 Et
2890 3005 3053 3059 Arius
3078 3003 3302 3072 quidem
3330 3017 3438 3056 una
3467 3017 3592 3056 cum

2003 3097 2372 3152 sectatoribus
2398 3095 2605 3150 erroris
2637 3095 2721 3150 sui
2750 3093 3137 3149 Alexandriam
3183 3107 3475 3158 reversus,
3506 3099 3592 3146 to-

2006 3197 2116 3243 tam
2145 3189 2328 3244 denuo
2373 3187 2652 3243 civitatem
2684 3187 3053 3258 perturbavit,
3085 3201 3210 3240 cum
3262 3182 3592 3239 Alexandri-

2003 3297 2201 3336 norum
2226 3280 2462 3350 populus
2495 3287 2551 3333 et
2586 3279 2704 3334 Arii
2743 3279 2981 3333 reditum
3009 3293 3133 3334 cum
3173 3277 3358 3340 sociis,
3381 3283 3439 3329 et
3469 3279 3589 3346 epi-

319 3373 415 3429 καὶ
455 3375 541 3427 ὅτι
590 3375 621 3427 ὁ
661 3375 956 3436 ἐπίσκοπος
1002 3373 1180 3426 αὐτῶν
1215 3374 1536 3438 Ἀθανάσιος
1577 3375 1657 3438 εἰς
1686 3375 1901 3444 ἐξορίαν

2005 3374 2156 3442 scopi
2201 3373 2286 3427 sui
2334 3373 2619 3427 Athanasii
2677 3372 2932 3427 exsilium
2979 3370 3206 3424 moleste
3245 3369 3430 3422 ferret.
3479 3366 3589 3422 Im-

318 3465 653 3520 ἀπέσταλτο.
702 3465 790 3526 Ὠς
836 3465 891 3518 δὲ
932 3464 960 3515 ὁ
1007 3463 1256 3534 βασιλεὺς
1302 3465 1628 3519 ἐπυνθάνετο
1659 3465 1904 3537 διεστρά-

315 3555 456 3625 φθαι
495 3555 596 3626 τὴν
638 3554 848 3625 Ἀρείου
893 3553 1152 3626 γνώμην,
1193 3557 1584 3626 μετάπεμπτον
1630 3554 1785 3622 αὖθις
1824 3561 1904 3622 εἰς

313 3646 406 3718 τὴν
457 3645 877 3701 Κωνσταντίνου
898 3645 1050 3700 πόλιν
1079 3638 1234 3716 ἥκειν
1255 3646 1416 3699 αὐτὸν
1448 3647 1721 3710 ἐκέλευσε,
1746 3649 1904 3718 λόγον

310 3736 567 3790 δὼσιοντα
598 3729 674 3788 ὧν
703 3732 858 3799 αὖθις
894 3737 1168 3788 ἀνακινεῖν
1199 3735 1494 3805 ἐπεχείρει.
1532 3735 1825 3806 Ἐτύγχανε
1848 3736 1904 3789 δὲ

313 3829 429 3882 τότε
462 3828 570 3898 τῆς
610 3829 670 3880 ἐν
700 3827 1112 3882 Κωνσταντίνου
1147 3827 1298 3880 πόλει
1338 3827 1616 3900 προεστὼς
1651 3827 1900 3892 Ἀὶέξανο

315 3920 434 3990 δρος
482 3918 841 3988 Ἐκκλησίας,
886 3919 1255 3990 Μητροφάνην
1301 3919 1469 3972 πάλαι
1499 3919 1894 3990 διαδεξάμενος.

316 4011 520 4065 Τοῦτον
555 4009 646 4062 τὸν
677 4009 845 4082 ἄνδρα
873 4009 1095 4082 θεοφιλῆ
1125 4011 1276 4074 ὅντα,
1309 4011 1343 4081 ἡ
1375 4009 1510 4082 πρὸς
1539 4011 1757 4080 Ἀρειον
1780 4011 1899 4062 τότε

1999 3472 2222 3533 perator
2263 3479 2400 3537 vero
2457 3478 2582 3518 cum
2625 3478 2938 3533 perversam
2999 3476 3120 3518 esse
3180 3460 3292 3516 Arii
3350 3463 3589 3514 mentem

2000 3555 2322 3625 accepisset,
2351 3569 2478 3607 eum
2521 3569 2714 3608 rursus
2753 3552 3286 3623 Constantinopolim
3317 3551 3586 3613 evocavit,

2001 3649 2268 3702 rationem
2298 3645 2641 3699 redditurum
2673 3645 2958 3700 turbarum
2990 3660 3054 3700 ac
3084 3643 3418 3698 seditionum
3453 3657 3590 3712 quas

2005 3740 2188 3795 denuo
2230 3739 2510 3792 concitare
2535 3753 2826 3809 aggressus
2869 3745 3033 3792 esset.
3088 3735 3422 3791 Prmsidcbat
3459 3741 3590 3789 tunc

2001 3829 2620 3899 Constantinopolitana:
2657 3829 2916 3884 Ecclesim
2950 3827 3282 3892 Alexander,
3325 3827 3418 3896 qui
3449 3827 3591 3897 jam-

2006 3921 2218 3990 pridem
2260 3919 2607 3990 Metrophani
2649 3927 3010 3975 successerat.
3059 3919 3213 3973 Hunc
3255 3919 3434 3975 virum
3475 3919 3588 3973 Deo

2005 4011 2289 4080 acce'ptum
2329 4010 2519 4076 fuisse,
2553 4025 2622 4065 cx
2659 4013 2958 4067 certamine
3004 4011 3150 4082 quod
3189 4011 3264 4065 ilii
3309 4011 3412 4065 fuit
3458 4025 3582 4064 cum

1534 4167 1802 4223 VALESII
1839 4167 2384 4226 ANNOTATIONES.

381 4304 497 4376 (65)
564 4301 676 4376 Τοῦ
721 4302 1176 4376 συγγραφέντα
1216 4300 1377 4376 αὐτῷ
1412 4299 1908 4376 ’,βιΰᾷἐουᾏξλίΡο-ι*

311 4369 399 4429 ille
421 4369 680 4429 Marcelli
719 4369 1016 4442 inscriptus
1053 4382 1191 4436 erat,
1223 4372 1301 4425 De
1339 4371 1658 4442 subjectione
1690 4369 1904 4442 Christi,

313 4453 370 4498 ut
399 4446 578 4499 docet
603 4442 846 4498 Hilarius
874 4439 929 4496 iii
965 4443 1272 4512 fragmento
1317 4439 1446 4496 libri
1484 4442 1557 4512 De.
1589 4439 1834 4512 synodis.

295 4531 339 4584 χ
379 4513 492 4584 (64)
525 4513 640 4584 Ka}
676 4514 906 4584 ’ᾼρειος
932 4507 1200 4577 σὺν’τοῖς
1232 4513 1365 4578 περὶ
1407 4507 1632 4570 αὐτόν.⁷
1653 4518 1760 4584 etc.
1791 4507 1906 4584 _Hic

313 4578 576 4638 Socrates
605 4580 866 4635 Ruﬁnum
898 4589 1179 4636 auctorem
1206 4591 1429 4636 secutus
1448 4587 1552 4641 est,
1587 4579 1680 4649 qui
1711 4578 1904 4632 Arium

312 4661 431 4721 post
473 4651 756 4726 synodum
820 4651 1370 4723 Ilierosolymitanam
1444 4664 1729 4704 reversum
1785 4662 1908 4704 csse

2004 4304 2198 4376 scribit
2223 4304 2629 4376 Alexandriam,
2669 4321 2732 4360 ac
2758 4305 2922 4376 paulo
2948 4314 3091 4376 post,
3122 4320 3248 4376 cum
3272 4315 3418 4360 artes
3463 4306 3582 4376 ejus

2004 4374 2143 4444 nihil
2185 4375 2300 4430 illic
2337 4374 2692 4444 proﬁcerent,
2737 4374 3272 4444 Constantinopolim
3308 4376 3379 4430 ab
3412 4374 3583 4431 Eusc-

2005 4443 2098 4498 bio
2137 4460 2258 4498 esse
2287 4443 2622 4500 revocatum.
2661 4445 2766 4500 Sed
2797 4446 2912 4500 hanc
2955 4443 3138 4500 omnia
3181 4446 3316 4500 falsa
3345 4454 3494 4508 sunt,
3521 4455 3583 4500 ut

2005 4517 2410 4586 supramouui,
2439 4529 2563 4586 cum
2591 4515 2754 4586 Arius
2778 4515 2873 4586 diu
2913 4523 3040 4571 ante
3087 4515 3356 4586 synodum
3390 4514 3582 4570 Hiero-

2006 4585 2386 4656 solymitanam
2419 4584 2606 4640 vivere
2641 4584 2890 4640 desierit.

1743 4801 2130 4858 VARIORUM.

309 4935 487 4982 metro

312 4981 381 5052 no
406 4981 516 5052 515
547 4981 775 5059 habito,
795 4981 1032 5064 praefuit,
1058 4981 1233 5062 siqua
1258 4994 1392 5047 ﬁdes
1422 4981 1609 5047 libello
1632 4981 1896 5064 synodico

309 5081 470 5135 quem
496 5067 726 5135 Pappus
746 5063 948 5126 edidit;
997 5064 1228 5135 cuiufere
1251 5065 1305 5117 in
1328 5065 1430 5118 hac
1467 5073 1622 5133 parte
1654 5063 1895 5116 subscri-

311 5133 529 5203 ptiones
567 5133 738 5205 Hujus
762 5135 966 5205 synodi
1003 5133 1368 5205 suffragantur
1397 5151 1409 5186 :
1442 5143 1742 5205 utcunque,
1769 5139 1894 5205 cer-

309 5201 424 5260 tum
449 5215 538 5260 est
572 5201 1008 5276 sanctm'synodo
1035 5201 1263 5276 Nicena:
1288 5203 1442 5276 illum
1466 5203 1810 5276 interfuisse,
1837 5201 1892 5254 in

310 5290 414 5346 qua
461 5291 585 5346 pro
621 5275 729 5328 ﬁde
775 5273 1046 5328 catholica
1080 5273 1344 5346 adversus
1371 5273 1894 5346 AArianosustrcnue

310 5340 640 5415 disputavit.
677 5345 874 5398 Postea
898 5359 1052 5415 vero,
1081 5343 1212 5415 dum
1246 5343 1420 5415 impia
1460 5341 1666 5415 Asterii
1703 5340 1894 5415 sophi—

311 5412 413 5484 ειαὶ
459 5415 675 5484 scripta
713 5413 1096 5484 vehementius
1118 5413 1422 5484 refelleret,
1459 5413 1514 5484 in
1541 5412 1893 5484 contrariam

312 5481 562 5548 Sabellii,
582 5480 660 5538 'ac
713 5483 947 5553 perinde
979 5483 1129 5536 Pauli
1163 5482 1499 5538 Samosateni
1540 5481 1775 5536 haeresin
1807 5480 1894 5532 in-

312 5562 505 5624 cautus
529 5555 803 5624 impegit;
836 5553 1042 5624 docens
1065 5553 1261 5606 Filium
1288 5568 1408 5624 esse
1431 5553 1584 5618 λόγον
1629 5565 1894 5624 προςορι-

312 5623 428 5687 κόν,
480 5620 712 5678 υενὺὶιηῐ
753 5623 1104 5694 prolatitinm,
1145 5638 1247 5678 nec
1277 5623 1450 5694 _aliam
1482 5635 1695 5694 _csse_a
1735 5620 1894 5674 Patre

315 5706 636 5759 personam,
672 5687 810 5746 ἓνδέ
858 5693 950 5746 καὶ
1003 5693 1196 5746 ταύτὸν
1250 5687 1385 5744 εἶναι
1437 5691 1514 5760 τῷ
1551 5689 1896 5760 Sequanam

314 5768 472 5833 atque
501 5764 650 5818 idem
676 5781 794 5818 cum
825 5762 936 5818 Deo
955 5776 1084 5828 esse,
1115 5759 1574 5833 quemadmodum
1605 5769 1662 5816 et
1699 5759 1896 5814 huma-

568 4926 644 4980 lis
671 4933 776 4988 est,
805 4925 1117 4994 episcopus,
1169 4924 1406 4978 concilio
1453 4923 1762 4994 Ancyrano,
1787 4938 1892 4994 ian-
1925 4925 1968 4980 Ι)
1997 4936 2128 4976 num
2174 4923 2402 4977 verbum
2446 4937 2616 4977 unum
2661 4932 2843 4994 atque
2868 4921 3012 4977 idem
3061 4933 3146 4980 est
3182 4940 3307 4979 cum
3331 4924 3574 4990 homine,

1997 5008 2106 5046 non
2137 5002 2426 5061 potestate,
2451 5001 2546 5046 aut
2575 4993 2871 5062 hypostasi,
2900 5008 3002 5048 nec
3047 4995 3206 5049 aliter
3230 4995 3455 5050 omnino
3486 5011 3574 5049 se.-

1997 5063 2241 5130 parabile
2262 5103 2276 5127 ,
2317 5078 2480 5130 quam
2516 5063 2689 5117 solius
2725 5063 3061 5130 operationis
3089 5065 3311 5126 eﬂ‘ectu,
3341 5075 3448 5122 etc.
3476 5065 3576 5119 Hic

1998 5131 2093 5204 diu
2133 5133 2278 5187 inter
2305 5131 2621 5204 Catholicos
2649 5131 2887 5204 delituit,
2917 5143 2974 5204 et
3007 5135 3303 5189 Sabelliani
3346 5135 3574 5204 dogma-

2001 5201 2070 5274 tis
2107 5213 2421 5274 accusatus,
2469 5203 2576 5274 IlOC
2605 5218 2663 5274 se
2689 5203 2820 5274 _tclo
2847 5202 3112 5274 defendit,
3145 5205 3289 5274 quod
3325 5201 3574 5258 commu-

1997 5272 2162 5344 nionc
2201 5271 2636 5344 Ju‘lii,_cpiscopi
2688 5271 2941 5344 Romani,
2972 5274 3039 5328 ad
3069 5271 3230 5344 quem
3264 5275 3416 5328 exsul
3447 5289 3578 5330 con-

1999 5343 2233 5408 fugerat,
2257 5341 2664 5411 fefelleratque,
2695 5342 2940 5398 munitus
2958 5341 3121 5399 esset.
3153 5344 3394 5398 Tandem
3424 5345 3575 5398 larva

1992 5412 2272 5473 detracta,
2337 5411 2579 5466 haeretici
2623 5421 2808 5464 notam
2863 5413 2932 5466 ab
2981 5414 3238 5468 omnibus
3277 5412 3574 5468 Catholicis

1992 5481 2044 5534 ei
2105 5479 2342 5535 inustam
2414 5482 2556 5536 tulit.
2633 5481 2770 5534 Vide
2845 5483 3144 5538 Eusebium
3214 5483 3308 5536 lib.
3382 5489 3570 5535 contra

1994 5548 2344 5614 Marcellum,
2397 5562 2452 5606 et
2497 5553 2571 5606 De
2623 5551 2990 5608 ecclesiastica
3021 5552 3348 5614 Theologia,
3400 5550 3496 5603 lib.
3529 5566 3567 5611 ι,

1994 5621 2478 5760 siglageagibique
2515 5623 2736 5692 passim.
2789 5620 2954 5690 (Guil.
2987 5621 3160 5684 Cave,
3196 5616 3264 5674 ad
3291 5634 3419 5674 ann.
3442 5616 3571 5688 550,

1994 5705 2116 5762 pag.
2148 5703 2268 5747 152.
