4050 6348
399 357 504 415 175

1836 340 2176 400 SOCRATIS

3562 340 3669 399 I78

397 472 553 539 Ario,
605 468 896 543 perspicue
949 466 1287 523 declaratum
1321 472 1423 519 est.
1473 461 1605 517 Nam
1645 473 1771 514 cum
1820 456 1987 514 Arius

2095 455 2355 527 γενομένη
2391 456 2536 528 μάχη
2570 434 2856 522 ἀνέδειξεν.
2892 457 2979 523 Ὦς
3007 457 3117 530 γαρ
3138 450 3245 529 ἧκε
3283 455 3405 510 τότε
3430 456 3669 529 Ἄρειος,

402 565 534 620 illuc
566 563 825 628 venisset,
865 570 923 616 et
951 559 1188 631 populus
1211 558 1348 613 duas
1375 556 1427 608 iu
1458 551 1877 624 partesdivisus
1897 566 1983 605 cs-

399 665 507 723 set,
550 662 771 725 totaque
820 653 1014 708 civitas
1060 648 1522 710 tumultuaretur,
1556 643 1680 699 aliis
1707 642 1982 698 Nicatnam

403 748 564 804 (idem
617 747 932 803 nullatenus
972 739 1421 799 commovendam
1454 751 1575 793 esse
1635 733 1983 801 dicentibus,

401 840 523 895 aliis
562 838 880 909 opinionem
920 835 1035 890 Arii
1070 839 1275 888 rectam
1323 844 1444 886 esse
1496 825 1982 890 contendentibus,

402 934 457 988 in
498 932 766 987 maximas
804 927 1084 999 angustias
1110 924 1370 980 redactus
1411 931 1499 985 est
1542 919 1890 986 Alexander;
1921 932 1987 999 ac

401 1023 674 1094 przecipue
693 1035 759 1074 eo
779 996 926 1089 quod
950 1016 1224 1072 Eusebius
1239 1011 1679 1071 Nicomediensis
1694 996 1986 1081 episcOpus

400 1129 596 1187 graves
625 1113 675 1168 ei
703 1111 880 1166 minas
906 1110 1228 1183 iutentaret,
1255 1120 1509 1162 asserens
1535 1102 1855 1174 propediem
1882 1100 1986 1171 ipsi

399 1205 787 1275 adempturum
823 1217 883 1257 se
932 1215 1053 1255 esse
1098 1197 1468 1254 sacerdotium
1494 1236 1508 1259 ,
1546 1194 1654 1249 nisi
1697 1193 1888 1248 Arium
1931 1198 1988 1246 et

399 1298 578 1353 socios
604 1295 660 1351 iu
683 1292 1125 1353 communionem
1149 1289 1441 1362 reciperet.
1454 1287 1656 1343 Verum
1679 1285 1988 1340 Alexander

399 1403 507 1443 non
541 1396 648 1442 tam
683 1385 953 1442 sollicitus
980 1392 1101 1439 erat
1127 1382 1197 1438 de
1219 1380 1563 1437 abdicatione
1588 1392 1688 1433 sua
1731 1391 1894 1446 quam
1919 1375 1988 1431 de

398 1478 648 1533 doctrina
679 1476 808 1532 tidei
833 1490 998 1547 quam
1028 1474 1109 1530 illi
1139 1472 1465 1528 subvertere
1490 1468 1639 1524 omni
1671 1467 1854 1522 studio
1889 1481 1987 1521 eo-

349 1582 353 1588 “
400 1570 691 1624 nahautur.
743 1555 882 1624 Nam
939 1581 1067 1622 cum
1117 1565 1351 1621 Nicaeum
1398 1560 1591 1635 synodi
1634 1560 1986 1615 decretorum

399 1658 682 1716 custodem
716 1672 775 1714 se
805 1672 869 1713 ac
897 1665 1191 1728 patronum
1226 1668 1347 1709 esse
1381 1652 1639 1716 duceret,
1666 1658 1816 1705 totus
1844 1650 1898 1704 in
1933 1648 1987 1704 id

402 1749 774 1815 incumbebat,
797 1765 870 1805 ne
904 1760 992 1804 res
1012 1748 1069 1803 in
1091 1747 1186 1802 illa
1210 1744 1418 1817 synodo
1433 1743 1692 1816 iudicatae
1714 1742 1991 1797 ullatenus

2092 549 2186 602 καὶ
2211 548 2240 600 ό
2270 547 2394 613 λαὸς
2418 550 2499 612 είς
2529 548 2622 602 δύο
2650 549 2808 604 πάλιν
2843 550 3106 622 τμήματα
3124 548 3431 621 ἐμερίζετο,
3453 550 3668 621 ταραχή

2090 655 2151 692 τε
2184 639 2328 695 κατὰ
2360 640 2457 710 τὴν
2487 640 2638 695 πόλιν
2676 641 2923 711 ἐγένετο·
2959 642 3069 696 τῶν
3106 642 3204 712 μὲν
3242 642 3341 714 τὴν
3375 643 3435 695 ἐν
3464 640 3672 710 Naitaqu

2093 731 2276 786 πίστιν
2328 733 2593 803 μηδαμῶς
2648 733 3046 806 παρασαλεύειν
3099 733 3365 803 λεγόντων
3389 751 3403 765 ο
3436 733 3546 787 τῶν
3591 732 3669 795 δὲ,

2092 824 2290 895 εὔλογα
2323 827 2502 895 λέγειν
2528 826 2621 883 τὸν
2651 828 2865 899 ΙἌρειον
2885 826 3351 897 φιλονεικούντων,
3380 828 3464 890 εἰς
3480 826 3671 895 ἀγῶνα

2096 918 2351 990 μέγιστον
2383 920 2620 990 κατέστη
2671 921 2700 972 ὁ
2739 918 3083 990 Ἀλέξανδρος
3102 936 3116 948 ·
3147 920 3243 973 καὶ
3271 918 3505 989 μάλιστα
3542 916 3669 988 μὲν,

2092 1007 2175 1061 ὃτι
2215 1008 2481 1075 Εὐσέϐιος
2512 1009 2541 1062 ό
2584 1009 2952 1079 Νικομηδείας
2990 1007 3161 1064 πολλὰ
3193 1007 3460 1079 διηπείλει
3490 1005 3668 1077 αὐτῷ,

2092 1098 2267 1169 λέγων
2306 1099 2431 1153 ὅσον
2484 1098 2696 1153 οὐδέπω
2736 1099 3092 1172 καθαιρήσειν
3128 1098 3328 1165 αὐτὸν,
3370 1100 3418 1152 εἰ
3476 1098 3550 1171 μὴ
3584 1100 3673 1162 εἰς

2094 1190 2378 1245 κοινωνίαν
2408 1190 2623 1260 δέξηται
2659 1191 2749 1245 τὸν
2788 1192 3006 1264 Ἀρειον
3043 1191 3138 1245 καὶ
3168 1191 3294 1255 τοὺς
3319 1190 3457 1262 ἀμφ’
3485 1191 3669 1244 αὐτόν.

2106 1282 2442 1355 Ἀλεξάνδρῳ
2464 1283 2523 1337 δὲ
2542 1285 2602 1337 οὐ
2631 1282 2884 1337 τοσοῦτον
2908 1284 3038 1354 περὶ
3057 1282 3429 1354 καθαιρέσεως
3453 1281 3668 1352 ἔμελεν,

2093 1375 2219 1429 ὅσον
2262 1375 2453 1429 ἐδεδίει
2493 1376 2587 1429 ἐπὶ
2627 1377 2693 1447 τῇ
2741 1375 3158 1448 σπουδαζομένη
3219 1374 3524 1447 παραλύσει
3575 1374 3673 1428 τοῦ

2090 1469 2381 1541 δόγματος.
2420 1468 2641 1522 Φύλακα
2682 1468 2792 1540 γὰρ
2835 1469 3026 1523 ἑαυτὸν
3064 1468 3173 1521 τῶν
3212 1469 3355 1540 ὅρων
3399 1467 3500 1538 τῆς
3544 1484 3671 1520 συν-

2094 1560 2216 1615 όδου
2260 1561 2531 1632 νομίζων,
2562 1562 2814 1625 παντοῖος
2858 1560 3067 1630 ἐγίνετο
3116 1560 3190 1632 μὴ
3241 1558 3677 1631 παρατρωθῆναι

2095 1653 2220 1715 τοὺς
2263 1653 2474 1718 τύπους
2528 1653 2718 1723 αὐτῆς.
2760 1653 2852 1707 Ἐν
2902 1652 3075 1724 ταύτῃ
3132 1651 3312 1707 τοίνυν
3338 1654 3404 1723 τῇ
3464 1651 3676 1722 ἀγωνίᾳ

2096 1742 2411 1809 καθεστὼς,
2461 1744 2674 1816 χαίρειν
2730 1744 2900 1798 πολλὰ
2960 1745 3176 1815 φράσας
3215 1746 3282 1815 τῇ
3327 1743 3672 1813 διαλεκτικῇ,

402 1839 889 1897 labefactarcntur.
938 1837 998 1894 In
1035 1835 1204 1892 tantis
1244 1835 1414 1906 igitur
1453 1831 1721 1904 angustiis
1750 1831 1985 1901 positus,

2095 1836 2425 1909 προσ-φεύγει
2451 1835 2572 1908 Θεῷ
2593 1851 2608 1867 ’
2643 1835 2738 1889 καὶ
2772 1836 3048 1907 νηστείαις
3084 1837 3185 1907 μὲν
3209 1835 3490 1906 συνεχέσιν
3520 1835 3677 1906 ὲσχόο

402 1930 609 1987 omisso
634 1928 935 1985 dialecticae
960 1927 1098 1983 artis
1125 1925 1409 1997 praesidio,
1426 1924 1494 1979 ad
1518 1923 1688 1979 Deum
1724 1921 1989 1992 confugit.

403 2021 482 2075 Ae
532 2019 812 2076 continuis
857 2018 1079 2091 quidem
1127 2015 1354 2088 ieiuniis
1395 2029 1593 2071 vacare
1643 2013 1832 2084 coapit,
1886 2027 1992 2081 nec

406 2111 579 2167 ullum
603 2111 800 2168 orandi
820 2110 1045 2166 modum
1078 2107 1452 2181 praetermisit.
1484 2106 1614 2162 Tale
1640 2122 1774 2161 vero
1806 2104 1991 2160 consi—

404 2204 540 2260 lium
566 2196 752 2260 animo
805 2203 1086 2274 concepit,
1121 2210 1180 2258 et
1222 2200 1370 2273 quod
1415 2200 1813 2263 constituerat,
1837 2200 1990 2254 clan-

404 2298 530 2353 culo
549 2297 801 2369 perfecit.
832 2296 896 2352 In
925 2294 1160 2351 ecclesia
1191 2309 1314 2365 qua:
1346 2293 1766 2364 cognominatur
1804 2291 1988 2357 lrene,

403 2405 465 2445 se
495 2389 673 2445 solum
701 2387 960 2454 inclusit;
982 2392 1040 2442 et
1066 2385 1349 2457 ingressus
1373 2382 1443 2438 ad
1482 2382 1677 2447 altare,
1699 2382 1804 2437 sub
1835 2396 1991 2437 saera

404 2498 595 2539 mensa
616 2497 854 2554 pronum
886 2493 947 2536 se
975 2479 1130 2535 humi
1162 2478 1483 2549 prostravit,
1516 2477 1629 2533 Deo
1655 2492 1780 2532 cum
1812 2475 1991 2548 lacry-

404 2574 510 2629 mis
551 2572 888 2645 supplicans.
934 2569 1045 2643 74.
1089 2569 1269 2640 Atque
1314 2561 1420 2624 hoc
1468 2567 1659 2623 multis
1693 2565 1889 2621 diebus
1929 2580 1993 2621 ac

403 2664 662 2720 noctibus
694 2661 1032 2719 continuatis
1051 2659 1247 2732 ‘gessit.
1283 2659 1457 2715 Porro
1501 2657 1659 2729 petiit
1698 2673 1729 2712 a
1764 2657 1907 2722 Deo,
1932 2663 1991 2711 et

403 2754 553 2825 quod
572 2753 809 2825 petierat
824 2751 1055 2822 accepit.
1080 2750 1282 2806 Petitio
1299 2757 1484 2805 autem
1502 2755 1625 2804 erat
1641 2748 1953 2819 huiusmodi
1971 2765 1985 2799 :

404 2856 490 2915 ut,
518 2848 564 2903 si
593 2845 817 2917 quidem
847 2853 1001 2901 recta
1037 2851 1185 2899 esset
1211 2841 1328 2897 Arii
1361 2840 1655 2907 sententia,
1691 2839 1805 2910 ipse
1840 2840 1987 2896 diem

403 2935 789 3008 disceptationi
816 2933 1184 3007 praestitutum
1227 2944 1575 3002 nequaquam
1620 2929 1866 2998 videret;
1900 2930 1986 2986 sin

2087 1929 2216 1995 λαζε
2233 1969 2247 1995 ,
2268 1930 2363 1983 καὶ¹
2383 1929 2476 1982 τοῦ
2497 1926 2897 2000 προσεύχεσθαι
2916 1928 3104 1983 οὐδένα
3126 1928 3327 1999 τρόπον
3354 1925 3673 1998 παρέλειπε.

2089 2023 2200 2077 Καὶ
2231 2022 2296 2094 δὴ
2324 2021 2536 2076 τοιοῦτο
2565 2021 2819 2092 ἐνθύμιον
2845 2016 2983 2091 εἶχε,
3009 2022 3102 2074 καὶ
3130 2020 3308 2074 λαθὼν
3338 2018 3584 2072 ἐπετέλει
3607 2018 3678 2073 τὰ

2087 2115 2336 2181 δόξαντα.
2368 2115 2456 2168 Ἐν
2477 2117 2545 2186 τῇ
2571 2114 2837 2185 ἐκκλησίᾳ
2943 2113 3228 2182 ἐπώνυμον
3257 2113 3488 2184 Εἰρήνη,
3514 2111 3680 2182 μόνον

2089 2207 2282 2262 ἑαυτὸν
2324 2206 2722 2262 κατάκλειστον
2757 2207 2991 2277 ποιήσας
3010 2246 3024 2271 ,
3055 2207 3147 2259 καὶ
3180 2206 3260 2268 είς
3288 2204 3349 2258 τὸ
3379 2203 3679 2273 θυσιαστή-

2092 2317 2207 2373 ριον
2251 2297 2543 2361 εἰσελθὼν,
2588 2298 2693 2353 ὑπὸ
2715 2298 2814 2370 τὴν
2848 2298 2999 2370 ἱερὰν
3032 2296 3313 2369 τράπεζαν
3342 2294 3451 2365 (65)
3485 2294 3678 2347 ἑαυτὸν

2090 2391 2184 2445 ἐπὶ
2239 2391 2416 2462 στόμα
2462 2390 2743 2457 ἐκτείνας,
2787 2389 3005 2461 εὔχεται
3047 2388 3318 2461 δακρύων.
3348 2387 3571 2450 Νύκτας
3616 2403 3678 2439 τε

2091 2479 2292 2545 πολλὰς
2339 2479 2539 2552 ἐφεξῆς
2586 2481 2682 2534 καὶ
2731 2480 2949 2552 ἡμέρας
2998 2479 3156 2534 τοῦτο
3210 2478 3379 2533 ποιῶν
3425 2478 3673 2531 διετέλει.

2080 2570 2312 2643 ,ᾘτεῖτο
2331 2570 2439 2641 γὰρ
2464 2569 2616 2642 παρὰ
2639 2569 2774 2623 Θεοῦ
2798 2569 2892 2623 καὶ
2920 2568 3246 2639 ἐλάμϐανεν.
3284 2567 3349 2622 Ἦ
3381 2567 3436 2620 δὲ
3458 2566 3679 2637 αἴτησις

2092 2654 2161 2730 ἦν
2188 2659 2412 2731 τοιαύτη
2444 2670 2491 2699 α’
2536 2662 2587 2717 εἰ
2624 2660 2722 2731 μὲν
2750 2659 2956 2732 ἀληθὴς
2989 2661 3023 2730 ή
3067 2659 3275 2729 ’Δρείου
3302 2658 3449 2724 δόξα,
3484 2658 3680 2713 ἑαυτὸν

2094 2750 2192 2824 τὴν
2235 2751 2546 2825 ὡρισμένην
2574 2752 2787 2824 ἡμέραν
2815 2754 2880 2823 τῇ
2941 2751 3233 2824 συζητήσει
3285 2751 3361 2822 μὴ
3407 2750 3635 2821 δψεσθαι
3660 2766 3675 2781 ο

2095 2845 2145 2896 εί
2188 2842 2245 2897 δὲ
2284 2844 2352 2916 ἢν
2395 2844 2558 2908 αὐτὸς
2595 2843 2708 2915 ἔχει
2755 2844 2970 2910 πίστιν,
3015 2843 3255 2917 ἀληθὴς,
3313 2845 3531 2916 Ἀρειον
3573 2843 3678 2913 τῆς

2094 2934 2351 2999 ἀσεϐείας
2372 2934 2528 3007 δίκην
2547 2935 2775 3002 διδόναι,
2791 2936 2883 2989 τὸν
2907 2935 3122 2990 πάντων
3141 2934 3314 2990 αἴτιον
3336 2934 3444 2988 τῶν
3467 2934 3681 2992 κακῶν.

402 3046 534 3088 vera
561 3037 707 3085 esset
729 3027 864 3085 ﬁdes
881 3041 1046 3099 quam
1068 3026 1185 3097 ipse
1207 3023 1581 3096 proﬁteretur,
1610 3032 1672 3078 ut
1692 3022 1856 3080 Arius
1876 3024 2175 3097 impietatis
2190 3042 2414 3100 pennam
2469 3028 2670 3095 lueret,
2692 3029 2897 3101 quippe
2951 3029 3046 3099 qui
3103 3028 3349 3083 omnium
3409 3026 3681 3090 malorum

403 3130 598 3179 auctor
626 3128 793 3179 esset.

953 3232 1105 3290 CAP.
1173 3230 1461 3287 XXXVIII.

986 3321 1066 3377 De
1096 3329 1262 3376 morte
1286 3320 1422 3376 Arii.

478 3418 549 3477 Et
589 3416 707 3472 haec
732 3413 957 3487 quidem
989 3411 1321 3485 precabatur
1370 3409 1699 3468 Alexander.
1751 3411 1995 3485 Impera-

411 3517 501 3566 tor
528 3521 665 3564 vero
693 3519 818 3561 cum
853 3502 972 3559 Arii
1004 3501 1314 3572 periculum
1341 3499 1524 3555 facere
1556 3501 1755 3569 vellet,
1777 3516 1906 3557 cum
1939 3502 1997 3558 in

412 3598 677 3674 palatium
710 3594 947 3650 accitum
977 3590 1357 3663 interrogavit,
1392 3607 1525 3647 num
1550 3590 1789 3649 decretis
1817 3593 1997 3650 Nicae-

411 3708 500 3749 na:
545 3689 674 3749 ﬁdei
712 3685 1073 3744 consentiret.
1119 3676 1215 3740 Ille
1266 3683 1406 3739 nihil
1458 3692 1786 3752 cunctatus,
1827 3685 1999 3743 alacri

411 3783 597 3839 animo
630 3794 819 3836 coram
864 3778 1197 3850 imperatore
1244 3775 1611 3848 subscripsit,
1661 3793 1725 3833 ea
1775 3793 1898 3849 qua:
1929 3778 1999 3834 de

413 3875 522 3931 nde
553 3873 610 3929 in
641 3871 878 3928 concilio
907 3876 1114 3926 statuta
1152 3867 1409 3936 fuerant,
1432 3868 1632 3926 callide
1663 3869 1996 3927 ludiﬁcatus.

411 3967 662 4038 Cumque
709 3966 843 4037 imp.
878 3963 1244 4020 admiratione
1274 3969 1489 4034 captus,
1514 3963 1878 4035 jurejurando
1911 3963 1999 4019 in-

411 4073 580 4131 super
604 4073 734 4115 eum
765 4056 1035 4128 adigeret,
1058 4055 1148 4111 ille
1180 4070 1279 4125 per
1314 4054 1564 4110 fraudem
1597 4070 1663 4111 ac
1691 4056 1998 4111 simulatio-

412 4166 540 4208 nem
566 4150 714 4207 istud
738 4150 906 4206 etiam
942 4147 1214 4220 praestitit.
1254 4146 1429 4203 Porro
1450 4146 1602 4203 fraus
1635 4162 1700 4204 ac
1724 4147 2000 4205 simulatio

412 4258 522 4314 qua
550 4256 686 4297 usus
725 4247 811 4296 est
850 4240 908 4295 in
958 4237 1393 4304 subscribendo,
1444 4238 1589 4294 sicut
1629 4239 1746 4311 ipse
1785 4241 1999 4312 accepi,

414 4332 733 4404 huiusmodi
778 4331 924 4387 fuit:
964 4328 1295 4401 Opinionem
1327 4345 1481 4387 suam
1520 4331 1685 4387 Arius
1722 4331 1780 4387 in
1809 4332 2002 4388 charta

2678 3237 2931 3291 ΚΕΦΛΛ.
2971 3237 3100 3291 AII'.

2450 3327 2591 3397 Περὶ
2622 3329 2732 3383 τοῦ
2774 3327 3038 3384 θανάτου
3082 3328 3321 3400 Ἀρείου.

2171 3419 2412 3475 Τοιαῦτα
2452 3422 2552 3493 μὲν
2580 3417 2674 3477 οὖν
2714 3421 3060 3494 Ἀλέξανδρος
3084 3421 3305 3495 ηὔχετο.
3342 3423 3398 3477 '0
3427 3422 3684 3494 βασιλεὺς

2099 3512 2157 3568 δὲ
2189 3513 2498 3586 ἀπόπειραν
2537 3512 2749 3587 ’Δρείου
2785 3514 3119 3586 ποιήσασθαι
3153 3514 3457 3586 βουληθεὶς.
3484 3518 3579 3571 ἐςτί
3612 3519 3685 3572 τὰ

2101 3603 2351 3675 βασίλεια
2405 3605 2568 3661 αὐτὸν
2618 3605 3070 3677 μεταπέμπεται,
3119 3605 3311 3679 ἠρώτα
3356 3624 3418 3661 τε
3468 3608 3517 3661 εἰ
3567 3610 3683 3672 τοῖς

2098 3695 2245 3767 ὂροις
2279 3696 2480 3765 στοιχεῖ
2517 3695 2617 3761 τῆς
2650 3696 2712 3749 ἐν
2736 3696 2942 3767 Νικαίᾳ
2971 3697 3211 3751 συνόδου.
3255 3697 3314 3751 '0
3348 3697 3405 3751 δὲ
3442 3698 3687 3769 ἑτοίμως

2102 3786 2270 3858 μηδὲν
2313 3787 2608 3859 μελλήσας,
2640 3789 2727 3841 ἐπ’
2768 3787 2935 3842 αὑτοῦ
2985 3788 3273 3860 ὑπέγραφε
3305 3789 3372 3845 τὰ
3411 3789 3540 3861 περὶ
3578 3790 3682 3858 τῆς

2099 3877 2338 3941 πίστεως
2372 3878 2659 3950 ὁρισθέντα
2693 3880 3072 3949 σοφισάμενος.
3104 3880 3212 3933 Καὶ
3237 3882 3266 3933 ό
3299 3880 3398 3950 μὲν
3426 3878 3685 3950 βασιλεὺς

2100 3971 2423 4043 θαυμάσας,
2479 3973 2574 4026 καὶ
2622 3973 2787 4045 ὅρκον
2828 3973 3120 4044 ἐπέφερεν.
3173 3974 3231 4024 ’0
3283 3971 3340 4026 δὲ
3384 3972 3479 4026 καὶ
3521 3970 3687 4027 τοῦτο

2103 4063 2454 4134 σοφιζόμενος
2493 4065 2702 4117 ἐποίει·
2730 4064 2850 4117 τίνα
2877 4064 2933 4116 δὲ
2967 4065 3165 4135 τρόπον
3193 4064 3510 4135 ὲτεχνάζετο
3542 4065 3682 4136 γρά-

2102 4171 2237 4224 φων,
2265 4154 2342 4218 ὡς
2375 4155 2606 4226 ἥκουσα,
2641 4154 2754 4209 ἔστι
2786 4149 2992 4209 ταῦτα’
3012 4155 3407 4226 Καταγράψας,
3440 4156 3624 4227 φησιν,
3652 4158 3686 4210 ὁ

2106 4246 2323 4317 ΙέΑρειος
2351 4248 2409 4300 ἐν
2453 4247 2628 4319 χάρτῃ
2655 4246 2722 4319 ἢν
2764 4245 2877 4317 εἶχε
2900 4245 3079 4314 δόξαν,
3113 4248 3217 4301 ὑπὸ
3255 4247 3433 4319 μάλης
3462 4246 3680 4319 ἔφερεν.

2106 4337 2281 4406 Ὠμνυ
2308 4353 2370 4389 τε
2397 4336 2612 4408 ἀληθῶς
2642 4335 2785 4391 οὕτω
2814 4341 3048 4409 φρονεῖν,
3081 4339 3158 4403 ὡς
3189 4340 3284 4393 καὶ
3311 4336 3682 4410 γεγραφηκὼς

414 4423 786 4494 conscriptam
833 4436 1034 4494 gerens
1059 4461 1075 4487 ,
1123 4420 1228 4476 sub
1274 4421 1360 4477 ala
1403 4422 1736 4479 occultabat.
1787 4423 1992 4481 Iuravit

2102 4427 2210 4499 εἴη.
2249 4427 2422 4481 Τοῦτο
2446 4429 2546 4500 μὲν
2574 4424 2668 4483 οὖν
2700 4428 2845 4483 οὕτω
2885 4430 3239 4500 γεγενῆσθαι,
3286 4430 3428 4501 ἀκοῇ
3462 4430 3683 4501 γράψας

414 4529 550 4585 ergo
579 4527 639 4568 se
674 4527 744 4568 ex
783 4511 970 4567 animo
1001 4511 1078 4566 ita
1111 4512 1320 4568 sentire
1351 4511 1431 4568 uti
1471 4513 1791 4584 scripserat.
1820 4513 1992 4585 Atque

2104 4515 2234 4590 ἔχω.
2265 4517 2388 4572 Ὅτι
2418 4519 2600 4589 μέντοι
2631 4519 2727 4573 καὶ
2759 4519 2921 4590 ὅρκον
2949 4520 3189 4591 ἐπέθηκε
3217 4522 3331 4583 τοῖς
3361 4521 3682 4591 γραφεῖσιν,

416 4604 524 4659 hoc
546 4603 769 4674 quidem
798 4602 870 4657 ita
896 4608 1110 4673 gestum
1135 4602 1334 4669 fuisse,
1354 4603 1496 4659 fama
1529 4611 1741 4659 tantum
1765 4613 1822 4661 et
1847 4606 2003 4661 audi-

419 4697 567 4752 tione
607 4695 816 4766 accepi.
851 4694 1009 4762 Quod
1040 4709 1177 4751 vero
1209 4694 1604 4767 subseriptioni
1635 4697 1800 4753 etiam
1826 4698 2008 4770 iusiu-

421 4783 655 4839 randum
679 4783 963 4856 adiecerit,
996 4784 1052 4839 id
1076 4799 1144 4840 ex
1173 4784 1525 4856 imperatoris
1542 4785 1792 4858 epistolis
1816 4787 2005 4844 didici.

2103 4609 2167 4661 ἐκ
2182 4606 2289 4662 τῶν
2302 4607 2600 4675 ἐπιστολῶν
2614 4609 2708 4663 τοῦ
2726 4609 2984 4682 βασιλέως
3000 4609 3340 4682 ἀνελεξάμην
3356 4625 3370 4640 ο
3384 4608 3686 4675 πιστεύσας

2101 4700 2158 4754 δὲ
2191 4701 2222 4754 ό
2255 4700 2543 4772 βασιλεὺς,
2588 4702 2843 4774 δεχθῆναι
2883 4703 3044 4756 αὑτὸν
3097 4702 3203 4757 ὑπὸ
3242 4702 3338 4757 τοῦ
3380 4703 3687 4757 ἐπισκόπου

2102 4791 2516 4848 Κωνσταντίνου
2574 4795 2784 4858 πόλεως
2862 4794 3212 4865 Ἀλεξάνδρου
3257 4797 3337 4859 εἰς
3395 4788 3717 4850 κοινωνίαν“

422 4876 565 4930 Tum
616 4889 748 4931 vero
796 4875 1098 4947 imperator
1138 4874 1303 4933 ﬁdem
1344 4876 1553 4934 habens
1593 4876 1757 4944 Ario,
1786 4879 1992 4937 manda:

2100 4883 2413 4945 ἐκέλευσεν.
2445 4884 2731 4939 Σαϐϐάτου
2758 4884 2814 4940 δὲ
2837 4881 2905 4957 ἦν
2935 4886 3056 4941 τότε
3081 4884 3297 4958 ἡμέρα·
3331 4888 3424 4941 καὶ
3452 4889 3520 4959 τῇ
3550 4887 3686 4957 ἑξῆς

419 4966 731 5024 Alexandro
754 4964 1364 5039 Constantinopolitano
1387 4970 1650 5042 episcopo
1678 4978 1741 5026 ut
1765 4970 1918 5027 illum
1953 4972 1992 5027 i1

2105 4973 2409 5045 προσεδόκα
2468 4975 2800 5045 συνάγεσθαι
2833 4992 2847 5007 ·
2886 4976 3011 5048 δίκη
3066 4977 3124 5031 δὲ
3169 4977 3529 5048 ἐπηκολούθει
3571 4980 3689 5042 τοῖς

421 5059 868 5116 communionem
918 5060 1212 5131 reciperet.
1261 5059 1395 5116 Erat
1433 5068 1549 5117 tum
1594 5060 1716 5118 dies
1759 5062 2012 5131 sabbati,

2122 5064 2334 5138 ’Δρείου
2372 5068 2740 5140 τολμήμασιν.
2783 5069 2872 5134 Ὧς
2898 5068 3006 5143 γὰρ
3047 5068 3237 5140 ἐξῆλθε
3270 5070 3368 5142 τῆς
3401 5068 3687 5142 βασιλικῆς

584 5288 589 5303 ρ
1507 5297 1520 5303 _
1633 5215 1905 5273 VALESII
1940 5215 2492 5278 ANNOTATIONES.

518 5297 803 5391 65):sz
826 5307 943 5377 τὴν
970 5309 1135 5391 lepor
1158 5309 1466 5378 τράπεζαν.
1484 5297 1754 5391 Balteus,
1794 5327 1863 5370 ex
1887 5327 1992 5385 quo

2095 5330 2157 5370 ec
2218 5314 2525 5387 desumpsit
2586 5315 2861 5385 Socrates,
2891 5319 3081 5379 aittub
3109 5319 3281 5375 altari
3296 5320 3508 5391 iacens.
3535 5318 3688 5375 Idem

427 5379 595 5438 habet
616 5379 959 5440 Sozomenus
986 5380 1042 5436 in
1071 5379 1221 5436 libro
1249 5397 1307 5449 ιι,
1335 5396 1456 5453 cap.
1483 5379 1572 5438 29.

1854 5530 2240 5590 VARIORUM.

499 5630 525 5664 ε
562 5622 631 5679 ἠ
657 5620 728 5694 δὲ
749 5621 995 5694 αιτησις
1036 5618 1402 5694 ἦν’-τοιαύτη.
1448 5623 1547 5680 liis
1592 5624 1907 5694 consimilia
1932 5625 2002 5681 de

431 5689 729 5764 Alexandri
772 5689 1071 5764 precibus,
1105 5692 1283 5764 deque
1342 5693 1458 5748 Arii
1513 5693 1668 5764 exitu
1723 5694 2002 5752 habentur

428 5760 573 5831 apud
609 5756 966 5821 Athanasium
991 5756 1301 5835 in‘cpisiola
1325 5763 1395 5820 ad
1423 5763 1796 5837 Serapionem.
1825 5766 1935 5821 vol.
1957 5766 2001 5821 ι.

2074 5616 2079 5619 Χ
2108 5642 2233 5711 pag.
2275 5626 2399 5684 540.
2426 5627 2690 5711 Eamdcm
2724 5629 3023 5711 historiam
3042 5631 3690 5711 paucisiuepistolaad

2109 5698 2659 5787 ἒιὲἱξςίξροειὲεννιί
2706 5698 2987 5787 οι.ιι.ί¹)νω
3033 5698 3292 5787 διεδέδετο
3330 5698 3690 5787 meum»

2106 5769 2318 5831 n’asius'.
2354 5769 2927 5829 Periit'autem'Arius
2962 5788 3105 5830 anno
3132 5769 3354 5830 circiter
3390 5772 3521 5830 556.
