4050 6348
314 413 414 472 177

1307 428 1632 489 ΗΙΞΤΟΒΙΑ
1672 421 2225 498 ECCLesus'neA.
2267 475 2335 483 —
2372 444 2500 500 LIB.
2545 446 2582 499 ι.

3469 447 3572 504 178

307 537 495 636 aii-171;,
525 539 904 636 ἐδορυςρορεῖτο
941 543 1045 616 μὲν
1074 546 1180 600 ὑπὸ
1216 548 1328 603 τῶν
1363 551 1490 623 περὶ
1524 554 1784 612 Εὐσέϐιον
1803 559 1875 616 an

1994 563 2261 633 postridie
2279 579 2414 621 vero
2433 565 2689 636 sperabat
2712 563 2884 621 Arius
2904 578 2964 621 se
2990 565 3046 621 in
3071 565 3303 622 ecclesia
3329 580 3456 623 cum
3481 586 3572 626 rc—

309 629 486 699 μέσης
513 632 636 685 τότε
670 633 772 703 τῆς.
799 636 1008 702 πόλεως
1027 677 1042 702 ,
1088 641 1389 711 περίοπιτός⁸
1404 661 1464 696 τε
1499 640 1586 716 ἦν.
1625 649 1734 703 Καὶ
1764 651 1888 706 ἐπεὶ

305 721 522 789 ἐγένετο
559 724 787 796 πλησίον
814 727 914 797 τῆς
934 728 1326 803 ἐπιλεγομένης
1359 734 1562 806 ἀγορᾶς
1597 739 1888 795 Κωνστανο

302 811 449 866 τίνου
468 854 485 880 ,
508 814 640 870 ἔνθα
661 819 1030 891 όπορφυροῦς
1050 821 1264 893 ἵδρυται
1284 823 1439 893 κίων,
1463 828 1626 896 φόόος
1654 829 1716 884 ἐκ
1741 847 1887 898 τινος

304 906 609 971 συνειδότος
629 913 846 980 κατεῖχε
875 911 968 966 τὸν
997 913 1214 984 Ἄρειον
1235 931 1250 947 ·
1279 915 1377 971 σύν
1407 935 1465 971 τε
1481 917 1560 990 τῷ
1581 921 1734 991 φόϐῳ
1751 963 1765 985 ,
1787 924 1885 995 τῆς

300 996 540 1067 γαστρὸς
594 1001 826 1055 ἐκινεῖτο
878 1003 1150 1074 χαύνωσις
1181 1023 1194 1036 ο
1259 1008 1517 1079 ἐρόμενός
1568 1029 1628 1066 τε
1677 1014 1788 1085 (66)
1837 1019 1885 1070 εί

303 1087 554 1160 ἁφεδρών
583 1108 688 1144 που
737 1093 995 1164 πλησίον,
1033 1096 1222 1166 μαθών
1256 1116 1313 1152 τε
1361 1099 1500 1156 εἶναι
1535 1103 1762 1159 ὄπισθεν
1784 1107 1885 1176 τῆς

301 1178 506 1250 ἀγορᾶς
532 1182 969 1252 Κωνσταντίνου,
996 1189 1174 1242 ἐκεῖσε
1196 1190 1461 1256 ἐϐάδιζεν.
1484 1195 1766 1266 Λαμδάνει
1790 1194 1887 1253 οὖν

301 1270 603 1343 λιποθυμία
642 1275 744 1328 τὸν
766 1275 1054 1347 ἄνθρωπον
1073 1296 1088 1312 ⁶
1119 1281 1216 1335 καὶ
1246 1282 1361 1353 ἅμα
1390 1287 1502 1348 τοῖς
1529 1286 1883 1359 διαχωρήμαο

305 1379 386 1415 σιν
415 1366 448 1434 η
479 1365 612 1434 ’έδρα
639 1367 759 1420 τότε
792 1370 1105 1440 παραυτίκα
1132 1373 1386 1428 ἐκπίπτει
1418 1375 1568 1448 (67),
1595 1379 1689 1432 καὶ
1717 1380 1884 1451 αἷμα-

304 1466 392 1518 τος
426 1456 635 1527 πλῆθος
665 1459 1043 1530 ἐπηκολούθει,
1075 1465 1170 1517 καὶ
1190 1465 1258 1518 τὰ
1286 1465 1465 1520 λεπτὰ·
1483 1467 1592 1522 τῶν
1622 1471 1878 1542 ἐντέρων.

305 1543 601 1617 Συνέτρεχε
624 1547 678 1600 δὲ
695 1544 835 1620 αἷμα
855 1550 1004 1622 αὑτῷ
1030 1553 1226 1623 σπληνί
1254 1571 1312 1609 τε
1337 1557 1429 1610 καὶ
1452 1557 1624 1628 ἥπατι
1644 1576 1656 1589 ·
1683 1559 1882 1614 αὐτίκα

300 1633 391 1690 οὖν
430 1640 732 1712 ἐτεθνήκει.
781 1642 842 1699 '0
876 1643 933 1696 δέ
966 1644 1216 1717 ἀφεδρὼν
1245 1648 1374 1718 ἄχρι
1407 1648 1503 1702 νῦν
1533 1651 1592 1703 ἐν
1620 1652 1687 1722 τῇ
1721 1650 1878 1704 Κων-

303 1729 582 1782 σταντίνου
632 1731 786 1784 πόλει
834 1732 1135 1800 δείκνυται,
1178 1735 1256 1800 ὡς
1301 1737 1469 1809 ἔφην,
1512 1737 1735 1794 ὄπισθεν
1781 1741 1880 1812 τῆς

301 1820 505 1888 ἀγορᾶς
533 1822 970 1890 Κωνσταντίνου,
1002 1825 1210 1880 καὶτοῦ
1242 1829 1298 1880 ἐν
1324 1831 1389 1900 τῇ
1424 1832 1554 1900 στοᾷ
1586 1832 1875 1901 μακέλλου-

1989 652 2156 723 liquis
2182 652 2438 710 ﬁdelibus
2468 662 2889 709 conventurum.
2925 656 3030 710 Sed
3062 656 3295 725 perditis
3321 657 3436 712 Arii
3475 674 3571 714 eo-

1987 743 2210 798 natibus
2238 743 2422 798 divina
2446 745 2584 799 ultio
2609 745 2720 814 jam
2753 745 3008 800 instabat.
3038 746 3304 816 Egressus
3326 749 3476 802 enim
3504 765 3571 804 ex

1987 833 2256 904 imperiali
2291 836 2514 906 palatio,
2549 836 2876 892 Eusebianis
2902 837 3199 891 satellitum
3232 838 3404 893 instar
3442 854 3569 894 eum

1985 926 2342 996 stipantibus,
2370 943 2468 996 per
2496 927 2733 982 mediam
2766 927 3044 982 civitatem
3089 928 3373 998 magniﬁce
3417 930 3570 985 ince-

1985 1010 2174 1077 debat,
2215 1015 2464 1068 omnium
2499 1015 2694 1069 oculos
2736 1015 2792 1069 in
2831 1031 2888 1069 se
2929 1024 3276 1071 convertens.
3322 1016 3572 1088 Cumque

1985 1103 2225 1157 venisset
2241 1105 2399 1174 juxta
2428 1103 2608 1157 forum
2639 1103 2788 1174 quod
2819 1103 3024 1159 dicitur
3058 1103 3434 1171 Constantini,
3460 1122 3571 1176 quo

1971 1191 2042 1260 in
2062 1193 2183 1249 loco
2203 1202 2384 1249 statua
2407 1194 2792 1266 porpliyretica
2817 1195 2994 1264 posita
3019 1203 3123 1260 est,
3147 1202 3324 1251 terror
3345 1196 3568 1266 quidam

1983 1297 2048 1338 ex
2099 1284 2441 1340 conscientia
2492 1285 2764 1365 scelerum
2806 1284 2858 1340 ei
2904 1285 3167 1340 subortus
3195 1294 3313 1352 est;
3349 1295 3406 1341 ct
3442 1301 3566 1340 cum

1985 1383 2199 1430 terrore
2236 1377 2398 1432 simul
2442 1376 2596 1432 alvus
2625 1377 2881 1432 relaxata.
2927 1377 3394 1448 Percontatusque
3434 1395 3566 1436 num

1984 1468 2040 1522 in
2073 1468 2322 1538 proximo
2361 1476 2548 1524 essent
2587 1468 2836 1533 latrinae,
2878 1482 3003 1522 cum
3051 1475 3176 1537 post
3223 1467 3565 1524 Constantini

1982 1559 2162 1614 forum
2186 1574 2306 1615 esse
2328 1559 2633 1624 didicisset,
2656 1559 2787 1614 illuc
2810 1557 3073 1629 perrexit.
3109 1557 3230 1612 Mox
3256 1560 3439 1615 animo
3465 1559 3561 1616 de-

1982 1649 2149 1705 ﬁcere
2173 1652 2360 1720 ccepit,
2383 1659 2440 1706 et
2473 1665 2582 1705 una
2613 1665 2739 1705 cum
2771 1650 3140 1705 excrementis
3169 1665 3309 1705 anus
3334 1651 3436 1720 ipsi
3465 1651 3564 1706 de-

1982 1741 2186 1796 labitur
2211 1758 2226 1809 ;
2257 1751 2313 1795 et
2343 1741 2395 1795 id
2423 1740 2570 1810 quod
2596 1739 2797 1795 medici
2833 1748 3032 1794 vocant
3061 1739 3402 1809 ἀπέφθισμα,
3433 1757 3560 1810 ρων

1983 1832 2133 1885 tinus
2170 1847 2269 1901 per
2311 1847 2477 1886 anum
2528 1829 2754 1885 decidit.
2800 1828 3105 1884 Subsccuta
3149 1837 3233 1884 est
3285 1830 3565 1901 sanguinis

301 1913 520 1966 πάντων
555 1931 614 1966 τε
642 1914 752 1968 τῶν
783 1917 1089 1988 παριόντων
1123 1922 1446 1992 ἐγειρόντων
1466 1922 1726 1978 δάκτυλον
1756 1926 1875 1978 κατ’

1980 1923 2135 1992 copia
2149 1963 2164 1986 ,
2186 1937 2249 1976 ac
2271 1930 2550 1992 postremo
2569 1920 2754 1976 tenuia
2776 1920 3032 1975 intestina
3048 1920 3210 1974 simul
3231 1935 3358 1975 cum
3379 1920 3565 1991 splene

299 2000 497 2065 αὑτοῦ,
561 2003 1030 2075 ἀειμνημόνευτον
1100 2009 1188 2062 τοῦ
1253 2010 1483 2066 θανάτου
1537 2014 1626 2068 τὸν
1681 2016 1882 2087 τρόπον

299 2093 764 2165 ἀπεργαζόμενος.
791 2098 991 2152 Τούτου
1022 2102 1338 2173 γενομένου,
1366 2103 1528 2172 φόϐος
1551 2107 1644 2160 καὶ
1673 2108 1882 2176 ἀγωνία

299 2189 514 2256 κατεῖχε
540 2189 666 2252 τοὺς
696 2191 824 2260 περὶ
855 2191 946 2244 τὸν
971 2193 1288 2263 Νικομηδέα
1317 2195 1576 2248 Εὑσέϐιον
1594 2214 1607 2226 ·
1637 2197 1881 2270 διέτρεχέ

297 2293 352 2327 τε
388 2279 421 2347 ἡ
444 2279 606 2349 φήμη
637 2279 702 2332 δι’
729 2281 857 2353 ὅλης
879 2283 978 2354 τῆς
1003 2283 1227 2349 πόλεως,
1260 2285 1334 2349 ὼς
1357 2286 1411 2338 δὲ
1444 2288 1637 2352 εἰπεῖν,
1666 2291 1757 2341 καὶ
1780 2290 1880 2360 τῆς

300 2370 593 2440 συμπάσης
628 2374 980 2444 οἰκουμένης.
1029 2377 1089 2428 Ὀ
1130 2376 1184 2429 δέ
1219 2376 1472 2446 βασιλεὺς
1499 2378 1578 2448 τῷ
1617 2381 1880 2452 Χριστιαο

295 2461 468 2531 νισμῷ
487 2463 686 2532 μᾶλλον
703 2466 1069 2535 προσετίθετο,
1085 2469 1178 2520 καὶ
1201 2469 1413 2536 ἀληθῶς
1434 2473 1495 2524 ἐκ
1510 2469 1644 2524 Θεοῦ
1667 2490 1734 2542 με
1743 2489 1881 2542 μαρ-

295 2554 562 2623 τυρῆσθαι
590 2555 686 2625 τὴν
725 2557 783 2609 ἐν
815 2558 1019 2630 Νικαία
1070 2561 1252 2614 πίστιν
1289 2562 1511 2631 ἔφησεν.
1546 2564 1880 2635 Εὑφραίνετό

299 2657 350 2694 τε
369 2644 462 2696 ἐπὶ
483 2646 598 2708 τοῖς
629 2647 897 2714 γεγονόσι,
917 2650 1009 2702 καὶ
1030 2651 1122 2704 ἐπὶ
1144 2651 1322 2723 τρισὶν
1336 2655 1470 2716 υίοίς
1485 2653 1579 2717 οὓς
1594 2654 1879 2723 Καίσαρας

290 2733 690 2803 ἀνηγορεύκει,
739 2737 970 2792 ἕκαστον
1020 2741 1160 2794 κατὰ
1207 2741 1406 2796 δεκάδα
1458 2743 1718 2797 ἐνιαυτῶν
1778 2744 1878 2814 τῆς

294 2820 578 2889 βασιλείας
607 2826 794 2880 αὑτοῦ.
827 2828 931 2882 Τὸν
957 2830 1054 2900 μὲν
1081 2832 1326 2902 πρῶτον,
1357 2832 1644 2903 ὁμώνυμον
1681 2833 1875 2886 ἐαυτοῦ

289 2914 739 2983 Κωνσταντίνον,
779 2919 886 2973 τῶν
931 2923 1203 2993 ἐσπερίων
1250 2923 1432 2994 μερῶν
1476 2925 1664 2996 ἄρχειν
1705 2943 1876 2979 κατα-

292 3008 502 3076 στήσας
552 3009 612 3060 ἐν
649 3012 717 3080 τῇ
753 3009 946 3082 πρώτῃ
992 3012 1176 3068 δεκάδι
1217 3013 1318 3083 τῆς
1365 3014 1642 3084 βασιλείας
1686 3016 1873 3071 αὐτοῦ.

287 3097 410 3151 Τῶν
440 3098 498 3151 δὲ
548 3099 688 3171 πρὸς
730 3104 796 3172 τῇ
843 3102 984 3175 Ἐῲᾳ
1033 3105 1216 3176 μερῶν
1247 3106 1388 3179 (68),
1421 3105 1510 3158 τὸν
1541 3106 1621 3178 τῷ
1667 3107 1876 3180 πάππῳ

1982 2029 2048 2068 ac
2065 2013 2252 2084 jecore
2276 2013 2450 2067 eﬁ‘usa
2483 2019 2631 2066 sunt.
2662 2011 2731 2064 Et
2766 2010 2856 2065 ille
2893 2011 3116 2080 quidem
3146 2011 3409 2066 continuo
3441 2011 3564 2066 ani-

1983 2117 2126 2156 mam
2147 2102 2442 2157 exhalavit.
2472 2101 2708 2156 Latrina:
2736 2109 2920 2155 autem
2949 2101 3055 2155 illa:
3087 2100 3563 2172 Constantinopoli

1981 2203 2107 2266 post
2144 2195 2324 2251 forum
2369 2192 2735 2260 Constantini,
2779 2193 2920 2248 sicut
2973 2202 3134 2250 antea
3177 2193 3310 2259 dixi,
3335 2202 3392 2249 et
3441 2205 3565 2264 post

1981 2287 2268 2342 macellum
2295 2286 2443 2357 quod
2475 2294 2560 2341 est
2590 2285 2644 2339 in
2671 2286 2909 2356 porticu,
2934 2285 3234 2341 etiamnum
3255 2295 3566 2342 monstran-

1982 2385 2105 2431 tur:
2155 2386 2212 2432 et
2243 2376 2460 2433 cunctis
2491 2375 2955 2446 praetereuntibus
2981 2375 3212 2446 digitum
3241 2376 3311 2431 ad
3354 2392 3448 2431 cas
3481 2377 3562 2431 in-

1982 2465 2357 2530 tendentibus,
2393 2480 2566 2536 genus
2603 2462 2709 2534 75
2756 2463 2950 2518 mortis
2986 2463 3102 2518 Arii
3134 2472 3402 2534 perpetuo
3443 2480 3562 2520 mc-

1981 2557 2246 2610 morabile
2269 2559 2506 2626 posteris
2528 2555 2788 2611 reddunt.
2813 2554 2950 2611 Cum
2975 2555 3089 2610 inec
3111 2557 3186 2610 ita
3205 2556 3559 2620 accidissent,

1981 2647 2170 2717 ingens
2203 2654 2380 2702 terror
2417 2662 2480 2702 ac
2518 2647 2779 2703 mmstitia
2819 2647 3031 2701 animos
3064 2661 3258 2701 eorum
3301 2648 3396 2717 qui
3435 2663 3559 2702 cum

1978 2740 2218 2795 Eusebio
2262 2739 2668 2795 Nicomediensi
2711 2747 2903 2804 erant,
2946 2741 3272 2809 occupavit:
3310 2741 3561 2812 famaque

1978 2832 2142 2902 hujus
2167 2833 2268 2897 rei,
2304 2847 2415 2886 non
2445 2847 2543 2901 per
2574 2840 2742 2885 totam
2789 2832 2953 2888 modo
2997 2833 3308 2897 civitatem,
3335 2832 3430 2886 sed
3463 2848 3562 2903 per

1977 2923 2315 2986 universum,
2342 2929 2403 2976 ut
2429 2922 2505 2976 ita
2539 2921 2737 2985 dicam,
2767 2923 2957 2976 orbem
2999 2930 3272 2977 terrarum
3315 2922 3558 2992 dispersa

1976 3021 2078 3068 est.
2111 3013 2414 3083 Imperator
2461 3027 2595 3067 vero
2643 3012 2966 3068 Christiana:
3005 3012 3253 3083 religioni
3291 3029 3358 3068 eo
3388 3013 3563 3084 magis

1976 3104 2227 3170 adhaesit,
2252 3120 2378 3159 cum
2411 3104 2642 3159 Nicaanae
2673 3104 2796 3158 ﬁdei
2838 3105 3125 3159 veritatem
3156 3105 3252 3160 Dei
3284 3105 3456 3175 ipsius
3477 3113 3560 3160 te-

285 3190 579 3260 ἐπὼνυμον
635 3193 1016 3248 Κωνστάντιον
1063 3198 1120 3250 ἐν
1169 3199 1234 3268 τῇ
1290 3197 1686 3268 εἰκοσαετηρίδι
1741 3216 1874 3251 κατ-

1980 3197 2236 3252 stimonio
2267 3195 2645 3252 conﬁrmatam
2662 3213 2780 3251 esse
2807 3195 3156 3268 intelligeret.
3178 3196 3561 3251 Delectabatur

284 3281 486 3354 έστησε
532 3284 812 3356 Καίσαρα.
860 3287 962 3340 Τὸν
990 3287 1048 3342 δὲ
1093 3286 1359 3359 νεώτερον
1404 3287 1771 3352 Κώνσταντα,
1816 3291 1874 3342 ἐν

1981 3290 2163 3360 itaque
2189 3305 2300 3345 non
2328 3288 2702 3353 mediocriter,
2727 3296 2842 3343 tum
2870 3288 2941 3342 ob
2964 3303 3154 3342 earum
3182 3304 3369 3342 rerum
3391 3304 3559 3343 even-

283 3377 346 3444 τῇ
377 3378 890 3449 τριακονταετηρίδι
937 3379 1035 3450 τῆς
1065 3380 1257 3433 ἑαυτοῦ
1296 3379 1570 3450 βασιλείας
1600 3382 1871 3453 ἐχειροτό-

1981 3390 2118 3446 tum,
2150 3389 2266 3436 tum
2290 3381 2362 3435 ob
2397 3389 2508 3436 trcs
2529 3380 2690 3444 ﬁlios,
2707 3396 2845 3450 quos
2864 3379 3107 3436 Ctesarcs
3129 3389 3559 3451 nuncupaverat,

282 3480 469 3533 νηπενο
1978 3473 2223 3544 singulos
2260 3472 2487 3543 singulis
2535 3471 2752 3540 imperii
2793 3472 2877 3526 sui
2909 3471 3303 3526 deccnnalibus
3342 3485 3562 3540 promo-

280 3570 436 3610 vens.
467 3557 538 3612 Et
572 3557 868 3613 maximum
901 3559 1121 3630 quidem
1150 3570 1279 3617 natu
1301 3603 1314 3627 ,
1341 3565 1719 3634 cognominem
1743 3565 1847 3619 sibi
1869 3564 2310 3629 Constantinum,
2336 3563 2758 3619 occidentalium
2775 3563 3013 3632 partium
3037 3562 3269 3632 imperio
3295 3560 3562 3630 praefecit,

280 3649 462 3716 primo
497 3651 843 3722 principatus
870 3653 953 3707 sui
991 3653 1280 3708 decennio.
1315 3655 1562 3709 Alterum
1599 3672 1731 3711 vero
1755 3655 2161 3723 Constantium,
2193 3659 2281 3712 avi
2307 3657 2389 3712 sui
2419 3657 2641 3711 nomine
2676 3653 3028 3727 appellatum,
3052 3654 3292 3709 Orientis
3314 3655 3564 3724 partibus

280 3745 608 3814 praeposuit,
627 3761 771 3802 anno
789 3747 1002 3818 imperii
1029 3735 1113 3804 sui
1144 3750 1421 3804 vicesimo.
1449 3750 1590 3805 Natu
1630 3753 1916 3808 minimum
1936 3753 2314 3817 Constantem,
2342 3749 2737 3807 tricennalibus
2771 3750 2886 3804 suis
2909 3748 3180 3804 Caesarem
3204 3750 3558 3806 renuntiavit.

876 3855 1129 3910 ΚΕΦΑΛ.
1172 3859 1297 3915 ΔΘ.

2545 3861 2698 3917 CAP.
2756 3861 3000 3916 XXXIX.

287 3945 376 4014 Ὡς
409 3947 453 4000 ό
481 3945 792 4014 ,βασιλεὺς
828 3948 1544 4025 ᾀιξρωᾳτίςιπεριπεσὼν,
1575 3953 1732 4008 τέλει
1766 3954 1873 4008 τοῦ

1980 3953 2242 4021 Quomodo
2287 3955 2416 4025 imp.
2457 3954 2512 4007 in
2552 3953 2790 4025 morbum
2828 3951 3078 4023 delapsus
3102 3993 3117 4018 ,
3159 3951 3320 4020 ﬁnem
3356 3953 3560 4007 vivendi

826 4021 972 4083 ,ϐίου
1004 4020 1331 4088 ἐχρήσατο.

355 4107 652 4162 Ἐνιαυτοῦ
701 4107 758 4162 δὲ
811 4108 1121 4179 μταταῦτα
1181 4111 1631 4182 παραδραμόντος
1679 4112 1877 4178 ἐπιϐὰς

272 4200 719 4272 ἐξηκονταπέντε
765 4201 1027 4255 ἐνιαυτῶν
1066 4203 1096 4255 ὁ
1144 4202 1396 4272 βασιλεὺς
1431 4206 1869 4268 Κωνσταντῖνος,

271 4293 569 4366 ἀρρωστία
631 4294 990 4363 περιπίπτει·
1035 4295 1130 4350 καὶ
1185 4297 1250 4349 ἐκ
1313 4297 1414 4366 τῆς
1456 4298 1868 4351 Κωνσταντίνου

271 4387 489 4449 πόλεως
533 4384 732 4438 ἐκπλεῖ
775 4386 870 4439 ἐπὶ
915 4387 1014 4457 τὴν
1057 4387 1463 4452 Ἐλενούπολιν,
1511 4387 1586 4452 ὡς
1620 4389 1871 4456 φυσικοῖς

269 4476 503 4548 θερμοῖς
532 4477 875 4549 χρησόμενος
895 4483 1005 4544 τοῖς
1033 4482 1151 4534 ἐκεῖ
1179 4479 1594 4550 γειτνιάζουσιν.
1634 4478 1787 4532 Ἐπεὶ
1814 4479 1870 4534 δὲ

268 4568 645 4640 σφοδροτέρου
693 4567 788 4621 τοῦ
821 4571 1124 4641 νοσήματος
1159 4571 1384 4643 ᾔσθετο,
1414 4569 1484 4623 τὰ
1529 4571 1628 4641 μὲν
1668 4569 1867 4642 λουτρὰ

267 4661 612 4731 ὑπερέθετο·
675 4659 902 4732 ἀπαίρει
956 4661 1012 4715 δὲ
1051 4664 1115 4716 ἐκ
1159 4664 1257 4734 τῆς
1314 4661 1738 4724 Ἐλενουπόλεως
1784 4661 1862 4724 είς

264 4752 360 4822 τὴν
390 4751 815 4822 Νικομήδειαν⁹
860 4755 1023 4807 κάκεῖ
1053 4755 1111 4806 ἐν
1155 4753 1467 4825 προαστείῳ
1500 4752 1732 4821 διάγων,
1767 4751 1863 4805 τοῦ

263 4843 674 4916 Χριστιανικοῦ
712 4845 1119 4918 μεταλαμϐάνει
1171 4845 1564 4917 βαπτίσματος.
1615 4842 1866 4915 Εὔθυμος

2703 4023 2844 4092 fecit.

2038 4116 2196 4171 Anno
2242 4124 2369 4187 post
2406 4116 2709 4186 imperator
2763 4113 3157 4169 Constantinus
3198 4113 3452 4184 quintum
3497 4121 3556 4169 et

1977 4207 2372 4278 sexagesimum
2413 4207 2589 4261 anatis
2621 4207 2900 4276 ingressus
2941 4219 3166 4270 annum,
3211 4205 3265 4258 in
3306 4205 3556 4261 morbum

1977 4298 2189 4352 incidit.
2233 4298 2444 4353 Relicta
2465 4313 2597 4368 ergo
2625 4295 3121 4366 Constantinopoli,
3156 4297 3372 4367 navigio
3403 4297 3554 4352 dela-

1979 4398 2066 4445 tus
2107 4399 2192 4446 est
2241 4389 2643 4460 Helenopolim,
2691 4393 2758 4446 ut'
2803 4391 2961 4462 aquis
3007 4390 3200 4445 calidis
3243 4405 3366 4460 quae
3403 4391 3556 4461 juxta

1977 4482 2169 4536 urbem
2204 4481 2353 4535 illam
2378 4480 2498 4536 sitm
2521 4489 2671 4546 sunt,
2705 4488 2975 4536 uteretur.
3007 4480 3114 4536 Sed
3147 4496 3273 4534 cum
3303 4480 3556 4534 morbum

1973 4572 2352 4642 ingravescere
2397 4572 2693 4637 sensisset,
2733 4573 3012 4626 lavacrum
3056 4571 3278 4640 quidem
3316 4571 3553 4625 distulit.

1977 4663 2296 4734 Helenopoli
2324 4672 2508 4718 autem
2538 4663 2861 4730 abscedens,
2883 4664 3252 4719 Nicomediam
3280 4663 3559 4733 profectus

1973 4763 2077 4809 est.
2095 4756 2210 4810 lllic
2233 4756 2287 4810 in
2307 4755 2627 4811 suburbano
2648 4757 2872 4827 degens,
2893 4754 3266 4810 Christianum
3288 4754 3557 4825 baptisma

1971 4847 2232 4917 suscepit.
2263 4848 2382 4915 Quo
2407 4847 2762 4903 vehementer
2786 4847 3143 4913 exhilaratus,
3173 4853 3556 4904 testamentum

1453 4998 1722 5056 VALESII
1758 4997 2310 5058 ANNOTATIONES.

333 5116 452 5187 (66)
492 5116 824 5187 Ἐρόμενός
861 5132 942 5168 τε.
970 5114 1115 5186 Lego
1138 5113 1398 5187 ἐρόμενος
1427 5113 1506 5167 δέ.

333 5183 451 5255 (67)
493 5183 721 5252 Ἠὲδρα
741 5186 872 5238 τότε
895 5183 1548 5255 παραίντίκαέᾉκπίπτει.
1581 5183 1640 5255 In
1667 5183 1862 5240 codice

267 5253 472 5311 chnis
503 5255 722 5320 Allatii,
760 5255 873 5310 sive
903 5256 957 5309 in
985 5255 1226 5309 Historia
1263 5253 1562 5324 Tripartita
1588 5254 1864 5310 Theodori

266 5325 555 5390 Lectoris,
582 5326 677 5381 hic
709 5327 866 5380 locus
889 5327 963 5380 ita
990 5326 1222 5396 legitur:
1249 5325 1357 5396 ,καὶ
1384 5324 1501 5396 ᾆμα
1523 5327 1635 5396 τοῖς
1664 5326 1864 5396 διαχω-

267 5398 485 5478 ρήμαυσι
517 5397 900 5478 παρεκπίῃπτει
943 5398 976 5466 ἡ
1009 5393 1157 5466 ἔδρα,
1202 5394 1354 5478 τόοτε
1386 5393 1491 5478 ὐῇπδ
1526 5393 1634 5474 τῶν
1665 5393 1865 5478 ίακτσρῶν

269 5464 620 5536 καλούμενον
671 5464 998 5536 ἀπέφθισμα
1045 5464 1362 5536 παραυτίκα
1405 5464 1650 5536 διὰητῆς
1706 5464 1865 5534 ἕδρας

265 5534 604 5606 ἐξέπιπτεν,
630 5535 861 5606 αἵματός
899 5534 959 5587 τε
995 5536 1198 5606 πλῆθος
1240 5534 1616 5606 ἐπηκολούθει,
1654 5536 1768 5606 καὶ.
1796 5535 1866 5586 τὰ

266 5602 440 5657 λεπτὰ
477 5603 601 5657 τῶν
620 5602 856 5674 ἐντέρων
900 5602 1218 5674 συνέτρεχεν
1247 5602 1540 5674 ἆμααὺτῷ
1574 5604 1770 5674 σπληνί
1794 5621 1864 5674 ,τε

266 5675 357 5747 καὶ
381 5675 590 5744 ἥπατι.
621 5673 844 5747 Optime
873 5689 995 5728 meo
1027 5673 1242 5747 quidem
1283 5673 1512 5747 judicio.
1563 5673 1738 5747 Atque
1762 5673 1860 5747 _ita

266 5692 357 5728 και
381 5692 590 5744 ηπατι.
621 5692 844 5747 Upumc
873 5692 995 5728 meo
1027 5692 1242 5744 quidem
1283 5692 1512 5797 {:IOICIO.
1563 5692 1738 5743 Atque
1790 5692 1860 5726 ua

264 5742 563 5814 Socratem
593 5745 884 5814 scripsisse
914 5759 1014 5813 pro
1036 5754 1190 5814 certo
1218 5743 1285 5796 ha
1329 5759 1412 5796 eo.
1435 5742 1597 5797 Certe
1617 5744 1860 5813 Epipha-

261 5813 388 5870 nius
425 5813 822 5871 Scbolasticus
861 5815 997 5870 hanc
1034 5813 1325 5871 lectionem
1371 5825 1438 5868 ex
1481 5821 1633 5880 parte
1663 5814 1890 5876 conﬁrs

1971 5126 2103 5171 mat.
2128 5117 2188 5171 In
2218 5117 2406 5172 codice
2435 5133 2656 5187 quoque
2686 5117 2964 5174 Sfortiano
2981 5135 3084 5190 pro
3108 5119 3385 5188 ἐκπίπτει,
3410 5121 3552 5177 scri-

1971 5196 2124 5258 ptum
2139 5256 2143 5258 ,
2158 5196 2242 5241 est
2267 5204 2342 5258 πα
2352 5189 2658 5258 ρεκπίπτει.

2044 5256 2154 5338 (68)
2215 5256 2736 5338 [ὸνηὸἐῄπρὸςςῇ
2778 5258 3140 5338 ’μερῶῃ
3185 5259 3550 5338 ὃεῐῆρεηᾱυρι

1971 5335 2058 5380 est
2082 5327 2190 5378 τῶν
2219 5328 2296 5390 δὲ,
2329 5327 2458 5381 licet
2504 5329 2763 5384 omnibus
2801 5327 2957 5384 libris
3000 5331 3449 5384 reclamantibus.
3483 5331 3551 5384 Et

1975 5397 2315 5470 paulo‘post
2352 5399 2706 5470 scribendum
2753 5409 2837 5453 est
2876 5399 2954 5469 τῷ
2985 5402 3196 5469 πάππῳ
3240 5400 3548 5470 ὁμώνυμον,

1969 5482 2036 5520 ex
2063 5467 2252 5539 codice
2296 5467 2493 5522 Leonis
2526 5469 2728 5522 Allatii.
2782 5467 2935 5523 Ferri
2989 5467 3177 5523 tamen
3204 5467 3399 5539 potest,
3427 5467 3548 5521 vul—

1968 5545 2091 5605 gata
2119 5537 2281 5592 lectio
2303 5556 2314 5590 2
2344 5539 2629 5605 ἐπώνυμος
2651 5539 2797 5592 cnim
2824 5539 3009 5593 ϐτῑυρθ
3034 5537 3234 5594 dicitur
3258 5555 3364 5591 non
3389 5538 3435 5591 is
3455 5554 3546 5590 so-

1969 5607 2080 5659 lum
2115 5609 2209 5676 qui
2237 5624 2434 5662 nomen
2468 5625 2625 5661 suum
2661 5610 2753 5662 dat
2781 5610 2959 5672 alteri,
2994 5610 3088 5662 sed
3128 5611 3290 5661 ctiam
3336 5608 3430 5676 qui
3477 5607 3546 5660 ab

1968 5677 2142 5747 altero
2177 5678 2394 5747 accipit.
2436 5679 2525 5732 Sic
2573 5679 3104 5745 (Ionstmrlinopolim
3157 5678 3410 5732 Socrates
3449 5676 3547 5728 ἐπ-

1966 5746 2178 5816 ώνυμον
2216 5746 2623 5801 Κῶντταντίνου
2653 5766 2847 5803 vocare
2872 5751 3025 5803 solet.
