4026 6338
432 413 539 473 179

1867 400 2213 478 δοοιιΑτῐε

3576 416 3680 475 180

427 529 639 597 condit,
662 530 853 603 inquo
884 541 995 592 tres
1025 537 1246 606 quidem
1279 538 1485 595 liberos
1514 541 1728 612 imperii
1760 541 1993 598 heredes

2107 544 2165 598 δὲ
2199 544 2292 597 ἐπὶ
2320 541 2494 615 τούτῳ
2540 542 2849 614 γενόμενος,
2888 541 3150 614 διαθήκας
3195 542 3458 610 ποιεῖται,
3490 542 3550 596 ἐν
3589 537 3680 607 αἷς

428 621 690 689 instituit,
712 640 866 679 suam
902 628 1099 697 cuique
1129 639 1358 699 partem,
1383 640 1547 702 prout
1583 633 1742 688 vivus
1771 632 1999 700 fecerat,

426 712 729 783 assignans.
768 714 954 771 Romae
980 733 1114 772 vero
1158 726 1215 773 et
1257 720 1381 775 urbi
1423 736 1586 791 quam
1630 737 1732 778 suo
1779 724 2000 779 nomine

426 803 954 876 Constantinopolim
977 817 1336 879 nuncuparat,
1358 812 1531 867 multa
1550 813 1865 883 relinquens
1883 815 1998 884 pri—

426 889 645 963 vilegia,
696 900 1081 949 testamentum
1132 897 1482 953 commendat
1523 901 1848 971 presbytero
1897 900 1995 967 illi,

424 981 583 1051 cujus
605 988 763 1037 antea
796 984 1024 1039 fecimus
1047 986 1402 1051 mentionem,
1432 1003 1531 1058 per
1552 1005 1714 1059 quem
1737 990 1902 1045 Arius
1927 991 1996 1044 ab

423 1072 617 1127 exsilio
653 1072 833 1127 fuerat
875 1086 1199 1144 revocatus;
1243 1079 1574 1149 mandatque
1618 1096 1689 1135 ne
1737 1082 1993 1150 cuiquam

421 1161 580 1216 alteri
596 1178 759 1232 quam
785 1162 900 1218 filio
924 1180 1024 1219 suo
1047 1166 1389 1234 Constantio,
1425 1184 1589 1239 quem
1614 1169 1825 1226 Orienti
1850 1186 1994 1242 prae-

419 1249 646 1315 fecerat,
676 1252 812 1307 illud
854 1253 911 1308 in
934 1270 1132 1311 manus
1168 1258 1428 1313 traderet.
1464 1259 1544 1313 Ad
1578 1260 1726 1316 hunc
1771 1260 1994 1315 modum

420 1344 642 1399 condito
668 1351 1014 1413 testamento,
1039 1363 1163 1403 cum
1196 1350 1406 1420 aliquot
1433 1352 1552 1408 dies
1581 1353 1991 1423 supervixisset,

418 1449 486 1489 ex
506 1435 609 1490 hac
652 1436 776 1492 luce
821 1438 1091 1509 migravit.
1117 1442 1288 1497 Porro
1328 1444 1491 1499 morti
1547 1449 1667 1515 ejus
1710 1447 1895 1502 nullus
1931 1463 2000 1502 ex

418 1523 544 1580 filiis
567 1525 832 1582 interfuit.
861 1528 1097 1585 Mittitur
1118 1532 1304 1603 itaque
1333 1534 1590 1604 protinus
1613 1535 1667 1589 in
1692 1534 1995 1603 Orientem,

416 1617 510 1686 qui
539 1616 862 1676 Constantio
897 1622 1071 1692 patris
1095 1623 1309 1678 obitum
1345 1626 1645 1682 nuntiaret.

985 1732 1093 1805 7s
1118 1731 1269 1789 CAP.
1316 1734 1430 1790 XL.

647 1820 727 1875 De
748 1822 1021 1893 sepultura
1043 1825 1377 1896 imperatoris
1400 1824 1748 1882 Constantini.

485 1908 699 1982 Corpus
716 1928 849 1967 vero
872 1915 1220 1985 imperatoris
1240 1956 1254 1981 ,
1277 1931 1447 1971 aureo
1480 1918 1761 1973 conditum
1790 1918 1990 1985 loculo,

414 2001 716 2057 necessarii
741 2001 1271 2076 Constantinopolim
1309 2005 1702 2075 deportarunt,
1726 2016 1780 2063 et
1809 2008 1864 2062 in
1897 2024 1994 2064 su-

342 2082 345 2087 ’
415 2091 570 2146 blimi
617 2102 875 2163 suggestu
919 2094 1327 2150 collocaverunt
1367 2096 1424 2150 in
1474 2097 1711 2167 palatio;
1756 2098 1994 2153 maximo

415 2183 624 2237 honore
655 2191 712 2237 et
737 2182 1012 2254 frequenti
1045 2185 1307 2239 satellitio
1330 2185 1484 2239 illum
1512 2187 1668 2255 quasi
1693 2187 1873 2242 adhuc
1896 2203 1992 2241 su-

413 2276 699 2347 perstitem
730 2275 1108 2341 observantes,
1157 2276 1339 2346 quoad
1387 2294 1561 2347 usque
1596 2293 1663 2332 ex
1697 2277 1827 2333 (iliis
1872 2281 1992 2351 ejus

413 2366 684 2438 quispiam
726 2368 1055 2426 advenisset.
1085 2368 1280 2424 Postea
1318 2383 1450 2424 vero
1486 2385 1610 2424 cum
1641 2369 1994 2428 Constantius

412 2475 481 2515 ex
503 2457 742 2516 Orientis
768 2460 1018 2532 partibus
1040 2460 1367 2528 advolassct,
1401 2463 1550 2534 regia
1588 2464 1889 2521 honoratus
1909 2472 1993 2521 est

413 2549 725 2620 sepultura,
768 2550 1159 2622 depositusque
1210 2551 1265 2605 in
1318 2553 1550 2608 ecclesia
1583 2553 1989 2624 Apostolorum,

412 2657 577 2712 quam
602 2642 717 2711 ipse
742 2656 809 2696 eo
840 2641 1071 2697 consilio
1101 2630 1467 2698 aedificaverat
1486 2684 1501 2709 ,
1527 2652 1589 2699 ut
1636 2645 1992 2716 imperatores

411 2742 468 2787 et
494 2733 781 2804 pontiﬁces
813 2733 882 2790 ab
928 2735 1296 2815 apostolorum
1331 2736 1580 2806 reliquiis
1610 2737 1757 2792 haud
1797 2739 1990 2809 procul

412 2825 686 2882 abessent.
713 2826 860 2881 Vixit
880 2835 1061 2882 autem
1086 2827 1384 2899 imperator
1407 2827 1800 2885 Constantinus
1819 2846 1991 2887 annos

2107 634 2234 697 τοὺς
2279 633 2379 703 μὲν
2434 634 2584 704 τρεῖς
2637 631 2786 695 υίοὺς
2832 630 3201 703 κληρονόμους
3254 630 3355 702 τῆς
3405 631 3680 703 βασιλείας

2107 724 2404 786 ἐνίσταται,
2422 722 2565 778 καθὰ
2595 723 2688 776 καὶ
2708 721 2816 786 ζῶν
2831 724 3014 787 αὐτοῖς
3027 723 3154 786 τοὺς
3169 722 3405 795 κλήρους
3419 723 3674 797 διένειμε.

2106 812 2287 867 Πολλὰ
2331 813 2389 867 δὲ
2439 816 2505 885 τῇ
2542 812 2829 884 Ῥωμαίων
2858 812 3011 868 πόλει
3053 815 3146 869 καὶ
3195 817 3261 887 τῇ
3315 814 3507 868 ἐαυτοῦ
3536 818 3679 870 ἐπω-

2104 904 2258 977 νύμῳ
2286 904 2399 976 (69)
2420 906 2680 976 πρεσϐεῖα
2703 906 3018 962 καταλιπὼν
3034 948 3049 973 ,
3082 906 3182 971 τὰς
3201 907 3464 979 διαθήκας
3484 908 3677 980 ἐκείνῳ

2112 995 2469 1067 παρατίθεται
2505 997 2583 1067 τῷ
2621 998 2972 1069 πρεσϐυτέρῳ
3001 999 3136 1071 (70),
3167 999 3233 1052 δι’
3261 998 3429 1071 ὅνπερ
3460 1000 3676 1070 ’Ἄρειος
3701 985 3709 999 ’

2112 1088 2504 1159 ἁνακέκληται,
2538 1086 2600 1143 οὗ
2638 1091 2732 1143 καὶ
2758 1090 2951 1161 μικρὸν
2995 1090 3308 1171 ἔμπροσθεν
3331 1090 3675 1162 πεποιήμεθα

2110 1176 2357 1248 μνήμην·
2410 1177 2779 1249 ἐντειλάμενος
2833 1177 3019 1249 μηδενὶ
3044 1180 3245 1251 ἑτέρῳ,
3297 1179 3428 1250 ἢτῷ
3469 1177 3571 1249 υίῷ
3596 1178 3674 1249 τῷ

2100 1268 2200 1338 τῆς
2237 1268 2523 1340 Ἀνατολῆς
2561 1269 2780 1342 ἄρχοντι
2808 1270 3199 1341 Κωνσταντίῳ,
3241 1271 3320 1334 είς
3344 1270 3445 1335 τὰς
3483 1273 3672 1342 χεῖρας

2103 1363 2302 1433 βαλεῖν.
2318 1363 2474 1418 Μετὰ
2488 1364 2545 1418 δέ
2560 1364 2620 1417 τὸ
2637 1363 2820 1417 θέσθαι
2843 1364 2942 1428 τὰς
2955 1363 3221 1434 διαθήκας
3232 1404 3245 1425 ,
3260 1362 3444 1432 ὀλίγας
3460 1364 3673 1435 ἡμέρας

2097 1452 2365 1517 ἐπιϐιοὺς,
2389 1452 2480 1506 τὸν
2508 1452 2622 1523 βίον
2645 1453 2876 1506 ἀπέλιπε
2910 1452 2955 1507 ἀ.
2986 1453 3107 1507 Τῶν
3134 1453 3315 1525 μέντοι
3343 1453 3474 1507 υἱῶν
3503 1454 3669 1507 αὐτοῦ

2096 1545 2191 1599 ἐπὶ
2205 1548 2271 1616 τῇ
2288 1545 2511 1616 τελευτῇ
2530 1546 2712 1617 παρῆν
2727 1545 2918 1610 οὐδείς.
2939 1545 3222 1617 Πέμπεται
3237 1541 3329 1601 οὖν
3349 1546 3511 1609 εὐθὺς
3532 1546 3671 1619 πρὸς

2093 1638 2194 1708 τὴν
2244 1636 2419 1709 Ἐῴαν
2467 1638 2496 1690 ὀ
2534 1637 2900 1708 Κωνσταντίῳ
2935 1637 3191 1709 μηνύσων
3232 1638 3333 1710 τὴν
3385 1638 3663 1710 τελευτήν.

2687 1751 2938 1805 ΚΕΦΛΛ.
2986 1752 3077 1806 M'.

2096 1842 2237 1911 Hepl
2270 1841 2382 1912 τῆς
2424 1841 2671 1911 κηδείας
2709 1842 2818 1898 τοῦ
2852 1843 3160 1909 ,ϐασιλέως
3185 1845 3667 1899 Κωνσταντίνου.
3760 1857 3771 1871 ‘

2164 1932 2240 1985 Τὸ
2274 1931 2332 1984 δὲ
2363 1930 2523 2003 σῶμα
2549 1929 2641 1985 τοῦ
2678 1930 2943 2001 βασιλέως
2982 1932 3031 1986 οί
3065 1932 3358 2003 ἐπιτήδειοι
3385 1934 3559 2003 χρυσῇ
3586 1934 3671 1985 ἐν·

2096 2017 2311 2089 θέμενοι
2338 2018 2589 2090 λάρνακι,
2624 2018 2716 2071 ἐπὶ
2740 2018 2838 2090 τὴν
2861 2018 3275 2072 Κωνσταντίνου
3316 2018 3468 2072 πόλιν
3500 2016 3674 2071 διεκό-

2097 2125 2291 2179 μισαν·
2345 2109 2608 2163 ἀπέθεντο
2654 2126 2714 2162 τε
2750 2109 2808 2163 ἐν
2841 2110 2956 2173 τοῖς
2984 2108 3276 2180 βασιλείοις
3309 2110 3394 2177 ἐφ’
3425 2107 3632 2179 ὑψηλοῦ
3653 2148 3668 2171 ,

2093 2197 2187 2251 καὶ
2207 2197 2293 2251 διὰ
2322 2198 2487 2268 τιμῆς
2513 2193 2647 2269 ἦγον
2686 2198 2780 2250 καὶ
2819 2196 3145 2269 δορυφορίας
3179 2196 3408 2268 πολλῆς,
3449 2197 3526 2261 ὡς
3575 2198 3672 2251 καὶ

2093 2285 2296 2352 ζῶντος
2323 2288 2530 2357 ἐγίνετο
2550 2304 2562 2317 ·
2601 2289 2695 2341 καὶ
2733 2285 2891 2341 τοῦτο
2924 2289 3141 2341 ἐποίουν
3170 2287 3273 2351 ἓως
3295 2304 3380 2353 τις
3400 2288 3506 2343 τῶν
3536 2288 3672 2341 υἱῶν

2092 2376 2258 2431 αὐτοῦ
2286 2379 2687 2449 παραγένηται.
2721 2379 2876 2433 Μετὰ
2902 2378 2961 2432 δὲ
2989 2377 3160 2433 ταῦτα
3187 2380 3251 2433 ἐκ
3284 2379 3393 2435 τῶν
3422 2378 3671 2433 ἀνατολι-

2092 2467 2203 2523 κῖῦν
2245 2468 2425 2541 μερῷν
2478 2471 2796 2533 ἐπιστάντος
2846 2470 3261 2537 Κωνσταντίου,
3310 2470 3530 2543 κηδείας
3570 2470 3671 2540 τῆς

2094 2559 2383 2631 βασιλικῆς
2431 2559 2682 2631 ἠξιοῦτο,
2729 2560 3016 2624 ἀποτεθεὶς
3061 2561 3119 2613 ἐν
3165 2564 3229 2634 τῇ
3289 2559 3555 2631 ἐκκλησίᾳ
3600 2562 3668 2631 τῇ

2092 2650 2367 2722 ἐπωνύμῳ
2414 2650 2527 2705 τῶν
2577 2651 2947 2719 Ἀποστόλων,
2990 2653 3056 2724 ἢν
3083 2651 3150 2704 δι’
3197 2650 3330 2707 αὐτὸ
3375 2650 3531 2704 τοῦτο
3566 2667 3669 2703 πε-

2093 2743 2337 2814 ποιήκει,
2375 2743 2523 2807 ὅπως
2548 2742 2613 2797 ἂν
2632 2745 2680 2797 οἱ
2712 2743 2953 2815 βασιλεῖς
2978 2761 3037 2798 τε
3074 2744 3168 2797 καὶ
3199 2744 3365 2815 ἱερεῖς
3394 2742 3504 2795 τῶν
3534 2742 3671 2795 ἀπο-

2093 2838 2353 2893 στολικῶν
2367 2839 2634 2899 λειψάνων
2656 2839 2729 2911 μὴ
2754 2840 3212 2910 ἀπολιμπάνοιντο
3234 2837 3366 2910 (7i).
3389 2838 3591 2908 Ἔζησε
3610 2835 3669 2890 δὲ

411 2917 655 2988 quinque
695 2925 751 2973 et
782 2918 1096 2990 sexaginta:
1131 2935 1198 2975 ex
1234 2921 1436 2991 quibus
1469 2936 1639 2976 unum
1679 2928 1736 2977 et
1767 2923 1989 2996 triginta

2097 2927 2122 2979 ὁ
2145 2924 2395 2996 βασιλεὺς
2416 2928 2819 2990 Κωνσταντῖνος
2841 2925 2934 2997 ἔτη
2963 2925 3412 2997 ἐξηκονταπέντε.
3448 2923 3671 2980 Ἐϐασί-

410 3009 721 3082 imperavit.
750 3009 999 3066 Mortuus
1021 3019 1106 3066 est
1139 3010 1415 3068 Feliciano
1446 3021 1502 3069 et
1540 3014 1757 3070 Titiano
1789 3030 1990 3071 consu-

2097 3016 2252 3069 λευσε
2284 3016 2341 3070 δὲ
2368 3017 2461 3088 ἔτη
2491 3018 2785 3089 τριάκοντα
2813 3016 2871 3070 ἐν
2893 3034 2906 3047 ·
2944 3017 3263 3087 ἐτελεύτησε
3292 3016 3350 3071 δὲ
3381 3016 3439 3069 ἐν
3464 3015 3672 3086 ὑπατίᾳ

409 3100 577 3166 libus,
617 3100 706 3156 die
742 3102 1033 3157 undecimo
1079 3102 1348 3158 Kalendas
1389 3104 1535 3160 Junii
1580 3122 1593 3158 :
1642 3106 1736 3175 qui
1765 3106 1990 3176 quidem

410 3191 685 3247 secundus
716 3201 835 3247 erat
878 3207 1058 3247 annus
1092 3190 1426 3265 Olympiadis
1464 3194 1851 3251 ducentesima:
1901 3211 1990 3251 se-

411 3283 760 3353 pluagesimzn
778 3292 1000 3337 octavae.
1016 3281 1284 3337 Cmtcrum
1309 3284 1399 3339 hic
1421 3284 1561 3341 liber
1576 3287 1811 3359 spatium
1830 3286 1994 3341 unius

410 3381 467 3427 ct
488 3372 710 3445 triginta
728 3387 995 3429 annorum
1022 3374 1426 3446 complectitur.

2094 3109 2404 3164 Φιλικιανοῦ
2422 3109 2516 3163 καὶ
2561 3110 2849 3174 Τατιανοῦ,
2884 3113 2950 3182 τῇ
2982 3109 3211 3180 δευτέρᾳ
3252 3108 3348 3163 καὶ
3375 3107 3544 3161 εἰκάδι
3572 3106 3668 3160 τοῦ

2097 3198 2276 3252 Μαΐου
2304 3196 2470 3267 μηνός
2486 3213 2499 3226 ·
2526 3196 2683 3249 τοῦτο
2712 3196 2768 3249 δὲ
2791 3192 2858 3268 ἦν
2877 3197 3127 3268 δεύτερον
3144 3196 3260 3261 ἔτος
3283 3197 3380 3268 τῆς
3399 3195 3670 3249 διακοσιο-

2101 3287 2230 3358 στῆς
2246 3285 2649 3356 ἑϐδομηκοστῆς
2666 3285 2857 3356 ὀγδόης
2884 3286 3241 3357 Ὀλυμπιάδος
3262 3286 3393 3357 (72).
3416 3283 3668 3354 Περιέχει

2100 3380 2157 3433 δέ
2190 3380 2223 3449 ἡ
2258 3377 2436 3448 βίϐλος
2466 3379 2657 3450 χρόνον
2688 3378 2825 3433 ἐτῶν
2869 3378 2986 3443 ἐνὸς
3028 3379 3163 3451 πρὸς
3203 3381 3316 3443 τοῖς
3348 3378 3666 3449 τριάκοντα.

1570 3487 1841 3549 VALESII
1880 3492 2433 3551 ANNOTATIONES.

488 3607 932 3681 (semensas
967 3609 1066 3681 x_al
1102 3607 1179 3677 τῇ
1203 3608 1518 3681 κῬωμαίων
1565 3613 1740 3667 πόλει
1769 3612 1869 3666 καί
1919 3611 1994 3681 τῇ

412 3678 638 3751 ἑαυτοῦ,
659 3679 968 3751 semper.
1002 3679 1286 3751 ?osterius
1317 3678 1431 3751 καί,
1459 3681 1606 3751 quod
1639 3683 1697 3737 in
1742 3678 1991 3738 editione

415 3748 643 3808 lioberti
689 3746 954 3818 Stephani
987 3746 1196 3814 deerat,
1229 3764 1334 3806 nec
1372 3749 1428 3805 in
1476 3746 1681 3807 nostris
1708 3752 1991 3807 codicibus

415 3818 735 3892 lflorentino
767 3826 824 3872 et
869 3818 1142 3892 Sfortiano
1180 3820 1400 3892 legitur,
1454 3821 1665 3892 primus
1699 3823 1990 3892 supplevit

413 3887 992 3958 Cbristopborsonus:
1033 3887 1269 3945 habetur
1298 3887 1480 3945 tamen
1505 3889 1561 3944 in
1613 3887 2010 3951 codice-Leos

414 3959 503 4013 nis
523 3956 730 4028 Allaiii.
761 3956 868 4013 Sed
896 3958 1053 4028 prius
1076 3960 1167 4013 καὶ
1195 3960 1253 4015 in
1296 3960 1489 4014 eodem
1514 3960 1879 4015 desideratur.
1913 3961 1989 4015 De

413 4026 693 4098 congiario
733 4029 878 4098 quod
898 4026 1309 4086 Constantinus
1358 4030 1560 4086 seniori
1601 4031 1787 4085 Romae
1826 4039 1991 4084 testa-

415 4107 599 4153 mento
621 4113 722 4153 suo
750 4098 995 4164 reliquit,
1021 4101 1178 4156 testis
1201 4110 1286 4155 est
1310 4100 1580 4155 Eusebius
1618 4108 1806 4155 noster
1830 4100 1883 4154 in
1912 4100 1985 4154 li-

413 4168 519 4240 bro
533 4177 738 4240 quarto
774 4168 843 4240 de
868 4168 989 4224 Vita
1015 4169 1381 4235 Constantini,
1413 4186 1532 4240 cap.
1562 4170 1649 4225 65.

487 4183 518 4222 ο
540 4183 738 4292 guarto
774 4183 843 4223 ae
875 4183 989 4224 Vlla
1015 4183 1381 4235 Constantini,
1413 4186 1532 4240 cap.
1562 4183 1672 4250 σο..

487 4237 540 4309 (7
579 4238 918 4309 )Atamixag
941 4240 1152 4309 ἐκείνῳ
1175 4241 1556 4308 παρατίθεται
1600 4257 1679 4304 τῳ
1720 4242 1982 4308 πρεσϐυ-

413 4307 917 4377 τέρῳέῡρειιῐηρείι
943 4308 1061 4362 haec
1086 4308 1339 4365 Socrates
1370 4325 1438 4363 ex
1471 4308 1655 4365 Rufini
1699 4307 1846 4365 libro
1882 4310 1981 4363 (Ιο-

415 4376 580 4449 cimo.
605 4376 823 4449 Verum
845 4377 963 4449 haec
985 4380 1227 4449 narratio
1259 4395 1448 4449 parum
1493 4379 1795 4448 probabilis
1846 4379 1984 4433 mihi

2094 3613 2285 3667 Nullas
2325 3612 2471 3667 enim
2518 3612 2888 3681 apostolorum
2937 3611 3198 3681 reliquias
3246 3612 3302 3666 in
3328 3626 3394 3666 ea
3435 3611 3669 3666 ecclesia
3762 3614 3783 3629 ’

2094 3682 2415 3737 condiderat
2441 3681 2865 3751 Constantinus.
2882 3682 3073 3751 Malim
3099 3681 3293 3751 itaque
3335 3690 3575 3745 vertere,
3597 3690 3670 3751 Aut

2090 3754 2436 3823 imperatores
2464 3761 2513 3823 et
2541 3751 2801 3823 antistites
2826 3750 2936 3823 illic
2963 3749 3269 3821 sepeliendi,
3296 3751 3365 3823 ub_
3396 3749 3669 3823 apostolo-

2091 3820 2210 3876 rum
2233 3820 2632 3890 reliquiishaud
2656 3820 2838 3889 procul
2863 3820 3134 3883 abessent;
3158 3825 3250 3873 sed
3272 3821 3450 3874 eodem
3471 3821 3673 3874 honore

2090 3908 2208 3961 eum
2243 3889 2371 3961 ipsis
2396 3889 2754 3961 afﬁcerentur.
2801 3890 2972 3961 Quam
2996 3890 3505 3961 interpretationem
3533 3904 3671 3961 con-

2088 3958 2274 4015 ﬁrmat
2289 3959 2561 4015 Eusebius
2590 3958 2648 4013 in
2678 3959 2775 4013 lib.
2808 3975 2860 4014 IV
2881 3959 2949 4013 de
2972 3960 3096 4014 Vita
3117 3958 3484 4021 Constantini,
3524 3973 3573 4013 c.
3610 3960 3670 4013 4.

2164 4031 2276 4100 (72)
2325 4031 2611 4100 Δεύτερον
2636 4028 2771 4095 ἔτος
2808 4029 2920 4100 τῆς
2947 4028 3377 4100 διαᾷνςοσιοςτῆς
3412 4028 3672 4100 ἑϐδομη-

2088 4097 2318 4166 κοστῆς
2346 4099 2560 4167 ὀγδόης
2602 4097 3008 4165 Ὀλυμπιάδος.
3038 4098 3199 4153 Errat
3227 4098 3500 4152 Socrates.
3532 4098 3674 4153 Nam

2089 4168 2368 4224 Feliciano
2382 4177 2438 4222 et
2459 4168 2676 4222 Titiano
2696 4182 2864 4231 coss.,
2883 4168 2976 4236 qui
3000 4167 3107 4221 fuit
3121 4183 3298 4222 annus
3319 4167 3523 4221 Christi
3540 4168 3672 4233 557,

2089 4239 2178 4294 die
2209 4238 2500 4293 undecimo
2518 4237 2786 4293 Kalendas
2805 4237 3014 4303 Junias,
3030 4237 3289 4291 currebat
3304 4252 3480 4291 annus
3499 4253 3673 4306 quar-

2092 4318 2179 4363 tus
2192 4308 2530 4380 Olympiadis
2552 4306 2976 4380 _ducentesima3_
3004 4307 3417 4380 septuagesima:
3441 4315 3671 4380 octavae2

2092 4375 2598 4445 ldquc'eertissimis
2617 4376 2923 4431 rationibus
2946 4375 3310 4431 demonstrari
3331 4384 3530 4445 potest.
3561 4375 3673 4430 Sed

416 4447 654 4501 videtur.
680 4444 817 4519 Quis
859 4448 1007 4519 enim
1054 4448 1243 4503 credat
1259 4443 1700 4519 Constantinum
1745 4449 1989 4519 impera-
2023 4443 2065 4496 D
2092 4443 2314 4503 videtur
2346 4447 2602 4519 Socrates
2626 4462 2760 4519 usus
2794 4461 2918 4519 esse
2942 4446 3144 4519 vitioso
3175 4443 3366 4519 codice
3405 4444 3674 4519 Chronjci

417 4526 614 4588 torem,
637 4517 734 4588 qui
746 4524 881 4588 tum
927 4516 1073 4576 circa
1109 4533 1168 4573 se
1192 4518 1394 4573 multos
1432 4518 1673 4588 habebat
1701 4516 1992 4588 episeOpos

417 4586 497 4659 (id
523 4586 671 4641 enim
705 4585 908 4659 diserte
954 4587 1522 4659 testaturiEusebius),
1548 4585 1819 4658 plurimos
1861 4585 1992 4642 item

416 4655 587 4739 duces
608 4655 944 4740 et‘c_omites,
960 4672 1129 4737 unum
1159 4657 1387 4740 elegisse
1411 4655 1813 4740 presbyterum,
1838 4673 1994 4739 eum-

417 4743 525 4797 que
551 4725 868 4797 ignobilem,
893 4726 1095 4795 quippe
1138 4725 1296 4797 cujus
1325 4725 1523 4781 nomen
1550 4725 1818 4797 p‘erpetuo
1856 4727 1993 4781 reti-

416 4795 598 4859 netur,
628 4795 719 4851 cui
755 4804 1144 4852 testamentum
1189 4795 1351 4853 suum
1406 4795 1667 4853 moriens
1682 4798 1994 4852 committe-

417 4866 549 4938 ret?
587 4865 768 4938 Quare
815 4865 1243 4938 Philostorgium
1290 4867 1383 4938 hic
1418 4870 1587 4938 sequi
1634 4867 1855 4938 malim,
1899 4867 1992 4938 qui

416 4934 836 4991 Constantinum
877 4934 1189 4991 testamenti
1227 4937 1311 4990 sui
1360 4934 1575 4993 tabulas
1612 4937 1853 4991 Eusebio
1894 4934 1993 4992 Ni-

312 5050 315 5053 .
417 5005 1096 5078 comediensi'tradidisse
1136 5006 1351 5073 scribit,
1396 5022 1428 5061 a
1472 5023 1582 5078 quo
1626 5008 1791 5078 paulo
1832 5016 1996 5062 antea

416 5074 600 5159 fuant.
619 5076 948 5159 tierunt“?-

491 5145 605 5217 (7i)
635 5145 728 5211 Μὴ
756 5146 1297 5217 ρπολιμπάνοιντο.
1336 5146 1615 5202 Musonius
1653 5157 1709 5202 ct
1747 5145 1996 5203 Christo-

419 5213 730 5286 phOrsonus
754 5216 904 5269 hunc
933 5213 1114 5271 locum
1151 5217 1223 5270 ita
1256 5224 1563 5282 verterunt,
1605 5232 1670 5269 ne
1708 5217 1996 5286 imperato-

419 5300 502 5356 res
526 5292 576 5337 et
609 5286 868 5356 antistites
907 5286 1144 5356 reliquiis
1171 5286 1531 5356 apostolorum
1563 5287 1991 5341 destituerentur.

419 5355 623 5411 Verum
646 5356 789 5411 hanc
812 5355 1319 5425 interpretationem
1341 5356 1575 5427 probare
1605 5372 1716 5412 non
1742 5372 1992 5427 possum.

2098 4518 2418 4580 Euscbiani,
2452 4517 2508 4571 in
2535 4532 2644 4586 quo
2675 4515 3011 4586 Olympiadis
3041 4531 3218 4586 annus
3243 4515 3383 4586 male
3416 4523 3535 4569 erat
3570 4514 3677 4586 (ιε-

2099 4589 2359 4660 signatus.
2384 4584 2618 4660 Videtur
2645 4584 2909 4660 tamenin
2937 4585 3044 4660 hoc
3083 4584 3325 4660 Socratis
3360 4585 3481 4638 loco
3528 4585 3676 4660 scri-

2099 4654 2340 4735 bendum
2366 4655 2578 4735 εςιειξνσιςὺΔ
2599 4656 2783 4735 τρίτον
2810 4656 2947 4735 Eros;
2968 4654 3059 4708 Ait
3076 4655 3224 4709 enim
3251 4654 3508 4735 Socrates
3537 4654 3676 4735 pri-

2098 4743 2248 4782 mum
2286 4728 2437 4782 hunc
2466 4724 2720 4781 Historiae
2743 4740 2854 4779 suae
2891 4725 3095 4779 librum
3118 4724 3406 4793 complecti
3433 4724 3677 4793 spatium

2098 4814 2369 4852 annorum
2400 4796 2564 4850 unius
2587 4811 2649 4849 ac
2678 4795 2923 4864 triginta.
2949 4793 3175 4849 Orditur
3210 4792 3356 4848 enim
3394 4792 3467 4847 ab
3507 4792 3679 4864 initio

2097 4867 2464 4927 Constantini,
2509 4880 2670 4935 quem
2707 4862 2964 4935 regnasse
3007 4864 3199 4935 scribit
3225 4878 3398 4917 annos
3450 4862 3680 4935 triginta

2099 4946 2160 5014 et
2196 4932 2746 5014 unumLEjus—autem-
2766 4932 2984 4987 initium
3015 4932 3301 5014 consignat
3321 4948 3466 5014 anno
3492 4932 3680 5000 primo

2099 5005 2435 5078 Olympiadis
2452 5003 2855 5078 ducentesima:
2869 5073 2882 5078 _
2894 5003 3306 5078 septuagesima:
3355 5003 3568 5071 primae,
3611 5011 3681 5057 ut

2100 5072 2277 5145 supra
2294 5074 2557 5145 vidimus.
2568 5072 2749 5145 Atqui
2783 5073 2852 5127 ab
2869 5072 2976 5128 hoc
2997 5088 3141 5127 anno
3162 5072 3230 5128 ad
3247 5086 3449 5145 annum
3474 5086 3682 5126 secun-

2101 5141 2231 5200 du'm
2276 5142 2613 5215 Olympiadis
2669 5141 3059 5215 ducentesima
3115 5141 3527 5215 septuagesima:
3576 5153 3684 5195 oc-

2104 5222 2258 5278 tavae,
2287 5210 2416 5268 anni
2436 5210 2577 5267 'sunt
2617 5220 2825 5266 tantum
2862 5212 3107 5281 triginta,
3132 5210 3293 5281 idque
3317 5210 3532 5281 duobus
3565 5218 3686 5263 ter-

2106 5230 2258 5278 tavaa,
2287 5230 2416 5268 anni
2449 5230 2577 5267 sunt
2617 5230 2825 5266 tantum
2862 5230 2930 5266 ιῐΊ
2975 5230 3107 5272 "lla,
3132 5230 3293 5281 tuque
3317 5230 3532 5265 (lllODllS
3565 5230 3683 5263 ter-

2106 5284 2270 5338 minis
2306 5282 2552 5337 inclusis.
2589 5281 2826 5336 Proinde
2858 5282 2914 5336 in
2938 5230 3055 5337 ioc
3085 5280 3325 5336 Socratis
3358 5280 3480 5335 loco
3514 5293 3683 5335 men-

2104 5352 2235 5409 dum
2262 5352 2335 5409 sit
2368 5367 2591 5408 necesse
2618 5361 2720 5406 est.

1871 5506 2171 5565 VARIORU
2178 5508 2225 5561 Μ
2236 5550 2246 5562 .

487 5626 517 5666 (ι
553 5625 664 5681 Τὸν
681 5625 829 5691 ,ϐίον
848 5625 1129 5682 ἀπέλιπε.
1150 5623 1304 5685 Διιηο
1325 5625 1533 5696 imperii
1567 5641 1732 5689 χχιιι,
1765 5641 1883 5678 cum
1916 5631 1997 5677 to-

424 5706 534 5750 tum
558 5695 734 5752 orbem
762 5695 1010 5752 tredecim
1040 5697 1307 5760 tenuisset,
1333 5695 1612 5765 sexaginta
1638 5702 1817 5765 natus,
1839 5703 1996 5765 atque

425 5765 652 5834 amplius
682 5766 884 5831 duo,in
933 5767 1122 5822 Persas
1163 5767 1401 5830 tendens,
1441 5763 1663 5834 diiqueis
1693 5763 1888 5817 bellum
1911 5763 1994 5817 ir-

427 5833 675 5905 rumpere
702 5849 995 5908 acceperat,
1024 5854 1148 5892 rure
1183 5838 1421 5909 proximo
1463 5833 1781 5889 Nicomedia:
1832 5835 1999 5905 Athy-

2098 5639 2288 5677 ronam
2326 5631 2532 5688 vocant,
2567 5626 2819 5687 excessit;
2846 5640 2966 5678 cum
2996 5623 3053 5677 id
3078 5632 3273 5693 tetrum
3299 5623 3444 5677 sidus
3472 5626 3681 5693 regnis,

2096 5693 2528 5775 quod-crinitum
2563 5694 3179 5775 voea_nt,_portenfliss_et.
3222 5692 3401 5775 Funus
3434 5692 3691 5775 zelatur-rt

2096 5762 2151 5817 in
2179 5764 2358 5818 urbem
2380 5764 2463 5818 sui
2496 5765 2743 5818 nominis.
2777 5762 2963 5819 Victor
2985 5763 3051 5817 de
3080 5762 3406 5818 Caesaribus.
3434 5763 3693 5821 Decessit

2100 5844 2283 5891 autem
2312 5833 2374 5889 A.
2406 5833 2466 5891 C.
2504 5833 2628 5903 357,
2669 5833 2759 5890 die
2792 5834 3165 5899 Pentecostes,
3210 5848 3263 5888 χι
3302 5832 3420 5889 Kal.
3465 5832 3688 5889 lunias.
