4026 6338
1245 400 1572 459 HISTORIA
1610 400 2170 464 ECCLESIASTICA.
2207 436 2278 449 —
2314 360 2465 464 1.13..
2488 408 2552 464 ιι.

3420 405 3527 464 186

250 512 439 584 λωτὴν
488 509 586 571 τοῦ
647 510 915 582 βασιλέως
983 512 1397 570 Κωνσταντίνου
1457 517 1789 588 γεγενῆσθαι
1809 531 1826 549 ο

1949 519 2074 575 slum
2098 528 2249 592 gesta
2291 528 2441 587 sunt,
2465 527 2590 592 post
2625 517 2973 576 Constantini
3008 517 3219 575 obitum
3258 521 3527 579 accidisse

248 604 430 674 ἀγνοεῖ
465 601 526 656 δὲ
552 603 652 657 καὶ
688 602 790 675 τὴν
813 604 872 656 ἐν
900 602 1156 667 Γαλλίαις
1194 604 1497 678 γενομένην
1538 606 1705 663 αὐτοῦ
1738 607 1830 675 ἐξ·

249 695 421 767 ορίαν,
452 695 550 749 καὶ
562 694 732 766 ἕτερα
756 694 996 750 πλείονα.
1031 696 1225 767 Ἡμεῖς
1251 692 1348 753 οὖν
1378 700 1647 773 πρότερον
1681 702 1833 756 Ῥου-

250 792 379 858 φίνῳ
403 786 891 859 ἀκολουθήσαντες,
916 787 980 841 τὸ
1012 788 1228 860 πρῶτον
1258 789 1354 844 καὶ
1372 790 1436 844 τὸ
1460 790 1719 863 δεύτερον
1734 793 1833 864 τῆς

259 877 518 949 Ἱστορίας
566 876 793 949 βιϐλίον,
834 872 869 952 ᾖ
916 878 1110 948 ἐκείνῳ
1158 878 1332 932 ἐδόκει
1368 881 1831 954 συνεγράψαμεν·

249 970 351 1026 ἀπὸ
376 969 435 1024 δὲ
458 969 557 1024 τοῦ
585 969 771 1041 τρίτου
813 970 943 1041 ἄχρι
967 970 1063 1025 τοῦ
1099 971 1329 1043 ἑϐδόμου
1361 972 1567 1042 βιϐλίου
1587 1015 1601 1040 ,
1630 974 1699 1028 τὰ
1732 973 1834 1046 μὲν

251 1060 397 1133 παρά
438 1061 727 1130 Ῥουφίνου
773 1061 1068 1127 λαϐόντες,
1109 1062 1181 1118 τὰ
1212 1063 1271 1118 δέ
1304 1064 1370 1119 ἐκ
1402 1064 1676 1137 διαφόρων
1708 1081 1833 1119 συν-

250 1154 571 1222 αγαγόντες,
585 1154 710 1209 τινὰ
730 1154 786 1208 δὲ
806 1154 900 1209 καί
924 1156 1078 1229 παρὰ
1100 1155 1210 1211 τῶν
1230 1156 1310 1211 ἐτι
1327 1156 1546 1223 ζώντων
1567 1157 1836 1213 ἀκούσαν-

251 1261 370 1307 τες,
416 1245 840 1319 ἐπληρώσαμεν.
904 1249 1172 1321 Ὕστερον
1249 1252 1436 1323 μέντοι
1481 1253 1836 1324 συντυχόντες

263 1337 583 1393 ’Δθανασίου
618 1340 1014 1412 συντάγμασιν,
1049 1343 1108 1396 ἐν
1134 1338 1216 1408 οἷς
1241 1344 1307 1399 τὰ
1339 1345 1463 1400 καθ’
1489 1346 1681 1400 ἐαυτὸν
1711 1345 1834 1400 ὀδύ-

254 1444 400 1499 ρεται
430 1428 582 1500 πάθη
611 1470 627 1494 ,
666 1431 764 1485 καὶ
814 1432 963 1497 ὅπως
992 1433 1081 1488 διὰ
1125 1435 1227 1505 τὴν
1270 1435 1531 1508 διαϐολὴν
1563 1437 1673 1491 τῶν
1706 1437 1837 1510 περὶ

252 1518 506 1574 Εὐσέϐιον
538 1520 810 1595 ἐξωρίσθη
833 1564 848 1589 ,
882 1521 1134 1593 ἔγνωμεν
1168 1524 1281 1578 δεῖν
1313 1525 1591 1581 πιστεύειν
1633 1526 1835 1598 μᾶλλον

251 1606 325 1679 τῷ
354 1609 651 1665 πεπονθότι
673 1650 689 1676 ,
730 1613 826 1667 καὶ
870 1600 985 1678 τοῖς
1018 1616 1320 1687 γινομένων
1351 1617 1460 1670 τῶν
1490 1617 1835 1689 πραγμάτων

253 1699 537 1769 παροῦσιν,
568 1698 601 1772 ἢ
625 1704 740 1767 τοῖς
770 1705 1344 1776 καταστοχασαμένοις
1370 1705 1570 1773 αὐτῶν,
1605 1707 1700 1761 καὶ
1723 1708 1838 1761 δια-

1934 619 2125 665 censet
2150 628 2164 664 :
2192 610 2583 682 relegationem
2612 623 2833 680 quoque
2856 610 2978 680 ejus
3001 609 3058 664 in
3081 608 3305 678 Gallias,
3330 618 3388 666 et
3418 613 3526 669 alia

1936 702 2176 774 plurima
2218 700 2611 773 praetermittit.
2659 700 2737 755 Ac
2772 699 2931 771 prius
2973 700 3198 771 quidem
3233 716 3338 757 nos
3375 701 3528 758 Ruﬁ-

1934 810 2070 850 num
2098 802 2385 849 auctorem
2411 792 2608 858 secuti,
2632 792 2875 863 primum
2915 806 2980 847 ac
3011 792 3313 848 secundum
3337 793 3525 850 Histo—
3624 850 3627 855 ,

1935 884 2035 941 riae
2060 893 2265 940 nostra:
2292 883 2495 938 librum
2517 883 2674 954 juxta
2700 880 2860 937 fidem
2892 881 3040 938 illius
3074 883 3524 954 conscripsimus.

1937 976 1983 1032 A
2010 977 2177 1032 tertio
2201 991 2336 1031 vero
2370 975 2514 1030 libro
2545 988 2720 1044 usque
2760 973 2829 1028 ad
2872 974 3188 1045 septimum,
3216 975 3420 1046 partim
3459 991 3529 1032 ex

1938 1067 2187 1141 ejusdem
2231 1066 2441 1134 Ruﬁni,
2477 1068 2679 1139 partim
2715 1080 2784 1121 ex
2807 1067 3042 1123 aliorum
3085 1068 3243 1124 libris
3277 1069 3529 1139 quasdam

1940 1161 2283 1232 colligentes,
2329 1159 2594 1214 nonnulla
2627 1160 2792 1216 etiam
2818 1147 2887 1216 ex
2914 1159 2982 1215 iis
3003 1161 3098 1231 qui
3125 1159 3306 1217 adhuc
3332 1176 3529 1233 super-

1940 1260 2070 1308 sunt
2095 1251 2282 1307 audita
2311 1250 2634 1316 referentes,
2662 1266 2803 1323 opus
2827 1260 3079 1307 nostrum
3110 1251 3530 1323 complevimus.

1940 1344 2136 1399 Postea
2158 1358 2290 1398 vero
2320 1328 2452 1398 cum
2477 1341 2763 1398 Athanasii
2793 1342 2967 1398 libros
2999 1343 3148 1399 nacti
3181 1359 3449 1410 essemus,
3473 1344 3532 1400 in

1941 1435 2145 1506 quibus
2191 1433 2284 1489 ille
2328 1449 2456 1489 suas
2497 1434 2839 1490 calamitates
2882 1434 3155 1506 deplorat,
3190 1443 3248 1491 et
3291 1452 3401 1507 qua
3446 1452 3533 1492 ra-

1944 1526 2094 1582 tione
2122 1541 2222 1597 per
2253 1526 2583 1581 calumniam
2620 1540 2685 1582 ac
2713 1525 2961 1582 fraudem
3000 1526 3438 1583 Eusebianorum
3473 1527 3534 1583 in

1941 1618 2198 1677 exsilium
2242 1618 2445 1674 missus
2483 1618 2671 1685 fuerit,
2711 1620 2958 1691 exponit,
3001 1621 3173 1676 satius
3208 1635 3329 1676 esse
3368 1620 3532 1676 duxi-

1942 1727 2067 1767 mus
2090 1711 2142 1767 ei
2168 1710 2263 1781 qui
2290 1710 2431 1766 mala
2458 1711 2576 1782 ipsa
2599 1725 2894 1782 perpessus
2918 1718 3084 1777 esset,
3109 1718 3166 1767 et
3203 1711 3272 1767 iis
3306 1712 3399 1782 qui
3441 1727 3533 1768 re-

251 1790 403 1844 τοῦτο
430 1791 800 1864 πλανηθεῖσιν.
839 1795 961 1849 Ἔτι
993 1795 1100 1867 μὴν
1127 1775 1223 1850 καὶ
1252 1796 1553 1851 ἐπιστολῶν
1573 1797 1684 1851 τῶν
1709 1797 1831 1851 τότε

1949 1809 2039 1857 bus
2076 1775 2246 1872 gestis
2287 1775 2881 1867 interfuisse—ritﬂldem
2927 1775 3169 1867 habere,
3215 1775 3382 1872 quain
3424 1799 3537 1857 illis

252 1879 529 1953 διαφόρων
558 1884 1011 1957 ἐπιτετυχηκότες
1029 1926 1045 1950 ,
1092 1887 1170 1951 ώς
1200 1881 1312 1941 οἷόν
1343 1904 1403 1941 τε
1430 1888 1532 1959 τὴν
1574 1888 1833 1960 ἀλήθειαν

253 1971 670 2045 ἀνιχνεῦσαμεν.
700 1976 794 2030 Διὸ
829 1977 1260 2049 ἠναγκάσθημεν
1287 1978 1357 2032 τὸ·
1397 1978 1612 2050 πρῶτον
1641 1979 1736 2032 καὶ
1772 1979 1834 2033 τδ

251 2059 498 2133 δεύτερον
526 2063 731 2134 βιϐλίον
769 2066 975 2121 ἄνωθεν
1006 2066 1379 2140 ὑπαγορεῦσαι
1401 2107 1417 2132 ,
1459 2066 1837 2140 συγχρώμενα

253 2153 342 2206 καὶ
367 2155 435 2206 ἐν
457 2149 543 2218 οἷς
572 2157 602 2210 ὁ
643 2157 922 2227 Ῥουφῖνος
944 2159 1046 2213 οὔκ
1072 2161 1331 2215 ἐκπίπτει
1360 2160 1455 2214 τοῦ
1478 2162 1733 2233 ἀληθοῦς.
1759 2163 1836 2217 Οὐ

256 2244 356 2316 μὴν
382 2245 522 2301 ἀλλὰ
553 2249 649 2302 καὶ
678 2248 838 2303 τοῦτο
872 2252 1067 2315 ίστὲον,
1115 2252 1198 2307 δτι
1237 2254 1299 2307 οὐ
1340 2253 1741 2326 παρεθήκαμεν
1778 2255 1836 2309 ἐν

253 2338 313 2406 τῇ
352 2335 552 2409 πρώτῃ
606 2339 974 2411 δπαγορεύσει
1024 2341 1086 2396 τὸ
1126 2342 1514 2415 καθαιρετικδν
1585 2347 1835 2419 Ἀρείου,

254 2426 368 2481 οὔτε
406 2428 520 2500 μὴν
559 2428 657 2494 τὰς
699 2430 965 2502 βασιλέως
998 2433 1325 2498 ἐπιστολὰς,
1365 2435 1503 2491 ἀλλὰ
1545 2436 1616 2492 τὰ
1656 2437 1843 2509 γυμνὰ

257 2518 419 2589 μόνον
437 2520 779 2592 πράγματα,
808 2523 951 2596 ὑπὲρ
992 2525 1088 2579 τοῦ
1141 2525 1216 2599 μὴ
1261 2526 1586 2599 πολυστίχου
1615 2530 1840 2602 γενομέ-

255 2626 348 2680 νης
393 2612 499 2682 τῆς
554 2615 829 2686 ἱστορίας,
887 2616 1154 2687 ὀκνηροὺς
1200 2619 1328 2682 τοὺς
1370 2618 1842 2688 ἀναγινώσκοντας

255 2701 695 2773 ἀπεργάσασθαι.
735 2706 953 2783 Ἐπειδὴ
988 2708 1126 2778 πρὸς
1171 2708 1273 2779 σὴν
1313 2710 1495 2781 χάριν,
1527 2705 1572 2766 ὦ
1607 2712 1719 2783 ίερὲ
1746 2712 1842 2768 τοῦ

255 2790 387 2845 Θεοῦ
407 2792 670 2864 ἄνθρωπε
698 2795 941 2869 Θεόδωρε
968 2797 1081 2868 (75)
1104 2839 1119 2864 ,
1148 2800 1241 2853 καὶ
1269 2800 1428 2855 τοῦτο
1450 2801 1556 2856 ἔδει
1594 2803 1842 2873 ποιῆσαι.

256 2884 391 2939 ὥστε
440 2886 521 2957 μὴ
564 2887 782 2956 ἀγνοεῖν
828 2889 925 2944 καὶ
970 2890 1071 2944 ὅσα
1105 2893 1226 2956 ταῖς
1266 2891 1485 2959 λέξεσιν
1506 2896 1556 2947 οῖ
1606 2895 1846 2963 βασιλεῖς

257 2978 598 3052 ἐπέστειλαν,
629 2981 663 3052 ἢ
693 2982 834 3037 κατὰ
865 2983 1158 3057 διαφόρους
1192 2986 1443 3050 συνόδους
1474 2988 1524 3041 οἱ
1556 2987 1846 3044 ἐπίσκοποι

256 3067 350 3139 τὴν
384 3068 575 3122 πίστιν
597 3070 918 3143 καταϐραχῦ
955 3072 1380 3143 μεταποιοῦντες
1410 3073 1701 3139 ἐξέδωκαν
1730 3076 1845 3130 δια-

258 3159 413 3216 τοῦτο
435 3163 539 3216 ὅσα
558 3162 835 3232 ἀναγκαῖα
857 3163 1203 3236 ἡγησάμεθα,
1219 3165 1278 3219 ἐν
1290 3167 1419 3237 τῇδε
1434 3168 1501 3239 τῇ
1531 3167 1846 3239 μεταταῢτα

261 3253 625 3326 ὑπαγορεύσει
647 3255 1109 3327 μετατεθείκαμεν
1130 3272 1145 3287 ⁸
1174 3256 1444 3312 καὶτοῦτο
1466 3258 1524 3311 ἐν
1546 3258 1624 3330 τῷ
1645 3257 1847 3332 πρώτῳ

264 3346 447 3419 βιϐλίῳ
474 3349 803 3419 ποιήσαντες
824 3387 841 3413 ,
880 3349 975 3404 καὶ
1001 3351 1058 3403 ἐν
1087 3348 1166 3419 τῷ
1201 3348 1341 3420 μετὰ
1365 3353 1577 3422 χεῖρας,
1613 3351 1759 3421 λέγω
1786 3352 1844 3406 δὲ

262 3436 334 3507 τῷ
355 3438 597 3509 δευτέρῳ
619 3480 634 3503 ,
666 3439 889 3510 ποιῆσαι
914 3438 1305 3511 σπουδάζομεν.
1350 3440 1606 3512 Ἀρκτέον
1644 3439 1701 3494 δὲ
1741 3441 1851 3514 ἤδη

266 3527 359 3597 τῆς
386 3529 652 3599 ἱστορίας.

1933 1893 2029 1962 qui
2077 1908 2169 1949 res
2218 1893 2540 1963 conjectura
2600 1898 2813 1946 tantum
2861 1892 3139 1958 assecuti,
3184 1900 3243 1948 et
3286 1891 3359 1947 ob
3407 1884 3534 1946 eam

1935 1997 2159 2038 causam
2199 1982 2256 2037 in
2294 1996 2541 2038 errorem
2579 1981 2822 2053 prolapsi
2861 1988 3069 2038 essent.
3105 1981 3185 2039 Ad
3214 1982 3333 2039 haec
3354 1981 3537 2037 varias

1935 2071 2320 2128 excellentium
2350 2080 2484 2127 tunc
2509 2072 2773 2143 temporis
2793 2072 3038 2128 virorum
3072 2073 3338 2144 epistolas
3364 2072 3533 2138 nacti,

1935 2162 2262 2228 veritatem,
2310 2162 2492 2233 quoad
2546 2164 2667 2235 ejus
2709 2162 2830 2220 ﬁeri
2877 2164 3087 2235 potuit,
3129 2164 3532 2237 indagavimus.

1937 2254 2112 2322 Quam
2134 2255 2206 2311 ob
2228 2272 2451 2312 causam
2480 2271 2707 2315 necesse
2743 2258 2904 2316 nobis
2936 2258 3041 2314 fuit
3074 2259 3316 2330 primum
3349 2274 3415 2315 ac
3450 2275 3539 2316 se-

1939 2347 2182 2402 cundum
2214 2348 2378 2420 hujus
2408 2350 2594 2420 operis
2623 2350 2827 2405 librum
2851 2366 2920 2405 ex
2945 2351 3161 2422 integro
3189 2349 3423 2416 dictare,
3449 2365 3539 2406 rc-

1941 2438 2110 2495 tentis
2147 2440 2513 2497 nihilominus
2546 2442 2617 2497 iis
2663 2442 2719 2496 in
2753 2440 2957 2512 quibus
2991 2440 3226 2496 Ruﬁnus
3248 2456 3278 2496 a
3302 2440 3537 2498 veritate

1941 2529 2168 2587 minime
2209 2531 2504 2588 aberravit.
2539 2532 2680 2589 Illud
2706 2540 2973 2604 praeterea
2995 2532 3281 2588 sciendum
3304 2540 3411 2598 est,
3435 2548 3539 2590 nos

1943 2621 2000 2676 in
2036 2622 2221 2694 priore
2256 2624 2523 2691 editione,
2559 2641 2665 2682 nec
2706 2625 2956 2681 libellum
2996 2625 3360 2696 depositionis
3394 2624 3535 2690 Arii,

1945 2728 2049 2769 nec
2084 2711 2435 2784 imperatoris
2468 2715 2750 2786 epistolas,
2778 2714 2873 2771 sed
2902 2715 3109 2771 nudam
3139 2730 3323 2770 rerum
3360 2722 3542 2786 gesta-

1945 2820 2069 2858 rum
2096 2806 2467 2861 narrationem
2491 2806 2763 2877 posuisse,
2789 2822 2858 2863 ne
2884 2823 2953 2862 ex
2977 2807 3274 2862 verborum
3309 2807 3538 2878 prolixi-

1947 2902 2060 2951 tate
2082 2895 2384 2952 lectoribus
2410 2897 2632 2953 taadium
2655 2907 2996 2955 nasceretur.
3025 2896 3133 2953 Sed
3156 2899 3415 2969 quoniam
3443 2907 3539 2957 tua

1948 3002 2111 3042 causa
2136 2988 2268 3043 illud
2291 3004 2511 3059 quoque
2533 2989 2902 3061 prastandum
2928 2999 3070 3056 erat,
3094 3006 3128 3046 ο
3150 2991 3239 3046 vir
3259 3006 3325 3046 ac
3353 3006 3537 3048 sacer-

1950 3076 2050 3131 dos
2071 3077 2168 3133 Dei
2196 3078 2506 3144 Theodore,
2536 3087 2597 3134 ut
2628 3096 2808 3151 neque
2835 3095 2901 3136 ea
2930 3096 3052 3152 qua
3084 3080 3447 3152 imperatores
3481 3099 3539 3138 in

1947 3168 2062 3223 suis
2096 3168 2347 3239 epistolis
2383 3170 2726 3241 scripserunt
2769 3169 3074 3242 ignorares,
3100 3188 3282 3244 neque
3317 3188 3383 3229 ea
3416 3189 3542 3245 quae

1946 3259 2191 3330 episcopi
2236 3260 2295 3315 in
2338 3261 2575 3317 diversis
2617 3262 2869 3319 conciliis
2912 3263 3077 3320 ﬁdem
3119 3264 3233 3335 30
3273 3265 3540 3335 paulatim

1946 3348 2301 3406 immutantes
2344 3351 2835 3421 promulgaverunt
2879 3369 2895 3406 :
2941 3351 3150 3407 idcirco
3191 3367 3539 3422 quacunque

1946 3442 2258 3497 necessaria
2301 3458 2422 3498 esse
2467 3443 2821 3510 censuimus,
2868 3443 2927 3500 in
2973 3443 3119 3509 hanc
3174 3444 3540 3514 posteriorem

1945 3532 2247 3589 editionem
2274 3535 2676 3591 transtulimus.
2705 3536 2922 3591 Etcum
2946 3535 3005 3590 in
3024 3534 3204 3606 primo
3225 3533 3369 3590 libro
3389 3534 3539 3589 istud

267 3638 296 3676 a
318 3622 475 3678 nobis
496 3624 609 3694 jam
636 3625 942 3695 praestitum
967 3625 1059 3692 sit,
1086 3625 1232 3681 idem
1261 3640 1482 3697 quoque
1514 3624 1571 3679 in
1608 3625 1875 3694 secundo,
1915 3644 2078 3699 quem
2112 3645 2226 3701 prae
2258 3632 2512 3688 manibus
2549 3632 2839 3699 habemus,
2897 3635 3159 3702 praestare
3194 3629 3537 3687 conabimur.

269 3711 368 3770 ﬁtd
397 3715 512 3786 jam
551 3721 767 3786 tempus
793 3724 879 3771 est
916 3725 977 3772 ut
1009 3717 1078 3771 ad
1114 3716 1358 3772 historia:
1384 3716 1637 3773 ordinem
1677 3727 2045 3774 revertamur.

864 3836 1115 3890 ΚΕΦΑΛ.
1165 3836 1240 3890 Β¹.

279 3923 443 3994 Ὠςλοί
465 3925 601 3994 περὶ
631 3925 924 3980 Εὐσέϐιον
948 3926 1054 3980 τὸν
1078 3925 1469 3994 Νικομηδείας
1484 3925 1843 3991 ἐπίσκοπον,

333 3991 505 4062 αὖθις
539 3991 641 4049 ’τὸ
706 3997 919 4063 Ἀρείου
978 3991 1456 4061 σπουδάσαντες-⁷
1503 3996 1846 4065 εἰσαγαγεῖν

331 4065 550 4136 δόγμα,
578 4066 841 4134 ταραχὰς
871 4065 999 4132 ταῖς
1042 4067 1430 4135 Ἐκκλησίαις
1456 4066 1771 4134 ἐκίνησαν.

335 4167 438 4221 Τοῦ
473 4167 741 4239 βασιλέως
785 4169 1196 4223 Κωνσταντίνου
1273 4169 1694 4242 τελευτήσαντος
1719 4210 1733 4234 ,
1792 4171 1845 4224 οἱ

272 4261 391 4330 περὶ
424 4261 686 4314 Εὐσέϐιον
732 4260 823 4314 τὸν
852 4260 1169 4332 Νικομηδέα
1202 4260 1298 4315 καὶ
1341 4261 1564 4330 θὲογνιν
1606 4263 1843 4327 Νικαίας

272 4349 578 4414 ἐπίσκοπον,
629 4350 821 4421 καιροῦ
861 4350 1150 4423 δεδράχθαι
1201 4349 1458 4421 εὐκαίρου
1498 4350 1838 4420 νομίσαντες,

273 4440 450 4508 ἀγῶνα
480 4441 666 4495 ἔθεντο
716 4441 815 4513 τὴν
848 4441 941 4496 τοῦ
994 4441 1280 4512 ὁμοουσίου
1331 4442 1513 4494 πίστιν
1564 4442 1836 4505 ἐκϐαλεῖν,

2606 3838 2757 3894 CAP.
2799 3839 2864 3894 Π.

1950 3929 2221 3997 Quomodo
2279 3930 2535 3985 Eusebius
2594 3930 3007 3985 Nicomediensis
3056 3946 3176 3984 cum
3226 3930 3366 3994 suis,
3421 3927 3538 3984 Arii

2017 4000 2229 4123 doggna.
2261 4000 2457 4055 iterum
2505 4000 2751 4054 inducere
2798 4009 3056 4067 conatus,
3104 3998 3368 4081 Ecclesia:
3411 4015 3537 4069 per-

2021 4078 2108 4123 tur
2146 4080 2272 4123 arat.
3320 4104 3323 4107 -

2021 4078 2272 4124 turbarit.
3135 4078 3141 4081 ⁷
3320 4104 3323 4107 -

2017 4173 2232 4227 Mortuo
2279 4173 2613 4243 imperatore
2652 4171 3038 4239 Constantino,
3078 4172 3354 4229 Eusebius
3379 4170 3542 4227 Nico-

1946 4265 2244 4320 mediensis
2291 4274 2349 4321 et
2390 4265 2666 4337 Theognis
2716 4266 3000 4329 Nicaenus,
3055 4271 3429 4336 opportunum
3481 4278 3541 4319 se

1949 4362 2166 4425 tempus
2210 4366 2403 4412 nactos
2446 4373 2567 4413 esse
2610 4347 2892 4422 arbitrati,
2938 4356 3089 4413 omni
3142 4356 3326 4412 studio
3378 4355 3435 4409 in
3484 4353 3539 4408 id

1947 4446 2340 4514 incubuerunt,
2374 4457 2434 4503 ut
2464 4448 2952 4504 consubstantialis
2975 4447 3136 4503 ﬁdem
3158 4446 3536 4510 exturbarent,

274 4531 604 4600 ἀντεισάγειν
646 4531 703 4585 δὲ
748 4531 847 4602 τὴν
896 4531 1330 4603 άρειανίζουσαν.
1380 4530 1734 4601 Περιένσεσθαι
1785 4532 1840 4585 δὲ

1949 4540 2172 4610 ejusque
2199 4541 2320 4595 loco
2345 4541 2661 4611 Opinionem
2686 4542 2802 4596 Arii
2835 4539 3274 4596 introducerent.
3311 4536 3370 4593 Id
3405 4552 3539 4592 vero

273 4621 451 4677 τούτου
474 4626 575 4677 οὐκ
597 4622 663 4677 ἂν
687 4622 931 4677 δύναιντο
960 4623 1095 4693 (Ἠ),
1126 4626 1175 4676 εἰ
1205 4624 1280 4696 μὴ
1305 4623 1649 4693 ὑπονοστήσῃ
1678 4622 1842 4676 Ἀθα-

274 4716 465 4780 νάσιος.
516 4714 705 4770 Ταῦτα
754 4715 809 4770 δὲ
856 4716 1274 4781 κατεσκεύαζον,
1314 4715 1578 4788 ὑπουργῷ
1626 4715 1843 4787 χρώμε-

275 4822 347 4861 νοι
402 4808 479 4878 τῷ
526 4808 917 4882 πρεσϐυτέρῳ,
974 4809 1033 4873 ὃς
1083 4811 1181 4882 τῆς
1238 4808 1445 4881 Ἀρείου
1494 4808 1845 4880 ἀνακλήσεως

1947 4649 2232 4703 nunquam
2282 4650 2340 4689 se
2391 4642 2792 4691 consecuturos
2844 4651 2968 4690 esse
3028 4631 3440 4703 intelligebant,
3494 4630 3540 4685 si

1945 4722 2282 4779 Athanasius
2338 4722 2725 4779 Alexandriam
2785 4730 3179 4780 reverteretur.
3236 4722 3408 4776 Porro
3471 4720 3540 4774 ad

1949 4810 2065 4865 haec
2112 4812 2325 4882 agenda
2372 4813 2457 4868 usi
2513 4821 2643 4869 sunt
2688 4813 2997 4870 ministerio
3044 4810 3350 4884 presbyteri
3397 4809 3544 4866 illius

1430 4982 1698 5041 VALESII
1736 4983 2292 5042 ANNOTATIONES.

343 5150 450 5227 (Ἶό)
479 5154 723 5227 Ἐπειδὴ
752 5154 1056 5227 πρὸςμσὴν
1090 5152 1286 5227 χᾲριν,
1307 5148 1355 5209 ὧ
1383 5150 1676 5227 lapsura?
1697 5151 1848 5227 θεοῆ

275 5222 540 5293 (ierst
561 5222 840 5293 Θεόδωρε.
895 5222 1260 5280 Scribendum
1292 5233 1379 5279 est
1412 5223 1596 5289 ἐπειδὴ
1655 5222 1734 5286 δέ,
1762 5223 1848 5277 vel

275 5292 386 5347 ἐπεὶ
409 5296 486 5360 δέ,
523 5304 583 5351 ut
619 5292 859 5351 Savilius
888 5297 955 5351 ad
988 5311 1143 5350 oram
1194 5296 1281 5350 sui
1314 5293 1521 5349 codicis
1555 5293 1854 5346 adnotave-

275 5371 370 5418 τοι.
406 5365 726 5437 Legendum
752 5380 973 5435 quoque
1011 5364 1162 5420 esui)
1203 5365 1313 5437 ίερὲ
1345 5364 1436 5437 τοῦ
1464 5363 1598 5437 Θεοῦ
1641 5362 1850 5437 ἄνθ-ρω-

275 5450 338 5508 ﬁt:
358 5433 624 5508 βεόδωρε,
662 5445 727 5492 ιιι
752 5433 1018 5508 scriptum
1066 5446 1152 5508 est
1202 5433 1846 5508 in'codjec‘Florentino.

274 5501 467 5586 iisdem
493 5501 682 5563 verbis
708 5501 1001 5586 Paulinum
1023 5507 1342 5586 episcopum
1370 5505 1500 5586 Τ)Ὑὶ
1537 5503 1850 5586 alloquitur

274 5572 543 5632 Eusebius
574 5588 771 5633 noster
818 5577 872 5630 in
906 5572 1133 5632 exordio
1190 5572 1320 5630 libri
1352 5572 1551 5629 decimi
1592 5572 1849 5627 llistorize

272 5646 668 5723 ecclesiasticae.
687 5647 870 5723 _Cujus
898 5647 1209 5723 exemplum
1237 5655 1459 5723 secutus
1510 5645 1601 5723 hic
1629 5643 1851 5723 videtur

276 5715 540 5787 §ocrates.
594 5715 862 5783 Quisnam
906 5715 1073 5787 porro
1119 5718 1208 5770 hic
1249 5716 1320 5768 sit
1364 5716 1708 5787 Theodorus,
1757 5715 1844 5765 cui

277 5782 524 5845 Socrates
575 5782 877 5844 Historiam
908 5782 1085 5841 'suam
1145 5786 1517 5855 nuncupavit,
1573 5785 1844 5839 incertum

1953 5160 2058 5208 est.
2114 5152 2303 5233 Neque
2329 5151 2484 5233 enim
2524 5151 2878 5233 Theodorum
2922 5154 3374 5226 Mopsuestenum
3424 5156 3543 5229 epi-

1955 5238 2182 5294 scopum
2211 5223 2443 5294 intelligi
2476 5232 2635 5294 puto.

2028 5292 2139 5363 (74)
2174 5292 2562 5363 Περιέσεσθαι
2599 5295 2668 5347 δὲ
2701 5294 2918 5349 τούτου
2964 5297 3075 5350 οὐκ
3122 5295 3198 5350 ἂν
3235 5296 3538 5351 δύναιντο.

1958 5360 2060 5417 ilic
2087 5360 2497 5437 locns’mutilus
2520 5373 2605 5419 est
2638 5380 2701 5418 ac
2721 5365 3045 5437 mendosus.
3074 5366 3328 5437 Supplcri
3358 5375 3539 5437 tamen

1958 5449 2071 5506 non
2105 5434 2453 5506 incommode
2507 5443 2690 5505 potest
2720 5436 2823 5506 hoc
2858 5437 3046 5506 modo,
3103 5434 3458 5506 ιιὲριέσεσθαι
3482 5435 3540 5487 δὲ

1953 5502 2160 5576 τοῦτονΔ
2180 5502 2445 5576 συνῄεσαν
2474 5502 2549 5568 ὥς
2573 5506 2689 5576 οὐκ,
2717 5505 2782 5559 ἂν
2815 5505 3078 5569 δύναιντο,
3104 5509 3153 5559 εἰ
3188 5502 3542 5576 ’ὑπονοστήσῃ

1970 5573 2309 5646 ξΛθανάσιος.
2347 5573 2585 5646 Rcstitui
2621 5575 2786 5630 etiam
2820 5585 3000 5646 potest
3027 5577 3131 5630 hoc
3159 5576 3340 5646 modo,
3377 5573 3542 5646 Περιέ

1956 5642 2177 5716 ἔσεσθαι
2209 5644 2264 5696 δὲ
2295 5643 2489 5700 τούτου
2515 5647 2611 5700 οὐκ
2648 5647 2711 5701 ἄν
2753 5642 2880 5699 ποτε
2909 5646 3094 5716 ᾤοντο,
3138 5655 3197 5699 ut
3228 5644 3397 5700 hath
3439 5642 3539 5700 Ni-

1956 5714 2248 5783 cephorus.
