4026 6338
352 300 357 305 ’
410 301 513 359 {87

1847 300 2183 361 SOCRA'I‘IS

3559 289 3666 348 188

408 438 507 492 per
538 435 702 492 quem
738 422 900 491 paulo
940 428 1065 476 ante
1087 408 1250 475 Arius
1280 417 1457 474 fuerat
1496 419 1566 473 ab
1601 417 1794 473 exsilio
1829 431 1983 473 revo-

2093 412 2259 478 αἵτιος
2311 413 2504 486 μικρὸν
2551 411 2857 486 ἔμπροσθεν
2912 408 3172 480 ἐγεγόνει.
3230 407 3356 472 Πῶς
3398 406 3458 462 δὲ
3505 405 3668 463 τοῦτο

409 518 583 568 catus.
626 511 733 567 Sed
762 510 1223 581 quemadmodum
1266 523 1331 563 ea
1377 523 1467 563 res
1498 506 1745 563 confecta
1782 505 1875 569 sit,
1902 505 1985 559 di-

410 602 646 658 cendum
697 602 956 657 arbitror.
1013 600 1304 671 Presbyter
1352 599 1444 652 ille
1502 612 1666 667 quem
1720 595 1981 662 diximus,

410 701 799 751 testamentum
854 700 909 747 et
964 691 1219 746 mandata
1267 704 1390 760 quae
1429 688 1821 761 Constantinus
1862 702 1983 742 mo-

410 782 560 837 riens
600 781 700 851 ipsi
740 780 1105 843 commiserat,
1133 779 1455 835 Constantio
1489 779 1836 849 imperatoris
1872 777 1985 832 ﬁlio

410 871 631 925 obtulit.
680 870 775 925 Ille
826 884 951 925 cum
992 870 1048 923 in
1095 875 1419 923 testamento
1463 867 1519 922 id
1558 867 1705 937 quod
1750 867 1987 923 maxime

411 959 689 1028 cupiebat,
715 958 977 1028 scriptum
999 972 1118 1013 esse
1142 955 1499 1025 comperisset
1524 972 1537 1008 :
1565 953 1804 1010 Orientis
1838 955 1985 1009 enim

411 1049 703 1120 imperium
748 1056 1074 1104 testamento
1117 1048 1167 1102 ei
1218 1046 1564 1112 tradebatur;
1605 1047 1985 1117 presbyterum

410 1156 607 1212 magno
638 1140 693 1194 in
727 1139 935 1194 honore
963 1139 1175 1204 habuit,
1200 1139 1543 1207 multumque
1566 1136 1908 1191 auctoritatis
1933 1136 1984 1191 ei

410 1231 704 1296 concessit,
731 1238 788 1285 et
830 1239 892 1285 ut
935 1229 1169 1285 ﬁdenter
1205 1245 1270 1284 ac
1310 1228 1482 1284 libere
1517 1228 1574 1282 in
1609 1227 1869 1297 palatium
1905 1228 1988 1283 in-

410 1321 752 1394 grederetur,
795 1320 1075 1390 praecepit.
1122 1318 1248 1373 Haec
1293 1316 1461 1387 igitur
1502 1315 1723 1369 licentia
1765 1314 1986 1385 presby-

413 1422 529 1466 tero
561 1426 841 1475 conccssa,
870 1426 994 1465 eum
1032 1408 1186 1463 brevi
1222 1407 1542 1462 familiarem
1580 1404 1836 1469 reddidit,
1872 1412 1986 1459 tum

411 1499 762 1569 imperatoris
805 1498 1043 1571 conjugi,
1082 1507 1197 1553 tum
1236 1498 1355 1568 ejus
1396 1496 1684 1551 eunuchis.
1729 1495 1807 1549 Ea
1855 1502 1985 1550 tem-

412 1596 621 1660 pestate
670 1590 996 1659 praepositus
1049 1598 1167 1643 erat
1216 1587 1351 1657 regii
1409 1586 1647 1642 cubiculi
1700 1585 1988 1640 eunuchus

412 1682 657 1753 quidam,
682 1682 902 1735 nomine
933 1681 1223 1735 Eusebius.
1252 1680 1391 1734 Huic
1411 1678 1694 1749 presbyter
1715 1677 1987 1746 persuasit

413 1746 476 1827 nt
527 1772 842 1841 Opinionem
875 1771 989 1826 Arii
1025 1746 1465 1841 amplecteretur.
1506 1746 1626 1834 Quo
1668 1766 1868 1819 factum
1906 1772 1990 1819 est
2024 1746 2061 1797 Β

416 1872 477 1918 ut
520 1863 703 1918 caeteri
758 1863 923 1917 etiam
983 1862 1222 1917 eunuchi
1268 1861 1324 1914 in
1369 1858 1617 1913 eamdem
1663 1855 1986 1911 sententiam

416 1952 839 2007 adducerentur.
880 1952 985 2007 Sed
1011 1960 1065 2006 et
1087 1952 1203 2023 ipsa
1230 1949 1573 2020 imperatoris
1598 1963 1754 2012 uxor,
1777 1956 1833 2001 et
1864 1963 1988 2017 spa-

416 2040 622 2096 donum
664 2049 721 2097 et
761 2042 1067 2113 presbyteri
1126 2043 1368 2108 hortatu,
1421 2040 1537 2095 Arii
1575 2039 1823 2110 partibus
1871 2054 1989 2093 sese

416 2132 687 2203 adjunx-it.
736 2133 848 2188 Nec
886 2134 1059 2188 multo
1098 2141 1223 2204 post
1268 2134 1336 2188 ad
1381 2134 1764 2204 imperatorem
1811 2130 1989 2200 ipsum

417 2224 668 2293 pervenit
702 2223 819 2278 haec
862 2223 1120 2292 quaestio;
1159 2223 1530 2293 paulatimque
1566 2220 1836 2290 evulgata,
1882 2219 1992 2289 pri-

417 2329 569 2369 mum
605 2313 829 2384 quidem
848 2314 940 2393 ‘iis
977 2314 1214 2369 innotuit
1242 2313 1334 2383 qui
1361 2314 1415 2367 in
1439 2312 1639 2383 palatio
1661 2309 1987 2373 militabant,

418 2412 611 2476 postea
655 2420 786 2459 vero
831 2404 899 2459 ad
945 2405 1125 2475 ipsum
1162 2419 1381 2474 quoque
1417 2403 1570 2458 urbis
1602 2401 1763 2472 regia:
1798 2400 1992 2471 vulgus

417 2492 780 2562 pertnanavit.
821 2494 890 2548 Et
922 2494 979 2547 in
1011 2493 1211 2563 palatio
1239 2493 1481 2563 quidem,
1524 2491 1844 2547 cubicularii
1884 2507 1990 2545 una

418 2596 544 2635 cum
587 2581 924 2636 mulierculis
968 2581 1036 2636 de
1089 2581 1194 2636 hoc
1234 2581 1485 2652 dogmate
1523 2581 1893 2651 disputabant.
1931 2580 1991 2634 ln

418 2671 557 2727 urbe
581 2688 733 2737 vero,
768 2688 867 2742 per
893 2673 1132 2744 singulas
1161 2688 1334 2743 prope
1360 2672 1551 2729 domos
1577 2654 1791 2729 bellum.
1814 2671 1990 2743 quod-

419 2762 543 2817 dam
570 2761 914 2819 dialecticum
948 2764 1257 2835 gerebatur.
1289 2764 1458 2818 Porro
1488 2764 1651 2835 hujus
1683 2764 1810 2819 mali
1840 2764 1993 2819 labes

418 2851 553 2906 alias
590 2868 809 2922 quoque
850 2853 1013 2909 urbes
1054 2869 1118 2909 ac
1154 2854 1468 2924 provincias
1506 2854 1659 2910 brevi
1702 2854 1988 2925 corripuit.

417 2940 595 3009 Atque
648 2940 822 2996 instar
867 2941 1146 3007 scintillae,
1192 2958 1259 2997 ex
1303 2942 1488 3012 parvis
1538 2951 1657 2999 orta
1706 2943 1991 3014 principiis

2084 501 2356 573 ἐπράχθη,
2385 502 2623 557 λεκτέον.
2660 500 2770 572 Τὴν
2799 501 3063 571 διαθήκην
3096 501 3125 552 ὁ
3155 495 3527 568 πρεσϐύτερος
3569 497 3667 550 καὶ

2083 591 2151 645 τὰ
2167 592 2488 646 ἐνταλθέντα
2514 592 2664 665 παρὰ
2679 590 2774 645 τοῦ
2795 591 3179 661 κατοιχομένου
3198 587 3461 658 βασιλέως
3484 603 3635 659 προσ
3650 616 3664 627 ο

2086 681 2243 752 φέρει
2274 684 2639 756 Κωνσταντίῳ
2672 683 2753 755 τῷ
2793 683 2887 737 τοῦ
2913 681 3175 752 βασιλέως
3204 680 3327 752 υίῷ.
3366 680 3424 734 Ὀ
3441 680 3499 733 δὲ
3518 677 3665 733 τοῦθ’

2084 774 2333 845 εὑρηκὼς
2353 774 2735 846 γεγραμμένον
2759 774 2896 845 ὅπερ
2922 771 3192 826 ἐϐούλετο·
3223 770 3325 838 τῆς
3350 770 3459 841 γὰρ
3493 767 3668 840 Ἐᾠας

2087 864 2387 935 βασιλεύειν
2409 866 2569 919 αὐτὸν
2594 864 2893 936 ἐπέτρεπεν
2919 865 2952 933 ἡ
2974 862 3229 933 διαθήκη·
3256 862 3344 915 διὰ
3363 860 3530 931 τιμῆς
3559 856 3667 931 ἦγε

2085 954 2174 1007 τὸν
2206 954 2596 1027 πρεσϐύτερον,
2637 953 2954 1026 παρρησίας
3005 969 3065 1006 τε
3115 951 3385 1021 μετεδίδου
3430 949 3665 1019 πολλῆς,

2082 1044 2166 1109 εἰς
2192 1063 2253 1098 τε
2294 1045 2364 1098 τὰ
2396 1043 2643 1115 βασίλεια
2676 1042 2982 1116 θαρροῦντα
3023 1042 3251 1096 εἰσιέναι
3282 1040 3553 1095 ἐκέλευεν.
3603 1041 3668 1093 'H

2086 1133 2268 1190 τοίνυν
2316 1135 2532 1189 δοθεῖσα
2586 1134 2871 1207 παρρησία
2914 1134 3191 1207 γνώριμον
3241 1132 3405 1187 αὐτὸν
3455 1130 3668 1202 ταχέως

2086 1226 2384 1298 κατέστησε
2415 1228 2479 1298 τῇ
2497 1244 2558 1280 τε
2586 1226 2680 1280 τοῦ
2714 1225 2975 1295 βασιλέως
3003 1227 3239 1295 γαμετῇ,
3272 1224 3365 1277 καὶ
3394 1225 3506 1287 τοῖς
3541 1224 3666 1276 εὐν-

2085 1314 2265 1386 ούχοις
2302 1316 2496 1386 αὐτῆς.
2541 1312 2650 1368 Ἦν
2688 1315 2746 1368 δὲ
2780 1317 2838 1369 ἐν
2867 1315 2945 1385 τῷ
2986 1315 3163 1386 χρόνῳ
3190 1314 3363 1385 τούτῳ
3391 1313 3670 1385 πρωτότυ-

2087 1424 2186 1469 πος
2218 1406 2327 1459 τῶν
2367 1406 2639 1461 κοιτὼνων
2666 1406 2763 1461 τοῦ
2800 1406 3065 1477 βασιλέως
3094 1406 3372 1476 εὐνοῦχος,
3407 1399 3452 1473 ᾧ
3490 1406 3666 1474 ὄνομα

2085 1490 2455 1565 ἦνΕύσέϐιος.
2514 1494 2713 1550 Τοῦτον
2758 1498 2787 1550 ὀ
2834 1494 3208 1566 πρεσϐύτερος
3263 1494 3553 1548 συνθέσθαι
3599 1496 3667 1564 τῇ

2100 1586 2309 1659 Ἀρείου
2329 1586 2454 1658 δόξῃ
2477 1586 2811 1640 συνέπεισεν.
2855 1586 2950 1639 Ἐκ
2971 1587 3029 1640 δὲ
3060 1585 3273 1651 τούτου,
3301 1586 3395 1641 καὶ
3422 1585 3670 1654 omet-not

2086 1677 2195 1731 τῶν
2222 1676 2489 1748 εὐνούχων
2520 1678 2590 1732 τὰ
2623 1677 2763 1732 αὐτὰ
2792 1680 3008 1749 φρονεῖν
3039 1676 3404 1731 ἀνεπείθοντο.
3441 1677 3517 1730 Of:
3554 1677 3664 1748 μὴν

2091 1769 2225 1822 ἀλλὰ
2260 1770 2354 1822 καὶ
2390 1772 2423 1839 ἡ
2454 1766 2549 1822 τοῦ
2586 1767 2846 1839 βασιλέως
2890 1770 3124 1840 γαμετὴ,
3155 1768 3243 1822 διὰ
3268 1768 3376 1822 τῶν
3401 1767 3670 1841 εὐνούχων
3708 1770 3735 1778 “

2090 1861 2183 1914 καὶ
2212 1859 2304 1913 τοῦ
2333 1858 2732 1930 πρεσϐυτέρου,
2770 1861 2837 1928 τῇ
2884 1859 3094 1931 Ἀρείου
3123 1859 3252 1932 δόξῃ
3295 1859 3666 1931 προστίθεται.

2090 1948 2222 2003 Μετ’
2250 1949 2312 2002 οὐ
2351 1948 2485 2002 πολὺ
2519 1948 2574 2001 δὲ
2615 1950 2711 2002 καὶ
2748 1948 2835 2002 ἐπ’
2862 1948 3022 2002 αὐτὸν
3055 1948 3290 2003 διέϐαινε
3323 1949 3415 2002 τὸν
3444 1948 3679 2019 βασιλέα

2088 2040 2151 2094 τὸ
2195 2037 2417 2110 ζήτημα
2454 2037 2611 2092 τοῦτο
2639 2056 2652 2069 ·
2701 2039 2796 2093 καὶ
2836 2040 3044 2109 γίνεται
3099 2040 3335 2110 φανερὸν
3374 2039 3489 2110 (75)
3530 2040 3674 2094 κατὰ

2093 2129 2290 2200 βραχὺ,
2325 2128 2543 2201 πρῶτον
2581 2130 2679 2200 μὲν
2704 2132 2816 2194 τοῖς
2840 2131 2982 2184 κατὰ
3009 2131 3076 2185 τὰ
3102 2130 3353 2201 βασίλεια
3380 2145 3674 2202 στρατευο-

2093 2221 2274 2291 μένοις
2310 2220 2444 2290 (76).
2485 2222 2717 2275 Ἔπειτα
2747 2221 2822 2285 δὲ,
2872 2221 3079 2293 διεδόθη
3126 2222 3221 2277 καὶ
3270 2224 3350 2287 είς
3389 2223 3459 2277 τὰ
3491 2221 3675 2292 πλήθη

2088 2313 2188 2381 τῆς
2215 2310 2438 2376 πόλεως’
2468 2311 2770 2381 διελέγοντο
2791 2312 2848 2366 δέ
2876 2313 2989 2383 (77)
3015 2313 3139 2384 περὶ
3155 2314 3253 2384 τῆς
3273 2312 3454 2385 δόξης,
3491 2313 3549 2367 ὲν
3576 2314 3675 2383 μὲν

2089 2402 2204 2465 τοῖς
2243 2400 2535 2472 βασιλείοις
2565 2402 2615 2455 οἱ
2659 2403 3063 2455 ἐπικοιτωνῖται
3103 2401 3219 2473 ἅμα
3252 2406 3374 2467 ταῖς
3405 2402 3675 2472 γυναιξίνσ

2091 2495 2149 2547 ἐν
2200 2493 2259 2547 δὲ
2314 2496 2381 2565 τῇ
2431 2494 2620 2560 πόλει,
2657 2493 2778 2548 καθ’
2830 2494 3067 2565 ἑκάστην
3110 2494 3286 2548 οἰκίαν
3338 2493 3676 2557 διαλεκτικὸς

2092 2583 2326 2652 πόλεμος
2354 2579 2422 2654 ἦν
2441 2601 2453 2615 ’
2484 2583 2757 2655 διέτρεχεν
2788 2580 2880 2637 οὖν
2905 2583 3114 2654 ταχέως
3149 2584 3210 2637 τὸ
3242 2583 3430 2648 κακὸν,
3459 2584 3554 2637 καὶ
3582 2585 3678 2639 ἐπὶ

2090 2675 2188 2739 τὰς
2220 2675 2387 2739 ἄλλας
2413 2676 2688 2748 ἐπαρχίας
2715 2693 2777 2730 τε
2807 2675 2902 2731 καὶ
2926 2675 3131 2740 πόλεις.
3168 2676 3277 2730 Καὶ
3309 2675 3385 2740 ὡς
3419 2675 3680 2749 σπινθὴρ,

2092 2767 2154 2818 ἐκ
2188 2765 2388 2838 μικροῦ
2420 2766 2691 2839 λαμϐάνον
2717 2768 2816 2839 τὴν
2848 2767 3022 2839 ἀρχὴν
3045 2768 3105 2821 τὸ
3129 2765 3370 2839 ζήτημα,
3414 2769 3496 2831 είς
3521 2769 3675 2839 φιλο-

2091 2855 2295 2911 νεικίαν
2329 2858 2454 2921 τοὺς
2492 2856 2791 2920 ἀκούοντας
2830 2858 3073 2929 ἤγειρεν.
3128 2857 3399 2921 Ἕκαστος
3429 2856 3538 2927 γὰρ
3570 2857 3685 2911 τῶν

2092 2946 2505 3017 πυνθανομένων
2552 2948 2651 3019 τῆς
2698 2948 2943 3019 ταραχῆς
2992 2948 3091 3019 τὴν
3147 2948 3347 3013 αἰτίαν,
3400 2946 3689 3019 πρόφασιν

416 3033 809 3098 centroversia,
832 3033 1170 3089 audientium
1195 3034 1408 3089 animos
1429 3033 1496 3088 ad
1533 3034 1823 3089 maximam
1863 3050 1993 3089 con—

2095 3039 2258 3103 εύθὺς
2280 3036 2393 3110 εἶχε
2421 3037 2704 3111 ζητήσεως
2723 3056 2737 3071 ·
2777 3040 2872 3096 καὶ
2901 3041 3018 3109 ἅμα
3047 3042 3112 3112 τῇ
3151 3039 3440 3111 ἐρωτήσει,
3472 3039 3682 3110 ἐρίζειν

418 3125 719 3179 tentionem
774 3125 1065 3180 excitabat.
1123 3124 1335 3196 Singuli
1390 3127 1537 3181 enim
1587 3127 1718 3182 dum
1774 3143 1994 3183 causam

418 3215 686 3269 tumultus
712 3215 817 3285 81
862 3222 1276 3285 percontantur,
1308 3217 1650 3273 occasionem
1680 3212 1994 3289 disputandi

419 3306 602 3360 statim
651 3305 970 3360 habebant:
1002 3322 1177 3375 eoque
1221 3307 1339 3376 ipso
1381 3322 1490 3376 quo
1532 3309 1996 3377 percontabantur

418 3405 686 3467 tempore,
712 3396 859 3450 rixas
883 3395 1126 3463 inibant;
1153 3412 1252 3466 per
1278 3397 1590 3467 hujusmodi
1616 3406 1796 3453 autem
1828 3399 1992 3465 rixas,

421 3496 619 3542 cuncta
650 3486 1129 3542 subvertebantur.
1169 3487 1237 3542 Et
1271 3487 1385 3543 haac
1411 3488 1632 3558 quidem
1674 3489 1729 3543 in
1759 3489 1998 3547 Orientis

422 3578 689 3634 duntaxat
728 3578 961 3633 urbibus
998 3578 1317 3648 agebantur.
1369 3578 1545 3635 Urbes
1581 3578 1728 3634 enim
1775 3581 1993 3652 Illyrici,

420 3678 480 3726 et
522 3685 645 3740 quae
678 3670 736 3725 in
772 3668 1086 3727 Occidentis
1130 3672 1379 3741 partibus
1426 3671 1543 3727 sitae
1583 3680 1731 3738 sunt,
1778 3673 1996 3728 interim

422 3761 682 3831 quievere
722 3778 736 3813 :
772 3761 973 3833 quippe
1010 3779 1132 3832 qua:
1169 3764 1373 3817 Νίσιβιιί
1410 3764 1627 3819 concilii
1661 3764 1882 3820 decreta
1914 3765 1995 3820 la-

423 3851 699 3908 befactare
724 3853 952 3909 nollent.
975 3853 1111 3909 Cum
1141 3853 1309 3925 igitur
1336 3854 1630 3910 excitatum
1657 3856 1763 3911 hoc
1795 3856 1995 3911 malum

423 3941 669 4011 quotidie
722 3942 1157 4013 ingravesceret,
1206 3943 1502 3998 Eusebiani
1553 3943 1879 3999 seditionem
1932 3960 1997 4000 ac

424 4033 719 4088 tumultum
760 4033 1130 4089 multitudinis
1168 4034 1324 4090 lucro
1361 4050 1462 4090 suo
1498 4034 1851 4107 deputabant.
1891 4036 1997 4091 Nc-

421 4136 529 4191 que
570 4123 717 4178 enim
752 4123 913 4179 aliter
946 4124 1064 4179 ﬁeri
1107 4140 1267 4195 posse
1306 4126 1619 4195 sperabant,
1655 4136 1715 4181 ut
1759 4128 1995 4197 aliquem

421 4209 737 4281 episcopum
782 4210 1125 4268 Alexandriae
1164 4215 1581 4281 constituerent,
1614 4217 1708 4286 qui
1755 4217 1997 4286 ipsorum

422 4302 667 4372 opinioni
691 4302 1102 4372 suﬂ‘ragaretur.
1136 4303 1242 4359 Sed
1270 4306 1558 4361 consilium
1598 4307 1814 4366 illorum
1853 4318 1994 4378 prai-

2097 3129 2364 3184 ὲϐούλετο.
2426 3130 2521 3184 Ἐκ
2567 3130 2625 3185 δὲ
2674 3131 2773 3203 τῆς
2821 3130 2997 3203 ἔριδος
3057 3131 3236 3185 πάντα
3278 3132 3676 3203 ἀνατέτραπτο.

2095 3220 2277 3275 Ταῦτα
2303 3220 2401 3292 μὲν
2424 3214 2517 3275 οὖν
2544 3221 2685 3276 κατὰ
2719 3222 2818 3287 τὰς
2859 3223 3207 3289 ’Λνατολικάς
3237 3224 3420 3289 πόλεις
3439 3224 3681 3293 ἐγένετο.

2094 3313 2161 3365 Al
2202 3311 2311 3383 γὰρ
2353 3312 2411 3365 ἐν
2455 3312 2770 3384 Ἰλλυριοῖς,
2820 3314 2915 3368 καὶ
2964 3314 3036 3369 τὰ
3080 3315 3340 3387 Ἑσπέρια
3377 3316 3516 3387 μέρη
3565 3316 3684 3388 (78)

2095 3401 2231 3466 τέως
2268 3401 2559 3474 ἡσύχαζονο
2588 3405 2715 3468 τοὺς
2751 3405 2911 3477 ὅρους
2949 3406 3057 3477 γὰρ
3093 3405 3222 3469 τοὺς
3256 3409 3354 3478 τῆς
3382 3408 3441 3461 ἐν
3467 3406 3682 3477 Νικαίᾳ

2098 3492 2314 3547 συνόδου
2356 3494 2761 3565 παρασαλεύειν
2809 3496 2909 3550 οὐκ
2937 3497 3147 3567 ἤθελον.
3200 3498 3289 3562 Ὠς
3318 3494 3412 3552 οὖν
3438 3496 3681 3566 ἐξαφθὲν

2095 3583 2156 3637 τὸ
2177 3584 2404 3656 πρᾶγμα
2435 3585 2527 3638 ἐπὶ
2551 3585 2612 3639 τὸ
2649 3588 2828 3658 χεῖρον
2855 3586 3115 3655 ἐπέδωκε,
3142 3589 3441 3659 τηνικαῦτα
3470 3591 3519 3642 οἱ
3544 3588 3687 3658 περὶ

2095 3676 2356 3729 Εὑσέϐιον
2402 3677 2493 3730 τὸν
2529 3679 2882 3751 Νικομηδέα,
2913 3680 3141 3751 ἕρμαιον
3180 3682 3409 3751 ἡγοῦντο
3441 3680 3538 3752 τὴν
3570 3680 3691 3733 τῶν

2098 3766 2309 3821 πολλῶν
2353 3769 2620 3840 ταραχήν.
2678 3768 2834 3824 Οὕτω
2880 3771 2988 3840 γὰρ
3037 3772 3213 3841 μόνως
3273 3770 3530 3826 δύνασθαι
3579 3770 3690 3841 τῆς

2109 3854 2514 3930 Ἀλεξανδρείας
2542 3859 2841 3915 ἐπίσκοπον
2866 3861 3139 3926 ἀναδεῖξαι
3169 3862 3269 3933 τῆς
3303 3862 3484 3916 αὐτῶν
3522 3861 3690 3931 δόξης

2095 3949 2394 4020 ὁμόφρονα.
2445 3950 2606 4005 Ἀλλὰ
2651 3951 2773 4005 τότε
2824 3952 2924 4022 μὲν
2969 3951 3201 4022 ἔφθασεν
3245 3952 3556 4008 ἐπανελθὼν
3601 3956 3689 4020 είς

2098 4038 2269 4110 αὐτὴν
2315 4041 2652 4107 Ἀθανάσιος,
2678 4043 2795 4108 ἐνὸς
2822 4043 2931 4097 τῶν
2961 4043 3290 4112 Αὑγούστων
3318 4044 3691 4114 ὠχυρωμένος

2099 4132 2438 4205 γράμμασιν,
2467 4133 2611 4206 ἆπερ
2634 4134 2712 4203 τῷ
2756 4135 3149 4206 Ἀλεξανδρέων
3175 4135 3290 4207 λαῷ
3333 4137 3693 4189 Κωνσταντῖ-

2097 4240 2187 4286 νος
2217 4225 2245 4277 ὁ
2276 4223 2393 4287 νέος
2420 4224 2449 4275 ὁ
2478 4224 2557 4296 τῷ
2597 4226 2765 4296 πατρὶ
2802 4225 3121 4297 ὁμώνυμος,
3150 4228 3215 4280 ἐκ
3244 4226 3344 4297 τῆς
3370 4229 3428 4280 ἐν
3469 4226 3681 4297 Γαλλίᾳ

2100 4312 2411 4385 Τριϐέρεως
2440 4313 2704 4385 ἐπεμψεν.
2741 4314 2979 4368 Ἔστιδέ
3009 4315 3136 4370 τάδε
3168 4315 3236 4369 τὰ
3274 4314 3577 4387 γράμματα
3614 4315 3690 4369 τὰ

422 4392 573 4446 venit
600 4391 881 4447 Athanasii
913 4394 1123 4448 reditus
1149 4412 1160 4447 :
1194 4395 1288 4465 qui
1316 4396 1700 4451 Alexandriam
1742 4414 1993 4455 reversus

2102 4403 2538 4473 ὑποτεταγμένα.

421 4494 527 4552 est,
585 4487 753 4557 regiis
783 4487 1030 4544 munitus
1064 4488 1284 4555 litteris,
1350 4505 1487 4561 quas
1522 4506 1666 4547 unus
1699 4509 1764 4548 ex
1795 4494 2083 4565 Augustis,
2121 4495 2513 4553 Constantinus
2552 4497 2746 4555 Junior
2785 4498 2924 4570 patri
2968 4496 3326 4569 cognominis,
3352 4514 3420 4554 ex
3461 4496 3686 4554 civitate

421 4583 773 4640 Trevirorum
808 4585 875 4640 ad
915 4585 1180 4658 populum
1214 4585 1642 4643 Alexandrinum
1684 4589 1996 4660 scripserat.
2037 4593 2239 4649 Earum
2269 4602 2450 4651 autem
2482 4594 2788 4651 litterarum
2824 4594 3133 4664 exemplum
3158 4593 3250 4649 hic
3272 4593 3501 4665 subjeci.

1586 4769 1857 4825 VALESII
1894 4771 2035 4828 ΑΝΝ
2039 4772 2339 4832 OTATION
2346 4776 2449 4832 ES.

495 4906 607 4977 ('75)
636 4908 745 4962 Καὶ
785 4909 1009 4979 γίνεται
1051 4905 1847 4979 gaarspdirLConjunctionem
1905 4908 1997 4963 hic

427 4976 611 5032 addidi
649 4994 717 5033 ex
747 4976 1073 5035 auctoritate
1097 4978 1302 5034 codicis
1325 4976 1651 5042 Florentini,
1683 4992 1996 5048 quanquam

428 5049 483 5103 in
518 5048 624 5101 hoc
664 5048 855 5102 codice
904 5050 1174 5106 particula
1227 5062 1328 5104 suo
1374 5048 1497 5102 loco
1527 5055 1676 5101 mota
1711 5055 1848 5101 erat.
1908 5048 2002 5103 Sic

428 5066 483 5103 ιιι
520 5066 624 5101 uoc
664 5066 855 5102 conice
942 5066 1174 5106 arucura
1227 5066 1328 5104 suo
1375 5066 1497 5102 IOCO
1527 5066 1676 5101 mora
1711 5066 1848 5101 erat.
1908 5066 1999 5103 mc

425 5118 574 5171 enim
607 5118 874 5186 scriptum
900 5066 1085 5183 Eabet,
1118 5121 1192 5173 Τὸ
1223 5119 1315 5172 καὶ
1347 5116 1753 5188 ζήτηματοῦτο
1786 5119 1999 5185 γίνεται

429 5188 679 5257 φανερόν.
708 5188 814 5242 Sed
847 5189 1005 5243 facile
1022 5198 1142 5244 erat
1160 5189 1302 5243 hanc
1320 5186 1803 5256 transpositionem
1822 5188 2000 5242 anim-

427 5257 736 5380 advgrtere.
771 5258 934 5314 Certe
971 5260 1314 5330 Nicephorus
1369 5257 1815 5314 emendationem
1860 5259 2003 5313 hanc

429 5342 530 5380 con
578 5336 736 5380 rmat.

429 5336 736 5383 conﬁrmat.

505 5397 617 5522 S76)
673 5399 804 5465 Τοῖς
853 5400 1003 5453 κατὰ
1048 5398 1121 5452 τὰ
1148 5397 1435 5462 ,Βασίλεια
1483 5396 1996 5465 στρατευομένοις.

505 5488 513 5522 ι
539 5485 568 5522 c
600 5468 1137 5522 Christonhorsonus
1169 5470 1516 5522 imperatoris
1537 5468 1806 5522 satellites
1827 5467 1996 5521 inter-

432 5467 568 5524 Male
600 5468 1137 5540 Christophorsonus
1169 5470 1516 5540 imperatoris
1537 5468 1806 5540 satellites
1827 5467 1999 5540 inter-

434 5547 700 5608 pretatur.
739 5535 941 5595 Onincs
981 5540 1127 5593 enim
1181 5535 1405 5609 palatini
1444 5537 1547 5609 hac
1586 5536 1823 5609 dictione
1854 5535 2001 5589 desi-

473 5618 690 5680 nantur,
726 5627 835 5664 non
858 5606 1201 5680 protectores
1221 5608 1394 5680 solum
1413 5623 1477 5661 ac
1503 5606 1785 5661 domestici
1825 5612 1881 5661 et
1900 5620 2001 5680 -rc-

478 5679 571 5747 qui
602 5675 880 5735 scholares
910 5681 1003 5751 qui
1028 5680 1131 5736 sub
1163 5678 1329 5733 armis
1358 5686 1535 5743 erant,
1589 5692 1782 5731 verum
1838 5675 2003 5729 etiam

2103 4908 2470 4964 ministeriani
2495 4918 2553 4964 et
2597 4909 2893 4964 scriniarii.
2932 4909 3053 4965 Haec
3086 4907 3231 4964 enim
3263 4907 3502 4977 palatina
3532 4910 3687 4964 mili-

2106 4981 2181 5033 tia
2211 4979 2755 5049 dicebatur;eodem
2793 4979 2969 5049 modo
2999 4994 3109 5049 quo
3156 4977 3414 5032 olIiciales
3442 4994 3555 5049 seu
3584 4995 3686 5049 ap-

2105 5049 2380 5120 paritores
2409 5048 2829 5120 magistratuum
2855 5046 3264 5120 ordinariorum
3291 5046 3685 5120 seqcivilium,

2107 5116 2309 5174 milites
2329 5116 2668 5172 dicebantur.
2694 5118 3006 5187 Eorumque
3027 5116 3182 5172 actus
3209 5117 3264 5171 in
3290 5116 3481 5171 codice
3507 5116 3689 5172 Theo-

2103 5188 2331 5243 dosiano
2364 5187 2662 5242 cohortalis
2694 5188 2890 5241 militia
2920 5189 3252 5256 appellatur.

2185 5259 2305 5329 (Π)
2325 5257 2669 5329 Διελέγοντο
2706 5257 2792 5311 δέ.
2808 5328 2811 5329 ν
2828 5253 3191 5329 Scribendum
3249 5256 3467 5329 videtur
3484 5325 3495 5329 _
3512 5253 3688 5308 διελέα

2111 5325 2378 5396 γοντοδή,
2413 5335 2474 5380 ιιι
2508 5326 2714 5381 vitetur
2768 5327 3013 5399 ejusdem
3053 5327 3335 5397 particulae
3362 5325 3530 5379 nimis
3560 5340 3688 5379 cre-

2104 5398 2207 5452 bra
2241 5396 2515 5452 repetitio.

2147 5413 2207 5451 ra
2241 5396 2515 5451 repetitio.

2181 5413 2530 5536 ῗῗέῗρὲἓίᾞᾶ
2562 5465 2811 5533 ἑσπέρια
2830 5465 3003 5535 μέρη.
3034 5467 3153 5521 Non
3186 5465 3381 5520 dubito
3417 5464 3554 5534 quin
3578 5462 3686 5518 So-

2110 5545 2289 5591 crates
2317 5535 2623 5606 scripserit,
2661 5538 2753 5592 καὶ
2795 5537 2936 5591 κατὰ
2978 5538 3046 5591 τὰ
3079 5536 3308 5605 ἐσπέρια
3346 5535 3509 5606 μέρη,
3548 5542 3689 5600 em,

2112 5606 2302 5678 supple
2331 5606 2530 5670 πόλεις.
