4026 6338
311 403 406 461 189

897 527 1146 583 ΚΕΦΛΛ.
1203 528 1276 585 l".

307 616 496 692 ὀπως
531 615 891 692 Ἆθανᾴσιος,
927 621 1403 692 Κωνσταντινουί
1431 622 1540 692 τοῦ
1572 623 1876 692 Νεωτέρου

368 687 678 811 gagates
713 687 1038 757 θαρῤήσας,
1091 688 1208 758 τὴν
1250 689 1699 761 Ἀλεξάνδρειαν
1735 687 1878 749 ciar-

303 845 756 922 Κωνσταντῖγος
796 847 1033 922 _Kat'gap
1066 847 1157 922 τῷΔ
1172 848 1325 922 γλαῷ
1379 849 1492 922 τῆς
1539 852 1877 922 Καθολικῆς

657 915 1086 986 Ἀλεξανδρέων
1145 915 1532 987 Ἐκκλησίᾰς.

369 1007 506 1060 Οὐδὲ
548 1007 651 1078 τῆς
699 1007 970 1078 ὑμετέρας
1015 1009 1166 1079 ἱερᾶς
1199 1009 1406 1074 ἐννοίας
1437 1011 1878 1081 ἀποπεφευγέναι

305 1099 380 1162 είς
411 1096 616 1166 γνῶσιν
641 1096 755 1168 (79)
780 1091 958 1168 οἶμαι,
1005 1095 1252 1151 διατοῦτο
1294 1097 1610 1153 Ἀθανάσιον
1650 1099 1744 1152 τὸν
1782 1100 1877 1154 τοῦ

305 1187 681 1258 προσκυνητοῦ
730 1185 894 1256 νόμου
939 1187 1224 1258 ὑποφήτην
1267 1185 1406 1259 πρὸς
1451 1188 1638 1260 καιρὸν
1670 1189 1749 1254 εἰς
1778 1189 1879 1254 τὰς

305 1275 531 1338 Γαλλίας
587 1274 948 1338 ἀπεστάλθαι,
1005 1275 1093 1331 ἵνα
1145 1277 1334 1348 ἐπειδὴ
1373 1279 1408 1348 ἡ
1460 1279 1720 1350 ἀγριότης
1765 1279 1879 1335 τῶν

309 1365 614 1437 αἱμοὸόρων
647 1365 742 1419 καὶ
775 1365 1048 1438 πολεμίων
1076 1366 1239 1421 αὐτοῦ
1269 1365 1498 1440 ἐχθρῶν,
1526 1371 1604 1433 είς
1635 1371 1880 1424 κίνδυνον

307 1457 401 1528 τῆς
430 1458 585 1527 ἱερᾶς
622 1455 788 1511 αὐτοῦ
825 1457 1072 1528 κεφαλῆς
1116 1457 1368 1529 ἐπέμενε,
1403 1457 1478 1532 μὴ
1511 1459 1618 1532 ἄρα
1660 1461 1747 1515 διὰ
1779 1461 1880 1532 τῆς

306 1547 412 1600 τῶν
447 1546 671 1615 φαύλων
701 1547 1032 1619 διαστροφῆς
1060 1549 1334 1618 ἀνήκεστα
1367 1549 1597 1622 ὑποστῇ.
1638 1551 1783 1624 Πρὸς
1817 1549 1881 1605 τὺ

307 1636 582 1702 διαπαῖξαι
637 1637 815 1692 τοίνυν
847 1637 1072 1708 ταύτην,
1124 1639 1374 1712 ἀφῃρέθη
1422 1640 1530 1694 τῶν
1582 1640 1878 1712 φαρύγγων

305 1729 410 1781 τῶν
437 1729 803 1800 ἐπικειμένων
830 1727 979 1800 αὐτῷ
1007 1729 1236 1799 ἀνδρῶν,
1267 1730 1358 1782 ὑπ’
1402 1731 1526 1802 ἐμοὶ
1553 1732 1758 1800 διάγειν
1788 1749 1881 1786 κε-

1293 412 1613 470 HISTORIA
1649 415 2204 476 ECCLESlASTlCA.
2241 447 2314 458 --
2347 417 2476 474 LIB.
2519 418 2584 474 ll.

3444 418 3546 477 {90

2629 533 2776 590 CAP.
2804 533 2893 590 ιιι.

2023 624 2296 692 Quomodo
2328 626 2652 682 Athanasius
2675 624 3012 681 Constantini
3037 623 3274 680 Iunioris
3305 624 3492 682 litteris

2345 695 2534 767 fretus,
2556 695 2942 751 Alexandriam
2976 696 3154 750 rediit.

2081 854 2457 912 Constantinus
2479 855 2659 928 Caesar
2678 855 2869 928 populo
2895 855 3137 910 Ecclesia:
3161 853 3452 912 Catholica.

2514 926 3018 982 Alexandrinorum.

2044 1015 2159 1072 Nec
2191 1014 2546 1070 sanctissimae
2579 1015 2778 1070 mentis
2799 1023 2993 1071 vestrae
3025 1015 3276 1070 notitiam
3309 1015 3548 1071 arbitror

1976 1105 2280 1176 praeterire,
2295 1104 2653 1160 Athanasium
2674 1105 3000 1161 venerandae
3020 1105 3154 1176 legis
3170 1107 3546 1177 interpretem,

1977 1197 2047 1253 ad
2075 1204 2292 1268 tempus
2315 1195 2522 1251 idcirco
2543 1196 2770 1250 missum
2799 1211 2921 1252 esse
2951 1196 3008 1250 in
3033 1195 3256 1262 Gallias,
3283 1211 3378 1258 ne,
3407 1212 3547 1266 quo-

1977 1287 2126 1343 niam
2163 1295 2519 1342 cruentarum
2550 1287 2669 1358 ejus
2687 1285 2928 1342 hostium
2960 1286 3152 1342 feritas
3183 1286 3552 1342 sacratissimo

1977 1369 2125 1436 illius
2157 1377 2323 1448 capiti
2363 1387 2669 1432 extremum
2711 1377 3020 1447 periculum
3059 1378 3391 1443 minabatur,
3434 1377 3552 1448 ipse

1977 1483 2076 1538 per
2105 1465 2371 1524 nefariam
2410 1467 2788 1538 improborum
2818 1467 3104 1522 hominum
3136 1468 3552 1538 perversitatem

1976 1559 2120 1614 mala
2166 1558 2488 1614 insanabilia
2541 1559 2857 1618 sustineret.
2893 1557 3282 1626 Quamobrem,
3315 1566 3376 1614 ut
3408 1560 3552 1615 hanc

1977 1650 2253 1706 feritatem
2281 1650 2533 1714 evitaret,
2565 1657 2788 1720 ereptus
2820 1659 2904 1705 est
2937 1649 3186 1704 faucibus
3221 1663 3414 1704 eorum
3455 1647 3552 1720 qui

1978 1741 2150 1813 ipsius
2171 1741 2334 1812 capiti
2363 1741 2740 1806 imminebant,
2755 1729 3049 1812 iussusque
3073 1739 3175 1794 sub
3200 1755 3322 1795 mea
3345 1739 3552 1795 ditione

305 1818 547 1882 λευσθεὶς
583 1820 774 1885 οὕτως,
799 1819 876 1883 ὡς
916 1820 975 1873 ὲν
1021 1818 1191 1890 ταύτῃ
1222 1822 1288 1891 τῇ
1331 1820 1483 1874 πόλει
1530 1825 1588 1876 ἐν
1683 1823 1877 1895 διέτρι-

1984 1833 2200 1904 degere,
2231 1833 2305 1887 ita
2329 1841 2391 1886 ut
2413 1831 2466 1885 in
2507 1847 2570 1886 ea
2597 1831 2734 1886 urbe
2759 1844 2923 1899 quam
2952 1829 3190 1884 incolere
3219 1837 3550 1900 prmeeptum

306 1911 417 1976 ϐεν,
459 1913 595 1964 πᾶσι
625 1913 738 1976 τοῖς
783 1912 1100 1980 ἀναγκαίοις
1141 1913 1542 1979 ὲκπλεονὰζειν,
1578 1916 1626 1968 εί
1660 1915 1754 1968 καὶ
1781 1933 1878 1970 τα-

313 2003 541 2074 μάλιστα
585 2001 752 2056 αὑτοῦ
785 2003 818 2072 ἡ
859 2002 1098 2072 ἀοίδιμος
1143 2005 1313 2076 ἀρετ-ὴ
1337 2005 1457 2068 ταῖς
1488 1999 1660 2080 θείαις
1691 2023 1879 2059 πεποι-

309 2095 429 2148 θυῖα
471 2093 769 2164 βοηθείαις,
797 2095 893 2148 καὶ
939 2094 1006 2148 τὰ
1044 2095 1142 2166 τῆς
1170 2095 1507 2166 τραχυτέρας
1545 2095 1713 2166 τύχης
1739 2095 1876 2168 ἄχθη

307 2183 590 2249 ἑξουθενεῑ.
636 2182 936 2255 Τοιγαροῦν
985 2185 1036 2237 εί
1089 2185 1184 2238 καὶ
1224 2185 1530 2254 ταμάλιστα
1585 2186 1723 2258 πρὸς
1779 2185 1879 2256 τὴν

307 2271 776 2346 προσφιλεστάτην
821 2273 975 2344 ὑμῶν
1005 2273 1334 2337 θεοσέδειαν,
1377 2277 1405 2328 ὸ
1439 2273 1701 2346 δεσπότης
1725 2275 1880 2347 ἡμῶν

305 2366 338 2416 ὁ
371 2363 472 2434 τῆς
503 2363 778 2434 μακαρίας
809 2364 1026 2434 μνήμης
1071 2364 1476 2428 Κωνσταντίνος
1519 2365 1547 2417 ὁ
1588 2363 1878 2428 Σεϐαστὸς,

304 2453 336 2507 ὁ
377 2454 509 2523 ὲμδς
538 2454 744 2524 πατὴρ,
781 2452 872 2506 τὸν
918 2451 1080 2506 αὑτὸν
1123 2453 1420 2506 ἐπίσκοπον
1460 2451 1541 2524 τῷ
1571 2452 1688 2524 ἰδίῳ
1731 2454 1882 2526 τόπῳ

307 2545 612 2613 παρασχεῖν
639 2541 941 2616 προῄρητο,
961 2543 1110 2613 ὅμως
1131 2542 1318 2613 ἐπειδὴ
1341 2541 1666 2615 ἀνθρωπίνῳ
1695 2545 1882 2616 κλήρῳ

307 2631 665 2704 προληφθεὶς,
713 2632 818 2704 πρὸ
855 2631 953 2687 τοῦ
997 2633 1097 2704 τὴν
1125 2633 1291 2704 εὐχὴν
1321 2633 1607 2704 πληρῶσαι
1639 2637 1880 2690 ἀνεπαύ-

307 2741 456 2790 σατο,
492 2722 789 2777 ἀκόλουθον
833 2723 1150 2795 ἡγησάμην,
1177 2725 1276 2794 τὴν
1306 2724 1624 2796 προαίρεσιν
1654 2725 1749 2778 τοῦ
1780 2721 1882 2796 τῆς

305 2815 453 2878 θείας
510 2814 735 2885 μνήμης
802 2813 1064 2885 βασιλέως
1125 2812 1507 2884 διαδεξάμενος
1571 2815 1877 2886 πληρῶσαι.

307 2900 492 2970 ὐστις
522 2906 750 2960 ἐπειδὰν
781 2905 880 2976 τῆς
905 2904 1176 2976 ὑμετέρας
1209 2905 1348 2977 τύχῃ
1381 2906 1720 2978 προσόψεως,
1750 2909 1883 2978 ὅσης

300 2998 432 3070 παρ’
472 2997 612 3069 ἐμοῦ
657 2997 834 3062 αίδοῦς
862 2985 1130 3068 τετύχηκε
1169 2997 1442 3066 γνώσεσθε
1476 3015 1490 3030 ο
1523 2998 1583 3052 ού
1618 2998 1726 3070 γὰρ
1761 2997 1884 3052 θαυ-

304 3089 532 3162 μαστὸν,
572 3089 628 3141 et
646 3105 699 3142 τι
736 3087 781 3141 δ’
822 3089 890 3142 ἂν
917 3088 1056 3160 ὑπὲρ
1081 3087 1247 3142 αὐτοῦ
1288 3089 1585 3159 πεποίηκα.
1619 3090 1730 3144 Καὶ
1775 3089 1884 3163 γὰρ

1981 1924 2032 1978 ei
2072 1923 2270 1988 fuerat,
2297 1923 2554 1978 omnibus
2588 1921 2914 1978 necessariis
2951 1920 3292 1976 abundaret:
3333 1919 3552 1975 tametsi

1978 2013 2095 2083 ejus
2113 2013 2311 2068 eximia
2340 2012 2516 2067 virtus
2539 2011 2724 2067 divino
2742 2011 2881 2067 freta
2904 2011 3178 2083 praesidio,
3205 2011 3368 2066 etiam
3398 2027 3555 2081 aspe-

1980 2102 2142 2158 rioris
2167 2103 2398 2158 fortunae
2430 2118 2701 2157 aerumnas
2723 2103 2878 2172 parvi
2915 2102 3138 2173 pendat.
3167 2101 3404 2158 Proinde
3447 2100 3553 2155 etsi

1978 2194 2232 2249 dominus
2253 2209 2317 2248 ac
2339 2209 2536 2263 parens
2563 2202 2750 2248 noster
2772 2193 2910 2249 divae
2939 2193 3215 2247 memoriae
3240 2191 3556 2272 Constanti-

1977 2300 2084 2340 nus
2107 2285 2403 2356 Augustus,
2429 2285 2682 2340 eumdem
2709 2284 3024 2354 episcopum
3060 2283 3114 2338 in
3139 2283 3428 2353 pristinum
3467 2281 3552 2338 lo-

1978 2390 2102 2430 cum
2143 2375 2458 2439 restituerc,
2497 2389 2561 2428 ac
2586 2382 2782 2429 vestrae
2815 2371 3198 2428 sacratissima:
3227 2371 3417 2442 pietati
3442 2370 3554 2442 82

1980 2463 2208 2517 reddere
2227 2471 2610 2532 proposuerat,
2637 2460 2894 2532 quoniam
2929 2469 3110 2515 tamen
3143 2459 3382 2514 humana
3407 2468 3556 2514 sorte

1980 2561 2318 2624 praeventus,
2356 2554 2676 2624 priusquam
2713 2561 2902 2607 votum
2943 2567 3104 2607 suum
3143 2551 3443 2622 implesset,
3487 2565 3560 2604 ex

1981 2643 2085 2698 hac
2104 2644 2228 2698 luce
2255 2644 2530 2716 migravit,
2547 2651 2975 2700 consentaneum
2998 2657 3118 2698 esse
3143 2642 3472 2707 existimavi,
3496 2649 3560 2696 ut

1981 2736 2120 2792 diva
2165 2736 2443 2791 memoriae
2486 2735 2752 2806 principis
2797 2734 3171 2806 propositum,
3219 2748 3323 2804 ego
3367 2740 3560 2802 utpote

1983 2826 2180 2890 hazres,
2213 2824 2551 2880 exsecutioni
2580 2824 2916 2878 mandarem.
2944 2822 3155 2890 Quanta
3190 2837 3361 2892 porro
3400 2837 3560 2877 reve-

1984 2912 2162 2969 rentia
2187 2911 2319 2967 illia
2349 2911 2510 2966 nobis
2549 2911 2795 2967 exhibita
2828 2911 3016 2976 fuerit,
3040 2927 3109 2966 ex
3131 2926 3198 2966 eo
3230 2909 3370 2981 ipso,
3396 2909 3559 2965 simul

1984 3012 2146 3074 atque
2174 3003 2229 3057 in
2265 3014 2617 3072 conspectum
2639 3011 2884 3058 vestrum
2923 3001 3159 3068 venerit,
3195 3001 3557 3072 cognoscetis.

1984 3093 2095 3148 Nec
2119 3093 2337 3156 mirum,
2363 3093 2484 3162 ejus
2505 3091 2677 3162 gratia
2718 3091 2925 3161 aliquid
2962 3106 2994 3146 a
3019 3106 3105 3146 me
3131 3090 3334 3147 factum
3369 3089 3558 3144 fuisse.

299 3181 400 3252 τὴν
428 3183 454 3233 ὲ
463 3181 572 3251 μὴν
593 3179 795 3250 ψυχὴν,
818 3181 852 3250 ἡ
875 3177 970 3232 τοῦ
997 3178 1265 3250 ὑμετέρου
1293 3179 1462 3232 πόθου
1491 3181 1676 3246 εἰκὼν,
1707 3183 1802 3236 καὶ
1826 3183 1882 3237 τὸ

1985 3182 2066 3238 Ad
2103 3183 2208 3236 hoc
2243 3182 2392 3237 enim
2431 3189 2489 3236 et
2527 3181 2706 3252 imago
2747 3179 2996 3252 quaedam
3039 3179 3244 3234 amoris
3283 3178 3473 3243 vestri,
3505 3186 3564 3232 et

299 3271 626 3342 τηλικούτου
669 3269 861 3340 ἀνδρὸς
905 3270 1090 3340 σχῆμα
1125 3272 1204 3333 είς
1230 3269 1389 3324 τοῦτο
1429 3271 1601 3324 ἐκίνει
1636 3272 1732 3326 καὶ
1757 3290 1886 3346 προ-

297 3367 554 3436 έτρεπεν.
589 3362 656 3416 Ἦ
693 3361 814 3415 θεία
839 3360 1074 3434 Πρόνοια
1106 3361 1249 3432 ὑμᾶς
1282 3362 1620 3431 διαφυλάξοι,
1665 3363 1885 3435 ἀδελφοὶ

296 3455 597 3528 ἀγαπητοί.
638 3453 862 3517 Τούτοις
909 3452 1126 3524 θαρρῶν
1159 3456 1271 3517 τοῖς
1319 3457 1642 3526 γράμμασιν
1673 3457 1703 3509 ὁ
1734 3455 1887 3509 Ἀθα-

299 3545 506 3608 νάσιος,
533 3539 943 3611 καταλαμϐάνει
970 3542 1070 3612 τὴν
1102 3541 1528 3614 Ἀλεξάνδρειαν·
1557 3544 1652 3598 καὶ
1693 3545 1886 3616 ἥδιστα

300 3635 400 3705 μὲν
433 3632 600 3686 αὑτὸν
625 3628 910 3695 ἀνεδέξατο
939 3631 967 3684 ὁ
999 3629 1108 3685 τῶν
1143 3630 1534 3704 Ἀλεξανδρέων
1558 3631 1704 3697 λαός.
1731 3634 1886 3688 Ὅσοι

295 3727 351 3780 δὲ
399 3724 704 3794 ἐτύγχανον
736 3722 1134 3796 ἀρειανίζοντες
1179 3725 1237 3777 ἐν
1283 3717 1726 3795 αὐτῇ,’φατρίας
1771 3743 1887 3778 συν-

297 3819 521 3872 ίσταντο
541 3821 664 3872 κατ’
687 3818 876 3873 αὐτοῦ.
901 3818 980 3870 Δι’
1009 3811 1085 3871 ὧν
1109 3819 1353 3888 συνεχεῖς
1382 3819 1598 3882 στάσεις
1623 3819 1882 3888 ἐγίνοντο·

291 3908 506 3971 αἵτινες
547 3909 808 3963 ὑπόθεσιν
850 3911 1114 3981 παρεῖχον
1152 3910 1266 3973 τοῖς
1309 3909 1437 3980 περὶ
1483 3909 1742 3963 Εύσέδιον
1790 3908 1884 3962 τοῦ

290 3999 620 4056 διαϐάλλειν
649 4001 812 4056 αὐτὸν
847 3999 1078 4072 βασιλεῖ,
1109 4001 1190 4055 ὅτι
1223 4001 1297 4071 μὴ
1336 4000 1618 4071 κρίναντος
1644 4000 1735 4055 τοῦ
1775 4019 1888 4055 κοι-

1989 3272 2126 3328 tanti
2146 3271 2251 3326 viri
2275 3271 2486 3342 species
2509 3271 2753 3326 animum
2777 3285 2960 3326 meum
2983 3269 3154 3325 movit
3177 3276 3341 3338 atque
3364 3267 3561 3323 incita-

1987 3365 2086 3419 vit.
2122 3362 2315 3418 Divina
2355 3361 2706 3418 Providentia
2741 3377 2840 3417 vos
2881 3369 3084 3427 servet,
3121 3360 3322 3416 fratres
3351 3359 3563 3415 charis-

1989 3454 2132 3510 simi.
2187 3453 2286 3508 llis
2329 3453 2531 3508 litteris
2574 3451 2767 3508 fretus'
2794 3451 3129 3508 Athanasius
3179 3449 3564 3506 Alexandriam

1990 3543 2173 3609 venit;
2199 3553 2256 3597 et
2276 3543 2510 3612 populus
2535 3543 2758 3613 quidem
2794 3542 3201 3600 Alexandrinus
3221 3557 3349 3597 eum
3383 3541 3564 3596 liben-

1993 3636 2198 3692 tissime
2225 3634 2482 3704 suscepit.
2507 3633 2786 3704 Quotquot
2810 3650 2941 3690 vero
2976 3634 3033 3689 in
3067 3633 3160 3689 illa
3183 3633 3322 3689 urbe
3353 3631 3569 3703 opinio-

1990 3747 2116 3786 nem
2137 3727 2252 3784 Arii
2279 3727 2670 3796 sequebantur,
2693 3727 2954 3782 societate
2976 3726 3130 3791 inita,
3151 3725 3418 3782 adversus
3437 3740 3566 3782 eum

1991 3819 2398 3888 conspirabant.
2423 3818 2578 3874 Unde
2617 3819 2826 3874 crebrae
2851 3827 3055 3874 exortae
3091 3825 3218 3874 sunt
3244 3817 3566 3882 seditiones,

1991 3925 2113 3978 quae
2145 3925 2332 3964 ansam
2369 3909 2723 3980 praebuerunt
2763 3909 3090 3964 Eusebianis
3137 3917 3200 3963 ut
3233 3909 3386 3964 illum
3421 3908 3566 3979 apud

1994 4001 2378 4071 imperatorem
2401 4007 2742 4064 accusarent,
2766 3999 2913 4070 quod
2936 4001 3054 4054 sine
3075 3999 3296 4055 decreto
3319 4014 3567 4054 commu~

1461 4156 1735 4214 VALESII
1771 4156 2323 4213 ANNOTATIONES.

358 4273 478 4346 (79)
536 4269 1044 4346 ’An’ogtegosvrérat
1082 4273 1168 4336 είς
1201 4269 1637 4346 γνῶσινκῐιμεεο
1673 4271 1878 4346 ἀποπε-

286 4339 566 4412 φεύγέναι
595 4339 822 4412 γνῶσιν.
847 4339 907 4396 ut
929 4341 1193 4412 scriptum
1212 4339 1310 4396 est
1334 4341 1479 4412 apud
1511 4339 1873 4412 Athanasium

287 4409 342 4468 in
372 4409 720 4468 Defensione
758 4410 996 4466 secunda
1037 4409 1302 4464 adversus
1347 4409 1600 4472 Arianos,
1634 4409 1730 4462 ubi
1762 4409 1880 4463 haec

284 4481 654 4540 Constantini
681 4480 929 4536 Junioris
965 4478 1200 4549 epistola
1233 4480 1498 4544 refertur,
1531 4478 1658 4534 data
1693 4479 1783 4534 die
1812 4493 1880 4532 xv

1979 4271 2248 4325 Kalendas
2289 4267 2784 4338 JuliasiTreviris.
2835 4267 2927 4323 Sic
2982 4268 3130 4322 enim
3172 4277 3435 4338 concepta
3482 4275 3570 4324 est

1985 4339 2324 4410 subscriptio
2361 4337 2528 4410 apud
2564 4338 2958 4410 Athanasium.
2986 4338 3185 4410 ADatam
3228 4337 3568 4410 autemiesse

1986 4407 2266 4465 Felieiano
2313 4418 2371 4464 et
2398 4407 2642 4462 ’Titiano
2675 4423 2818 4463 coss.
2869 4407 3000 4462 alibi
3032 4409 3344 4475 observavi,
3389 4408 3446 4464 id
3484 4417 3570 4465 est

1989 4495 2136 4536 anno
2168 4478 2377 4535 Christi
2411 4479 2514 4533 557
2541 4488 2582 4530 ⁸.

1749 4635 2132 4692 VARIORUM.

355 4767 380 4795 ε
430 4752 662 4820 Ἐδόθη
683 4750 794 4820 πρὸ
823 4751 1147 4806 δεκαπέντε
1173 4748 1502 4820 Καλανδῶν
1532 4749 1798 4820 Ἱουλᾉίων·
1817 4749 1882 4803 ἐν

1989 4751 2242 4818 siumque
2271 4765 2338 4804 ex
2374 4749 2564 4806 Galliis
2605 4750 2858 4805 rediisse.
2884 4749 3042 4820 Cum
3063 4749 3210 4803 enim
3242 4763 3398 4820 anno
3439 4748 3568 4820 557,

288 4817 876 4892 Τριϐέροιςςυοευηι
932 4823 1155 4877 Treviris
1211 4837 1276 4876 xv
1318 4819 1602 4892 Kalendas
1665 4817 1878 4892 Iulias,

279 4895 336 4950 id
358 4889 473 4956 est,
507 4892 586 4946 17
609 4889 783 4947 Junii.
810 4893 885 4947 De
923 4908 1067 4946 anno
1090 4899 1272 4946 autem
1299 4891 1582 4959 disputant
1607 4889 1884 4944 recentio-

279 4981 390 5019 res.
444 4962 718 5019 Valesius
750 4961 884 5024 557,
928 4962 1019 5016 alii
1043 4978 1175 5016 vero
1217 4967 1540 5027 sequentem
1585 4960 1884 5026 assignant.

281 5034 464 5088 Litem
492 5031 795 5086 resolvunt
817 5031 1150 5088 Athanasius
1183 5039 1237 5084 et
1268 5029 1658 5084 Theodoritus.
1685 5029 1781 5082 llle
1829 5029 1886 5082 in

279 5103 550 5176 Epistqla
575 5101 652 5156 ad
691 5100 1185 5176 solitarios,“paulo
1230 5106 1355 5176 post
1388 5099 1604 5176 in_i_tium
1633 5115 1646 5151 :
1699 5097 1887 5176 Ταύτα

281 5167 664 5242 σᾶνορῶντες,
701 5169 798 5233 ait,
821 5172 870 5242 oi
897 5167 1044 5239 τρεῖς
1066 5167 1283 5242 ἀδελφοί
1292 5211 1302 5222 .
1338 5200 1407 5242 ~7-
1426 5169 1558 5242 Πανί
1573 5184 1690 5220 cum
1714 5167 1891 5242 anim-

283 5236 648 5296 adverterent
693 5249 799 5294 tres
832 5236 1048 5309 fratres,
1091 5238 1488 5309 Constantinus,
1507 5236 1883 5309 Constantius,

283 5320 334 5365 et
364 5312 674 5374 Constans,
712 5317 826 5380 post
862 5311 1031 5380 patris
1055 5308 1270 5380 obitum,
1303 5323 1478 5360 omnes
1499 5308 1565 5380 in
1583 5308 1816 5376 patriam
1841 5315 1890 5380 et

280 5383 602 5435 Ecclesium
656 5377 816 5434 suam
851 5377 1042 5432 reverti
1077 5378 1399 5447 jusserunt:
1441 5377 1724 5447 scribentes
1767 5379 1888 5447 qui-

279 5450 403 5505 dem
437 5451 512 5504 de
535 5449 769 5520 singulis
797 5449 866 5502 ad
884 5446 1134 5520 proprius
1177 5446 1486 5520 Ecclesias,__
1507 5446 1570 5520 d_e
1596 5446 1889 5520 Athanasio

282 5530 469 5575 autem
492 5520 574 5574 ad
604 5515 744 5572 hanc
769 5515 1002 5572 modum:
1063 5517 1190 5570 Post
1211 5517 1324 5570 hzec
1347 5515 1640 5585 subjicitur
1667 5515 1888 5570 initium

279 5591 542 5660 epistola;
577 5587 928 5644 Constantini
955 5585 1219 5644 Junioris.
1249 5585 1404 5660 _Hinc
1435 5601 1563 5640 sane
1604 5585 1782 5654 liquet
1819 5602 1888 5641 ex

279 5655 453 5716 trium
501 5658 752 5714 fratrum
795 5671 1068 5712 consensu
1111 5655 1327 5709 exsules
1373 5669 1562 5709 omnes
1605 5664 1892 5712 revocatos

283 5729 499 5798 fuisse;
553 5736 728 5798 atque
780 5727 918 5798 adeo
946 5742 1064 5798 non
1096 5739 1249 5798 _anno
1286 5724 1410 5798 557,
1451 5723 1546 5798 sed
1595 5733 1885 5798 sequente,

286 5799 347 5854 17
372 5793 538 5860 Junii
585 5793 856 5869 scriptam
881 5796 1048 5852 fuisse
1096 5794 1236 5850 hanc
1291 5793 1597 5863 epistolam,
1645 5793 1888 5850 Athana-

1987 4820 2112 4874 Maii
2139 4817 2401 4874 vicesima
2452 4820 2714 4884 secunda,
2763 4819 3156 4874 Constantinus
3207 4817 3430 4883 obierit,
3479 4819 3570 4874 vix

1989 4891 2054 4944 17
2079 4889 2228 4947 Junii
2270 4890 2516 4958 ejusdem
2561 4889 2690 4945 anni
2728 4891 2984 4944 nuntium
3031 4888 3218 4944 obitus
3254 4887 3572 4944 Constanti-

1987 4961 2176 5030 nopoli
2202 4959 2462 5014 Treviros
2503 4960 2822 5030 pervenisse
2856 4959 3132 5030 credatur.
3165 4958 3277 5012 Nec
3309 4967 3416 5012 tam
3451 4975 3572 5030 mo-

1987 5029 2112 5084 dico
2153 5031 2416 5098 temporis
2438 5029 2749 5095 intervallo,
2790 5030 2989 5084 fratres
3017 5029 3261 5084 Caesares
3301 5035 3450 5083 tanto
3471 5029 3569 5083 iti--

1987 5116 2122 5155 nere
2173 5100 2464 5170 disjuncti,
2519 5117 2583 5155 ac
2639 5109 2750 5156 tam
2817 5099 3097 5170 gravibus,
3135 5099 3271 5153 alias
3338 5099 3575 5170 negotiis

1991 5169 2276 5239 implicati,
2324 5171 2600 5226 communi
2633 5169 2902 5227 consensu
2949 5169 3168 5225 exsules
3195 5169 3475 5239 revocare,
3508 5184 3574 5224 ac

1991 5237 2204 5294 litteras
2241 5242 2526 5295 exsulibus
2557 5241 2770 5295 tradere
2817 5248 3140 5310 potuerunt.
3180 5237 3312 5310 Quae
3346 5247 3572 5310 sentenf

1989 5311 2063 5364 tia
2095 5311 2432 5367 validissime
2464 5311 2714 5364 ﬁrmatur
2741 5307 3062 5366 'l‘lfeodoriti
3091 5309 3429 5372 testimonio,
3475 5307 3573 5376 qui

1987 5381 2084 5435 lib.
2117 5397 2174 5442 ιι,
2203 5397 2320 5450 cap.
2369 5382 2417 5443 l,
2471 5381 2548 5434 ait
2585 5380 2945 5435 Athanasium
2976 5379 3205 5450 biennio
3241 5385 3299 5450 et
3335 5385 3572 5450 quatuor

1985 5447 2542 5505 mensibus—Treviris
2573 5462 2996 5505 commoratum.
3041 5449 3176 5504 Cum
3211 5447 3359 5502 enim
3406 5447 3576 5499 Atha—

1985 5522 2176 5587 nasius
2199 5521 2356 5575 initio
2383 5520 2509 5575 anni
2538 5520 2642 5575 556
2687 5521 2946 5576 Treviros
2991 5517 3298 5579 advenerit,
3329 5531 3438 5569 non
3467 5530 3572 5584 po-

1987 5591 2222 5664 tuitnisi
2248 5607 2392 5664 anno
2437 5589 2562 5664 i338,
2598 5589 2738 5664 duos
2784 5607 2960 5664 annos
2988 5593 3334 5664 ethquatuor-
3355 5598 3578 5664 menses

1999 5661 2204 5732 ibidem
2241 5659 2564 5732 confecisse.
2611 5659 2716 5732 (Cl.
2749 5659 3002 5717 monachi
3057 5655 3420 5720 Benedictini,
3453 5667 3515 5710 nt
3531 5660 3571 5709 t.

1997 5730 2054 5786 in
2086 5729 2491 5797 Athanasium.)
