4026 6338
309 381 403 438 197

1297 385 1624 444 HISTORIA
1663 384 2212 443 ECCLESIASTICA.
2253 416 2324 427 —
2359 383 2488 442 LIB.
2529 386 2596 442 ll.

3441 385 3563 446 ’198

305 493 396 553 οὖν
447 495 594 570 ,αὕτη
644 501 680 572 ἠ
736 499 951 565 σύνοδος
1011 500 1070 555 ὲν
1119 501 1187 572 τῇ
1234 501 1553 574 Ἀντιοχείᾳ,
1611 501 1880 572 παρουσίᾳ

1985 501 2356 572 Congregatur
2397 499 2584 570 itaque
2635 497 2878 570 synodus
2925 499 3248 565 Antiochiae,
3290 510 3564 570 praesente

309 591 684 646 Κωνσταντίου
735 592 831 647 τοῦ
875 591 1160 663 βασιλέως,
1191 593 1250 648 έν
1280 593 1517 668 ὑπατείᾳ
1563 593 1878 664 Μαρκέλλω

307 681 395 736 καὶ
422 683 692 754 Προϐίνου
726 683 862 756 (86)°
893 679 962 756 ἦν
1009 685 1068 740 δὲ
1115 683 1366 756 πέμπτον
1406 685 1526 748 ἔτος
1577 685 1690 756 (87)
1723 685 1881 740 τοῦτο

303 773 396 842 τῆς
423 771 688 844 τελευτῆς
715 773 812 828 τοῦ
844 773 955 828 τῶν
981 773 1307 843 Δύγούστων
1335 773 1543 846 πατρὸς
1585 773 1880 828 Κωνσταν-

303 862 466 918 τίνου.
495 865 859 936 Προειστήκει
881 865 939 919 δὲ
969 863 1090 917 τότε
1113 862 1214 934 τῆς
1239 863 1300 916 ἐν
1334 862 1634 934 Ἀντιοχείᾳ
1655 861 1882 931 Ἐκκληο

304 955 418 1020 σίας
452 954 722 1019 Πλάκιτος
752 954 886 1027 (88),
912 953 1290 1024 διαδεξάμενος
1316 951 1630 1024 Εύφρόνιον.
1659 952 1723 1006 Οἱ
1753 951 1883 1021 περὶ

307 1045 561 1102 Εὐσέϐιον
583 1041 699 1112 οὗν,
725 1045 889 1117 ἔργον
920 1045 1160 1100 τίθενται
1193 1044 1623 1117 προηγουμένως
1655 1043 1881 1098 Ἀθανά-

306 1156 414 1194 σιον
447 1139 780 1203 διαϐάλλειν,
816 1138 1034 1210 πρῶτον
1067 1138 1166 1208 μὲν
1197 1136 1274 1200 ὡς
1303 1137 1456 1209 παρὰ
1498 1135 1700 1190 κανόνα
1739 1134 1882 1206 πράο

305 1230 489 1294 ξαντα,
514 1230 577 1284 ὃν
621 1230 779 1284 αὐτοὶ
821 1229 1032 1302 ὥρισαν
1059 1229 1204 1292 τότε,
1248 1230 1332 1284 ὅτι
1373 1229 1451 1300 μὴ
1478 1226 1672 1300 γνώμῃ
1703 1223 1882 1282 κοινοῦ

307 1320 581 1392 συνεδρίου
609 1320 720 1374 τῶν
753 1321 1089 1386 ἐπισκόπων,
1125 1319 1224 1390 τὴν
1255 1318 1410 1385 τάξιν
1439 1320 1536 1390 τῆς
1583 1317 1884 1390 ἱερωσύνης

307 1413 586 1469 ἀνέλαϐεν.
627 1411 968 1468 Ἐπανελθὼν
1015 1411 1268 1483 γὰρ’ἀπδ
1298 1412 1396 1484 τῆς
1439 1411 1673 1484 ὲξορίας,
1708 1409 1885 1480 ἑαυτῷ

309 1505 600 1578 έπιτρέψας
644 1505 728 1570 είς
769 1505 869 1576 τὴν
903 1503 1230 1576 Ἐκκλησίαν
1267 1505 1616 1576 είσεπήδησε.
1659 1502 1770 1557 Καὶ
1801 1503 1884 1556 ὅτι

307 1601 361 1651 ἐν
385 1601 451 1668 τῇ
483 1595 676 1666 είσόδῳ
701 1594 867 1650 αὐτοῦ
894 1595 1140 1666 ταραχῆς
1167 1595 1484 1666 γενομένης,
1519 1593 1700 1647 πολλοὶ
1731 1594 1790 1647 ἐν
1815 1595 1884 1664 τῇ

309 1688 489 1743 στάσει
519 1685 799 1742 ἀπέθανον
847 1685 982 1757 (89)·
1045 1687 1138 1740 καὶ
1186 1685 1264 1750 ὥς
1309 1703 1474 1740 τινων
1528 1685 1885 1740 αίκισθέντων

307 1776 781 1841 ὑπδἌθανασίου,
827 1777 988 1832 τινῶν
1031 1777 1091 1832 δὲ
1142 1776 1513 1851 δικαστηρίοις
1561 1777 1886 1848 παραδοθέν-

1981 593 2103 663 ipso
2143 591 2276 662 imp.
2312 590 2656 657 Constantio,
2681 591 2968 647 consulatu
3006 591 3309 646 Marcellini
3338 600 3397 646 et
3431 592 3566 648 Pro--

1980 683 2121 748 bini,
2165 697 2311 738 anno
2354 683 2548 753 quinto
2595 689 2722 752 post
2755 682 2970 737 obitum
3003 683 3350 738 Constantini
3389 683 3563 754 patris

1980 774 2376 844 Augustorum.
2424 773 2760 828 Praasidebat
2804 789 2871 829 eo
2918 780 3165 844 tempore
3210 775 3564 830 Antiochense

1990 863 2251 918 Ecclesia:
2273 861 2584 926 Flaccillus,
2610 862 2702 932 qui
2727 861 3047 932 Euphronio
3078 869 3436 916 successerat.
3463 860 3568 932 lgi-

1984 963 2076 1010 tur
2106 954 2407 1010 Eusebiani
2452 963 2578 1009 ante
2614 954 2801 1008 omnia
2842 952 3200 1008 Athanasium
3241 952 3564 1008 calumniari

1982 1044 2347 1101 studuerunt:
2385 1043 2625 1114 primum
2652 1043 2898 1114 quidem,
2929 1043 3075 1114 quod
3108 1051 3296 1098 contra
3321 1043 3566 1114 regulam

1981 1150 2146 1206 quam
2181 1135 2289 1206 ipsi
2326 1142 2442 1190 tum
2472 1134 2714 1206 primum
2753 1135 3192 1200 constituerunt,
3217 1134 3569 1205 episcOpatus

1983 1227 2070 1283 sui
2109 1227 2292 1282 locum
2328 1226 2538 1297 absque
2571 1227 2798 1282 decreto
2839 1226 3148 1282 communis
3181 1227 3565 1296 episcoporum

1983 1317 2203 1374 concilii
2249 1325 2652 1388 recuperasset.
2693 1317 2905 1389 Quippe
2945 1317 3015 1373 ab
3054 1317 3250 1373 exsilio
3286 1332 3565 1382 reversus,

1985 1416 2179 1479 suopte
2205 1417 2344 1463 nutu
2379 1417 2544 1478 atque
2580 1407 2812 1463 arbitrio
2843 1408 3143 1463 Ecclesiam
3179 1417 3564 1478 occupaverat.

1983 1500 2193 1556 Deinde
2216 1499 2361 1570 quod
2390 1499 2494 1555 sub
2515 1499 2824 1570 ingressum
2847 1500 2966 1570 ejus
2983 1505 3106 1554 orto
3130 1499 3389 1564 tumultu,
3407 1499 3568 1553 multi

1986 1591 2043 1646 in
2067 1591 2342 1647 seditione
2375 1590 2798 1657 occubuissent;
2823 1597 2880 1643 et
2901 1589 3046 1659 quod
3075 1589 3168 1644 alii
3191 1590 3412 1660 quidem
3435 1605 3567 1645 vero

1986 1680 2216 1736 boribus
2243 1680 2313 1736 ah
2336 1681 2429 1736 illo
2451 1679 2634 1736 aﬂ‘ecti
2657 1679 2892 1734 fuissent
2915 1719 2930 1745 ,
2955 1679 3048 1733 alii
3075 1677 3132 1732 in
3156 1679 3426 1750 judicium
3466 1680 3566 1734 ad-

1985 1770 2161 1826 ducti.
2188 1769 2298 1826 Sed
2323 1779 2380 1826 et
2409 1770 2499 1825 illa
2524 1785 2647 1840 qua:
2672 1770 2729 1824 in
2760 1768 2899 1824 urbe
2924 1768 3068 1840 Tyro
3110 1768 3376 1826 adversus
3401 1771 3568 1825 Atha-

307 1887 430 1924 των.
468 1869 546 1924 Otii
581 1869 688 1941 μὴν
730 1867 869 1924 ἀλλὰ
910 1868 1004 1923 καὶ
1031 1867 1100 1922 τὰ
1126 1869 1185 1921 έν
1213 1870 1280 1940 τῇ
1321 1850 1484 1940 Τύρῳ
1519 1867 1880 1938 πεπραγμένα

1985 1862 2198 1917 nasium
2222 1868 2374 1935 gesta
2396 1860 2634 1925 fuerant,
2661 1861 2715 1914 in
2752 1859 2996 1915 medium
3021 1860 3324 1930 protulere.

305 1961 442 2018 κατὰ
481 1960 803 2016 ’Δθανασίου
837 1961 917 2024 είς
943 1959 1108 2030 μέσον
1140 1953 1297 2032 ἦγον.

903 2069 1156 2123 ΚΕΦΑΛ.
1195 2068 1275 2124 Θ¹.

583 2160 723 2230 Περὶ
752 2161 1048 2215 Εὐσεϐἰου
1071 2159 1178 2214 τοῦ
1220 2157 1558 2230 Ἐμισηνοῦ.

383 2254 508 2308 Ἐπὶ
526 2253 740 2316 τούτοις
767 2253 887 2306 τότε
915 2252 1017 2322 τῆς
1036 2251 1286 2323 διαϐολῆς
1308 2253 1628 2324 γενομένης,
1654 2269 1880 2326 προχει-

317 2344 553 2414 ρίζονται
583 2345 686 2414 τῆς
736 2343 1140 2418 Ἀλεξανδρείας
1175 2345 1494 2408 ἐπίσκοπον,
1531 2344 1744 2417 πρῶτον
1783 2347 1881 2416 μὲν

308 2433 560 2490 Εύσέϐιον
592 2435 684 2490 τὸν
725 2435 1092 2508 ἐπικληθέντα
1131 2436 1438 2508 Ἐμισηνόν.
1489 2435 1586 2500 Τίς
1625 2437 1683 2490 δὲ
1724 2431 1878 2502 οὗτος

305 2523 387 2597 ἦν,
418 2527 662 2582 διδάσκει
694 2526 968 2600 Γεώργιος
995 2529 1024 2582 ό
1066 2527 1409 2592 Λαοδικείας,
1449 2528 1509 2592 ὃς
1539 2528 1660 2582 τότε
1698 2529 1880 2600 παρῆν

305 2621 359 2671 ὲν
382 2620 448 2689 τῇ
475 2617 700 2689 συνόδῳ.
733 2618 872 2688 Φησὶ
903 2617 1012 2691 γὰρ
1033 2619 1089 2672 ὲν
1113 2617 1192 2690 τῷ
1223 2621 1304 2684 είς
1333 2620 1497 2675 αὑτὸν
1519 2621 1880 2691 πεπονημένῳ

308 2710 513 2782 βιϐλίῳ,
545 2710 622 2774 ὡς
654 2710 740 2782 εῐη
776 2710 1037 2776 Εὐσέϐιος
1066 2713 1132 2765 ὲκ
1161 2711 1272 2766 τῶν
1317 2712 1657 2784 εὐπατριδῶν
1693 2712 1792 2780 τῆς
1822 2712 1880 2765 ἐν

305 2803 700 2874 Μεσοποταμίᾳ
737 2802 958 2874 Ἐδέσης
987 2804 1390 2874 καταγόμενοςο
1421 2807 1486 2857 ὲκ
1521 2803 1648 2868 νέας
1675 2821 1736 2858 τε
1763 2802 1880 2874 ἡλι-

306 2896 422 2960 κίας
447 2897 519 2950 τὰ
538 2893 664 2965 ἱερὰ
688 2893 874 2965 μαθὼν
889 2895 1197 2966 Γράμματα
1220 2893 1356 2965 (90)°
1377 2889 1496 2949 εἶτα
1515 2895 1582 2948 τὰ
1613 2893 1880 2966 Ἑλλήνων

309 2985 621 3048 παιδευθεὶς
650 2984 806 3056 παρὰ
831 2983 909 3056 τῷ
946 2984 1248 3056 τηνικαῦτα
1289 2989 1356 3056 τῇ
1397 2985 1586 3056 Ἑδέσῃ
1615 2985 1881 3058 ἐπιδημή-

306 3094 455 3131 σαντι
484 3076 772 3147 παιδευτῇ·
800 3075 953 3138 τέλος
983 3075 1090 3128 ὑπὸ
1115 3075 1456 3146 Πατροφίλου
1486 3077 1581 3130 καὶ
1617 3075 1884 3132 Εὑσεϐίου.

2557 2063 2669 2134 36
2702 2062 2852 2117 CAP.
2894 2062 2985 2117 1X.

2461 2152 2542 2208 De
2563 2153 2792 2208 Eusebio
2815 2153 2866 2208 Ε
2870 2155 3088 2210 miserta.

2051 2244 2378 2317 Ilujusmodi
2427 2253 2544 2300 tum
2592 2244 2934 2300 concinnatis
2978 2247 3288 2313 calumniis,
3330 2247 3563 2304 Alexan-

1981 2343 2154 2402 drina:
2182 2345 2440 2402 Ecclesia:
2464 2345 2785 2414 episcopum
2811 2342 3116 2414 designant,
3149 2345 3326 2415 primo
3342 2347 3562 2416 quidem

1981 2438 2280 2496 Eusebium
2315 2444 2678 2508 cognomento
2723 2434 3060 2490 Emisenum.
3101 2435 3361 2504 Quisnam
3397 2455 3565 2512 porro

1982 2530 2084 2586 iste
2109 2531 2294 2595 fuerit,
2325 2530 2486 2586 docet
2508 2527 2776 2599 Georgius
2805 2526 3091 2584 Laodicea:
3118 2531 3432 2602 episcopus,
3469 2536 3565 2603 qui

1979 2623 2214 2678 concilio
2252 2623 2383 2678 huic
2411 2623 2576 2677 etiam
2609 2622 2878 2678 interfuit.
2916 2619 3054 2678 Nam
3095 2623 3152 2678 in
3197 2625 3340 2680 libro
3397 2642 3565 2696 quem

1980 2713 2049 2768 de
2082 2715 2202 2784 ejus
2241 2714 2349 2768 vita
2381 2715 2728 2785 conscripsit,
2761 2716 2839 2771 ait
2872 2717 3025 2774 illum
3052 2733 3120 2772 ex
3157 2718 3294 2774 viris
3332 2719 3563 2774 nobilis-

1982 2803 2136 2858 simis
2157 2804 2374 2860 Edessa:
2393 2804 2447 2858 in
2471 2805 2863 2876 Mesopotamia
2903 2809 3120 2880 generis
3157 2809 3244 2864 sui
3297 2808 3565 2880 originem

1982 2895 2225 2961 duxisse,
2261 2903 2318 2950 et
2341 2911 2370 2950 a
2402 2912 2577 2966 puero
2605 2901 2776 2956 sacris
2807 2900 3031 2956 Litteris
3053 2901 3386 2966 institutum,
3411 2900 3564 2956 Cra:-

1983 3002 2075 3042 eas
2099 2995 2288 3057 postea
2321 2987 2640 3058 disciplinas
2677 3005 2708 3044 a
2737 2990 2974 3060 quodam
3011 2991 3276 3061 magistro
3300 2991 3392 3059 qui
3436 2998 3567 3044 tunc

1985 3079 2246 3150 temporis
2269 3079 2486 3133 Edessze
2519 3079 2772 3152 degebat,
2803 3082 3118 3152 percepisse
3143 3100 3156 3134 :
3185 3081 3406 3136 tandem
3432 3097 3566 3136 vero

303 3171 368 3224 τὰ
395 3171 522 3240 ἱερὰ
556 3167 878 3240 ἡρμηνεύθη
906 3166 1097 3222 Βιϐλία
1123 3183 1136 3197 ·
1171 3163 1245 3222 ὧν
1269 3168 1298 3221 ό
1328 3169 1426 3240 μὲν
1446 3169 1555 3222 τῶν
1587 3169 1644 3220 έν
1667 3169 1880 3222 Καισα-

1985 3184 2269 3226 sacrorum
2297 3170 2650 3225 Voluminum
2691 3171 3091 3242 expositionem
3129 3187 3199 3226 ex
3250 3172 3568 3242 Patrophilo

305 3263 442 3334 ρείᾳ,
473 3264 504 3315 ό
523 3260 582 3314 δὲ
611 3260 712 3331 τῆς
745 3261 802 3314 ὲν
831 3259 1161 3314 Σκυθοπόλει
1199 3260 1492 3332 προϊστατο
1534 3259 1878 3330 Ἐκκλησίας.

303 3353 454 3408 Μετὰ
479 3351 658 3406 ταῦτα
688 3352 743 3406 δὲ
774 3351 1211 3422 ἐπιδημήσαντος
1253 3350 1420 3404 αὐτοῦ
1449 3354 1515 3422 τῇ
1559 3351 1878 3421 Ἀντιοχείᾳ,

306 3445 501 3516 συνέϐη
557 3443 860 3499 Εὐστόιθιον
920 3445 1027 3498 ὑπὸ
1081 3445 1266 3516 Κύρου
1296 3445 1740 3516 κατηγορηθέντα
1787 3445 1880 3500 τοῦ

305 3535 565 3605 Βεροιέως
587 3531 983 3604 καθαιρεθῆναι
1014 3534 1090 3598 ὡς
1125 3534 1531 3599 Σαϐελλίζοντα.
1564 3530 1698 3588 Εἶτα
1728 3531 1881 3600 αὖθις

304 3627 390 3681 τὸν
440 3625 706 3680 Εὐσέϐιον
760 3628 1000 3680 συνεῖναι
1053 3625 1336 3697 Εὗφρονίῳ
1385 3624 1464 3696 τῷ
1512 3625 1881 3698 διαδεξαμένῳ

307 3719 631 3774 Εύστάθιον·
663 3717 934 3787 φεύγοντὰ
959 3736 1019 3772 τε
1046 3718 1145 3789 τὴν
1181 3717 1500 3788 ἱερωσύνην,
1550 3719 1878 3774 καταλαϐεῖν

1989 3261 2239 3318 hausisse
2272 3270 2436 3332 atque
2457 3263 2729 3318 Eusebio:
2769 3280 3002 3334 quorum
3029 3265 3122 3319 hic
3151 3264 3562 3332 Ctesariensem,

1990 3355 2082 3410 ille
2111 3353 2615 3426 Scythopolitanam
2645 3355 2869 3426 regebat
2906 3355 3228 3410 Ecclesiam.
3271 3355 3399 3411 Post
3451 3357 3568 3412 haec

1989 3462 2114 3502 cum
2152 3445 2502 3501 Antiochiam
2528 3446 2797 3511 venisset,
2828 3446 3059 3518 contigit
3086 3456 3147 3502 ut
3170 3447 3492 3503 Eustathius
3535 3463 3567 3504 τι

1987 3537 2128 3609 Cyro
2161 3536 2440 3592 Bermensi
2481 3544 2770 3592 accusatus
2824 3545 3084 3607 tanquam
3135 3537 3426 3594 Sahelliani
3464 3540 3565 3594 do-

1987 3629 2186 3700 gmatis
2216 3635 2477 3692 assertor,
2513 3627 2902 3699 deponeretur.
2934 3628 3112 3696 Quare
3145 3631 3415 3684 Eusebius
3441 3645 3566 3685 cum

1988 3719 2328 3790 Euphronio,
2362 3721 2456 3792 qui
2489 3720 2780 3778 Eustathio
2801 3730 3162 3788 successerat,
3191 3722 3449 3793 deinceps
3487 3723 3566 3777 vi-

1512 3874 1776 3930 VALESII
1815 3874 2370 3935 ANNOTATIONES.

396 4013 486 4082 86)
527 4013 630 4094 Ἑν
669 4015 948 4094 ,ὑπατεία
1005 4020 1372 4094 Μαρκέλλου
1410 4018 1509 4073 καὶ
1561 4019 1872 4094 "goat-0v.

307 4083 639 4160 Athanasius
664 4083 723 4160 in
747 4083 890 4160 l_ibr_o
913 4087 990 4142 De
1012 4083 1255 4160 synodis,
1285 4093 1450 4160 hujus
1472 4089 1688 4160 concilii
1739 4096 1877 4142 tem-

310 4171 410 4224 pus
441 4155 531 4226 his
561 4154 710 4226 notis
745 4154 1249 4226 designat:"‘llcav
1289 4154 1420 4214 δὲόἱ
1445 4159 1789 4222 συνελθόντες
1819 4160 1876 4210 ἐν

306 4223 416 4298 τοῖς
472 4223 794 4298 ὲγκαινίοις-
842 4223 1138 4298 ἐπίσκοποι
1213 4231 1564 4298 ἐνενήκοντα,
1644 4228 1878 4296 ὑπατείᾳ

309 4293 678 4366 Μαρκελλίνου
711 4295 807 4366 καὶ
839 4295 1123 4366 Προϐίνου.
1173 4293 1509 4362 ίνδικτιῶνος
1543 4298 1622 4359 ιδ’,
1659 4299 1773 4349 ἐκεῖ
1793 4293 1880 4349 6v-

306 4363 415 4428 τος
447 4363 832 4436 Κωνεταντίου
885 4363 1268 4422 ἀσεϐεστάτου.
1323 4369 1489 4422 Fuere
1541 4376 1739 4430 autem,
1789 4367 1878 4436 qui

308 4442 540 4509 tempore
571 4432 945 4509 Encwniorum
981 4447 1354 4509 convenerant,
1396 4439 1619 4509 episcopi
1659 4432 1877 4509 numero

309 4502 950 4574 nonaginta,rcon.sulibus
998 4505 1310 4560 Marcellino
1345 4516 1392 4560 ct
1425 4502 1684 4565 Ῥνοίὶἱηο,
1742 4506 1878 4558 imii-

306 4571 472 4698 Etionf
526 4571 733 4693 (iccima
770 4581 990 4643 quarta,
1039 4587 1296 4646 prasente
1339 4577 1528 4630 ibidem
1571 4577 1877 4645 impiissimo

349 4660 439 4696 ons
469 4660 538 4696 an
570 4659 640 4696 ιο.

349 4644 640 4696 onstantio.

1982 4015 2128 4087 Idem
2165 4024 2328 4087 antea
2355 4014 2590 4071 concilio
2617 4015 2746 4087 Tyri
2784 4015 3128 4080 interfuerat,
3155 4029 3211 4073 et
3247 4035 3371 4072 cum
3403 4019 3561 4072 Aria-

1980 4086 2068 4139 nis
2114 4086 2380 4140 adversus
2439 4086 2801 4140 AthanaSium
2853 4088 3294 4154 conspiraverat,
3353 4099 3414 4142 ut
3459 4090 3561 4142 do—

1980 4166 2068 4209 cet
2107 4156 2351 4228 Epistola
2401 4158 2815 4228 episcoporum_
2851 4155 3066 4228 Egypti
3117 4158 3185 4211 ad
3242 4159 3562 4228 Dionysium

1981 4226 2260 4288 comitem,
2311 4241 2473 4295 quam
2516 4225 2687 4280 refert
2730 4225 3061 4280 Athanasius
3123 4227 3178 4282 in
3234 4225 3562 4284 Defensione

1978 4295 2220 4349 secunda
2246 4296 2510 4350 adversus
2539 4297 2790 4350 Arianos.
2837 4295 3027 4350 Eidem
3091 4295 3346 4353 Flacciilo
3387 4298 3561 4352 Eusc-

1985 4365 2109 4418 hius
2130 4364 2484 4421 Caesariensis
2513 4367 2686 4420 libros
2709 4382 2838 4420 suos
2865 4376 3056 4420 contra
3075 4367 3388 4422 Marcellum
3419 4383 3563 4421 nun-

1985 4436 2225 4506 cupavit.
2257 4437 2361 4506 Pro
2391 4437 2647 4490 Flaccillo
2673 4445 2854 4490 tamen
2899 4436 3013 4489 fere
3055 4437 3262 4506 ubique
3319 4438 3560 4491 Placitus

1987 4505 2414 4576 scribituroNisi
2445 4506 2588 4576 quod
2622 4505 2954 4576 insequenti
3007 4521 3126 4576 cap.
3167 4505 3340 4562 codex
3375 4506 3559 4561 Allatii

1987 4574 2250 4643 scriptum
2281 4575 2464 4637 habet,
2499 4575 2602 4628 ὑπὸ
2629 4575 2943 4628 ιιολακίλλου.

2062 4644 2172 4713 (89)
2206 4645 2520 4697 Πολλοὶέν
2567 4643 2640 4710 τῇ
2687 4645 2900 4698 στάσει
2943 4645 3265 4700 ἀπέθανον.
3304 4645 3410 4699 llas
3445 4645 3560 4700 Eu-

377 4712 488 4788 (8?)
521 4707 634 4765 ’Ἦν
658 4711 727 4765 δὲ
776 4712 1046 4788 πέμπτον
1072 4714 1248 4788 -ἓτος,
1287 4722 1406 4788 etc:
1460 4713 1774 4788 Marcellino
1825 4723 1880 4769 et

1987 4707 2684 4788 soliianorum_calumnias
2751 4716 2967 4788 egregie
3016 4713 3256 4788 refutant
3314 4717 3556 4788 episcopi
3621 4761 3624 4764 .

303 4782 548 4838 Prehino
574 4797 740 4845 coss,
772 4783 861 4837 die
890 4784 1180 4840 undecimo
1208 4784 1472 4838 Kalendas
1496 4784 1707 4847 lunias,
1732 4800 1882 4838 eom—

302 4853 492 4975 Eletus
508 4859 597 4933 est
629 4867 808 4934 annus
833 4863 1065 4922 quartus
1085 4855 1154 4909 ab
1181 4855 1335 4908 obitu
1364 4853 1725 4936 Constantini.
1754 4855 1884 4909 Post

343 4938 452 4975 unc
477 4930 652 4975 mitur
683 4922 828 4975 diem
852 4924 1081 4975 collecta
1107 4934 1192 4975 est
1231 4925 1474 4975 svnodus
1517 4923 1878 4975 Antiochena.

343 4938 452 4995 unc
477 4921 652 4992 igitur
683 4921 1081 4995 diemcollecm
1107 4934 1192 4979 est
1231 4925 1474 4995 synodus
1517 4923 1878 4988 Antiochena,

303 4991 350 5046 si
371 4991 568 5047 verum
593 4992 841 5061 estquod
867 4993 943 5046 ait
965 4993 1236 5057 Socrates,
1261 4991 1381 5048 eam
1404 4995 1687 5048 collectam
1715 4994 1882 5050 fuisse

302 5076 448 5117 anno
477 5061 680 5133 quinto
706 5063 776 5116 ah
801 5062 954 5117 obitu
989 5062 1355 5118 Constantini.

373 5131 840 5203 (88)'Il.tgimtoc.
874 5133 1102 5203 Rectius
1131 5135 1390 5188 scribitur
1432 5135 1537 5190 hoc
1573 5149 1774 5188 nomen
1825 5133 1882 5188 in

301 5202 560 5272 versiOne
612 5202 908 5272 Epiphanii
961 5202 1309 5258 Scholastici.
1354 5205 1701 5260 -Ρνιιοδὶίίρὸαε
1757 5211 1882 5257 tum:

304 5271 552 5356 Ecclesiae
579 5271 1226 5356 Aulide/tentehﬂaccilhis
1240 5291 1544 5356 _succcssor_
1563 5275 1876 5356 Euphronii.

299 5343 410 5399 Nec
423 5346 589 5400 aliter
603 5343 812 5414 dicitur
831 5343 885 5397 in
896 5343 1154 5414 Epistola
1167 5342 1296 5414 Julii
1314 5361 1463 5414 papae
1479 5346 1546 5400 ad
1571 5342 1878 5414 episcopos,

339 5415 393 5486 ui
437 5415 749 5486 Antiochiae
795 5413 853 5486 in
890 5413 993 5486 hac
1023 5413 1232 5486 synodo
1283 5413 1873 5486 cor'igregatifl‘uerant.

344 5483 390 5539 ic
433 5487 586 5543 enim
635 5485 806 5540 habet
825 5483 1148 5554 inscriptio:
1186 5483 1720 5556 Δανίῳζφλακίλλῳ,
1765 5495 1872 5553 etc.

1989 4783 2204 4864 IEgypti
2241 4784 2568 4864 innEApistola
2601 4783 3068 4864 synodica,wquam
3113 4786 3280 4840 rcfert
3312 4783 3556 4840 Athana-

1991 4853 2106 4906 sius
2131 4853 2184 4906 in
2219 4870 2253 4907 ιι
2279 4853 2606 4908 Dcfensione
2641 4855 2902 4908 adversus
2949 4854 3205 4908 Arianos.
3601 4863 3605 4869 ’

2062 4922 2170 4993 (90)
2219 4925 2292 4976 Τὰ
2331 4927 2394 4988 is;
2420 4926 2456 4977 ὰ
2502 4925 2707 4989 μαθὼν
2731 4925 3070 4992 Γμὶμματα.
3120 4927 3275 4979 llunc
3315 4925 3559 4980 Socratis

1985 4991 2432 5066 l_ocum_cxplicat
2471 4994 2816 5066 Soromenus
2842 4991 2901 5048 in
2924 4995 3064 5048 libro
3107 5012 3186 5060 ιιι,
3217 5011 3336 5066 cap.
3400 4996 3453 5060 6,
3488 4996 3558 5050 de

1987 5063 2226 5118 Eusebio
2279 5065 2536 5119 Emiseno
2567 5065 2642 5118 ita
2694 5064 2962 5128 scribens,
3006 5067 3098 5116 Ἐκ
3159 5063 3378 5119 νέου”δὲ
3420 5067 3558 5120 κατὰ

1987 5134 2212 5203 πάτριον
2263 5134 2384 5196 ἔθος
2442 5137 2567 5196 τοὺς
2631 5137 2806 5200 ἱερους
2856 5133 3112 5201 ἐκμαθὼν
3159 5135 3386 5203 λόγους,
3446 5146 3556 5190 etc.

1985 5203 2148 5258 Pueri
2184 5204 2349 5273 igitur
2383 5205 2782 5257 Edesscnorum
2818 5221 3006 5275 sacrm
3045 5204 3340 5275 Scriptura:
3390 5206 3563 5259 libros

1985 5277 2306 5344 memoriter
2352 5274 2670 5327 ediscclmnt
2713 5289 2778 5325 cx
2811 5291 2962 5328 more
2995 5273 3356 5344 institutoque
3387 5277 3559 5343 majo-

1985 5359 2128 5398 rum.
2163 5343 2304 5398 Sane
2337 5345 2642 5398 Edessenos
2673 5344 3084 5398 ardentissimus
3114 5343 3280 5398 fuisse
3321 5345 3562 5398 cultores

1983 5413 2310 5494 Christianae
2373 5415 2658 5484 religionis
2721 5421 2990 5468 testantur
3036 5416 3334 5484 scriptores
3365 5414 3559 5486 cccle-

1985 5495 2211 5539 SlaSllCl.

1734 5619 2114 5677 VARIORUM.

298 5741 502 5812 telligat
529 5741 812 5798 Socrates.
837 5735 932 5812 qui
959 5744 1163 5791 tantam
1185 5737 1598 5812 prasrogativa_m
1624 5739 1884 5808 episcopo

298 5807 544 5870 Romano
589 5809 966 5873 concesmrit;
1006 5823 1315 5876 quanquam
1339 5808 1396 5864 P.
1432 5807 1500 5864 de
1537 5807 1710 5865 nam
1758 5825 1884 5866 sex-

1991 5738 2349 5865 t‘i‘mesynodi
2399 5740 2625 5796 Nicaeus:
2671 5738 2943 5811 indigitari
2996 5737 3145 5801 vult,
3205 5735 3326 5792 loco
3373 5735 3558 5794 citato.

2064 5847 2080 5862 .
2148 5825 2320 5864 ουρ-ιιι.

2064 5847 2080 5862 ι
2103 5825 2320 5864 LOWTH.
