4026 6338
459 321 564 382 331

1931 317 2264 375 SOCRATIS

3599 314 3703 371 πε

461 455 612 497 ιειιι.
635 438 951 511 Cuiusmodi
975 448 1104 496 sunt
1130 440 1225 510 qui
1251 456 1280 495 a
1311 439 1571 496 Romanis
1597 440 1819 510 quidem
1845 441 2038 498 Patro;

2139 443 2196 496 δὲ
2223 443 2355 514 παρ’
2387 441 2518 513 ἡμῖν
2545 440 2849 511 λεγόμενοι.
2879 436 3113 510 Οἴδαμεν
3143 435 3250 511 γὰρ
3279 438 3460 510 ἡμεῖς,
3493 437 3583 492 τὸν
3609 441 3707 510 μὲν

463 531 726 605 passiani,
783 549 815 588 a
866 533 1026 588 nobis
1077 549 1210 590 vero
1257 534 1554 589 Sabelliani
1603 534 1884 589 dicuntur.
1928 535 2041 591 Nos

458 623 615 677 enim
643 625 846 678 scimus
911 625 1126 679 Patrem
1155 623 1373 694 quidem
1409 624 1504 693 qui
1535 623 1706 690 misit,
1731 625 1788 678 in
1816 625 2041 695 propria

462 713 822 768 immutabilis
855 714 1078 770 deitatis
1098 715 1466 785 permansisse
1496 724 1725 783 natura;
1757 716 2040 774 Christum

459 814 645 860 autem
666 805 759 874 qui
789 805 988 861 missus
1008 813 1114 872 est,
1145 806 1328 863 carnis
1357 815 1650 879 assumpta:
1676 809 2042 881 dispensatio-

460 908 587 948 nem
619 894 896 965 implesse.

532 983 798 1040 Similiter
825 992 880 1040 et
908 1001 1004 1042 eos
1032 988 1124 1058 qui
1156 988 1506 1059 impudenter
1526 999 1729 1064 negant
1757 991 2039 1049 Christum

460 1075 743 1128 voluntate
781 1083 839 1129 et
877 1076 1111 1133 arbitrio
1153 1079 1335 1135 Patris
1366 1081 1680 1148 exstitisse,
1723 1083 2038 1138 involunta-

460 1164 599 1218 riam
625 1179 690 1218 ac
710 1165 1004 1220 violentam
1025 1169 1315 1237 quamdam
1332 1171 1712 1226 necessitatem
1730 1172 2040 1226 attribuen-

461 1264 549 1313 tes
571 1258 705 1323 Deo,
741 1258 817 1313 ita
850 1266 910 1312 ut
935 1259 1145 1315 invitus
1173 1260 1372 1316 Filium
1417 1262 1632 1332 gignat,
1675 1262 2036 1332 impiissimos

457 1354 514 1401 ct
543 1363 575 1402 a
607 1347 843 1402 veritate
885 1349 1095 1404 alienos
1134 1365 1255 1405 esse
1295 1366 1584 1406 censemus
1617 1368 1633 1404 :
1659 1366 1726 1406 eo
1750 1351 1898 1420 quod
1921 1359 2040 1408 tum

456 1453 779 1494 communes
801 1439 870 1494 de
898 1440 1011 1494 Deo
1043 1441 1316 1507 notiones,
1345 1449 1460 1496 tum
1478 1450 1672 1497 contra
1709 1451 1948 1498 mentem
1975 1458 2041 1499 ac

460 1529 788 1583 sententiam
827 1529 1131 1600 Scriptura:
1159 1529 1426 1586 divinitus
1460 1531 1770 1602 inspirata,
1812 1533 1942 1588 talia
1971 1533 2040 1588 de

459 1620 555 1676 illo
582 1621 823 1676 audeant
851 1621 1232 1692 pronuntiare.
1268 1623 1380 1679 Nos
1404 1624 1553 1679 enim
1582 1625 1757 1680 Deum
1783 1625 1869 1680 sui
1895 1625 2040 1695 juris

457 1712 784 1782 arbitriique
813 1727 955 1779 esse,
983 1721 1040 1767 et
1062 1721 1255 1784 sponte
1283 1729 1350 1768 ac
1377 1714 1689 1770 voluntarie
1720 1715 1920 1770 Filium
1948 1729 2042 1787 ge-

2141 533 2538 587 ἀποστείλαντα
2565 532 2804 603 Πατέρα,
2829 532 2888 584 ἐν
2915 531 2994 601 τῷ
3015 530 3200 600 οἰκείῳ
3222 531 3322 602 τῆς
3351 519 3708 586 ἀναλλοιώτου

2141 625 2395 695 θεότητος
2447 623 2568 696 ῆθει
2637 622 3036 694 μεμενηκέναι·
3085 621 3178 675 τὸν
3224 621 3282 675 δὲ
3335 622 3709 676 ἀποσταλέντα

2138 717 2398 787 Χριστὸν,
2436 716 2537 789 τὴν
2560 715 2660 788 τῆς
2687 713 3150 787 ὲνανθρωπήσεως
3170 713 3482 780 οἰκονομίαν
3510 713 3711 783 πεπλη-

2142 807 2394 878 ρωκέναι.

2218 961 2455 1033 Ὁμοίως
2483 961 2543 1016 δὲ
2578 962 2673 1016 καὶ
2712 961 2839 1025 τοὺς
2871 960 2936 1014 οὐ
2978 960 3271 1034 βουλήσει,
3321 961 3443 1016 οὑδὶ
3493 959 3710 1032 θελήσει

2138 1053 2470 1126 γεγενῆσθαι
2493 1054 2588 1108 τὸν
2613 1054 2847 1125 Χριστὸν
2870 1055 3163 1125 εἰρηκότας
3189 1051 3520 1116 ἀνευλασῶς,
3541 1053 3708 1121 ἀνάγ⁸

2138 1160 2242 1215 κην
2288 1145 2345 1198 δὲ
2395 1145 2636 1215 δηλονότι
2680 1145 2976 1215 ἀῦούλητον
3007 1140 3181 1199 οὖσαν
3224 1143 3317 1197 καὶ⁸
3348 1143 3712 1217 ἀπροαίρετον

2139 1236 2583 1308 περιτεθεικότας
2605 1235 2684 1307 τῷ
2702 1236 2840 1308 Θεῷ,
2862 1237 2949 1290 ῑνα
2965 1236 3112 1291 ἄκων
3135 1239 3371 1312 γεννήσῃ
3389 1239 3480 1291 τὸν
3509 1237 3638 1290 Υἱὸν
3657 1247 3708 1304 ο,

2137 1328 2198 1382 δυ
2210 1329 2602 1393 σσεὸεστάτους
2625 1331 2840 1400 καὶτῆς
2864 1330 3121 1399 ἀληθείας
3144 1330 3326 1395 ξένους
3349 1328 3710 1398 ἐπιγινώσκο-

2142 1436 2271 1492 μεν⁶
2297 1422 2381 1475 ὅτι
2419 1439 2480 1476 τε
2509 1420 2661 1492 παρὰ
2691 1422 2792 1486 τὰς
2823 1421 3012 1485 κοινὰς
3039 1422 3249 1484 ἑννοίας
3280 1437 3410 1492 περι
3433 1424 3594 1484 Θεου,
3614 1422 3710 1475 καὶ

2138 1513 2202 1585 δὴ
2214 1515 2373 1586 ,παρά
2387 1515 2449 1568 τὸ
2466 1514 2712 1586 βούλημα
2723 1515 2823 1584 τῆς
2845 1513 3202 1568 θεοπνεύστου
3224 1515 3468 1586 Γραφῆς,
3481 1513 3710 1567 τοιαῦτα

2137 1605 2506 1676 τετολμήκασι
2542 1604 2670 1676 περὶ
2704 1603 2870 1658 αὐτοῦ
2919 1602 3281 1674 διορίσασθαι.
3323 1603 3709 1673 Αὑτοκράτορα

2136 1697 2244 1770 γὰρ
2281 1699 2442 1768 ἡμεῖς
2476 1697 2570 1752 τὸν
2600 1695 2753 1762 Θεὸν,
2788 1695 2992 1770 Κύριον
3037 1696 3197 1751 αὑτὸν
3235 1696 3432 1750 ἑαυτοῦ
3483 1695 3706 1760 είδὸιες,

459 1804 667 1869 nuisse,
711 1805 799 1874 pie
835 1820 902 1860 ac
938 1805 1191 1876 religiose
1231 1806 1527 1861 credimus.
1559 1807 1730 1862 Porro
1767 1807 1872 1862 etsi
1907 1822 2033 1862 cum

2139 1789 2397 1854 ἑκουσίως
2418 1789 2581 1843 αὑτὸν
2619 1789 2716 1844 καὶ
2755 1789 2979 1843 θέλοντα
3005 1789 3094 1842 τὸν
3125 1789 3252 1843 Υίὸν
3295 1791 3704 1860 γεγεννηκέναι,

460 1896 658 1950 timore
687 1912 758 1951 ac
774 1898 1086 1952 reverentia
1113 1897 1404 1953 credamus
1425 1897 1481 1952 id
1511 1897 1656 1968 quod
1708 1897 1775 1952 de
1816 1897 1909 1952 illo
1947 1897 2036 1952 di-

459 1993 609 2039 ctum
638 1994 724 2041 est
760 2005 772 2039 :
809 1985 1064 2040 Dominus
1111 1988 1309 2041 creavit
1352 2003 1434 2040 me
1470 1989 1787 2058 principium
1827 1989 2037 2042 viarum

457 2094 679 2131 suarum
727 2077 796 2131 ad
840 2095 1000 2149 opera
1045 2096 1143 2133 sua
1170 2079 1246 2146 '°;
1278 2095 1389 2133 non
1430 2087 1616 2134 tamen
1653 2094 1778 2134 eum
1807 2079 2037 2149 perinde

457 2165 659 2221 factum
694 2182 814 2222 esse
851 2167 1227 2239 intelligimus,
1255 2185 1320 2224 ac
1341 2169 1582 2240 reliquas
1603 2177 1887 2225 creaturas
1917 2184 2038 2240 qua:

457 2273 557 2327 per
595 2257 748 2312 illum
799 2259 954 2314 facta:
995 2267 1144 2315 sunt.
1195 2260 1431 2332 lmpium
1473 2262 1624 2317 enim
1657 2270 1714 2317 et
1753 2263 1823 2317 ab
1855 2261 2038 2318 eccle-

457 2352 676 2407 siastica
721 2352 828 2407 ﬁde
868 2368 1098 2422 prorsus
1133 2353 1374 2408 alienum
1405 2362 1509 2420 est,
1544 2353 1887 2410 conditorem
1912 2368 2037 2410 cum

457 2443 720 2512 operibus
771 2443 838 2498 ab
892 2443 1012 2514 ipso
1064 2444 1306 2500 conditis
1359 2445 1516 2515 102
1578 2460 1938 2516 comparare,
1981 2451 2039 2500 et

457 2535 651 2590 eodem
691 2552 814 2590 cum
848 2538 1126 2593 extraneis
1157 2538 1530 2609 generationis
1549 2538 1713 2594 modo
1739 2538 1894 2593 illum
1920 2538 2040 2595 edi-

457 2634 575 2680 tum
603 2641 724 2682 esse
756 2627 1037 2682 arbitrari.
1067 2627 1280 2699 Quippe
1308 2628 1656 2700 unigenitum
1684 2629 1916 2695 Filium,
1946 2645 2040 2685 so-

457 2718 572 2773 lum
621 2733 687 2773 ac
735 2719 905 2774 semel
949 2726 1161 2775 tantum
1207 2734 1339 2774 vere
1381 2735 1749 2792 germaneque
1795 2721 2040 2793 genitum

455 2823 601 2874 csse,
665 2808 866 2864 divina:
912 2824 1016 2864 nos
1070 2808 1371 2881 Scripturae
1416 2809 1638 2865 docent.
1685 2809 1791 2866 Sed
1860 2825 2040 2882 neque

459 2897 677 2952 tametsi
710 2897 957 2952 dicamus
981 2897 1178 2952 Filium
1208 2913 1308 2968 per
1331 2898 1574 2968 seipsum
1598 2913 1739 2965 esse,
1765 2908 1821 2954 et
1851 2901 2039 2956 vivere

456 3002 522 3042 ac
543 2988 843 3044 subsistere
866 2988 1094 3059 perinde
1122 3003 1186 3044 ac
1213 2989 1452 3055 Patrem,
1478 2989 1632 3045 illum
1655 2991 1862 3046 idcirco
1886 3007 1917 3046 a
1934 2992 2038 3047 Pa-

457 3089 542 3137 tre
565 3096 907 3152 separamus,
934 3082 1110 3152 spatia
1129 3081 1377 3152 quaedam
1405 3082 1649 3139 locorum
1671 3092 1729 3140 et
1756 3084 2040 3140 intervalla

458 3171 605 3227 inter
634 3172 857 3227 illorum
885 3174 1331 3244 conjunctionem
1358 3175 1635 3244 corporali
1657 3189 1810 3230 more
1839 3175 2042 3230 intelli-

458 3273 667 3336 gentes.
704 3264 997 3320 Credimus
1041 3265 1188 3319 enim
1224 3279 1319 3319 eos
1356 3264 1564 3335 absque
1602 3266 1716 3321 ullo
1748 3266 1930 3320 medio
1956 3273 2042 3320 at-

456 3369 565 3423 que
594 3354 894 3409 interstitio
935 3355 1262 3424 conjunctos
1302 3368 1448 3417 esse,
1496 3369 1601 3408 nec
1637 3370 1669 3409 a
1709 3369 1768 3410 se
1800 3345 2042 3410 invicem

2136 1880 2376 1944 εὐσεϐῶς
2401 1880 2803 1952 ὑπειλήφαμεν.
2855 1879 3206 1944 Πιστεύοντες
3233 1880 3293 1934 δὲ
3329 1881 3585 1951 ἑμφόὸως
3613 1881 3709 1934 καὶ

2135 1971 2196 2024 τὸ
2223 1971 2350 2042 περὶ
2391 1970 2556 2025 αὑτοῦ
2585 1971 2894 2042 λεγόμενον,
2933 1972 3148 2040 Κύριος
3179 1971 3380 2026 ἄκτισέ
3405 1989 3483 2042 με
3510 1973 3711 2042 ἀρχὴν

2136 2059 2294 2115 ὁδῶν
2313 2062 2499 2117 αὐτοῦ
2526 2065 2615 2128 εις
2644 2062 2788 2132 ἔργα
2815 2063 3022 2128 αὑτοῦ,
3057 2065 3155 2134 οὐχ
3184 2064 3386 2136 ὁμοίως
3410 2064 3572 2118 αὑτὸν
3591 2067 3710 2128 τοῖς

2135 2151 2201 2206 δι’
2233 2152 2401 2207 αὑτοῦ
2441 2152 2754 2224 γενομένοις
2803 2155 3097 2226 κτίσμασιν
3133 2156 3168 2228 ἢ
3205 2156 3474 2226 ποιήμασι
3506 2172 3708 2226 γεγεν-

2136 2243 2329 2316 νῆσθαι
2351 2244 2599 2316 νοοῦμεν.
2643 2247 2865 2311 ’Δσεὸες
2895 2247 3025 2320 γὰρ,
3061 2250 3157 2303 καὶ
3187 2248 3288 2319 τῆς
3332 2249 3710 2319 ἐκκλησιαστιο

2136 2339 2240 2408 κῆς
2267 2335 2500 2412 πίστεως
2529 2337 2830 2411 ἀλλότριον,
2855 2339 2918 2394 τὸ
2935 2340 3025 2395 τὸν
3045 2340 3267 2412 κτίστην
3299 2343 3413 2406 τοῖς
3441 2341 3510 2394 δι’
3539 2341 3710 2396 αὐτοῦ

2137 2405 2484 2504 ἐκτισμένοῖς
2527 2405 2980 2504 δημιουργήμασι
3037 2405 3427 2505 παραϐαλλειν,
3479 2434 3576 2488 καὶ
3615 2435 3710 2488 τὸν

2137 2523 2302 2578 αὐτόν
2331 2523 2433 2594 τῆς
2455 2523 2718 2592 γενέσεως,
2747 2526 2860 2589 τοῖς
2885 2525 3185 2598 ἀλλοτρίοις
3204 2525 3403 2599 τρόπον
3437 2525 3587 2597 ἔχειν
3610 2527 3708 2582 καὶ

2137 2615 2301 2669 αὑτὸν
2341 2616 2602 2686 νομίζειν.
2649 2617 2828 2671 Μόνον
2855 2617 2965 2689 γὰρ
2996 2619 3090 2672 καὶ
3119 2617 3297 2689 μόνως
3325 2618 3416 2672 τὸν
3441 2620 3706 2691 μονογενῆ

2138 2706 2296 2772 Υἱὸν,
2339 2707 2578 2780 γνησίως
2605 2723 2665 2760 τε
2709 2708 2806 2761 καὶ
2841 2707 3056 2781 ἀληθῶς
3092 2708 3432 2763 διδάσκουσιν
3457 2711 3609 2783 ἡμᾶς
3648 2710 3708 2762 αἱ

2140 2799 2282 2852 θεῖαι
2321 2797 2536 2870 Γραφαὶ
2563 2798 2947 2870 γεγεννῆσθαι.
2987 2799 3126 2854 Ἀλλ’
3149 2801 3270 2854 οὐδὲ
3295 2801 3386 2855 τὸν
3421 2803 3550 2856 Υῑὸν
3579 2801 3707 2857 καθ’

2139 2887 2330 2942 ἑαυτὸν
2351 2885 2490 2944 εἶναι
2531 2887 2577 2956 ί,
2604 2888 2705 2962 ζῇν
2735 2907 2797 2944 τε
2839 2890 2934 2944 καὶ
2959 2891 3223 2962 ὑπάρχειν
3249 2891 3447 2962 ὅμοίως
3478 2892 3558 2965 τῷ
3590 2894 3706 2949 Πα-

2137 2983 2228 3054 τρὶ
2255 2982 2524 3050 λέγοντες,
2549 2982 2638 3036 διὰ
2653 2982 2812 3037 τοῦτο
2829 2982 3130 3056 χωρίζομεν
3154 2983 3319 3038 αὑτὸν
3345 2983 3442 3038 τοῦ
3470 2985 3709 3059 Πατρὸς,

2137 3073 2336 3138 τόπους
2381 3075 2475 3127 καὶ
2510 3074 2856 3146 διαστήματά
2886 3091 3008 3130 τινα
3050 3075 3252 3146 μεταξὺ
3281 3075 3383 3147 τῆς
3419 3079 3710 3147 συναφείας

2138 3167 2318 3222 αὐτῶν
2362 3167 2690 3238 σωματικῶς
2729 3169 3085 3232 ἐπινοοῦντες.
3118 3170 3569 3243 Πεπιστεύκαμεν
3598 3171 3712 3244 γὰρ

2136 3257 2514 3329 ἀμεσιτεύτως
2565 3258 2760 3322 αὐτοὺς
2797 3259 2894 3334 καὶ
2937 3259 3277 3326 ἀδιαστάτως
3319 3263 3710 3335 ὲπισυνῆφθαιι

2137 3350 2234 3404 καὶ
2261 3349 2582 3420 ἀχωρίστως
2614 3351 2879 3422 ὑπάρχειν
2907 3351 3144 3406 ἑαυτῶνο
3171 3352 3292 3407 ὅλον
3323 3353 3420 3425 μὲν
3470 3353 3564 3408 τοῦ
3595 3356 3713 3408 Πα-

458 3457 618 3513 posse
648 3445 924 3498 ullatenus
948 3444 1194 3514 separari
1221 3461 1234 3497 :
1262 3444 1467 3513 quippe
1489 3457 1613 3497 cum
1631 3444 1795 3498 Pater
1819 3445 2040 3514 quidem

2139 3439 2263 3511 τρὸς
2287 3439 2398 3510 (56)
2431 3442 2906 3514 ὲνεστερνισμένου
2933 3443 3024 3498 τὸν
3043 3443 3168 3497 Υίόν
3187 3461 3201 3477 ο
3236 3445 3359 3499 ὅλου
3390 3445 3445 3502 δὲ
3466 3445 3558 3501 τοῦ
3577 3447 3712 3500 Υἱοῦ

460 3534 586 3588 sinu
600 3549 700 3588 suo
715 3540 892 3588 totum
907 3535 1305 3605 complectatur
1316 3535 1535 3588 Filium:
1555 3534 1728 3589 Filius
1738 3549 1870 3589 vero
1885 3537 2042 3605 quasi

463 3641 739 3696 appensus
773 3627 872 3681 toti
897 3625 1239 3682 adhaerescat
1276 3627 1448 3693 Patri,
1486 3627 1744 3697 solusque
1768 3628 1826 3682 in
1870 3627 2048 3684 Patris

460 3716 673 3787 gremio
694 3725 964 3787 perpetuo
993 3717 1368 3787 conquiescat.
1399 3717 1701 3774 Credentes
1726 3718 1894 3788 igitur
1918 3733 2047 3773 san-

460 3807 763 3862 ctissimam
799 3815 854 3862 et
887 3806 1186 3878 perfectam
1216 3807 1459 3878 undique
1474 3807 1828 3875 Trinitatem;
1859 3816 1916 3863 et
1943 3809 2050 3864 Pa-

347 3947 349 3949 .
464 3908 603 3954 trem
631 3901 826 3967 Deum,
857 3916 923 3956 ac
961 3901 1160 3956 Filium
1190 3916 1410 3972 quoque
1447 3901 1620 3956 Deum
1647 3900 1915 3967 dicentes,
1935 3917 2048 3958 non

461 3998 646 4044 tamen
678 3990 850 4058 duos,
877 3991 974 4048 sed
1004 4007 1176 4047 unum
1217 4007 1340 4048 esse
1373 3991 1703 4047 conﬁtemur
1740 3993 1933 4059 Deum,
1965 3993 2038 4049 ob

460 4096 631 4135 unum
660 4083 925 4139 honorem
955 4083 1280 4148 divinitatis,
1307 4091 1364 4138 et
1383 4082 1846 4140 absolutissimam
1874 4085 2041 4141 unius

464 4176 615 4245 regni
647 4178 999 4232 concordiam
1030 4194 1044 4230 :
1076 4177 1150 4230 ita
1181 4185 1243 4231 ut
1269 4177 1434 4231 Pater
1463 4175 1688 4246 quidem
1711 4178 2040 4247 generaliter

461 4268 746 4333 omnibus,
779 4277 837 4323 et
883 4268 988 4339 ipsi
1037 4283 1257 4339 quoque
1299 4268 1440 4323 Filio
1471 4267 1831 4323 dominetur:
1869 4270 2042 4327 Filius

534 4422 761 4479 “Prov.
808 4439 925 4490 vm,
960 4423 1032 4478 22

2137 3529 2338 3602 ὲξηρτη
2345 3530 2506 3601 μένου
2527 3533 2622 3584 καὶ
2647 3536 3093 3603 προσπεφυκότος
3109 3535 3189 3605 τῷ
3209 3536 3404 3608 Πατρὶ,
3428 3540 3524 3593 καὶ
3551 3537 3714 3607 μόνον

2143 3624 2256 3686 τοῖς
2283 3623 2557 3695 πατρῴοις
2593 3624 2813 3689 κόλποις
2839 3626 3248 3698 ἀναπαυόμενον
3303 3627 3582 3698 διηνεκῶς.
3616 3629 3715 3680 ﬂt-

2145 3713 2426 3778 στεύοντες
2439 3711 2533 3770 οὖν
2557 3716 2636 3779 εἰς
2653 3714 2751 3788 τὴν
2772 3717 3089 3772 παντέλειον
3109 3719 3311 3790 Τριόιδσ
3347 3719 3446 3790 τὴν
3473 3720 3716 3788 ἁγιωτά-

2142 3823 2265 3877 την,
2292 3807 2384 3861 τὸν
2410 3807 2632 3880 Πατέρα
2653 3807 2900 3878 λέγοντες
2924 3811 3078 3878 Θεὸν,
3104 3812 3198 3866 καὶ
3227 3813 3319 3867 τὸν
3343 3813 3490 3878 Υἱὸν,
3522 3813 3585 3866 οὐ
3617 3813 3717 3868 δύο

2142 3901 2364 3966 τούτους
2404 3902 2593 3967 Θεοὺς,
2627 3902 2743 3956 ἀλλ’
2788 3903 2886 3958 ἕνα
2922 3903 3308 3974 ὁμολογοῦμεν,
3341 3904 3481 3959 κατά
3513 3905 3575 3958 τὸ
3599 3906 3714 3976 τῆς

2144 3992 2396 4066 θεότητος
2441 3993 2679 4065 ἀξίωμα,
2729 3996 2818 4050 καὶ
2863 3995 2995 4065 μίαν
3025 3995 3230 4068 ἀκριϐῆ
3281 3995 3381 4066 τῆς
3427 3996 3716 4067 βασιλείας

2142 4087 2244 4157 τὴν
2279 4086 2604 4155 συνάφειαν·
2634 4087 3068 4156 Ιιταναιταρχοῡντος
3093 4088 3189 4159 μὲν
3211 4088 3439 4142 καθόλου
3469 4088 3565 4141 τοῦ
3601 4091 3717 4142 Πα-

2144 4177 2272 4249 τρὸς
2293 4176 2535 4244 πάντων,
2567 4176 2662 4230 καὶ
2694 4176 2860 4230 αὐτοῦ
2885 4176 2982 4231 τοῦ
3009 4177 3140 4231 Υἱοῦ
3157 4195 3172 4208 ο
3197 4177 3292 4230 τοῦ
3329 4178 3387 4231 δὲ
3416 4178 3544 4232 Υίοῧ
3578 4181 3720 4232 ὑπο-

2145 4269 2480 4341 τεταγμένον
2509 4267 2590 4339 τῷ
2619 4269 2815 4340 Πατρὶ,
2845 4268 3000 4334 ἐκτὸς
3037 4269 3095 4323 δὲ
3123 4269 3313 4336 αὐτοῦ,
3346 4270 3564 4325 πάντων
3605 4272 3721 4327 τῶν

1655 4543 1924 4601 VALESII
1959 4543 2511 4604 ANNOTATIONES.

537 4655 647 4726 (56)
673 4657 862 4710 ’⁷ολον
883 4657 1001 4726 μὲν

1036 4656 1142 4711 τοῦ
1162 4657 1407 4732 ιζατρρς.
1433 4657 1797 4732 scribendum
1824 4660 2040 4716 omnino

2155 4675 2219 4714 ex
2265 4661 2458 4718 eodem
2502 4662 2802 4718 Athanasio
2840 4660 3240 4716 restituendum
3285 4670 3371 4718 est
3405 4659 3501 4715 καὶ
3555 4662 3727 4732 μόνον

462 4734 547 4779 est
573 4725 716 4793 ὅλου,
746 4735 807 4781 ιιι
843 4725 1044 4798 legitur
1072 4727 1217 4798 apud
1247 4727 1602 4785 Athanasium
1632 4749 1645 4783 :
1691 4734 1857 4801 paulo
1904 4746 2030 4803 post

2139 4735 2243 4796 τοῖς
2263 4734 2535 4806 πατρῴοις
2563 4733 2783 4799 κόλποις
2807 4733 3240 4802 ἀναπαυομένου.

1909 4892 2290 4950 VARIORUM.

539 5015 562 5042 ο
605 5003 904 5075 Ἀνάγκην
937 5009 1404 5074 περιτεθεικότας
1436 5009 1516 5074 τῷ
1553 5011 1694 5075 Θεῷ,
1739 5011 1838 5064 ἵνα
1886 5011 2048 5066 ἄκων

464 5073 733 5147 γεννήσῃ
783 5074 889 5126 τὸν
926 5076 1082 5131 Υὶόν.
1109 5076 1336 5147 Egregie
1382 5073 1512 5134 haec
1547 5073 1751 5136 refutat
1798 5081 2044 5136 Athana-

466 5144 601 5265 iius,
633 5150 771 5196 orat.
801 5158 852 5197 ιν
880 5155 1071 5200 contra
1109 5144 1369 5211 Arianos;
1399 5164 1507 5203 non
1535 5149 1695 5220 longe
1725 5167 1753 5205 a
1797 5151 1922 5206 line.
1953 5153 2040 5207 W.

509 5227 690 5265 owru.

509 5227 690 5265 OWTII.

543 5281 562 5319 ί
614 5281 776 5357 Ἀλέΐ
801 5281 944 5357 οὐδὲ
978 5284 1261 5357 τόνᾷυὶὸν-
1295 5289 1422 5341 καθ’
1452 5287 1672 5342 ἑαυτὸν
1697 5287 1872 5344 εἶναι.
1910 5303 2042 5357 etc.,

468 5366 642 5422 usque
682 5351 751 5406 ad
793 5353 1207 5422 ἀναπαυομένου
1244 5355 1525 5422 διηνεκῶς.
1554 5358 1679 5412 Haec
1711 5374 1821 5412 non
1853 5351 2045 5416 minus

467 5421 746 5498 Catholice
773 5437 937 5494 quam
960 5421 1264 5498 eleganter.
1298 5421 1488 5481 Ausim
1517 5427 1570 5480 id
1617 5429 1822 5492 dicere,
1862 5445 2043 5498 quan-

468 5507 632 5616 auam
666 5491 862 5546 horum
887 5491 1271 5564 episcoporum
1303 5511 1412 5548 non
1464 5497 1623 5565 pauci
1668 5491 2043 5567 Arianae-per-

509 5562 610 5616 dia:
635 5561 831 5616 favisse
851 5563 1354 5616 deprehendantur.
1387 5575 1444 5616 et
1481 5567 1537 5616 in
1565 5567 1679 5616 insa
1699 5568 2042 5616 confessione

509 5562 610 5617 dia:
635 5561 831 5634 favisse
851 5561 1354 5634 deprehendantur,
1387 5575 1444 5619 et
1467 5561 1537 5619 'in
1565 5567 1680 5634 ipsa
1699 5561 2042 5623 confessione

471 5645 574 5704 von
601 5632 882 5704 όμοούσιος
911 5632 1216 5704 omittatur.
1252 5635 1446 5689 Mirum
1469 5632 1688 5704 quidem
1705 5644 1873 5700 esset,
1907 5637 2040 5692 sub-

474 5701 755 5770 scripsisse
777 5703 864 5758 his
905 5703 1158 5768 Arianos,
1187 5705 1289 5757 nisi
1325 5714 1379 5759 et
1412 5701 1516 5760 alia
1569 5707 1620 5759 in
1675 5707 1864 5762 eadem
1920 5707 2030 5762 for-

2143 5014 2293 5085 mula
2317 5015 2721 5085 subscriptione
2749 5030 2848 5071 sua
2882 5015 3318 5078 conﬁrmassent,
3366 5031 3490 5084 quae
3519 5011 3721 5070 heresi

2143 5084 2358 5156 Arianm
2389 5102 2455 5140 ex
2481 5084 2750 5141 diametro
2791 5089 3065 5141 contraria
3113 5097 3258 5141 sunt.
3283 5085 3602 5156 Cuiusmodi
3633 5094 3722 5141 est

2144 5155 2418 5225 imprimis
2446 5157 2601 5219 illud,
2632 5157 2828 5210 Filium
2857 5158 2954 5211 Dei
2986 5157 3117 5210 Θεὸν
3149 5156 3289 5210 κατά
3337 5156 3497 5225 φύσιν
3514 5155 3721 5210 τέλειον

2142 5220 2282 5278 εἶναι
2310 5227 2406 5278 καὶ
2441 5227 2637 5298 ἀληθῆ,
2691 5226 2857 5281 Deum
2884 5237 3079 5281 natura
3113 5220 3396 5298 perfectum
3447 5235 3604 5298 atque
3629 5243 3720 5279 oc-

2144 5309 2262 5348 rum
2326 5311 2451 5350 esse.
2486 5296 2727 5366 Scilicet
2786 5296 3140 5352 tenebriones
3183 5297 3272 5351 isti
3323 5296 3501 5366 parati
3559 5308 3717 5351 erant

2141 5366 2446 5437 quamlibet
2471 5365 2596 5420 ﬁdei
2627 5366 3023 5437 confessionem
3039 5383 3139 5422 suo
3167 5365 3428 5437 suffragio
3447 5380 3718 5437 compro-

2149 5433 2302 5499 bare,
2356 5451 2476 5505 quee
2527 5434 2688 5491 modo
2735 5452 2926 5492 vocem
2973 5437 3256 5505 ὁμοουσίου
3306 5433 3416 5490 non
3445 5433 3720 5504 haberet;

2148 5505 2362 5560 etiamsi
2397 5521 2615 5576 quoque
2654 5506 2711 5560 in
2745 5521 2810 5560 ea
2836 5515 3178 5576 ponerentur
3227 5507 3397 5560 verba
3432 5507 3557 5570 alia,
3595 5521 3724 5576 qua

2149 5576 2293 5646 apud
2313 5575 2476 5631 sanes
2504 5575 2696 5646 Omnes
2725 5575 2871 5646 idem
2915 5593 3146 5646 prorsus
3185 5575 3579 5646 signiﬁcarent.
3611 5575 3720 5643 (Cl.

2149 5644 2336 5702 Bullus
2382 5647 2590 5716 Dareus.
2626 5644 2719 5714 μά.
2755 5645 2895 5712 Ma,
2917 5644 3055 5702 sect.
3085 5648 3139 5711 4,
3167 5644 3286 5717 cap.
3321 5647 3374 5711 4,
3416 5661 3470 5700 ιι.
3492 5647 3573 5716 9.)
