4026 6338
480 384 586 440 259

1935 378 2270 435 SOCBATIS

3613 374 3718 428 23.0

483 502 686 555 docens
714 499 878 552 verba
912 498 1037 551 libri
1080 498 1162 552 sui
1191 512 1297 551 non
1343 497 1510 553 fuisse
1545 497 1817 552 intellecta
1841 535 1853 558 ,
1887 503 2043 562 atque

2158 508 2302 561 ματα
2350 491 2708 562 Μαρκέλλου·
2747 489 2880 561 πρὸς
2926 488 3065 543 αὐτὰ
3116 489 3172 542 δέ
3216 487 3617 556 διαγωνίζεται,
3644 491 3723 554 ὼς

484 592 689 647 idcich
725 607 782 646 se
814 592 865 644 in
896 589 1258 658 suspicionem
1292 590 1505 644 venisse
1533 590 1740 644 erroris
1770 587 1921 642 Pauli
1954 586 2053 639 Sa—

484 682 823 738 mosatensis.
868 680 1159 735 Sciendum
1209 689 1387 734 tamen
1428 688 1513 735 est
1554 679 1852 734 Eusebium
1895 677 2051 730 Pam-

483 774 620 846 phili
645 773 907 827 adversus
933 771 1168 826 Marcelli
1204 770 1405 825 librum
1436 771 1830 841 disputantem,
1862 767 2051 822 confu-

2152 581 2309 649 ψιλὸν
2338 580 2623 651 ἄνθρωπον
2653 580 2742 634 τὸν
2767 580 2990 651 Κύριον,
3019 579 3157 634 καοά
3183 579 3469 641 Σαὸέλλιος
3496 580 3525 631 6
3554 580 3721 643 Λίϐυς

2155 672 2249 725 καὶ
2300 672 2511 736 Παῦλος
2568 674 2597 725 ὁ
2647 672 3028 767 Σαμοὶατεὺς,
3077 671 3171 725 τοῦ
3227 670 3550 741 Μαρκέλλου
3604 673 3719 725 είσ-

2156 763 2400 831 άγοντος.

485 879 628 924 tasse
652 881 778 921 eum
803 864 975 919 tribus
993 863 1364 917 voluminibus
1407 879 1529 933 qua;
1579 871 1772 918 contra
1812 861 2127 916 Marcellum
2168 856 2466 927 inscripsit.
2507 857 2583 910 Ac
2625 856 2793 911 verba
2836 855 3055 924 quidem
3102 857 3216 928 ipsa
3270 858 3505 914 Marcelli
3557 859 3610 913 in
3654 858 3725 912 iis

483 959 694 1030 profert
728 976 740 1010 :
775 957 890 1026 ipse
926 970 1058 1009 vero
1121 954 1383 1010 adversus
1402 956 1480 1009 'ea
1514 954 1823 1018 disserens,
1860 951 2093 1022 probare
2131 958 2362 1003 conatur
2394 947 2708 1001 Marcellum
2748 949 2976 1017 perinde
3024 966 3087 1005 ac
3124 950 3422 1007 Sabellium
3456 951 3721 1026 Libycum

482 1063 537 1107 et
596 1051 822 1106 Paulum
873 1046 1330 1112 Samosatensem,
1378 1045 1660 1103 Christum
1714 1045 2017 1128 simplicem
2056 1040 2319 1096 duntaxat
2362 1036 2641 1095 hominem
2668 1055 2939 1095 asserere.

1117 1197 1268 1254 CAP.
1308 1194 1452 1254 XXI.

863 1286 1074 1344 Eusebii
1107 1289 1375 1361 Pamphili
1410 1288 1667 1359 defensio;

557 1403 663 1459 Sed
690 1402 954 1473 quoniam
984 1403 1133 1457 hunc
1168 1417 1408 1472 quoque,
1447 1401 1743 1456 Eusebium
1782 1398 2051 1469 Pamphili

478 1495 745 1564 intelligo,
785 1493 1033 1548 nonnulli
1079 1492 1365 1547 criminari
1413 1493 1593 1546 conati
1639 1498 1787 1555 sunt,
1823 1489 2050 1560 perinde

476 1587 632 1653 quasi
666 1585 924 1637 Arianum
959 1583 1154 1652 dogma
1182 1583 1237 1636 in
1263 1582 1421 1637 libris
1459 1583 1574 1637 suis
1606 1591 1828 1637 secutus
1863 1580 2049 1644 fuerit,

476 1683 845 1743 opportunum
901 1664 1018 1726 fore
1067 1687 1264 1725 censeo
1309 1686 1481 1741 pauca
1532 1671 1600 1725 de
1652 1685 1718 1725 eo
1762 1669 2029 1724 disserere

479 1765 723 1818 Primum
764 1761 929 1830 igitur
975 1761 1211 1815 concilio
1248 1761 1470 1816 Niczeno
1511 1776 1621 1829 quo
1665 1760 1863 1814 Filium
1903 1759 2051 1814 Patri

477 1853 994 1907 consubstantialem
1034 1851 1200 1907 fuisse
1247 1852 1530 1906 decretum
1552 1860 1664 1914 est,
1707 1860 1762 1905 ct
1802 1850 2049 1904 interfuit

2700 1191 2954 1248 ΚΕΦΑΛ.
2982 1195 3114 1247 KA'.

2269 1284 2580 1353 Ἀπολογία
2607 1283 2760 1352 ὑπὲρ
2782 1286 3076 1339 Εὐσεϐίου
3103 1284 3210 1341 τοῦ
3243 1288 3578 1357 Παμφίλου.

2236 1395 2454 1467 Ἐπειδὴ
2492 1393 2549 1449 δέ
2581 1412 2727 1459 τινες
2761 1398 3125 1470 ἐπεχείρησαν
3168 1398 3261 1452 καὶ
3291 1400 3452 1453 αὐτὸν
3483 1400 3723 1473 λοιδορῆ-

2153 1503 2262 1548 σαι,
2318 1488 2462 1558 φημὶ
2492 1488 2557 1560 δὴ
2590 1489 2682 1541 τὸν
2721 1488 3010 1559 Παμφίλου
3050 1489 3327 1549 Εὑσέὸιον.
3362 1491 3436 1554 ὠς
3483 1493 3724 1563 όιρειοινί⁴

2152 1577 2314 1642 ζοντα
2339 1581 2398 1631 ἐν
2430 1574 2511 1641 οἷς
2544 1577 2723 1648 λόγοις
2755 1579 3006 1645 ἐξέδωκε,
3045 1580 3217 1652 μικρὰ
3252 1581 3346 1635 καὶ
3391 1583 3516 1653 περὶ
3554 1584 3723 1637 αὑτοῦ

2149 1671 2324 1724 εἰπεῖν
2349 1671 2449 1725 οὐκ
2479 1670 2712 1743 ἄκαιρον
2739 1672 2999 1744 ἡγοῦμαι.
3027 1674 3251 1744 Πρῶτον
3274 1670 3375 1746 μέν
3403 1677 3535 1748 γὰρ,
3563 1678 3632 1749 τῇ
3664 1680 3722 1732 ἐν

2147 1765 2354 1837 Νικαίᾳ.
2377 1765 2579 1837 συνόδῳ
2606 1767 2666 1819 τὸ
2695 1766 2982 1838 όμοούσιον
3011 1767 3269 1841 ὁριζούσῃ
3298 1769 3393 1823 καὶ
3423 1770 3605 1842 παρῆν
3629 1772 3723 1825 καὶ

2150 1857 2428 1911 συνέθετο’
2456 1857 2603 1926 λέγει
2631 1857 2686 1911 δέ
2709 1858 2802 1912 καὶ
2834 1857 2995 1921 αὐτὸς
3022 1861 3080 1912 ἐν
3108 1858 3186 1928 τῷ
3234 1859 3401 1931 τρίτῳ
3432 1859 3619 1930 βιϐλίῳ
3643 1861 3723 1929 τῷ

476 1955 531 1998 et
555 1945 849 1998 consensit.
872 1944 932 1997 ln
975 1942 1137 1996 tertio
1160 1957 1292 1995 vero
1321 1941 1463 1995 libro
1483 1956 1645 2010 quem
1670 1940 1737 1994 dc
1761 1940 1873 1993 vita
1900 1939 2043 1994 Con-

2147 1953 2227 2015 είς
2249 1953 2337 2005 τὸν
2354 1952 2466 2023 βίον
2487 1954 2897 2009 Κωνσταντίνου
2928 1954 3071 2007 κατὰ
3091 1952 3235 2019 λέξιν
3276 1953 3469 2009 ταῦτα·
3510 1955 3723 2016 Πάντας

477 2035 703 2090 stantini
728 2033 968 2103 scripsit,
994 2032 1344 2101 italoquitur.
1380 2031 1615 2086 :Omnes
1658 2031 1954 2100 imperator
1976 2029 2044 2083 ad

476 2127 826 2182 concordiam
885 2124 1152 2189 incitavit,
1196 2123 1370 2178 donec
1416 2124 1703 2178 universos
1757 2123 1813 2176 in
1863 2121 1931 2176 iis
1979 2121 2046 2175 de

476 2220 680 2287 quibus
713 2226 871 2273 antea
902 2215 1319 2280 dissentiebant,
1351 2214 1651 2270 concordes
1686 2221 1849 2283 atque
1908 2227 2044 2267 una-

475 2315 654 2369 nimes
673 2311 1053 2381 prmstitisset:
1088 2308 1227 2363 adeo
1269 2314 1331 2362 ut
1370 2306 1503 2362 ﬁdes
1534 2306 1778 2362 omnium
1808 2319 2046 2359 consona

475 2405 618 2475 apud
640 2403 872 2457 Nicaeam
902 2396 1222 2455 obtinuerit.
1244 2395 1380 2452 Cum
1398 2396 1565 2467 igitur
1611 2394 1881 2450 Eusebius
1902 2393 2047 2447 illius

474 2498 690 2552 calicilii
722 2495 1055 2550 mentionem
1084 2491 1310 2557 faciens,
1338 2497 1563 2545 cunctas
1594 2489 1902 2545 animorum
1938 2487 2048 2541 dis-

474 2592 757 2649 Sensiones
793 2587 1001 2657 sopitas
1025 2600 1144 2640 esse
1167 2584 1334 2649 dicat,
1364 2591 1421 2638 et
1458 2583 1747 2639 universos
1790 2583 1847 2637 in
1879 2595 2044 2636 unam

472 2681 830 2749 eamdemque
857 2676 1198 2747 conspirasse
1229 2673 1576 2739 sententiam,
1600 2673 1732 2744 quid
1768 2686 1945 2727 causae
1963 2679 2047 2725 cst

473 2754 574 2829 cur
613 2771 861 2828 nonnulli
893 2784 1021 2823 eum
1051 2767 1367 2827 existiment
1400 2765 1606 2820 Ariano
1643 2764 1882 2836 dogmati
1912 2778 2044 2817 con-

470 2864 709 2923 sentire?
734 2862 1015 2916 Ralluntur
1038 2861 1205 2915 etiam
1236 2858 1455 2923 Ariani,
1488 2857 1581 2929 qui
1612 2857 1764 2912 illum
1799 2856 2044 2928 opinioni

473 2974 584 3015 sua:
631 2954 916 3026 suffragari
953 2953 1307 3008 arbitrantur.
1350 2950 1458 3006 Sed
1489 2951 1635 3006 dicet
1683 2949 1912 3005 fortasse
1944 2948 2044 3002 ali-

472 3049 633 3120 quis,
688 3048 843 3101 illum
895 3044 1084 3100 Ariani
1138 3041 1409 3114 dogmatis
1457 3051 1784 3096 assertorem
1835 3038 2042 3101 videri,

468 3145 757 3210 propterea
799 3135 944 3206 quod
987 3134 1045 3188 in
1074 3133 1235 3187 libris
1280 3132 1396 3187 suis
1430 3131 1626 3185 crebro
1654 3129 1838 3183 dicere
1884 3127 2043 3192 solet,

2149 2044 2204 2098 δὲ
2230 2045 2258 2096 ὁ
2286 2042 2539 2114 βασιλεὺς
2567 2046 2649 2107 είς
2671 2045 2925 2115 ὁμόνοιαν
2957 2044 3220 2111 ἐλαύνων,
3250 2047 3329 2108 εἰς
3360 2046 3449 2099 ὅτε
3476 2045 3722 2116 ὁμογνώ-

2152 2152 2317 2206 μονας
2346 2135 2441 2190 καὶ
2464 2135 2754 2206 ὁμοδόξους
2786 2136 2984 2198 αὐτοὺς
3017 2136 3110 2190 ἐπὶ
3135 2138 3246 2199 τοῖς
3276 2136 3725 2207 ἀμφισϐητουμέ-

2148 2242 2260 2290 νοις
2299 2226 2470 2280 άπασι
2513 2226 2574 2280 τὸ
2610 2228 2696 2280 ἐπ’
2725 2226 2875 2298 αύτῷ
2921 2225 3289 2297 κατέστησενο
3337 2228 3412 2292 ὡς
3439 2228 3724 2299 ὁμόφωνον

2149 2316 2417 2388 κρατῆσαι
2444 2316 2543 2388 τὴν
2571 2316 2631 2369 ἐν
2657 2316 2858 2388 Νικαίᾳ
2885 2315 3087 2371 πίστιν.
3133 2317 3198 2370 Et
3229 2316 3408 2372 τοίνυν
3464 2318 3723 2382 Εὐσέϐιος

2146 2408 2244 2473 τῆς
2267 2408 2444 2460 ἐκεῖσε
2476 2406 2694 2460 συνόδου
2718 2408 2940 2479 μνήμην
2968 2409 3313 2479 ποιούμενος,
3344 2408 3602 2463 λελύσθαι
3625 2409 3724 2479 μὲν

2147 2497 2213 2551 τὰ
2248 2497 2371 2550 τότε
2402 2498 2894 2570 ἀμφισϐητούμενα
2925 2499 3095 2569 λέγει,
3147 2501 3355 2563 πάντας
3382 2500 3440 2554 δέ
3483 2501 3725 2571 ὁμορρο-

2148 2589 2308 2659 νῆσαι
2340 2588 2434 2642 καὶ
2465 2587 2811 2659 ὁμοὼξῆσαι,
2847 2590 2968 2654 πῶς
2998 2589 3328 2661 ἀρειανίζειν
3378 2591 3542 2646 αὐτόν
3576 2608 3725 2654 τινες

2150 2678 2657 2749 ὑπολαμϐάνουσινς
2684 2680 2999 2734 Πλανῶνται
3034 2680 3090 2734 δέ
3122 2682 3215 2735 καὶ
3258 2683 3545 2753 Ἀρειανοὶ,
3592 2698 3727 2754 φρο-

2146 2773 2258 2825 νεῖν
2284 2770 2446 2824 αύτὸν
2470 2770 2783 2842 νομίζοντες
2812 2771 2881 2826 τὰ
2909 2771 3108 2828 αὐτῶν.
3128 2772 3271 2826 Ἀλλ’
3299 2774 3416 2845 ἐρεῖ
3434 2790 3533 2840 τις,
3557 2773 3634 2834 ὡς
3665 2773 3726 2825 ὲν

2146 2863 2258 2926 τοῖς
2303 2861 2482 2929 λόγοις
2514 2861 2680 2915 αὐτοῦ
2711 2862 3040 2935 ἀρειανίζειν
3075 2864 3242 2931 δοκεῖ,
3266 2864 3344 2935 τῷ
3365 2865 3607 2936 συνεχῶς
3630 2863 3719 2916 λέ-

2147 2969 2286 3022 γειν,
2312 2951 2401 3005 διὰ
2430 2951 2808 3042 Χριστοῦμεὶ).
2833 2953 2975 3025 Πρὸς
2991 2953 3049 3007 ὃν
3064 2952 3527 3026 ἀποκρινούμεθα,
3552 2956 3635 3009 ὅτι
3654 2954 3724 3025 τῇ

2146 3042 2287 3108 λέξει
2301 3042 2473 3117 ταύτῃ
2492 3042 2751 3107 πολλάκις
2768 3045 2862 3097 καὶ
2877 3045 2926 3097 οί
2945 3044 3045 3115 τῆς
3059 3044 3386 3116 Ἐκκλησίας
3400 3047 3724 3116 ἐχρήσαντο,

2147 3133 2241 3186 καὶ⁸
2274 3135 2393 3195 ταῖς
2424 3132 2609 3196 ἄλλαις
2629 3136 2750 3197 ταῖς
2781 3135 3115 3206 μηνυούσαις
3150 3134 3248 3206 τὴν
3276 3136 3587 3207 οἰκονομίαν
3619 3139 3725 3202 τῆς

469 3248 569 3304 per
592 3232 894 3287 Christum.
940 3226 1101 3296 106
1137 3224 1238 3281 Cui
1268 3239 1372 3279 nos
1415 3223 1470 3278 id
1513 3220 1943 3292 respondemus,
1991 3228 2043 3273 et

2149 3221 2566 3293 ἀνθρωπότητος
2620 3223 2716 3276 τοῦ
2780 3224 3036 3295 Σωτῆρος
3088 3223 3268 3295 ἡμῶν.
3326 3226 3439 3280 Καὶ
3492 3228 3598 3296 πρό
3657 3245 3725 3297 γε

470 3289 574 3380 bac
620 3320 879 3393 loquendi
915 3289 1149 3380 ratione,
1172 3323 1227 3370 et
1268 3315 1392 3369 aliis
1433 3289 1747 3384 huiusmodi
1785 3325 1907 3380 qua:
1931 3309 2043 3364 dis-

2148 3313 2403 3367 ἁπάντων
2434 3313 2661 3379 τούτων,
2704 3314 2732 3367 6
2777 3315 3100 3379 Ἀπόστολος
3137 3318 3260 3380 ταῖς
3289 3316 3467 3382 λέξεσι
3494 3318 3727 3384 ταύταις

470 3414 848 3485 pensationem
898 3404 1260 3461 humanitatis
1301 3403 1430 3459 Jesu
1477 3400 1683 3457 Christi
1731 3399 2042 3470 designant,

468 3501 873 3559 ecclesiasticos
898 3496 1193 3565 scriptores
1211 3492 1291 3548 uti
1313 3491 1684 3555 consuevisse,
1706 3497 1763 3545 et
1783 3496 1910 3544 ante
1944 3487 2045 3543 hos

468 3610 664 3651 omnes
711 3590 942 3648 Paulum
992 3586 1300 3658 apostolum
1359 3582 1553 3639 iisdem
1604 3582 1835 3637 vocibus
1882 3595 2042 3635 usum

470 3687 663 3751 fuisse,
691 3685 785 3755 qui
815 3689 996 3737 tamen
1022 3676 1269 3750 perversi
1307 3675 1580 3746 dogmatis
1612 3673 1874 3744 magister
1909 3688 2049 3727 nun-

469 3792 635 3848 quam
676 3782 762 3831 est
791 3771 1156 3828 existimatus.
1184 3769 1455 3826 Cancrum
1495 3780 1620 3820 cum
1652 3764 1819 3820 Arius
1848 3763 2047 3819 Filium

468 3869 566 3925 Dei
598 3874 909 3922 creaturam
938 3861 1166 3933 perinde
1194 3876 1259 3916 ac
1284 3866 1483 3915 caetera
1512 3871 1635 3927 qua:
1671 3871 1702 3910 a
1732 3855 1845 3910 Deo
1865 3865 2049 3912 creata

469 3969 618 4026 sunt,
647 3973 814 4014 ausus
857 3955 930 4010 sit
961 3954 1167 4020 dicere,
1209 3951 1359 4014 audi,
1392 3950 1439 4005 si
1471 3949 1673 4019 placet,
1703 3963 1950 4018 quaenam
1981 3949 2050 4004 de

466 4050 572 4104 hac
592 4064 652 4103 re
681 4046 850 4103 fuerit
873 4041 1099 4099 Eusebii
1129 4038 1424 4105 sententia,
1458 4037 1514 4092 in
1539 4036 1684 4092 libro
1712 4036 1894 4107 primo
1915 4051 2048 4091 con-

468 4150 551 4195 tra
584 4136 921 4193 Marcellum.
948 4133 1294 4204 Unigenitus,
1325 4130 1526 4201 inquit,
1554 4129 1651 4184 Dei
1677 4129 1869 4193 Filius,
1901 4130 2050 4185 solus

466 4228 667 4298 ipse,et
691 4240 802 4280 non
830 4221 971 4277 alius
995 4228 1051 4275 et
1082 4219 1412 4290 praedicatur
1435 4224 1492 4272 et
1528 4224 1631 4271 est.
1663 4216 1817 4272 Unde
1848 4217 2049 4271 merito

467 4314 593 4385 quis
615 4310 1033 4383 reprehenderit
1057 4323 1173 4373 eos,
1207 4308 1303 4379 qui
1331 4314 1638 4362 creaturam
1673 4305 1825 4360 illum
1864 4305 2048 4362 dicere

468 4416 580 4455 non
606 4397 950 4463 dubitarunt,
973 4412 1041 4452 ex
1063 4395 1235 4451 nihilo
1267 4393 1548 4450 conditum
1575 4392 1804 4463 perinde
1830 4407 1894 4446 ac
1917 4392 2045 4447 reli-

2151 3404 2424 3476 ἐχρήσατο
2441 3423 2455 3436 ο
2483 3406 2579 3460 καὶ
2593 3406 2717 3461 οὑδέ
2736 3406 2954 3461 πώποτε
2970 3408 3043 3471 ὡς
3063 3408 3382 3483 κακοδοξίας
3405 3409 3725 3474 διδάσκαλος

2150 3495 2429 3567 ἐνομίσθη.
2466 3496 2589 3551 Ἔτι
2618 3498 2724 3569 μὴν
2756 3498 2851 3553 καὶ
2887 3499 3099 3570 Ἀρείου
3128 3500 3332 3571 κτίσμα
3354 3500 3448 3554 τὸν
3481 3501 3611 3554 Υίὸν
3642 3503 3726 3567 ὡς

2149 3584 2210 3639 ἐν
2250 3587 2360 3641 τῶν
2406 3588 2583 3643 ἄλλων
2626 3588 2996 3661 τολμήσαντος
3030 3592 3224 3655 εἰπεῖν,
3274 3590 3577 3646 ἐπάκουσον
3630 3588 3725 3647 οἶα

2152 3677 2412 3745 Εὐσέϐιος
2444 3680 2576 3752 περὶ
2607 3680 2798 3736 τούτου
2824 3681 2884 3734 ἐν
2912 3680 2989 3752 τῷ
3027 3680 3231 3754 πρώτῳ
3265 3681 3452 3754 βιϐλίῳ
3480 3683 3560 3754 τῷ
3583 3684 3724 3753 πρὸς

2144 3768 2469 3841 Μάρκελλον
2498 3771 2640 3826 κατὰ
2666 3772 2813 3838 λέξιν
2847 3772 3032 3844 φησίν.
3070 3771 3130 3825 '0
3156 3772 3451 3844 μονογενὴς
3476 3773 3604 3838 Υἱὸς
3624 3777 3726 3829 τοῦ

2145 3858 2281 3914 Θεοῦ
2338 3860 2498 3931 μόνος
2529 3861 2713 3927 αὐτὸς,
2744 3862 2840 3915 καὶ
2886 3862 3007 3915 ούδέ
3051 3862 3211 3928 ἄλλος
3262 3864 3625 3936 ἀνηγόρευται
3659 3883 3721 3920 τε

2147 3951 2241 4005 καὶ
2267 3951 2437 4006 ἔστιν.
2458 3953 2620 4007 Ὅθεν
2636 3954 2864 4019 εἰκότως
2880 3954 2944 4009 ἄν
2963 3972 3050 4019 τις
3080 3955 3356 4027 μέμψαιτο
3381 3960 3493 4020 τοῖς
3513 3956 3727 4028 κτίσμα

2147 4044 2309 4097 αὐτὸν
2330 4046 2496 4114 φάναι
2524 4046 2940 4118 τετολμηκόσιν,
2971 4047 3031 4113 ἐξ
3060 4050 3161 4103 οὐκ
3188 4049 3357 4104 ὄντων
3390 4050 3575 4120 ὅμοιον
3605 4054 3726 4115 τοῖς

2146 4135 2353 4198 λοιποῖς
2385 4136 2651 4207 κτίσμασι
2689 4141 3001 4209 γενόμενον.
3033 4139 3144 4193 Καὶ
3168 4139 3286 4204 πῶς
3307 4140 3418 4212 γὰρ
3447 4140 3526 4195 ἔτι
3565 4142 3726 4196 ἔσται

2147 4224 2274 4289 Υἱὸς
2293 4264 2309 4289 ,
2345 4227 2460 4291 πῶς
2488 4227 2545 4281 δὲ
2575 4230 2870 4301 μονογενὴς
2898 4230 2993 4284 τοῦ
3031 4231 3190 4299 Θεοῦ,
3226 4234 3254 4286 6
3280 4232 3379 4303 τὴν
3410 4231 3579 4303 αὐτὴν
3606 4235 3724 4295 τοῖς

2144 4315 2354 4380 λοιποῖς
2382 4317 2674 4390 κτίσμασιν
2702 4321 3142 4393 ἐπιγραφόμενος
3164 4322 3345 4393 φύσιν,
3364 4323 3474 4377 τῶν
3502 4340 3563 4376 τε
3592 4324 3725 4378 πολ-

2148 4405 2255 4460 λῶν
2280 4410 2555 4479 γεννητῶν
2580 4410 2731 4466 ἕσται
2774 4406 2856 4476 εἷς
2884 4413 3018 4483 (50),
3059 4415 3155 4468 ἆτε
3193 4415 3292 4486 τῆς
3333 4414 3393 4483 ἐξ
3423 4415 3524 4471 οὐκ
3549 4415 3724 4471 ὄντων

1660 4624 1934 4681 VALESII
1966 4626 2513 4688 ANNOTATIONES.
2555 4624 2563 4631 ’

468 4785 1091 4866 Constantinopolitana
1124 4785 1332 4858 synodo
1346 4786 1692 4866 __lllar_cellum
1727 4790 2034 4866 damnavef
2069 4796 2112 4852 D
2141 4802 2190 4848 et
2224 4812 2360 4850 nunc
2391 4802 2440 4866 et
2473 4810 2680 4866 semper
2721 4803 2770 4847 et
2804 4811 2897 4866 per
2929 4799 3107 4852 omnia
3141 4797 3338 4853 swcula
3375 4796 3718 4856 seculorum.

469 4868 617 4922 rant,
672 4856 955 4925 scripsisse
988 4872 1046 4912 se
1080 4856 1314 4912 testatur
1346 4857 1619 4913 Eusebius
1660 4859 1714 4913 in
1752 4860 1858 4916 ﬁne
1902 4862 2037 4918 libri

469 4928 696 4985 secundi
736 4936 925 4982 contra
966 4926 1302 4982 Marcellum.
1338 4928 1510 4982 Porro
1565 4935 1752 4983 utrum
1785 4930 2041 4988 Socrates

470 4999 612 5054 duos
637 4998 759 5052 illos
794 4997 1008 5065 priores
1048 5004 1239 5067 contra
1271 4996 1585 5052 Marcellum
1613 4997 1785 5055 libros
1820 5001 2039 5067 viderit,

471 5069 746 5150 incertum
792 5075 897 5131 est,
937 5082 1062 5121 cum
1098 5066 1305 5121 nullam
1342 5082 1535 5122 eorum
1582 5070 1916 5126 mentionem
1959 5066 2043 5127 fa-

470 5149 600 5195 ctat.

543 5208 656 5271 (49)
696 5202 783 5282 Τῷ
820 5206 1094 5282 (ξυνεχῶς
1129 5206 1329 5282 ,λέγειν
1350 5206 1448 5261 διὰ
1479 5206 1754 5282 Χριστοῦ.
1780 5209 2040 5282 lntelligit

473 5276 728 5334 Socrates
762 5278 1085 5347 δοξολογεας,
1123 5293 1247 5347 quae
1290 5277 1546 5347 leguntur
1571 5278 1629 5334 in
1677 5278 1783 5332 line
1824 5276 2038 5336 sermo-

469 5365 602 5406 num
634 5346 877 5412 Eusebii,
909 5362 1045 5418 quas
1066 5357 1329 5418 perpetug
1350 5346 1431 5418 ita
1458 5348 1697 5418 concipit
1725 5348 1995 5404 Eusebius
2021 5368 2034 5403 :

467 5421 652 5478 Gloria
685 5434 787 5471 non
817 5415 942 5471 nato
970 5415 1119 5470 Patri
1155 5415 1259 5487 per,
1273 5415 1467 5487 Filium
1499 5415 1652 5471 suum
1686 5419 2036 5487 unigenitum,

467 5504 574 5548 etc.
604 5492 784 5558 Atque
823 5487 878 5541 id
914 5487 1228 5558 perSpicere
1249 5486 1378 5558 licet
1402 5486 1456 5539 in
1479 5488 1759 5558 opusculis
1790 5490 2032 5553 Eusebii,

468 5578 588 5632 qui?
616 5555 853 5632 Jacobus
900 5555 1226 5632 Sirmondtts
1257 5556 1311 5608 in
1344 5556 1521 5632 lucem
1554 5557 1751 5632 edidit.
1788 5560 2035 5632 Exempli

470 5624 662 5701 gratia,
692 5632 746 5683 in
786 5624 891 5701 line
919 5625 1046 5701 libri
1063 5624 1221 5701 primi
1247 5633 1449 5701 contra
1480 5626 1777 5701 Sabellium
1810 5630 1924 5682 haec
1957 5624 2036 5683 lc-

470 5695 672 5767 guntnr
701 5699 867 5753 verba
895 5716 907 5749 :
942 5696 1123 5767 Gloria
1166 5695 1257 5767 imi
1283 5711 1385 5767 non
1413 5704 1538 5747 nato
1579 5695 1707 5767 Deo,
1739 5714 1831 5765 per
1869 5715 2034 5751 unum

471 5762 796 5840 unigenitum
822 5768 989 5822 Deum
1013 5766 1201 5820 Filium
1224 5762 1337 5827 Dei,
1360 5765 1412 5817 in
1458 5781 1562 5817 uno
1597 5762 1793 5836 Spiritu
1828 5778 2031 5830 sancto,

2139 4867 2327 4938 Amen.
2356 4865 2435 4938 Et
2461 4864 2630 4938 sicin
2652 4864 2884 4938 exteris.
2923 4867 2989 4938 In,
3019 4883 3272 4924 sermone
3305 4884 3522 4938 quoque
3550 4884 3719 4938 quem

2139 4934 2335 5019 habuit
2355 4934 2627 5019 Eusebius
2760 4934 3104 5019 dedica-tione.
3140 4933 3387 5019 ecclesia):
3435 4933 3588 5019 Tyri,
3617 4942 3719 5008 qui

2140 5004 2376 5059 refertur
2400 5004 2454 5057 in
2489 5004 2630 5058 libro
2656 5003 2870 5059 decimo
2900 5006 3151 5072 Historiae
3193 5003 3596 5072 ecclesiasticze,
3622 5003 3721 5064 éa—

2142 5074 2265 5148 dem
2313 5074 2548 5129 habetur
2582 5073 2946 5148 c_lausula,__6tf
2976 5069 3036 5129 οὗ
3062 5078 3211 5148 αὐτῷ
3240 5080 3274 5148 ὴ
3302 5077 3446 5143 δόξα,
3476 5069 3591 5131 etc.
3621 5076 3719 5135 Sic

2143 5143 2291 5198 enim
2320 5159 2421 5197 nos
2448 5157 2573 5197 eum
2595 5143 2773 5197 locum
2800 5145 3074 5200 edidimus
3102 5143 3373 5202 extribus
3406 5149 3716 5201 manuscri-

2144 5213 2254 5294 ptis
2290 5213 2591 5294 codicibus.
2624 5212 2797 5268 Porro
2833 5224 3024 5294 notum
3060 5224 3145 5294 est
3183 5217 3416 5294 Asianos
3447 5218 3716 5294 praepes}

2142 5283 2346 5336 tionem
2369 5283 2537 5347 illam,
2558 5299 2650 5352 per
2674 5299 2847 5353 quem,
2866 5285 3181 5342 attribuisse
3206 5287 3364 5352 Filio,
3391 5283 3463 5343 eo
3478 5283 3717 5341 consilio

2141 5361 2203 5405 ut
2249 5353 2417 5424 illum
2455 5353 3002 5424 Patriisubjicerent.
3044 5356 3179 5412 Vide
3225 5356 3618 5411 Theodoritum
3657 5359 3716 5412 in

2140 5430 2309 5494 caput
2340 5422 2576 5494 primum
2611 5422 2866 5494 Epistulae
2894 5426 3085 5494 prima:
3109 5426 3175 5480 ad
3215 5426 3550 5494 Corinthios.

2213 5492 2322 5564 (50)
2358 5492 2585 5564 Tiburs,
2608 5492 2855 5564 πολλῶν
2894 5492 3199 5563 γεννητῶν
3233 5493 3527 5560 ἕσταιεῖς.
3568 5495 3715 5551 Ante

2140 5559 2256 5634 haec
2287 5559 2451 5634 verba
2477 5562 2820 5634 desideratur
2852 5559 3072 5633 integra
3098 5565 3263 5629 linea,
3294 5581 3416 5634 qua:
3460 5559 3528 5619 ex
3565 5565 3715 5622 libro

2139 5631 2319 5711 primo
2366 5633 2587 5711 Eusebii
2623 5634 2697 5687 De
2727 5631 3096 5711 ecclesiastica
3132 5631 3440 5711 _'l‘heo_log_i_a
3485 5650 3607 5711 cap.
3651 5638 3710 5700 9,

2144 5702 2217 5773 ita
2252 5703 2554 5771 supplenda
2592 5714 2677 5758 est
2709 5721 2721 5755 :
2750 5702 2933 5773 Ταύτῃ
2976 5704 3085 5773 γὰρ
3108 5702 3452 5770 ,ἀδελφὸξᾶν
3496 5702 3711 5759 τούτων

2143 5771 2351 5838 γένοιτο
2385 5774 2605 5842 μᾶλλον,
2638 5774 2757 5843 οὐχὶ
2786 5773 2840 5826 δὲ
2872 5771 2985 5838 υίὸς
3015 5771 3110 5827 τοῦ
3139 5773 3302 5828 Θεοῦ*
3336 5774 3444 5829 τῶν
3470 5793 3530 5829 τε
3572 5776 3708 5829 πολ-
