4026 6338
489 366 594 423 347

1954 360 2287 419 SOCRATIS

3625 360 3730 415 2&8

491 484 666 540 hostis
690 483 863 553 ipsius
891 490 1055 545 esset,
1084 481 1396 550 bellumque
1426 479 1681 550 protinus
1705 484 2064 546 exspectaret.

2207 479 2280 530 ἰσι
2308 479 2439 548 παρ’
2471 477 2595 547 ἐμοὶ
2632 475 2943 538 Ἀθανάσιος
2969 474 3061 528 καὶ
3080 473 3322 537 Παῦλος·
3357 471 3494 528 ἀλλά
3530 472 3734 527 πυνθα-

493 575 715 634 Litterae
739 582 920 629 autem
947 589 1083 643 quas
1116 572 1184 626 ad
1215 571 1440 627 fratrem
1463 569 1707 639 scripsit.
1726 574 1856 624 sunt
1877 567 2069 637 hujus-

492 667 670 721 modi:
696 665 835 720 Sunt
854 664 945 719 hic
969 663 1110 734 apud
1139 677 1225 717 me
1248 661 1574 716 Athanasius
1593 668 1651 715 et
1677 658 1877 716 Paulus
1900 675 1917 710 ξ
1932 672 2073 728 quos

493 755 716 825 quidem
744 753 967 824 pietatis
989 768 1151 807 causa
1185 749 1622 821 persecutionem
1644 748 1756 818 pati
1780 755 2070 818 perconta-

497 853 583 900 tus
604 845 852 915 cognovi.
888 842 944 899 Si
975 856 1106 915 ergo
1154 840 1429 913 pollicitus
1471 839 1665 904 fueris,
1695 846 1748 893 te
1797 852 1934 909 suas
1963 836 2073 892 illis

495 937 655 992 sedes
678 935 1046 999 redditurum,
1093 941 1150 989 et
1193 932 1251 988 in
1296 948 1394 988 eos
1431 930 1944 987 animadversurum
1977 927 2072 998 qui

496 1029 616 1084 sine
662 1043 823 1084 causa
875 1027 999 1081 illos
1027 1026 1389 1089 insectantur,
1434 1024 1586 1078 viros
1623 1022 1692 1077 ad
1741 1030 1794 1076 te
1832 1020 2070 1075 mittam.

354 1171 392 1181 .-
498 1119 661 1188 Quod
701 1120 750 1176 si
779 1119 893 1175 haec
925 1118 1021 1185 ita,
1057 1126 1118 1173 ut
1148 1116 1282 1181 dixi,
1317 1116 1499 1171 facere
1532 1112 1896 1178 recusaveris,
1934 1110 2074 1166 scias

494 1210 659 1265 velim
702 1209 831 1264 illuc
872 1224 959 1263 me
1015 1215 1312 1262 venturum
1345 1216 1487 1273 esse,
1521 1210 1684 1275 teque
1722 1201 1895 1259 invito
1949 1215 2077 1257 suas

499 1300 607 1355 illis
636 1300 795 1356 sedes
823 1299 1197 1355 redditurum.

1105 1412 1255 1468 CAP.
1283 1409 1475 1466 XXIII.

500 1502 770 1575 Quomodo
807 1504 1144 1575 Constantius
1185 1502 1366 1575 fratris
1392 1499 1813 1575 minuisset-itus,
1835 1497 2077 1575 Athana-

568 1578 706 1631 sium
750 1576 860 1631 suis
909 1574 1099 1629 litteris
1140 1566 1369 1628 euocauit
1395 1611 1410 1637 ,
1456 1577 1507 1624 et
1554 1568 1938 1626 Alexandriam
1980 1566 2079 1621 mi-

569 1648 658 1700 sit.

452 1760 461 1773 ι
572 1737 701 1794 Haec
724 1752 849 1794 eum
873 1737 1173 1808 imperator
1205 1733 1449 1791 Orientis
1473 1730 1838 1803 cognovisset,
1864 1728 1923 1783 in
1957 1742 2076 1782 ma-

506 2008 749 2064 ditiones
769 2007 853 2063 eis
882 2008 1189 2078 proposuit,
1213 2014 1271 2062 et
1302 2005 1563 2076 quidnam
1596 2000 1904 2058 faciendum
1939 2006 2085 2055 esset

508 2097 890 2169 interrogavit.
922 2097 1005 2153 Illi
1039 2096 1211 2151 satius
1228 2111 1353 2152 esse
1388 2094 1649 2150 dixerunt
1688 2098 1755 2147 ut
1785 2088 2085 2147 Athanasio

508 2190 946 2246 concederentur
969 2187 1246 2253 Ecclesiae,
1275 2200 1440 2257 quam
1466 2192 1531 2240 ut
1557 2182 1718 2239 civile
1739 2180 1943 2236 bellum
1967 2193 2088 2233 sus-

511 2278 814 2350 ciperetur.
851 2276 1092 2351 Proinde
1152 2277 1450 2346 imperator
1488 2271 1815 2328 necessitate
1848 2266 2087 2324 constri-

510 2378 636 2426 ctus
660 2369 1018 2424 Athanasium
1060 2367 1128 2422 ad
1173 2382 1231 2422 se
1273 2372 1452 2421 vocat.
1501 2362 1726 2419 Interim
1775 2357 2090 2417 Occidentis

513 2461 816 2530 imperator
851 2459 1079 2514 Paulum
1115 2472 1240 2513 cum
1263 2456 1480 2512 duobus
1503 2452 1776 2525 episcopis
1797 2458 1853 2506 et
1877 2448 2091 2519 reliquo

513 2547 821 2604 honoriﬁco
855 2554 1121 2618 apparatu
1162 2543 1695 2614 Constantinopolim
1735 2541 1936 2605 mittit,
1973 2548 2091 2593 tum

514 2644 650 2709 suis,
700 2651 813 2699 tum
861 2644 1054 2716 synodi
1100 2643 1302 2699 litteris
1346 2641 1762 2697 communitum.
1809 2637 1917 2694 Sed
1966 2651 2091 2692 cum

515 2736 848 2792 Athanasius
893 2736 1076 2791 adhuc
1111 2733 1515 2798 reformidaret,
1541 2740 1600 2787 et
1623 2740 1810 2786 utrum
1853 2728 1921 2783 ad
1952 2727 2095 2784 Con-

514 2826 779 2881 stantium
804 2825 1247 2897 proficisceretur
1283 2838 1479 2888 necne,
1504 2836 1707 2892 anceps
1738 2829 1899 2891 atque
1924 2818 2095 2873 animi

516 2918 720 2973 dubius
743 2918 979 2972 haereret
1000 2934 1013 2969 :
1034 2915 1314 2971 metuebat
1334 2914 1484 2969 enim
1520 2911 1977 2969 ealumniatorum
2015 2908 2099 2962 in-

517 3007 720 3063 sidias:
749 3006 991 3063 Orientis
1016 3006 1316 3076 imperator
1337 3020 1450 3059 non
1471 3003 1662 3066 semel,
1687 3001 1783 3057 sed
1804 3000 2005 3055 iterum
2032 3013 2099 3054 ac

521 3096 685 3151 tertio
708 3110 836 3150 eum
873 3093 941 3151 ad
977 3093 1299 3154 comitatum
1336 3107 1496 3148 suum
1531 3090 1801 3154 evocavit,
1825 3089 1971 3145 sicut
2010 3088 2099 3142 lit-

2171 569 2393 639 νόμενος
2421 568 2662 639 διέγνων,
2694 567 2970 630 εὐσεϐείας
2999 565 3195 629 αὐτοὺς
3221 565 3380 636 χάριν
3418 562 3732 618 διώκεσθαι.

2171 658 2234 712 Et
2272 658 2372 727 μὲν
2400 655 2496 712 οῦν
2534 657 2845 730 ἐπαγγέλλῃ
2872 657 3178 711 ἀποδιδόναι
3204 654 3417 716 τούτοις
3453 655 3580 717 τοὺς
3609 653 3740 724 θρό-

2179 768 2324 815 νους,
2379 751 2787 821 ἐπαμυνόμενος
2811 752 2937 812 τοὺς
2970 748 3146 819 μάτην
3186 747 3369 809 αὐτοῖς
3393 741 3742 819 προσφυομέ-

2171 859 2315 909 νους,
2347 841 2628 896 ἀποστελῶ
2656 840 2792 912 πρὸς
2824 841 2885 894 σὲ
2905 841 3032 903 τοὺς
3057 838 3273 910 ἄνδρας.
3301 838 3364 890 Εἰ
3384 836 3429 889 δ’
3460 832 3741 894 ἀνανεύοις

2170 926 2341 981 ταῦτα
2377 926 2518 981 οὕτω
2550 930 2742 992 ποιεῖν,
2771 922 2832 981 εὖ
2886 926 3014 989 ῐσθι,
3044 926 3125 980 ὅτι
3176 924 3338 988 αὐτὸς
3386 921 3498 991 ἐγὼ
3545 920 3737 976 αὐτόθι

2170 1018 2478 1089 γενόμενος,
2504 1018 2598 1072 καὶ
2622 1018 2845 1084 ἀκοντός
2870 1035 2962 1072 σου
2980 1016 3187 1083 τούτοις
3204 1016 3328 1084 τοὺς
3353 1012 3587 1077 οἰκείους
3605 1012 3742 1067 ἀπο·

2170 1105 2363 1179 δίδωμι
2396 1104 2638 1178 θρόνους.

2752 1395 3005 1452 ΚΕΦΑΛ.
3043 1390 3171 1451 KF'.

2186 1487 2601 1557 Ὠςνςροϐηθεις
2653 1490 2687 1542 ό
2714 1485 3279 1557 Κωνστὰγτιοςᾉτὰς
3327 1483 3582 1557 (inst.qu
3619 1480 3732 1557 τοῦ

2244 1552 2540 1627 doluerit).
2570 1552 2645 1611 δι’
2687 1556 3027 1627 ἐπιστολῶν
3052 1555 3313 1627 ἐκάλεσε
3344 1554 3471 1627 τὸν,
3493 1552 3735 1608 Ἀθανά-

2243 1624 2407 1693 mor,
2429 1628 2526 1682 καὶ
2553 1629 2641 1694 εὶς
2663 1631 2775 1695 τὴν
2812 1626 3262 1693 Ἀλεξάνδρειαν
3282 1624 3538 1692 ἔπεμψε.

2245 1722 2431 1777 Ταῦτα
2465 1720 2627 1789 γνοὺς
2657 1720 2686 1772 ὁ
2720 1718 2818 1788 τῆς
2856 1715 3027 1788 Ἐῴας
3074 1715 3357 1786 βασιλεὺς,
3394 1714 3475 1778 είς
3511 1710 3754 1780 ἀγωνίαν

502 1825 706 1881 ximam
740 1802 997 1881 redactus
1019 1832 1106 1881 est
1126 1823 1522 1879 difﬁcultatem.
1553 1819 1857 1889 Statimque
1891 1832 2081 1873 accer-

2201 1815 2244 1868 νύ
2265 1814 2364 1884 τὴν
2386 1809 2657 1882 τυχοῦσαν
2681 1807 2938 1878 κατέστη.
2964 1809 3189 1862 Μεταπε
3198 1805 3478 1877 μψάμενός
3500 1820 3562 1857 τε
3590 1802 3756 1868 εὐθὺς

2178 1999 2277 2055 τοῦ
2323 1994 2556 2063 ἀδελφοῦ
2608 1990 2924 2064 προύτίθει,
2977 1989 3074 2043 καὶ
3126 1989 3253 2061 περὶ
3312 1986 3406 2040 τοῦ
3476 1984 3760 2057 πρακτέου

2180 2085 2585 2145 διεπυνθάνετο.
2604 2082 2669 2134 Οἱ
2683 2079 2760 2141 δὲ,
2779 2080 3031 2149 κρεῖσσον
3048 2075 3261 2146 ἔφασαν
3281 2073 3390 2129 τῶν
3420 2070 3763 2143 Ἐκκλησιῶν

2184 2171 2587 2251 παραχωρῆσαι
2615 2171 2729 2233 τοῖς
2758 2168 2888 2239 περὶ⁸
2920 2165 3261 2241 Ἀθανάσιον,
3293 2163 3328 2235 ἢ
3353 2160 3615 2234 ἐμφύλιον
3637 2160 3766 2214 ἀνα-

2183 2249 2441 2334 δέξασθαι
2485 2262 2742 2331 πόλεμον.
2791 2256 2956 2312 Ὅθεν
3012 2256 3099 2309 ἐπ’
3141 2255 3355 2324 ἀνάγκη
3413 2249 3694 2314 καταστὰς
3733 2250 3766 2302 ό

2189 2358 2440 2434 βασιλεὺς
2459 2394 2474 2419 ,
2501 2352 2687 2408 ὲκάλει
2715 2349 2850 2421 πρὸς
2882 2347 3074 2401 ἑαυτὸν
3105 2345 3230 2408 τοὺς
3256 2343 3387 2414 περὶ
3419 2340 3763 2397 ’Δθανάσιον.

2188 2430 2301 2506 Καὶ
2336 2447 2471 2509 τέως
2518 2445 2616 2516 μὲν
2663 2441 3007 2511 παραχρῆμα
3050 2436 3143 2489 τὸν
3185 2433 3398 2489 Παῦλον
3447 2430 3585 2504 μετά
3616 2431 3769 2484 δυαῐν

2188 2538 2504 2597 ἐπισκόπων
2533 2534 2750 2603 καὶτῆς
2773 2530 2939 2599 ἄλλης
2964 2527 3130 2598 τιμῆς
3148 2566 3163 2590 ,
3196 2522 3489 2596 γράμμασί
3517 2539 3580 2576 τε
3600 2521 3769 2576 πάλιν

2189 2635 2305 2694 τοῖς
2346 2628 2571 2691 οἰκείοις
2614 2629 2643 2680 ὁ
2673 2625 2784 2678 τῶν
2822 2620 3095 2691 ἑσπερίων
3137 2616 3422 2689 βασιλεὺς,
3454 2614 3536 2668 ἔτι
3568 2629 3629 2666 τε
3669 2612 3770 2666 καὶ

2191 2727 2305 2788 τοῖς
2329 2721 2438 2777 ἀπὸ
2477 2720 2577 2789 τῆς
2618 2715 2836 2772 συνόδου
2881 2708 3273 2782 κατοχυρώσας
3305 2703 3626 2759 ἀποστέλλει
3671 2703 3774 2755 ἐπὶ

2193 2815 2291 2886 τὴν
2342 2810 2751 2867 Κωνσταντίνου
2811 2803 2988 2858 πόλιν.
3048 2800 3155 2855 Τοῦ
3205 2799 3264 2852 δὲ
3321 2796 3640 2851 ’Δθανασίου
3684 2792 3775 2848 ἔτι

2196 2881 2660 2972 ὑποστελλομένου
2675 2938 2691 2961 ,
2745 2896 2843 2951 καὶ
2903 2890 3339 2965 ἀμφιὸἀλλοντος
3399 2885 3576 2941 ἐλθεῖν
3631 2881 3779 2972 πρὸς

2194 2997 2357 3054 αὐτόν
2373 3013 2386 3025 .
2417 2970 2707 3064 ηὐλασεττο
2721 2985 2830 3057 γὰρ
2843 2982 2941 3047 τὰς
2955 2980 3064 3035 τῶν
3075 2975 3424 3049 συκοφαντῶν
3441 2970 3774 3064 σκευωρίας

2198 3092 2227 3145 ὁ
2261 3059 2511 3160 βασιλεὺς
2531 3082 2634 3153 τῆς
2674 3077 2850 3150 mea;
2886 3074 3052 3131 αὐτὸν
3082 3073 3182 3143 οὐχ
3218 3068 3366 3135 suae
3409 3064 3604 3160 μόνον,
3635 3059 3779 3160 ἀλλά

521 3193 653 3241 tene
695 3186 867 3256 ipsius
910 3185 1229 3250 ostendunt,
1264 3198 1387 3254 qua
1426 3198 1494 3238 ex
1521 3181 1719 3238 Latino
1755 3194 2012 3237 sermone
2044 3179 2099 3234 in

2205 3150 2302 3237 κέλ
2328 3179 2408 3242 δὶς
2444 3176 2540 3231 καὶ
2583 3150 2703 3244 έρῖς
2743 3168 2931 3224 ἐκάλει
2975 3166 3109 3236 παρ’
3149 3161 3342 3218 ἑαυτόν
3366 3176 3381 3190 ’
3417 3158 3493 3220 ὡς
3531 3153 3602 3209 τά
3640 3150 3776 3256 παρ’

519 3274 773 3337 Graecum
797 3291 1078 3332 conversa:
1099 3275 1181 3335 sic
1208 3275 1416 3330 habent
1444 3291 1458 3327 :

773 3469 1014 3541 Epistola
1051 3469 1345 3526 Constantii
1381 3468 1452 3523 ad
1486 3466 1856 3522 Athanasium.

705 3562 1066 3628 Constantius,
1106 3560 1297 3642 Victor,
1325 3559 1611 3629 Augustus,
1639 3554 1928 3613 Athanasio

1159 3661 1169 3674 -
1193 3645 1451 3701 episcopo.

591 3723 794 3780 lactari
856 3729 911 3777 te
956 3720 1170 3778 diutius
1224 3720 1519 3791 vexarique
1578 3716 1893 3774 saavissimis
1940 3712 2109 3769 maris

532 3815 813 3880 fluctibus,
860 3812 1170 3869 clementiae
1203 3820 1405 3867 nostra:
1441 3809 1756 3865 humanitas
1797 3823 1909 3863 non
1953 3805 2106 3861 sinit.

531 3910 719 3965 Necte
745 3906 928 3977 patrio
953 3905 1068 3961 lare
1092 3905 1379 3969 nudatum,
1419 3902 1686 3973 bonisque
1717 3886 2030 3971 spoliatum,
2054 3904 2112 3952 et

538 4001 592 4054 in
623 4000 859 4055 desertis
890 4007 1055 4071 atque
1093 3996 1257 4051 inviis
1304 3995 1651 4049 oberranlem
1691 3991 1829 4050 locis
1862 3986 2113 4067 despexit

536 4092 807 4152 indefessa
855 4091 1032 4161 pietas
1078 4095 1282 4144 nostra.
1323 4087 1391 4151 Et
1441 4085 1695 4156 quamvis
1733 4081 1935 4139 mentis
1975 4095 2112 4135 meae

536 4184 877 4254 propositum
906 4183 1064 4251 uo
1091 4181 1159 4236 ad
1191 4187 1243 4235 te
1265 4178 1508 4235 scribere
1537 4176 1748 4231 diutius
1776 4172 2110 4236 distulerim,

536 4285 861 4345 chpectans
881 4273 1011 4328 dum
1051 4272 1167 4343 ipse
1205 4280 1298 4326 tua
1332 4277 1526 4341 sponte
1558 4268 1627 4323 ad
1658 4281 1759 4322 nos
1778 4265 2017 4328 venires,
2056 4270 2115 4317 et

539 4381 912 4424 :erumnarum
948 4373 1167 4423 tuarum
1197 4364 1500 4425 remedium
1534 4361 1871 4432 postulares:
1907 4366 2109 4420 tamen,

541 4457 670 4527 quia
692 4453 994 4511 voluntatis
1024 4461 1129 4507 tuae
1159 4452 1504 4522 propositum
1541 4451 1773 4509 fortasse
1800 4454 1980 4501 metus
2009 4444 2115 4499 im-

2201 3268 2366 3326 αὐτοῦ
2387 3266 2692 3338 γράμματα
2731 3258 2999 3326 δεικνύει,
3028 3256 3177 3327 ἅπερ
3210 3255 3275 3307 ὲκ
3314 3254 3415 3319 τῆς
3460 3245 3781 3338 Ῥωμαῖκῆς

2205 3335 2612 3428 μταὸληθέντα
2647 3347 2899 3419 γλώσσης
2918 3384 2935 3410 ,
2963 3343 3152 3397 τοῦτον
3182 3341 3295 3413 ἔχει
3324 3338 3418 3392 τὸν
3458 3335 3660 3406 τρόπον
3681 3345 3704 3365 ⁶

2296 3461 2616 3530 Ἐπιστολὴ
2657 3458 3079 3517 Κωνσταντίου
3123 3451 3275 3523 πρὸς
3324 3449 3696 3506 Ἀθανὰσισν.

2205 3556 2652 3621 Κωνστὰντιος,
2698 3546 3413 3683 Νικιέἓῖρὲἑόῇῗῖουστος,
3457 3535 3788 3603 Ἀθανασιφ

2291 3719 2417 3775 Ἐπὶ
2444 3716 2580 3770 πολύ
2611 3698 2670 3769 σε
2703 3707 3126 3776 κλυδωνίζεσθαι
3161 3703 3273 3776 (56)
3301 3703 3395 3757 καὶ
3422 3694 3789 3773 χειμάζεσθαι

2208 3814 2320 3876 τοῖς
2367 3811 2467 3881 τῆς
2522 3808 2798 3878 θαλάσσης
2839 3802 3043 3874 ὁμοίως
3093 3798 3333 3870 κύμασιν
3384 3792 3631 3864 ἀγρίοις,
3678 3788 3792 3881 aint

2210 3879 2433 3974 ἀφῆκεν
2464 3904 2498 3973 ἠ
2545 3900 2647 3970 τῆς
2673 3895 2949 3969 ἡμετέρας
2990 3890 3333 3964 ἡμερότητος
3380 3879 3790 3974 φιλανθρωπία.

2210 3971 2573 4066 Γυμνωθέντα
2598 4007 2659 4044 σε
2681 3990 2783 4060 τῆς
2806 3984 3066 4058 πατρῴας
3092 3982 3306 4045 ἑστίας,
3334 3978 3429 4033 καὶ
3451 3971 3793 4066 στερηθέντα

2211 4062 2320 4140 τῶν
2356 4082 2521 4149 ἰδίων,
2557 4081 2656 4136 καὶ
2686 4078 3040 4149 πλανώμενον
3070 4076 3129 4129 ἐν
3162 4070 3483 4143 θηριώδεσιν
3513 4062 3789 4125 ἀνοδίαις,

2211 4179 2271 4231 οὐ
2297 4175 2553 4247 παρεῖδεν
2589 4176 2625 4243 ἠ
2654 4173 2939 4243 ἀκάματος
2973 4167 3133 4239 ἡμῶν
3165 4163 3439 4219 εὐσέϐεια.
3469 4159 3533 4212 Εἰ
3569 4156 3665 4209 καὶ
3686 4171 3795 4209 ται

2217 4246 2454 4339 μάλιστα
2485 4264 2717 4325 ἐπιπολὺ
2763 4259 3110 4333 ὑπερεθέμην
3150 4255 3359 4326 γράψαι
3402 4251 3499 4324 τὴν
3529 4246 3795 4320 πρόθεσιν

2215 4362 2313 4430 τῆς
2337 4357 2478 4429 ὲμῆς
2513 4354 2784 4417 διανοίας,
2816 4349 3131 4423 προσδοκῶν
3163 4343 3484 4418 αὐθαίρετόν
3512 4358 3572 4394 σε
3604 4354 3797 4430 παρα-

2216 4429 2470 4519 γενέσθαι
2498 4447 2636 4519 πρὸς
2665 4447 2842 4519 ἡμᾶς,
2865 4445 2958 4505 καὶ
2985 4441 3092 4496 τῶν
3127 4439 3391 4510 καμάτων
3420 4434 3592 4492 αἰτεῖν
3625 4429 3797 4500 θεραο

541 4520 736 4618 pediit,
765 4545 976 4600 ideirco
1021 4520 1236 4597 litteras
1265 4520 1629 4610 indulgentiae
1667 4535 2012 4607 plenissimas
2048 4548 2099 4586 ac

2224 4540 2384 4593 πείαν
2408 4556 2420 4569 ·
2463 4538 2613 4608 ὅμως
2652 4534 2843 4605 ἐπειδὴ
2888 4533 3017 4596 ἴσως
3057 4532 3086 4584 ὁ
3129 4529 3292 4600 φόὸος
3328 4525 3426 4602 τὴν
3471 4520 3806 4618 προαίρεσιν

542 4639 867 4709 gravitatem
912 4643 1059 4693 tuam
1088 4634 1359 4697 misimus,
1392 4640 1453 4686 ut
1485 4630 1691 4699 absque
1733 4634 1883 4681 metu
1920 4623 2099 4680 nostri:

2215 4632 2315 4702 τῆς
2340 4630 2438 4700 σῆς
2467 4627 2777 4702 προθέσεως
2808 4622 3087 4689 ὲνεπόδιζε
3109 4663 3125 4688 ,
3144 4619 3392 4675 διατοῦτο
3423 4614 3630 4686 δωρεᾶς
3655 4610 3800 4709 πλαι-

545 4730 933 4802 conspectibus
960 4728 1307 4800 prazscntiam
1350 4736 1498 4783 tuam
1527 4722 1934 4795 quamprimum
1970 4717 2125 4774 exhi-

545 4823 677 4881 bere
710 4823 934 4877 festines
951 4862 967 4887 ,
991 4836 1101 4891 quo
1121 4820 1331 4876 scilicet
1353 4834 1577 4890 compos
1603 4826 1857 4872 votorum
1883 4824 2123 4878 tuorum,

2222 4723 2454 4792 ρέστατα
2504 4719 2811 4791 γράμματα
2864 4717 3000 4788 πρὸς
3052 4714 3150 4786 τὴν
3196 4712 3295 4783 σὴν
3345 4706 3681 4778 στερρότητα
3713 4702 3803 4756 δι-

2219 4811 2616 4882 επεμψάμεθα·
2646 4811 2734 4864 ἴνα
2762 4807 2980 4878 ἀφόϐως
3017 4807 3136 4867 ταῖς
3170 4801 3465 4875 ἡμετέραις
3493 4793 3805 4866 προσόψεσι

544 4923 602 4976 et
651 4882 1045 4975 humanitatem
1093 4920 1339 4971 nostram
1386 4882 1682 4989 expertus,
1735 4907 1846 4962 tuis
1899 4905 2096 4961 sedibu

2220 4905 2441 4973 ταχεῖαν
2461 4901 2562 4973 τὴν
2584 4897 2782 4953 σαυτοῦ
2806 4895 3111 4968 παρουσίαν
3134 4890 3440 4962 παρασχεῖν
3460 4882 3803 4956 σπουδάσεις,

1753 5084 2024 5141 VALESll
2064 5082 2612 5143 ANNOTATIONES.

552 5231 712 5286 quam
729 5214 819 5286 hie
842 5211 1009 5286 refert
1030 5210 1303 5286 Soerates,
1330 5206 1513 5286 dubias
1544 5205 1668 5286 ﬁdei
1698 5203 1838 5286 _mihi
1866 5202 2120 5286 videtur:

552 5273 676 5343 nam
702 5295 759 5338 et
787 5282 1115 5338 Athanasius
1138 5280 1341 5334 nullam
1372 5277 1491 5346 ejus
1516 5275 1762 5347 epistola:
1792 5273 2125 5347 mentionem

556 5357 721 5417 facit,
757 5364 814 5408 et
849 5367 1047 5407 nomen
1074 5350 1249 5413 Pauli,
1279 5344 1428 5418 quod
1476 5344 1645 5418 inea
1691 5351 1889 5418 exstat,
1927 5344 2126 5418 merito

553 5413 863 5495 Suspcclam
923 5413 1446 5495 redditepistolam.
1497 5414 1877 5495 Papiusenim
1909 5413 2126 5495 episco-

554 5482 681 5578 patu
707 5510 816 5578 suo
846 5500 975 5545 tunc
1020 5482 1366 5578 potiebatur;
1397 5503 1513 5578 Inec
1556 5483 1881 5578 Serdicensi‘
1919 5482 2126 5578 synodo

556 5557 836 5627 interfuit,
861 5557 1040 5630 neque
1072 5561 1192 5629 ejus
1222 5557 1763 5630 decretorestitutus
1803 5561 1906 5616 est,
1930 5561 1993 5630 _ut
2030 5568 2124 5630 su_-

554 5635 743 5707 perius
784 5621 1384 5707 dentonstravi.“Quare
1430 5627 1475 5681 si
1522 5627 1636 5679 haec
1662 5623 1975 5707 Constantis
2007 5621 2124 5707 epi-

558 5692 697 5762 Istola
722 5720 850 5758 vera
889 5713 992 5765 est,
1027 5708 1151 5755 ante
1182 5692 1561 5754 Sérdicensem
1602 5693 1870 5765 synodum
1919 5692 2123 5765 scripta

559 5760 726 5829 fuerit
751 5760 989 5829 necesse
1013 5779 1113 5828 est.
1147 5768 1392 5845 Denique
1426 5767 1586 5837 epist.
1633 5760 1662 5817 l
1713 5760 2120 5825 Constantii‘ad

2226 5190 2607 5259 Athanasium,
2643 5211 2818 5266 quam,
2835 5208 2960 5266 mox
2989 5191 3155 5266 refert
3179 5190 3453 5266 Socrates,
3478 5186 3617 5266 hanc
3646 5182 3805 5266 (ξοιι-

2228 5254 2726 5340 ἐῌῆιῖεὲρίεῑοὶᾷηι
2753 5264 2879 5340 falsi
2903 5262 3198 5318 convincit.
3348 5258 3494 5312 enim
3521 5254 3807 5340 Constant

2222 5344 2333 5403 tius
2376 5356 2436 5396 se
2477 5329 2684 5393 litteris
2732 5333 2800 5389 ad
2854 5332 3079 5403 fratrem
3136 5329 3358 5398 scriptis
3417 5339 3677 5403 rogasse,
3736 5331 3811 5377 ut

2227 5397 2527 5473 Athanasio
2551 5407 2617 5461 ad
2640 5421 2736 5460 sua
2764 5402 3030 5459 redeundi
3057 5396 3377 5473 potestatem
3405 5396 3580 5473 daret.

2297 5463 2580 5549 (SOY'EWI
2626 5475 2786 5549 θεολύ
2846 5490 2918 5527 σε
2955 5463 3432 5549 κλῇδῳνίζὲσςξαι.
3490 5463 3817 5549 llaec-(Pon—

2228 5533 2413 5605 stantii
2444 5547 2674 5619 epistola
2706 5559 2813 5619 una
2858 5558 2981 5619 cum
3010 5541 3236 5619 duabus
3265 5536 3387 5616 aliis
3416 5533 3806 5619 sequentibus,

2228 5602 2598 5675 mataras
2645 5613 2942 5676 Athanasio
3008 5613 3064 5668 in
3132 5606 3454 5667 Defensione
3496 5602 3754 5664 secunda
3787 5640 3810 5671 ι

2229 5706 2349 5761 pag.
2387 5690 2509 5746 769.

2972 5872 3114 5890 ._.,....
