4026 6338
305 332 410 390 255

1279 349 1603 410 HISTORIA
1638 353 2190 414 ECCLESIASTICA.
2228 389 2297 399 —
2338 359 2470 415 LIB.
2514 360 2578 415 il.

3436 380 3544 438 Ἑῑό

299 456 467 510 πολλὰ
509 458 824 530 πειρασθείς
874 459 1024 532 (6i),
1063 461 1162 535 τήν
1221 466 1528 538 σκευωρίαν
1553 468 1734 522 πᾶσαν
1764 469 1850 540 τῆς

1963 484 2192 529 cunctas
2234 475 2452 533 Arianae
2492 479 2764 535 haereseos
2801 479 3026 538 insidias
3060 486 3434 557 conculcavit;
3477 509 3542 548 ac

311 547 592 618 ’Δρειανῆς
638 549 903 622 αἱρέσεως
940 553 1285 624 κατεπάτησε
1307 595 1325 620 ,
1355 557 1452 610 καὶ
1489 557 1748 622 πολλάκις
1776 557 1865 611 διὰ

298 638 492 706 φθόνον
520 641 615 693 καὶ
641 641 721 704 είς
752 640 995 696 κίνδυνον
1025 643 1460 711 ἐπιϐουλευθεὶς,
1495 649 1863 719 κατεφρόνησε

295 728 528 782 θανάτου
550 770 564 794 ,
590 731 994 802 φρουρούμενος
1013 733 1118 786 ὑπὸ
1139 733 1233 787 τοῦ
1253 737 1692 808 παντοκράτορος
1708 737 1863 803 Θεοῦ,

293 821 386 874 καὶ
426 821 521 874 τοῦ
553 825 754 893 Κυρίου
786 825 945 894 ήμῶν
987 825 1160 897 Ἰησοῦ
1189 827 1426 898 Χριστοῦ
1447 845 1462 860 ο
1489 828 1727 892 ἐλπίζων
1748 827 1863 898 ἅμα

292 914 386 966 καὶ
429 913 531 977 τὰς
576 914 868 980 ἐπιϐουλάς
912 917 1213 982 ἐκκλίνειν,
1263 918 1358 972 καὶ
1412 919 1863 990 άποκατασταθή-

290 1003 480 1056 σεσθαι
506 1005 645 1075 πρὸς
671 1006 941 1077 ὑμετέραν
974 1009 1320 1080 παράκλησιν
1337 1051 1353 1076 ,
1380 1011 1560 1081 φέρων
1590 1009 1719 1081 ὑμῖν
1746 1009 1864 1081 ἅμα

287 1092 353 1145 ἐκ
379 1093 480 1163 τῆς
512 1093 784 1164 ὑμετέρας
838 1097 1200 1169 συνειδήσεως
1247 1099 1469 1169 μείζονα
1495 1098 1564 1152 τὰ
1604 1099 1859 1168 τρόπαια.

299 1187 391 1240 Ἐν
418 1182 501 1251 οἷς
544 1189 641 1243 καὶ
683 1189 812 1260 άχρι
837 1191 1122 1261 τερμάτων
1163 1194 1343 1264 πάσης
1385 1193 1483 1263 τῆς
1517 1193 1622 1264 γῆς
1655 1192 1864 1259 ἔνδοξος

285 1277 537 1349 ἐγνώσθη
559 1317 574 1343 ,
602 1279 952 1350 δοκιμασθεὶς
988 1282 1054 1335 ἐκ
1093 1282 1188 1336 τοῦ
1218 1283 1333 1352 βίου
1353 1323 1369 1347 ,
1403 1285 1860 1356 παρρησιασάμε-

284 1386 378 1433 νος
417 1370 520 1438 μὲν
569 1373 635 1442 τῇ
683 1371 940 1441 προθέσει
991 1372 1084 1428 καὶ
1134 1375 1201 1445 τῇ
1225 1373 1453 1446 οὐρανίᾳ
1499 1374 1856 1445 διδασκαλίαν

285 1461 628 1532 ἀποδειχθεὶς
670 1463 728 1516 δὲ
771 1463 1024 1535 ἀθανάτῳ
1062 1465 1240 1536 κρίσει
1275 1467 1402 1538 παρ’
1443 1466 1596 1536 ὑμῶν
1634 1465 1860 1535 ἀγαπώ-

285 1571 472 1622 μενος.
518 1554 908 1628 Ἐπανέρχεται
936 1555 1222 1627 τοιγαροῦν
1248 1555 1382 1627 πρὸς
1412 1555 1586 1627 ὑμᾶς,
1621 1555 1860 1626 λαμπρό-

279 1658 441 1712 τερος
469 1642 566 1696 νῦν
595 1645 627 1714 ἢ
653 1648 742 1698 ὅτε
783 1645 914 1718 παρ’
945 1647 1099 1716 ὑμῶν
1125 1645 1494 1718 ἀπεδήμησεν.
1531 1641 1594 1700 Et
1623 1647 1732 1718 γάρ
1762 1647 1858 1700 καὶ

275 1733 380 1798 τὰς
407 1733 597 1805 τιμίας
625 1735 786 1798 ὔλας,
819 1735 1018 1806 χρυσὸν
1045 1736 1110 1807 δή
1149 1736 1293 1805 λέγω
1332 1738 1426 1791 καὶ
1467 1739 1740 1810 ἄργυρον,
1774 1743 1855 1805 είς

276 1823 632 1896 καθαρότητα
659 1825 721 1878 τὺ
755 1826 868 1899 πῦρ
911 1827 1230 1898 δοκιμάζει,
1255 1828 1308 1882 τί
1336 1829 1402 1883 ἄν
1432 1847 1513 1893 τις
1558 1829 1704 1883 εἴποι
1733 1832 1854 1885 κατ’
1888 1816 1928 1872 Β

272 1915 440 1981 ἀξίαν
482 1915 579 1969 τοῦ
620 1918 875 1970 τοσούτου
925 1919 1119 1989 ἀνδρὸς
1141 1959 1157 1983 ,
1202 1917 1260 1982 ὃς
1311 1919 1584 1973 τοσούτων
1623 1919 1855 1989 θλίψεων

273 2009 462 2080 πυράν
482 2049 496 2072 ,
527 2009 623 2062 καὶ
657 2009 944 2074 τοσούτους
975 2009 1251 2074 κινδύνους
1281 2011 1393 2081 (63)
1423 2014 1684 2082 νικήσας,
1713 2014 1851 2068 άπο-

269 2099 482 2155 δίδοται
506 2101 601 2155 νῦν
647 2102 774 2171 ὑμῖν
805 2101 1014 2166 ἀθῶος,
1061 2102 1124 2156 οὐ
1154 2103 1284 2170 παρ’
1305 2102 1462 2173 ήμῶν
1493 2105 1686 2174 μόνον,
1717 2105 1855 2159 ἀλλὰ

271 2193 374 2246 καὶ
408 2194 543 2265 παρ’
560 2193 780 2264 άπάσης
801 2193 898 2262 τῆς
928 2193 1146 2246 συνόδου
1171 2183 1485 2268 ἀποδεχθείς
1508 2194 1652 2265 (64);
1692 2197 1854 2249 ’Υποά

268 2283 505 2349 δέξασθε
532 2283 743 2348 τοίνυν,
780 2284 1056 2354 ἀγαπητοὶ
1092 2284 1346 2354 ἀδελφοὶ,
1383 2289 1521 2357 μετὰ
1548 2291 1726 2360 πάσης
1753 2291 1852 2360 τῆς

268 2373 421 2426 κατὰ
448 2373 584 2427 Θεὸν
621 2373 782 2444 δόξης
807 2391 864 2428 τε
902 2375 1000 2428 καὶ
1030 2377 1204 2446 χαρᾶς
1231 2376 1322 2430 τὸν
1367 2378 1664 2433 ἐπίσκοπον
1693 2382 1852 2452 ὑμῶν

281 2465 610 2520 Ἀθανάσιον
627 2507 644 2532 ,
669 2468 807 2537 μετὰ
831 2467 1032 2521 τούτων
1075 2469 1271 2533 οἵτινες
1292 2470 1408 2542 (65)¹
1437 2471 1617 2524 αὐτῶν
1657 2489 1851 2526 κοινω-

266 2556 355 2607 νοὶ
389 2554 670 2624 γεγόνασι.
701 2556 810 2608 Καὶ
843 2555 1097 2626 χαίρετε,
1127 2557 1234 2611 τῶν
1257 2559 1431 2628 εὐχῶν
1452 2560 1848 2628 ἀπολαύοντες,

266 2647 318 2701 οῖ
353 2645 449 2699 τὸν
484 2647 721 2717 ποιμένα
768 2648 859 2701 τὸν
903 2647 1169 2720 ὑμέτερον
1189 2689 1204 2711 ,
1235 2649 1300 2703 ἶν’
1331 2646 1505 2714 οὕτως
1544 2650 1720 2718 εἴπω,
1753 2669 1852 2705 πο-

267 2738 472 2792 θοῦντα.
494 2739 590 2792 καὶ
610 2739 852 2808 διψῶντα
875 2740 974 2811 τὴν
1014 2740 1288 2811 ὑμετέραν
1313 2741 1652 2806 θεοσέϐειαν,
1677 2760 1843 2813 σωτηο

267 2832 411 2902 ρίοις
450 2833 692 2902 γραφαῖς
732 2831 998 2903 ἐθρέψατέ
1025 2849 1085 2885 τε
1125 2827 1219 2886 καὶ
1248 2833 1556 2890 ὲποτίσατε.
1600 2835 1711 2887 Καὶ
1740 2834 1852 2904 γὰρ

265 2926 367 2977 καὶ
414 2925 515 2994 τῆς
557 2924 651 2977 ἐπὶ
692 2922 848 2993 ξένης
899 2922 1062 2977 αὐτοῦ
1106 2923 1427 2994 διατριϐῆς,
1474 2925 1632 2994 ὑμεῖς
1667 2943 1846 2996 παρα-

266 3012 444 3082 μυθία
491 3012 754 3079 γεγόνατε
774 3027 789 3042 ·
841 3012 936 3066 καὶ
988 3011 1315 3082 διωκόμενον
1359 3013 1454 3065 καὶ⁵
1500 3012 1848 3066 ἐπιϐουλευό-

267 3119 434 3179 μενον
468 3106 737 3176 ἐθάλψατε
764 3107 884 3168 ταῖς
906 3105 1257 3168 πιστοτάταις
1295 3103 1505 3159 ἐαυτῶν
1532 3105 1731 3177 ψυχαῖς
1753 3105 1847 3160 καὶ

262 3199 556 3262 διανοίαις.
601 3198 733 3268 Ἐμὲ
771 3197 828 3252 δέ
867 3197 969 3268 ἢδη
1011 3196 1328 3268 εὐφραίνει,
1365 3195 1719 3267 ἐννοούμενον
1751 3196 1847 3249 καὶ

263 3293 594 3364 προορῶντα
611 3291 688 3363 τῷ
702 3289 947 3362 λογισμῷ
963 3331 976 3354 ,
998 3289 1098 3361 τὴν
1119 3290 1210 3342 ἐπὶ
1230 3291 1294 3360 τῇ
1343 3289 1587 3359 ἐπανόδῳ
1617 3287 1848 3347 ἑκάστου

261 3384 421 3454 ὑμῶν
475 3384 687 3454 χαρὰν,
715 3383 811 3436 καὶ
851 3381 947 3436 τοῦ
997 3372 1235 3452 πλήθους
1281 3382 1379 3446 τὰς
1425 3382 1850 3445 θεοσεϐεστάτας

261 3475 640 3544 ἀπαντήσεις,
686 3473 782 3526 καὶ
839 3474 940 3544 τὴν
1002 3473 1214 3538 ἔνδοξον
1271 3473 1381 3525 τῶν
1444 3473 1849 3543 συντρεχόντων

261 3565 495 3636 ἑορτὴν,
520 3565 617 3619 καὶ
642 3564 725 3628 τίς
751 3561 934 3634 ἐκείνη
960 3565 995 3635 ή
1027 3564 1209 3635 ἡμέρα
1237 3563 1367 3634 ὑμῖν
1393 3557 1487 3618 καὶ
1507 3564 1636 3617 ποία
1659 3563 1844 3630 ἔσται,

259 3655 706 3727 ἐπανερχομένου
753 3655 851 3726 μὲν
886 3654 980 3709 τοῦ
1026 3654 1258 3725 ἀδελφοῦ
1301 3670 1438 3726 μου⁸
1476 3656 1848 3727 παυσαμένων

258 3747 320 3799 δὲ
356 3745 472 3799 τῶν
518 3745 970 3817 προγενομένων,
1022 3746 1118 3800 καὶ⁵
1161 3739 1260 3816 τῆς
1305 3749 1678 3819 πολυτιμήτου
1725 3742 1848 3800 κατ’

258 3838 435 3908 εὐχὴν
481 3837 772 3902 ἐπανόδου,
803 3839 883 3900 εἰς
921 3837 1263 3908 εὐφροσύνην
1304 3838 1424 3892 τινὰ
1468 3839 1847 3909 πληρεστάτης

259 3929 442 3999 χαρᾶς
473 3927 849 3998 συναπτούσης
894 3929 1022 3992 τοὺς
1063 3929 1291 3992 πάντας.
1340 3929 1404 3981 Ἦ
1441 3928 1664 3998 τοιαύτη
1700 3928 1845 3999 χαρά

259 4022 410 4076 κατὰ
450 4020 515 4074 τὸ
546 4021 806 4091 μέγιστον
851 4021 1048 4093 μέχρις
1082 4020 1242 4092 ήμῶν
1279 4021 1508 4090 φθάνει,
1547 4017 1630 4084 οἷς
1660 4021 1845 4076 θεόθεν

259 4113 363 4165 καὶ
407 4111 567 4165 τοῦτο
626 4113 1082 4183 συγκεχωρῆσθαι
1140 4111 1505 4182 συνέστηκεν,
1563 4114 1714 4190 ρπως
1763 4115 1844 4177 εἰς

258 4205 472 4272 γνῶσιν
522 4203 619 4258 τοῦ
665 4205 984 4276 τηλικούτου
1029 4205 1225 4276 ἀνδρὸς
1271 4207 1448 4260 ἐλθεῖν
1500 4207 1839 4277 δυνηθῶμεν.

257 4296 359 4360 Et;
403 4295 568 4367 εὐχὴν
605 4292 699 4351 οὖν
744 4298 844 4368 τὴν
880 4297 1170 4370 ἐπιστολήν
1215 4299 1502 4353 τελειῶσαι
1554 4300 1738 4354 καλόν.
1782 4301 1843 4354 '0

257 4387 396 4452 Θεὸς
428 4389 459 4441 ό
504 4389 901 4462 παντοκράτωρ
945 4387 1040 4444 καὶ
1071 4390 1262 4444 τούτου
1293 4391 1421 4454 Υἱὸς
1448 4392 1478 4444 ὁ
1509 4391 1842 4464 Κύριοςκαὶ

1968 581 2111 635 stupe
2139 583 2238 636 per
2280 569 2541 628 invidiam
2580 574 2910 644 fraudesque
2950 576 3298 634 inimicorum
3336 582 3391 636 iu
3420 585 3546 641 vita

1965 653 2261 711 discrimen
2296 655 2593 727 adductus,
2629 672 2860 718 mortem
2894 668 3252 737 contempsit,
3293 673 3545 742 omnipo-

1966 746 2132 800 tentis
2169 748 2264 803 Dei
2299 756 2354 804 et
2391 750 2520 806 Jesu
2561 753 2762 808 Christi
2806 754 3022 809 Domini
3067 759 3242 812 nostri
3288 762 3542 830 praesidio

1965 837 2211 893 munitus
2237 857 2249 867 ο
2277 841 2559 898 conlidens
2581 843 2828 898 futurum
2849 854 2909 899 ut
2937 862 3046 901 non
3077 849 3253 903 solum
3285 851 3540 908 inimico-

1965 941 2086 981 rum
2116 927 2342 986 insidias
2365 932 2652 1005 eﬂ'ugeret,
2683 950 2876 990 verum
2925 937 3092 992 etiam
3121 939 3278 993 vobis
3314 941 3380 994 ad
3410 958 3542 997 con-

1961 1019 2285 1076 solationem
2305 1032 2546 1078 vestram
2579 1026 2992 1094 restitueretur,
3023 1030 3229 1100 majora
3254 1031 3538 1087 vobiscum

1963 1118 2164 1180 tropaea
2203 1113 2448 1169 referens
2485 1125 2554 1170 ex
2594 1120 2928 1174 conscientia
2974 1130 3122 1174 recte
3147 1119 3434 1176 factorum.
3461 1124 3539 1179 Es

1961 1201 2162 1272 quibus
2189 1203 2257 1256 ad
2286 1209 2563 1261 extremos
2602 1223 2776 1277 usque
2808 1216 3078 1263 terrarum
3110 1209 3245 1266 lines
3267 1213 3540 1282 gloriosus

1962 1291 2221 1357 innotuit,
2244 1293 2316 1348 ob
2337 1293 2459 1347 vita:
2485 1294 2850 1366 integritatem
2867 1298 3152 1367 probatus,
3180 1301 3310 1355 etin
3336 1317 3536 1374 propo-

1958 1382 2067 1440 sito
2091 1383 2314 1454 quidem
2351 1385 2521 1440 animi
2545 1386 2629 1441 sui
2655 1388 2976 1459 caelestique
2999 1391 3248 1446 doctrina
3282 1394 3536 1450 fiduciam

1958 1490 2155 1544 gerens
2191 1493 2205 1529 :
2232 1484 2417 1531 vestro
2440 1484 2623 1531 autem
2647 1478 2916 1532 constanti
2959 1494 3023 1533 ac
3045 1461 3309 1551 pcrpetuo
3325 1485 3538 1555 judicio

1956 1566 2191 1621 dilectus
2215 1575 2376 1636 atque
2397 1566 2698 1622 adamatus.
2733 1568 3038 1640 Reditergo
3067 1571 3156 1626 ille
3183 1588 3329 1629 nunc
3354 1576 3420 1629 ad
3440 1591 3539 1631 vos

1957 1655 2308 1724 splendidior,
2327 1672 2490 1726 quam
2507 1671 2631 1711 cum
2647 1672 2678 1711 a
2694 1657 2850 1714 vobis
2864 1658 3188 1716 discederet.
3203 1663 3336 1718 Nam
3349 1665 3391 1720 si
3408 1681 3534 1735 pre-

1959 1746 2096 1801 tiosa
2123 1747 2358 1813 metalla,
2377 1759 2572 1802 aurum
2589 1748 2714 1803 dico
2731 1757 2787 1804 et
2804 1760 3109 1821 argentum,
3130 1755 3270 1823 ignis
3292 1757 3538 1826 explorat

1957 1847 2019 1890 ac
2031 1843 2247 1906 purgat,
2272 1836 2405 1906 quid
2423 1837 2492 1891 de
2510 1844 2662 1891 tanto
2677 1838 2801 1892 viro
2814 1855 2915 1909 pro
2938 1840 3203 1911 dignitate
3220 1842 3326 1896 dici
3342 1845 3534 1913 possit,

1955 1927 2050 1998 qui
2088 1934 2168 1981 tot
2205 1927 2362 1982 malis
2398 1929 2769 1999 periculisque
2808 1932 3100 2001 superatis,
3139 1948 3287 1988 nunc
3317 1935 3535 1990 tandem

1955 2017 2111 2072 vobis
2154 2019 2496 2084 restituitur,
2540 2033 2648 2074 non
2693 2020 2868 2075 solum
2916 2031 3106 2078 nostro
3151 2024 3392 2094 judicio,
3437 2025 3533 2080 sed

1953 2109 2118 2163 etiam
2161 2109 2431 2164 universa:
2468 2109 2659 2180 synodi
2690 2111 2964 2165 sententia
2999 2113 3262 2169 innocens
3293 2115 3534 2170 declara-

1955 2199 2083 2254 tus?
2111 2199 2397 2266 Quocirca,
2427 2200 2625 2256 fratres
2649 2201 2978 2267 charissimi,
3011 2219 3134 2259 cum
3159 2207 3307 2260 omni
3335 2221 3532 2261 secun-

1952 2292 2084 2347 dum
2119 2294 2289 2347 Deum
2315 2294 2486 2364 gloria
2514 2303 2677 2364 atque
2711 2294 2896 2350 lzetitia
2928 2297 3188 2367 suscipite
3214 2299 3530 2368 episcopum

1951 2390 2196 2437 vestrum
2243 2384 2632 2450 Athanasium,
2686 2397 2743 2440 et
2800 2398 2906 2442 una
2970 2403 3094 2442 cum
3142 2403 3210 2443 eo
3265 2397 3535 2459 quotquot

1949 2491 2318 2531 mrumnarum
2347 2477 2492 2531 illius
2521 2477 2655 2532 socii
2682 2493 2746 2532 ac
2774 2480 3069 2550 participes
3097 2481 3446 2536 exstiterunt.
3464 2483 3534 2536 Et

1950 2575 2205 2622 votorum
2253 2577 2566 2623 vestrorum
2616 2578 2895 2640 compotes
2942 2571 3070 2626 facti
3121 2573 3390 2643 gaudete,
3435 2574 3530 2643 qui

1949 2667 2223 2728 pastorem
2257 2669 2499 2714 vestrum
2527 2661 2884 2727 esurientem,
2929 2671 2990 2716 ut
3021 2664 3093 2717 ita
3138 2664 3338 2729 dicam,
3364 2673 3530 2734 atque

1948 2750 2224 2806 sitientem
2281 2752 2540 2822 pietatem
2593 2763 2861 2818 vestram,
2914 2755 3248 2810 salutaribus
3308 2757 3532 2828 scriptis

1948 2841 2161 2896 aluistis
2181 2850 2343 2912 atque
2368 2845 2617 2912 potastis.
2645 2843 2753 2900 Vos
2773 2846 2921 2898 enim
2948 2847 3024 2900 illi
3043 2847 3097 2900 in
3116 2847 3422 2917 peregrinis
3438 2864 3526 2903 re-

1947 2932 2203 3002 gionibus
2226 2933 2445 3003 degenti
2473 2935 2667 2988 solatio
2698 2935 2907 3001 fuistis;
2940 2952 3037 2991 vos
3071 2937 3223 2991 illum
3257 2954 3522 3008 persecu-

1947 3023 2192 3078 tionibus
2210 3031 2373 3093 atque
2399 3024 2616 3078 insidiis
2631 3026 2954 3094 appetitum,
2980 3026 3309 3083 fidelissimis
3329 3029 3528 3083 animis

1948 3113 2145 3168 vestris
2179 3125 2244 3168 ac
2278 3113 2554 3168 mentibus
2583 3114 2922 3169 coniovistis.
2957 3115 3069 3186 Ego
3105 3125 3255 3171 certe
3296 3133 3522 3188 magno-

1948 3211 2079 3273 pere
2113 3203 2391 3269 delector,
2421 3204 2552 3259 dum
2583 3205 2766 3275 cogito
2809 3215 2974 3276 atque
3014 3207 3198 3262 animo
3250 3210 3528 3279 prospicio

1949 3295 2384 3365 uniuscujusque
2417 3304 2661 3350 vestrum
2704 3297 2760 3351 in
2783 3298 2902 3368 ejus
2943 3298 3124 3353 reditu
3168 3299 3408 3354 ltetitiam
3429 3341 3446 3365 ,
3471 3309 3529 3356 et

1945 3386 2120 3456 plebis
2145 3386 2582 3456 religiosissimos
2603 3399 2886 3454 occursus,
2904 3399 2959 3445 et
2977 3392 3421 3446 convenientium
3437 3407 3528 3448 ce-

1945 3477 2154 3531 lebrem
2202 3477 2576 3542 festivitatem,
2623 3487 2678 3532 et
2720 3480 2845 3549 quis
2881 3480 3038 3536 vobis
3078 3481 3364 3552 qualisque
3403 3481 3524 3538 dies

1947 3569 2038 3623 ille
2071 3567 2290 3622 futurus
2323 3569 2395 3622 sit
2422 3608 2437 3632 ,
2467 3583 2591 3622 cum
2625 3568 2797 3624 frater
2833 3571 3057 3640 quidem
3092 3587 3248 3627 meus
3281 3581 3525 3628 reverte-

1948 3666 2065 3723 tur,
2096 3659 2372 3728 prteteritn
2395 3667 2580 3714 autem
2617 3660 2758 3715 mala
2789 3660 2954 3717 ﬁnem
2988 3662 3278 3734 accipient,
3311 3672 3367 3718 et
3397 3679 3525 3734 pre-

1947 3750 2119 3805 tiosus
2163 3759 2326 3820 atque
2363 3751 2622 3820 optabilis
2663 3751 2874 3807 reditus
2907 3752 2962 3807 in
2996 3753 3296 3823 plenissimi
3343 3755 3525 3825 gaudii

1945 3844 2226 3900 alacritate
2279 3853 2508 3900 cunctos
2555 3843 2855 3914 copulabit.
2912 3844 3026 3899 Hoc
3066 3861 3237 3915 porro
3267 3845 3523 3916 gaudium

1946 3935 2180 3990 maxima
2227 3951 2296 3990 ex
2347 3943 2503 4006 parte
2541 3934 2611 3989 ad
2653 3951 2753 3990 nos
2798 3952 2974 4006 usque
3019 3938 3295 4008 pertingit,
3326 3939 3526 4007 quibus

1944 4025 2210 4080 divinitus
2249 4040 2573 4080 concessum
2615 4039 2736 4080 esse
2774 4033 3008 4088 constat,
3039 4035 3098 4080 ut
3151 4025 3205 4080 in
3251 4028 3387 4081 tanti
3419 4025 3524 4082 viri

1946 4117 2197 4172 notitiam
2225 4117 2518 4187 pervenire
2547 4132 2851 4186 possemus.
2890 4117 3059 4170 Decet
3091 4118 3259 4186 igitur
3290 4125 3350 4172 ut
3381 4119 3524 4172 hanc

1945 4209 2230 4279 epistolam
2278 4209 2436 4279 113
2487 4215 2730 4262 nostram
2782 4206 3002 4261 claudat
3049 4208 3313 4278 precatio.
3380 4209 3526 4265 Deus

1944 4297 2334 4368 omnipotens,
2367 4306 2424 4353 et
2468 4298 2640 4353 Filius
2683 4299 2802 4368 ejus
2843 4297 3108 4353 Dominus
3151 4313 3216 4352 ac
3267 4298 3524 4358 Servator

1947 4402 2136 4447 noster
2175 4389 2334 4447 Iesus
2376 4389 2652 4456 Christus,
2680 4389 2823 4444 hanc
2864 4389 3092 4460 gratiam
3145 4390 3302 4444 vobis
3331 4405 3517 4460 perpe-

1459 4563 1728 4618 V'ALESII
1767 4561 2319 4619 ANNOTATIONES.

329 4692 444 4764 (οε)
471 4695 679 4764 nouus
720 4705 938 4762 πειρασ

257 4762 447 4818 inveni
475 4762 646 4834 πολλὰ
676 4764 1010 4834 χειμασθείς.
1037 4763 1214 4834 Atque
1267 4763 1340 4818 ita
1377 4763 1571 4833 legisse
1623 4762 1844 4817 videtur

260 4833 626 4904 Epiphanius,
657 4833 749 4902 qui
791 4834 871 4888 sic
907 4834 1074 4889 vertit
1107 4850 1120 4885 :
1150 4833 1470 4904 Frequenter
1513 4835 1653 4888 enim
1695 4843 1841 4887 terra

259 4903 813 4988 mriijue'pfurimum
843 4912 1092 4958 mtuam.

331 4973 444 5042 (63)
482 4974 588 5026 Καὶ
613 4975 945 5039 τοσούτους
997 4974 1338 5038 κινδύνους.
1372 4973 1430 5028 In
1461 4973 1650 5029 codice
1711 4973 1836 5029 Flo-

259 5044 483 5097 rentino
525 5052 584 5098 et
621 5042 897 5097 Sfortiano
952 5043 1108 5099 deest
1146 5045 1473 5098 vocabulum
1525 5044 1834 5107 τοσούτους.

256 5113 444 5167 Codex
481 5129 612 5168 vero
643 5113 842 5168 Leonis
887 5114 1069 5168 Allatii
1101 5115 1172 5168 ita
1197 5115 1462 5183 scriptum
1497 5115 1663 5170 habet
1689 5115 1838 5169 hunc

259 5184 441 5238 locum
475 5201 487 5235 :
519 5183 698 5254 sitia
719 5183 980 5254 κινδύνων
1011 5185 1278 5238 τοσούτων
1307 5186 1399 5236 καὶ
1432 5185 1661 5254 θλίψεων
1687 5185 1834 5254 νική-

259 5269 380 5316 σας,
415 5263 523 5308 etc.
561 5252 667 5308 Sed
719 5253 965 5323 priorum
997 5256 1248 5309 codicum
1304 5252 1592 5309 lectionem
1629 5252 1830 5309 confir-

258 5333 371 5377 mat
419 5323 760 5394 Epiphanius
819 5323 1206 5387 Scbolasticus,
1247 5325 1340 5392 qui
1395 5325 1472 5379 sic
1521 5323 1834 5388 vertittQui

257 5408 378 5445 cum
410 5393 589 5448 tantus
623 5394 987 5448 tribulationes
1011 5405 1059 5447 et
1093 5393 1325 5464 pericula
1358 5394 1622 5460 devicerit,
1663 5394 1834 5450 reddi-

257 5470 346 5514 tur
377 5481 514 5517 nunc
543 5465 684 5518 vobis
713 5464 1107 5518 immaculatus.

330 5531 598 5604 (_6-i)!]ap’
629 5534 877 5599 ἀπάσης
908 5533 1014 5600 τῆς
1058 5533 1321 5587 συνόδου
1370 5535 1738 5604 ἁποὸεχθείς.
1777 5535 1834 5589 In

259 5601 445 5674 codice
477 5601 682 5658 Leonis
719 5603 973 5660 Allatiiet
1000 5606 1139 5674 apud
1168 5604 1524 5658 Athanasium
1559 5601 1838 5674 scriptum

260 5681 345 5725 est
383 5673 745 5744 ἀποδειχθείς,
787 5690 952 5744 quam
1012 5673 1233 5744 quidem
1276 5675 1600 5745 scripturam
1651 5673 1838 5731 melio-

266 5754 380 5794 rcm
416 5756 568 5814 puto.

939 4693 1083 4758 θείς.
1122 4691 1180 4747 In
1223 4693 1540 4748 Florentino
1576 4693 1840 4816 scrlgtum
1876 4694 1918 4749 D

943 4764 1010 4816 ίε.
1037 4763 1214 4816 Atuuc
1267 4763 1340 4816 ita
1377 4763 1571 4816 legisse
1623 4764 1675 4816 vi
1717 4773 1844 4816 etur

2023 4690 2133 4760 (65)
2177 4691 2338 4746 Μετὰ
2390 4693 2614 4746 τούτων
2668 4693 2904 4758 οἵτινες.
2961 4685 3020 4747 1η
3071 4690 3260 4746 codice
3321 4683 3524 4748 Leonis

1949 4762 2130 4834 Allatiﬁi
2162 4763 2251 4834 hic
2288 4763 2444 4818 locus
2483 4763 2556 4817 ita
2599 4763 2797 4834 legitur
2832 4780 2844 4815 :
2885 4763 3022 4832 μετὰ
3047 4761 3234 4815 τούτου
3267 4763 3362 4834 καὶ
3391 4763 3524 4834 οἵτι-

1948 4850 2037 4894 νες
2059 4831 2210 4902 αὐτῷ
2241 4834 2335 4885 καὶ
2361 4835 2466 4886 τῶν
2486 4831 2756 4886 τοσούτων
2796 4831 3057 4901 καμάτων
3091 4833 3334 4884 κοινωνοὶ
3364 4833 3521 4901 γεγό-

1946 4919 2088 4956 νασι.
2123 4902 2282 4972 Apud
2325 4903 2682 4957 Athanasium
2725 4918 2858 4958 vero
2889 4903 2963 4958 ita
3005 4902 3223 4971 legitur,
3263 4903 3354 4954 καὶ
3386 4904 3524 4972 μετὰ

1944 4973 2136 5025 τούτου
2182 4973 2375 5038 οἵτινες
2409 4973 2558 5042 αὐτῷ
2589 4973 2697 5024 τῶν
2728 4973 2996 5026 τοσούτων
3018 4973 3304 5042 καμάτων
3333 4990 3522 5024 κοινωο

1944 5043 2027 5096 νοὶ
2050 5041 2323 5109 γεγόνασι.
2354 5043 2636 5110 Vulgatam
2692 5050 2871 5097 tamen
2925 5041 3250 5110 scripturam
3301 5050 3523 5110 tuentur

1944 5111 2119 5166 nostri
2137 5112 2353 5166 codices
2374 5122 2428 5166 ct
2456 5109 2792 5182 Epiphanius
2809 5109 3180 5167 Scholasticus
3207 5129 3220 5164 :
3248 5112 3352 5165 nisi
3375 5109 3521 5182 quod

1942 5182 2046 5237 iste
2092 5183 2147 5236 in
2189 5199 2288 5237 suo
2325 5181 2619 5251 exemplari
2662 5183 2869 5252 legerat
2897 5181 3054 5250 ἀὑτῷ
3093 5182 3202 5252 τῶν
3253 5181 3524 5235 τοσούτων

1941 5253 2222 5335 κλιμάτων,
2258 5253 2402 5335 sicut
2441 5252 2583 5335 apud
2626 5251 2983 5335 Athanasium
3016 5259 3080 5335 .et
3131 5251 3200 5335 in.
3234 5252 3522 5335 Excerptis

1942 5319 2219 5377 Theodori
2258 5319 2584 5391 legiturIlta
2619 5324 2769 5377 enim
2808 5323 2973 5376 vertit
3016 5322 3161 5376 hunc
3187 5323 3366 5376 locum
3391 5319 3510 5390 Epio

1943 5393 2182 5460 phanius
2215 5410 2226 5444 :
2256 5391 2513 5462 Suscipite
2552 5393 2712 5462 igitur
2772 5409 2932 5454 nunc,
2970 5393 3162 5460 fratres
3203 5391 3517 5450 clturissimi,

1942 5477 2061 5532 cum
2096 5463 2240 5515 omni
2262 5463 2436 5516 divina
2468 5465 2643 5532 gratia
2671 5474 2937 5532 pastorem
2981 5471 3298 5532 vestramne
3317 5475 3516 5528 pransu—

1947 5531 2067 5606 (ειη,
2096 5541 2349 5602 tanquam
2391 5531 2503 5586 vcr’e
2545 5531 2876 5590 Ἀθανάσιον,
2905 5549 3018 5606 cunt
3036 5534 3113 5584 his
3137 5531 3224 5598 qui
3255 5538 3519 5606 tantorum

1951 5598 2620 5674 laborantciuspurtiripcs
2637 5614 2758 5658 sunt
2785 5605 2962 5673 ειμι-εί.
3000 5601 3055 5674 l_u
3092 5598 3383 5674 exemplari
3411 5607 3521 5674 quo

1951 5688 2081 5725 usus
2119 5683 2203 5727 est
2234 5668 2603 5741 Epiphanius,
2647 5668 2863 5730 videtur
2916 5671 3178 5740 scriptum
3233 5668 3404 5721 fuisse
3443 5668 3521 5727 ὡς

1949 5741 2158 5811 ἀληθῶς
2203 5743 2532 5798 Ἀθανὰσιον.
