4026 6338
294 387 397 445 257

1276 382 1596 439 HISTORIA
1634 381 2181 439 ECCLESIASTICA.
2224 412 2292 421 --
2329 381 2456 437 LIB.
2498 380 2561 436 ll.

3414 384 3520 442 εει

292 504 428 566 λέως
458 502 538 564 είς
559 498 658 563 τὰς
691 496 898 554 ἑαυτῶν
928 495 1119 566 ἐφοίτα
1158 495 1369 560 πόλεις,
1400 494 1689 548 κελεύοντα
1717 494 1855 549 ἐτοί-

1974 507 2161 554 ίοιοιεεε
2184 496 2354 569 ipsius
2367 495 2707 567 aufugerant.
2724 494 2958 552 Proinde
2983 490 3325 567 imperatoris
3343 498 3520 556 edicta

290 610 411 668 μως
440 592 641 654 αὐτοὺς
682 587 1056 659 ὑποδέχεσθαι.
1093 588 1182 640 Ἐν
1223 586 1322 658 μὲν
1344 581 1437 639 οὖν
1478 582 1721 655 Ἀγκύρῃ.
1751 584 1857 637 Βα-

295 682 493 737 σιλείου
547 679 950 749 ἐξωθουμένου,
983 677 1080 731 καὶ
1120 676 1478 739 ἀντεισιόντος
1506 674 1859 747 Μαρκέλλου,

289 773 506 843 ταραχὴ
538 772 640 841 οὑχ
677 771 711 841 ἡ
753 769 992 841 τυχοῦσα
1020 768 1237 837 ἐγένετο
1261 808 1274 829 ,
1313 768 1348 838 ἠ
1388 766 1660 838 πρόφασιν
1695 764 1863 819 λοιδο-

294 865 416 937 ρίας
437 864 684 934 παρέσχε
708 863 818 924 τοῖς
846 860 915 914 τά
940 859 1158 913 ἐναντία
1186 857 1478 929 φρονοῦσιν
1494 874 1510 890 ·
1553 856 1864 928 Ἀσκληπᾶν

288 954 349 1007 δὲ
388 952 623 1021 ἑτοίμως
656 948 879 1014 Γαζαῖοι
909 947 1176 1012 ἐδέξαντο.
1217 947 1305 1000 Ἐν
1333 946 1390 999 δὲ
1426 947 1492 1015 τῇ
1521 945 1864 998 Κωνσταντί-

289 1061 384 1098 νου
412 1043 569 1097 πόλει
598 1039 928 1102 Μακεδόνιπ
969 1037 1167 1108 Παύλῳ
1194 1036 1330 1108 πρὸς
1357 1035 1540 1105 ὀλίγον
1569 1034 1861 1105 ὑπεξέστη,

291 1132 414 1187 καθ’
441 1132 636 1185 ἐαυτὸν
665 1131 723 1185 ἐν
774 1126 1053 1198 ίδιαζούσῃ
1098 1124 1364 1197 ἐκκλησίᾳ
1395 1124 1496 1195 τῆς
1528 1123 1735 1188 πόλεως
1766 1123 1864 1187 τὰς

294 1221 545 1284 συνόδους
589 1218 928 1289 ποιούμενος.
977 1215 1153 1286 ’Υπὲρ
1198 1214 1378 1286 μέντοι
1438 1213 1787 1277 ’Δθανασίου,
1835 1215 1864 1267 ὀ

294 1310 550 1381 βασιλεὺς
602 1309 922 1370 ἐπισκόποις
965 1323 1024 1359 τε
1080 1306 1175 1359 καὶ
1217 1305 1499 1375 κληρικοϊς
1543 1303 1636 1356 καὶ
1678 1304 1860 1368 λαοῖς,

295 1403 425 1472 περὶ
464 1400 560 1454 τοῦ
604 1401 855 1471 ἀσμένως
912 1397 1075 1451 αὑτὸν
1121 1396 1487 1466 ἀποδεχθῆναι
1530 1395 1863 1448 ἐπέστειλεν.

298 1496 422 1547 Ἔτι
450 1494 566 1564 μὴν
614 1491 806 1546 καὶτὰ
848 1490 969 1544 κατ’
1017 1489 1182 1543 αὑτοῦ
1216 1490 1275 1542 ἐν
1301 1488 1671 1558 δικαστηρίοις
1712 1504 1867 1557 πρα-

295 1586 511 1656 χθέντα,
529 1584 594 1637 δι’
624 1584 709 1637 ἑτέ
718 1600 823 1655 ρων
842 1582 1185 1653 γραμμάτων
1204 1578 1564 1652 ἀφανισθῆναι
1588 1580 1862 1634 ἐκέλευσε.

296 1656 379 1730 Ἰςά
419 1676 477 1728 δέ
527 1674 657 1745 περὶ
676 1672 1000 1744 ἀμφοτέρων
1021 1672 1223 1727 τούτων
1248 1671 1545 1744 γραφέντα,
1574 1671 1687 1724 ἔστι
1709 1670 1835 1725 τάδε
1851 1686 1863 1699 ·

377 1873 707 1943 Ἐπιστολὴ
756 1873 1179 1929 Κωνσταντίου
1216 1872 1368 1941 ὑπὲρ
1422 1873 1791 1928 Ἀθανασίου.

293 1966 559 2033 Νικητὴς
587 1964 1020 2028 Κωστάντιος,
1052 1961 1374 2033 Μέγιστος,
1396 1964 1696 2033 Σεϐαστός
1716 2004 1729 2021 ,
1748 1962 1868 2015 ἑπι-

363 2030 618 2100 σκόποις
646 2034 744 2088 καὶ
777 2031 1200 2155 πρεσὶἷιέτέζιιρις
1230 2030 1341 2100 τῆς
1362 2031 1700 2099 Καθολικῆς
1737 2033 1865 2086 Ἐκ·-

940 2119 989 2155 κ.
1023 2117 1223 2169 ησιας.

363 2194 481 2247 Dim
508 2192 811 2264 ἀπελείφθη
840 2192 937 2264 τῆς
966 2191 1060 2244 τοῦ
1093 2191 1226 2245 Θεοῦ
1258 2191 1480 2262 χάριτος
1512 2192 1541 2244 ὀ
1582 2191 1867 2262 αἰδεσιμώ-

294 2300 457 2350 τατος
503 2286 797 2348 ἐπίσκοπος
843 2284 1182 2347 Ἀθανάσιος.
1228 2283 1368 2336 Ἀλλ’
1406 2285 1456 2337 εί
1495 2283 1590 2336 καὶ
1635 2285 1693 2335 ἐν
1738 2282 1868 2355 βραο

296 2378 382 2447 χεῖ
409 2375 590 2446 χρόνῳ
618 2376 684 2445 τῇ
721 2374 860 2428 κατὰ
885 2373 1205 2444 ἀνθρώπους
1235 2373 1530 2445 δοκιμασίᾳ
1552 2373 1831 2445 ὑπεϐλήθη
1850 2411 1866 2438 ,

295 2470 442 2538 ὅμως
463 2468 564 2539 τὴν
579 2466 936 2538 ὀφειλομένην
954 2465 1105 2537 παρά
1128 2464 1228 2536 τῆς
1245 2465 1584 2536 παντεφόρου
1607 2464 1872 2537 Προνοίας

297 2559 654 2629 ἀπηνέγκατο
678 2557 856 2628 ψῆφον
880 2573 895 2589 ο
932 2554 1221 2612 ἀπολαϐὼν
1262 2556 1510 2629 βουλήσει
1551 2555 1646 2609 τοῦ
1682 2556 1870 2628 κρείτ-

295 2662 476 2713 τονος,
527 2648 623 2701 καὶ
672 2647 851 2718 κρίσει
892 2646 1140 2719 ἡμετέρᾳ
1176 2645 1274 2719 τὴν
1319 2647 1558 2718 πατρίδα
1602 2647 1738 2717 ὁμοῦ
1778 2647 1873 2701 καὶ

297 2741 394 2811 τὴν
478 2739 847 2810 Ἐκκλησίαν,
919 2734 988 2810 ἧς
1066 2738 1195 2809 θείῳ
1263 2737 1493 2808 νεύματι
1562 2739 1871 2810 προστάτης

300 2834 587 2904 ἐτύγχανε.
611 2832 800 2904 Τούτῳ
825 2832 894 2886 τά
932 2832 1200 2886 ἀκόλουθα
1232 2831 1338 2885 ἔδει
1377 2830 1526 2901 παρά
1555 2831 1654 2901 τῆς
1679 2832 1873 2902 ἡμετέ-

304 2942 403 2995 ρας
426 2921 669 2991 ὑπάρξαι
696 2924 1021 2995 πραότητος.
1053 2924 1217 2976 Ὥστε
1255 2922 1433 2976 πάντα
1461 2921 1528 2974 τά
1554 2922 1659 2992 πρὸ
1684 2921 1873 2974 τούτου

300 3018 444 3072 κατά
502 3016 614 3071 τῶν
672 3015 822 3086 αὑτῷ
876 3014 1355 3084 κεκοινωνηκότων
1408 3012 1726 3085 ὡρισμένα,
1780 3012 1876 3066 νῦν

301 3105 583 3177 ἀμνηστία
614 3103 1018 3175 παραδοθῆναι,
1054 3104 1236 3156 πᾶσάν
1268 3120 1327 3156 τε
1362 3102 1598 3172 ὑποψίαν
1629 3102 1728 3173 τὴν
1755 3102 1875 3155 κατ’

302 3196 466 3251 αὑτοῦ
526 3196 787 3267 σχολάσαι
836 3195 931 3249 τοῦ
975 3193 1196 3258 λοιποῦ,
1245 3195 1346 3264 τήν
1400 3211 1461 3247 τε
1511 3192 1757 3247 ἀτέλειαν
1803 3187 1872 3264 ἧς
1899 3181 1943 3243 C

301 3290 491 3358 ἔτυχον
515 3288 684 3342 πάλαι
706 3289 755 3339 οἱ
791 3286 907 3357 ἅμα
936 3285 1086 3357 αὑτῷ
1106 3284 1359 3356 κληρικοὶ
1376 3323 1391 3346 ,
1421 3283 1632 3346 τούτοις
1658 3282 1880 3353 βεϐαιω-

302 3378 461 3450 θῆναι
514 3379 921 3451 προσηκόντως.
977 3377 1138 3431 Ἀλλά
1190 3378 1297 3448 μὴν
1343 3375 1437 3429 καὶ
1481 3374 1638 3427 τοῦτο
1680 3377 1747 3445 τῇ
1799 3375 1880 3436 είς

301 3467 461 3519 αὑτὸν
529 3468 715 3537 χάριτι
788 3465 1155 3536 προστεθῆναι
1229 3460 1659 3531 ἐδικαιώσαμεν,
1728 3459 1873 3514 ὥστε

303 3559 517 3623 πάντας
558 3559 687 3621 τοὺς
722 3557 816 3611 τοῦ
861 3556 1004 3627 ἱεροῦ
1040 3554 1341 3622 καταλόγου
1374 3551 1696 3623 γινώσκειν,
1737 3551 1879 3605 ἐνδε-

302 3650 488 3703 δύσθαι
519 3651 581 3703 τὸ
614 3648 816 3718 ἄφοϐον
858 3649 989 3701 πᾶσι
1031 3649 1144 3709 τοῖς
1177 3644 1323 3715 αὑτῷ
1368 3643 1872 3714 προστεθειμένοις,

303 3741 412 3794 εἴτε
443 3740 766 3802 ἐπισκόποις
782 3781 795 3801 ,
820 3739 929 3792 εῐτε
951 3737 1251 3807 κληρικοῖς.
1287 3735 1490 3789 Ἱκανὸν
1511 3734 1569 3788 δὲ
1591 3732 1876 3805 γνώρισμα

302 3834 401 3903 τῆς
433 3833 669 3886 ἑκάστου
703 3830 871 3901 ὀρθῆς
896 3828 1269 3899 προαιρέσεως
1297 3825 1449 3880 ἔσται
1473 3865 1489 3891 ,
1517 3827 1551 3894 ἡ
1585 3825 1720 3897 πρὸς
1757 3824 1880 3877 τοῦο

302 3940 394 3977 τον
418 3922 635 3985 ἓνωσις.
667 3922 821 3974 Ὅσοι
840 3919 950 3992 γὰρ
975 3918 1040 3973 ἂν
1060 3919 1160 3989 τῆς
1181 3917 1458 3981 καλλίονος
1484 3915 1621 3988 ὀμοῦ
1648 3913 1879 3987 κρίσεώς

302 4032 360 4067 τε
391 4015 487 4067 καὶ
518 4014 713 4085 μοίρας
741 4012 1048 4083 γενόμενοι,
1078 4010 1178 4081 τὴν
1218 4008 1407 4063 τούτου
1437 4009 1666 4063 ἕλωνται
1699 4025 1886 4062 κοινω-

303 4106 457 4170 νίαν,
501 4103 726 4165 τούτους
766 4102 971 4165 πάντας
1001 4099 1396 4169 ἐκελεύσαμεν,
1427 4099 1548 4153 καθ’
1596 4099 1883 4169 ὁμοιότητα

302 4196 405 4263 τῆς
432 4192 742 4263 φθανούσης
768 4190 1155 4261 Προνοίας,καὶ
1170 4188 1264 4243 νῦν
1285 4190 1383 4259 τῆς
1409 4190 1496 4257 ὑφ’
1516 4185 1673 4260 ἡμῶν
1694 4187 1884 4258 βουλή-

306 4303 391 4339 σει
417 4286 512 4339 τοῦ
542 4285 845 4354 κρείττονος
868 4281 1301 4353 παρασχεθείσης
1326 4281 1543 4351 χάριτος
1570 4279 1880 4334 ἀπολαύειν.

310 4378 497 4443 Ἄλλη
535 4374 853 4440 ἐπιστολὴ,
880 4372 1003 4439 τοῖς
1047 4372 1498 4440 Ἀλεξανδρεῦσι
1528 4372 1882 4441 πεμφθεῖσα.
1918 4379 1964 4437 ο

306 4468 575 4534 Νικητὴς
613 4463 1056 4529 Κωστάντιος,
1085 4463 1393 4534 ,Μέγιστος
1412 4506 1426 4528 ,
1454 4465 1770 4534 Σεϐτισζός,
1805 4460 1886 4527 τῷ

376 4532 665 4605 λαῷ-τῆς
699 4535 846 4588 κατὰ
893 4532 1343 4657 Ἁλειεάιὶδρειαν
1385 4532 1722 4600 Καθολικῆς
1765 4534 1887 4585 Ἑκ-

956 4620 992 4656 ac
1038 4619 1121 4671 ησ
1146 4620 1241 4669 ας.

379 4697 593 4752 Σκοπὸν
635 4694 946 4767 ποιούμενοι
972 4694 1071 4764 τὴν
1110 4694 1383 4765 ὑμετέραν
1415 4696 1472 4746 ἐν
1503 4693 1707 4747 ἅπασιν
1732 4692 1881 4745 εὑνο-

1962 589 2029 644 ad
2056 590 2296 660 ipsorum
2325 589 2490 642 missa
2520 594 2648 640 sunt
2677 586 2943 653 civitates,
2990 589 3191 658 quibus
3229 589 3525 661 jubebatur

1962 688 2023 733 ut
2056 680 2178 735 illos
2215 685 2466 749 prompte
2508 676 2868 747 susciperent.
2908 679 2977 733 Et
3027 679 3255 749 Ancyra:
3300 681 3523 749 quidem

1961 783 2087 823 cum
2117 768 2347 823 Basilius
2374 766 2792 832 exturbaretur,
2830 766 3113 823 Marcellus
3151 783 3283 823 vero
3315 770 3368 823 in
3407 771 3525 840 ejus

1962 858 2388 914 substitueretur
2450 857 2630 913 locum
2664 898 2680 923 ,
2734 872 2845 913 non
2910 858 3201 913 mediocris
3260 862 3527 916 tumultus

1967 950 2127 1022 114
2148 959 2371 1005 exortus
2392 958 2496 1015 est,
2520 951 2613 1020 qui
2638 950 3003 1005 calumniandi
3028 952 3367 1006 occasionem
3391 968 3529 1021 prav-

1961 1041 2082 1095 buit
2122 1040 2448 1095 adversariis
2500 1057 2513 1093 :
2560 1039 2734 1094 Gazaei
2776 1055 2906 1094 vero
2958 1040 3191 1096 libenter
3244 1041 3527 1111 Asclepam

1963 1139 2344 1201 susceperunt.
2408 1129 2878 1201 Constantinopoli
2936 1140 3117 1186 autem
3182 1132 3530 1188 Macedonius

1963 1220 2132 1275 Paulo
2176 1220 2245 1274 ad
2281 1219 2558 1273 modicum
2602 1228 2819 1289 tempus
2854 1220 2974 1274 loco
3014 1220 3199 1286 cessit,
3237 1220 3292 1274 in
3318 1220 3528 1290 privata

1962 1311 2196 1382 quadam
2242 1311 2399 1367 urbis
2453 1311 2682 1366 ecclesia
2726 1326 2969 1367 seorsum
3011 1322 3312 1367 conventus
3343 1326 3526 1382 agens.

1964 1404 2069 1459 Pro
2091 1403 2391 1458 Athanasio
2424 1418 2554 1457 vero
2587 1403 2882 1472 imperator
2903 1403 2969 1457 ad
2995 1403 3278 1474 episcopos
3297 1412 3353 1458 et
3372 1403 3530 1458 cleri—

1963 1508 2059 1548 cos
2083 1503 2138 1548 et
2160 1492 2226 1548 ad
2250 1492 2481 1563 populos
2513 1493 2752 1561 scripsit,
2779 1502 2840 1546 ut
2867 1492 3164 1547 libentibus
3188 1494 3383 1551 animis
3404 1506 3529 1548 eum

1963 1585 2303 1654 exciperent.
2333 1582 2439 1637 Sed
2464 1591 2520 1638 et
2543 1598 2640 1653 per
2665 1583 2799 1638 alias
2833 1583 3043 1638 litteras
3069 1585 3250 1654 jussit,
3279 1592 3340 1638 ut
3380 1597 3530 1653 qum-

1965 1689 2182 1744 cunque
2207 1675 2262 1728 in
2282 1672 2507 1745 judiciis
2522 1681 2711 1729 contra
2744 1673 2894 1727 illum
2919 1682 3039 1729 acta
3070 1674 3307 1739 fuerant,
3342 1674 3530 1729 abole-

1967 1776 2182 1822 rentur.
2201 1767 2274 1821 De
2297 1774 2530 1837 utraque
2552 1783 2608 1821 re
2633 1766 2848 1836 scripta:
2881 1766 3076 1823 litterae
3096 1766 3177 1822 sic
3203 1782 3261 1822 se
3288 1766 3530 1822 habent:

2213 1879 2455 1951 Epistola
2500 1879 2796 1936 Constantii
2836 1896 2933 1951 pro
2973 1880 3286 1936 Athanasio.

1969 1971 2140 2026 Victor
2178 1970 2539 2035 Constantius,
2576 1970 2859 2042 Maximus,
2891 1971 3179 2042 Augustus,
3203 1971 3451 2042 episcopis
3487 1977 3535 2024 ct

2294 2042 2606 2113 presbyteris
2642 2040 2923 2097 Catholica
2954 2040 3221 2109 Ecclesia.

2037 2204 2157 2260 Non
2182 2211 2268 2258 est
2310 2201 2608 2257 derelictus
2630 2216 2662 2255 a
2686 2200 2781 2256 Dei
2823 2202 2999 2273 gratia
3047 2200 3537 2258 reverendissimus

1966 2294 2261 2366 cpiscopus
2282 2290 2634 2347 Athanasius.
2663 2289 2772 2345 Sed
2797 2307 3107 2361 quanquam
3140 2291 3296 2347 brevi
3326 2300 3535 2363 tempo-

1969 2384 2044 2439 ris
2069 2383 2249 2453 spatio
2273 2380 2526 2436 humanm
2549 2380 2864 2450 probationi
2899 2381 3195 2452 subjacuit,
3220 2381 3406 2435 divina
3454 2390 3536 2436 tae

1969 2490 2094 2529 men
2122 2473 2456 2543 sulIragante
2479 2470 2851 2536 Providentia,
2874 2470 3077 2541 justam
3101 2471 3303 2525 meruit
3328 2470 3537 2526 referre

1970 2564 2298 2621 sententiam
2326 2581 2339 2617 :
2368 2563 2659 2618 restitutus
2685 2570 2798 2616 tum
2821 2562 2918 2617 Dei
2957 2562 3258 2626 voluntate,
3290 2570 3403 2616 tum
3442 2577 3540 2616 no-

1972 2665 2088 2712 stro
2104 2655 2337 2727 judicio,
2366 2653 2424 2708 in
2448 2654 2680 2723 patriam
2723 2652 2887 2707 simul
2914 2659 2973 2707 et
3019 2652 3076 2707 in
3100 2652 3420 2718 Eeclesiam,
3448 2652 3538 2707 cui

1971 2745 2160 2801 divino
2182 2753 2320 2798 nutu
2344 2742 2690 2813 prarsidebat.
2726 2741 2865 2797 Huic
2883 2742 3276 2811 consequentia
3297 2758 3328 2797 a
3353 2750 3540 2797 nostra

1973 2842 2189 2907 oportet
2211 2833 2462 2904 prtestari
2502 2832 2832 2897 clementia;
2864 2839 2925 2886 ut
2968 2831 3178 2887 scilicet
3202 2841 3396 2887 cuncta
3420 2848 3542 2902 qua:

1973 2924 2205 2979 antehac
2229 2924 2494 2978 adversus
2518 2922 2641 2976 illos
2665 2922 2760 2991 qui
2798 2922 2879 2976 illi
2925 2922 3419 2987 communieabant,
3447 2924 3542 2979 de-

1974 3020 2125 3068 creta
2170 3021 2320 3077 sunt,
2376 3027 2522 3067 nunc
2567 3011 2833 3067 oblivioni
2886 3009 3203 3075 tradantur,
3254 3011 3542 3079 omnisque

1977 3104 2236 3174 deinceps
2259 3111 2451 3158 contra
2475 3103 2627 3157 illum
2651 3110 2829 3157 cesset
2848 3101 3105 3171 suspicio.
3131 3100 3199 3155 Et
3228 3100 3545 3156 immunitas

1974 3212 2082 3267 qua
2109 3195 2316 3261 clerici,
2341 3196 2435 3266 qui
2463 3210 2587 3250 eum
2604 3210 2670 3249 eo
2701 3203 2848 3259 sunt,
2870 3194 3001 3248 olim
3025 3192 3370 3258 fruebantur,
3391 3194 3542 3264 ipsis,

1973 3298 2036 3343 ut
2080 3303 2181 3358 par
2228 3297 2333 3350 est,
2374 3285 2751 3342 conﬁrmetur.
2790 3285 2905 3341 Hoc
2939 3285 3103 3339 etiam
3138 3294 3339 3339 nostra:
3366 3285 3423 3338 in
3475 3285 3544 3339 il-

1972 3379 2087 3434 lum
2134 3379 2486 3449 indulgentia:
2524 3377 2892 3449 adjiciendum
2937 3392 3059 3432 esse
3106 3377 3439 3441 censuimus,
3485 3385 3548 3432 ut

1973 3486 2164 3525 omnes
2205 3469 2347 3524 sacri
2395 3468 2607 3523 ordinis
2650 3467 2756 3533 viri
2814 3467 3138 3538 intelligant,
3191 3467 3545 3521 securitatem

1974 3561 2187 3616 cunctis
2210 3561 2305 3631 qui
2338 3560 2637 3614 Athanasio
2678 3557 3051 3623 adhaaserunt,
3095 3558 3212 3614 sive
3249 3558 3545 3629 episcopis,

1980 3651 2094 3706 sive
2118 3651 2352 3717 clericis,
2398 3666 2519 3706 esse
2559 3665 2894 3705 concessam.
2936 3650 3091 3705 Recti
3136 3665 3270 3705 vero
3313 3649 3551 3720 singulo-

1983 3759 2103 3798 rum
2130 3744 2393 3814 propositi
2416 3743 2781 3799 certissimum
2801 3743 2907 3798 erit
2930 3742 3215 3807 indicium,
3244 3742 3398 3796 ﬁrma
3424 3756 3549 3797 cum

1984 3835 2079 3890 illo
2122 3835 2430 3890 consensio.
2457 3834 2781 3906 Quicunque
2806 3851 2937 3906 ergo
2972 3835 3184 3889 meliori
3204 3834 3411 3904 judicio
3445 3836 3548 3898 usi,

1985 3932 2041 3980 et
2063 3926 2338 3980 saniorem
2363 3934 2575 3995 partem
2603 3925 2798 3989 secuti,
2826 3925 3266 3980 communionem
3292 3926 3412 3994 ejus
3434 3940 3549 3979 am-

1987 4015 2133 4085 plexi
2157 4023 2305 4080 sunt,
2333 4031 2428 4071 eos
2451 4030 2644 4070 omnes
2661 4016 2929 4087 jussimus
2945 4017 3099 4087 juxta
3124 4016 3433 4085 exemplum
3457 4031 3552 4069 su-

1988 4107 2223 4177 perioris
2268 4108 2653 4173 Providentiae,
2682 4123 2830 4162 nunc
2872 4123 3087 4176 quoque
3124 4107 3248 4161 data
3296 4122 3327 4161 a
3372 4106 3550 4170 nobis,

1988 4213 2099 4252 non
2143 4199 2264 4253 sine
2306 4195 2403 4254 Dei
2447 4199 2749 4264 voluntate,
2800 4197 3140 4269 indulgentia
3182 4198 3410 4268 perfrui.

2374 4378 2617 4448 Epistola
2660 4378 2730 4433 ad
2766 4377 3176 4433 Alexandrinos.

1995 4470 2165 4525 Victor
2185 4468 2543 4533 Constantius,
2583 4468 2867 4538 Maximus,
2907 4467 3194 4537 Augustus,
3234 4467 3426 4538 populo
3451 4466 3554 4523 Ca-

2269 4538 2472 4595 tholica:
2498 4537 2749 4593 Ecclesia:
2776 4537 3277 4592 Alexandrinorum.

2059 4699 2197 4755 Cum
2233 4704 2359 4753 ante
2402 4696 2592 4752 oculos
2630 4710 2847 4765 semper
2892 4693 3191 4749 habeamus
3223 4702 3460 4749 vestram
3504 4694 3561 4747 in

309 4790 446 4862 μίαν
481 4787 639 4860 (68),
685 4786 887 4850 εἰδότες
916 4802 974 4838 τε
1013 4786 1089 4848 ὡς
1136 4785 1366 4838 ἐπιπολὺ
1411 4784 1511 4853 τῆς
1541 4783 1638 4837 τοῦ
1672 4786 1878 4837 ἐπισκο

1993 4786 2251 4841 omnibus
2273 4783 2641 4853 disciplinam,
2679 4798 2781 4837 nec
2809 4783 2981 4853 ignari
3025 4783 3198 4837 simus
3234 4783 3561 4853 jampridem

306 4882 542 4946 ποῦντος
592 4879 852 4949 προνοίας
899 4877 1232 4949 ἐστέρησθε,
1291 4877 1608 4932 Ἀθανάσιον
1638 4876 1729 4929 τὸν
1773 4875 1892 4928 ἐπί-

1990 4891 2089 4931 vos
2111 4876 2406 4946 episcopali
2446 4874 2793 4945 providentia
2836 4874 3131 4929 destitutos
3174 4889 3317 4938 esse,
3344 4890 3561 4945 aequum

308 4991 551 5036 σκοπον,
607 4971 775 5042 ἄνδρα
824 4972 939 5033 τοῖς
986 4969 1121 5021 πᾶσι
1172 4966 1262 5021 διά
1325 4985 1384 5020 τε
1439 4967 1536 5037 τὴν
1582 4966 1878 5037 προσοῦσακ

1992 4965 2331 5028 censuimus,
2356 4964 2716 5018 Athanasium
2754 4964 3092 5034 episcopum,
3117 4963 3298 5019 virum
3324 4964 3395 5018 ob
3438 4965 3563 5023 vita:

316 5066 620 5137 ὀρθότητα,
645 5064 739 5117 καὶ
764 5061 854 5116 διὰ
882 5059 981 5129 τὴν
1006 5059 1215 5114 οἰκείαν
1236 5058 1528 5129 εὐτροπίαν
1550 5056 1823 5127 γνώριμον
1846 5065 1889 5121 °,

1993 5054 2407 5109 sanctimoniam
2451 5068 2775 5123 morumque
2803 5053 3130 5123 probitatem
3170 5054 3429 5109 omnibus
3467 5071 3563 5111 co-

1507 5191 1777 5246 VALESll
1814 5187 2364 5246 ANNOTATIONES.

388 5290 499 5363 (68)
521 5287 766 5363 {negor
786 5286 1125 5363 ςεοιρύμεγρι
1155 5284 1582 5363 τὴν-ὑμετέραν
1603 5284 1912 5363 arcinnum

323 5353 625 5429 εὐκορίαν.
648 5353 989 5430 Epiphanius
1019 5355 1388 5411 Scholastieus
1417 5355 1545 5425 legit
1574 5355 1672 5423 τὴν
1701 5353 1897 5424 ἡμετέ-

1999 5300 2097 5352 ραν
2125 5322 2140 5347 ,
2182 5282 2262 5336 sic
2288 5280 2452 5352 enim,
2483 5281 2650 5352 vertit
2686 5298 2699 5334 :
2731 5280 2796 5335 In
2849 5282 3086 5337 omnibus
3118 5282 3445 5352 perhibentes
3473 5294 3565 5332 no-

2000 5351 2126 5407 Strw
2151 5351 2412 5423 wquitatis
2438 5351 2796 5406 intentionem.

1767 5508 2151 5567 VARIORUM.

397 5614 424 5645 °
457 5607 576 5677 Τῆν
607 5608 839 5663 οἰκείαν
880 5605 1198 5677 εὐτροπίαν
1242 5604 1547 5677 γνὼριμονς.
1579 5606 1802 5661 Rectius
1835 5607 1890 5661 in

330 5679 497 5733 veteri
524 5675 807 5740 editione,
849 5677 944 5746 τὴν
977 5676 1083 5728 τῶν
1122 5675 1325 5746 οίκείαν
1352 5675 1632 5743 (mendose
1676 5692 1774 5745 pro
1814 5680 1892 5729 οἰ-

334 5747 510 5821 κείων)
561 5750 708 5821 ήθων
744 5744 1035 5818 εὐτροπίαν
1081 5744 1372 5815 γνώριμον,
1404 5760 1512 5813 quo
1556 5744 1690 5800 item
1732 5747 1891 5802 modo

1996 5606 2128 5675 legit
2183 5604 2519 5675 Epiphanius
2577 5602 2964 5675 Scholasticns,
3016 5614 3333 5675 sacramque
3361 5612 3563 5675 morum

2002 5666 2314 5746 probitatem
2342 5677 2538 5729 cunctis
2567 5675 2814 5746 innotuit.
2850 5672 3093 5746 Monachi
3135 5666 3411 5723 Iicnﬂlict.
3449 5666 3562 5722 Λιι-

2003 5742 2114 5802 not.
2148 5746 2199 5800 in
2230 5746 2512 5810 Albanas,
2550 5745 2656 5799 vol.
2686 5744 2725 5807 l,
2759 5758 2877 5813 pag.
2912 5742 3026 5792 173.
