4026 6338
363 337 456 394 281

1337 346 1658 403 HISTORIA
1695 347 2246 406 ECCLESIASTICA.
2288 383 2355 391 —~
2396 353 2524 408 LIB.
2569 354 2634 408 II.

3478 361 3586 413 282

359 453 422 505 ἔκ
447 451 652 522 νεκρῶν
685 455 748 524 τῇ
774 453 929 525 τρίτῃ
954 455 1133 526 ἡμέρα
1153 496 1168 521 ,
1197 458 1290 510 καὶ
1319 459 1693 530 ἀναληφθέντα
1718 463 1796 525 είς
1819 462 1905 515 οὐ·

2011 465 2290 522 dexteram
2351 469 2562 524 Patris:
2620 476 2676 524 et.
2704 451 2714 464 ”
2741 469 2794 522 in
2835 476 3078 523 extrema
3122 470 3304 525 saeculi
3341 473 3584 530 clausula

359 533 534 617 ρανὸν,
561 547 655 598 καὶ
685 546 977 599 καθίσαντα
1005 549 1068 600 ὲκ
1093 548 1279 614 δεξιῶν
1306 550 1398 604 τοῦ
1424 553 1633 621 Πατρὸς
1651 593 1665 612 ,
1691 555 1783 606 καὶ
1815 556 1909 625 ερ-

357 628 574 699 χύμενον
603 630 695 682 ὲπὶ
725 633 1002 703 συντελείᾳ.
1025 633 1115 685 τοῦ
1146 636 1337 700 αἰῶνος
1368 641 1549 708 κρῖναι
1578 639 1783 704 ζῶντας
1815 643 1911 696 καὶ

354 720 600 789 νεκροὺς,
629 721 723 776 καὶ
747 722 1037 776 ἀποδοῦναι
1061 726 1273 796 ἑκάστῳ
1296 731 1437 782 κατά
1460 730 1530 782 τὰ
1554 730 1688 801 ἔργα
1711 733 1873 786 αὐτοῦ
1892 749 1906 764 ο

349 802 407 861 οὗ
440 811 473 879 ἠ
510 808 757 878 βασιλεία
795 812 1212 878 ἀκατάπαυστος
1231 814 1366 870 οὖσα
1395 818 1640 889 διαμένει
1669 823 1750 885 είς
1779 823 1908 886 τοὺς

349 898 606 970 ἀπείρους
637 901 856 964 αἰῶναςο
879 902 1029 956 ἔσται
1049 905 1153 976 γάρ
1177 906 1536 977 καθεζόμενος
1552 911 1609 963 ἔν
1628 910 1775 982 δεξιᾷ
1813 913 1905 966 τοῦ

346 989 585 1058 Πατρὸς,
610 990 670 1042 οὐ
704 991 860 1062 μόνον
888 994 944 1044 ὲν
968 993 1044 1062 τῷ
1074 994 1434 1067 αίῶνιτούτῳ,
1465 999 1598 1054 ἀλλά
1627 1003 1719 1055 καὶ
1743 1004 1799 1055 ἐν
1831 1004 1910 1074 τῷ

348 1078 728 1148 μέλλοντι.Καὶ
749 1083 828 1144 εἰς
845 1083 906 1134 τὸ
923 1083 1139 1154 Πνεῦμα
1155 1085 1215 1139 τὸ
1240 1088 1410 1155 ἆγιον,
1425 1091 1665 1145 τουτέστι
1687 1093 1777 1147 τὸν
1793 1096 1909 1150 Πα-

348 1165 636 1238 ράκλητον·
653 1171 788 1239 ὅπερ
804 1173 1258 1245 ἐπαγγειλάμενος
1281 1181 1394 1241 τοῖς
1423 1182 1736 1246 ἀποστόλοις
1772 1185 1909 1252 μετά

345 1256 441 1328 τὴν
470 1260 550 1322 είς
578 1261 836 1325 οὐρανοὺς
863 1262 1046 1318 ἄνοδον
1082 1266 1396 1323 ἀποστεῖλαι
1429 1270 1634 1335 διδάξαι
1665 1275 1759 1327 καὶ
1781 1277 1908 1329 ὑπο-

349 1349 546 1420 μνῆσαι
575 1352 770 1413 auro-La;
799 1353 992 1416 πάντα,
1023 1354 1283 1426 ἔπεμψενο
1307 1356 1444 1414 διὀὖ
1471 1364 1565 1415 καὶ
1587 1364 1908 1432 ἀγιάζονται

345 1439 400 1493 αἱ
420 1441 528 1493 τῶν
539 1441 844 1512 εἰλικρινῶς
859 1446 935 1507 είς
947 1445 1106 1499 αὑτὸν
1117 1451 1556 1506 πεπιστευκότων
1577 1453 1910 1524 ψυχαί.Τοὺς

342 1527 400 1579 δὲ
425 1526 681 1596 λέγοντας
709 1530 765 1595 ἐξ
793 1531 892 1584 οὐκ
918 1533 1086 1585 ὄντων
1114 1535 1202 1588 τὸν
1235 1537 1378 1601 Υἰὸν,
1421 1539 1452 1610 ἢ
1485 1539 1542 1606 ἐξ
1561 1542 1750 1614 ἑτέρας
1769 1545 1906 1598 ὑπο-

345 1617 606 1682 στάσεως,
625 1621 804 1691 καὶμὴ
833 1624 897 1674 ἐκ
911 1622 1004 1675 τοῦ
1026 1624 1180 1691 Θεοῦ,
1199 1627 1292 1679 καὶ
1322 1629 1403 1681 ὅτι
1417 1625 1484 1700 ἦν
1501 1632 1692 1702 χρόνος
1718 1635 1749 1704 ἢ
1777 1635 1910 1692 αἰὼν

343 1715 431 1803 ore
461 1715 565 1768 οὐκ
601 1709 670 1784 ἦν
693 1754 709 1778 ,
752 1715 1061 1788 ἀλλοτρίους
1093 1715 1289 1792 οἷδενή
1337 1723 1467 1792 ἁγία
1497 1725 1591 1778 καὶ
1631 1728 1910 1803 Καθολικὴ

2009 572 2276 618 venturus
2305 573 2408 626 est,
2443 573 2503 619 ιιι
2542 565 2753 634 judicet
2785 563 2939 618 vivos
2962 579 3026 617 ac
3059 573 3324 630 mortuos,
3375 575 3431 622 et
3466 570 3586 624 uni-

2007 651 2207 720 cuique
2251 653 2444 707 reddat
2485 653 2793 708 mercedem
2839 668 3065 721 operum
3118 669 3382 709 suorum:
3432 662 3587 730 cujus

2009 757 2236 812 regnum
2259 752 2607 813 perpetuum,
2639 760 2744 799 nec
2772 760 3011 813 unquam
3044 745 3371 812 desiturum,
3402 750 3454 803 in
3505 750 3588 804 in-

2009 832 2160 888 ﬁnita
2185 845 2469 904 permanet
2495 837 2691 891 saecula
2719 855 2731 888 :
2765 836 2871 891 erit
2902 836 3048 890 enim
3095 837 3291 892 sedens
3337 840 3405 894 ad
3451 842 3584 896 dex-

2009 931 2180 978 teram
2212 925 2410 988 Patris,
2457 941 2570 980 non
2618 910 2794 980 solum
2849 926 2904 979 in
2961 924 3068 978 hoc
3117 927 3336 991 szeculo,
3395 943 3583 982 verum

2006 1012 2172 1066 etiam
2201 1013 2258 1066 in
2282 1013 2487 1068 futuro.
2533 1015 2601 1068 Et
2650 1014 2705 1068 in
2747 1014 3013 1084 Spiritum
3077 1022 3348 1078 sanctum,
3394 1016 3448 1070 id
3502 1025 3587 1071 est

2006 1099 2382 1156 Paraeletum:
2418 1118 2581 1172 quem
2612 1103 2892 1172 pollicitus
2928 1104 3188 1173 apostolis
3236 1105 3352 1160 suis
3403 1105 3586 1159 Domi-

2006 1204 2131 1254 nus,
2157 1197 2281 1259 post
2310 1206 2595 1246 ascensum
2627 1193 2683 1247 in
2709 1195 2904 1249 caelum
2948 1195 3117 1259 misit,
3153 1203 3213 1249 ut
3264 1196 3483 1251 doceret
3519 1197 3587 1250 il-

2007 1278 2091 1333 los
2111 1287 2167 1334 et
2195 1289 2445 1335 moneret
2472 1282 2686 1346 omnia;
2717 1299 2813 1352 per
2839 1299 3001 1352 quem
3037 1285 3200 1337 etiam
3237 1285 3582 1337 sanctiﬁcan-

2009 1375 2102 1421 tur
2152 1369 2349 1425 animae
2376 1386 2568 1424 eorum
2607 1372 2700 1440 qui
2742 1371 2800 1424 in
2847 1372 3024 1440 ipsum
3068 1373 3281 1425 sincere
3337 1372 3584 1426 credide-

2009 1460 2140 1514 rint.
2173 1461 2281 1516 Eos
2301 1469 2485 1516 autem
2511 1462 2604 1531 qui
2631 1461 2822 1516 dicunt
2862 1462 3062 1516 Filium
3094 1463 3191 1516 Dei
3231 1478 3298 1517 ex
3349 1463 3416 1515 iis
3463 1478 3584 1531 qua:

2010 1568 2118 1606 non
2155 1560 2333 1617 erant,
2372 1563 2467 1608 aut
2509 1569 2577 1607 ex
2608 1555 2716 1608 alia
2747 1569 2867 1608 esse
2890 1553 3216 1617 substantia,
3252 1569 3361 1606 non
3401 1562 3582 1607 autem

2011 1657 2078 1697 ex
2121 1643 2271 1696 Deo:
2306 1649 2361 1696 et
2403 1642 2573 1697 fuisse
2618 1651 2835 1712 tempus
2868 1650 2964 1696 aut
2999 1641 3259 1696 saeculum
3303 1657 3428 1695 cum
3474 1658 3584 1696 non

2013 1732 2320 1796 exsisteret,
2353 1733 2561 1787 alienos
2599 1749 2630 1788 a
2669 1740 2934 1787 secenset
2972 1740 3156 1786 sancta
3207 1739 3264 1787 et
3305 1731 3584 1787 Catholica

356 1801 665 1892 ’βκκλησία
699 1807 866 1861 Πάλιν
886 1804 978 1862 οῦν
1009 1809 1261 1881 ἐροῦμεν,
1283 1812 1440 1878 εἴτις
1464 1816 1553 1869 τὸν
1577 1818 1796 1891 Πατέρα
1818 1801 1905 1876 καλ

2011 1822 2277 1878 Ecclesia.
2305 1823 2509 1877 Iterum
2535 1838 2665 1892 ergo
2691 1823 2954 1876 dicimus:
3011 1823 3056 1876 si
3092 1821 3216 1891 quis
3263 1821 3479 1877 Patrem
3526 1832 3581 1876 et

340 1889 430 1942 τὸν
458 1891 588 1945 Υξὸν
615 1893 707 1946 δύο
735 1894 879 1961 λέγει
907 1895 1072 1960 Θεοὺς
1091 1937 1105 1962 ,
1144 1899 1390 1970 ἀνάθεμα
1421 1901 1578 1958 ἔστω.
1615 1889 1736 1958 Καὶί
1753 1907 1805 1960 et
1822 1925 1904 1971 τις

338 1979 511 2047 λέγων
549 1982 682 2036 Θεὸν
717 1985 808 2038 τὸν
838 1987 1070 2054 Χριστὸν
1099 1987 1208 2059 (97)
1257 1990 1362 2060 πρὸ
1399 1992 1609 2048 αίώνων
1639 1995 1766 2048 Υἱὸν
1803 1997 1900 2050 τοῦ

338 2070 504 2136 Θεοῦ,
535 2073 917 2145 ῦπουργηκότα
954 2076 1029 2146 τῷ
1062 2079 1235 2148 Πατρὶ
1263 2081 1342 2142 είς
1368 2064 1601 2152 τὴντῶν
1637 2084 1772 2140 ὅλων
1805 2088 1903 2159 δη·-

341 2164 627 2232 μιουργίαν
664 2167 738 2236 μὴ
781 2167 1098 2239 ὁμολογοίη,
1129 2171 1377 2240 ἀνάθεμα
1405 2172 1564 2228 ἔστω.
1593 2176 1657 2229 Εἴ
1680 2195 1764 2241 τις
1811 2181 1903 2234 τὸν

336 2253 652 2324 ἀγέννητον,
684 2255 716 2325 ἢ
756 2257 919 2326 μέρος
947 2259 1132 2323 αὑτοῦ,
1179 2263 1240 2313 ὲκ
1272 2263 1489 2332 Μαρίας
1517 2264 1692 2332 λέγειν
1714 2284 1902 2335 γεγεν-

338 2344 534 2413 νῆσθαι
557 2345 746 2416 τολμᾷ,
785 2347 1028 2419 ἀνάθεμα
1049 2349 1206 2404 ἔστω.
1236 2352 1403 2416 Εἴτις
1431 2355 1570 2406 κατὰ
1595 2357 1902 2425 πρόγνωσιν

337 2435 429 2486 τὸν
451 2437 514 2487 ὲκ
543 2437 762 2508 Μαρίας
793 2438 939 2506 λέγοι
982 2440 1092 2492 υἱὸν
1123 2435 1282 2503 εἶναι,
1329 2445 1421 2494 καὶ
1455 2443 1529 2514 μὴ
1563 2444 1666 2514 πρὸ
1691 2445 1902 2499 αἰώνων

335 2526 400 2596 ἐκ
433 2527 526 2579 τοῦ
558 2527 770 2595 Πατρὸς
813 2529 1204 2598 γεγεννημένον
1253 2531 1387 2601 πρὸς
1433 2532 1524 2585 τὸν
1561 2533 1693 2586 Θεὸν
1733 2534 1896 2600 εἶναι,

338 2617 432 2669 καὶ
458 2617 525 2670 δι’
562 2617 725 2670 αὐτοῦ
753 2620 1078 2690 γεγενῆσθαι
1103 2620 1174 2673 τὰ
1217 2621 1424 2686 πάντα,
1455 2623 1702 2694 ἀνάθεμα
1737 2625 1899 2682 ἔστω.

339 2707 404 2758 Ei
435 2724 516 2770 τις
546 2707 644 2778 τὴν
675 2709 859 2763 οὐσίαν
888 2709 980 2764 τοῦ
1005 2711 1138 2764 Θεοῦ
1184 2711 1538 2768 πλατύνεσθαι
1557 2754 1572 2779 ,
1603 2715 1635 2786 ἢ
1683 2715 1902 2768 συστέλ-

337 2795 524 2850 λεσθαι
563 2798 796 2865 φάσκοι,
837 2800 1080 2870 ἀνάθεμα
1111 2801 1268 2856 ἔστω.
1303 2803 1371 2856 Εἴ
1390 2822 1472 2868 τις
1496 2804 1902 2878 πλατυνομένην

338 2885 436 2958 τὴν
463 2889 651 2941 οὐσίαν
668 2889 760 2942 τοῦ
785 2891 916 2944 Θεοῦ
944 2893 1034 2945 τὸν
1056 2893 1182 2946 Υἱὸν
1202 2894 1347 2961 λέγοι
1367 2897 1560 2959 ποιεῖν,
1587 2896 1620 2966 ἢ
1648 2897 1739 2950 τὸν
1763 2898 1900 2951 πλα-

339 2981 543 3049 τυσμὸν
587 2980 686 3050 τῆς
727 2982 914 3046 οὐσίας
958 2983 1124 3037 αὑτοῦ
1170 2983 1297 3036 Υἱὸν
1325 2983 1613 3053 ὀνομάζει,
1653 2986 1901 3056 ἀνάθεμα

339 3069 500 3124 ἔστω.
534 3071 704 3136 Είτις
729 3072 1025 3127 ἐνδιάθετον
1053 3074 1085 3142 ἢ
1117 3075 1442 3145 προφορικὸν
1460 3074 1612 3144 λόγον
1643 3076 1790 3145 λέγοι
1810 3077 1901 3132 τὸν

338 3158 468 3213 Υἰὸν
488 3159 584 3213 τοῦ
608 3160 764 3226 Θεοῦ,
795 3161 1037 3233 ἀνάθεμα
1059 3162 1216 3216 ἔστω.
1249 3163 1318 3216 Εἴ
1329 3181 1411 3227 τις
1440 3164 1722 3236 ἄνθρωπον
1742 3167 1900 3237 μόνον
1927 3149 1974 3210 C

340 3249 486 3318 λέγοι
507 3249 600 3301 τὸν
625 3250 748 3303 Υἱὸν
772 3251 862 3305 τὸν
894 3254 956 3304 ὲκ
986 3252 1199 3322 Μαρίας
1221 3292 1236 3317 ,
1266 3253 1511 3325 ἀνάθεμα
1549 3255 1708 3310 ἔστω.
1736 3257 1803 3310 Ei’
1818 3275 1901 3323 τις

340 3339 471 3393 Θεὸν
497 3340 592 3392 καὶ
617 3339 898 3412 ἄνθρωπον
929 3342 1019 3396 τὸν
1054 3344 1119 3396 ὲκ
1164 3344 1384 3415 Μαρίας
1415 3345 1606 3414 λέγων,
1647 3348 1779 3401 Θεὸν
1811 3349 1901 3402 τὸν

339 3430 633 3501 ἀγέννητον
657 3431 816 3486 αὐτὸν
841 3435 977 3494 νοεῖ,
1004 3432 1249 3505 ἀνάθεμα
1283 3434 1443 3491 ἔστω.
1461 3436 1529 3490 Εἴ
1547 3455 1629 3504 τις
1658 3439 1735 3506 τὸ,
1756 3441 1903 3513 Ἐγὼ

342 3521 486 3586 Θεὸς
512 3520 762 3590 πρῶτος,
794 3524 887 3577 καὶ
916 3525 1028 3593 ἐγὼ
1053 3527 1411 3595 parataita,
1441 3530 1536 3583 καὶ
1572 3531 1740 3600 πλὴν
1757 3533 1903 3600 ἐμοῦ

341 3613 450 3665 οὐκ
491 3612 628 3667 ἐστι
668 3614 831 3679 Θεὸς,
871 3616 931 3669 τὸ
967 3618 1051 3669 ἐπ’
1082 3619 1355 3691 ἀναιρέσει
1393 3622 1623 3676 εἰδώλων
1664 3627 1756 3678 καὶ
1795 3626 1903 3679 τῶν

346 3702 421 3772 μὴ
449 3703 620 3756 ὄντων
649 3702 786 3757 θεῶν
817 3707 1119 3776 εἰρημένον,
1143 3710 1227 3761 ἐπ’
1254 3713 1528 3782 ἀναιρέσει
1550 3713 1644 3766 τοῦ
1681 3732 1902 3784 μονογε-

343 3792 464 3855 νοῦς
499 3794 608 3878 πρὸ
636 3794 744 3846 τῶν
783 3795 990 3850 αἰώνων
1023 3798 1155 3850 Θεοῦ
1197 3799 1494 3865 Ἰουδαϊκῶς
1534 3805 1862 3874 ἐκλαμόάνοι
1886 3846 1900 3870 ,

342 3883 590 3954 ἀνάθεμα
616 3883 774 3940 ἔστω.
821 3887 886 3938 Et
909 3904 990 3949 τις
1027 3888 1087 3940 τὸ
1107 3928 1120 3952 ,
1170 3890 1231 3942 '0
1271 3893 1466 3960 Λόγος
1486 3895 1640 3962 σὰρξ
1667 3895 1903 3965 ἐγένετο

327 3973 577 4043 ἀκούων,
603 3975 692 4028 τὸν
710 3976 880 4044 Λόγον
908 3980 988 4042 εἰς
1010 3980 1185 4050 σάρκα
1211 3982 1646 4054 μεταϐεϐλῆσθαι
1671 3987 1901 4057 νομίζοι,

343 4063 378 4134 ἦ
407 4066 618 4136 τροπὴν
670 4067 1122 4140 ὑπομεμενηκότα
1169 4071 1512 4143 ἀνειληφέναι
1553 4074 1654 4146 τὴν
1703 4078 1902 4148 σάρκα,

342 4155 590 4226 ἀνάθεμα
627 4157 786 4212 ἔστω.
838 4158 906 4212 EI
930 4177 1015 4223 τις
1047 4161 1138 4214 τὸν
1173 4167 1430 4236 μονογενῆ
1459 4166 1580 4219 Υίὸν
1623 4167 1718 4220 τοῦ
1769 4170 1903 4224 Θεοῦ

342 4249 755 4320 ἐσταυρωμένον
782 4251 1012 4315 ἀκούων,
1043 4252 1248 4323 φθοράν
1276 4253 1309 4324 ἢ
1343 4255 1512 4319 πάθος
1545 4256 1681 4329 (98),
1707 4259 1740 4328 ἢ
1780 4277 1905 4330 τρο-

343 4339 470 4409 τὴν,
500 4339 535 4410 ἢ
572 4341 816 4409 μείωσιν,
847 4341 879 4410 ἢ
913 4343 1191 4414 ἀναίρεσιν
1231 4346 1703 4416 ὑπομεμενηκέναι
1731 4350 1900 4419 λέγοι,

2004 1911 2202 1966 Filium
2234 1910 2373 1965 duos
2402 1911 2603 1965 dixerit
2632 1912 2791 1975 Deos,
2821 1911 3104 1964 anathema
3130 1910 3220 1963 sit.
3270 1911 3336 1964 Et
3369 1911 3413 1964 si
3457 1911 3583 1980 quis

2001 1999 2280 2055 Christum
2320 2001 2492 2056 Deum
2540 2002 2746 2071 Deique
2794 2002 2992 2055 Filium
3045 2010 3172 2056 ante
3227 2003 3423 2056 saecula
3467 2018 3583 2058 esse

2003 2090 2211 2155 dicens,
2254 2091 2509 2146 eumdem
2540 2107 2650 2145 non
2685 2091 3018 2146 conﬁteatur
3051 2093 3104 2145 in
3141 2091 3416 2144 creatione
3464 2107 3583 2144 om-

2001 2180 2155 2233 nium
2213 2197 2395 2234 rerum
2440 2181 2588 2235 Patri
2641 2181 3006 2245 ministrasse,
3044 2181 3332 2234 anathema
3384 2180 3473 2234 sit.
3525 2179 3582 2235 Si

2002 2275 2126 2345 quis
2165 2276 2486 2345 ingenitum,
2523 2285 2616 2330 aut
2658 2284 2869 2346 partem
2898 2278 3035 2345 ejus,
3063 2292 3128 2328 ex
3178 2276 3345 2329 Maria
3393 2284 3582 2329 natum

2002 2382 2120 2421 esse
2150 2367 2346 2420 audeat
2373 2368 2578 2430 dicere,
2611 2369 2899 2421 anathema
2921 2368 3010 2420 sit.
3044 2367 3098 2420 Si
3132 2369 3255 2435 quis
3280 2368 3581 2420 secundum

2001 2457 2400 2527 przescientiam
2451 2474 2520 2512 ex
2563 2458 2730 2512 Maria
2764 2458 2911 2511 dicat
2945 2458 3141 2511 Filium
3171 2473 3311 2520 esse,
3341 2473 3447 2510 non
3487 2473 3582 2511 au-

2003 2548 2112 2599 tem
2143 2554 2268 2601 ante
2299 2549 2495 2601 saecula
2526 2564 2593 2601 ex
2627 2549 2784 2602 Patre
2823 2554 3008 2600 natum
3036 2546 3178 2615 apud
3223 2547 3392 2600 Deum
3441 2561 3580 2609 esse,

2001 2645 2058 2691 et
2090 2652 2186 2706 per
2226 2653 2353 2692 eum
2397 2638 2540 2692 facta
2585 2638 2751 2691 fuisse
2799 2639 3004 2702 omnia,
3053 2636 3343 2690 anathema
3387 2636 3475 2688 sit.
3527 2635 3582 2688 Si

2002 2726 2126 2795 quis
2159 2725 2521 2780 substantiam
2568 2727 2663 2780 Dei
2714 2726 2932 2780 dilatari
2987 2732 3081 2780 aut
3121 2723 3370 2780 contrahi
3415 2724 3582 2789 dicat,

2002 2816 2292 2871 anathema
2321 2817 2410 2872 sit.
2459 2816 2514 2871 Si
2566 2817 2689 2885 quis
2739 2817 3020 2870 dilatatam
3071 2815 3430 2870 substantiam
3486 2815 3582 2868 Dei

2001 2905 2200 2961 Filium
2266 2907 2448 2961 facere
2490 2907 2658 2969 dicat,
2711 2914 2806 2959 aut
2847 2904 3222 2962 dilatationem
3267 2905 3584 2959 substantia:

2001 2999 2122 3068 ejus
2143 2998 2390 3052 nominet
2409 2997 2626 3061 Filium,
2650 2997 2937 3050 anathema
2963 2997 3052 3050 sit.
3078 2995 3132 3050 Si
3157 2995 3280 3064 quis
3304 2995 3582 3050 internum

2003 3095 2098 3142 aut
2121 3089 2453 3158 prolativum
2483 3087 2710 3141 verbum
2745 3087 2947 3141 dixerit
2986 3087 3081 3140 Dei
3112 3086 3332 3150 Filium,
3358 3087 3585 3139 anathe-

2004 3193 2092 3232 ma
2128 3179 2218 3232 sit.
2245 3177 2449 3248 Siquis
2488 3177 2686 3230 Filium
2719 3193 2786 3231 ex
2829 3176 2998 3230 Maria
3045 3183 3255 3239 natum,
3307 3175 3584 3230 hominem

2006 3274 2217 3322 tantum
2241 3283 2360 3322 esse
2393 3267 2559 3329 dicat,
2588 3265 2876 3320 anathema
2906 3267 2995 3319 sit.
3037 3265 3091 3320 Si
3138 3265 3261 3335 quis
3306 3266 3474 3319 Deum
3528 3274 3583 3318 et

2006 3358 2284 3414 hominem
2313 3373 2382 3412 ex
2419 3357 2585 3412 Maria
2623 3364 2814 3411 natum
2866 3371 2985 3411 esse
3031 3356 3238 3418 dicens,
3281 3355 3582 3424 ingenitum

2005 3449 2184 3519 ipsum
2213 3449 2500 3518 intelligat,
2540 3447 2830 3501 anathema
2871 3447 2959 3500 sit.
3001 3445 3056 3500 Si
3094 3445 3218 3515 quis
3266 3443 3400 3498 illud
3436 3443 3584 3512 quod

2005 3540 2269 3609 scriptum
2297 3548 2415 3593 est:
2463 3539 2577 3606 Ego
2607 3539 2746 3592 Deus
2786 3539 3005 3607 primus,
3037 3545 3084 3588 et
3121 3551 3212 3606 ego
3253 3543 3452 3605 postea,
3491 3549 3585 3588 nec

2004 3641 2082 3685 est
2106 3629 2246 3685 alius
2274 3630 2416 3684 Deus
2461 3638 2654 3700 praeter
2705 3629 2885 3693 me";
2929 3626 3076 3697 quod
3115 3626 3335 3694 quidem
3376 3625 3582 3679 dictum

2004 3721 2175 3776 estad
2211 3720 2631 3774 simulacrorum
2682 3727 2737 3773 et
2783 3719 3044 3772 falsorum
3087 3715 3372 3770 numinum
3431 3730 3583 3768 ever-

2005 3813 2242 3874 sionem,
2277 3810 2507 3864 Judaico
2529 3826 2678 3862 more
2702 3808 2984 3877 intelligat,
3013 3805 3167 3875 quasi
3195 3805 3400 3858 dictum
3424 3803 3493 3857 sit
3514 3803 3580 3857 ad

2007 3902 2422 3955 subversionem
2457 3900 2720 3969 unigeniti
2747 3899 2866 3952 Filii
2899 3898 2993 3960 Dei
3021 3897 3113 3966 qui
3144 3904 3228 3951 est
3265 3903 3388 3950 ante
3417 3911 3580 3949 saxu-

2012 3993 2086 4057 la,
2120 3993 2409 4046 anathema
2437 3991 2526 4045 sit.
2557 3991 2612 4046 Si
2652 3991 2776 4060 quis
2811 3990 3041 4044 audiens
3066 3990 3182 4044 hazc
3226 3989 3410 4054 verba,
3456 3989 3580 4041 Ver-

2009 4080 2130 4134 bum
2164 4098 2288 4135 caro
2325 4081 2523 4150 factum
2566 4089 2640 4133 est
2659 4080 2724 4144 ",
2763 4079 3003 4133 Verbum
3044 4079 3100 4132 in
3140 4093 3358 4132 carnem
3407 4087 3578 4131 muta—

2006 4178 2121 4225 tum
2152 4187 2272 4225 esse
2293 4171 2588 4234 existimet,
2613 4178 2708 4223 aut
2749 4169 3168 4223 conversionem
3200 4169 3436 4236 aliquam
3478 4182 3576 4235 pa-

2007 4259 2192 4314 tiendo
2227 4260 2583 4328 assumpsisse
2617 4274 2857 4321 carnem,
2882 4259 3170 4311 anathema
3209 4257 3298 4310 sit.
3345 4256 3400 4310 Si
3456 4257 3578 4324 quis

2004 4352 2346 4422 unigenitum
2373 4351 2569 4404 Filium
2594 4350 2690 4402 Dei
2718 4348 2945 4402 audiens
2970 4363 3088 4402 esse
3119 4345 3459 4408 cruciﬁxum,
3489 4344 3575 4398 di-

341 4428 588 4500 ἀνάθεμα
615 4428 847 4483 ἔστω.Εῐ
869 4448 951 4494 τις
977 4429 1058 4493 τὸ,
1089 4431 1436 4502 Ποιήσωμεν
1465 4435 1795 4503 ἄνθρωπον,
1828 4440 1900 4510 μὴ

2005 4443 2287 4497 vinitatem
2317 4442 2436 4510 ejus
2462 4438 2821 4508 corruptioni,
2853 4446 2947 4491 aut
2970 4436 3232 4506 passioni,
3273 4443 3368 4490 aut
3402 4443 3574 4488 muta-

342 4518 431 4587 τὸν
459 4519 679 4591 Πατέρα
710 4521 842 4590 πρὸς
867 4519 958 4574 τὸν
1004 4522 1132 4575 Υίὸν
1155 4523 1351 4592 λέγειν,
1395 4525 1529 4578 ἀλλά
1570 4527 1730 4580 αὑτὸν
1768 4529 1905 4600 πρὸς

2008 4533 2144 4587 tioni
2173 4533 2330 4603 126
2357 4531 2648 4586 obnoxiam
2680 4525 2846 4584 fuisse
2876 4529 3043 4594 dicat,
3076 4536 3131 4582 et
3155 4527 3570 4581 diminutionem

343 4609 531 4662 ἑαυτὸν
549 4607 698 4676 λέγοι
726 4609 814 4662 τὸν
827 4609 956 4662 Θεὸν
975 4612 1275 4682 εἰρηκέναι,
1292 4613 1539 4684 ἀνάθεμα
1560 4613 1717 4670 ἔστω.
1739 4619 1806 4672 EI
1821 4636 1904 4682 τις

2010 4624 2248 4694 aliquam
2271 4625 2355 4678 vel
2386 4622 2669 4677 interitum
2693 4620 3036 4681 sustinuisse,
3069 4618 3352 4672 anathema
3392 4617 3478 4670 sit.
3518 4614 3573 4668 Si

349 4699 548 4768 μὴ’τὸν
591 4701 716 4753 Υἱὸν
738 4701 883 4768 λέγοι
909 4702 986 4772 τῷ
1028 4703 1274 4775 Ἀϐραὰμ
1300 4706 1568 4775 ἑωρᾶσθαι
1591 4745 1604 4770 ,
1640 4707 1774 4761 ἀ).λά
1815 4710 1905 4764 τὸν

2011 4714 2136 4784 quis
2161 4713 2316 4778 illud,
2339 4712 2619 4767 Faciamus
2639 4709 2980 4772 hominem“,
3003 4724 3111 4762 non
3132 4709 3346 4762 Patrem
3377 4705 3576 4759 dixisse

348 4789 634 4860 ἀγέννητον
650 4791 823 4862 Θεὸνῆ
853 4792 1013 4863 μέρος
1023 4793 1210 4857 αὐτοῦ,
1228 4793 1470 4865 ἀνάθεμα
1486 4794 1716 4851 ἔστω.Εί
1727 4815 1809 4863 τις
1830 4799 1905 4870 τῷ

2012 4805 2080 4860 ad
2105 4805 2323 4869 Filium,
2358 4803 2453 4859 sed
2490 4803 2557 4857 ad
2597 4802 2944 4870 semetipsum
2977 4799 3218 4852 locutum
3259 4813 3376 4852 esse
3407 4797 3576 4850 Deum

412 4949 586 5006 “15a.
619 4965 726 5018 xu,
754 4950 825 5019 ις
851 4966 991 5016 ntv,
1025 4951 1092 5016 6;
1116 4968 1298 5021 xum,
1338 4953 1423 5019 12.
1499 4955 1544 4987 ⁵³
1568 4956 1722 5012 Joan.
1759 4976 1797 5026 ι,
1843 4961 1905 5015 Μ

2007 4961 2052 4994 ’⁵⁸
2081 4962 2216 5018 Gen.
2248 4979 2286 5027 l,
2321 4963 2407 5017 26.

1533 5094 1801 5152 VALESII
1837 5095 2385 5163 ANNOTATIONES.

415 5228 527 5302 (97)
546 5224 732 5302 391..-“
748 5243 841 5302 Τις
1079 5226 1184 5302 τρι·
1205 5228 1486 5302 Χριστόν·
1512 5230 1684 5302 Aliter
1707 5231 1904 5302 legisse

2010 5232 2192 5296 nodis,
2222 5231 2314 5286 hic
2357 5229 2864 5302 anathematismus~
2890 5228 2964 5302 ita
3010 5227 3316 5302 concipitur
3347 5242 3363 5302 ξ
3401 5226 3468 5302 Et
3491 5239 3574 5286 τις

344 5294 567 5369 videtur
589 5295 853 5369 Hilarius.
868 5294 1020 5369 Nam
1037 5297 1093 5350 in
1115 5294 1257 5351 libro
1269 5299 1354 5369 _De
1380 5300 1602 5369 synodis
1621 5294 1905 5356 bancvﬁdci

2012 5302 2102 5355 τὸν
2159 5294 2416 5369 μονογενῆ
2448 5298 2701 5369 Υίὸνμτοῦ
2736 5298 2866 5369 Θεοῦ
2906 5294 3316 5369 ἐσταυρωμένον
3342 5294 3570 5369 ἀκούων.

346 5367 634 5439 formulam
677 5365 955 5439 referens,
1007 5365 1083 5419 ita
1140 5367 1308 5421 vertit
1344 5386 1368 5439 :_
1405 5359 1475 5422 Et
1517 5371 1562 5423 si
1596 5373 1710 5439 quis
1743 5388 1905 5423 unum

2013 5371 2111 5438 τὴν
2154 5359 2600 5439 θεότητα-ίαὺτοῦ
2641 5366 2922 5439 φθορὰν-ἦ
2976 5359 3176 5439 πάθος,
3230 5371 3358 5439 etc._
3387 5363 3571 5430 Neque

347 5439 517 5508 {iocus
572 5433 1059 5508 Qeum,_Christum
1086 5444 1295 5508 _aute-mi
1333 5437 1497 5490 Deum
1539 5431 1660 5492 an'te
1712 5439 1907 5493 saecula
2014 5431 2171 5508 aliter
2195 5431 2325 5508 legit
2349 5437 2627 5508 Ililarius._
2653 5431 2922 5508 Sic'enjm
2955 5436 3133 5508 verti_t_
3161 5435 3305 5486 hunc
3346 5431 3522 5508 locum
3552 5446 3566 5479 τ

348 5505 538 5559 Filium
573 5501 690 5576 Dei,
733 5504 1028 5576 obsecutum
1077 5503 1233 5558 Patri
1280 5507 1335 5559 in
1384 5510 1646 5562 creatione
1674 5509 1908 5562 omnium
2013 5506 2070 5560 Si
2125 5498 2277 5576 quis:
2313 5507 2524 5559 unicum
2580 5504 2773 5558 Filium
2814 5503 2911 5556 Dei
2958 5502 3262 5576 cruci/imitri}
3324 5498 3567 5576 audiens!

348 5571 776 5646 ποτιςοηιῖεειιιῖ.
819 5574 1097 5646 αηαυιεηια
1120 5577 1207 5646 εξι-
1288 5643 1297 5646 _
2011 5568 2259 5646 deitatem
2313 5577 2424 5644 ejus
2473 5576 2877 5646 corruptionem,
2906 5572 2984 5625 vel
3020 5568 3437 5646 possibilitatem,
3475 5572 3570 5618 aut

403 5642 512 5713 (98)
577 5637 837 5713 ᾎκοτᾷων
874 5643 1098 5713 φθορᾲν
1134 5643 1172 5713 ἣ
1219 5643 1438 5710 πάθος,
1471 5655 1576 5700 etc.
1621 5647 1680 5700 In
1719 5646 1905 5701 codice

2012 5637 2436 5709 denmtatiouizm,
2463 5653 2556 5697 aut
2595 5637 3029 5713 diminutionem,
3050 5639 3128 5694 uel
3158 5637 3566 5704 interfectionem

351 5709 548 5782 Leonis
574 5709 787 5782 Allatii,
824 5718 881 5765 et
907 5710 1047 5777 apud
1072 5709 1428 5769 Athanasium
1459 5715 1511 5769 in
1535 5715 1678 5770 libro
1704 5715 1779 5771 De
1813 5732 1900 5788 εχ-
2011 5715 2315 5774 sustinuisse
2341 5714 2502 5775 dicat,
2537 5713 2816 5766 anathema
2840 5712 2924 5763 sit.
