4026 6338
411 390 518 448 983
1868 387 2008 444 50C]

2110 385 2200 440 l‘lS
3560 379 3664 434 εδδ

415 513 647 571 asserat,
673 505 960 561 anathema
981 505 1070 560 sit.
1093 505 1149 561 Si
1180 505 1305 576 quis
1323 519 1433 560 non
1459 502 1654 559 Filium
1680 502 1991 556 Abrahamo

2110 498 2300 553 Ἰακὼϐ
2333 497 2444 567 (99)
2477 497 2549 568 μὴ
2575 497 2665 552 τὸν
2693 498 2820 550 Υἱδν
2839 497 2914 560 ὼς
2942 497 3226 567 ἄνθρωπον
3249 493 3664 559 πεπαλαικέναι,

416 596 598 650 visum
628 609 748 650 esse
773 594 1000 660 dicat",
1021 594 1115 648 sed
1144 593 1442 664 ingenitum
1462 593 1632 648 Deum
1661 600 1756 647 aut
1781 600 1991 662 partem

2110 591 2227 645 Ῐιλλά
2260 591 2350 643 τὸν
2373 589 2663 657 ἀγέννητον
2683 588 2836 652 Θεὸν,
2870 587 2904 658 ἦ
2943 587 3105 658 μέρος
3133 585 3295 640 αὑτοῦ
3323 585 3472 655 λέγοι
3491 626 3505 651 ,
3533 587 3666 640 ἀνάο

416 687 557 755 eius,
589 684 877 740 anathema
920 684 1007 739 sit.
1062 683 1116 738 Si
1154 684 1277 754 quis
1321 699 1432 739 non
1478 683 1677 739 Filium
1736 691 1993 754 tanquam

2110 681 2238 753 ispa.
2273 680 2428 734 ἔστω.
2471 680 2534 733 Et
2563 697 2647 742 τις
2677 679 2758 743 τὸ,
2810 679 3056 746 Ἕϐρεξε
3093 679 3306 745 Κύριος
3350 677 3508 744 παρὰ
3555 681 3668 733 Κυ-

419 773 700 828 hominem
733 790 858 829 cum
883 775 1086 830 Iacobo
1118 775 1472 835 colluctatum
1501 790 1622 830 esse
1643 775 1870 841 dicat“,
1897 774 1994 830 sed

2110 773 2247 838 που,
2289 773 2362 843 μὴ
2409 773 2502 826 ἐπὶ
2535 771 2626 826 τοῦ
2662 772 2876 843 Πατρδς
2899 773 2991 825 καὶ
3029 770 3121 824 τοῦ
3152 771 3278 823 Υἱοῦ
3311 770 3665 840 ἐκλαμϐάνοι,

423 863 726 934 ingenitum
751 863 922 918 Deum
946 873 1039 918 aut
1058 875 1266 935 partem
1293 865 1461 929 illius,
1484 867 1774 920 anathema
1800 866 1890 921 sit.
1937 865 1994 922 Si

423 955 547 1024 quis
568 953 724 1020 illud,
770 954 916 1009 Pluit
942 954 1196 1010 Dominus
1243 974 1275 1010 a
1311 957 1535 1010 Domino
1549 957 1618 1023 ",
1650 973 1761 1011 non
1792 957 1860 1012 de
1890 957 1996 1012 Pa-

427 1053 509 1100 tre
537 1060 601 1100 ac
629 1045 767 1100 Filio
794 1045 1194 1116 intelligat,sed
1217 1047 1396 1118 ipsum
1422 1063 1454 1102 a
1479 1047 1774 1118 semetipso
1793 1048 1997 1118 pluisse

425 1136 591 1200 dicat,
629 1136 918 1191 anathema
948 1137 1036 1192 sit.
1072 1138 1220 1192 Pluit
1262 1138 1406 1193 enim
1446 1139 1710 1194 Dominus
1755 1139 1926 1194 Filius
1967 1154 1996 1193 a

427 1228 656 1282 Domino
679 1229 858 1283 Patre.
895 1229 951 1284 Si
978 1231 1101 1300 quis
1121 1231 1347 1286 audiens
1377 1232 1664 1286 Dominum
1701 1232 1917 1287 Patrem
1946 1240 2002 1286 et

431 1319 718 1373 Dominum
735 1319 954 1385 Filium,
969 1330 1062 1375 aut
1075 1323 1361 1377 Dominum
1374 1323 1590 1378 Patrem
1603 1332 1657 1378 et
1672 1323 1888 1386 Filium,
1907 1331 2002 1378 aut

432 1406 697 1464 Dominus
719 1427 787 1465 ex
807 1411 1039 1466 Domino
1056 1413 1263 1479 dicens,
1296 1414 1434 1470 duos
1453 1415 1654 1469 dixerit
1681 1415 1841 1480 Deos,
1870 1430 2002 1468 ana-

434 1501 613 1555 thema
649 1501 737 1556 sit.
766 1501 884 1557 Non
923 1504 1069 1557 enim
1108 1505 1304 1558 Filium
1333 1521 1680 1575 exaequamus
1707 1506 1875 1570 Patri,
1909 1506 2002 1560 sed

431 1590 738 1660 subjectum
760 1592 838 1646 illi
858 1608 976 1647 esse
998 1594 1367 1665 intelligimus.
1385 1595 1573 1666 Neque
1593 1597 1740 1651 enim
1765 1597 1882 1651 sine
1905 1613 2003 1650 vo-

430 1679 638 1736 luntate
656 1681 834 1738 Patris
853 1683 1132 1738 descendit
1153 1685 1464 1752 Sodomam,
1497 1703 1674 1758 neque
1706 1689 1843 1758 pluit
1863 1704 1894 1742 a
1923 1704 2007 1742 se-

431 1771 684 1842 metipso,
704 1773 798 1829 sed
819 1775 1113 1841 aDomino,
1136 1777 1239 1831 hoc
1255 1784 1338 1832 est
1367 1794 1397 1831 a
1434 1779 1615 1842 Patre,
1645 1795 1812 1848 penes
1841 1795 2004 1849 quem

2095 863 2209 917 ἀλλ’
2245 864 2406 916 αὐτὸν
2446 865 2576 935 παρ’
2615 862 2810 917 ἑαυτοῦ
2839 863 2986 931 λέγοι
3034 862 3387 933 βεϐρεχέναι,
3420 860 3673 930 ἀνάθεμα

2095 955 2252 1009 ἔστω.
2281 954 2506 1026 Ἐϐρεξε
2541 956 2649 1026 γάρ
2677 953 2883 1026 Κύριος
2910 955 2937 1006 ὁ
2973 953 3122 1016 Υἱὸς,
3154 952 3305 1020 παρά
3336 951 3542 1022 Κυρίου
3577 951 3672 1004 τοῦ

2097 1045 2327 1118 Πατρός.
2352 1045 2516 1110 Εῐτις
2537 1046 2746 1099 ἀκούων
2764 1045 2967 1116 Κύριον
2989 1046 3060 1113 (1)
3082 1043 3170 1096 τὸν
3199 1043 3440 1113 Πατέρα,
3466 1041 3558 1095 καὶ
3583 1041 3674 1094 τὸν

2101 1139 2226 1194 Υῐδν
2265 1139 2492 1210 Κύριον,
2528 1139 2620 1193 καὶ
2667 1137 2874 1209 Κύριον
2905 1137 2995 1190 τὸν
3033 1135 3252 1206 Πατέρα
3283 1136 3377 1188 καὶ
3413 1133 3508 1188 τδν
3541 1132 3674 1185 Υῐδν

2099 1229 2264 1294 εἴποι,
2295 1230 2392 1282 καὶ
2414 1227 2617 1298 Κύριος
2657 1228 2721 1280 ὲκ
2743 1227 2950 1298 Κυρίου
2974 1225 3170 1294 λέγων,
3195 1225 3286 1278 δύο
3303 1225 3451 1292 λέγοι
3481 1223 3670 1286 Θεοὺς.

2100 1318 2349 1388 ἀνάθεμα
2394 1318 2552 1371 ἔστω.
2601 1315 2678 1371 Οὐ
2721 1315 2830 1388 γάρ
2875 1314 3246 1385 συντάσσομεν
3293 1315 3384 1367 τὸν
3422 1313 3554 1366 Υῐδν
3595 1313 3675 1384 τῷ

2102 1408 2320 1480 [la-cpt,
2353 1408 2468 1460 ἀλλ’
2523 1405 2964 1476 ὑποτεταγμένον
3012 1404 3090 1475 τῷ
3133 1405 3326 1474 Πατρί.
3389 1402 3527 1458 Οὔτε
3563 1403 3677 1476 γάρ

2102 1497 2369 1568 κατῆλθεν
2384 1501 2462 1563 εις
2491 1499 2648 1568 σῶμα
2676 1497 2844 1551 τἄνευ
2879 1495 3075 1566 βουλῆς
3112 1494 3204 1548 τοῦ
3255 1494 3465 1563 Πατρός
3485 1512 3499 1525 ο
3554 1493 3677 1546 οὐδὲ

2104 1588 2323 1658 ἔϐρεξεν
2341 1587 2432 1656 ἀφ’
2461 1586 2681 1650 ἑαυτοῦ,
2703 1585 2842 1639 ἀλλά
2862 1583 3012 1655 παρὰ
3032 1584 3238 1653 Κυρίου
3268 1583 3675 1644 αὑθεντοῦντος,

2104 1663 2304 1750 δῆλαδὴ
2351 1677 2447 1731 τοῦ
2496 1676 2730 1747 Πατρός.
2777 1673 2916 1727 Οὔτε
2967 1665 3199 1743 κάθηται
3241 1675 3304 1726 ὲκ
3348 1672 3535 1738 δεξιῶν
3584 1673 3681 1739 ἀφ’

2107 1769 2320 1834 ἑαυτοῦ,
2349 1768 2462 1822 ἀλλ’
2486 1766 2670 1822 ἀκούει
2692 1765 2786 1820 τοῦ
2809 1760 3020 1837 Πατρὸς
3043 1764 3310 1834 λέγοντος·
3333 1764 3529 1818 Κάθου
3555 1772 3576 1800 ³
3610 1763 3680 1815 ἐκ

431 1873 515 1918 est
529 1867 850 1920 auctoritas.
861 1867 971 1921 Nec
987 1868 1138 1922 sedet
1150 1869 1202 1922 in
1219 1868 1440 1923 dextera
1454 1869 1629 1924 Patris
1643 1886 1673 1923 a
1688 1871 2000 1940 semetipso;

2110 1859 2320 1924 δεξιῶν
2335 1878 2478 1929 μου,
2501 1857 2744 1928 ἀνάθεμα
2767 1855 2925 1911 ἔστω.
2952 1857 3111 1920 Εῐτις
3131 1855 3222 1908 τὸν
3240 1856 3458 1926 Πατέρα
3475 1855 3567 1905 καὶ
3589 1854 3682 1906 τὸν

434 1958 528 2010 sed
563 1959 777 2013 Patrem
797 1961 950 2013 audit
977 1961 1270 2026 dicentem,
1299 1962 1430 2017 Sede
1463 1982 1494 2016 α
1526 1965 1720 2017 dextris
1744 1966 1868 2017 meis
1882 1964 2009 2018 ".Si

433 2046 558 2115 quis
577 2047 814 2114 Patrem,
828 2050 1023 2104 Filium
1041 2061 1094 2104 et
1111 2051 1372 2122 Spiritum
1393 2059 1638 2106 sanctum
1653 2069 1814 2106 unam
1825 2067 2013 2122 perso-

435 2151 560 2189 nam
584 2152 702 2192 esse
723 2137 885 2203 dicat,
914 2141 1201 2195 anathema
1224 2141 1314 2196 sit.
1350 2141 1406 2196 Si
1427 2143 1550 2210 quis
1574 2140 1836 2212 Spiritum
1888 2157 2013 2200 san-

435 2234 582 2279 ctum
599 2228 937 2284 Paracletum
954 2231 1464 2302 dicens,ingenitum
1475 2232 1645 2287 Deum
1661 2232 2013 2297 dixerit,ana-

437 2319 617 2373 thema
641 2319 728 2373 sit.
762 2319 817 2375 Si
846 2321 968 2391 quis
997 2338 1106 2376 non
1127 2324 1294 2377 alium
1322 2339 1486 2393 quam
1513 2324 1709 2377 Filium
1727 2323 1871 2378 dicat
1891 2339 2010 2379 esse

436 2409 796 2478 Paracletum,
836 2413 978 2467 sicut
1010 2413 1124 2482 ipse
1150 2414 1320 2470 Filius
1348 2430 1447 2470 nos
1474 2415 1680 2480 docuit,
1709 2431 1832 2469 cum
1865 2415 2012 2470 dice-

438 2509 552 2554 ret:
585 2501 763 2556 Alium
807 2501 1143 2558 Paracletum
1171 2507 1337 2559 mittet
1369 2507 1507 2560 vobis
1538 2505 1703 2560 Pater
1725 2524 1876 2576 quem
1919 2523 2010 2576 ego

437 2591 708 2660 rogabo",
739 2593 1028 2652 anathema
1059 2595 1147 2648 sit.
1168 2594 1224 2650 Si
1244 2596 1366 2665 quis
1391 2595 1656 2666 Spiritum
1681 2604 1891 2667 partem
1909 2597 2012 2650 Pa-

437 2680 538 2734 tris
567 2689 622 2734 et
647 2681 770 2735 Filii
797 2697 916 2736 esse
949 2683 1169 2747 dixerit,
1201 2685 1491 2740 anathema
1517 2685 1606 2740 sit.
1637 2685 1692 2740 Si
1735 2686 1858 2756 quis
1903 2685 2008 2739 Pa-

439 2779 661 2826 tremet
692 2773 890 2827 Filium
930 2782 986 2828 et
1039 2775 1302 2846 Spiritum
1352 2786 1600 2832 sanctum
1649 2785 1762 2831 tres
1811 2777 2011 2831 dixerit

436 2863 597 2926 Deos,
640 2863 1058 2920 anathema-sit.
1090 2865 1143 2920 Si
1193 2867 1319 2937 quis
1366 2867 1566 2921 Filium
1600 2867 1695 2922 Dei
1729 2868 2008 2924 voluntate

438 2952 614 3007 Patris
636 2961 892 3023 tanquam
927 2971 1087 3010 unam
1126 2973 1192 3011 ex
1219 2959 1485 3013 creaturis
1525 2953 1797 3020 exstitisse
1839 2959 2004 3024 dicat,

437 3041 729 3096 anathema
761 3041 847 3100 sit.
881 3042 937 3098 Si
965 3046 1089 3114 quis
1114 3046 1311 3100 Filium
1341 3062 1449 3101 non
1484 3049 1699 3102 volente
1720 3049 1879 3103 Patre
1911 3064 2006 3120 ge-

436 3128 613 3182 nitum
641 3143 761 3183 esse
790 3129 956 3196 dicat,
991 3133 1281 3188 anathema
1304 3134 1394 3188 sit.
1433 3134 1552 3189 Non
1593 3136 1739 3190 enim
1785 3143 2006 3191 coactus

2112 1950 2240 2004 Υἰὸν
2270 1949 2364 2002 καὶ
2404 1948 2465 2000 τὸ
2505 1948 2656 2016 ἆγιον
2703 1943 2924 2016 Πνεῦμα
2962 1945 3020 1998 ἓν
3061 1945 3351 2016 πρόσωπον
3401 1944 3547 2011 λέγοι
3606 1945 3624 1979 ί
3665 1985 3680 2008 ,

2109 2041 2356 2110 ἀνάθεμα
2387 2040 2544 2093 ἔστω.
2573 2039 2642 2093 El'
2664 2055 2746 2102 τις
2775 2037 2836 2092 τὸ
2865 2035 3090 2107 Πνεῦμα
3125 2037 3186 2090 τὸ
3214 2036 3366 2104 ἀγιον
3395 2035 3684 2106 Παράκλη-

2108 2149 2199 2186 τον
2234 2131 2427 2200 λέγων,
2461 2131 2550 2183 τὸν
2579 2131 2870 2200 ἀγέννητον
2897 2129 3042 2198 λέγοι
3064 2129 3216 2193 Θεὸν,
3245 2127 3491 2196 ἀνάθεμα
3520 2126 3682 2180 ἔστω.

2109 2222 2273 2287 Εῐτις
2301 2223 2376 2286 ὡς
2410 2220 2644 2286 ἐδίδαξεν
2663 2223 2828 2292 ἡμᾶς,
2867 2222 2941 2293 μὴ
2967 2221 3123 2275 ἄλλον
3146 2220 3292 2288 λέγει
3311 2220 3372 2272 τὸ
3394 2217 3684 2290 Παράκλη-

2107 2333 2198 2370 τον
2224 2315 2374 2386 παρά
2392 2315 2481 2366 τὸν
2508 2313 2636 2366 Υιόν
2656 2327 2672 2344 ·
2692 2314 2877 2386 εἴρηκε
2901 2311 3266 2384 γάρ,⁹Λλλον
3291 2309 3687 2378 Παράκλητον

2109 2408 2327 2477 πέμψει
2355 2407 2496 2476 ὑμῖν
2523 2411 2556 2462 ὁ
2583 2408 2803 2475 Πατὴρ,
2837 2405 2909 2460 ὃν
2948 2404 3063 2476 ἐγὼ
3093 2402 3397 2472 ἐρωτήσω,
3436 2401 3686 2471 ἀνάθεμα

2109 2499 2269 2554 ἔστω.
2298 2498 2366 2552 Εἰ
2386 2517 2467 2562 τις
2491 2499 2551 2552 τὸ
2587 2498 2812 2570 Πνεῦμα
2844 2497 3006 2568 μέρος
3043 2495 3187 2563 λέγοι
3215 2493 3310 2548 τοῦ
3344 2493 3554 2564 Πατρὸς
3595 2493 3686 2546 καὶ

2107 2589 2202 2643 τοῦ
2231 2589 2382 2653 Υἱοῦ,
2421 2589 2670 2659 ἀνάθεμα
2701 2589 2860 2643 ἔστω.
2891 2585 2959 2640 Εῐ
2985 2605 3068 2650 τις
3101 2587 3192 2639 τὸν
3218 2583 3438 2655 Πατέρα
3463 2585 3558 2636 καὶ
3595 2582 3687 2634 τὸν

2109 2679 2239 2732 Υἱὺν
2282 2679 2378 2732 καὶ
2415 2678 2477 2732 τὸ
2509 2678 2662 2747 ἅγιον
2695 2678 2919 2748 Πνεῦμα
2958 2679 3106 2749 τρεῖς
3145 2677 3293 2744 λέγοι
3322 2675 3487 2737 θεοὺς
3507 2715 3523 2739 ,
3555 2671 3686 2726 ἀνά-

2109 2772 2252 2843 θεμα
2273 2773 2430 2828 ἔστω.
2465 2773 2626 2837 Εἴτις
2655 2771 2904 2844 βουλήσει
2931 2771 3024 2826 τοῦ
3048 2771 3205 2830 Θεοῦ.
3237 2771 3312 2834 ὡς
3346 2769 3404 2822 ἓν
3422 2769 3532 2822 τῶν
3571 2785 3686 2821 κτι-

2111 2864 2331 2934 σμάτων
2375 2864 2648 2934 γεγονέναι
2677 2863 2824 2932 λέγοι
2851 2863 2941 2917 τὸν
2969 2862 3095 2916 Υἱὸν
3121 2861 3214 2916 τοῦ
3249 2859 3405 2920 Θεοῦ,
3439 2857 3686 2927 ἀνάθεμα

2107 2953 2266 3008 ἔστω.
2301 2953 2366 3008 Et
2389 2971 2473 3018 τις
2507 2954 2580 3025 μὴ
2605 2954 2928 3024 θελήσαντος
2951 2952 3042 3007 τοῦ
3091 2952 3299 3022 [ἰατρὸς
3329 2949 3688 3019 γεγεννῆσθαι

2107 3045 2198 3100 τὸν
2236 3045 2366 3101 Υἱὸν
2405 3046 2585 3116 λέγοι,
2634 3045 2884 3115 ἀνάθεμα
2915 3045 3073 3098 ἔστω.
3119 3045 3193 3098 Οὐ
3234 3042 3343 3113 γὰρ
3378 3039 3621 3111 βιασθεὶς
3657 3039 3688 3089 ὁ

2109 3135 2299 3208 Πατὴρ
2324 3137 2400 3208 (Ξ)
2437 3136 2542 3190 ὑπὸ
2569 3137 2818 3206 ἀνάγκης
2857 3136 3090 3208 φυσικῆς
3109 3175 3124 3196 ,
3152 3130 3310 3197 αὖθις
3331 3131 3406 3196 ὡς
3433 3131 3534 3184 οὐκ
3558 3129 3687 3201 ἤθει

441 3220 627 3283 Pater,
658 3221 740 3275 vel
767 3222 1004 3276 naturali
1031 3224 1356 3284 necessitate
1405 3223 1624 3288 ductus,
1662 3239 1788 3279 cum
1839 3226 2008 3280 nollet

2111 3228 2203 3281 λεν
2231 3196 2484 3297 ἐγέννησε
2509 3228 2601 3280 τὸν
2643 3196 2816 3280 Υῑξόνῗ
2857 3196 2972 3281 ἀλλ’
3000 3196 3116 3296 ἅμα
3158 3243 3218 3278 τε
3253 3221 3518 3294 ἐϐουλήθη
3540 3263 3555 3286 ,
3581 3196 3688 3274 ⁷καὶ

439 3302 628 3369 genuit
654 3303 880 3356 Filium:
915 3305 1011 3359 sed
1047 3305 1207 3359 simul
1236 3321 1301 3360 ac
1318 3307 1512 3370 voluit,
1539 3306 1655 3362 sine
1685 3317 1929 3377 tempore
1953 3315 2009 3363 et

439 3392 557 3446 sine
589 3394 842 3461 passione
866 3410 932 3449 ex
961 3411 1018 3450 se
1047 3397 1292 3466 genitum
1316 3397 1468 3450 illum
1495 3397 1757 3452 ostendit.
1786 3398 1842 3452 Si
1885 3400 2008 3468 quis

442 3480 640 3534 Filium
699 3481 1001 3553 ingenitum
1053 3493 1108 3539 et
1155 3485 1408 3554 principii
1453 3495 1731 3556 expertem
1782 3488 2003 3556 dixerit,

2117 3316 2365 3386 ἀχρόνως
2411 3317 2506 3368 καὶ
2559 3316 2786 3380 ἀπαθῶς
2827 3316 2886 3384 ἐξ
2942 3313 3136 3370 ἑαυτοῦ
3200 3313 3361 3366 αὐτὸν
3415 3311 3688 3380 γεννήσας

2114 3404 2413 3471 ἀπέδειξεν,
2435 3405 2684 3476 ἀνάθεμα
2701 3406 2859 3460 ἔστω.
2897 3404 2964 3460 Et
3002 3422 3083 3468 τις
3104 3403 3392 3472 ἀγέννητον
3413 3401 3503 3454 καὶ
3526 3399 3677 3466 άναρ-

2112 3513 2205 3566 χον
2233 3495 2380 3565 λέγοι
2403 3495 2492 3550 τὸν
2513 3496 2637 3550 Υἱὸν
2654 3505 2681 3534 ιι
2710 3539 2725 3562 ,
2743 3497 2818 3562 ὡς
2836 3496 2929 3550 δύο
2954 3496 3164 3568 ἀναρχα
3184 3495 3278 3549 καὶ
3299 3492 3392 3546 δύο
3419 3491 3689 3561 ἀγέννητα

517 3635 562 3668 ³⁸
611 3633 768 3691 Juan.
811 3653 924 3703 vni,
971 3639 1060 3696 56.
1135 3640 1181 3674 ’⁸⁸
1211 3639 1345 3697 Gen.
1409 3657 1573 3708 xxxii,
1611 3641 1683 3696 24
1733 3658 1852 3712 sqq.
1929 3643 1973 3676 ⁸⁷
2002 3644 2140 3702 Gen.
2195 3665 2302 3714 iiix,
2369 3648 2458 3702 24.
2536 3649 2580 3681 ⁸⁸
2640 3649 2781 3704 Psal.
2813 3650 2997 3714 cni,l.
3076 3647 3120 3683 ”
3145 3648 3302 3704 Joan.
3336 3661 3449 3711 xiv,
3489 3644 3575 3699 i6.

1642 3824 1729 3878 VA
1738 3824 1912 3880 LESII
1948 3825 2495 3882 ANNOTATIONES.
2561 3827 2565 3830 ’

520 3963 630 4035 (99)
662 3962 734 4017 El
763 3979 850 4035 τις
881 3960 968 4035 τῷλ
1008 3961 1229 4017 Ἰακώϐ.
1279 3961 1687 4035 Omissuserat
1732 3963 1837 4035 hoc
1889 3966 2009 4020 loco

443 4032 930 4101 anathematismus
957 4032 1188 4103 integer,
1225 4048 1385 4102 quem
1429 4049 1497 4088 ex
1529 4033 1811 4088 Athanasii
1836 4043 1892 4089 et
1919 4035 2011 4089 Hi-

445 4104 566 4162 larii
596 4103 738 4157 libro
762 4103 1030 4172 supplevi.

517 4172 592 4254 )
618 4173 687 4253 Εζ
707 4189 796 4238 τις
827 4173 1479 4254 ἀκούωγζςύριονέξιιηο
1499 4173 1679 4254 locum
1703 4172 1852 4254 edidi
1864 4173 2013 4254 sicut

443 4241 642 4311 legitur
673 4243 727 4295 in
751 4241 970 4312 optimis
991 4243 1274 4299 codicibus
1302 4244 1615 4298 Florentino
1633 4252 1687 4298 et
1714 4243 2008 4298 Sfortiano.

448 4313 620 4382 Aliter
678 4319 857 4382 tamen
906 4312 1108 4382 legitur
1171 4313 1313 4382 apud
1392 4313 1790 4371 Athanasium:
1825 4312 1888 4366 Et
1931 4329 2014 4374 τις

2110 3967 2394 4022 Dominum
2437 3975 2486 4021 et
2515 3965 2799 4021 Dominum
2836 3967 2963 4021 duos
3011 3968 3151 4021 dicat
3177 3964 3313 4020 Deos
3352 3979 3370 4019 :
3405 3966 3692 4020 anathema

2110 4039 2198 4092 sit.
2224 4038 2381 4107 Legit
2413 4037 2579 4107 igitur
2611 4036 2854 4107 Hilarius
2883 4055 2896 4090 :
2933 4037 2997 4091 Εῐ
3021 4053 3105 4095 τις
3131 4035 3342 4107 ἀκούων
3365 4034 3694 4107 Κύριονᾲτὸν

2112 4105 2335 4177 Πατέρα
2385 4105 2478 4159 καὶ
2507 4107 2608 4177 τὸν
2645 4106 2773 4177 Υῑὺν
2812 4107 3038 4177 Κύριον,
3064 4106 3186 4177 ἐπεὶ
3204 4106 3442 4177 ῨΚύριος
3469 4106 3547 4177 ὲκλ
3571 4105 3681 4177 κο.

2149 4177 2229 4248 ζου
2251 4174 2289 4248 ,'_
2309 4176 2395 4248 ᾡς
2432 4176 2641 4248 Κύριον
2672 4176 2784 4248 ’καὶ
2823 4174 3048 4248 Κύριον,
3075 4174 3168 4228 τὸν
3203 4174 3425 4244 Πατέρα
3466 4175 3562 4227 καὶ
3593 4175 3694 4228 τὸν

2165 4246 2243 4300 ἰὸν
2272 4245 2364 4299 δύο
2385 4245 2740 4314 λέγοιΘεούς,
2770 4253 2878 4300 etc.

2183 4315 2258 4387 (2)
2288 4317 2369 4368 Οὐ
2395 4311 2504 4384 γάρ
2537 4316 2621 4384 μὴ
2653 4314 3036 4387 ,Βουᾼομέιςου
3089 4313 3193 4368 τοῦ
3245 4312 3496 4381 Πατρός.
3534 4311 3692 4387 Qua-

447 4381 658 4460 ἀκρύων
691 4381 888 4460 Κύριον
905 4381 992 4460 τὸν
1016 4381 1252 4460 Πατέρα,
1274 4383 1482 4460 imbri)?
1515 4383 1636 4460 I‘ibv
1655 4382 1882 4460 Κύριον,
1917 4382 2008 4460 καὶ

2116 4381 2551 4460 ιιιόιίροξιιίοῐῃαὲ
2583 4381 2745 4440 voces
2768 4384 3013 4460 delendae
3043 4395 3224 4460 sunt_;_
3244 4391 3501 4460 totusque
3531 4382 3694 4460 locus

449 4450 673 4523 Κύριον,
709 4449 800 4523 ab}:
839 4449 1060 4523 Πατέρα
1107 4449 1202 4523 καὶ
1239 4452 1352 4523 τὸν-
1374 4451 1533 4523 Υἱόνξ
1559 4453 1677 4504 ἐπεὶ
1709 4449 1926 4523 Κύριος
1949 4453 2008 4523 ἔκ

2117 4456 2190 4510 ita
2224 4449 2549 4510 séribendus
2583 4463 2668 4509 est
2700 4470 2768 4509 ex
2805 4453 3112 4523 Athanasio
3159 4453 3232 4506 Οὐ
3261 4452 3369 4523 γὰρ
3399 4449 3695 4523 βιασθεὶςὸ

448 4518 674 4585 Κυρίου,
717 4518 808 4571 δύο
839 4518 1195 4584 λέγειΘεοὺς,
1227 4519 1471 4589 ἀνάθεμα
1510 4521 1668 4574 ἔστω.
1694 4518 1824 4587 Ωιιξὲ
1849 4520 2016 4576 lectio

447 4589 748 4657 simplicior
791 4589 923 4657 mihi
969 4590 1185 4642 videtur
1233 4605 1295 4644 ac
1348 4591 1564 4644 rectior.
1605 4590 1844 4644 llilarius
1884 4605 2018 4644 vero

450 4657 533 4728 ita
556 4656 720 4710 i'ertit
745 4675 758 4711 :
785 4656 978 4728 Siquis
1011 4659 1314 4721 Dominum,
1341 4668 1388 4711 et
1419 4659 1696 4713 Dominum
1723 4659 1939 4714 Patrem
1969 4666 2018 4711 et

450 4725 672 4793 Filium,
708 4727 858 4797 quasi
879 4725 1178 4783 Dominum
1224 4747 1257 4783 a
1297 4729 1524 4783 Domino
1556 4729 1862 4800 intelligat:
1892 4730 2018 4800 quia

2116 4525 2306 4645 Πατὴρ
2359 4525 2462 4577 ὑπὸ
2491 4525 2733 4594 ἀνάγκης
2757 4525 2992 4590 φυσικῆς
3023 4522 3228 4604 ἀχθεὶς,
3261 4520 3458 4584 ὼςόὑκ
3479 4520 3693 4604 ὴθέλιη-

2119 4611 2231 4645 σεν.
2308 4595 2531 4645 γέννησε
2579 4594 2670 4645 τὸν
2717 4593 2863 4645 Υἱόν.
2890 4592 3062 4645 Onam
3107 4599 3437 4645 scripturam
3483 4595 3693 4645 contir-

2119 4611 2231 4656 σεν,
2258 4592 2531 4675 ἐγέννησε
2579 4592 2863 4673 τὸνγιόν.
2890 4592 3437 4674 ῼιιοιπδοιοὶρριπτιω
3483 4592 3694 4646 contir-

2116 4671 2266 4718 mant
2293 4663 2533 4719 Hilarius
2556 4670 2612 4719 et
2639 4663 2984 4734 Epiphanius
3007 4661 3404 4718 Scholasticus.

1886 4878 2264 4958 VARIORUM.

530 4997 551 5024 ι’
603 4987 750 5058 Οὔτε
808 4987 916 5058 γὰρ
962 4985 1259 5054 κατῆλθεν
1305 4991 1389 5055 εἰς
1432 4987 1621 5058 σῶμα.
1668 4990 1921 5045 Socrates
1968 4997 2025 5045 et

452 5056 796 5130 Nicephorus
831 5057 1204 5130 minus___r_ect_e
1241 5059 1428 5129 legunt
1479 5056 1655 5130 σῶμα.
1690 5060 2022 5116 Athanasius

456 5125 621 5201 habet
639 5125 855 5201 _£660uci
879 5167 910 5201 ,_
927 5125 1246 5201 etAHilarius
1267 5125 1392 5183 cum
1414 5125 1630 5185 Valesio
1647 5130 1834 5194 vertit,
1855 5146 2021 5201 neque

455 5196 593 5256 enim
615 5192 874 5249 descendit
895 5197 947 5249 in
975 5192 1277 5250 Sodomam.

525 5277 547 5304 ι
572 5263 785 5335 Κάθου.
809 5265 936 5321 Post
955 5265 1118 5319 verba
1146 5267 1312 5321 κάθου
1349 5267 1412 5321 ἐκ
1433 5267 1620 5335 δεξιῶν
1642 5267 2018 5335 pou,delenda3

453 5333 860 5406 videnturdua‘.
884 5351 1049 5406 ivoces
1069 5351 1188 5406 qua:
1207 5333 1530 5406 sequuntur,
1561 5333 1803 5405 ἀνάθεμα
1833 5338 1973 5390 ἔστω
1992 5355 2005 5368 ο

454 5421 590 5476 quas
610 5404 839 5476 proinde
853 5404 1100 5476 Valesius
1117 5407 1171 5460 in
1192 5404 1552 5463 sua—versione
1579 5404 1782 5462 omisit.
1803 5406 2010 5462 Occur-

455 5475 586 5545 runt
614 5482 793 5545 tamen
813 5475 918 5529 hoc
935 5475 988 5528 in
1007 5476 1125 5531 loco
1151 5476 1294 5545 apud
1312 5477 1666 5531 Athanasium
1693 5478 1767 5530 De
1791 5477 2012 5545 synodis

457 5544 625 5616 Arim.
650 5552 710 5616 et
763 5543 1000 5608 Seleuc.,
1038 5555 1095 5601 et
1133 5543 1275 5616 apud
1314 5546 1600 5616 Hilarium.
1624 5546 1769 5616 iMfox
1815 5543 2014 5600 iterum

458 5613 764 5684 redundant
792 5623 916 5684 post
953 5613 1217 5684 γεννήσας
1241 5613 1535 5678 ἀπέδειξεν.
1569 5615 1655 5669 W.
1689 5615 1905 5668 LOWTII.

533 5687 551 5719 ι
579 5683 652 5752 ετ
679 5700 768 5748 τις
790 5683 894 5752 τὸν
929 5683 1174 5750 Πατέρα,
1202 5683 1420 5737 καὶτὸν
1457 5685 1610 5746 nor,
1638 5684 1736 5739 καὶ
1761 5686 1824 5736 τὸ
1846 5685 2018 5752 ἅγιον

462 5750 731 5819 Πνεῦμα,
772 5751 840 5804 ἐν
864 5753 1185 5820 πρόσωπον
1217 5752 1395 5822 λέγοι.
1454 5753 1661 5809 Photini
1705 5766 1852 5808 stcta
1894 5750 2015 5808 dicit

2119 4988 2290 5061 Deum
2334 4988 2599 5061 singultim
2626 5005 2736 5043 esse
2762 4995 2811 5043 et
2840 4988 3160 5061 solitarium,
3197 4997 3248 5042 et
3285 5004 3430 5042 more
3464 4987 3700 5044 Iudaico

2119 5058 2493 5130 conﬁtendum.
2536 5059 2824 5130 Trinitatis
2866 5059 3244 5130 plenitudinem
3292 5067 3473 5130 negat,
3521 5074 3701 5128 neque

2117 5128 2288 5181 ultam
2311 5129 2408 5182 Dei
2428 5127 2596 5198 verbi,
2627 5137 2720 5182 aut
2745 5127 2917 5183 ullam
2942 5127 3171 5198 Spiritus
3193 5127 3373 5182 sancti
3402 5136 3558 5198 putat
3581 5127 3700 5181 esse

2115 5215 2396 5268 personam
2420 5213 2440 5251 :
2459 5196 2723 5268 Christum
2747 5215 2866 5254 vero
2892 5196 3153 5252 hominem
3198 5196 3562 5268 tantummodo
3602 5213 3699 5268 so—

2118 5264 2357 5339 litarium
2385 5267 2594 5339 asserit,
2630 5269 2723 5339 cui
2755 5268 3073 5339 principium
3108 5266 3320 5339 ascribit
3366 5281 3430 5318 ea:
3475 5264 3696 5332 Maria;

2115 5345 2165 5390 et
2205 5338 2300 5409 hoc
2325 5337 2559 5409 omnibus
2587 5335 3126 5409 modis’dogniatizat,
3163 5335 3468 5409 soiam_nos
3507 5351 3701 5409 perso—

2115 5422 2242 5460 nam
2264 5406 2361 5460 Dei
2384 5406 2582 5472 Patris,
2621 5416 2670 5462 et
2694 5403 2871 5460 solum
2901 5405 3165 5462 Christum
3218 5407 3477 5459 hominem
3508 5403 3696 5458 coiere

2115 5475 2315 5529 debere.
2343 5476 2593 5532 Vincent.
2611 5476 2912 5532 Lirinensis
2941 5475 3215 5531 Adversus
3249 5475 3466 5537 haeres,
3512 5488 3562 5525 (ε.
3591 5473 3689 5528 l7.

2187 5553 2225 5616 ’ιὲ
2250 5545 2320 5599 El
2346 5545 2782 5616 τιςνάγέννητον
2806 5545 2902 5600 καὶ
2922 5545 3188 5616 ἄναρχον
3207 5545 3368 5612 λέγοι
3391 5542 3496 5616 τὸν
3523 5544 3689 5616 ΥΙόν.

2117 5613 2321 5670 Eadem
2352 5611 2562 5671 ratione
2591 5625 2647 5671 et
2663 5615 2929 5671 Catholici
2951 5616 3046 5668 Dei
3068 5611 3332 5668 unitatem
3351 5611 3688 5680 probabant.

2119 5683 2222 5759 Sed
2249 5685 2364 5739 haec
2391 5701 2420 5740 a
2441 5683 2834 5759 Sirmiensibus
2852 5686 3001 5759 haud
3031 5686 3170 5738 bona
3195 5683 3319 5745 fide,
3349 5679 3444 5734 sed
3471 5679 3694 5759 solilii-

2118 5755 2257 5810 stico
2291 5771 2391 5811 suo
2421 5771 2573 5812 more
2618 5758 2819 5826 scripta
2847 5754 3012 5809 fuisse
3055 5764 3264 5808 eertum
3311 5760 3413 5805 est.
3463 5749 3691 5818 Quippe
