4026 6338
443 375 542 431 291

1907 360 2242 418 SOCRATIS

3596 344 3700 402 292

444 505 571 547 men
606 486 889 543 descendit
927 499 1050 539 cum
1087 483 1338 544 Photino,
1375 481 1604 534 notariis
1629 479 1798 533 verba
1831 492 2019 532 eorum

2131 474 2386 543 παρεῖναι
2440 471 2508 539 τῇ
2544 465 2774 531 διαλέξει
2803 463 2832 520 ό
2872 460 3143 534 βασιλεύς.
3193 457 3310 529 Ἐφ’
3347 451 3423 513 ὧν
3452 457 3704 512 ἀντικατ-

444 578 865 651 excipientibus.
901 574 1178 630 Certatum
1205 581 1288 627 est
1324 572 1580 640 utrinque
1623 568 1856 622 maxima
1887 585 2018 621 con-

447 669 690 725 tentione
724 665 1016 720 verborum
1055 670 1218 732 atque
1247 654 1542 715 rationum.
1597 659 1787 715 Victus
1835 666 2018 712 tamen

445 762 709 816 Photinus
736 765 791 812 et
819 755 1214 810 condemnatus
1249 759 1353 806 est.
1407 751 1511 816 Qui
1564 748 1913 820 postmodum
1965 749 2019 802 in

446 853 638 908 exsilio
659 850 823 903 vitam
853 862 1036 918 agens,
1071 845 1272 899 librum
1320 843 1510 898 Graeco
1561 849 1620 896 et
1668 841 1863 895 Latino
1899 855 2019 894 ser-

445 958 608 998 mone
641 941 878 1010 scripsit,
920 939 1121 1008 quippe
1163 935 1258 1006 qui
1291 951 1361 990 ne
1391 933 1584 990 Latine
1618 934 1840 1005 quidem
1875 941 2022 989 esset

445 1035 682 1107 ignarus.
732 1030 964 1100 Scripsit
1015 1043 1181 1099 porro
1222 1028 1484 1082 adversus
1535 1041 1727 1080 omnes
1763 1025 2018 1089 haereses,

443 1142 601 1181 suum
631 1125 799 1194 ipsius
828 1122 1022 1192 dogma
1047 1119 1436 1174 tantummodo
1472 1131 1809 1187 proponens.
1848 1114 1926 1168 Ac
1955 1114 2023 1169 de

441 1214 675 1270 Photino
699 1211 921 1282 quidem
951 1209 1067 1263 hac
1099 1207 1246 1262 dicta
1281 1205 1572 1261 sufﬁciant.
1601 1205 1897 1259 Sciendum
1927 1219 2023 1257 au-

441 1311 552 1360 tem
589 1309 694 1367 est,
721 1299 994 1371 episcopis
1023 1299 1118 1369 qui
1143 1297 1328 1352 Sirmii
1353 1303 1748 1360 convenerant,
1772 1295 2023 1349 Latinam

442 1397 590 1451 illam
618 1393 745 1448 fidei
777 1391 1066 1446 formulam
1099 1389 1198 1443 abs
1226 1405 1284 1442 se
1318 1387 1543 1451 editam,
1591 1394 1782 1456 postea
1831 1385 2023 1453 displi-

441 1487 644 1541 cuisse.
667 1483 795 1538 Visa
839 1481 988 1536 enim
1035 1479 1143 1533 illis
1179 1486 1266 1532 est
1319 1477 1490 1530 multa
1535 1475 1824 1546 complecti
1879 1475 2024 1529 inter

439 1591 498 1631 se
526 1573 843 1645 pugnantia.
866 1571 1133 1637 Quocirca
1153 1583 1376 1638 Operam
1405 1567 1685 1622 dederunt
1727 1574 1788 1620 ut
1807 1581 1927 1621 eam
1955 1566 2024 1619 ab

440 1667 554 1727 illis
595 1665 689 1735 qui
737 1663 1162 1732 descripserant,
1210 1659 1540 1728 reciperent.
1597 1657 1704 1712 Sed
1761 1657 2022 1726 quoniam

2119 567 2252 634 ἐστη
2284 562 2362 634 τῷ
2389 560 2638 630 Φωτεινῷ
2677 559 2955 620 Βασίλειος
2995 558 3024 609 ὁ
3053 555 3152 624 τῆς
3182 556 3241 606 ὲν
3300 551 3542 623 Ἀγκύρα
3581 553 3702 606 τότε

2119 653 2396 728 προεστὼς
2438 651 2765 722 Ἐκκλησίας
2784 690 2797 713 ,
2830 648 3156 719 ὀξυγράφων
3182 663 3242 700 τε
3270 645 3370 707 τὰς
3400 645 3583 713 φωνὰς
3613 645 3705 698 αὐ-

2117 747 2226 800 τῶν
2252 744 2590 818 γραφόντων.
2633 740 2880 810 Μεγίστη
2919 739 2975 791 δὲ
3013 736 3157 807 μάχη
3195 733 3399 805 μεταξὺ
3434 734 3542 786 τῶν
3571 737 3702 804 παρ’

2120 838 2380 908 ἑκατέρου
2415 835 2589 904 λόγων
2633 833 2867 902 ἐγένετο.
2920 827 3008 882 Ἐν
3053 822 3134 890 οἷς
3180 829 3209 880 ὁ
3239 825 3502 888 Φωτεινὸς
3550 827 3708 895 ἡττη-

2121 927 2234 991 θεὶς
2259 967 2275 994 ,
2316 924 2637 996 κατεκρίθη.
2695 923 2783 974 Ἐν
2817 923 2963 991 φυγῇ
2997 934 3057 971 τε
3101 917 3302 986 διάγων
3350 915 3444 969 τοῦ
3483 915 3702 978 λοιποῦ,

2120 1020 2279 1088 λόγον
2320 1014 2658 1086 συνέγραψεν
2710 1013 2764 1054 b‘
2817 1009 3155 1082 ἀμφοτέραις
3209 1007 3486 1076 γλώσσαις
3512 1048 3528 1070 ,
3579 1005 3705 1058 ἐπεὶ

2127 1112 2264 1182 μηδὲ
2296 1111 2396 1180 τῆς
2437 1105 2754 1177 Ῥωμαῖκῆς
2800 1099 2869 1174 ἦν
2911 1103 3158 1173 ἄμοιρος.
3200 1101 3446 1170 Ἐγραφε
3475 1097 3530 1150 δὲ
3564 1096 3705 1151 κατὰ

2121 1202 2310 1256 πασῶν
2339 1186 2623 1270 αἱρέσεων,
2656 1197 2716 1249 τὸ
2745 1197 2943 1249 οἰκεῖον
2982 1193 3140 1263 μόνον
3179 1191 3356 1261 δόγμα
3404 1186 3703 1258 παρατιθέ-

2126 1307 2304 1365 μενος.
2357 1291 2495 1362 Περὶ
2547 1289 2646 1360 μὲν
2699 1285 2791 1341 οὖν
2835 1284 3101 1339 ⁴Ιιωιιτεινοῡ
3154 1283 3389 1337 τοσαῦτα
3441 1280 3698 1352 εἰρήσθω.

2135 1384 2326 1438 Ἰστέον
2361 1383 2541 1453 μέντοι
2569 1381 2652 1434 ὅτι
2678 1381 2726 1432 οί
2750 1381 2807 1432 ὲν
2842 1376 3054 1449 Σιρμίῳ
3092 1375 3437 1437 συνελθόντες
3479 1372 3700 1426 ἐπίσκο-

2125 1493 2251 1538 ποι,
2290 1474 2638 1544 μετέγνωσαν
2665 1472 2757 1524 ἐπὶ
2786 1473 2852 1542 τῇ
2895 1471 3177 1540 Ῥωμαϊκῇ
3218 1468 3316 1537 τῆς
3345 1467 3578 1528 πίστεως
3610 1467 3702 1517 ὲκο

2124 1566 2264 1619 δόσει
2291 1564 2424 1636 (Η).
2455 1563 2632 1617 Πολλά
2659 1563 2766 1632 γὰρ
2797 1560 2936 1632 μετά
2957 1561 3057 1630 τὴν
3091 1559 3299 1612 ἔκδοσιν
3321 1555 3535 1610 ἐναντία
3559 1555 3702 1625 ἔχειν

2125 1656 2307 1716 αὐτοῖς
2336 1653 2712 1722 κατεφαίνετο.
2745 1650 2836 1704 Διὸ
2866 1650 3103 1719 σπουδὴν
3137 1649 3375 1702 ἐτίθεντο
3413 1648 3564 1717 παρά
3592 1647 3701 1700 τῶν

441 1758 601 1812 multi
639 1771 760 1810 eam
794 1753 1162 1816 occultabant,
1192 1751 1490 1820 imperator
1525 1748 1707 1803 edicto
1761 1749 2019 1818 praecepit

2127 1745 2558 1816 ἐγγραψαμένων
2582 1742 2984 1813 ἀναλαμϐάνειν
3015 1741 3206 1811 αὐτήν.
3253 1739 3472 1809 Ἐπειδὴ
3499 1739 3556 1792 δὲ
3580 1738 3700 1791 πολ·

443 1855 506 1902 ut
537 1843 871 1918 exemplaria
905 1842 1024 1912 ejus
1055 1839 1234 1894 omnia
1271 1838 1753 1906 conquirerentur,
1797 1851 2016 1905 poenam

2120 1837 2201 1890 λοὶ
2239 1836 2626 1908 ἀπέκρυπτον,
2671 1835 2700 1887 ό
2750 1833 3001 1903 βασιλεὺς
3042 1831 3405 1901 διατάγμασιν
3451 1829 3700 1881 ἐκέλευσε

441 1935 830 1994 interminatus
885 1932 930 1986 si
966 1931 1090 2001 quis
1136 1945 1256 1984 eam
1303 1930 1600 1984 occultasse
1628 1929 1786 1997 13o
1818 1927 2018 1998 depre-

443 2028 802 2084 henderetur.
833 2024 1037 2078 Verum
1066 2021 1233 2076 semel
1263 2019 1464 2074 editam
1485 2020 1648 2074 nulla:
1680 2019 1842 2074 mium
1880 2019 2020 2075 abo-

442 2117 558 2171 lere
610 2119 928 2184 potuerunt,
976 2111 1180 2179 quippe
1227 2123 1350 2178 quae
1402 2109 1458 2162 in
1486 2109 1784 2162 multorum
1825 2123 2023 2165 manus

435 2207 549 2277 jam
580 2203 938 2276 pervenisset.
974 2199 1078 2254 Sed
1108 2199 1175 2253 de
1215 2199 1300 2252 his
1332 2199 1613 2252 hactenus.

1036 2310 1185 2365 CAP.
1229 2310 1418 2364 XXXI.

776 2403 851 2457 De
881 2402 1038 2457 Hosio
1065 2402 1384 2457 Cordubensi
1420 2403 1675 2472 episcopo.

509 2493 775 2562 Quoniam
800 2508 932 2548 vero
955 2493 1022 2546 de
1047 2492 1212 2547 Ilosio
1237 2492 1478 2561 Hispano
1528 2508 1694 2563 supra
1731 2493 2019 2548 retulimus

441 2594 569 2636 eum
593 2579 724 2634 illuc
748 2579 980 2644 invitum
1004 2579 1322 2642 accessisse,
1346 2594 1517 2648 pauca
1540 2580 1705 2634 etiam
1730 2580 1797 2635 de
1820 2581 1914 2635 illo
1935 2582 2018 2636 di-

439 2671 614 2726 cenda
645 2680 792 2726 sunt.
834 2671 935 2725 llic
976 2662 1249 2740 siquidem
1283 2687 1382 2740 per
1427 2672 1654 2726 insidias
1687 2671 2014 2727 Arianorum

441 2762 604 2832 paulo
627 2769 752 2816 ante
781 2763 835 2815 in
859 2761 1109 2816 exsilium
1135 2762 1325 2832 pulsus
1349 2760 1543 2815 fuerat.
1570 2762 1724 2817 Tunc
1747 2779 1879 2818 vero
1904 2775 2016 2817 Stu-

440 2853 533 2910 dio
561 2861 725 2922 atque
747 2851 984 2922 impulsu
1005 2867 1196 2906 eorum
1223 2853 1317 2920 qui
1340 2851 1602 2907 Sirmium
1623 2863 2012 2918 convenerant,

2119 1927 2399 1998 ζητεῖσθαι
2451 1927 2552 1997 τὴν
2594 1925 2822 1986 ἔκδοσιν,
2864 1922 3136 1994 τιμωρίαν
3182 1921 3483 1990 ἀπειλήσας
3527 1919 3580 1972 εἴ
3618 1936 3700 1980 τις

2120 2019 2396 2090 φωραθείη
2426 2018 2682 2090 κρύπτων
2711 2016 2902 2086 αὐτήν.
2951 2013 3089 2066 Ἀλλ’
3121 2014 3230 2068 οὐδ’
3269 2014 3322 2066 αἱ
3360 2011 3580 2065 ἀπειλαὶ
3601 2012 3701 2078 τὴν

2119 2110 2267 2175 ἅπαξ
2294 2109 2604 2168 ἐκδοθεῖσαν
2633 2106 2894 2176 ἀφανίσαι
2921 2104 3230 2174 δεδύνηνται
3248 2144 3261 2166 ,
3287 2103 3366 2172 τῷ
3394 2101 3596 2171 φθάσαι
3623 2102 3702 2162 εἰς

2121 2199 2372 2263 πλείονας
2389 2195 2666 2270 ἑμπεσεξν.
2693 2195 2940 2250 Τοσαῦτα
2965 2195 3063 2266 μὲν
3085 2195 3212 2265 περὶ
3231 2193 3420 2248 τούτου
3444 2191 3698 2261 λελέχθω.

2699 2311 2924 2364 ΚΕΦΑΛ
2937 2350 2950 2364 .
2992 2311 3113 2362 AA'.

2259 2403 2397 2473 Περὶ
2430 2403 2623 2458 Ὀσίου
2651 2402 2756 2456 τοῦ
2776 2402 3152 2470 Κουὸρούεης
3189 2398 3540 2454 ἐπισκόπου.

2203 2495 2421 2566 Ἐπειδὴ
2463 2494 2520 2547 δὲ
2564 2494 2692 2565 περὶ
2726 2493 2903 2547 Ὀσίου
2937 2492 3029 2545 τοῦ
3067 2489 3316 2544 Ἱσπανοῦ
3369 2489 3590 2559 μνήμην
3625 2485 3701 2547 ὼς

2121 2587 2392 2650 ἀκουσίως
2434 2587 2698 2658 παρόντος
2751 2583 3130 2654 πεποιήμεθα,
3178 2581 3381 2654 βραχέα
3433 2581 3528 2632 καὶ
3574 2577 3703 2646 περὶ

2119 2677 2309 2731 τούτου
2341 2674 2577 2729 λεκτέον.
2606 2673 2815 2744 Μικρὸν
2842 2672 2950 2743 γὰρ
2979 2668 3288 2742 ἔμπροσθεν
3319 2664 3472 2731 οὗτος
3503 2668 3568 2719 ὲκ
3614 2681 3703 2716 συο

2121 2766 2324 2837 σκευῆς
2344 2768 2450 2820 τῶν
2473 2765 2887 2839 ἀρειανιζὸντων
2916 2765 2992 2822 εἰς
3011 2761 3223 2832 ὲξορίαν
3240 2761 3542 2814 ἀπέσταλτο
3562 2757 3695 2831 (12).

2121 2860 2256 2913 Τότε
2277 2859 2334 2912 δὲ
2359 2859 2560 2926 σπουδῇ
2588 2857 2694 2912 τῶν
2720 2859 2776 2911 ὲν
2803 2856 2880 2926 τῷ
2914 2855 3123 2926 Σιρμίῳ
3160 2851 3519 2906 συνελθόντων
3547 2852 3576 2902 ὁ
3601 2849 3700 2918 βα-

443 2945 739 3015 imperator
764 2945 895 3000 illuc
918 2961 1044 3000 eum
1068 2945 1316 3000 evocavit
1346 2985 1360 3011 ,
1393 2947 1583 3000 volens
1609 2955 1670 3000 ut
1693 2948 1779 3001 vel
1826 2957 2019 3017 sponte

2126 2951 2304 3014 σιλεὺς
2335 2949 2497 3002 αὐτὸν
2525 2947 2944 3020 μετεπέμψατο,
2982 2943 3300 3015 βουλόμενος
3337 2941 3369 3011 ἢ
3411 2937 3621 3001 πειθοῖ,
3665 2935 3702 3006 ἦ

437 3037 525 3092 vel
547 3044 770 3092 coactus
806 3051 932 3091 cum
956 3036 1226 3107 episcopis
1261 3037 1355 3107 qui
1391 3037 1620 3092 aderant
1656 3039 2013 3093 consentiret.

2127 3043 2342 3116 ἀνάγκῃ
2365 3045 2475 3106 τοῖς
2504 3040 2770 3110 παροῦσιν
2791 3038 3164 3110 όμοφωνῆσαι.
3199 3033 3402 3088 Τούτου
3426 3031 3533 3102 γάρ
3557 3045 3704 3098 γενο-

441 3128 555 3184 lloc
569 3129 717 3184 enim
740 3128 905 3194 facto,
928 3129 1144 3184 illorum
1171 3129 1296 3184 fidei
1321 3131 1617 3186 maximum
1643 3131 2014 3188 testimonium

2127 3135 2308 3206 μένου,
2335 3134 2586 3204 μέγιστον
2616 3132 2790 3185 ἐδόκει
2823 3122 3121 3200 μαρτύριον
3150 3124 3415 3195 ὑπάρχειν
3443 3121 3542 3190 τῆς
3563 3121 3654 3172 ὲκε
3665 3119 3704 3172 ί-

437 3220 730 3275 videbatur
751 3219 1034 3278 accedere.
1061 3220 1214 3275 Hanc
1239 3221 1403 3290 igitur
1427 3221 1497 3275 ob
1532 3237 1751 3277 causam
1774 3224 2016 3286 necessi-

2123 3244 2229 3281 νων
2275 3226 2524 3288 πίστεως.
2567 3221 2836 3276 Διαταῦτα
2867 3219 2980 3285 οὖν,
3026 3218 3102 3282 ὡς
3150 3217 3308 3288 ἔφην,
3353 3213 3414 3279 ἐξ
3457 3213 3703 3281 ἀνάγκης

437 3317 551 3365 .tate
577 3309 913 3378 compulsus,
939 3316 1000 3362 ut
1024 3307 1158 3372 dixi,
1187 3307 1361 3362 adfuit
1387 3309 1609 3364 invitus.
1637 3310 1745 3365 Sed
1771 3327 1896 3366 cum
1929 3313 2018 3366 ille

2123 3319 2271 3372 ἄκων
2305 3316 2503 3385 παρῆν.
2545 3314 2696 3368 Ἐπεὶ
2727 3313 2782 3367 δὲ
2813 3311 2974 3375 αὐτὸς
3003 3311 3299 3382 παρῃτεῖτο
3332 3304 3700 3360 συντίθεσθαι.

441 3399 752 3455 consentire
775 3406 1059 3463 renueret,
1081 3397 1312 3452 verbera
1335 3405 1390 3452 et
1415 3405 1683 3453 tormenta
1705 3399 2019 3456 inﬂixerunt

2125 3408 2338 3477 πληγάς
2359 3423 2418 3458 τε
2441 3405 2536 3458 καὶ
2558 3403 2914 3474 στρεϐλώσεις
2938 3401 3016 3472 τῷ
3038 3400 3317 3473 πρεσϐύτῃ
3338 3399 3698 3470 προσέφερον.

441 3489 580 3544 seni.
620 3490 809 3557 Itaque
849 3488 904 3542 vi
938 3496 994 3542 et
1031 3487 1357 3542 necessitate
1400 3487 1659 3554 adactus,
1697 3490 1863 3546 editis
1905 3501 2018 3546 tum

2125 3498 2216 3550 Διὸ
2245 3499 2338 3550 καὶ
2375 3495 2432 3561 ἐξ
2465 3496 2738 3566 ἀνάγκης,
2777 3497 2897 3558 ταῖς
2924 3494 3043 3546 τότε
3094 3492 3371 3560 δοθείσαις,
3403 3488 3702 3559 ὑπαγορεύ-

444 3579 569 3634 fidei
595 3577 1032 3648 expositionibus
1067 3579 1346 3633 consensit
1380 3585 1543 3648 atque
1584 3581 1926 3651 subscripsit.
1955 3585 2023 3638 Et

442 3687 536 3726 res
558 3669 783 3740 quidem
825 3678 954 3724 tunc
993 3670 1256 3739 temporis
1289 3669 1474 3725 Sirmii
1536 3680 1702 3740 gesta:
1736 3672 1882 3727 hunc
1905 3675 2024 3727 exi-

445 3773 558 3816 tum
607 3761 870 3816 habuere.
913 3762 1087 3817 Porro
1130 3761 1430 3832 imperator
1470 3761 1826 3819 Constantius
1861 3765 1917 3818 in
1959 3781 2025 3820 ea

447 3854 584 3909 urbe
629 3853 838 3908 diutius
875 3862 1246 3908 commoratus
1281 3862 1395 3920 est,
1425 3854 1556 3908 dum
1599 3863 1855 3911 eventum
1896 3856 2024 3911 belli

441 3954 632 4001 contra
655 3943 1022 4016 Magnentium
1058 3952 1419 4015 exspectaret.

2127 3605 2244 3642 σεσι
2289 3588 2382 3641 καὶ
2411 3587 2658 3642 συνέθετο
2687 3586 2782 3639 καὶ
2810 3584 3092 3657 ὑπέγραψε
3123 3593 3170 3638 ε.
3206 3583 3316 3637 Καὶ
3369 3583 3438 3635 τά
3505 3581 3604 3651 μὲν
3640 3583 3702 3634 ἐν

2119 3675 2330 3746 Σιρμίῳ
2377 3675 2498 3728 τότε
2544 3675 2811 3745 γενόμενα
2864 3674 3107 3728 τοιοῦτον
3151 3673 3266 3744 ἔχει
3305 3672 3365 3726 τὸ
3405 3671 3582 3734 τέλος.
3638 3675 3701 3726 ’0

2123 3766 2302 3836 μέντοι
2332 3765 2583 3835 βασιλεὺς
2615 3765 2992 3829 Κωνστάντιος
3032 3766 3327 3836 παρεῖλκεν
3364 3765 3423 3817 ὲν
3455 3764 3535 3834 τῷ
3574 3764 3701 3828 Σιρ-

2123 3855 2249 3927 μίῳ,
2289 3855 2596 3928 περιμένων
2639 3856 2732 3910 τοῦ
2778 3858 2912 3928 πρὸς
2939 3856 3272 3925 Μαγνέντιον
3320 3855 3558 3926 πολέμου
3598 3855 3699 3924 τὴν

2121 3948 2366 4002 ἔκϐασιν.

1631 4098 1900 4155 VALESII
1938 4099 2489 4158 ANNOTATIONES.

443 4214 668 4284 Latinus
693 4229 983 4284 perperam
1006 4214 1206 4284 vertit.
1235 4211 1538 4284 Cecropius
1604 4221 1785 4268 autem
1813 4213 2012 4268 eodem

441 4299 586 4338 anno
620 4282 910 4366 fac’t‘usiest
924 4283 1223 4366 episcopus
1239 4282 1708 4366 ‘Nicomedizehut
1732 4285 2012 4366 colligitur

439 4370 506 4406 ex
545 4352 860 4422 supradicto
911 4351 1192 4422 Athanasii
1239 4352 1381 4405 loco.
1409 4352 1717 4407 Au-xentius
1767 4351 2010 4422 denique

441 4422 507 4476 ad
531 4421 987 4477 Mediolanensem
1009 4421 1702 4490 episcopatumipromotus
1739 4432 1824 4478 est
1869 4421 2013 4476 anno
2049 4426 2089 4480 D

439 4491 646 4546 Christi
668 4490 867 4569 §55,et
893 4489 1157 4569 sequente
1188 4505 1332 4544 anno
1380 4489 1648 4562 Georgius
1683 4492 2010 4547 Alexandri-

441 4575 566 4616 nam
591 4560 776 4614 sedem
818 4559 1040 4612 invasit.

511 4630 626 4752 gﬂ)
651 4628 1049 4709 Metérrwqm'
1076 4627 1171 4681 ἐπὶ
1200 4624 1274 4694 τῇ
1305 4627 1602 4696 Ῥωμαϊκῇ
1622 4629 1730 4695 τῆς
1753 4632 2015 4712 πίστεως

551 4699 698 4752 όσει.
745 4696 990 4752 Sumnsnt
1029 4697 1144 4751 haec
1201 4695 1456 4752 Socrates
1500 4713 1568 4752 ex
1623 4699 1905 4752 Athanasii
1943 4701 2015 4752 h-

439 4695 698 4753 ἐκδόσει.
745 4695 990 4767 sumpsit
1029 4697 1144 4751 haec
1201 4695 1456 4752 Socrates
1500 4713 1568 4752 ex
1623 4695 2016 4755 Athanasii'li-

443 4771 542 4824 bro
569 4769 646 4823 De
667 4767 890 4838 synodis
917 4767 1147 4838 Arimini
1179 4774 1234 4820 et
1287 4767 1568 4838 Seleuciae.
1625 4769 1829 4824 Verum
1869 4769 1924 4824 in
1949 4785 2016 4823 eo

438 4836 832 4906 hallucinatur,
871 4836 1017 4906 quod
1050 4852 1113 4891 ea
1138 4851 1261 4906 quae
1301 4837 1632 4892 Athanasius
1687 4839 1902 4894 dixerat
1944 4838 2015 4894 de

436 4908 603 4963 tertia
641 4905 928 4962 Sirmienéi
959 4905 1213 4970 formula,
1246 4907 1335 4962 cui
1369 4907 1573 4976 praefixi
1598 4917 1758 4962 erant
1811 4924 2014 4964 consu-

2116 4215 2216 4276 les.
2246 4215 2502 4272 Socrates
2538 4217 2732 4270 tribuit
2792 4216 3066 4276 secundae,
3120 4215 3187 4269 ab
3241 4213 3408 4268 Hosio
3447 4220 3504 4266 ct
3531 4210 3691 4267 Pota-

2117 4287 2230 4341 mio
2263 4288 2604 4356 conscriptae.
2664 4287 2841 4341 Locus
2873 4286 3155 4340 Athanasii
3193 4291 3369 4338 exstat
3395 4298 3516 4351 pag.
3566 4281 3690 4356 θοι,

2159 4372 2280 4409 uem
2349 4357 2420 4409 ob
2479 4351 2850 4426 prolixitatem
2899 4357 2987 4408 hic
3045 4356 3322 4409 ascribere
3381 4368 3441 4404 sn
3488 4351 3690 4405 ersedi.

2118 4372 2363 4480 gocratis
2391 4442 2637 4480 errorem
2683 4435 2906 4480 secutus
2943 4436 3025 4479 est
3056 4423 3310 4479 Petavius
3349 4421 3403 4474 in
3436 4369 3690 4476 Animad-

2195 4426 2363 4480 cratis
2391 4420 2637 4480 errorem
2683 4435 2906 4480 secutus
2943 4436 3025 4479 est
3056 4423 3310 4479 Petavius
3349 4421 3403 4474 in
3436 4420 3694 4476 Animad-

2120 4495 2470 4549 versionibns
2497 4495 2564 4548 ad
2595 4495 2984 4564 Epiphanium,
3032 4511 3151 4564 pag.
3177 4494 3301 4547 5l8.

2195 4566 2304 4634 (1‘2)
2346 4568 2447 4630 Εἰς
2471 4558 3236 4634 ἐξορᾶιῦἀπέστᾼᾳλτόῘΙίιῐιι
3283 4558 3538 4634 superius
3598 4559 3694 4612 ob-

2123 4630 2361 4698 servavi,
2409 4630 2857 4689 Hosii'exsilium
2911 4632 3206 4687 Sirmi‘ense
3235 4642 3291 4686 et
3321 4631 3446 4684 fidei
3479 4630 3693 4684 formu-

2123 4705 2230 4758 lam
2253 4705 2323 4759 ab
2372 4704 2466 4758 illo
2517 4704 2908 4772 conscriptam,
2955 4702 3046 4758 hic
3074 4710 3405 4772 praepostere
3436 4700 3692 4772 referri‘a

2125 4773 2368 4844 Socrate.
2408 4774 2620 4844 Lapsus
2653 4767 2985 4844 enimilpsii
3033 4767 3298 4844 contingit
3348 4785 3493 4825 anno
3525 4767 3690 4824 Chri-

2123 4845 2193 4898 sti
2218 4843 2340 4910 557,
2377 4853 2440 4898 ut
2469 4841 2618 4899 recte
2646 4843 2855 4898 notavit
2880 4841 3164 4899 Baronius.

419 5084 450 5142 ε-
1879 5062 2261 5120 VARIORUM.

511 5177 564 5250 β’
621 5180 816 5250 Λόγον
857 5180 1258 5250 συνέγραψεν.
1291 5182 1351 5236 ln
1381 5180 1570 5236 codice
1605 5179 1808 5250 Leonis
1831 5179 2013 5234 Allatii

442 5249 640 5330 legitur
675 5247 884 5330 λόγους.
908 5247 1082 5330 Atque
1123 5247 1197 5330 ita
1227 5251 1358 5321 legit
1397 5250 1742 5330 Epiphanius
1784 5249 2013 5330 Schola-

442 5319 634 5390 sticu_s,
665 5328 728 5374 ut
758 5335 826 5390 ex
854 5321 1108 5375 versione
1146 5323 1267 5390 ejus
1286 5319 1531 5390 apparet.
1586 5319 1680 5374 Sic
1709 5320 1856 5373 enim
1884 5335 2012 5373 ver-

442 5391 529 5453 tit,
561 5388 630 5442 Et
653 5390 708 5459 in
741 5389 866 5459 fuga
894 5388 1199 5452 consistens,
1237 5388 1416 5459 postea
1441 5389 1599 5443 libros
1647 5399 1874 5459 utraque
1909 5389 2015 5442 lin-

440 5476 545 5530 gua
570 5457 896 5526 conﬁcie6ut,
927 5468 1034 5530 et_c.

513 5539 537 5569 ε
582 5530 940 5609 ’Υπετνᾳψι
965 5528 1142 5609 Etiam
1161 5543 1286 5581 cum
1315 5528 1540 5609 Ursacio
1561 5537 1616 5581 et
1646 5527 1872 5581 Valente
1896 5527 2019 5607 iniit

442 5597 849 5652 communionis
881 5597 1201 5652 societatem
1237 5613 1250 5649 :
1296 5612 1408 5651 non
1439 5607 1616 5650 tamen
1659 5611 1899 5665 unquam
1931 5597 2017 5649 in-

444 5667 572 5721 duci
600 5667 778 5736 potuit
795 5675 854 5720 ut
880 5667 1147 5721 calculum
1190 5666 1360 5720 ferret
1388 5666 1443 5719 in
1460 5664 1846 5736 Athanasium,
1871 5666 2018 5736 quod

446 5733 809 5806 peroptabant
860 5736 1071 5792 Ariani.
1117 5737 1192 5792 De
1221 5736 1372 5792 Hosii
1408 5736 1560 5804 lapsu
1609 5751 1638 5788 a
1687 5735 1876 5788 multis
1915 5733 2018 5788 hoc

2119 5179 2320 5236 saeculo
2353 5177 2693 5248 disputatum
2732 5185 2835 5234 est.
2879 5177 3020 5233 Sunt
3056 5177 3149 5248 qui
3200 5177 3391 5248 dicant
3416 5176 3596 5248 virum
3634 5174 3687 5248 id

2116 5245 2561 5320 aetatisnon'sat
2599 5249 2802 5320 mentis
2829 5245 3158 5320 compotem
3195 5255 3318 5320 tum
3367 5245 3560 5320 fuisse,
3594 5245 3688 5300 sed

2116 5319 2425 5373 calamitate
2450 5329 2508 5372 et
2530 5317 2686 5373 senio
2717 5317 3063 5372 debilitatum
3093 5317 3158 5371 ad
3193 5317 3542 5386 imperatoris
3561 5330 3689 5386 con-

2116 5388 2356 5442 ditiones
2389 5388 2624 5442 venisse.
2658 5387 2747 5441 Ait
2779 5401 2946 5456 porro
2970 5385 3317 5447 Athanasius,
3346 5385 3573 5456 Hosium
3603 5385 3684 5437 in-

2117 5467 2294 5513 stante
2313 5467 2489 5512 morte
2505 5458 2615 5512 vim
2639 5457 2744 5512 sibi
2766 5455 2970 5512 illatam
2989 5456 3144 5526 quasi
3167 5463 3493 5510 testamento
3513 5455 3686 5526 decla-

2116 5543 2288 5592 rasse,
2311 5528 2570 5582 Arianam
2589 5527 2824 5582 haeresin
2842 5523 3062 5582 feriisse
3083 5526 3449 5588 anathemate,
3481 5523 3686 5578 vetuis-

2118 5613 2288 5666 seque
2304 5613 2374 5652 ne
2411 5597 2536 5668 quis
2559 5595 3028 5668 illam‘reciperet.
3064 5596 3167 5667 (Cl.
3197 5593 3540 5649 Benedictini
3571 5592 3681 5646 Vita

2119 5665 2406 5732 Attianum,
2435 5666 2499 5721 ad
2540 5681 2667 5721 ann.
2698 5665 2847 5735 557.)
