4026 6338
256 460 343 521 309
1235 463 1565 520 HISTORIA
1603 461 2158 521 ECCLESIASTICA.
2201 496 2268 505 —
2302 467 2430 522 LIB.
2469 468 2528 522 ll.
3204 502 3226 533 ,

3398 446 3462 520 ’δι
3477 464 3509 523 0

253 574 558 646 ὀνομάζουσι
577 573 950 629 Κωνστάντιον
968 588 1015 630 ι.
1032 552 1221 640 Ἀὐτὸς
1242 577 1350 648 γὰρ
1395 574 1463 648 ἦν
1483 581 1512 631 ό
1531 577 1629 648 τὴν
1650 578 1802 631 δυνα-

1940 582 2149 646 errent,
2198 581 2368 635 alium
2418 580 2703 634 dominum
2754 595 2913 634 suum
2961 579 3339 641 nominarunt,
3366 580 3508 631 Can-

254 667 413 720 στείαν
435 667 535 735 τῆς
560 664 815 730 ἀσεϐείας
855 667 1043 731 αὐτοῖς
1069 668 1348 739 παρέχων.
1377 670 1487 723 Καὶ
1514 670 1730 724 αίὼνιον
1757 671 1815 725 δὲ

251 759 391 814 αὐτὸν
438 759 667 829 βασιλέα
714 761 1001 831 εἰρήκασιν
1032 760 1171 829 (55),
1221 764 1289 816 oi,
1329 763 1420 825 τὸν
1476 763 1603 818 Υίδν
1647 764 1816 820 ἀΐδιον

250 849 559 920 ἀρνούμενοι
580 864 596 881 ·
629 850 799 914 οὕτως
826 852 931 904 εἰσὶ
979 854 1116 923 πρὸς
1150 851 1406 907 ἀσέϐειαν
1434 856 1811 929 χριστομάχοι.

261 940 383 994 Ἀλλ’
430 940 564 1004 ἴσως
599 940 746 994 ἐστὶν
786 941 971 1005 αὐτοῖς
1014 942 1291 1014 πρόφασις
1318 944 1418 1014 τῆς
1465 945 1752 1009 ὑπατείας,
1782 948 1833 1018 ἡ-

250 1032 338 1085 τῶν
364 1031 540 1100 ἁγίων
569 1033 864 1106 προφητῶν
898 1034 1288 1105 χρονογραφία.
1330 1035 1488 1089 Ἀλλὰ
1518 1036 1623 1090 κᾶν
1661 1038 1819 1091 τοῦτο

251 1121 587 1192 τολμήσωσιν
629 1124 827 1186 εἰπεῖν,
861 1121 995 1177 πολὺ
1028 1123 1127 1193 τὴν
1156 1121 1394 1192 ἀμαθίαν
1421 1122 1629 1177 ἑαυτῶν
1662 1122 1819 1192 ἐξαγ-

250 1213 517 1281 γέλλουσιν
548 1212 682 1283 (56).
736 1213 803 1268 Ai
857 1213 958 1283 μὲν
991 1213 1099 1285 γὰρ
1137 1212 1247 1266 τῶν
1288 1213 1458 1282 ἁγίων
1490 1219 1819 1285 προφητεῖαι

249 1288 441 1376 χρόνων
483 1306 666 1377 έχουσι
701 1306 943 1376 μνήμην.
970 1306 1079 1358 Καὶ
1113 1305 1337 1369 Ἡσαΐας
1389 1306 1486 1376 μὲν
1521 1306 1613 1358 καὶ
1662 1305 1820 1376 Ὠσηὲ

247 1399 297 1449 ὲν
358 1395 599 1465 ἡμέραις
673 1394 850 1457 Ὀζίου
902 1396 994 1447 καὶ
1062 1395 1300 1464 Ἱωάθαμ
1358 1395 1451 1448 καὶ
1498 1396 1676 1465 Ἀχαζ
1727 1397 1822 1447 καὶ

259 1488 493 1553 Ἐζεκίου
515 1488 819 1557 γεγόνασιν·
855 1488 1126 1559 Ἱερεμίας
1146 1488 1229 1554 δέ,
1245 1491 1303 1541 ἐν
1323 1489 1559 1564 ἡμέραις
1593 1489 1819 1542 Ἰωσίου·

258 1579 513 1649 Ἰεζεκιὴλ
534 1578 589 1631 δὲ
618 1579 711 1632 καὶ
740 1579 959 1648 Δανιὴλ,
993 1579 1088 1631 ἐπὶ
1121 1579 1304 1651 Κύρου
1328 1577 1420 1633 καὶ
1436 1580 1687 1651 Δαρείου.
1719 1579 1823 1634 Καὶ

245 1670 386 1723 ἄλλοι
420 1672 480 1723 ἐν
511 1669 691 1733 ἄλλοις
727 1670 941 1742 χρόνοις
980 1672 1419 1742 ἐπροφήτευσαν,
1452 1673 1514 1726 ού
1556 1672 1655 1742 τῆς
1703 1673 1822 1726 θεο-

247 1763 458 1826 σεόεἱας
513 1763 688 1835 ἀρχὴν
725 1763 1215 1834 καταϐαλλόμενοι.
1268 1759 1389 1817 Ἦν
1428 1764 1537 1835 γὰρ
1576 1765 1669 1818 καὶ
1717 1764 1824 1836 πρὸ

243 1855 442 1918 αὐτῶν,
472 1857 566 1909 καὶ
604 1856 711 1921 ἀεὶ,
743 1857 839 1909 καὶ
864 1857 971 1927 πρὸ
1008 1856 1318 1927 καταϐολῆς
1356 1858 1586 1929 κόσμου,
1618 1856 1824 1928 ταύτην

242 1947 368 2015 ἡμῖν
410 1947 440 1999 ὁ
487 1945 620 2009 Θεὸς
675 1947 735 1999 ἐν
778 1946 1001 2017 Χριστῷ
1050 1946 1476 2018 προητοίμασεν.
1537 1948 1673 2002 Οὐδὲ
1723 1948 1823 2019 τῆς

242 2035 415 2089 αὐτῶν
460 2035 693 2100 πίστεως
742 2036 868 2100 τοὺς
913 2038 1135 2107 χρόνους
1174 2038 1485 2108 ἐσήμαινον·
1531 2035 1671 2110 ἦσαν
1715 2040 1823 2111 γὰρ

244 2129 327 2181 καὶ
354 2128 466 2198 πρὸ
495 2128 697 2181 τούτων
732 2129 843 2182 τῶν
885 2129 1093 2200 χρόνων
1134 2130 1290 2183 αὐτοὶ
1320 2130 1521 2184 πιστοί’
1557 2130 1693 2184 ἀλλὰ
1722 2130 1825 2200 τῆς

242 2218 300 2271 δι’
331 2219 521 2273 αὐτῶν
551 2220 882 2288 ἐπαγγελίας
912 2217 1054 2292 ἦσαν
1076 2223 1123 2274 oi
1152 2222 1357 2293 χρόνοι.
1400 2223 1463 2276 Ἦ
1492 2223 1549 2275 δὲ
1583 2225 1825 2292 ἐπαγγε-

243 2310 320 2363 λία
339 2314 771 2383 προηγουμένως
793 2314 891 2383 μὲν
934 2314 1060 2383 περὶ
1081 2317 1178 2385 τῆς
1207 2315 1500 2385 ἐπιδημίας
1514 2315 1608 2368 τοῦ
1640 2316 1824 2387 Σωτῆ-

247 2419 327 2472 ρος
349 2403 532 2473 ἡμῶν.
576 2404 1027 2475 Ἐπακολούθημα
1057 2404 1114 2457 δὲ
1148 2406 1275 2475 περὶ
1302 2406 1409 2459 τῶν
1442 2406 1713 2476 ἐσομένων
1748 2407 1826 2478 τῷ

254 2494 467 2565 Ἰσραὴλ
499 2494 593 2548 καὶ
625 2496 737 2559 τοῖς
775 2494 953 2549 ἔθνεσι
980 2512 994 2525 ’
1031 2496 1124 2548 καὶ
1160 2491 1301 2566 ἦσαν
1327 2497 1376 2548 oi
1404 2496 1586 2568 χρόνοι
1621 2515 1826 2568 σημαι-

243 2586 477 2656 νόμενοι,
510 2586 611 2639 οὐκ
644 2585 786 2658 ἀρχὴ
817 2588 1072 2650 πίστεως,
1110 2587 1252 2641 καθὰ
1282 2592 1564 2660 προεῖπον,
1591 2589 1705 2642 ἀλλ’
1732 2590 1827 2643 αὺ-

243 2678 345 2732 τῶν
379 2677 488 2731 τῶν
521 2679 840 2750 προφητῶν,
868 2678 987 2732 καθ’
1015 2678 1109 2742 οὓς
1141 2680 1294 2733 αύτολ⁸
1324 2681 1624 2753 γενόμενοι,
1655 2681 1827 2735 ταῦτα

246 2771 644 2841 προεφήτευον.
691 2762 849 2823 Οὗτοι
879 2768 935 2822 δὲ
979 2772 1027 2822 oi
1074 2770 1169 2825 νῦν
1205 2771 1390 2840 σοφοὶ,
1444 2773 1541 2843 οὐχ
1588 2774 1828 2845 ἱστορίας

246 2859 623 2930 ἐξηγούμενοι,
681 2859 803 2912 οὐδὲ
848 2857 918 2912 τὰ
951 2859 1214 2929 μέλλοντα
1267 2861 1643 2932 προλέγοντες,
1692 2864 1829 2917 ἀλλὰ

244 2950 588 3021 γράψαντες,
638 2948 888 3022 Ἐξετέθη
933 2952 967 3021 ἡ
1015 2950 1197 3015 πίστις
1239 2954 1274 3023 ἡ
1325 2952 1607 3024 καθολικὴ,
1667 2955 1829 3017 εὐθὺς

245 3040 596 3111 προσέθηκαν
621 3040 717 3093 καὶ
746 3039 844 3111 τὴν
877 3040 1136 3095 ὑπατείαν
1166 3041 1375 3096 καὶτὸν
1417 3046 1561 3114 μῆνα
1597 3046 1691 3098 καὶ
1730 3044 1828 3117 τὴν

247 3133 477 3205 ἡμέραν.
511 3134 726 3206 Ὥσπερ
753 3134 802 3186 oi
831 3133 977 3203 ἆγιοι
1032 3135 1140 3188 τῶν
1172 3135 1423 3206 ἱστοριῶν
1457 3137 1552 3192 καὶ
1581 3138 1680 3209 τῆς
1705 3139 1831 3192 ἐαυ-

248 3224 351 3277 τῶν
388 3225 671 3289 διακονίας
714 3226 843 3288 τοὺς
891 3225 1117 3297 χρόνους
1165 3225 1424 3296 ἔγραφον,
1481 3224 1653 3289 οὕτως
1686 3220 1831 3280 οὗτοι

249 3315 341 3384 τῆς
378 3314 592 3368 ἐαυτῶν
640 3316 878 3378 πίστεως
930 3315 1022 3369 τὸν
1080 3317 1268 3386 χρόνον
1326 3316 1672 3387 σημαίνουσι.
1723 3318 1831 3371 Καὶ

250 3407 357 3460 εἴθε
396 3409 528 3477 περὶ
577 3406 678 3476 τῆς
714 3406 920 3460 ἑαυτῶν
952 3407 1223 3479 ἔγραφον
1265 3407 1362 3462 νῦν
1406 3410 1511 3480 γὰρ
1559 3408 1826 3481 ἤρξαντοο

251 3501 340 3554 καὶ
379 3501 453 3571 μὴ
482 3500 560 3563 ὡς
589 3501 719 3571 περὶ
761 3500 860 3570 τῆς
911 3499 1204 3569 καθολικῆς
1239 3501 1555 3572 ἐπεχείρουν
1577 3519 1589 3531 ·
1628 3503 1689 3554 ού
1725 3502 1833 3571 γὰρ

252 3592 513 3663 ἔγραψαν,
534 3592 690 3646 Οὕτω
715 3591 1062 3662 πιστεύομεν,
1083 3592 1197 3645 ἀλλ’
1236 3593 1317 3645 ὅτι
1340 3584 1587 3664 Ἐξετέθη
1621 3595 1651 3663 ἡ
1672 3593 1835 3646 καθοο

252 3684 372 3755 λικὴ
404 3685 609 3747 πίστις.
643 3684 717 3736 Τὸ
753 3682 850 3754 μὲν
879 3679 972 3736 οὖν
1024 3683 1294 3754 τολμηρὸν
1335 3683 1434 3753 τῆς
1463 3686 1834 3755 προαιρέσεως

252 3777 457 3847 ἐλέγχει
506 3777 609 3846 τὴν
666 3776 856 3830 ἁθεῗαν
902 3784 930 3825 γ
976 3777 1174 3830 αὐτῶν.
1233 3776 1308 3829 Τὸ
1360 3777 1417 3829 δὲ
1468 3777 1651 3830 καινὸν
1712 3779 1833 3830 ἐπια

255 3868 425 3939 νόημα
485 3868 591 3937 τῆς
651 3867 872 3940 γραφῆς
938 3868 1052 3921 ἴσον
1096 3868 1213 3921 ἐστὶ
1264 3868 1363 3939 τῆς
1417 3868 1698 3939 ’Δρειανῆς
1751 3871 1839 3929 αίτ

258 3962 473 4031 ρέσεως.
512 3959 671 4014 Οὖτω
720 3960 830 4031 γὰρ
875 3960 1188 4033 γράψαντες
1232 3960 1474 4026 ἐδίδαξαν
1514 3961 1649 4032 (57),
1704 3962 1837 4016 πότε

263 4054 356 4123 μὲν
386 4055 624 4125 ἤρξαντο
657 4053 930 4107 πιστεύειν
974 4052 1146 4106 αὐτοί.
1193 4053 1327 4106 Ἀπὸ
1366 4053 1423 4106 δὲ
1456 4053 1549 4108 τοῦ
1580 4054 1675 4108 νῦν
1712 4055 1836 4124 βού-

258 4144 431 4197 λονται
503 4144 604 4215 τὴν
681 4143 862 4197 πίστιν
928 4143 1109 4197 αὐτῶν
1174 4143 1663 4211 καταγγέλλεσθαι.
1726 4145 1837 4198 Καὶ

261 4235 442 4307 ὥσπερ
469 4235 612 4290 κατὰ
642 4235 732 4288 τὸν
760 4234 1148 4306 εύαγγελιστὴν
1176 4235 1411 4301 Λουκᾶν,
1454 4234 1615 4306 ἐτέθη
1658 4236 1837 4306 δόγμα

263 4331 385 4401 περὶ
410 4330 509 4400 τῆς
536 4327 887 4401 ἀπογραφῆς,
921 4327 1185 4399 πρότερον
1233 4328 1331 4397 μὲν
1375 4328 1473 4381 οὐκ
1504 4324 1592 4399 ἦν,
1625 4328 1734 4383 ἀπὸ
1780 4329 1838 4382 δὲ

261 4422 366 4476 τῶν
387 4422 609 4494 ἡμερῶν
639 4420 865 4476 ἐκείνων
901 4420 1103 4491 ἤρξατο
1148 4416 1309 4482 εἶναι,
1355 4421 1449 4473 καὶ
1488 4420 1648 4491 ἐτέθη
1690 4422 1838 4492 παρὰ

263 4514 354 4567 τοῦ
379 4514 689 4585 γράψαντος
714 4531 726 4544 ·
752 4512 896 4567 οὕτω
924 4513 1017 4567 καὶ
1044 4503 1188 4565 οὗτοι
1212 4512 1544 4584 γράψαντες,
1580 4512 1839 4584 Ἐξετέθη

1921 672 2187 727 stantium
2230 671 2459 728 scilicet.
2510 671 2611 728 llic
2656 671 2805 727 enim
2831 670 2941 725 vim
2987 686 3051 725 ac
3074 670 3373 740 potentiam
3401 669 3506 722 im‘

1920 764 2112 835 pietati
2139 765 2385 835 ipsorum
2411 763 2886 819 subministrabat.
2915 761 3026 818 Sed
3048 770 3104 817 et
3128 760 3280 815 illum
3332 760 3508 829 impe-

1922 862 2163 911 ratorem
2208 864 2478 910 :eternum
2522 854 2886 924 appellarunt,
2915 852 3018 921 ipsi
3060 851 3155 921 qui
3184 849 3385 903 Filium
3411 848 3505 902 Dei

1921 948 2320 1019 sempiternum
2348 962 2469 1002 esse
2517 955 2719 1016 negant
2751 962 2764 997 :
2790 945 2933 999 adeo
2964 959 3078 1014 prae
3114 943 3402 1012 impietate
3427 942 3509 995 in-

1924 1037 2064 1093 fensi
2089 1045 2218 1091 sunt
2243 1028 2432 1091 hostes
2481 1035 2711 1090 Christi.
2757 1034 2864 1089 Sed
2911 1034 3140 1087 fortasse
3187 1040 3507 1087 sanctorum

1921 1129 2313 1200 prophetarum
2337 1126 2773 1197 ehronographia
2795 1125 3103 1195 exemplum
3147 1124 3255 1178 illis
3274 1124 3510 1194 prmbuit

1922 1219 1989 1274 ad
2042 1219 2295 1274 consules
2340 1218 2742 1289 praznotandos.
2775 1220 2974 1273 Verum
3019 1217 3063 1271 si
3093 1217 3198 1271 hoc
3224 1216 3342 1270 ausi
3387 1216 3509 1270 fue-

1923 1310 2035 1365 rint
2076 1310 2282 1375 dicere,
2333 1309 2605 1364 inscitiam
2653 1324 2807 1363 suam
2852 1323 2919 1362 eo
2967 1307 3202 1361 maxime
3250 1306 3505 1376 prodent.

1927 1404 2252 1458 Sanctorum
2280 1401 2427 1457 enim
2461 1401 2763 1471 prophetiae
2810 1400 3147 1454 mentionem
3203 1408 3508 1469 temporum

1927 1493 2154 1550 faciunt.
2201 1494 2369 1549 Isaias
2418 1492 2644 1563 quidem
2690 1489 2911 1546 etOsee
2960 1491 3303 1561 temporibus
3345 1488 3508 1555 Osize,

1925 1585 2198 1649 Joatham,
2248 1584 2429 1639 Achas
2474 1593 2529 1638 et
2583 1583 2831 1638 Ezechiae
2881 1583 3134 1637 vixerunt
3183 1600 3197 1635 :
3243 1582 3512 1638 Jercmias

1924 1691 2056 1731 vero
2080 1675 2419 1746 temporibus
2455 1675 2615 1731 Josia:
2643 1693 2655 1727 :
2688 1674 2945 1729 Ezechiel
2991 1682 3177 1728 autem
3221 1682 3277 1729 et
3321 1674 3511 1727 Daniel

1924 1766 2065 1838 Cyro
2088 1776 2143 1821 et
2168 1766 2330 1821 Dario
2356 1765 2731 1837 regnantibus.
2773 1765 2879 1819 Alii
2902 1772 3165 1835 prteterea
3203 1764 3326 1818 aliis
3371 1774 3511 1817 tem—

1927 1860 2156 1931 poribus
2212 1859 2611 1930 prophetarunt
2656 1876 2667 1910 :
2709 1872 2819 1910 non
2862 1856 2938 1910 illi
2990 1854 3271 1926 religionis
3318 1854 3517 1908 funda-

1930 1960 2113 2006 menta
2151 1951 2437 2022 jacientes.
2488 1949 2614 2004 Haec
2659 1948 2806 2003 enim
2833 1956 2962 2005 ante
3004 1947 3222 2002 illorum
3266 1952 3515 2015 tempora

1928 2043 2036 2113 jam
2083 2050 2323 2097 erat:et
2347 2056 2582 2112 semper,
2633 2040 2881 2109 adeoque
2927 2047 3053 2094 ante
3104 2039 3277 2109 ipsam
3322 2037 3512 2091 mundi

1932 2133 2380 2190 constitutionem
2408 2133 2531 2197 fuit,
2557 2148 2720 2202 quam
2748 2132 2892 2186 Deus
2916 2130 3077 2185 nobis
3100 2146 3197 2200 per
3232 2129 3516 2185 Christum

1932 2225 2278 2296 praeparavit.
2329 2225 2441 2279 Nec
2489 2223 2615 2279 ﬁdei
2664 2240 2776 2279 suae
2826 2233 3039 2293 tempus
3093 2222 3453 2291 designarunt
3496 2239 3509 2273 :

1933 2319 2135 2388 quippe
2182 2316 2277 2387 qui
2314 2326 2442 2371 ante
2470 2316 2561 2371 illa
2580 2317 2694 2387 jam
2740 2324 2987 2384 tempora
3025 2313 3215 2368 ﬁdeles
3258 2312 3509 2366 fuissent.

1936 2408 2041 2463 Sed
2071 2417 2315 2478 tempora
2338 2407 2428 2462 illa
2455 2416 2584 2463 sunt
2621 2405 3005 2477 promissionis
3053 2419 3173 2474 quae
3220 2416 3321 2473 per
3366 2405 3516 2473 ipsos

1934 2500 2118 2555 ﬁebat.
2168 2499 2556 2554 Promissionis
2606 2507 2789 2553 autem
2816 2497 3055 2567 primum
3084 2511 3147 2550 ac
3174 2494 3513 2565 prazcipuum

1934 2598 2099 2661 caput
2120 2599 2238 2646 erat
2283 2590 2351 2645 de
2375 2590 2682 2645 Servatoris
2706 2590 2882 2644 nostri
2914 2588 3185 2649 adventu.
3235 2585 3513 2658 Appendi-

1936 2683 2017 2738 cis
2063 2692 2246 2737 autem
2295 2684 2415 2737 loco
2463 2683 2934 2737 subnectebantur
2977 2696 3202 2750 eaquae
3227 2678 3432 2735 Iudaeis
3453 2693 3545 2731 ac.-

1936 2776 2191 2847 gentibus
2232 2784 2391 2830 erant
2432 2784 2718 2830 eventura.
2770 2774 3005 2828 Proinde
3032 2782 3279 2843 tempora
3314 2772 3385 2825 ab
3410 2771 3518 2825 illis

1935 2874 2235 2937 praenotata
2281 2882 2392 2920 non
2416 2866 2544 2920 ﬁdei
2569 2865 2785 2918 initium
2803 2863 3184 2932 designabant,
3198 2862 3342 2916 sicut
3356 2869 3521 2914 antea
3548 2904 3554 2909 .

1936 2959 2072 3023 dixi,
2107 2958 2201 3013 sed
2232 2958 2476 3027 ipsorum
2502 2956 2895 3026 prophetarum
2918 2961 3156 3017 :etatem,
3181 2966 3290 3021 qua
3314 2950 3515 3019 singuli

1936 3049 2226 3104 vaticinari
2251 3056 2548 3117 coeperant.
2577 3046 2645 3100 At
2668 3045 2757 3099 isti
2796 3043 2970 3098 nostri
3014 3041 3278 3110 temporis
3303 3040 3518 3109 sapien-

1938 3149 2040 3206 tes,
2071 3155 2194 3194 cum
2222 3154 2324 3193 nec
2364 3137 2624 3192 historias
2654 3135 2916 3198 scribant,
2962 3147 3066 3187 nec
3089 3132 3272 3186 futura
3320 3128 3517 3199 praedi-

1940 3240 2087 3297 cant,
2140 3231 2235 3286 ubi
2286 3226 2872 3296 dixeruntzExposita
2920 3232 3006 3279 est
3054 3224 3186 3277 ﬁdes
3224 3220 3513 3282 catholica,

1936 3321 2119 3375 statim
2178 3318 2433 3372 consules
2480 3315 2745 3386 adjiciunt
2795 3324 2852 3369 et
2883 3328 3127 3367 mensem
3154 3327 3216 3365 ac
3255 3311 3422 3365 diem.
3448 3309 3518 3363 Et

1938 3410 2400 3482 quemadmodum
2424 3407 2531 3462 viri
2552 3406 2728 3461 sancti
2754 3420 2939 3460 rerum
2962 3412 3236 3474 gestarum
3264 3417 3328 3456 ac
3354 3399 3517 3453 mini-

1939 3503 2092 3560 sterii
2140 3502 2224 3557 sui
2281 3510 2533 3570 tempora
2570 3498 2955 3567 scripserunt:
2994 3495 3071 3549 ita
3114 3492 3206 3547 isti
3254 3491 3379 3549 ﬁdei
3406 3506 3519 3544 sua:

1944 3604 2159 3666 tempus
2205 3595 2485 3649 adnotant.
2539 3591 2718 3661 Atque
2762 3588 2973 3642 utinam
3015 3585 3084 3640 de
3125 3600 3222 3639 sua
3255 3582 3522 3637 duntaxat

1943 3687 2048 3742 ﬁde
2093 3685 2442 3754 scripsissent
2469 3701 2481 3735 :
2512 3697 2659 3736 nunc
2683 3679 2832 3734 enim
2877 3679 3116 3749 primum
3166 3676 3272 3745 ipsi
3295 3674 3521 3729 credere

1943 3781 2227 3843 coeperunt
2257 3792 2268 3825 :
2296 3788 2359 3827 ac
2404 3786 2514 3824 non
2557 3769 2625 3824 de
2651 3767 2918 3823 catholica
2964 3766 3070 3822 ﬁde
3094 3765 3152 3820 id
3177 3766 3294 3820 ausi
3335 3772 3521 3820 essent
3546 3802 3559 3813 ς

1944 3866 2205 3921 scribere.
2230 3865 2348 3918 Non
2375 3863 2522 3917 enim
2547 3863 2890 3930 scripserunt
2917 3877 2931 3913 :
2966 3859 3048 3913 Ita
3074 3873 3176 3913 nos
3223 3856 3382 3926 139
3403 3872 3522 3909 cre—

1941 3962 2146 4025 dimus,
2178 3960 2275 4015 sed
2318 3960 2423 4013 hoc
2447 3957 2609 4011 modo
2640 3973 2653 4008 :
2679 3954 2940 4024 Exposita
2960 3959 3046 4006 est
3067 3949 3203 4006 ﬁdes
3225 3948 3517 4005 catholica.

1942 4054 2131 4123 Itaque
2155 4051 2368 4107 consilii
2392 4050 2554 4119 hujus
2598 4046 2879 4101 temeritas
2904 4050 3069 4113 atque
3084 4039 3311 4098 audacia
3350 4039 3523 4108 impe-

1945 4144 2126 4198 ritiam
2158 4144 2375 4196 illorum
2405 4139 2685 4209 coarguit:
2717 4135 2935 4191 novitas
2980 4140 3164 4189 autem
3205 4130 3523 4200 scriptionis

1943 4236 2011 4291 ab
2043 4236 2151 4289 illis
2211 4232 2525 4303 excogitata:
2559 4245 2659 4299 par
2703 4227 2929 4282 omnino
2953 4231 3039 4279 est
3088 4222 3307 4278 Ariana:
3354 4219 3522 4290 perﬁ-

1944 4328 2067 4383 diae.
2111 4324 2325 4381 Etenim
2361 4323 2437 4377 ita
2490 4319 2817 4382 scribentes,
2870 4314 3130 4370 omnibus
3162 4310 3525 4367 ostenderunt

1945 4417 2292 4488 quandonam
2326 4412 2565 4484 primum
2600 4407 2872 4479 coeperint
2916 4405 3165 4468 credere,
3219 4411 3274 4457 et
3325 4400 3525 4456 exinde

1946 4510 2108 4565 ﬁdem
2167 4523 2319 4564 suam
2359 4503 2648 4576 praedicari
2708 4499 2898 4557 velint.
2953 4497 3022 4551 Et
3062 4490 3525 4565 quemadmodum

1469 4665 1738 4720 VALESII
1778 4662 2331 4720 ANNOTATIONES.

342 4780 445 4853 (55)
471 4780 581 4853 Καὶ
611 4778 851 4853 αἰώνιον
874 4779 1160 4853 δὲ-αὖτὸν
1200 4778 1469 4853 βασιλέα
1497 4777 1830 4853 εὶρῄλκαᾳιν.

1950 4779 2008 4853 in
2053 4777 2253 4833 edictis
2289 4784 2347 4831 et
2396 4774 2651 4853 epistolis
2680 4774 2857 4853 dense
2907 4768 3027 4853 ipso
3058 4765 3529 4853 ‘loque‘nsﬂeter—

270 4848 588 4906 llu'nc'enim
617 4849 844 4905 titulum
874 4850 1042 4906 habet
1074 4848 1348 4919 expositio
1398 4848 1523 4902 ﬁdei

274 4920 381 4991 sis:
417 4920 667 4991 Ἐξετέθη
688 4923 727 4991 ,ἡ
762 4919 943 4991 πίστις
970 4922 1002 4991 ἡ
1032 4918 1293 4991 καθολικὴ
1325 4918 1417 4972 ἐπὶ
1450 4920 1845 4991 παρουσίατοῦ

272 4990 519 5060 δεσπότου
576 4989 736 5060 ήμζῶν
770 4989 863 5042 τοῦ
917 4989 1309 5060 εὐσεϐεστάτου
1370 4990 1462 5043 καὶ
1520 4989 1840 5060 ,καλλινίκου

289 5059 531 5127 βασιλέως
594 5059 980 5114 Κωνσταντίου
1058 5059 1369 5127 Αὐγούστου
1447 5059 1543 5113 τοῦ
1623 5063 1842 5115 αἰωνίου

290 5132 551 5201 σεϐαστοῦ,
583 5139 717 5196 etc.,
764 5138 827 5185 ut
873 5131 1075 5201 legitur
1105 5131 1257 5200 apud
1297 5130 1659 5187 Athanasium
1688 5132 1746 5186 in
1774 5131 1844 5185 li-

288 5199 376 5255 bro
398 5218 559 5272 supra
614 5202 809 5257 citato.
848 5199 980 5268 Quie
1036 5199 1208 5256 verba
1265 5201 1389 5256 ideo
1433 5202 1526 5257 hic
1571 5202 1843 5272 ascripsi,

291 5219 376 5255 ιιι-ο
398 5219 559 5329 εοὲἐτι
614 5219 809 5257 citato.
848 5219 980 5268 uuae
1036 5219 1208 5256 verna
1265 5219 1389 5256 meo
1435 5219 1526 5257 mc
1571 5219 1801 5272 ascrrpsr
1830 5242 1843 5264 ,

291 5273 419 5337 quod
522 5281 705 5327 crates
734 5282 924 5327 noster
952 5272 1203 5327 eamdem
1244 5272 1536 5327 formulam
1577 5272 1844 5332 referens,

289 5340 460 5413 titulos
515 5344 649 5398 istos
718 5343 1096 5413 praetermisit.
1163 5342 1435 5397 Caeterum
1492 5342 1849 5397 Constantius

1583 4849 1848 4905 Sirmien-

1954 4829 2381 4902 ﬁititéiﬁ'éuhm
2408 4829 2685 4899 interdum
2735 4829 2965 4902 dicerei,
3016 4844 3075 4891 ut
3138 4829 3372 4887 testatur
3400 4829 3529 4902 Am-

1956 4900 2175 4973 mianus
2229 4916 2577 4972 Marcellinus
2624 4913 2682 4967 in
2714 4911 2860 4967 libro
2908 4900 2996 4972 xv,
3024 4904 3170 4960 haud
3209 4902 3403 4972 procul
3459 4900 3571 4953 abi.

1958 4989 2137 5043 initio.

2180 5058 2297 5124 Τὴν
2338 5049 2873 5129 ᾁμαᾷξᾳνῃέαυτῷνξ
2922 5039 3539 5129 ἐξαπγ-έέλουοξυξ-ίιι

1947 5112 2137 5185 codice
2192 5112 2394 5182 Leonis
2451 5123 2637 5178 Allatii
2702 5120 2970 5190 scriptum
2993 5112 3528 5190 δι’-ἐξ.αγγελούσιν,

1947 5179 2529 5270 ἶιῖιδᾶἶηιᾷίέίρὲοβο.
2566 5193 2732 5270 Paulo
2765 5179 2888 5270 post
2916 5203 3017 5270 pro
3038 5184 3142 5270 ’τὰς
3167 5179 3547 5270 ἐπαγγελίας.

1949 5226 2095 5270 l|uuu
2126 5226 2298 5269 "mgna
2337 5226 2529 5268 μιυυυ.
2566 5226 2732 5250 ιιιυιυ
2765 5226 2888 5261 μνον
2919 5226 3017 5259 νιν
3056 5226 3141 5249 ...ν
3168 5226 3275 5235 νη..
3326 5226 3461 5249 ιν---

1949 5270 2122 5325 codex
2142 5267 2325 5323 Allatii
2351 5276 2407 5323 et
2435 5262 2766 5319 Athanasius
2788 5226 3388 5329 habentﬁjtajyexiotg.
3433 5318 3461 5329 __

2023 5321 2508 5409 (έῗ-Ῐ-Οὗτωγὰρ
2572 5332 2904 5409 ηοᾴψανςες
2925 5321 3263 5409 Βέδίδαξᾱν.
3308 5321 3535 5375 Rectius

291 5410 410 5466 adeo
437 5397 692 5469 credulus
719 5397 849 5467 lfuit
898 5413 1216 5484 huiusmodi
1256 5413 1745 5476 assentationihus,
1792 5421 1853 5465 ut
1951 5397 2499 5481 apud'Athanasi'um
2523 5397 2790 5459 scribitur
2808 5397 3039 5464 ἔδειξαν.

1719 5569 2102 5625 VARIORUM.

353 5696 377 5725 ³
404 5691 660 5746 Ἑαυτῶν
680 5689 1041 5757 ὀνομάζουσι
1072 5687 1508 5741 Κωνστιὶντιολν.
1544 5685 1826 5757 Athanasii

293 5758 445 5816 editio
461 5761 743 5840 benedict.
772 5759 924 5831 legit,
961 5758 1286 5840 ὀνομάζουσι
1310 5759 1518 5840 eiusei;
1548 5756 1839 5809 Κωνστάν-

294 5845 412 5899 τιον.
455 5831 655 5890 Confer
710 5826 981 5887 haec'cum
1035 5826 1103 5884 iis
1143 5844 1263 5899 qua:
1299 5826 1442 5897 apud
1476 5826 1841 5882 Sozomenum

294 5898 549 5971 leguntur,
577 5903 677 5958 lib.
696 5918 772 5966 ιν,
802 5915 922 5971 cap.
958 5899 1042 5952 17.

2005 5695 2033 5732 y
2072 5681 2237 5749 Ἐλὲγ
2242 5697 2332 5750 χει
2354 5679 2467 5745 τὴν
2481 5676 2707 5750 ἀθεΐᾳν.
2730 5673 2838 5750 Pro
2859 5671 3067 5731 ἁθεῖαν,
3086 5658 3531 5750 οὐίιετ-Ιξοὲε-ιξ

1946 5731 2424 5808 Athanasii’iiabei
2453 5745 2715 5816 ἀμαθίαν,
2743 5745 2900 5812 cujus
2941 5750 3164 5794 sensum
3189 5731 3439 5789 Valesius
3475 5731 3527 5780 in

1949 5824 2203 5878 versione
2235 5818 2525 5888 expressit.
