4026 6338
434 397 542 454 ﬁlii

1887 396 2221 456 SOCRATIS

3588 402 3700 458 3H3

433 514 584 585 quod
616 514 792 571 fuerat
819 515 1058 584 positum
1096 511 1325 568 ratione.
1363 513 1583 570 Etenim
1620 529 1751 572 cum
1792 516 2015 585 pietatis

2122 513 2404 587 ἀκριϐείας
2430 513 2525 567 καὶ
2556 513 2858 578 ὲξετασεως
2891 514 2990 586 τὴν
3046 518 3456 588 συγγραφεῖσαν
3513 517 3700 571 πίστιν

436 619 546 664 tua:
585 609 784 665 litterae
826 606 1092 677 jusserint
1132 607 1353 661 tractari
1394 605 1464 662 de
1506 607 1635 673 fide,
1677 609 2016 666 offerebatur

434 700 597 754 nobis
644 714 676 751 a
719 696 1050 765 supradictis
1090 694 1469 750 turbatoribus
1502 698 1891 764 Ecclesiarum,
1923 715 2014 754 as-

436 788 644 842 sociato
677 786 978 850 Germinio,
1000 784 1275 840 Auxentio
1314 793 1370 840 et
1401 786 1554 853 Caio,
1587 804 1795 844 novum
1827 791 2016 845 nescio

432 878 567 947 quid
590 876 1071 940 considerandum,
1089 875 1239 945 quod
1267 879 1436 933 multa
1456 896 1732 949 perversae
1752 881 2017 937 doctrina:

438 969 778 1023 continebat.
810 968 880 1022 At
908 982 1039 1022 vero
1075 981 1202 1021 cum
1232 968 1517 1025 videretur
1544 971 1835 1042 displicere
1866 973 2014 1043 quod

434 1058 740 1114 offerebant
790 1059 1009 1129 publice
1066 1061 1122 1116 in
1175 1062 1429 1128 concilio,
1473 1072 1805 1133 putaverunt
1854 1065 2015 1120 aliter

435 1165 555 1205 esse
603 1151 1063 1208 conscribendum
1098 1165 1197 1210 :et
1243 1156 1467 1225 quidem
1514 1155 1632 1209 ham
1673 1156 1829 1211 brevi
1873 1166 2014 1210 tem-

434 1253 569 1308 pore
595 1256 736 1310 smpe
762 1251 1025 1308 mutasse,
1059 1245 1410 1300 manifestum
1439 1253 1541 1300 est.
1575 1246 1682 1300 Sed
1716 1262 1783 1301 ne
1823 1247 2014 1302 Eccle—

435 1330 531 1383 sia:
567 1331 911 1401 frequentius
949 1338 1369 1406 perturbentur,
1399 1338 1604 1406 placuit
1640 1338 1886 1392 instituta
1918 1355 2014 1394 ve-

437 1424 552 1469 tera
611 1427 726 1473 rata
777 1430 942 1490 atque
995 1423 1334 1479 inviolabilia
1380 1428 1616 1492 servari;
1672 1428 2017 1497 supradictos

437 1522 571 1561 vero
604 1524 634 1564 a
667 1514 1059 1569 communione
1086 1524 1275 1570 nostra
1304 1516 1595 1571 removeri.
1626 1516 1706 1571 Ad
1738 1518 2015 1573 instruen-

438 1599 563 1654 dam
593 1601 758 1671 igitur
785 1612 933 1659 tuam
959 1607 1311 1662 clementiam
1339 1608 1545 1679 legatos
1573 1618 1791 1665 nostros
1816 1610 2019 1666 direxi-

436 1706 581 1755 mus,
619 1695 839 1749 concilii
881 1699 1207 1753 sententiam
1246 1715 1345 1769 per
1383 1700 1590 1755 litteras
1629 1708 1843 1757 nostras
1871 1718 2016 1756 nun—

436 1780 685 1836 tiaturos.
719 1783 930 1849 Quibus
962 1788 1067 1843 hoc
1102 1789 1278 1858 ipsum
1314 1790 1490 1845 solum
1529 1791 1926 1857 mandavimus,
1956 1801 2018 1847 ut

2118 606 2494 660 ὲκτεθεικότα’
2547 605 2736 676 ἐπειδὴ
2784 606 2841 661 δὲ
2890 605 2966 670 ὡς
3020 607 3082 672 ὲξ
3128 606 3432 679 ἀνθρώπων
3480 608 3704 677 ἐγένετο

2118 695 2451 766 βαπτισθεὶς,
2485 698 2579 751 καὶ
2620 697 2759 768 πρὸς
2790 695 2887 767 τὴν
2928 697 3286 768 ὀφειλομένην
3319 700 3543 770 εἰρήνην
3606 700 3700 752 ἁν-

2116 788 2414 859 εχώρησεν,
2444 790 2644 843 ἄτοπον
2672 788 3000 860 ὲνομίσαμεν
3030 789 3141 860 (44)
3176 786 3317 844 εἶναι
3348 791 3464 861 μετ’
3488 793 3698 845 ἐκεῖνόν

2117 899 2169 933 τι
2201 884 2566 951 καινοτομεῖν,
2594 881 2687 934 καὶ
2710 881 3000 944 τοσούτους
3026 882 3218 950 ἁγίους
3235 881 3574 953 ὁμολογητὰς
3598 882 3697 937 καὶ

2122 971 2426 1041 μάρτυρας,
2463 973 2591 1034 τοὺς
2613 971 2709 1025 καὶ
2732 972 2887 1026 τοῦδε
2927 970 3024 1025 τοῦ
3051 972 3321 1043 δόγματος
3353 976 3697 1046 συγγραφεῖς

2116 1078 2175 1114 τε
2206 1063 2294 1116 καὶ
2332 1062 2559 1132 εὑρετὰς
2609 1063 2883 1133 ὑπεριδεῖν
2904 1081 2919 1094 ’
2955 1062 3149 1127 οἵτινες
3175 1063 3317 1118 κατά
3341 1063 3433 1118 τὸν
3468 1064 3696 1119 παλαιὸν

2117 1155 2215 1224 τῆς
2242 1154 2543 1225 καθολικῆς
2575 1154 2901 1226 Ἐκκλησίας
2936 1153 3157 1225 θεσμὸν,
3182 1155 3396 1209 ἅπαντα
3431 1155 3693 1227 φρονοῦν⁸

2118 1263 2205 1308 τες
2245 1245 2731 1318 διαμεμενήκασιν.
2763 1243 2864 1301 ’Ὧν
2897 1247 2926 1298 ὁ
2952 1245 3085 1309 Θεὸς
3114 1247 3214 1317 τὴν
3266 1247 3449 1303 πίστιν
3488 1248 3582 1303 καὶ
3612 1251 3693 1308 εἰς

2117 1338 2242 1400 τοὺς
2282 1339 2409 1401 σοὺς
2440 1338 2665 1408 χρόνους
2699 1340 2798 1409 τῆς
2831 1340 3108 1409 βασιλείας
3143 1339 3437 1410 μετέδωκε,
3472 1341 3558 1395 διὰ
3598 1341 3694 1395 τοῦ

2119 1428 2325 1497 Κυρίου
2357 1427 2515 1499 ήμῶν
2544 1428 2720 1498 Ἰησοῦ
2754 1428 3012 1500 Χριστοῦ.
3038 1428 3105 1482 δι’
3125 1422 3187 1482 οὗ
3220 1445 3304 1482 σοι
3334 1430 3510 1483 καὶτὸ
3540 1430 3698 1500 βασι-

2119 1520 2296 1574 λεύειν
2326 1518 2502 1585 οὕτως
2533 1519 2797 1592 ὑπῆρξεν,
2828 1523 2904 1584 ὡς
2928 1521 3023 1574 καὶ
3058 1520 3160 1591 τῆς
3191 1521 3310 1575 καθ’
3339 1523 3487 1592 ἡμᾶς
3517 1524 3697 1579 οἰκου-

2123 1614 2289 1685 μένης
2307 1616 2546 1685 κρατεῖν.
2567 1613 2735 1668 Πάλιν
2749 1612 2878 1682 γοῦν
2895 1615 2944 1667 οἱ
2963 1614 3184 1667 ἑλεεινοὶ
3197 1614 3226 1654 h
3246 1614 3336 1667 καὶ
3356 1614 3564 1686 οἰκτροὶ
3582 1614 3697 1680 (l5)

2118 1704 2196 1775 τῷ
2230 1706 2559 1775 φρονήματι,
2611 1704 2854 1776 ἀθεμίτῳ
2901 1702 3213 1774 τολμήματι
3262 1703 3361 1774 τῆς
3404 1703 3698 1768 δυσσεϐοῦς

2124 1795 2440 1865 φρονήσεως
2498 1796 2745 1865 κήρυκας
2796 1795 3020 1858 ἑαυτοὺς
3067 1793 3414 1863 ἀνήγγειλαν,
3451 1793 3544 1847 καὶ
3580 1795 3702 1846 ὲπι-

434 1887 547 1926 non
603 1875 762 1929 aliter
811 1877 1137 1947 legationem
1198 1881 1542 1951 perferrent,
1597 1898 1760 1952 quam
1818 1891 2016 1939 statuta

2122 1884 2401 1957 χειροῦσιν
2430 1884 2756 1957 ἀνατρέπειν
2772 1886 2880 1938 πᾶν
2902 1883 2967 1939 τὸ
2987 1884 3085 1956 τῆς
3106 1883 3365 1956 ἀληθείας
3392 1884 3697 1952 σύνταγμα.

433 1972 622 2020 vetera
652 1982 980 2035 permanere
1018 1969 1331 2028 ﬁrmissima
1359 1991 1371 2026 :
1399 1980 1457 2027 ut
1500 1982 1557 2028 et
1600 1974 1870 2044 sapientia
1927 1985 2017 2031 tua

435 2068 812 2125 cognosceret,
849 2076 955 2115 non
991 2062 1099 2118 hoc
1128 2064 1274 2133 quod
1310 2066 1673 2135 promiserant
1717 2066 2016 2136 supradicti

433 2143 635 2200 Valens
676 2156 731 2201 ct
770 2149 1046 2216 Ursacius,
1079 2151 1394 2211 Germinius
1430 2161 1486 2209 et
1522 2155 1706 2221 Caius,
1740 2158 1787 2210 si
1825 2158 2013 2212 subla-

434 2242 551 2289 tum
586 2236 777 2294 fuisset
805 2241 1107 2310 quidpiam,
1143 2260 1331 2313 pacem
1374 2262 1534 2315 posse
1576 2248 1861 2317 compleri.
1896 2248 2017 2314 Quo

433 2327 583 2382 enim
631 2330 794 2384 modo
840 2347 945 2400 pax
989 2335 1197 2389 servari
1246 2337 1411 2405 possit
1461 2337 1530 2392 ab
1577 2337 1645 2393 iis
1682 2340 1782 2408 'qui
1825 2355 2015 2410 pacem

433 2418 803 2475 subvertunt?
841 2423 1009 2495 Magis
1051 2427 1200 2481 enim
1248 2428 1495 2484 turbatio
1525 2430 1739 2485 cunctis
1774 2432 2016 2501 regioni-

432 2510 559 2576 bus,
604 2521 661 2567 et
696 2516 970 2585 praecipue
1016 2517 1277 2573 Ecclesiae
1316 2520 1575 2575 Romana:
1621 2522 1865 2578 immissa
1910 2533 2013 2578 est.

431 2600 519 2657 0b
547 2618 712 2672 quam
745 2621 859 2660 rem
895 2613 1043 2662 tuam
1076 2624 1330 2679 rogamus
1355 2612 1723 2679 clementiam,
1752 2624 1812 2669 ut
1845 2616 2016 2686 placi-

433 2692 524 2763 dis
564 2694 794 2751 auribus
837 2703 895 2751 et
940 2712 1141 2755 sereno
1170 2701 1329 2756 vultu
1360 2702 1644 2762 universos
1678 2708 1882 2779 legatos
1913 2726 2017 2765 no-

434 2792 580 2851 stros
606 2794 663 2840 et
687 2788 920 2857 aspicias
964 2796 1021 2845 et
1063 2792 1255 2849 audias
1285 2811 1297 2847 :
1326 2809 1465 2850 neve
1500 2797 1704 2868 aliquid
1739 2803 2019 2870 permittat

433 2876 728 2933 clementia
776 2884 891 2935 tua'
917 2882 974 2936 iu
1022 2882 1280 2955 injuriam
1326 2896 1577 2945 veterum
1627 2892 1882 2958 convelli,
1920 2894 2017 2950 sed

433 2982 659 3025 manere
705 2985 768 3026 ea
820 2988 942 3042 qua:
988 2989 1018 3029 a
1073 2976 1376 3048 majoribus
1418 2981 1624 3036 nostris
1669 2984 2013 3053 accepimus;

432 3074 574 3130 quos
619 3070 677 3116 et
721 3062 894 3119 fuisse
939 3066 1263 3136 prudentes,
1301 3077 1360 3126 et
1407 3071 1781 3143 sine'Spiritu
1827 3086 2016 3133 sancto

434 3150 531 3205 Dei
567 3166 678 3208 non
716 3153 892 3224 egisse
925 3156 1273 3214 confidimus.
1310 3160 1450 3227 Quia
1488 3163 1593 3217 ista
1625 3165 1870 3221 novitate
1906 3183 2017 3221 non

434 3239 614 3297 solum
645 3241 837 3299 fideles
869 3246 1058 3316 populi
1092 3249 1397 3318 perturbati
1436 3259 1585 3319 sunt,
1614 3268 1809 3308 verum
1850 3255 2016 3310 etiam

435 3329 685 3391 infideles
730 3333 797 3388 ad
847 3335 1229 3394 credulitatem
1262 3347 1519 3396 vetantur
1560 3342 1840 3399 accedere.
1879 3343 2016 3399 Ora-

435 3436 559 3477 mus
600 3424 767 3477 etiam
814 3433 876 3479 ut
920 3427 1228 3498 praecipias,
1257 3437 1339 3484 tot
1387 3432 1674 3502 episcopos
1720 3434 1878 3506 142
1921 3436 2016 3505 qui

433 3510 685 3569 Arimino
732 3514 1074 3583 detinentur,
1112 3519 1256 3574 inter
1303 3525 1443 3590 ques
1487 3522 1710 3592 plurimi
1754 3533 1883 3580 sunt
1922 3528 2016 3596 qui

433 3611 593 3661 atate
631 3613 688 3660 et
724 3617 1051 3679 paupertate
1084 3609 1280 3666 defecti
1318 3621 1467 3679 sunt,
1495 3614 1560 3669 ad
1596 3630 1748 3670 suam
1790 3618 2016 3686 provin—

434 3697 577 3752 ciam
616 3714 894 3767 remeare;
927 3716 999 3757 ne
1040 3701 1288 3760 destituti
1324 3705 1442 3761 suis
1468 3707 1741 3778 episc0pis
1766 3708 2019 3765 laborent

435 3790 624 3859 populi
651 3791 1040 3848 Ecclesiarum.
1069 3793 1185 3850 Hoc
1211 3795 1381 3850 etiam
1403 3796 1748 3867 frequentius
1771 3799 2016 3868 postula-

438 3895 582 3947 mus,
610 3889 673 3936 ιιι
700 3882 835 3936 nihil
868 3883 1184 3952 innovetur,
1215 3887 1354 3942 nihil
1399 3888 1712 3956 minuatur;
1757 3889 1853 3945 sed
1897 3906 2016 3945 ma-

437 3980 606 4027 neant
649 3973 973 4047 incorrupta
1019 3993 1142 4048 quae
1185 3980 1359 4050 patris
1402 3990 1604 4037 sanctae
1649 3983 1871 4054 pietatis
1911 3991 2019 4039 tuae
2044 3964 2067 3977 I

438 4067 809 4135 temporibus,
829 4077 884 4123 et
908 4069 1017 4125 tuis
1040 4071 1312 4143 religiosis
1336 4074 1551 4130 saeculis
1575 4084 2013 4144 permanserunt.

434 4158 546 4213 Nec
566 4160 681 4230 jam
712 4177 813 4217 nos
846 4163 1061 4234 fatigari
1094 4172 1189 4219 aut
1213 4166 1448 4221 convelli
1481 4181 1513 4221 a
1545 4166 1770 4221 sedibus
1813 4168 2020 4223 nostris

438 4262 528 4306 tua
556 4263 742 4309 sancta
778 4255 1072 4325 prudentia
1097 4257 1402 4326 permittat,
1432 4258 1527 4313 sed
1565 4258 1739 4328 quieti
1764 4274 1888 4314 cum
1916 4275 2019 4329 po-

436 4346 581 4414 pulis
620 4347 736 4401 suis
772 4349 1019 4420 episcopi
1053 4358 1249 4406 vacent
1284 4366 1504 4421 semper
1535 4352 2017 4422 postulationibus,

433 4453 572 4508 quas
615 4439 822 4495 habent
861 4455 963 4510 pro
1007 4442 1185 4498 salute
1234 4452 1328 4499 tua
1375 4451 1430 4499 et
1472 4459 1575 4514 pro
1616 4459 1784 4514 regno
1819 4452 1932 4508 tuo,
1961 4451 2033 4517 et“

2137 1978 2223 2040 Ὠς
2248 1976 2358 2047 γὰρ
2410 1976 2550 2029 κατὰ
2590 1976 2651 2029 τὸ
2687 1977 2779 2029 σὺν
2808 1976 3139 2047 πρόσταγμα
3183 1975 3246 2030 τὸ
3287 1975 3566 2045 συνέδριον
3601 1975 3702 2046 τῆς

2126 2068 2345 2123 συνόδου
2397 2069 2794 2139 συνεκροτεῖτο,
2849 2069 3096 2122 κάκεῖνοι
3149 2068 3249 2138 τῆς
3303 2067 3441 2130 ἰδίας
3484 2067 3702 2136 ἀπάτης

2124 2157 2397 2228 ὲγύμνρυν
2431 2157 2531 2228 τὴν
2558 2156 2770 2226 σκέψιν,
2796 2157 3097 2229 ἐπειρῶντο
3120 2158 3230 2229 γὰρ
3266 2157 3574 2229 πανουργία
3597 2158 3701 2208 τινὶ

2124 2249 2220 2302 καὶ
2252 2253 2465 2320 ταραχῇ
2493 2248 2896 2321 προσφέροντές
2922 2267 2975 2304 τι
3010 2252 3374 2321 καινοτομεῖν,
3391 2250 3492 2320 τῆς
3515 2246 3703 2302 τοιαύ-

2122 2360 2223 2414 της
2248 2345 2494 2414 ἑτεροίας
2525 2345 2653 2406 τοὺς
2680 2343 3171 2416 συναλισκομένους
3202 2344 3452 2417 εὑρόντες
3485 2342 3705 2413 Γερμά-

2123 2453 2255 2500 νιον,
2288 2435 2574 2501 Αύξέντιον
2594 2438 2690 2491 καὶ
2718 2438 2895 2503 Γάϊον,
2920 2438 3047 2501 τοὺς
3069 2437 3169 2509 τὴν
3190 2436 3307 2507 ἔριν
3328 2438 3423 2489 καὶ
3449 2436 3706 2505 διχοστα-

2126 2528 2248 2581 σίαν
2280 2526 2665 2599 ἐμποιοῦντας.
2689 2524 2791 2582 Ὧν
2817 2531 2849 2599 ὴ
2884 2527 3199 2583 διδασκαλία
3230 2525 3327 2596 μία
3369 2524 3468 2594 μὲν
3497 2519 3633 2577 οὖσα
3651 2535 3702 2589 ο.

2124 2621 2235 2674 πᾶν
2255 2619 2459 2690 πλῆθος
2481 2620 2841 2691 βλασφημιῶν
2863 2621 2963 2674 ύπε
2972 2620 3244 2691 ρὸέϐηκεν
3259 2636 3272 2649 ·
3299 2619 3374 2682 ὡς
3389 2618 3447 2671 δὲ
3461 2615 3708 2670 συνεῖδον

2123 2711 2246 2781 (³³⁵)(ὶ
2272 2712 2372 2781 τῆς
2411 2711 2584 2781 αὑτῆς
2613 2711 2981 2783 προαιρέσεως
3007 2712 3186 2776 ὄντας,
3230 2708 3355 2763 οὔτε
3382 2710 3706 2777 ὁμογνωμοο

2123 2799 2352 2864 νοῦντας
2397 2800 2480 2869 ἐφ’
2507 2794 2589 2864 οἷς
2621 2800 2806 2864 κακῶς
2857 2801 3143 2873 ἐφρόνουν,
3172 2802 3253 2863 εἰς
3276 2798 3339 2852 τὸ
3376 2797 3706 2869 συμϐούλιον

2122 2889 2281 2960 ήμῶν
2307 2892 2617 2962 μετήγαγον
2643 2891 2892 2960 ἑαυτοὺς,
2917 2892 2993 2954 ὡς
3023 2892 3201 2945 δοκεῖν
3232 2891 3419 2961 ἕτερον
3441 2890 3704 2962 γράφειν.

2122 2976 2232 3035 Ἦν
2256 2982 2312 3035 δὲ
2337 2983 2365 3036 ὁ
2387 2983 2577 3053 καιρὸς
2594 2981 2800 3053 βραχὺς
2825 2982 2960 3053 (46),
2978 2984 3115 3038 ὁκαὶ
3140 2982 3240 3047 τὰς
3265 2981 3491 3053 γνώμας
3513 2980 3705 3034 αὐτῶν

2123 3072 2562 3145 ἐξελέγχων.”ῐνα
2592 3075 2665 3147 μὴ
2688 3071 2782 3129 οὖν
2809 3076 2922 3139 τοῖς
2943 3076 3126 3139 αὐτοῖς
3150 3075 3237 3129 ἀεὶ
3260 3075 3328 3128 τὰ
3344 3078 3444 3145 τῆς
3474 3073 3707 3144 Ἐκκλη-

2125 3163 2248 3227 σίας
2276 3164 2603 3236 περιπίπτῃ,
2656 3165 2751 3218 καὶ
2780 3166 2995 3237 ταραχὴ
3029 3166 3123 3219 καὶ
3163 3164 3393 3237 θόρυόος
3421 3164 3704 3219 κυλινδού-

2045 3239 2088 3297 c
2128 3272 2290 3325 μενος
2347 3256 2563 3310 ἅπαντα
2614 3258 2844 3329 συγχέῃ,
2902 3257 3121 3327 βέϐαιον
3174 3258 3369 3329 ἐφάνη,
3428 3258 3495 3312 τὰ
3529 3259 3725 3313 πάλαι.

2123 3347 2428 3419 ὡρισμένα,
2465 3348 2680 3419 ἔμμονα
2724 3350 2819 3404 καὶ
2863 3349 3238 3419 ἀμετακίνητα
3285 3350 3702 3419 διαφυλάττειν

2122 3441 2249 3504 τοὺς
2284 3440 2341 3493 δὲ
2371 3441 2802 3513 προειρημένους
2825 3441 2933 3495 ἀπὸ
2986 3443 3085 3513 τῆς
3115 3441 3388 3514 ἡμετέρας
3415 3441 3707 3507 κοινωνίας

2122 3532 2589 3603 ἀποκεχωρίσθαι.
2632 3534 2710 3586 Δι’
2760 3533 2827 3604 ἣν
2868 3533 3070 3598 αἰτίαν,
3109 3534 3237 3597 τοὺς
3278 3534 3706 3598 ἀναδιδάξαντας

2123 3623 2383 3693 πρέσϐεις
2414 3624 2547 3694 πρὸς
2572 3623 2669 3696 τὴν
2689 3624 2785 3696 σὴν
2809 3625 3109 3679 ἐπιείκειαν
3129 3626 3573 3696 ἀπεστάλκαμεν,
3600 3626 3705 3696 τὴν

2121 3713 2347 3785 γνώμην
2366 3714 2458 3770 τοῦ
2486 3715 2763 3787 συνεδρίου
2778 3715 2866 3770 διὰ
2889 3715 2987 3787 τῆς
3015 3717 3304 3789 ἐπιστολῆς
3333 3716 3672 3789 μηνύσοντας
3689 3733 3703 3746 ’

2122 3807 2236 3867 τοῖς
2276 3823 2341 3875 γε
2371 3806 2737 3877 πρεσϐεύουσι
2770 3807 2877 3879 πρό
2899 3824 2963 3876 γε
3002 3808 3220 3862 πάντων
3254 3808 3412 3863 τοῦτο
3458 3826 3705 3880 παρεκε-

2121 3895 2453 3963 λευσάμεθα,
2480 3896 2560 3966 τῷ
2591 3894 2689 3967 τὴν
2715 3896 2973 3967 ἀλήθειαν
3003 3895 3378 3950 πιστώσασθαι
3409 3894 3460 3958 ἀ,
3497 3896 3562 3948 ὲκ
3590 3894 3705 3949 τῶν

2124 3985 2293 4040 πάλαι
2324 3986 2568 4058 ἀρχαίων
2594 3986 2689 4045 καὶ
2716 3986 2939 4042 δικαίων
2969 3986 3344 4058 ὁρμωμένους.
3378 3987 3442 4041 Οἳ
3482 3988 3577 4041 καὶ
3600 3986 3703 4056 τὴν

2126 4077 2228 4148 σὴν
2261 4076 2670 4142 ἀναδιδάξουσιν
2706 4077 2981 4148 ὁσιότητα,
3024 4079 3106 4133 ὁτι
3140 4078 3239 4148 οὐχ
3262 4077 3451 4150 ῶσπερ
3489 4077 3703 4148 ἔφησαν

2126 4167 2430 4239 Ούρσάκιός
2454 4184 2514 4219 τε
2539 4167 2634 4222 καί
2658 4168 2891 4236 Οὐάλης,
2923 4167 3075 4222 ἔσται
3097 4170 3318 4248 εἰρήνη,
3336 4169 3494 4240 εἴπερ
3517 4186 3572 4223 τι
3590 4169 3703 4223 τῶν

2126 4257 2348 4311 δικαίων
2366 4258 2724 4329 ἀνατραπείη.
2750 4258 2875 4323 Πῶς
2905 4256 3015 4332 γὰρ
3043 4260 3268 4331 εἰρήνην
3292 4254 3405 4313 οἷόν
3429 4277 3488 4312 τε
3518 4259 3699 4327 ἄγειν,

2126 4350 2251 4413 τοὺς
2281 4349 2382 4421 τὴν
2414 4350 2636 4420 εἰρήνην
2665 4349 3067 4416 καταλύοντας;
3093 4351 3309 4406 Μᾶλλον
3334 4351 3442 4424 γὰρ
3465 4350 3581 4422 ἔρις
3602 4353 3702 4405 καὶ

2122 4442 2336 4514 ταραχὴ
2366 4444 2430 4495 ὲκ
2458 4440 2665 4496 τούτων
2696 4443 2793 4497 σὺν
2836 4446 2956 4508 ταῖς
2986 4443 3200 4508 λοιπαῖς
3233 4444 3441 4513 πόλεσι,
3490 4446 3586 4499 καὶ
3630 4447 3699 4515 τῇ

1628 4609 1901 4679 YALESII
1943 4607 2496 4665 ANNOTATIONES.

504 4718 615 4791 (44)
651 4721 913 4792 ᾌτοπον
939 4720 1324 4792 arcu/caper.
1361 4722 1643 4776 Postrema
1691 4737 1798 4776 vox
1855 4722 2012 4776 deest
2042 4724 2086 4778 D
2115 4718 3174 4792 eisaliqqatenusresponderet,reliqua
3189 4717 3694 4792 hicsupplevimus.

434 4789 489 4845 in
529 4789 786 4863 omnibus
826 4792 1029 4847 nostris
1049 4791 1356 4856 codicibus,
1390 4799 1448 4847 et
1475 4791 1618 4863 apud
1651 4791 2011 4849 Athanasium

433 4876 498 4915 ac
530 4861 916 4915 Sozomenum.

505 4929 615 5001 (45)
639 4929 831 4983 Πάλιν
855 4932 1002 5000 γοῦν
1029 4935 1083 4986 οἰ
1111 4932 1361 4987 ἐλεειγοί
1399 4931 1755 5001 καίοἰκτροί.
1778 4933 2011 4988 Latinus

433 5000 629 5064 codex,
665 5015 775 5070 quo
821 5017 953 5057 usus
985 5012 1070 5059 est
1104 5002 1328 5058 Graecus
1387 5000 1661 5074 interpres
1692 5003 1856 5073 hujus
1887 5003 2011 5126 (Ἔί-

433 5071 621 5126 stolae.
659 5071 875 5125 auctior
914 5071 1083 5126 fuisse
1116 5073 1337 5126 videtur
1368 5090 1436 5126 eo
1468 5089 1633 5126 auem
1663 5074 1826 5126 nobis
1851 5089 1917 5126 ex
1964 5073 2011 5126 i-

433 5071 893 5145 _stol:e_,_auctior_
906 5071 1083 5145 fuisse
1116 5073 1337 5145 videtur
1368 5090 1436 5129 eo
1468 5071 1633 5145 quem
1663 5071 1826 5129 nobis
1851 5071 2011 5145 exhi-

434 5139 557 5215 buit
582 5141 843 5215 Hilarius.
875 5142 1009 5197 Nam
1049 5144 1193 5215 apud
1219 5139 1502 5200 Hilarium"
1531 5146 1647 5215 hare
1688 5145 1866 5200 solum
1911 5144 2012 5198 ha-

434 5211 639 5285 bentur
667 5230 680 5265 :
718 5212 871 5285 Nunc
904 5216 1064 5285 etiam
1086 5211 1353 5269 conantur
1369 5214 1661 5270 convellere
1679 5216 1815 5284 quod
1832 5216 2007 5285 fuerat

432 5283 659 5351 positum
690 5284 915 5337 ratione.
954 5284 1085 5351 Nos,
1120 5294 1181 5342 ut
1208 5285 1401 5342 Latina
1429 5283 2009 5356 interpretatioer-

2189 4788 2461 4861 (term
2502 4791 2572 4844 δὲ
2603 4788 2863 4859 dita/pd;-
2907 4789 3167 4861 βραχύς.
3212 4788 3374 4861 ᾼΝῖὴίι
3424 4789 3530 4861 hic
3560 4790 3700 4847 vidit

2118 4858 2341 4944 Graecus
2370 4861 2665 4944 interpres.
2705 4858 2900 4915 Latina
2924 4860 3082 4944 enim.
3100 4859 3181 4912 sic
3212 4858 3419 4944 habent
3442 4858 3552 4944 :_Et
3578 4862 3697 4944 qui-

2118 4934 2235 4986 dem
2259 4934 2367 5001 Ιιιεε
2392 4930 2533 4985 brevi
2557 4940 2789 5001 tempore
2808 4947 2944 5001 sape
2973 4935 3203 5001 mutasse
3235 4930 3577 4998 manifestum
3599 4940 3694 4985 est.

2118 5003 2249 5069 Quae
2269 4998 2534 5057 adversus
2556 4998 2843 5057 Ursacium
2872 4998 2927 5056 et
2960 4998 3244 5055 Valentem
3268 5014 3575 5069 eorumque
3612 5018 3697 5054 as.

2119 5075 2294 5129 seclas
2318 5072 2599 5134 dicuntur,
2642 5072 2736 5140 qui
2781 5072 2907 5127 fidei
2939 5069 3202 5126 formulas
3244 5086 3415 5124 novas
3447 5070 3697 5139 quotidie

2119 5143 2561 5225 prom'ulgabant,
2589 5143 2796 5225 nullam
2825 5159 2883 5197 se
2913 5143 3082 5225 fidem.
3108 5148 3314 5225 certam
3352 5140 3559 5225 habere
3592 5141 3697 5225 hoc

2118 5209 2324 5268 indicio
2346 5209 2818 5275 demonstrantes,
2850 5209 3315 5283 queniadm0dum
3355 5211 3549 5282 objicit
3589 5212 3697 5265 illis

2117 5283 2452 5339 Athanasius
2474 5298 2583 5336 non
2618 5298 2729 5337 uno
2764 5285 2983 5339 inloco.

1882 5439 2261 5496 VARIORUM.

501 5535 531 5575 ι’
575 5534 769 5589 Πάλιν
813 5536 960 5603 γοῦν
1005 5537 1059 5592 οἰ
1098 5536 1369 5591 ἐλεεινοί.
1408 5537 1672 5592 Ursacius
1707 5545 1764 5591 et
1808 5536 2010 5590 Valens

431 5606 994 5685 penitentiamsuam
1022 5616 1399 5685 retractarunt
1420 5607 1714 5685 in-synpdo
1744 5605 2010 5685 Mediola-

433 5675 611 5747 nensi,
637 5690 787 5747 anno
820 5676 944 5739 555,
981 5684 1120 5733 teste
1140 5676 1441 5732 Athanasio
1475 5675 1545 5733 in'
1575 5677 1752 5747 Epist.
1781 5675 1849 5731 ad
1879 5675 2010 5730 soli-

434 5743 623 5800 tarios.
654 5747 743 5800 W.
768 5746 989 5802 Lowrn.

413 5854 423 5866 .
507 5822 531 5852 ε
577 5815 944 5870 Διδασκαίιά
968 5816 1076 5887 μία
1114 5815 1229 5887 μὲν
1259 5813 1433 5871 οὖσα.
1472 5817 1810 5874 Sozomcnus
1850 5816 2016 5872 habet

2115 5534 2433 5614 διδασκαλία
2478 5536 2550 5614 μῂ
2597 5538 2850 5614 μένουσα,
2887 5549 2987 5614 nec
3013 5541 3258 5614 possunt
3302 5532 3419 5613 haec
3466 5532 3690 5614 iuncon-

2119 5613 2269 5658 textu
2299 5600 2495 5660 Latino
2520 5600 2819 5661 internosci
2853 5622 2867 5668 ;
2899 5604 2973 5658 ita
3013 5600 3187 5658 libera
3226 5602 3482 5657 versione
3505 5600 3699 5656 (ἓνεκα

2118 5674 2358 5748 donatus
2396 5684 2501 5748 est.
2534 5677 2634 5748 (Cl.
2669 5674 3100 5748 Benedictiniin
3122 5669 3450 5748 Adlatras)“
3556 5741 3569 5748 _
3648 5744 3653 5748 ε

2189 5744 2214 5783 ιι
2266 5744 2350 5811 Τῷ
2378 5745 2492 5813 τὴν
2519 5746 2805 5813 ἀλήθειαν
2855 5744 3288 5797 πιστώσασθαι.
3331 5742 3524 5813 Melius
3556 5741 3689 5809 leg;-

2124 5825 2213 5869 tur
2236 5817 2294 5869 τὸ
2329 5811 2475 5890 apud
2506 5811 2795 5871 Sozamcn.
2830 5815 2928 5869 lib.
2961 5832 3034 5879 ιν,
3062 5831 3180 5884 cap.
3218 5813 3303 5867 l8.
3346 5812 3431 5868 W.
3469 5811 3686 5867 Lemn.
