4026 6338
318 353 416 413 535

1300 344 1627 408 HISTORIA
1660 347 2217 408 ECCLESIASTICA.
2250 385 2321 394 —
2358 354 2487 411 LIB.
2529 359 2592 415 ll.

3476 360 3579 418 5:26

315 466 398 526 οὖν
426 468 522 524 καὶ
549 460 717 531 οὗτοι,
756 468 824 522 τὰ
869 468 1143 540 ἀνήκεστα
1179 467 1504 539 πάσχοντες.
1532 462 1643 522 Καὶ
1692 468 1883 539 φεύγει

1988 470 2267 542 amplecti.
2304 471 2369 526 lii
2406 489 2537 544 ergo
2569 489 2674 529 una
2707 490 2833 530 cum
2865 470 2976 533 illis
3005 477 3204 541 vexati,
3231 477 3576 537 intolelranda

317 564 407 636 μὲν
443 562 625 618 αὐτῶν
652 564 682 616 ὁ
712 562 1033 627 ὲπίσκοπος,
1077 562 1320 632 Ἆγὲλιος
1342 562 1514 634 ϐνομα
1546 561 1712 633 αὐτῷ.
1748 562 1885 616 Πολ-

313 653 387 706 λοὶ
428 653 486 706 δὲ
531 652 642 705 τῶν
687 652 978 722 ἐπισήμων
1031 653 1122 706 ἐπ’
1172 652 1431 724 εὐλαϐείᾳ
1486 650 1885 722 συλληφθέντες

315 743 578 815 ᾐκίζοντο,
613 741 736 795 ἐπεὶ
761 740 837 812 μὴ
880 740 1167 796 Ξϐούλοντο
1203 743 1452 814 μετέχειν
1473 740 1574 811 τῆς
1594 741 1885 805 κοινωνίας

309 834 493 889 αὐτοῦ.
527 834 684 889 Μετὰ
709 833 766 888 δὲ
794 836 922 899 τοὺς
951 835 1264 906 αίκισμοὺς,
1306 834 1400 906 βίᾳ
1424 833 1535 887 τῶν
1569 832 1883 905 μυστηρίων

309 926 558 996 μετέχειν
587 924 715 987 τοὺς
770 923 971 996 ἄνδρας
1017 923 1350 995 ἠνάγκαζον.
1406 924 1561 997 Ξύλῳ
1593 923 1704 996 γὰρ
1750 924 1885 978 διαι-

306 1016 523 1088 ροῦντες
553 1015 626 1069 τὰ
663 1015 909 1087 στόματα
957 1016 1067 1071 τῶν
1112 1016 1436 1089 ἀνθρώπων,
1482 1017 1555 1071 τὰ
1610 1017 1884 1088 μυστήρια

304 1105 630 1160 ὲνετίθεσαν.
671 1107 734 1159 Ui
788 1106 845 1159 δὲ
897 1107 1259 1178 ὑπομένοντες
1296 1107 1476 1172 τοῦτο,
1505 1107 1728 1179 μείζονα
1775 1105 1882 1160 τῶν

302 1198 475 1255 ἄλλων
504 1198 790 1269 τιμωριῶν
818 1199 1040 1253 κόλασιν
1060 1200 1266 1271 ταύτην
1286 1200 1554 1273 ενόμιζον.
1584 1199 1791 1254 Γύναιά
1823 1210 1882 1253 τι

302 1292 392 1346 καὶ
431 1291 625 1345 παιδία
674 1290 1133 1362 συναρπάζοντες,
1175 1290 1424 1363 μυεῖσθαι
1457 1290 1786 1362 ήνάγκαδν.
1810 1289 1874 1343 Et

298 1384 354 1438 δέ
381 1401 466 1447 τις
494 1385 840 1455 παραιτοῖτο,
876 1380 908 1455 ἢ
938 1382 1114 1448 ἄλλως
1148 1384 1456 1453 ἀντέλεγεν,
1484 1384 1649 1448 εὐθὺς
1678 1385 1882 1456 ἐπηκο-

298 1473 525 1528 λούθουν
547 1475 778 1545 πληγαὶ,
806 1475 902 1529 καὶ
922 1476 1061 1545 μετὰ
1099 1476 1199 1539 τὰς
1226 1475 1441 1546 πληγὰς
1485 1475 1674 1547 δεσμοί
1697 1491 1757 1528 τε
1790 1476 1885 1530 καὶ⁵

296 1570 675 1640 δεσμωτήρια,
728 1570 824 1623 καὶ
870 1568 940 1623 τὰ
995 1569 1132 1623 ἄλλα
1184 1569 1354 1623 δεινά.
1386 1564 1489 1623 Ὧν
1541 1568 1714 1639 ἑνὸςῆ
1740 1569 1885 1623 δυοῖν

297 1661 693 1732 ἐπιμνησθεὶς,
730 1662 974 1733 φανερὰν
1035 1662 1133 1734 τὴν
1180 1663 1449 1733 ἀπήνειαν
1491 1661 1585 1715 καὶ⁵
1625 1661 1886 1732 ὠμότητα

296 1752 641 1808 Μακεδονίου
695 1754 789 1807 καὶ
844 1753 956 1807 τῶν
986 1753 1107 1806 τότε
1159 1754 1526 1822 ἀκμασάντων
1556 1750 1881 1824 ἀνθρώπων,

1985 564 2232 635 perpessi
2259 574 2388 619 sunt
2406 566 2567 621 mala.
2582 567 2955 639 Etepiscopus
2976 571 3199 640 quidem
3221 588 3443 640 eorum,
3470 591 3574 629 no-

1985 655 2135 709 mine
2156 653 2400 725 Agelius,
2426 655 2552 727 fuga
2577 656 2683 711 sibi
2711 659 3013 714 consuluit.
3035 660 3189 713 Multi
3212 676 3344 716 vero
3370 664 3576 732 pietate

1984 747 2252 818 insignes,
2284 747 2670 819 comprehensi
2693 764 2758 804 ac
2790 751 3082 806 tormentis
3106 751 3313 807 subditi
3337 762 3485 819 sunt,
3509 771 3580 809 eo

1984 838 2133 908 quod
2176 840 2583 894 communicare
2615 855 2739 895 eum
2773 840 2868 895 illo
2901 852 3236 898 recusarent.
3277 845 3406 900 Post
3448 862 3577 900 crn-

1983 930 2161 986 ciatus
2186 938 2390 995 autem,
2416 932 2649 987 miseros
2676 930 2931 987 homines
2950 949 3138 989 secum
3165 938 3578 991 communicare

1983 1034 2084 1090 per
2117 1020 2228 1074 vim
2260 1021 2573 1092 adigebant.
2614 1022 2788 1093 Ligno
2818 1024 2965 1078 enim
3008 1024 3212 1096 injecto
3248 1042 3345 1081 ora
3393 1027 3576 1081 homi-

1984 1126 2117 1166 num
2160 1112 2507 1177 diducentes,
2533 1122 2877 1170 sacramenta
2924 1115 3060 1186 ipsis
3102 1117 3451 1189 ingerebant.
3492 1117 3574 1172 llli

1983 1216 2116 1260 vero
2145 1205 2351 1275 quibus
2375 1220 2439 1259 ea
2464 1205 2549 1259 vis
2576 1205 2963 1273 adhibebatur,
2993 1209 3297 1265 cruciatum
3319 1210 3467 1265 hunc
3492 1225 3577 1264 re»

1986 1295 2156 1367 liquis
2191 1295 2451 1351 omnibus
2508 1298 2682 1351 multo
2725 1298 3033 1367 graviorem
3084 1302 3401 1357 censebant.
3455 1302 3574 1355 Mu-

1985 1390 2149 1445 lieres
2180 1406 2347 1459 porro
2378 1397 2434 1443 et
2454 1390 2711 1460 parvulos
2732 1391 3089 1461 abripientes,
3117 1409 3276 1449 sacro
3300 1395 3575 1464 baptismo

1986 1481 2195 1537 initiari
2220 1481 2507 1553 cogebant.
2534 1478 2691 1547 Quod
2719 1481 2763 1535 si
2795 1482 2921 1551 quis
2947 1482 3283 1539 detrectaret
3310 1493 3405 1539 aut
3442 1500 3576 1540 con-

1987 1572 2301 1637 tradieeret,
2349 1571 2534 1627 statim
2590 1573 2866 1639 verbera,
2911 1580 3034 1642 post
3068 1575 3185 1629 haec
3251 1576 3469 1631 vincula
3519 1585 3578 1631 et

1986 1679 2259 1728 carceres,
2285 1673 2342 1719 et
2364 1664 2471 1718 alia
2496 1665 2702 1719 atrocia
2733 1665 3234 1735 subsequebantur.
3267 1668 3345 1721 Ex
3370 1668 3576 1737 quibus

1987 1770 2158 1811 unum
2205 1762 2301 1809 aut
2348 1755 2584 1809 alterum
2632 1754 2889 1809 retulisse
2922 1763 3237 1819 contentus,
3272 1756 3575 1811 Macedonii

294 1848 409 1909 τοῖς
452 1845 713 1900 ἀκούουσι
761 1846 1109 1916 καταστήσω.
1175 1844 1460 1898 Γυναικῶν
1510 1843 1619 1915 γὰρ
1647 1844 1756 1897 τῶν
1809 1843 1883 1915 μὴ

1985 1855 2259 1903 eteorum
2287 1847 2382 1918 qui
2420 1855 2553 1902 tunc
2591 1846 2856 1917 temporis
2876 1846 3281 1916 praevalebant,
3312 1848 3576 1902 saavitiam

294 1937 689 2009 ἀνασχομένων
731 1940 1024 2008 μετασχεῖν
1068 1936 1180 1990 τῶν
1238 1934 1574 2006 μυστηρίων,
1620 1937 1746 1999 τοὺς
1778 1952 1882 2006 μα-

294 2030 459 2094 στοὺς
508 2033 568 2084 ὲν
600 2028 820 2100 κιϐωτῷ
856 2029 1106 2099 βαλόντες
1137 2029 1428 2100 ἁπέπριον.
1462 2026 1670 2081 Ἀλλων
1698 2045 1757 2081 τε
1782 2044 1881 2097 γυ-

294 2120 503 2177 ναικῶν
540 2121 610 2176 τὰ
650 2122 790 2176 αὐτὰ
832 2122 1020 2192 μόρια,
1060 2120 1218 2174 τοῦτο
1250 2121 1349 2191 μὲν
1382 2119 1606 2191 σιδήρῳ,
1636 2118 1794 2173 τοῦτο
1825 2116 1883 2173 ει

289 2213 423 2275 ὠοίς
457 2210 577 2284 [57)
611 2212 691 2276 είς
728 2210 901 2283 ἄκρον
935 2210 1069 2282 πυρὶ
1111 2210 1485 2280 θερμανθεϊσι,
1515 2210 1884 2281 προφέροντες

294 2304 505 2359 ἔκαιον.
535 2302 677 2374 Ξένη
723 2320 783 2356 τε
839 2303 933 2357 καὶ
964 2301 1118 2372 παρὰ
1140 2302 1240 2365 τὰς
1285 2301 1550 2371 Ἐλλήνων
1586 2302 1881 2372 τιμωρίας,

296 2394 437 2465 αὕτη
480 2396 515 2462 ή
555 2395 662 2447 ὑπὸ
716 2394 825 2448 τῶν
885 2392 1289 2464 Χριστιανίζειν
1334 2392 1600 2459 λεγόντων
1651 2394 1880 2461 ἐγίνετο.

298 2488 486 2542 Ταῦτα
513 2486 573 2539 δὲ
597 2485 712 2555 ἐγὼ
740 2487 890 2557 παρὰ
913 2486 1006 2539 τοῦ
1041 2487 1586 2558 μακροχρονιωτάτου
1617 2485 1885 2549 Αὑξάνον-

297 2592 388 2642 τος
413 2578 652 2648 ἥκουσα,
679 2570 740 2630 οὗ
771 2576 874 2630 κᾶν
904 2575 981 2646 τῷ
1026 2575 1231 2647 πρώτῳ
1278 2575 1470 2647 βιϐλίῳ
1520 2578 1746 2646 μνήμην
1794 2593 1885 2628 πε-

300 2668 559 2739 ποίημαι.
594 2668 693 2730 ’ος
723 2664 1096 2738 πρεσϐύτερος
1123 2665 1221 2738 μὲν
1253 2661 1320 2737 ἦν
1343 2666 1445 2735 τῆς
1468 2665 1575 2718 τῶν
1599 2666 1883 2718 Ναυατιαο

300 2755 404 2809 νῶν
445 2755 803 2825 Ἐκκλησίας.
837 2753 1175 2808 Πεπονθέναι
1199 2754 1256 2807 δὲ
1276 2755 1429 2824 ἔλεγε
1460 2757 1553 2808 καὶ
1588 2756 1753 2818 αὐτὸς
1784 2756 1884 2808 οὐκ

298 2847 453 2916 ὀλίγα
501 2847 657 2920 παρὰ
707 2846 817 2901 τῶν
866 2844 1314 2917 Ἀρειανιζόντων
1352 2846 1520 2906 κακὰ,
1556 2844 1708 2898 οὔπω
1734 2862 1885 2915 τηνι-

301 2939 481 2994 καῦτα
518 2941 621 3009 τῆς
652 2937 749 2991 τοῦ
797 2936 1171 3008 πρεσϐυτέρου
1210 2937 1366 3000 ἀξίας
1406 2936 1604 3007 λαχών.
1630 2938 1781 3005 ’Ἅμα
1828 2935 1885 2988 δὲ

313 3030 653 3103 Ἀλεξάνδρῳ
711 3029 1031 3099 Παφλαγόνι
1079 3026 1435 3082 ωνασκοῦντι
1477 3027 1646 3097 αὐτῷ,
1702 3026 1781 3091 εἷς
1824 3040 1885 3079 τε

299 3124 523 3197 εἱρκτὴν
574 3122 890 3195 βεϐλῆσθαι,
942 3122 1037 3176 καὶ⁸
1071 3121 1286 3193 πληγὰς
1325 3119 1616 3190 ὑπομεῖναι
1662 3117 1882 3183 πολλὰς,

1985 1949 2042 1996 et
2094 1939 2493 1994 immanitatem
2540 1937 2889 1993 auditoribus
2941 1936 3347 2007 dijudicandam
3403 1939 3576 1993 relin-

1984 2047 2169 2101 quam.
2194 2031 2484 2086 Mulierum
2508 2046 2631 2101 quae
2665 2045 2790 2085 cum
2827 2028 2987 2102 “,6
3012 2030 3146 2100 ipsis
3168 2032 3579 2086 communicare

1985 2124 2326 2190 renuissent,
2364 2124 2540 2179 ubera
2566 2124 2622 2178 in
2662 2139 2789 2179 arca
2824 2122 3255 2193 comprimentes
3286 2124 3580 2179 abscinde-

1984 2217 2138 2271 bant.
2162 2215 2298 2271 Aliis
2320 2215 2646 2270 mulieribus
2660 2214 2879 2270 easdem
2897 2217 3147 2287 corporis
3172 2225 3358 2286 partes
3379 2214 3578 2285 partim

1983 2308 2156 2370 ferro,
2179 2305 2376 2376 partim
2402 2305 2638 2359 admotis
2657 2306 2776 2360 ovis
2799 2321 2966 2376 supra
2990 2307 3214 2361 modum
3235 2305 3580 2360 ferventibus

1984 2398 2429 2453 combusserunt.
2478 2398 2691 2452 Novum
2725 2397 2832 2453 hoc
2862 2399 3125 2453 tormenti
3174 2414 3367 2469 genus,
3405 2412 3506 2453 nec
3545 2413 3577 2451 a

1983 2489 2284 2559 gentilibus
2334 2489 2598 2544 adversus
2660 2498 2886 2544 nostros
2928 2505 3171 2559 unquam
3227 2497 3575 2559 usurpatum,

1986 2579 2077 2633 isti
2115 2579 2208 2649 qui
2254 2594 2314 2634 se
2362 2578 2709 2639 Christianos
2740 2579 3144 2650 proﬁtebantur
3174 2580 3574 2650 excogitarunt.

1984 2670 2112 2726 Haec
2141 2687 2243 2741 ego
2276 2672 2345 2725 ab
2368 2671 2693 2725 Auxanonte
2724 2670 2943 2736 audivi,
2977 2670 3101 2725 viro
3125 2671 3424 2725 admodum
3451 2670 3574 2723 Ion-

1984 2778 2155 2833 gmvo,
2194 2765 2351 2834 cujus
2409 2763 2575 2817 etiam
2622 2763 2678 2817 in
2719 2752 3005 2833 superiore
3053 2763 3199 2817 libro
3237 2762 3573 2817 mentionem

1984 2852 2107 2907 feci.
2140 2851 2245 2918 Qui
2265 2853 2694 2907 Novatianorum
2729 2854 2955 2923 quidem
2987 2853 3248 2908 Ecclesiae
3288 2853 3575 2922 presbyter

1984 2942 2107 2997 fuit.
2144 2942 2412 2997 Cieterum
2448 2960 2505 2999 se
2531 2960 2748 3014 quoque
2773 2946 3061 2999 innumera
3093 2945 3235 2998 mala
3258 2945 3326 2999 ab
3357 2944 3577 2999 Arianis

1985 3048 2206 3104 passum
2239 3049 2360 3089 esse
2398 3034 2634 3099 dicebat,
2672 3044 2966 3104 antequam
2986 3034 3294 3105 presbyteri
3335 3034 3575 3104 dignita-

1988 3132 2095 3180 tem
2124 3125 2355 3195 adeptus
2374 3124 2587 3180 luisset.
2606 3122 2741 3178 Nam
2775 3132 2831 3180 et
2863 3140 2987 3179 cum
3006 3123 3318 3178 Alexandro
3340 3123 3576 3193 Paphla-

303 3215 389 3270 καὶ
430 3215 683 3283 ἐνεγκεῖν
710 3212 808 3282 μὲν
846 3211 943 3275 τὰς
973 3211 1241 3281 βασάνους
1279 3208 1442 3271 αὐτὸς
1470 3208 1674 3276 ἔλεγεν
1709 3206 1885 3270 Ἀλέξα-

1992 3233 2152 3287 gone,
2192 3217 2285 3286 qui
2325 3233 2432 3271 una
2477 3232 2602 3270 eum
2653 3216 2772 3285 ipso
2813 3217 3173 3271 monasticam
3202 3215 3371 3269 vitam
3409 3214 3575 3285 dege-

299 3307 487 3379 ανδρον
501 3306 562 3361 δὲ
584 3305 692 3359 ὑπὸ
712 3303 821 3358 τῶν
835 3302 1057 3373 πληγῶν
1075 3305 1132 3356 ὲν
1148 3305 1214 3373 τῇ
1243 3302 1431 3373 εἱρκτῇ
1450 3301 1784 3370 τελευτῆσαι.
1797 3301 1893 3361 Ὃς

302 3399 568 3454 τέθαπται
628 3396 724 3451 νῦν
751 3396 810 3449 ὲν
843 3395 993 3466 δεξιᾷ
1024 3393 1407 3448 είσπλεύσαντι
1454 3393 1543 3445 τὸν
1599 3390 1890 3454 Βυζάντιον

302 3492 521 3556 κόλπον,
555 3489 615 3555 ὃς
656 3489 904 3543 καλεῖται
947 3488 1131 3559 Κέρας
1154 3486 1296 3558 (58),
1320 3485 1549 3554 πλησίον
1586 3483 1695 3536 τῶν
1727 3498 1890 3536 ποτα-

304 3582 450 3655 μῶνο
474 3576 540 3637 οὗ
576 3580 672 3635 καὶ
703 3580 970 3651 ἐκκλησία
1001 3580 1118 3631 ἐστὶ
1146 3578 1257 3631 τῶν
1288 3575 1668 3641 Ναυατιανῶν,
1712 3574 1888 3641 Ἀλεξ-

301 3676 494 3747 άνδρου
556 3672 864 3743 ἑπώνυμος.
908 3671 1197 3741 Καθῄρουν
1241 3670 1339 3741 μὲν
1381 3663 1475 3722 οὖν
1533 3668 1582 3721 οἰ
1622 3666 1883 3736 Ἀρειανί-

301 3764 507 3831 ζοντες,
574 3762 913 3818 Μακεδονίου
974 3760 1306 3825 κελεύοντος,
1373 3760 1539 3823 ἄλλας
1583 3776 1643 3813 τε
1685 3759 1886 3824 πόλλας

302 3857 444 3912 κατὰ
478 3855 670 3917 πόλεις
696 3852 1011 3925 ἐκκλησίας,
1047 3852 1142 3905 καὶ
1168 3852 1232 3922 δὴ
1272 3850 1366 3904 καὶ
1411 3851 1767 3904 Ναυατιανῶν
1790 3850 1887 3919 τὴν

305 3948 534 4022 πλησίον
563 3946 659 4000 τοῦ
683 3943 967 4015 Πελαρτοῢ
986 3945 1044 3997 ὲν
1065 3945 1130 4014 τῇ
1156 3942 1565 3996 Κωνσταντίνου
1589 3941 1740 3995 πόλει
1775 3957 1834 3993 κε
1845 3957 1889 3992 ι-

306 4038 492 4109 μένην.
529 4038 696 4107 Ὀτορ
725 4034 888 4105 χάριν
918 4033 976 4087 δὲ
1007 4031 1211 4102 ταύτην
1251 4031 1432 4095 ίδικῶς
1481 4031 1887 4102 ἐμνημόνευσα,

302 4130 468 4196 λέξων
496 4126 752 4200 ἔρχομαι,
779 4127 880 4179 ὅσα
933 4122 1086 4195 παρὰ
1115 4122 1210 4176 τοῦ
1263 4122 1587 4193 γεραιτάτου
1620 4122 1885 4187 Δὺξάνονο

302 4238 391 4287 τος
427 4221 544 4292 (59)
576 4221 809 4292 ηκουσα.
855 4218 913 4270 '0
950 4214 1213 4287 βασιλέως
1243 4214 1426 4283 νόμος,
1489 4214 1585 4266 καὶ
1633 4216 1667 4283 ἡ
1712 4215 1891 4267 Mane.

305 4313 478 4368 ϐονίου
513 4311 625 4383 βία,
657 4306 1040 4379 καθαιρεῖσθαι
1065 4306 1174 4360 τῶν
1215 4307 1276 4358 τὺ
1321 4308 1602 4375 ὁμοούσιον
1632 4305 1891 4375 φρονούνο

304 4422 409 4460 των
446 4405 552 4467 τὰς
572 4400 871 4472 ἐκκλησίας
900 4399 1169 4453 ἐκέλευον.
1202 4396 1391 4451 Ἔλκει
1433 4397 1496 4467 δὴ
1525 4397 1585 4449 τὸ
1608 4396 1888 4466 θέσπισμα

1988 3308 2101 3372 bat,
2138 3322 2195 3362 se
2219 3307 2275 3361 in
2304 3323 2579 3363 carcerem
2600 3310 2907 3379 conjectum
2934 3307 3231 3375 multisque
3250 3304 3578 3359 verberibus

1985 3399 2242 3454 aﬂ‘ectum
2270 3398 2472 3465 fuisse;
2504 3415 2568 3454 ac
2596 3414 2654 3454 se
2676 3398 2902 3469 quidem
2933 3406 3208 3452 tormenta
3244 3396 3577 3451 sustinuisse

1983 3488 2236 3553 dicebat,
2276 3488 2647 3543 Alexandrum
2690 3502 2821 3542 vero
2850 3502 2918 3541 ex
2967 3486 3157 3541 dolore
3185 3485 3479 3540 verberum
3519 3485 3573 3538 in

1981 3594 2202 3635 carcere
2244 3579 2543 3633 interiisse.
2602 3578 2777 3650 Hujus
2820 3578 3137 3647 sepulcrum
3169 3593 3321 3631 nunc
3362 3584 3447 3629 est
3504 3576 3575 3630 ad

1982 3669 2236 3724 dextrum
2258 3669 2402 3723 latus
2424 3668 2810 3738 navigantibus
2835 3668 2892 3721 in
2924 3667 3243 3738 Byzantium
3278 3666 3458 3719 sinum
3481 3663 3577 3734 qui

1981 3760 2150 3817 Ceras
2195 3760 2647 3830 cognominatur,
2688 3773 2860 3829 prope
2893 3759 3090 3813 ﬂuvios
3118 3778 3130 3812 :
3166 3759 3263 3812 ubi
3292 3757 3458 3812 etiam
3492 3766 3579 3811 est

1983 3854 2412 3908 Novatianorum
2437 3854 2691 3917 ecclesia,
2716 3853 3010 3907 Alexandri
3039 3852 3262 3906 nomine
3292 3851 3572 3919 insignita.

1986 3945 2157 3999 Porro
2190 3943 2375 3999 Ariani
2411 3961 2536 4000 cum
2591 3945 2726 3999 alias
2750 3945 2950 3999 multas
2975 3944 3236 3998 ecclesias
3258 3944 3313 3997 in
3341 3942 3578 3996 diversis

1989 4035 2657 4098 civitatibuseverterunt,
2680 4036 2907 4106 jubente
2931 4035 3268 4099 Macedonio,
3289 4044 3403 4089 tum
3428 4036 3573 4088 illam

1987 4126 2414 4180 Novatianorum
2461 4141 2582 4194 qua:
2628 4125 3108 4194 Constantinopoli
3154 4125 3255 4178 sita
3292 4134 3378 4179 est
3416 4126 3574 4193 juxta

1986 4216 2294 4285 Pelargum.
2352 4215 2465 4271 Cur
2517 4225 2699 4269 autem
2760 4216 2926 4285 hujus
2978 4216 3224 4270 ecclesize
3264 4214 3575 4285 specialiter

1985 4307 2322 4360 mentionem
2351 4307 2598 4368 fecerim,
2631 4307 2808 4360 dicam
2832 4307 2938 4361 hoc
2962 4308 3114 4370 loco,
3139 4306 3366 4361 sicutab
3389 4305 3572 4358 Auxa-

1986 4405 2155 4451 nonte
2191 4408 2464 4467 provectae
2502 4398 2798 4452 admodum
2839 4398 3018 4453 {etatis
3047 4398 3169 4452 viro
3216 4396 3407 4452 didici.
3445 4396 3576 4449 Edi-

1507 4574 1776 4629 V'ALESII
1811 4573 2365 4630 ANNOTATIONES.

375 4712 805 4791 (57)_Toﬁ_to_6d
840 4712 997 4791 (1)079
1028 4712 1086 4767 In
1122 4711 1322 4791 codice
1357 4709 1558 4791 Leonis
1590 4708 1773 4791 Allatii
1802 4708 1893 4791 hic
1926 4713 1968 4767 D
1992 4710 2328 4791 prtegelidus.
2358 4710 2604 4791 eum
2635 4710 2820 4791 locum
2840 4709 3326 4791 co‘rrcxihsecutus
3360 4707 3578 4791 scriptae

308 4779 480 4845 locus.
502 4786 581 4842 ita
628 4783 829 4855 legitur
860 4781 1063 4855 :froi'no
1118 4781 1174 4834 δὲ
1217 4782 1297 4833 did:
1327 4783 1406 4842 εἰς
1437 4779 1649 4855 ΔἄκρονΔ
1674 4782 1730 4855 εν
1762 4780 1895 4849 πυρὶ

312 4849 709 4929 θερμανθέντιί
727 4854 1101 4929 προφέροντες
1148 4849 1541 4918 συνεφασκίουν
1569 4851 1663 4901 καὶ
1686 4849 1889 4903 ἔκαιον.

310 4918 509 4985 Verum
538 4942 642 4997 ego
686 4918 825 4997 nihil
854 4918 1195 4997 mutandum
1226 4936 1445 4984 censeo,
1476 4928 1685 4973 tantum
1725 4936 1894 4991 προσ-

313 5000 566 5068 φέροντες
580 4994 785 5050 ἰιιιιιίιιι
806 4994 1080 5068 scribere.

378 5059 485 5138 (58)
524 5059 623 5132 Ὃς
653 5065 918 5138 κιρ-εἷται
944 5063 1153 5128 Κέρας.
1186 5060 1507 5138 Idem_dic_it
1530 5059 1804 5138 Polybius
1835 5060 1890 5115 in

321 5132 447 5192 ibro
470 5130 678 5208 quarto
712 5135 1106 5208 Historiarum,
1131 5130 1415 5208 et_Strab_o
1447 5131 1499 5183 in
1530 5130 1671 5208 libro
1708 5140 1880 5208 sextc.

324 5209 469 5263 teras
496 5201 710 5262 scilicet
738 5206 918 5259 sinum
950 5219 1069 5258 esse
1103 5201 1342 5256 vicinum
1378 5201 1658 5271 Byzantio,
1692 5201 1771 5255 sic
1796 5202 1884 5255 di-

313 5288 453 5333 ctum
490 5294 520 5332 a
548 5276 756 5331 cervini
792 5290 963 5329 cornu
1016 5271 1396 5326 similitudine.
1439 5270 1649 5324 Plinius
1704 5280 1885 5327 tamen

314 5348 745 5416 promontorium
777 5344 1247 5416 itaivoeatnsitum
1278 5342 1422 5416 in__co
1454 5342 1598 5394 sinu.
1622 5341 1721 5416 Cui
1746 5358 1879 5416 con-

313 5410 473 5473 sentit
514 5417 836 5472 Ammianus
863 5413 1209 5467 Marcellinus
1235 5410 1290 5464 in
1323 5412 1463 5464 libro
1498 5428 1625 5464 xx".
1666 5411 1768 5477 Qui
1805 5414 1887 5467 lo-

314 5502 405 5543 cus
420 5488 546 5559 quia
568 5487 736 5559 vulgo
762 5483 1177 5559 corruptissime
1204 5482 1421 5559 legitur,
1449 5497 1547 5535 nec
1569 5481 1623 5559 in
1646 5482 1888 5559 editione

311 5552 490 5614 nostra
523 5552 709 5612 adhuc
740 5552 1063 5610 emendatus
1095 5560 1198 5615 est,
1241 5553 1329 5604 hic
1360 5560 1523 5621 prout
1569 5552 1669 5621 legi
1702 5553 1885 5615 debet,

311 5643 339 5680 a
367 5646 447 5685 me
474 5634 786 5699 apponelut‘
815 5644 829 5679 :
853 5624 920 5678 Et
943 5620 1563 5699 promontoriunt’tl‘eras,
1599 5620 1890 5699 pira'lucen-

310 5706 409 5752 tem
439 5690 659 5753 nauibus
689 5697 876 5751 uehens
901 5690 1253 5748 constructam
1281 5690 1466 5744 celsius
1498 5690 1688 5745 turrim
1717 5711 1890 5760 :qzm-

311 5780 519 5842 propter
557 5768 783 5825 Ccratas
819 5764 1118 5836 appellatur
1154 5772 1334 5817 ventus
1368 5763 1487 5815 inde
1540 5775 1714 5816 suetus
1765 5768 1892 5817 oriri

1992 4778 2245 4840 lectionis
2272 4781 2498 4849 vestigia
2533 4798 2545 4832 :
2579 4795 2703 4833 nam
2731 4781 2948 4848 vulgata
2974 4778 3157 4849 lectio,
3181 4779 3351 4849 cujus
3382 4789 3575 4831 ιιιιςιηιν

1990 4853 2097 4909 fuit
2143 4852 2339 4905 Petrus
2370 4848 2657 4911 castellus,
2705 4864 2867 4903 sensu
2903 4848 3052 4900 omni
3102 4857 3270 4901 caret.
3312 4848 3425 4899 Mos
3472 4849 3577 4901 fuit

1989 4932 2238 4979 veterum
2271 4930 2465 4975 ventos
2492 4921 2776 4973 nominare
2805 4935 2833 4971 a
2852 4918 2988 4971 locis
3013 4933 3079 4971 ex
3109 4918 3312 5041 (gibus
3336 4918 3569 4986 spirant.

1990 4995 2078 5041 Sin
2104 4993 2386 5041 Amestem
2423 4990 2786 5041 Athenienses
2809 4995 3078 5041 vocarunt
3193 4988 3470 5041 ironitem.
3505 5003 3569 5040 eo

1990 4995 2078 5050 Sic
2102 4993 2386 5062 Argestem
2423 4990 2786 5062 Athenienses
2809 4995 3078 5062 vocarunt
3118 4988 3574 5062 Scironitcm,_eo

1988 5063 2132 5134 quod
2151 5057 2215 5134 ei
2240 5061 2482 5134 Scironis
2492 5059 2879 5134 promontorio
2892 5058 3066 5121 ﬂaret,
3085 5065 3147 5110 ut
3168 5057 3335 5134 tradit
3354 5058 3573 5134 Strabo.

1991 5127 2072 5188 ita
2096 5132 2265 5198 igitur
2315 5127 2541 5185 Ceratas
2589 5137 2786 5183 ventus
2828 5128 3009 5182 dictus
3056 5136 3140 5183 est
3168 5142 3197 5181 a
3234 5127 3571 5198 Byzantinis,

1993 5198 2139 5274 quod
2161 5218 2232 5274 ex
2266 5199 2864 5274 promontorio_Cerate
2887 5198 3061 5274 ﬂaret.

2067 5272 2177 5395 $59)
2204 5266 2351 5323 "(lea
2390 5271 2548 5333 παρὰ
2578 5270 2681 5322 τοῦ
2708 5269 3050 5335 τεραιτάτου
3074 5268 3474 5332 Αὺξάνοντος.
3511 5266 3572 5320 1η

2067 5344 2174 5395 _ice
2201 5342 2397 5394 Leonis
2418 5340 2596 5393 Allatii
2634 5338 3110 5395 scrintuniest.tb;
3145 5339 3287 5395 παρὰ
3321 5336 3413 5390 τοῦ
3449 5354 3569 5395 γερ.

1988 5336 2174 5397 codice
2201 5342 2397 5394 Leonis
2418 5340 2596 5393 Allatii
2634 5340 2895 5407 scriptum
2913 5347 3015 5403 est,
3036 5338 3110 5400 ὡς
3145 5339 3287 5407 παρὰ
3321 5336 3413 5407 τοῦ
3449 5354 3569 5403 γερ.

1985 5414 2256 5477 Αῡξωνος,
2297 5410 2636 5479 Epiphanius
2685 5406 2913 5479 quoque
2952 5406 3333 5461 Seholasticus
3383 5406 3571 5479 Auxe-

1986 5476 2137 5536 nium
2169 5476 2359 5535 seneui
2386 5476 2559 5533 vocat.
2596 5479 2702 5533 Sed
2737 5480 2789 5531 in
2826 5478 2989 5547 hujus
3019 5479 3213 5547 capitis
3242 5476 3468 5547 exordio
3516 5481 3574 5525 et

1990 5500 2137 5536 mum
2169 5497 2353 5535 senem
2386 5495 2559 5533 vocat.
2597 5495 2702 5533 Sea
2737 5496 2789 5531 ιιι
2827 5495 2897 5531 nu
2928 5495 2989 5531 us
3019 5495 3213 5547 captus
3242 5495 3468 5530 exorulo
3516 5495 3572 5525 et

1990 5554 2042 5607 in
2075 5570 2089 5606 ι
2128 5552 2270 5605 libro
2307 5559 2532 5604 vocatur
2572 5549 2818 5603 Auxano.
2850 5495 2933 5601 Ai)
2985 5549 3094 5601 hoc
3146 5557 3327 5600 autem
3387 5545 3572 5598 Auxa-

1988 5640 2151 5684 noue,
2185 5636 2525 5689 quaecunque
2554 5621 2620 5673 de
2655 5618 2973 5673 Novatianis
3001 5619 3200 5686 passim
3236 5618 3287 5669 in
3334 5614 3573 5668 Historia

1990 5710 2088 5747 sua
2143 5688 2326 5745 narrat
2360 5688 2630 5749 Socrates.
2669 5698 2856 5742 narrat
2904 5703 3087 5741 autem
3144 5688 3572 5758 quamplurima,

1992 5765 2264 5832 accepisse
2296 5762 2432 5814 mihi
2460 5761 2698 5813 videtur.
