4026 6338
418 337 527 399 ὖὲΊ

1871 318 2208 376 SOCRATIS

3589 291 3700 374 εἰει

436 464 593 511 ctum
616 449 982 524 imperatoris
1011 456 1068 504 et
1106 443 1412 503 Macedonii
1453 439 1716 496 violentia
1760 436 2023 492 ecclesias

2142 434 2218 488 ιαὶ
2248 435 2283 504 ἡ
2315 433 2408 503 βία
2431 431 2572 486 κατὰ
2593 431 2761 502 τῆσδε
2797 431 2897 501 τῆς
2925 428 3245 500 ἐκκλησίας,
3277 424 3368 483 καὶ
3396 424 3701 501 ἧπειγονοὶ

430 544 931 602 ilomousianornm
971 536 1272 596 disturbari
1315 539 1709 605 praeceperant.
1762 527 2015 582 Edictum

432 641 600 712 igitur
625 646 684 694 et
704 633 967 692 violentia
987 632 1119 690 huic
1141 642 1361 699 quoque
1392 624 1638 702 ecclesiae
1665 623 1879 679 ruinam
1910 621 2017 675 mi-

432 733 709 788 nabatur:
742 736 801 782 et
821 725 1115 781 instabant
1155 721 1194 775 ii
1228 718 1433 790 quibus
1470 717 1591 788 eius
1620 715 1701 770 rei
1738 712 2021 769 exsecutio

434 823 688 879 mandata
713 821 911 875 fuerat.
943 814 1076 870 Mihi
1102 825 1235 868 vero
1265 808 1455 864 mirari
1499 806 1668 871 subit,
1705 812 1821 859 tum
1863 803 2023 858 ardo-

436 931 550 971 rem
585 912 756 969 animi
810 925 876 965 ac
922 906 1170 964 studium
1217 901 1651 959 Novatianorum
1700 897 1850 968 quod
1893 911 2021 967 erga

433 1005 722 1063 ecclesiam
756 1016 911 1057 suam
957 996 1345 1057 deciararunt,
1406 998 1526 1046 tum
1580 987 2023 1045 benevolentiam

436 1113 601 1169 quam
631 1110 765 1166 erga
801 1093 923 1147 illos
953 1089 1322 1146 ostenderunt
1344 1086 1402 1152 ii,
1427 1084 1523 1155 qui
1558 1090 1676 1137 tum
1702 1079 1927 1150 quidem
1955 1079 2025 1134 ab

435 1188 655 1243 Arianis
676 1184 914 1240 ecclesia
939 1181 1159 1237 fuerant
1188 1177 1381 1249 eiecti,
1420 1189 1567 1229 nunc
1587 1187 1720 1227 vero
1751 1179 1941 1241 pacate
1971 1178 2028 1224 et

438 1280 733 1350 tranquille
781 1274 1047 1332 ecclesias
1084 1262 1361 1327 obtinent.
1402 1266 1543 1322 Cum
1590 1264 1779 1330 igitur,
1815 1270 1876 1315 ut
1912 1260 2029 1315 haec

436 1374 605 1428 etiam
644 1369 878 1426 ecclesia
916 1367 1324 1425 destrueretur,
1351 1366 1616 1429 urgerent
1660 1356 1700 1409 ii
1736 1354 1941 1425 quibus
1973 1352 2028 1407 id

439 1462 688 1519 muneris
711 1470 833 1516 erat
868 1460 1201 1529 injunctunr,
1227 1455 1421 1523 ingens
1450 1449 1740 1504 hominum
1775 1445 1932 1500 turba
1963 1459 2030 1498 eo

438 1554 740 1620 conﬂuxit,
781 1561 902 1607 tum
954 1547 1430 1608 Novatianorum,
1480 1548 1596 1595 tum
1656 1539 1895 1599 aliorum
1933 1535 2028 1607 qui

441 1648 586 1704 idem
620 1660 747 1702 cum
776 1644 910 1715 ipsis
933 1639 1266 1698 sentiebant.
1289 1635 1536 1704 Cumque
1567 1630 1853 1687 ecclesiam
1875 1642 2032 1683 suam

440 1737 768 1801 diruissent,
791 1748 915 1789 eam
954 1732 1015 1787 in
1050 1730 1221 1786 alium
1254 1728 1440 1782 locum
1472 1721 1897 1779 transtulerunt.
1931 1718 2033 1772 Hic

441 1836 624 1882 autem
644 1788 801 1881 locus
818 1824 959 1879 situs
980 1831 1066 1877 est
1088 1836 1157 1874 ex
1177 1819 1410 1875 adverso
1439 1810 2026 1881 Constantinopoleos;
2063 1788 2103 1844 Β

441 1922 752 1991 appellatur
777 1927 967 1972 autem
1008 1914 1181 1986 Sycae,
1213 1920 1269 1966 et
1302 1909 1466 1965 tertia
1509 1906 1725 1962 decima
1760 1910 1848 1959 est
1875 1900 2033 1985 urbis

446 2013 617 2084 regio.
663 2013 835 2067 Porro
895 2006 1142 2064 ecclesiae
1194 2001 1484 2058 translatio
1523 1997 1679 2053 brevi
1735 1992 2031 2051 admodum

448 2115 695 2175 tempore
714 2103 857 2158 facta
885 2109 1141 2164 est,~cum
1163 2095 1401 2152 maxima
1426 2090 1712 2147 hominum
1739 2085 2034 2141 multitudo

448 2192 763 2250 incredibili
788 2189 1071 2246 alacritate
1099 2201 1222 2242 eam
1257 2187 1675 2252 transportaret.
1700 2179 1856 2234 Alius
1885 2176 2035 2232 enim

449 2284 682 2354 tegulas,
721 2279 937 2351 lapides
975 2277 1138 2341 alius,
1174 2274 1317 2329 alius
1346 2268 1655 2332 materiam,
1693 2265 1849 2338 147
1893 2265 2038 2322 alius

449 2373 606 2429 aliud
650 2372 786 2443 quid
834 2384 1079 2434 sumens,
1134 2365 1301 2438 Sycas
1336 2360 1640 2418 deferebat.
1672 2357 1780 2413 Sed
1812 2364 1869 2411 et
1911 2371 2036 2411 mu—

451 2466 616 2522 lieres
643 2474 701 2520 et
738 2471 928 2519 tenera
958 2460 1141 2516 adhuc
1168 2465 1303 2512 aetas
1354 2468 1580 2509 manum
1608 2449 1764 2521 operi
1784 2447 2041 2506 acknove-

452 2557 616 2621 bant;
652 2561 778 2609 vota
811 2567 871 2607 se
902 2551 1115 2606 solvere
1147 2545 1481 2601 arbitrantes
1503 2582 1518 2607 ,
1556 2548 1614 2596 et
1652 2538 1892 2593 maximo
1930 2537 2036 2592 du-

452 2650 641 2697 centes
664 2640 844 2705 lucro,
873 2636 1023 2709 quod
1054 2636 1202 2691 Deus
1228 2647 1415 2688 rerum
1447 2630 1555 2686 sibi
1591 2635 2038 2684 consecratarum

452 2733 592 2789 tidos
615 2731 876 2788 custodes
902 2728 1055 2801 ipsos
1083 2742 1205 2783 esse
1226 2725 1512 2781 voluisset.
1542 2721 1658 2777 Hoc
1681 2719 1850 2792 igitur
1876 2719 2041 2775 modo

452 2825 692 2882 ecclesia
724 2822 1156 2880 Novatianorum
1193 2834 1260 2874 ea
1303 2821 1627 2886 tempestate
1660 2810 1827 2883 Sycas
1859 2819 2039 2864 trans-

454 2918 564 2973 lata
611 2924 714 2971 est.
750 2916 947 2970 Postea
994 2925 1129 2967 vero
1162 2917 1383 2965 mortuo
1414 2903 1761 2970 Constantio,
1790 2901 2044 2958 Julianus

455 3002 757 3072 imperator
787 3000 970 3055 locum
996 2996 1317 3054 Novatianis
1367 2993 1523 3050 reddi
1553 2993 1748 3066 jussit,
1778 3000 1837 3047 et
1861 2992 2041 3047 eccle-

2120 522 2585 596 προστεταγμένοι
2656 520 2816 575 τοῦτο
2886 522 3081 576 ποιεῖν.
3122 518 3415 591 Θαυμάσαι
3460 516 3556 576 οὖν
3611 538 3709 592 μοι

2121 616 2321 683 ἔπεισι,
2341 615 2432 669 τόν
2456 631 2516 667 τε
2547 613 2910 667 Ναυατιανῶν
2942 610 3071 666 λαὸν
3113 611 3312 666 ὁπόσον
3349 608 3498 683 εἶχον
3543 613 3705 684 ζῆλον

2122 708 2218 761 καὶ
2263 705 2500 778 σπουδὴν
2539 704 2671 776 περὶ
2704 703 2806 775 τὴν
2855 702 3065 757 ἑαυτῶν
3112 702 3571 774 Extinctam-atat
3606 707 3708 778 τὴν

2124 800 2338 853 εὔνοιαν
2371 799 2438 869 ἢν
2461 795 2606 868 εἶχον
2640 797 2771 868 περὶ
2803 795 3002 859 αὐτοὺς
3032 797 3081 849 οἱ
3110 795 3231 849 τότε
3258 797 3359 867 μὲν
3382 798 3483 867 τῆς
3509 799 3711 869 ὲκκλη·

2126 890 2247 954 σίας
2280 890 2386 943 ὑπὸ
2421 891 2530 943 τῶν
2571 888 2865 961 ιΑρειιι.υι”ἷ›ν
2894 886 3274 957 ἐκϐληθέντες,
3309 887 3407 940 νῦν
3429 887 3488 941 δὲ
3531 890 3591 941 ὲν
3634 892 3683 942 εί

2126 984 2262 1055 ρήνῃ
2294 981 2394 1046 τὰς
2426 981 2722 1053 ἐκκλησίας
2752 979 3094 1050 κατέχοντες.
3129 979 3219 1043 Ὠς
3235 979 3293 1033 δὲ
3314 979 3543 1052 ἤπειγον
3572 979 3692 1034 καθ-

2126 1073 2399 1145 αιρεῖσθαι
2439 1073 2533 1126 καὶ
2577 1071 2735 1143 τήνδε
2764 1071 2862 1142 τὴν
2898 1069 3195 1140 ᾶκκλησίαν
3221 1066 3304 1133 οἷς
3338 1068 3499 1123 τοῦτο
3536 1086 3703 1142 προσ-

2127 1164 2405 1230 ετέτακτο,
2461 1165 2757 1233 συνήγοντο
2818 1163 3068 1226 πλεῖστος
3144 1160 3331 1232 ὅμιλος
3390 1159 3701 1232 ⁴ἀνθρώιιτωνς

2127 1255 2486 1315 Ναυααανῶν
2512 1274 2571 1309 τε
2602 1256 2696 1310 καί
2711 1272 2855 1319 τινες
2882 1254 2992 1307 τῶν
3026 1252 3474 1325 ὁμοφρονούντων
3504 1253 3715 1316 αὐτοῖς.

2130 1347 2240 1401 Καὶ
2280 1347 2596 1410 καθελόντες
2661 1346 2761 1417 τὴν
2806 1345 3108 1417 ἐκκλησίαν
3165 1344 3368 1409 αὐτῶν,
3419 1346 3500 1409 είς
3555 1344 3721 1400 ἄλλον

2129 1443 2294 1497 τόπον
2357 1442 2676 1513 μετέθεσαν.
2752 1442 2812 1496 '0
2863 1441 2922 1495 δὲ
2975 1441 3143 1501 τόπος
3199 1434 3353 1506 οὗτος
3419 1441 3721 1514 ἀντιπέραα

2132 1535 2225 1589 θεν
2281 1535 2379 1606 μὲν
2435 1538 2613 1589 κεῖται
2666 1534 2768 1604 τῆς
2821 1533 3063 1597 πόλεως’
3112 1533 3286 1586 Συκαὶ
3321 1532 3379 1587 δὲ
3425 1532 3722 1602 ὀνομάζον-

2131 1640 2243 1691 ται,
2297 1623 2393 1677 καί
2466 1626 2583 1677 ἐστι
2634 1622 3084 1693 τρισκαιδέκατον
3137 1621 3239 1691 τῆς
3303 1622 3720 1695 Κωγσταντίνου

2134 1715 2346 1778 πόλεως
2395 1714 2587 1787 κλίμα.
2643 1715 2847 1784 Ταχεῖα
2890 1713 2948 1767 δὲ
3000 1712 3219 1781 ἐγένετο
3275 1712 3310 1781 ἠ
3364 1714 3463 1782 τῆς
3513 1712 3723 1781 ἔκκλη-

2135 1809 2256 1872 σίας
2291 1807 2605 1879 μετάθεσις,
2635 1805 2766 1860 λαοῦ
2799 1803 2995 1859 πολλοῦ
3036 1805 3134 1859 σὺν
3172 1804 3455 1876 προθυμίᾳ
3485 1803 3723 1876 μεγίστῃ

2134 1899 2551 1972 μεταφερόντων
2605 1897 2796 1967 αὐτήν.
2857 1895 2923 1951 Ὀ
2951 1896 3050 1966 μὲν
3077 1896 3187 1969 γάρ
3221 1913 3306 1959 τις
3353 1895 3517 1965 ἔφερε
3551 1894 3724 1964 κέρα-

2135 2008 2238 2063 μον
2252 1992 2329 2044 ’νὸ
2369 1989 2429 2044 δὲ
2471 1986 2648 2043 λίθονδ
2700 1987 2889 2059 ἔτερος
2925 1986 2984 2041 δὲ
3018 1986 3210 2052 ξύλον·
3241 1986 3336 2040 καὶ
3383 1984 3543 2050 ἄλλος
3591 1983 3725 2038 ἄλλο

2133 2081 2448 2153 λαμὶἀνων,
2486 2078 2579 2133 ἐπὶ
2606 2079 2708 2142 τὰς
2744 2077 2925 2141 Συκὰς
2967 2076 3327 2149 ἀπεκόμιζεν.
3370 2075 3723 2145 Συνεπελαμ-

2135 2173 2361 2227 ϐάνοντο
2392 2170 2450 2225 δὲ
2489 2171 2585 2225 καὶ
2609 2172 2885 2240 γυναῖκες.
2928 2169 3022 2223 καὶ
3053 2170 3086 2240 ἡ
3120 2168 3293 2239 μικρὰ
3319 2168 3526 2238 ἡλικία,
3554 2168 3723 2238 εὐχὴν

2136 2263 2440 2336 ἡγούμενοι
2473 2261 2738 2333 πληροῦν.
2768 2260 2863 2315 καὶ
2892 2261 3035 2332 μέγα
3056 2260 3247 2330 κέρδος
3270 2258 3585 2331 λαμϐάνεινί
3610 2258 3725 2310 τῶν

2136 2354 2553 2427 ἀφιερωθέντων
2601 2352 2680 2425 τῷ
2724 2353 2844 2423 Θεῷ
2889 2352 3135 2423 φύλακες
3173 2352 3425 2424 ἀκέραιοι
3469 2345 3725 2421 γενέσθαι

2138 2447 2455 2520 ἠξιωμένοι.
2497 2446 2692 2511 Οὕτως
2728 2447 2827 2518 μὲν
2866 2442 2959 2500 οὖν
2994 2446 3116 2500 τότε
3147 2446 3181 2516 ἡ
3226 2442 3336 2497 τῶν
3364 2440 3727 2497 Ναυατιανῶν

2139 2536 2406 2609 ἐκκλησία
2426 2539 2509 2603 είς
2532 2536 2631 2600 τὰς
2659 2534 2840 2598 sm;
2870 2535 3247 2607 μετενήνεκτο.
3276 2533 3470 2604 Χρόνῳ
3487 2532 3543 2586 δὲ
3573 2530 3729 2585 ὓστε-

2142 2646 2236 2702 ρον
2264 2628 2401 2699 μετὰ
2420 2629 2520 2699 τὴν
2541 2625 2798 2697 τελευτὴν
2821 2623 3227 2690 Κωνσταντίου,
3250 2625 3279 2677 ό
3302 2621 3557 2694 βασιλεὺς
3591 2622 3728 2676 Ἰου-

2140 2719 2325 2784 λιανὸς
2352 2718 2444 2773 τόν
2474 2734 2534 2771 τε
2564 2717 2730 2772 τόπον
2757 2715 3087 2787 ἀποδοθῆναι
3119 2713 3378 2768 ἐκέλευσε
3397 2753 3412 2779 ,
3438 2712 3535 2767 καὶ
3579 2713 3727 2767 ἀνοι-

2142 2809 2394 2880 κοδομεῖν
2432 2807 2757 2881 ἐπέτρεψεν.
2786 2803 2953 2871 Αὖθίς
2984 2821 3047 2859 τε
3071 2806 3100 2858 ὁ
3129 2804 3258 2869 λαὸς
3295 2804 3389 2858 τὸν
3414 2803 3580 2859 αὑτὸν
3604 2803 3730 2875 τρό-

2144 2918 2266 2969 πον,
2299 2899 2844 2972 ἀντιμετενεγκόντες
2872 2896 2973 2960 τὰς
3009 2895 3164 2964 ὔλας,
3187 2896 3291 2967 τὴν
3318 2894 3616 2966 ἐκκλησίαν
3648 2895 3733 2958 είς

2143 2992 2235 3047 τὸν
2264 2992 2325 3057 ἐξ
2359 2992 2531 3065 ἀρχῆς
2561 2988 2920 3061 ᾠκοδόμησαν
2955 2987 3145 3042 τόπον.
3177 2986 3290 3042 Καὶ
3319 2985 3730 3057 βελτιώσαντες,

456 3091 594 3146 siam
632 3105 887 3162 reparare
932 3087 1016 3144 eis
1062 3086 1334 3158 permisit.
1361 3086 1580 3141 Rursus
1619 3099 1752 3154 ergo
1801 3082 2041 3153 populus

2157 3084 2524 3141 ’Δναστασίαν
2558 3091 2599 3120 ιιι
2628 3080 2912 3136 καλεῖσθαι
2958 3079 3301 3153 φερωνύμως
3344 3077 3608 3149 ἠξίωσαν.
3667 3077 3736 3130 Ἦ

452 3183 651 3238 eodem
686 3197 798 3252 quo
826 3180 983 3252 prius
1012 3179 1178 3234 modo
1217 3178 1514 3249 reportatis
1545 3175 1825 3241 materiis,
1860 3175 2040 3229 eccle-

456 3274 594 3330 siam
623 3274 679 3328 in
708 3274 944 3345 pristino
965 3273 1088 3327 loco
1119 3269 1430 3326 aediﬁcavit.
1473 3268 1722 3339 Cumque
1757 3265 2043 3336 pulchrio-

456 3382 575 3422 rem
601 3381 724 3421 eam
758 3365 1039 3429 fecissent,
1076 3363 1422 3418 Anastasiam
1453 3377 1522 3416 ex
1548 3376 1606 3415 re
1643 3360 1759 3430 ipsa
1782 3357 2043 3429 appellari

457 3456 776 3511 voluerunt.
806 3455 875 3509 Et
900 3455 1019 3516 haec
1045 3452 1272 3522 quidem
1298 3452 1530 3507 ecclesia
1563 3450 1913 3522 postmodum
1931 3491 1946 3515 ,
1982 3459 2048 3505 ut

456 3542 596 3606 dixi,
634 3548 899 3611 regnante
947 3538 1169 3593 Iuliano
1206 3538 1444 3593 excitata
1475 3545 1580 3592 est.
1627 3536 1783 3591 Tunc
1817 3552 1949 3590 vero
1990 3545 2048 3591 et

456 3629 730 3688 Catholici
760 3636 818 3684 et
847 3627 1162 3694 Novatiani,
1199 3628 1364 3683 simul
1395 3628 1616 3698 utrique
1649 3627 1863 3698 expulsi
1895 3635 2044 3682 sunt.

457 3724 831 3793 Quamobrem
854 3723 1126 3780 Catholici
1147 3721 1205 3776 in
1228 3722 1298 3777 iis
1326 3722 1550 3792 quidem
1575 3721 1827 3778 ecclesiis
1851 3721 1907 3776 in
1927 3721 2052 3791 qui-

461 3817 569 3871 bus
596 3816 787 3871 Ariani
824 3816 1247 3879 conveniebant,
1288 3814 1596 3870 orationem
1625 3814 1809 3871 facere
1834 3814 2049 3870 abomi-

460 3906 756 3962 nabantur.
788 3906 849 3963 In
867 3905 994 3961 aliis
1020 3914 1205 3960 autem
1234 3904 1413 3963 tribus
1456 3903 1724 3968 ecclesiis,
1767 3912 1851 3959 tot
1901 3904 2051 3959 enim

460 3999 725 4057 ecclesias
775 4000 835 4054 in
875 3999 1017 4055 urbe
1058 3998 1213 4071 regia
1264 3998 1468 4054 habent
1494 3996 1805 4061 Novatiani,
1852 4011 2053 4052 conve-

460 4092 682 4148 nientes
700 4090 973 4148 Catholici
1025 4107 1135 4146 una
1164 4106 1290 4147 cum
1319 4089 1430 4146 illis
1466 4088 1775 4144 orationem
1802 4088 2051 4143 celebra-

462 4182 643 4240 bant:
698 4199 1005 4254 parumque
1061 4182 1240 4238 abfuit
1284 4182 1421 4252 quin
1453 4181 1676 4252 penitus
1738 4179 2050 4243 unirentur,

465 4273 572 4329 nisi
596 4273 1077 4339 Novatiani,vetus
1104 4281 1391 4329 servantes
1416 4272 1758 4337 mandatum,
1792 4271 1847 4326 id
1870 4271 2053 4327 facere

466 4364 884 4422 detrectassent.
908 4365 1112 4421 Verum
1139 4364 1194 4420 in
1231 4363 1460 4434 reliquis
1483 4363 1650 4419 rebus
1674 4371 1823 4419 tanta
1847 4378 1906 4420 se
1927 4379 2053 4418 mu-

2146 3177 2245 3249 μὲν
2270 3171 2363 3230 οὖν
2391 3174 2656 3247 ἐκκλησία
2682 3173 2907 3246 ὕστερον
2927 3215 2943 3240 ,
2986 3172 3063 3236 ὡς
3092 3172 3230 3244 ἔφην
3247 3214 3262 3238 ,
3293 3173 3389 3226 ἐπὶ
3441 3168 3735 3225 Ἰουλιανοῦ

2142 3265 2366 3335 ἀνέστη.
2406 3264 2541 3318 Τότε
2587 3264 2646 3317 δὲ
2682 3262 2873 3334 ἄμφωι
2914 3263 3028 3316 οἵτε
3056 3263 3157 3334 τῆς
3196 3261 3524 3333 Ἑκκλησίας
3548 3261 3646 3315 καὶ
3682 3261 3736 3314 ot

2143 3356 2698 3426 Ναυατιανοὶ,όμοίως
2726 3354 3048 3426 ἠλαύνοντο.
3075 3354 3167 3408 Διδ
3187 3354 3284 3410 καὶ
3298 3355 3349 3408 οἱ
3368 3354 3469 3424 τῆς
3504 3352 3738 3424 Ἐκκλη-

2146 3447 2275 3512 σίας“
2321 3445 2695 3501 ὲσδελύττοντο
2748 3446 2805 3501 ιν
2853 3448 2971 3510 τοῖς
3018 3444 3333 3519 εὐκτηρίοις
3378 3443 3603 3516 ἔχεσθαι
3647 3445 3739 3498 τό·

2147 3555 2272 3601 ποις
2301 3537 2440 3609 (60),
2471 3539 2529 3591 ὲν
2553 3532 2636 3602 οἷς
2662 3538 2710 3590 οἱ
2757 3538 3028 3608 Ἀρειανοὶ
3059 3539 3378 3609 συνήγοντοι
3412 3536 3505 3599 Εἰς
3541 3535 3600 3589 δὲ
3637 3536 3739 3600 τὰς

2151 3628 2320 3692 ἄλλας
2343 3630 2514 3700 τρεῖς,
2551 3628 2820 3693 τοσαύτας
2839 3628 2947 3700 γὰρ
2984 3615 3138 3693 ἕντδς
3155 3630 3255 3700 τῆς
3281 3628 3491 3691 πόλεως
3522 3627 3740 3698 ἔχωσιν

2147 3720 2198 3773 οί
2220 3718 2328 3773 τῶν
2341 3719 3030 3792 Ναυατιανῶνέκκλησίας.
3081 3720 3464 3792 συνερχόμενοι
3486 3718 3742 3789 ἀλλήλοις

2151 3810 2527 3883 συνηύχοντο·
2562 3811 2760 3884 μικροῦ
2789 3830 2849 3866 τε
2879 3813 3101 3883 ἐδέησεν
3133 3813 3402 3884 ἑνωθῆναι
3432 3813 3632 3878 αὐτοὺς
3651 3854 3666 3878 ,
3691 3815 3744 3868 εί

2153 3905 2229 3975 μὴ
2268 3905 2600 3960 Ναυατιανοὶ
2616 3945 2632 3971 ,
2660 3905 3021 3975 φυλάττοντες
3061 3908 3289 3978 ἀρχαῖον
3330 3907 3703 3979 παράγγελμα
3723 3949 3740 3973 ,

2151 4000 2557 4073 παρῃτήσαντο.
2592 4001 2783 4071 Ὅμως
2827 4000 2884 4053 δὲ
2921 4001 3021 4072 τὴν
3060 4001 3228 4072 ἄλλην
3272 3999 3486 4055 εὔνοιαν
3517 4003 3601 4065 είς
3640 4001 3743 4055 ἁλ-

2152 4089 2346 4162 λήλους
2401 4091 2810 4164 προθυμότερον
2849 4092 3178 4162 ἐφύλαττον,
3231 4093 3744 4165 ὑπεραποθνήσκειν

2153 4183 2398 4254 ἀλλήλων
2440 4182 2778 4255 αἱρούμενοι.
2828 4185 3232 4255 Συνηλαύνοντο
3271 4181 3368 4239 οὖν
3400 4188 3459 4239 ὲν
3492 4188 3559 4257 τῇ
3599 4187 3741 4258 αὐτῇ

2156 4275 2571 4329 Κωνσταντίνου
2606 4274 2791 4340 πόλει,
2823 4277 2919 4329 καὶ
2948 4277 3088 4329 κατὰ
3123 4276 3223 4339 τὰς
3263 4277 3431 4339 ἄλλας
3470 4278 3745 4349 ἐπαρχίας

2155 4384 2215 4420 τε
2244 4368 2338 4421 καί¹
2362 4367 2566 4432 πόλεις.
2603 4366 2810 4421 Αὐτίκα
2857 4368 2982 4435 γοῦν
3008 4371 3065 4423 ὲν
3095 4368 3320 4441 Κυζίκῳ
3359 4371 3636 4435 Ἐλεύσιος
3664 4380 3692 4408 ι’
3716 4373 3745 4423 6

1674 4545 1943 4601 VALESII
1980 4546 2532 4609 ANNOTATIONES.

674 4683 785 4773 :Er
796 4680 936 4773 τοῖς
963 4680 1323 4773 etiamtum“
1340 4681 1590 4773 Elegea;
1642 4684 1869 4765 τᾴποις.
1895 4681 2041 4773 “(2m-

2159 4688 2422 4761 sciplinae,
2448 4690 3049 4773 quanrconimunicare
3072 4704 3196 4745 cum
3225 4691 3521 4773 [φρουρὴ.
3550 4692 3668 4748 sive
3691 4692 3744 4747 in

466 4750 605 4831 nino
630 4750 995 4831 scribendum
1018 4758 1103 4831 est
1132 4750 1409 4821 εὔχεσθαι.
1435 4753 1593 4831 Quod
1629 4754 1801 4831 m_i_ror
1835 4752 2041 4831 a_(‘.hri-

2160 4750 2542 4828 sacramentis,
2590 4762 2705 4816 sive
2746 4762 2798 4815 in
2843 4761 3177 4831 precatione.
3229 4750 3519 4816 Falluntur
3560 4774 3744 4818 autem

465 4823 833 4892 stophorsono
854 4820 1294 4892 animadversum
1314 4838 1425 4877 non
1447 4823 1639 4879 fuisse.
1673 4824 1844 4879 Porro
1870 4822 2049 4877 inere-

466 4891 637 4972 dibile
663 4892 797 4972 mihi
820 4891 1039 4972 videtur
1060 4891 1205 4972 quod
1234 4891 1325 4972 hic
1348 4903 1535 4972 narrat
1558 4893 1830 4972 Socrates,
1851 4892 2057 4972 Catho-

469 4964 607 5018 licos
627 4962 838 5017 scilicet
862 4976 1047 5015 orasse
1081 4962 1134 5015 in
1179 4962 1429 5018 ecclesiis
1466 4963 1918 5020 Novatianormn.
1949 4962 2058 5017 lm-

470 5032 674 5102 posuit,
705 5040 767 5086 ut
786 5031 1005 5102 opinor,
1034 5031 1242 5086 Socrati
1264 5045 1461 5102 nostro
1481 5050 1647 5091 senex
1690 5034 1783 5089 ille
1805 5034 2057 5096 Auxano,

469 5100 565 5170 cui
665 5100 873 5182 quod}:
893 5100 1222 5182 quibusdam
1253 5101 1485 5182 fortasse
1502 5104 1835 5182 Christianis
1862 5118 2059 5182 parum

470 5169 651 5245 cautis
686 5169 1142 5245 'factum’fuerat,
1182 5172 1455 5245 universis
1502 5174 1803 5231 Catholicis
1829 5169 2058 5245 aiiinxit.

469 5241 619 5298 Nihil
639 5242 843 5314 quippe
866 5240 1039 5311 magis
1071 5244 1408 5300 contrarium
1435 5256 1522 5301 est
1556 5244 1946 5303 ecclesiasticas
1971 5243 2061 5299 di—

2161 4832 2535 4903 meojudicio,
2572 4832 2667 4901 qui
2690 4848 2755 4903 es
2778 4832 2882 4885 hac
2897 4832 3234 4903 _narratione
3256 4831 3523 4903 colligunt
3548 4831 3742 4903 Socra-

2159 4906 2267 4953 tem
2289 4900 2651 4958 Novatianum
2677 4900 2868 4956 fuisse.
2897 4901 3012 4955 imo
3036 4917 3171 4954 vero
3193 4916 3262 4955 ex
3285 4900 3407 4956 hoc'
3424 4902 3549 4956 loco
3566 4902 3747 4956 mani-
3786 4940 3789 4941 ν

2157 4968 2292 5025 teste
2334 4973 2683 5027 convincitur
2707 4987 2833 5026 eum
2872 4972 3041 5024 fuisse
3068 4970 3435 5026 Catholicum.
3468 4970 3608 5027 Nam
3641 4973 3746 5026 Ca—

2159 5040 2394 5113 tholicos
2419 5043 2588 5098 semel
2614 5051 2803 5113 atque,
2816 5042 3023 5113 iterum
3062 5041 3162 5113 hic
3211 5042 3452 5113 appellat
3490 5043 3621 5113 τοὺς
3653 5043 3748 5109 τῆς

2163 5110 2519 5192 ιἸξκκλησίας,
2542 5110 2760 5192 eosque
2786 5110 3106 5192 Novatianis
3134 5111 3750 5192 opponit.._Novatiauos

2164 5180 2331 5252 igitur
2353 5180 2507 5238 extra
2538 5180 2842 5239 Ecclesiam
2871 5180 3039 5236 fuisse
3064 5180 3421 5236 existimavit.

1931 5406 2310 5465 VABIORUM.

540 5548 579 5617 ξι
617 5532 1048 5617 Ἀνῳστεσίᾳκ
1074 5533 1194 5590 Alia
1218 5534 1347 5617 "fuit
1366 5535 1497 5617 haec
1524 5534 1589 5590 ab
1623 5535 1715 5617 ulla
1764 5536 2041 5617 Anastasis

2286 5534 2363 5589 De
2393 5549 2499 5603 qua
2527 5533 2705 5617 ipsum
2729 5534 2855 5617 vide
2887 5536 2943 5589 in
2967 5534 3087 5591 Vita
3118 5542 3238 5617 sua,
3269 5544 3373 5610 pag
3406 5540 3605 5617 _i7_.__et
3623 5559 3747 5603 ora-

470 5602 796 5685 aCrego_rio
833 5602 1955 5685 NazianaenqConstantinOpolicondita,
1998 5615 2056 5662 et
2155 5602 2499 5685 tionethiu.
2546 5602 2749 5685 Nicetze
2780 5606 2946 5685 etiam
2970 5617 3158 5685 annot.
3199 5602 3470 5685 in'vérlja
3496 5602 3751 5685 ilia,xat-

472 5673 737 5731 atmm'ob
768 5688 989 5729 causam
1016 5675 1097 5730 sic
1141 5675 1309 5737 dicta,
1344 5691 1541 5746 nempe
1568 5673 1716 5745 quod
1748 5677 1884 5731 ﬁdes
1926 5678 2049 5732 lan-

470 5758 735 5816 guescens
761 5751 921 5801 antea
948 5753 1003 5801 et
1028 5747 1351 5806 moribunda
1372 5746 1481 5801 illic
1509 5747 1770 5802 revixisse
1787 5747 1901 5802 visa
1928 5748 2049 5805 fuc-

2161 5676 2754 5751 pth,_‘_Avacrasia,_et
2779 5675 2925 5751 G‘uil.
2944 5676 3112 5751 ‘Cave
3136 5677 3196 5751 in
3213 5679 3388 5751 iGreg.
3416 5675 3676 5739 Naziani.

2230 5756 2256 5783 υ
2292 5746 2623 5812 Ἓλεύσιος.
2652 5746 2906 5803 Eleusius
2933 5745 3138 5819 Cyzici,
3181 5745 3380 5806 Maesia:
3406 5752 3473 5806 ad
3500 5753 3746 5825 Propon-
