4026 6338
345 302 442 363 329

1324 300 1656 367 HISTORIA
1692 304 2246 366 ECCLESIASTICA.
2288 337 2341 346 —
2396 304 2527 363 LIB.
2566 304 2635 362 ll.

3500 310 3607 364 3'50

343 428 493 498 τῆσδε
522 423 842 487 ἐπίσκοπος,
886 422 1087 494 ὁμοίως
1125 422 1242 494 ἅμα
1283 423 1600 494 Μακεδονίῳ
1634 424 1777 478 κατὰ
1811 422 1912 479 τῶν

2026 430 2121 478 tuo
2153 421 2628 492 prosequebantur
2654 420 3058 488 benevolentia,
3077 428 3137 476 ut
3160 437 3261 493 pro
3289 438 3347 479 se
3370 425 3605 483 invicem

345 513 680 589 Χριστιανῶν
707 511 901 578 ἐποίει,
927 510 1265 587 πανταχόθεν
1285 511 1524 565 ἐλαύνων
1549 512 1645 564 καὶ
1671 510 1919 583 διαστριέ⁴

345 628 450 678 em
496 604 714 669 αὐτούς.
773 605 885 675 Τήν
926 621 986 657 τε
1032 606 1089 657 ὲν
1136 601 1362 673 Κυζίκῳ
1400 601 1506 656 τῶν
1558 601 1920 655 Ναυατιανῶν

343 698 633 767 ἐκκλησίαν
661 696 911 750 καθεῖλεν
941 697 1021 759 εἰς
1042 694 1257 764 ἔδαφος.
1282 693 1612 757 Μακεδόνιος
1633 692 1690 745 δὲ
1714 692 1805 745 τὸν
1828 709 1920 746 κο-

343 792 549 862 λοφῶνα
583 790 692 844 τῶν
724 788 912 843 κακῶν
944 782 1027 853 οἷς
1056 787 1283 861 ἔδρασεν
1323 785 1600 856 ἐπιτίθησι
1619 799 1634 815 ⁸
1680 780 1921 856 πυθόμε-

337 899 420 948 νος
458 885 568 954 γὰρ
607 881 749 935 κατὰ
775 882 837 935 τὸ
871 880 1242 950 Παφλαγόνων
1273 878 1426 942 ἔθνος
1470 877 1754 941 πλείστους
1780 873 1920 930 εἶναι

340 977 430 1046 τῆς
478 973 832 1043 Ναυατιανῆς
881 972 1215 1043 θρησκείας,
1253 972 1348 1025 καὶ
1388 970 1626 1041 μάλιστα
1674 969 1815 1023 κατὰ
1857 968 1920 1021 τὸ

338 1061 661 1131 Μιντὶνιον,
716 1064 944 1119 συνιδών
993 1080 1052 1116 τε
1105 1063 1182 1126 ὡς
1227 1063 1328 1132 οὐχ
1385 1056 1499 1115 οἷόν
1550 1077 1609 1114 τε
1665 1059 1920 1113 τοσοῦτον

338 1158 536 1228 ’πλῆθος
579 1156 647 1211 δι’
691 1156 1166 1229 ὲκκλησιαστικῶν
1205 1151 1517 1226 ἀνθρώπων
1562 1152 1917 1217 ἐλαύνεσθαι,

340 1246 609 1320 τέσσαρας
657 1248 928 1320 ἀριθμοὺς
958 1254 987 1283 ο
1027 1245 1378 1318 στρατιωτῶν
1405 1244 1602 1318 γνώμῃ
1635 1243 1733 1333 τοξ
1767 1243 1921 1314 βασι-

334 1331 469 1402 λέως
519 1339 613 1391 ἐπὶ
655 1338 756 1406 τὴν
799 1332 1183 1407 Παφλαγονίαν
1233 1335 1549 1406 πεμφθῆναι
1596 1331 1918 1404 πεποίηκεν,

337 1425 478 1494 ἰπως
514 1429 667 1501 φόϐῳ
695 1428 805 1482 τῶν
832 1429 1093 1492 ὁπλιτῶν,
1129 1427 1228 1498 τὴν
1262 1426 1545 1498 Ἀρειανὴν
1575 1425 1732 1490 δόξαν
1754 1441 1922 1494 προσ-

336 1515 613 1587 δέξωνται.
650 1523 714 1575 οἱ
741 1522 798 1574 δὲ
847 1519 1126 1584 οἰκοῦντες
1173 1520 1235 1571 τὸ
1264 1518 1579 1582 Μαντίνιον,
1629 1518 1774 1589 ζήλῳ
1821 1518 1920 1588 τῆς

338 1616 656 1687 θρησκείας.
678 1615 908 1685 ἀπονοίᾳ
927 1615 1068 1666 κατὰ
1088 1611 1194 1665 τῶν
1216 1611 1562 1682 στρατιωτῶν
1585 1612 1887 1683 ἐχρήσαντο
1901 1628 1917 1642 ο

336 1706 617 1776 γενόμενοί
668 1722 727 1757 τε
777 1703 895 1774 ἅμα
944 1702 1153 1768 πολλοὶ,
1193 1702 1438 1774 δρέπανά
1483 1719 1544 1754 τε
1594 1701 1782 1773 μακρὰ
1825 1701 1921 1754 καὶ

2026 524 2258 570 mortem
2296 522 2556 585 oppetere
2578 514 2752 584 parati
2785 523 2991 569 essent.
3023 515 3253 586 Utrique
3280 532 3412 589 ergo
3442 519 3605 575 simul

2024 606 2282 676 exagitati
2314 613 2464 671 sunt,
2490 622 2602 660 non
2647 606 2824 659 solum
2864 605 3370 679 Constantinopoli,
3414 626 3605 666 verum

2026 696 2081 750 in
2113 696 2236 752 aliis
2263 698 2425 755 etiam
2453 696 2755 767 provinciis
2777 713 2841 751 ac
2862 698 3197 754 civitatibus.
3217 701 3434 757 Etenim
3461 705 3606 774 apud

2023 784 2283 856 Cyzicum
2335 786 2560 856 quidem
2616 786 2900 851 Eleusine,
2944 788 3050 842 loci
3090 789 3240 843 illius
3286 792 3602 863 episcopus,

2024 876 2216 931 eadem
2240 894 2362 948 qua
2388 868 2737 933 Macedonius
2759 878 3020 934 adversus
3043 879 3385 938 Christianos
3406 899 3605 957 perpe-

2025 975 2169 1020 trare
2221 967 2407 1037 cwpit,
2463 966 2707 1037 undique
2736 983 2832 1022 eos
2865 968 3059 1039 fugans
3098 978 3262 1041 atque
3300 975 3602 1046 exagitans.

2023 1057 2168 1125 Quin
2183 1066 2239 1113 et
2262 1058 2551 1115 ecclesiam
2571 1058 3002 1114 Novatianorum
3028 1060 3083 1115 in
3106 1062 3240 1116 urbe
3256 1062 3453 1135 Cyzico
3476 1065 3605 1123 fun-

2024 1150 2174 1205 ditus
2200 1151 2419 1205 evertit.
2460 1150 2812 1207 Macedonius
2836 1169 2970 1209 vero
2991 1154 3296 1211 sceleribus
3328 1157 3446 1212 suis
3484 1158 3603 1215 cul-

2025 1256 2153 1295 men
2191 1241 2455 1311 imposuit
2498 1241 2815 1313 hujusmodi
2846 1260 2860 1297 :
2900 1260 3028 1299 nam
3060 1260 3185 1299 cum
3221 1248 3518 1314 audiisset,
3547 1249 3604 1306 in

2022 1332 2306 1403 provincia
2324 1333 2690 1404 Paphlagonia
2709 1343 2766 1388 et
2792 1336 3068 1405 praecipue
3090 1330 3233 1407 apud
3257 1338 3602 1405 Mantinium,

2022 1426 2457 1496 quamplurimos
2503 1440 2623 1480 esse
2657 1426 2904 1482 addictos
2942 1439 3105 1483 sectae
3133 1430 3602 1498 Novatianorum;

2023 1517 2294 1588 simulque
2322 1518 2651 1589 intelligeret
2683 1518 2800 1573 fieri
2827 1535 2936 1575 non
2969 1536 3127 1590 posse
3161 1530 3224 1575 ut
3250 1531 3397 1577 tanta
3423 1524 3603 1578 homi-

2021 1625 2155 1665 num
2197 1610 2495 1665 multitudo
2524 1627 2623 1680 per
2650 1612 3054 1668 ecclesiasticos
3088 1614 3237 1669 viros
3284 1614 3601 1684 pelleretur,

2023 1710 2260 1773 quatuor
2288 1718 2551 1759 numeros
2574 1704 2813 1758 militum
2854 1704 3203 1775 imperatoris
3240 1715 3514 1778 praecepto
3548 1709 3605 1763 in

334 1796 521 1866 ἀξίνας
553 1797 832 1863 λαϐόντες,
866 1796 961 1851 καὶ
1016 1796 1179 1849 παντὶ
1230 1793 1309 1865 τῷ
1359 1794 1731 1866 παρατυχόντι
1772 1793 1912 1863 ὅπλῳ

2022 1784 2442 1863 Paphlagoniam
2494 1794 2637 1849 mitti
2689 1795 2924 1860 curavit,
2974 1811 3085 1866 quo
3134 1796 3214 1851 illi
3264 1808 3604 1854 armatorum

335 1890 626 1963 χρώμενοι,
656 1890 913 1962 ἀπήντων
934 1893 1045 1953 τοῖς
1072 1885 1455 1959 στρατιώταις.
1482 1887 1593 1939 Καὶ
1618 1886 1918 1955 γενομένης

336 1980 634 2051 συμϐολῆς,
676 1979 862 2033 πολλοὶ
894 1980 991 2050 μὲν
1030 1978 1140 2032 τῶν
1185 1977 1556 2045 Παφλαγόνων
1609 1976 1913 2031 ἀπέθανον*

333 2072 440 2125 τῶν
467 2072 523 2124 δὲ
562 2071 940 2143 στρατιωτῶν,
968 2069 1109 2141 πλὴν
1151 2068 1369 2137 ὀλίγων,
1400 2070 1449 2121 οἰ
1483 2069 1705 2131 πάντες.
1731 2068 1918 2122 Ταῦτα

332 2160 443 2232 ἐγὼ
476 2164 630 2235 παρὰ
676 2165 939 2233 ἀγροίκου
982 2162 1337 2232 Παφλαγόνος
1379 2160 1619 2231 ἔμαθον,
1665 2161 1724 2224 ὃς
1761 2161 1915 2230 ἔλεγε

332 2249 592 2325 παρεῖναι
621 2255 689 2323 τῇ
721 2253 889 2325 μάχῃ.
922 2251 1159 2319 λέγουσι
1193 2252 1251 2304 δὲ
1283 2249 1458 2303 ταῦτα
1504 2250 1599 2303 καὶ
1631 2248 1778 2304 ἄλλοι
1804 2251 1918 2303 Πα-

334 2344 618 2414 φλαγόνων
658 2341 865 2396 πολλοί.
913 2340 1151 2394 Τοιαῦτα
1200 2336 1298 2411 μὲν
1344 2335 1438 2393 οὖν
1469 2340 1538 2393 τὰ
1581 2339 1915 2392 Μακεδονίου

332 2435 468 2507 ὑπὲρ
505 2433 609 2487 τοῦ
647 2427 1079 2505 Χριστιανι’σμοῦ
1120 2428 1542 2502 κατορθώματα,
1598 2424 1767 2500 φόνδι,
1819 2432 1916 2484 καὶ

332 2525 528 2596 μάχαι,
582 2525 679 2578 καὶ
728 2515 1175 2596 ἀνδραποδισμοὶ,
1208 2524 1303 2575 καὶ
1354 2521 1611 2593 ἐμφύλιοι
1664 2521 1910 2593 πόλεμοι.

329 2616 476 2690 Ᾱῦτη
519 2618 706 2688 μέντοι
734 2618 768 2689 ή
804 2614 1024 2691 πρᾶξις,
1052 2615 1113 2668 ού
1148 2614 1307 2684 μόνον
1335 2615 1485 2684 παρὰ
1516 2614 1625 2668 τῶν
1651 2614 1915 2685 ἠδικημέ-

331 2729 458 2775 νων,
478 2711 619 2764 ἀλλὰ
640 2710 734 2763 κοιλ⁸
758 2707 911 2780 παρὰ
931 2706 1040 2761 τῶν
1074 2705 1292 2770 οἰκείως
1315 2707 1451 2778 πρὸς
1471 2707 1635 2760 αὑτὸν
1657 2708 1910 2777 ἐχόντων,

330 2803 538 2856 δίκαιον
578 2800 699 2854 κατ’
745 2798 909 2854 αὐτοῦ
957 2800 1113 2868 μῖσος
1153 2799 1472 2870 εἰργάσατο.
1527 2798 1913 2871 Προσέκρουσέ

328 2912 389 2947 τε
416 2894 512 2947 καὶ
539 2892 692 2962 αύτῷ
717 2892 794 2962 τῷ
820 2890 1032 2962 βασιλεῖ
1074 2891 1162 2944 διά
1201 2907 1260 2943 τε
1294 2890 1474 2953 τοῦτο,
1504 2891 1598 2943 καὶ
1623 2889 1691 2943 δι’
1717 2891 1915 2962 ἑτέραν

330 2988 506 3039 αἰτίαν
536 2985 771 3039 τοιάνδε·
802 2978 861 3050 '0
890 2979 1038 3045 οἶκος
1059 2982 1187 3036 ἔνθα
1215 2985 1249 3053 ἡ
1272 2982 1479 3054 λάρναξ
1511 2985 1568 3036 ὲν
1668 2982 1730 3036 τὸ
1754 2983 1914 3054 σῶμα

328 3079 420 3132 τοῦ
452 3077 721 3149 βασιλέως
752 3075 1166 3131 Κωνσταντίνου
1200 3075 1479 3137 ἀπέκειτο,
1519 3077 1730 3130 πτῶσιν
1756 3078 1910 3147 ὴπεί-

2020 1894 2172 1940 metu
2198 1886 2438 1957 perculsi
2462 1884 2730 1943 Arianum
2762 1889 2959 1959 dogma
2982 1890 3345 1960 susciperent.
3379 1892 3486 1947 Sed
3507 1893 3603 1963 qui

2019 1977 2346 2032 Mantinium
2372 1978 2711 2046 incolebant,
2740 1979 2948 2050 ingenti
2974 1980 3173 2036 ardore
3206 1982 3274 2037 ad
3303 1993 3463 2038 sectae
3492 2001 3603 2040 sua:

2019 2067 2395 2123 defensionem
2420 2069 2656 2135 incitati,
2687 2070 3071 2140 desperatione
3098 2079 3358 2138 tanquam
3389 2075 3498 2129 telo
3520 2076 3605 2130 usi

2018 2168 2149 2215 sunt
2185 2161 2449 2217 adversus
2474 2162 2716 2229 milites;
2768 2164 3038 2233 multique
3084 2164 3141 2218 in
3184 2181 3356 2220 unum
3405 2182 3603 2237 agmen

2017 2250 2254 2315 collecti,
2268 2251 2448 2323 longis
2463 2252 2697 2308 falcibus
2716 2254 2950 2324 arreptis
2971 2270 3035 2309 ac
3054 2256 3344 2313 securibus
3366 2266 3422 2314 et
3442 2259 3604 2330 quid-

2016 2338 2150 2409 quid
2180 2340 2248 2395 ad
2275 2357 2498 2398 manum
2533 2350 2673 2411 erat,
2704 2345 2970 2401 militibus
3010 2359 3391 2405 occurrerunt.
3434 2352 3602 2408 Com-

2019 2431 2185 2487 misso
2207 2425 2380 2505 igitur
2400 2437 2618 2506 proelio,
2640 2453 2707 2492 ex
2727 2432 3169 2510 Paphlagonibus
3193 2442 3415 2512 quidem
3445 2447 3604 2501 multi

2016 2521 2428 2591 occubuerunt;
2475 2524 2636 2597 15.8
2670 2526 2874 2581 milites
2913 2542 3067 2593 vero,
3102 2531 3296 2599 paucis
3336 2535 3601 2604 exceptis,

2016 2617 2143 2671 cassi
2186 2625 2316 2673 sunt
2367 2619 2632 2701 universi.
2664 2621 2790 2676 Haec
2836 2637 2940 2692 ego
2986 2638 3054 2676 ex
3112 2625 3319 2680 rustico
3363 2629 3605 2697 quodam

2016 2704 2362 2776 Paphlagone
2383 2709 2592 2777 accepi,
2609 2708 2705 2777 qui
2725 2724 2783 2763 se
2802 2711 2999 2779 prmlio
3023 2711 3343 2770 interfuisse
3364 2714 3603 2772 dicebat.

2017 2793 2123 2850 Sed
2162 2803 2219 2850 et
2246 2796 2339 2851 alii
2365 2798 2525 2853 multi
2553 2798 2926 2870 Paphlagones
2957 2802 3103 2857 idem
3150 2804 3444 2861 afﬁrmant.
3486 2808 3604 2863 Hu-

2008 2887 2250 2958 jusmodi
2287 2898 2415 2945 sunt
2434 2889 2737 2946 Macedonii
2758 2893 3017 2962 praeclara
3045 2895 3310 2963 facinora,
3348 2915 3470 2968 quae
3502 2917 3604 2971 pro

2014 2975 2455 3034 Christianorum
2508 2981 2776 3051 religione
2822 2984 3028 3052 gessit:
3087 2986 3264 3041 caedes
3316 2989 3601 3057 videlicet,

2014 3085 2230 3141 pugnas,
2280 3073 2627 3143 captivitates
2664 3082 2721 3128 et
2749 3076 2890 3130 bella
2921 3076 3125 3131 civilia.
3168 3080 3339 3134 Porro
3372 3082 3478 3138 hoc
3516 3083 3602 3139 fa-

329 3171 430 3228 λει.
462 3166 646 3228 Ἦσαν
678 3168 773 3227 οὖν
805 3172 893 3226 διὰ
921 3171 1083 3226 τοῦτο
1104 3172 1234 3226 οἵτε
1267 3172 1714 3242 εἰσπορευόμενοι
1748 3170 1843 3223 καὶ
1864 3171 1912 3222 οἱ

2016 3162 2175 3219 ciuus
2208 3164 2533 3231 Macedonii,
2567 3183 2678 3222 non
2704 3168 2883 3223 solum
2913 3169 3058 3239 apud
3086 3186 3182 3226 eos
3217 3188 3356 3242 quos
3400 3175 3604 3246 injuria

330 3266 794 3340 προσεδρεύοντες
820 3264 929 3336 (61)
958 3265 1053 3318 καὶ
1093 3264 1380 3335 εὐχόμενοι
1416 3266 1473 3316 ὲν
1519 3262 1672 3333 φόϐῳ
1712 3260 1909 3332 πολλῷ.

342 3358 400 3412 ’0
436 3354 531 3413 οὖν
561 3357 896 3421 Μακεδόνιος
939 3355 1299 3410 ὲδουλεύσατο
1340 3355 1667 3425 μεταφέρειν
1712 3354 1781 3407 τὰ
1818 3353 1911 3406 τοῦ

332 3450 597 3522 βασιλέως
622 3451 775 3515 ὀστᾶ,
808 3451 958 3512 ὅπως
982 3449 1048 3503 ἂν
1083 3450 1161 3521 μὴ
1198 3448 1405 3519 συληθῇ
1431 3447 1542 3518 (62)
1584 3449 1616 3517 ἠ
1642 3447 1784 3518 θήκη
1805 3447 1911 3499 ὑπὸ

328 3542 421 3595 τοῦ
463 3537 783 3613 πτώματος.
828 3538 1000 3595 Τοῦτο
1044 3542 1265 3610 γνόντες
1314 3543 1362 3593 οἱ
1409 3540 1545 3605 λαοὶ,
1586 3540 1911 3593 διακωλύειν

329 3635 668 3706 ἐπεχείρουν,
706 3634 1008 3702 φάσκοντες
1040 3633 1115 3705 μὴ
1139 3634 1248 3686 δεῖν
1274 3631 1365 3685 τοῦ
1396 3631 1659 3702 βασιλέως
1688 3632 1754 3684 τὰ
1778 3633 1911 3685 ὀστᾶ

330 3724 766 3796 μεταφέρεσθαν
802 3725 914 3778 ἴσον
942 3724 1050 3795 γὰρ
1082 3719 1220 3777 εἶναι
1257 3723 1317 3777 τὸ
1338 3722 1749 3793 ἁνορύττεσθαι.
1782 3725 1908 3795 Διῃ-

331 3816 523 3886 ροῦντό
552 3833 613 3868 τε
641 3815 805 3878 εὐθὺς
835 3817 882 3868 οἱ
908 3812 1027 3868 λαοὶ
1052 3818 1132 3879 εἰς
1153 3814 1246 3868 δύο
1269 3814 1535 3886 τμήματα
1555 3830 1566 3844 ο
1595 3815 1687 3867 καὶ
1709 3816 1758 3868 οἱ
1788 3815 1906 3883 μὲν,

330 3909 499 3979 μηδὲν
573 3907 906 3977 βλάπτεσθαι
972 3907 1033 3960 τὸ
1104 3906 1504 3977 μεταφέρεσθαι
1568 3906 1660 3959 τὸν
1718 3907 1909 3977 νεκρὸν

329 4000 568 4068 ἔφασκον
592 4014 605 4027 ⁸
630 4000 679 4052 οί
708 3999 785 4059 δὲ,
812 4000 1024 4052 ἀνόσιον
1052 3998 1234 4065 ἔλεγον
1256 3998 1316 4050 τὸ
1337 3998 1675 4067 γιγνόμενον.
1699 3998 1908 4068 Συνήρ-

328 4092 481 4162 χοντό
512 4109 571 4145 τε
606 4092 702 4144 καὶ
722 4091 773 4142 οἱ
800 4089 894 4143 τοῦ
916 4089 1203 4160 όμοουσίου
1230 4091 1593 4159 φρονήματος,
1623 4087 1700 4157 τῷ
1734 4104 1911 4155 γιγνοο

333 4182 477 4254 μένῳ
513 4182 857 4253 ἀντέχοντες.
900 4182 958 4234 '0
979 4182 1036 4234 δὲ
1066 4181 1396 4244 Μακεδόνιος
1426 4183 1599 4251 μικρὰ
1634 4181 1740 4235 τῶν
1764 4181 1911 4252 αὐτῷ

331 4275 720 4343 ἀντιλεγόντων
773 4275 1089 4343 φροντίσας,
1141 4271 1439 4343 μεταφέρει
1490 4273 1550 4326 τὸ
1604 4273 1761 4342 σῶμα
1816 4274 1911 4325 τοῦ

333 4366 596 4436 βασιλέως
621 4369 700 4430 εἰς
727 4366 827 4434 τὴν
854 4365 1169 4434 ἐκκλησίαν,
1205 4368 1262 4419 ἐν
1350 4367 1410 4419 τὸ
1442 4365 1599 4436 σῶμα
1627 4350 1726 4417 ’τοῦ
1771 4366 1914 4435 μάρ-

2016 3257 2296 3322 affecerat,
2345 3274 2536 3312 verum
2560 3259 2727 3313 etiam
2751 3260 2897 3329 apud
2950 3276 3080 3314 suos
3138 3261 3349 3331 justum
3410 3273 3603 3322 contra

2015 3349 2196 3419 ipsum
2217 3349 2407 3405 odium
2433 3351 2712 3405 excitavit.
2738 3351 2921 3421 Ipsum
2955 3367 3175 3422 quoque
3214 3354 3601 3424 imperatorem

2014 3442 2245 3498 offendit
2266 3442 2634 3507 Macedonius,
2667 3450 2781 3498 tum
2812 3444 2885 3498 ob
2929 3443 3071 3499 hanc
3113 3462 3277 3515 quam
3302 3446 3450 3511 dixi,
3483 3456 3600 3503 tum

2012 3534 2085 3589 ob
2112 3535 2275 3590 aliam
2298 3534 2609 3605 hujusmodi
2632 3550 2850 3589 causam
2878 3553 2891 3588 :
2920 3534 3082 3590 dides
3107 3536 3163 3590 in
3188 3552 3297 3607 qua
3328 3547 3446 3593 erat
3475 3555 3601 3596 arca

2009 3642 2130 3697 quae
2174 3628 2522 3700 imperatoris
2558 3630 2903 3686 Constantini
2954 3633 3214 3702 reliquias
3261 3636 3598 3704 continebat,

2009 3721 2226 3775 ruinam
2267 3719 2469 3776 minari
2493 3722 2806 3777 videbatur.
2832 3723 3010 3793 Atque
3034 3725 3240 3780 idcirco
3267 3734 3382 3781 tum
3423 3728 3461 3782 ii
3502 3732 3601 3801 qui

2010 3811 2065 3866 in
2095 3812 2268 3867 azdem
2302 3813 2627 3878 introibant,
2652 3824 2765 3868 tum
2792 3815 2886 3883 qui
2915 3815 3025 3871 illic
3055 3818 3350 3873 manebant
3385 3829 3442 3875 et
3469 3836 3598 3891 pre-

2008 3905 2294 3969 cabantur,
2329 3906 2568 3959 maximo
2610 3905 2664 3959 in
2691 3913 2841 3959 metu
2887 3916 3047 3960 erant
3079 3910 3384 3965 constituti.
3418 3912 3596 3967 Mace—

2007 3995 2208 4052 donius
2232 3997 2397 4067 igitur
2417 3997 2764 4066 imperatoris
2780 3998 3045 4066 reliquias
3058 4002 3364 4058 transferre
3382 4005 3595 4069 statuit,

2007 4103 2081 4144 ne
2127 4104 2253 4143 arca
2281 4089 2440 4143 ruina
2470 4089 2794 4143 violaretur.
2822 4090 2978 4155 Quod
3027 4107 3150 4146 cum
3196 4096 3433 4163 populus
3477 4097 3595 4153 fieri

2010 4181 2375 4250 cognovisset,
2401 4180 2667 4250 impedire
2688 4190 2919 4237 conatus
2937 4191 3039 4245 est,
3064 4184 3214 4239 nefas
3237 4201 3356 4240 esse
3380 4187 3590 4254 dicens,

2014 4272 2358 4342 imperatoris
2380 4288 2502 4327 ossa
2534 4271 2845 4326 transferri:
2877 4274 3104 4343 perinde
3134 4275 3281 4330 enim
3308 4293 3428 4333 esse
3458 4294 3522 4334 ac
3546 4280 3591 4335 si

2012 4365 2405 4420 effoderentur.
2438 4364 2741 4433 Statimque
2772 4366 3007 4435 populus
3046 4368 3183 4424 duas
3219 4370 3274 4423 in
3303 4380 3486 4435 partes
3508 4373 3595 4426 di.

1536 4542 1805 4598 VALESll
1842 4542 2390 4599 ANNOTATlONES.

405 4682 481 4753 (6!
495 4678 861 4757 )_'H_a'a_r_oi)r
879 4682 977 4737 διὰ
994 4683 1047 4757 oi
1069 4679 1594 4757 προσεδρεύοτῖες.
1616 4678 1799 4757 .llujus
1819 4679 1912 4757 loc1

2030 4680 2290 4757 dicuntur
2338 4682 2812 4757 προσεδρεύοντες.
2864 4685 3036 4752 Quam
3083 4686 3592 4757 interpretationem

331 4749 642 4807 emendatio
665 4752 899 4807 debetur
919 4753 1092 4807 codici
1120 4750 1410 4805 Allatiano.
1445 4749 1579 4803 Nam
1615 4749 1669 4802 iu
1704 4750 1910 4804 nostris

333 4822 614 4877 codicibus
629 4822 948 4877 Florentino
970 4838 1032 4877 ac
1050 4821 1325 4875 Sfortiano
1349 4820 1437 4873 hic
1461 4821 1612 4873 locus
1634 4835 1739 4873 una
1768 4819 1909 4874 dun-

334 4900 477 4946 taxat
499 4907 637 4946 voce
668 4893 885 4945 auctior
930 4899 1069 4956 erat,
1124 4892 1227 4944 hoc
1268 4891 1433 4943 modo
1463 4906 1473 4941 :
1503 4885 1642 4958 ἦσαν
1693 4886 1784 4942 οὖν
1818 4891 1907 4944 διὰ

331 4962 486 5015 τοῦτο
511 4965 582 5023 οἱ,
613 4971 722 5016 etc.
754 4961 860 5016 Sed
904 4962 1153 5015 lacunam
1193 4961 1459 5030 integram
1493 4960 1708 5028 supplet
1733 4960 1903 5015 codex

331 5030 531 5097 Allatii,
568 5032 658 5086 cui
697 5031 971 5086 consentit
1003 5030 1341 5101 Epiphanius
1378 5030 1766 5085 Scholasticus.
1815 5031 1904 5087 Sic

332 5103 471 5157 enim
506 5103 675 5157 vertit
722 5102 872 5157 hunc
900 5100 1081 5155 locum
1117 5117 1129 5153 :
1159 5101 1380 5169 Ideoque
1418 5100 1650 5154 custodes
1698 5102 1809 5170 ejus
1854 5113 1903 5155 et

334 5173 418 5239 qui
450 5175 517 5227 ad
555 5174 851 5226 orationem
881 5173 1173 5233 intrabant,
1208 5180 1357 5223 erant
1392 5173 1543 5240 positi
1573 5172 1665 5224 sub
1694 5174 1894 5226 timore.

333 5241 594 5298 Custodes
629 5243 1026 5313 interpretatur
1064 5241 1423 5313 Epiphanius,
1470 5242 1564 5311 qui
1602 5258 1633 5295 a
1674 5241 1899 5298 Socrate

2018 4767 2126 4809 non
2161 4753 2355 4827 probo.
2385 4752 2552 4827 Magis
2574 4754 2753 4822 placet
2777 4752 3391 4827 cobg_nposaopsdevta;
3418 4758 3594 4814 inter--

2015 4823 2373 4895 pretarieos.
2415 4824 2839 4895 quimorantur
2871 4822 3080 4881 diutius
3124 4822 3176 4881 i'n
3238 4829 3489 4893 ecclesia,
3539 4843 3593 4885 et

2013 4894 2278 4966 orationis
2316 4909 2476 4948 causa
2501 4894 2876 4966 illicusedent.
2940 4896 2994 4951 Si
3055 4899 3180 4966 quis
3241 4907 3421 4954 tamen
3464 4901 3595 4955 aedi-

2016 4964 2515 5040 tuosinuterpretari
2542 4962 2714 5040 malit,
2741 4980 2847 5040 non
2878 4962 3205 5040 magnpperc
3256 4970 3588 5040 repugnabo.

2086 5034 2194 5106 (69.)
2215 5035 2505 5108 "0.10.3051?
2527 5033 2611 5102 μὴ
2637 5033 2987 5108 συλληφθῇ
3020 5033 3361 5108 Epiphanius
3387 5033 3546 5095 vertit
3578 5061 3590 5091 ;

2009 5104 2101 5159 Ne
2126 5121 2307 5157 arcam
2343 5107 2509 5158 ruina:
2537 5119 2697 5175 casus
2729 5104 3259 5175 comprintere—thcd
3304 5111 3356 5163 in
3405 5112 3592 5165 οοάὶου

2010 5176 2288 5298 δίοὲιίαηο
2353 5175 2618 5244 scriptum
2686 5173 2873 5230 inveni
2932 5178 3166 5250 συληθῇ,
3212 5180 3357 5250 quod
3424 5181 3594 5251 magis

2010 5261 2108 5298 bro
2151 5260 2202 5298 ο.

2007 5260 2202 5314 prono.

1781 5405 2140 5461 VARIORUM
2150 5447 2160 5458 .

337 5520 495 5576 tidem
531 5522 686 5577 urbis
715 5538 747 5576 a
772 5519 1087 5593 Macedonio
1121 5521 1297 5576 factus
1325 5524 1633 5593 episcopus,
1666 5523 1815 5593 prius
1851 5522 1906 5574 in

337 5594 528 5659 palatio
558 5592 847 5664 splendide
872 5592 1216 5664 militaverat.
1249 5592 1550 5664 Vir’bonu’s
1584 5594 1748 5647 fuisse
1774 5592 1908 5645 dici-

339 5663 779 5733 t_ur;acerrimus
807 5670 989 5717 tamen
1030 5663 1081 5716 in
1123 5663 1385 5733 vexandis
1440 5664 1507 5717 iis
1558 5665 1650 5733 qui
1703 5664 1899 5717 Filium

339 5730 475 5793 Patri
508 5733 1032 5793 consubstantialem
1074 5732 1480 5822 profitebantur.
1513 5730 1774 5807 (szom.,
1800 5734 1892 5788 lib.

697 5824 967 5912 PATaoL.
1015 5828 1128 5888 GR.
1178 5826 1385 5887 LXVII
1400 5876 1407 5883 ..

2012 5522 2458 5665 Νῗξλρῖἓονὲῗιέας
2494 5593 2798 5665 ἀριθμούς.
2831 5594 3061 5649 Photius
3114 5594 3282 5665 habet
3323 5593 3595 5665 τέσσαρας

2016 5662 2322 5735 φάλαγγας.
2382 5662 2738 5735 Nicephorus
2791 5664 3260 5735 τετρακισχιλίους
3324 5662 3596 5735 ξιφήρεις.

2016 5731 2304 5788 Sozomen.
2334 5731 2571 5803 τέσσαρα
2600 5734 2870 5804 τάγματα.

3165 5824 3230 5889 11
