4026 6338
513 407 620 463 555

2000 403 2332 462 SOCRATIS

3680 415 3788 475 356

515 519 629 586 nia,
666 529 723 576 et
753 520 847 575 alii
885 521 1126 590 quidam.
1163 520 1277 587 Qua
1306 535 1373 572 ex
1405 534 1463 573 re
1487 519 1672 589 gravis
1700 518 1843 573 inter
1883 534 1979 575 eos
2007 522 2102 590 qui

2210 526 2270 577 οἱ
2304 524 2402 594 μὲν
2432 523 2541 594 γὰρ
2562 527 2688 589 τοὺς
2731 525 2880 595 βίους
2921 528 3028 582 τῶν
3075 532 3562 603 κατηγορουμένων
3589 533 3789 606 πρότε·

516 614 746 669 aderant
775 614 1054 669 contentio
1083 619 1273 667 exorta
1298 619 1400 667 est.
1433 611 1568 666 Nam
1602 613 1658 667 hi
1693 611 1914 682 quidem
1936 611 2103 666 vitam

515 720 710 760 eorum
736 704 832 774 qui
880 705 936 759 in
976 705 1187 759 crimen
1223 704 1404 759 vocati
1437 703 1678 770 fuerant,
1720 704 1877 775 prius
1916 704 2099 760 discu-

519 796 761 851 tiendam
793 811 915 851 esse
954 795 1213 850 dicebant
1244 812 1257 847 :
1297 794 1378 848 illi
1410 803 1603 850 contra
1638 794 1778 850 nihil
1803 794 1959 865 prius
1982 810 2105 850 esse

516 887 873 959 quaerendum
898 887 1214 951 censebant,
1236 902 1401 957 quam
1426 885 1494 941 de
1525 886 1650 942 ﬁde.
1681 885 2102 942 Contentionem

517 995 684 1050 porro
711 978 970 1035 excitavit
994 979 1147 1033 varia
1176 974 1532 1048 imperatoris
1576 978 1869 1032 sententia.
1912 976 2102 1033 Profe-

518 1071 784 1125 rebantur
832 1069 982 1125 enim
1016 1070 1138 1142 ejus
1174 1069 1397 1133 littera,
1440 1069 1644 1140 quibus
1682 1085 1833 1124 nunc
1880 1068 1949 1124 de
1999 1068 2104 1124 hoc

515 1164 692 1234 capite
725 1161 880 1233 prius
904 1161 1261 1232 quarendum
1290 1177 1410 1217 esse
1439 1162 1657 1228 aiebat;
1693 1176 1841 1216 nunc
1871 1160 1939 1216 de
1974 1160 2099 1216 isto.

486 1255 651 1310 "Cum
675 1254 840 1326 igitur
870 1254 973 1308 hac
1002 1253 1070 1308 de
1101 1269 1161 1308 re
1187 1253 1331 1308 inter
1352 1268 1409 1308 se
1439 1251 1857 1317 contenderent,
1898 1249 2101 1305 factum

518 1353 606 1399 est
644 1342 938 1399 dissidium
971 1343 1381 1414 episc0porum.
1432 1341 1610 1412 Atque
1652 1340 1769 1396 hac
1818 1340 1922 1395 fuit
1950 1339 2104 1410 origo

516 1445 574 1491 et
612 1450 777 1490 causa
805 1450 907 1490 cur
949 1431 1321 1488 Seleuciensis
1360 1446 1582 1502 quoque
1608 1430 1849 1503 synodus
1880 1429 2018 1485 duas
2047 1430 2100 1483 in

516 1535 700 1597 partes
729 1526 1102 1581 dirimeretur.
1133 1524 1203 1579 Et
1227 1524 1456 1579 alterius
1484 1522 1708 1594 quidem
1736 1521 1911 1593 partis
1936 1521 2103 1577 duces

516 1629 675 1675 erant
690 1618 1193 1675 AcaciusCasarea
1206 1615 1511 1671 Palastina
1522 1611 2103 1685 episcopus,Georgius

515 1710 880 1776 Alexandriae,
904 1709 1142 1766 Uranius
1178 1707 1330 1780 Tyri,
1354 1715 1411 1762 et
1444 1705 1728 1761 Eudoxius
1754 1704 2059 1760 Antiochia
2086 1721 2098 1757 :

514 1800 719 1872 quibus
740 1800 963 1871 triginta
995 1800 1262 1855 duntaxat
1285 1797 1379 1853 alii
1396 1796 1832 1853 consentiebant.
1863 1795 2103 1851 Alterius

493 1908 648 1949 'vero
683 1893 860 1964 partis
886 1893 1167 1964 principes
1201 1899 1363 1947 erant
1404 1890 1672 1962 Georgius
1712 1889 1997 1945 Laodicea
2047 1889 2104 1945 in
2136 1881 2176 1937 Β

518 1986 676 2058 Syria
715 1986 1044 2057 cpiscopus,
1089 1984 1435 2061 sophronius
1476 1981 1881 2053 Pompeiopolis
1906 1981 1964 2035 in
1995 1981 2100 2036 Pa-

517 2078 830 2150 phlagonia,
855 2076 1111 2132 Eleusius
1131 2076 1347 2149 Cyzici;
1381 2090 1521 2146 quos
1542 2075 1718 2145 major
1749 2088 1877 2145 pars
1902 2087 2099 2143 seque-

518 2171 701 2226 batur.
735 2170 908 2224 Porro
934 2184 1058 2223 cum
1092 2168 1469 2239 pravaluisset
1496 2165 1768 2222 sententia
1802 2171 1863 2220 ut
1895 2164 1963 2219 de
1996 2163 2101 2218 ﬁde

504 2260 676 2331 'prius
696 2266 1060 2329 quaereretur,
1089 2257 1125 2312 ii
1156 2257 1252 2328 qui
1289 2272 1321 2311 a
1357 2255 1612 2328 partibus
1643 2253 1827 2309 Acacii
1862 2253 2099 2319 stabant,

519 2354 795 2409 Nicanam
846 2352 1014 2408 ﬁdem
1062 2351 1288 2422 penitus
1333 2349 1709 2420 abrogarunt;
1764 2347 1926 2402 aliam
1972 2360 2104 2402 vero

517 2442 974 2500 conscribendam
1027 2456 1151 2497 esse
1213 2439 1614 2512 signiﬁcarunt.
1672 2438 1914 2494 Alterius
1970 2450 2104 2492 vero

518 2536 691 2607 partis
722 2534 990 2606 episcopi,
1024 2533 1120 2604 qui
1143 2541 1201 2588 et
1221 2547 1456 2587 numero
1488 2530 1805 2602 superiores
1835 2536 2013 2595 erant,
2045 2528 2102 2584 in

512 2629 748 2700 reliquis
790 2627 1011 2698 quidem
1045 2626 1305 2682 omnibus
1342 2625 1622 2682 Nicanum
1650 2623 1945 2680 concilium
1979 2637 2103 2677 sus-

518 2720 795 2791 cipiebant
843 2737 856 2773 :
896 2719 1067 2774 solam
1093 2727 1276 2773 autem
1299 2717 1597 2772 dictionem
1623 2713 2106 2771 consubstantialis

521 2810 1020 2883 reprehendebant.
1047 2809 1184 2866 Cum
1213 2809 1381 2881 igitur
1404 2823 1601 2879 magna
1629 2806 1929 2863 verborum
1968 2819 2104 2860 con-

521 2904 767 2960 tentione
821 2904 966 2959 inter
1005 2918 1064 2958 se
1107 2908 1411 2957 certassent
1457 2915 1630 2971 usque
1684 2899 1750 2953 ad
1793 2911 2102 2968 vesperam,

521 2992 742 3048 tandem
787 2992 1044 3047 Silvanus
1088 2989 1378 3046 Tarsensis
1420 2988 1680 3046 Ecclesia
1722 2987 1925 3058 prasul
1958 2986 2106 3043 elata

2210 634 2302 689 ρον
2330 618 2654 689 ἐρευνᾶσθαι
2697 618 2914 689 ἔλεγον
2964 624 3012 676 οἱ
3039 622 3096 676 δὲ
3146 623 3253 696 πρὸ
3299 624 3400 694 τῆς
3432 624 3670 690 πίστεως
3706 629 3787 699 μὴ

2208 705 2522 777 προτιθέναι
2570 709 2811 780 ζήτημα.
2869 711 3068 767 Ἐκίνει
3098 714 3167 768 δὲ
3215 714 3315 784 τὴν
3371 716 3703 784 φιλονεικίαν
3750 719 3785 786 ή

2205 796 2459 870 διάφορος
2479 798 2572 852 τοῦ
2605 798 2869 870 βασιλέως
2894 802 3108 876 γνώμη.
3142 805 3454 877 Γράμματα
3477 808 3586 878 γὰρ
3613 808 3785 862 αὑτοῦ

2205 889 2608 962 προσεφέρετο,
2661 890 2760 947 νῦν
2813 895 2914 963 μὲν
2957 895 3224 968 πρότερον
3277 897 3439 951 τοῦτο
3501 897 3787 969 ζητεῖσθαι

2204 981 2520 1049 κελεύοντα,
2556 982 2652 1037 νῦν
2693 984 2753 1039 δὲ
2790 985 2853 1039 τὸ
2895 985 3101 1059 ἕτερον.
3134 989 3269 1061 Περὶ
3308 989 3502 1042 τούτου
3546 986 3639 1045 οὖν
3677 992 3786 1063 τῆς

2204 1074 2537 1145 φιλονεικίας
2580 1075 2906 1148 γινομένης,
2956 1078 3163 1150 σχίσμα
3207 1082 3290 1145 είς
3335 1082 3464 1146 τοὺς
3506 1082 3789 1154 παρόντας

2204 1164 2473 1238 ἐχώρησε.
2513 1166 2626 1221 Καὶ
2669 1166 2809 1239 αὕτη
2857 1168 3051 1238 γέγονε
3098 1174 3424 1244 προφάσεως
3468 1175 3612 1246 ἀρχὴ
3634 1214 3649 1237 ,
3683 1175 3787 1229 τοῦ

2204 1259 2299 1312 καὶ
2326 1258 2425 1332 τὴν
2453 1260 2510 1312 ὲν
2545 1259 2838 1333 Σελευκείᾳ
2865 1263 2944 1328 εἰς
2979 1259 3073 1317 δύο
3109 1265 3247 1335 μέρη
3280 1264 3616 1335 διαιρεθῆναι
3662 1267 3790 1320 σύν-

2204 1347 2339 1402 οδον.
2392 1348 2652 1417 Ἡγοῦντο
2692 1350 2749 1403 δὲ
2786 1349 2881 1404 τοῦ
2927 1350 3027 1420 μὲν
3059 1349 3175 1414 ένδς
3215 1351 3415 1422 μέρους
3467 1352 3725 1415 Ἀκάκιος
3759 1355 3790 1405 ὁ

2204 1439 2302 1511 τῆς
2331 1440 2389 1493 ὲν
2419 1440 2752 1513 Παλαιστίνῃ
2801 1441 3140 1512 Καισαρείας
3161 1482 3175 1506 ,
3203 1441 3478 1513 Γεώργιος
3529 1443 3790 1509 Ἀλεξαν-

2202 1530 2405 1602 δρείας,
2437 1531 2700 1603 Οὐράνιος
2740 1533 2945 1604 Τύρου,
2979 1532 3255 1599 Εὑδόξιος,
3300 1533 3633 1603 Ἀντιοχείας
3657 1553 3671 1566 ·
3700 1528 3790 1597 οἷς

2202 1622 2497 1693 τριάκοντα
2533 1623 2627 1677 δύο
2658 1624 2817 1694 μόνον
2853 1623 3112 1696 συνῄνουν
3142 1625 3312 1680 ἄλλοι.
3343 1624 3451 1679 Τοῦ
3477 1626 3533 1679 δὲ
3562 1626 3789 1697 ἑτέρου,

2204 1715 2246 1771 Γ
2249 1713 2480 1787 εὼργιος
2547 1714 2868 1780 Λαοδικείας
2907 1717 3031 1788 ’τῆς
3090 1717 3148 1771 έν
3212 1716 3418 1788 Συρίᾳ,
3477 1718 3792 1789 Σωφρόνιος

2205 1808 2708 1879 Πομπηϊουπῶεως
2734 1807 2837 1878 τῆς
2865 1809 2925 1862 ὲν
2957 1808 3333 1880 Παφλαγονία,
3375 1807 3652 1872 Ἐλεύσιος
3681 1810 3795 1863 Κυι-

2206 1900 2381 1967 ζίκου,
2409 1895 2491 1965 οἷς
2518 1899 2847 1972 ἠκολούθουν
2871 1900 2922 1954 οἱ
2951 1899 3214 1963 πλείονες.
3252 1900 3342 1964 Ὠς
3366 1894 3459 1954 οὖν
3486 1898 3792 1970 ἐπεκράτει

2204 1992 2266 2046 τὸ
2294 1992 2562 2067 πρότερον
2595 1991 2877 2063 ζητεῖσθαι
2900 1992 3030 2063 περὶ
3058 1991 3160 2061 τῆς
3194 1991 3453 2056 πίστεως,
3482 1993 3532 2045 οἱ
3561 1991 3660 2062 μὲν
3688 1991 3790 2045 τοῦ

2207 2084 2407 2155 μέρους
2469 2083 2763 2148 Ἀκακίου,
2816 2082 2916 2153 τὴν
2962 2084 3021 2135 ὲν
3048 2082 3256 2153 Νικαίᾳ
3304 2080 3487 2136 πίστιν
3524 2080 3792 2152 φανερῶς

2202 2172 2477 2245 ἠθέτησαν
2497 2214 2513 2239 ,
2544 2171 2713 2242 ἀλλην
2758 2188 2819 2225 τε
2865 2170 3048 2224 πίστιν
3082 2168 3453 2240 ὑπαγορεύειν
3486 2169 3791 2239 ᾐνιττοντο.

2205 2266 2268 2319 Οἱ
2293 2264 2350 2318 δὲ
2380 2264 2474 2319 τοῦ
2502 2263 2691 2337 ἑτέρου
2728 2263 2929 2335 μέρους
2954 2264 3003 2317 οἱ
3031 2261 3109 2333 τῷ
3131 2261 3348 2335 ἀριθμῷ
3373 2260 3790 2325 πλεονάζοντες,

2202 2357 2272 2412 τὰ
2302 2356 2399 2427 μὲν
2422 2356 2557 2412 ἄλλα
2576 2355 2753 2411 πάντα
2769 2355 2871 2426 τῆς
2891 2355 2949 2409 ὲν
2971 2355 3019 2408 Ν
3026 2354 3178 2426 ικαίᾳ
3194 2354 3413 2407 συνόδου
3436 2351 3787 2422 ἀπεδέχοντο·

2207 2448 2377 2518 μόνην
2400 2446 2457 2500 δὲ
2488 2446 2586 2518 τὴν
2613 2445 2899 2517 όμοουσίου
2936 2443 3082 2509 λέξιν
3110 2444 3440 2515 ἐμέμφοντο.
3481 2441 3660 2496 Πολλὰ
3690 2437 3792 2496 οὖν

2204 2539 2337 2612 ἄχρι
2376 2538 2557 2611 δείλης
2595 2537 2753 2610 ὀψίας
2800 2536 2937 2610 πρὸς
2990 2535 3253 2607 ἀλλήλους
3305 2533 3789 2605 φιλονεικούντων.

2204 2631 2359 2696 τέλος
2408 2630 2668 2695 Σιλϐανδς
2710 2630 2810 2701 τῆς
2859 2627 3074 2700 Ταρσοῦ
3121 2625 3400 2701 προεστὼς
3455 2625 3791 2696 Ἐκκλησίας

2209 2718 2352 2790 μέγα
2374 2720 2670 2791 ἀνέκραγε,
2687 2719 2860 2788 λέγων
2886 2718 2961 2789 μὴ
2989 2719 3185 2788 χρῆναι
3212 2715 3402 2787 καινὴν
3423 2714 3791 2786 ὑπαγορεύειν

2207 2811 2445 2876 πίστεως
2474 2810 2688 2865 ἔκδοσιν
2709 2851 2724 2877 ,
2756 2808 2895 2863 ἀλλὰ
2931 2809 3029 2879 τὴν
3059 2808 3159 2879 ἤδη
3190 2809 3457 2878 πρότερον
3485 2806 3544 2859 ὲν
3581 2806 3791 2858 Ἀντιο-

2205 2902 2331 2977 χείᾳ
2347 2905 2457 2968 τοῖς
2478 2902 2777 2972 ὲγκαινίοις
2795 2901 3263 2972 ὑπαγορευθεῖσαν
3284 2898 3518 2968 ὀφείλειν
3537 2899 3789 2970 κρατεῖν.

2206 2993 2410 3051 Τούτου
2441 2992 2755 3065 λεχθέντος,
2782 2992 2830 3045 oi
2859 2992 2956 3063 μὲν
3001 2990 3128 3064 περὶ
3171 2991 3421 3045 ’Λκάκιον
3446 2986 3754 3059 ὑπεξῆλθον
3772 3002 3790 3017 ·

515 3100 652 3140 voce
677 3083 836 3149 dixit,
871 3084 1075 3138 nullam
1119 3088 1318 3139 novam
1351 3080 1479 3137 ﬁdei
1506 3080 1797 3136 formulam
1831 3077 2105 3134 conscribi

2210 3089 2259 3144 οί
2285 3088 2343 3142 δὲ
2372 3088 2465 3142 τοῦ
2511 3087 2700 3157 ἑτέρου
2749 3085 2968 3158 μέρους,
3023 3083 3397 3157 προεκόμισαν
3431 3080 3530 3153 τὴν
3564 3083 3624 3134 ὲν
3670 3080 3796 3133 Ἀνο

519 3185 797 3247 oportere,
832 3174 930 3230 sed
960 3174 1111 3229 illam
1143 3190 1265 3245 qua
1297 3172 1603 3229 Antiochia
1644 3171 1700 3225 in
1729 3169 1977 3226 ecclesiae
2005 3170 2105 3225 de-

2210 3178 2417 3251 τιοχείᾳ
2454 3176 2670 3241 πίστιν,
2704 3177 2797 3231 καὶ
2834 3175 3191 3243 ἀναγνόντες,
3214 3174 3464 3228 διέλυσαν
3509 3173 3568 3225 ὲν
3598 3170 3797 3243 ἐκείνῃ

520 3268 793 3324 dieatione
820 3267 1025 3337 scripta
1055 3275 1221 3333 esset,
1262 3275 1434 3321 ratam
1465 3280 1585 3320 esse
1611 3264 1833 3319 debere.
1868 3263 1983 3317 Hoc
2011 3261 2105 3317 ubi

2210 3273 2276 3342 τῇ
2298 3269 2480 3342 ἡμέρᾳ
2505 3269 2596 3323 τὸν
2625 3269 2899 3337 σύλλογον.
2936 3268 3015 3338 Τῇ
3045 3266 3102 3320 δὲ
3127 3267 3254 3336 ἑξῆς
3284 3266 3366 3328 εἰς
3393 3264 3485 3317 τὸν
3510 3265 3567 3317 ὲν
3595 3262 3798 3315 Σελευ-

521 3359 730 3413 dictum
775 3366 889 3422 est,
942 3355 1200 3411 Acaciani
1232 3369 1263 3409 e
1304 3355 1540 3411 concilio
1591 3369 1650 3409 se
1701 3354 2104 3409 subduxerunt.

2210 3363 2337 3434 κείᾳ
2385 3362 2674 3433 εύκτήριον
2726 3359 3069 3423 συνελθόντες
3119 3354 3300 3422 οἷκον,
3339 3358 3434 3412 καὶ
3477 3350 3577 3419 τὰς
3617 3354 3797 3426 θύρας

524 3450 771 3505 Alterius
819 3455 1004 3503 autem
1060 3447 1237 3518 partis
1267 3445 1544 3501 antistites
1587 3444 1751 3500 ﬁdem
1804 3446 2105 3502 Antiochia

2210 3451 2657 3515 ἀποκλείσαντες,
2685 3451 2783 3521 τὴν
2827 3448 3269 3518 ἀναγνωσθεῖσαν
3315 3446 3499 3501 πίστιν
3544 3444 3799 3513 ύπογρὰο

525 3542 782 3611 scriptam
798 3539 1155 3611 protulerunt
1188 3556 1200 3591 :
1236 3553 1343 3609 qua
1364 3536 1517 3607 151
1549 3536 1791 3607 perlecta
1813 3537 2105 3593 concilium

2212 3558 2402 3612 φοντες
2430 3541 2682 3611 έκύρουν.
2725 3539 3072 3611 ’Υπέγραφον
3093 3537 3149 3592 δὲ
3177 3538 3315 3609 ὑπὲρ
3345 3534 3798 3605 ἀπολειφθέντων

523 3648 593 3688 co
625 3635 713 3688 die
747 3633 1037 3688 dimissum
1083 3638 1186 3686 est.
1221 3628 1493 3685 Postridie
1542 3644 1668 3683 cum
1722 3630 1780 3685 in
1822 3629 2105 3685 ecclesiam

2210 3632 2377 3688 τινῶν
2426 3632 2691 3704 παρόντες
2741 3629 3087 3699 ἀναγνῶσται
3135 3630 3229 3682 καὶ
3275 3628 3545 3690 διάκονοι,
3592 3627 3663 3680 δι’
3718 3619 3799 3680 ὧν

524 3743 645 3799 qua
704 3725 969 3783 Seleucia
1012 3732 1116 3790 est,
1153 3722 1558 3788 convenissent,
1594 3722 1831 3777 occlusis
1864 3722 2095 3790 foribus,

2212 3724 2453 3797 στέρξειν
2477 3725 2568 3778 τὸν
2610 3726 2735 3795 ὅρον
2761 3725 2810 3776 οἱ
2846 3721 3267 3791 ἀπολειφθέντες
3298 3718 3687 3790 ὡμολόγησαν.

526 3823 823 3894 perlectam
876 3818 1004 3874 ﬁdei
1048 3817 1343 3873 formulam
1385 3817 1789 3887 subscriptione
1833 3830 1932 3870 sua
1962 3817 2376 3873 conﬁrmarunt.
2414 3818 2519 3873 Pro
2550 3817 2824 3888 episcopis
2868 3825 3051 3870 autem
3109 3812 3387 3868 nonnullis
3409 3811 3502 3881 qui
3534 3811 3797 3875 aberant,

526 3913 901 3984 subscripsere
940 3909 1157 3966 diaconi
1189 3918 1239 3964 et
1275 3909 1529 3975 lectores,
1560 3922 1800 3978 quorum
1856 3921 2022 3977 opera
2059 3908 2460 3979 approbaturos
2502 3922 2559 3962 se
2592 3906 2721 3961 ﬁdei
2744 3904 3036 3961 formulam
3059 3903 3316 3959 absentes
3337 3901 3571 3973 professi
3608 3912 3795 3957 erant.

1162 4045 1313 4103 CAP.
1359 4045 1468 4100 XL“.

560 4164 804 4233 Qualiter
837 4162 1061 4233 Aeacius
1089 4158 1344 4233 (ζῳδᾳτεω
1369 4159 1637 4233 episcopus
1663 4156 1719 4211 in
1749 4154 2073 4233 .Seleuciensi

683 4234 881 4307 synodo
907 4231 1074 4287 aliam
1100 4229 1229 4298 ﬁdei
1258 4227 1631 4299 experition’em
1654 4227 1944 4301 scripserit.

597 4391 828 4447 Acacius
857 4403 990 4444 vero
1024 4402 1150 4442 cum
1174 4385 1291 4440 suis
1313 4385 1679 4440 sectatoribus
1702 4384 1756 4439 id
1782 4384 1987 4440 factum
2017 4398 2107 4439 re-

527 4480 923 4555 prehendebat,
956 4493 1024 4533 eo
1046 4476 1192 4547 quod
1225 4477 1428 4530 clausis
1458 4477 1704 4532 ecclesia
1737 4476 1948 4532 foribus
1974 4476 2109 4531 sub-

527 4571 895 4643 scripsissent.
930 4568 1146 4637 Quippe
1176 4565 1388 4630 aiebat,
1419 4567 1494 4620 Ea
1519 4582 1639 4636 qua
1667 4566 1724 4620 in
1766 4569 1983 4623 occulto
2014 4584 2110 4639 ge-

530 4674 746 4730 runtur,
778 4661 1014 4733 reproba
1049 4669 1180 4715 sunt
1209 4667 1265 4713 et
1297 4668 1571 4729 suspecta.
1621 4659 1737 4715 Hoc
1759 4669 1947 4716 autem
1987 4661 2112 4716 ideo

528 4756 765 4820 dicebat,
790 4751 938 4825 quod
960 4752 1017 4806 in
1038 4750 1222 4805 animo
1244 4749 1475 4805 haberet
1497 4750 1661 4804 aliam
1679 4749 1806 4805 ﬁdei
1822 4750 2111 4805 formulam

2804 4037 3058 4092 ΚΕΦΛΛ.
3093 4034 3183 4090 Μ’.

2206 4153 2338 4206 Ὀτι
2368 4152 2438 4206 ὲν
2470 4150 2544 4220 τῇ
2575 4151 2727 4205 κατὰ
2752 4150 3111 4204 Σελεύκειαν
3142 4147 3729 4220 συνόδῳηἋκάκιος
3762 4151 3800 4202 d

2276 4218 2657 4290 Καισαρείας,
2697 4220 2896 4288 ἄλλην
2940 4220 3360 4289 ὑπηγόρευσεν
3403 4218 3653 4274 ἔκθεσιν
3697 4221 3801 4272 πίε

2276 4309 2487 4358 στεως.

2291 4383 2545 4447 Ἀκάκιος
2574 4383 2630 4436 δὲ
2660 4383 2753 4436 καὶ
2773 4382 2823 4434 οί
2853 4381 2947 4435 τοῦ
2974 4382 3172 4453 μέρους
3198 4380 3387 4446 αὐτοῦ,
3416 4380 3484 4435 τὰ
3521 4381 3799 4452 γινόμενα

2204 4475 2586 4547 διεμέμφοντο,
2614 4474 2746 4528 διότι
2766 4474 2865 4545 τὴν
2890 4474 3214 4545 Ἐκκλησίαν
3246 4473 3669 4538 ἀποκλείσαντες
3691 4492 3802 4527 κα-

2206 4568 2574 4638 θυπέγραςρον.
2595 4567 2677 4620 Τὰ
2699 4565 2807 4638 γὰρ
2841 4567 2898 4619 ὲν
2924 4565 3282 4637 παραϐύστῳ,
3310 4565 3466 4637 φησὶ,
3503 4566 3797 4636 γινόμενα,

2209 4659 2446 4730 ἀδόκιμα
2466 4658 2562 4713 καὶ
2586 4657 2822 4728 ὑποψίας
2848 4658 3017 4721 ἐντός.
3042 4657 3227 4711 Ταῦτα
3265 4656 3441 4727 ἔλεγε,
3470 4656 3804 4729 βουλόμενος

2211 4752 2406 4823 ἑτέραν
2433 4751 2643 4805 ἔκδοσιν
2673 4750 2910 4814 πίστεως
2945 4751 3403 4819 ἀντεισενεγκεῖν,
3432 4749 3573 4822 ἔχων
3600 4751 3805 4823 εὐτρε-

530 4850 649 4905 loco
681 4847 829 4901 illius
859 4843 1211 4914 promulgare
1246 4859 1259 4894 :
1290 4856 1456 4910 quam
1483 4840 1706 4910 quidem
1733 4849 1980 4912 paratam
2010 4858 2105 4914 pe-

2217 4843 2507 4915 πισμένην,
2537 4844 2604 4915 ἢν
2630 4842 2929 4913 ἀνεγνώκει
2965 4844 3063 4914 μὲν
3095 4845 3208 4906 τοῖς
3251 4842 3481 4915 ἄρχουσι
3506 4842 3810 4914 Λαυρικίῳ

529 4954 629 4995 ncs
662 4953 719 4992 se
760 4935 1018 4999 habebat,
1053 4942 1109 4989 et
1140 4932 1396 4988 Lauricio
1428 4931 1653 5002 quidem
1687 4947 1751 4987 ac
1789 4932 1990 4989 Leona
2022 4949 2111 4988 re-

530 5026 779 5084 ctoribus
805 5026 918 5097 jam
940 5033 1104 5079 ante:
1133 5023 1456 5078 recitaverat
1487 5040 1498 5076 :
1526 5033 1793 5079 .caterum
1824 5024 1977 5079 omni
1999 5033 2115 5105 stu-

531 5116 625 5172 dio
653 5115 1041 5181 contendebat,
1067 5123 1129 5170 ut
1171 5113 1288 5169 haec
1314 5115 1427 5169 sola
1470 5112 1581 5169 vim
1611 5124 1777 5185 atque
1805 5118 2131 5172 auctorita-‘

535 5190 642 5261 tem
668 5205 965 5260 obtineret.
995 5204 1123 5259 llac
1154 5212 1273 5258 acta
1299 5213 1427 5258 sunt
1449 5204 1693 5259 secundo
1718 5205 1828 5271 die,
1863 5222 1966 5261 nec
1992 5222 2112 5261 am-

532 5300 679 5369 plius
709 5296 1029 5368 quidquam.
1065 5295 1252 5352 Tertio
1274 5294 1365 5350 die
1410 5295 1624 5352 Leonas
1654 5312 1848 5355 rursus
1884 5315 2107 5370 operam

532 5392 707 5457 dedit,
752 5390 1009 5445 ntamba
1050 5397 1236 5459 partes
1278 5388 1334 5443 in
1376 5405 1546 5443 unum
1583 5393 1964 5448 convenirent.
1992 5393 2112 5460 Quo

532 5485 755 5556 quidem
786 5482 877 5538 die
908 5498 1011 5538 nec
1059 5480 1408 5536 Macedonius
1446 5480 1623 5537 abfuit
1649 5483 2112 5555 Constantinopo-

534 5578 735 5633 litanus
755 5575 1069 5648 cpiscopus,
1098 5588 1201 5629 nec
1234 5573 1467 5629 Basilius
1497 5573 1743 5647 Ancyra.
1773 5575 1912 5632 Cum
1945 5576 2114 5647 igitur

534 5668 695 5723 ambo
722 5667 811 5723 isti
838 5667 893 5721 in
919 5665 1167 5722 eamdem
1193 5675 1403 5736 partem
1433 5667 1866 5733 concessissent,
1913 5668 2112 5723 iterum

536 5761 789 5817 Acaciani
846 5760 915 5815 ad
966 5758 1264 5815 concilium
1316 5774 1612 5815 occurrere
1667 5761 2011 5816 noluerunt:
2048 5776 2117 5816 ex

2212 4936 2310 4990 καὶ
2338 4937 2562 5007 Λεωνᾷ·
2613 4935 2780 5006 μόνην
2831 4935 2889 4989 δὲ
2931 4934 3100 5006 αὐτὴν
3139 4936 3436 5007 κρατήσειν
3467 4933 3807 5000 ἐσπούδαζε.

2213 5026 2430 5080 Τούτων
2459 5026 2558 5096 μὲν
2578 5022 2672 5080 οὖν
2700 5026 2861 5080 πλέον
2891 5026 3043 5080 οὐδὲν
3069 5026 3212 5079 κατὰ
3235 5025 3333 5097 τὴν
3364 5024 3626 5097 δευτέραν
3656 5023 3810 5096 ὴμέ-

2217 5133 2316 5188 ραν
2345 5116 2573 5184 ἐγίνετο.
2606 5116 2765 5169 Κατά
2801 5116 2857 5170 δὲ
2881 5116 2982 5186 τὴν
3007 5116 3199 5188 τρίτην
3222 5119 3251 5170 ὁ
3281 5116 3505 5180 Λεωνᾶς
3543 5111 3704 5179 αὖθις
3726 5115 3811 5169 τὰ

2217 5210 2359 5281 μέρη
2397 5212 2720 5278 συναγαγεῖν
2743 5208 3042 5272 ἐσπούδαζε
3065 5223 3077 5236 ·
3110 5208 3234 5262 καθ’
3263 5208 3333 5279 ἢν
3356 5208 3457 5263 ούκ
3487 5207 3810 5279 ἀπελείφθη

2217 5301 2313 5355 καὶ
2342 5301 2672 5363 Μακεδόνως
2712 5302 2741 5354 ὁ
2773 5300 3417 5365 Κωνσταντινουπόλεως,
3465 5299 3588 5354 οὐδὲ
3635 5300 3744 5372 μὴν
3781 5303 3817 5355 ὁ

2229 5392 2503 5465 ’Δγκύρας
2536 5393 2836 5457 Βασίλειος.
2883 5393 3036 5446 Ἐπεὶ
3060 5389 3151 5448 οὖν
3181 5392 3484 5464 ἀμφότεροι
3519 5394 3602 5455 είς
3634 5393 3818 5447 ταὺτὸ

2223 5484 2390 5557 μέρος
2425 5483 2881 5556 συνεληλύθησαν,
2916 5480 3070 5548 αὖθις
3100 5484 3299 5555 οἱπερὶ
3341 5483 3598 5539 ’Δκάκιον
3623 5485 3817 5539 ἀπαν-

2219 5580 2320 5647 τᾷν
2349 5577 2449 5631 οὐκ
2486 5576 2804 5642 ἐϐούλοντο,
2835 5577 3134 5646 φάσκοντες
3161 5576 3272 5629 δεῖν
3306 5575 3573 5647 πρότερον
3606 5573 3820 5629 ἐκϐάλ-

2220 5669 2408 5724 λεσθαι
2440 5669 2532 5723 τοῦ
2567 5668 2824 5739 συλλόγου
2866 5671 2992 5733 τούς
3019 5687 3079 5721 τε
3105 5669 3207 5740 ἤδη
3240 5669 3507 5739 πρότερον
3535 5666 3820 5737 καθαιρεο

2224 5762 2415 5821 θέντας
2451 5772 2494 5827 ι’,
2531 5763 2625 5816 καὶ
2657 5762 2784 5826 τοὺς
2807 5764 2864 5815 ὲν
2890 5761 2968 5832 τῷ
3004 5760 3232 5832 παρόντι
3268 5759 3818 5829 κατηγορουμένους.

1703 5854 2063 5911 VARIORUM
2101 5856 2655 5914 ANNOTATIONES.

619 5928 643 5960 ι’
683 5919 826 5991 Τοὺς
877 5923 991 5993 ἤδη
1068 5924 1358 5993 πρότερον
1414 5926 1892 5994 καθαιρεθέντας.
1956 5926 2101 5984 Scmi

2210 5945 2324 5987 mos
2400 5928 2675 6000 intelligit,
2730 5942 2967 5999 quorum
3024 5926 3134 5982 dux
3200 5934 3319 5982 erat
3380 5924 3619 5980 Basilius
3682 5918 3814 5976 An-

484 6004 540 6051 si
