4026 6338
336 436 427 491 '5“

1321 439 1646 498 HISTORIA
1683 442 2232 500 ECCLESIASTICA.
2274 477 2342 483 —
2381 445 2508 499 LIB.
2553 445 2615 500 11.

3488 454 3594 511 3-12

338 550 531 620 μένων,
567 548 810 614 εἰπόντες
838 547 931 603 καὶ
964 549 1328 619 ἀκούσαντες,
1362 555 1706 627 διελύθησαν.
1737 555 1818 628 Τῇ
1847 557 1891 612 δὲ

2009 558 2164 613 Tunc
2188 558 2450 628 temporis
2479 575 2632 624 vero,
2668 576 2792 614 cum
2817 561 3053 632 plurima
3087 564 3232 619 ultro
3263 564 3512 637 citroque
3536 579 3593 625 et

332 643 562 714 τετάρτῃ
596 637 754 706 αὖθις
788 643 973 715 ἡμέρᾳ
1013 645 1276 716 συνῆλθον
1314 645 1553 713 ἅπαντες
1588 651 1667 712 είς
1699 650 1865 703 ταὺτὸ
1888 690 1904 717 ,

331 735 422 789 καὶ
461 731 622 799 αὖθις
659 735 938 790 ἀνεκίνουν
984 736 1124 807 μετὰ
1163 739 1478 810 ὲρεσχελίας
1520 742 1647 805 τοὺς
1695 741 1902 810 λόγους.

343 829 425 881 Ἐν
470 822 554 892 οἷς
617 829 870 893 Ἀκάκιος
934 829 1143 883 τοιάνδε
1183 831 1326 884 κατὰ
1381 831 1526 898 λέξιν
1577 835 1908 906 εἰσηγήσατο

327 919 572 993 γνώμην⁶
595 922 659 974 El
684 919 831 987 ἅπαξ
861 923 895 992 ἡ
925 922 986 974 ἐν
1012 921 1216 994 Νικαίᾳ
1243 922 1423 988 πίστις
1454 926 1789 998 μετεποίηθη
1812 926 1908 980 καὶ

329 1009 642 1079 μεταταύτα
688 1009 985 1078 πολλάκις,
1019 1009 1172 1064 οὐδὲν
1211 1011 1411 1065 κωλύει
1457 1013 1552 1067 καὶ
1583 1015 1678 1069 νῦν
1712 1016 1905 1087 ἑτέραν

325 1103 766 1175 ύπαγορευθῆναι
779 1101 979 1159 πίστιν.
994 1103 1318 1176 Πρὸςταῦτα
1342 1103 1648 1170 Ἐλεύσιοςό
1667 1107 1904 1172 Κυζίκου

324 1194 496 1248 τοιάδε
528 1189 681 1249 εἶπεν
699 1209 714 1223 °
731 1194 797 1248 Ἠ
822 1193 1040 1260 σύνοδος
1069 1195 1440 1269 συνεκροτήθη
1463 1197 1556 1250 ἐπὶ
1575 1197 1668 1252 τοῦ
1697 1200 1902 1268 παρόν-

323 1300 444 1349 τος,
472 1283 572 1354 ούχ
606 1283 694 1339 ἴνα
731 1283 882 1357 μάθῃ
907 1283 945 1339 ἃ.
991 1283 1067 1357 μὴ
1105 1284 1424 1357 μεμάθηκεν
1467 1287 1606 1359 (70),
1653 1285 1766 1342 οὔθ’
1815 1289 1903 1344 ἵνα

330 1373 514 1428 πίστιν
544 1373 786 1445 δέξηται,
815 1375 885 1445 ἢν
907 1373 985 1447 μὴ
1015 1373 1280 1446 κέκτηται
1301 1392 1316 1409 ο
1349 1375 1490 1431 ἀλλὰ
1513 1380 1579 1450 τῇ
1603 1379 1710 1441 τῶν
1736 1379 1904 1433 πατέ-

327 1480 433 1535 ρων
460 1464 644 1518 πίστει
673 1462 963 1535 στοιχοῦσα
1011 1464 1162 1537 (71),
1190 1464 1395 1536 ταύτης
1429 1466 1591 1539 μέχρι
1627 1467 1774 1541 ζωῆς
1809 1468 1902 1522 καὶ

325 1554 554 1609 θανάτου
595 1555 697 1610 οὐκ
735 1555 1032 1624 ἐξίσταται.
1079 1557 1359 1620 Τοιούτοις
1397 1560 1491 1612 καὶ
1536 1561 1564 1612 6
1631 1559 1902 1624 Ἐλεύσιος

322 1646 457 1718 πρὸς
483 1647 584 1719 τὴν
622 1645 881 1700 Ἀκακίου
909 1647 1137 1720 γνώμην
1169 1648 1483 1720 ἀπήντησε,
1520 1647 1702 1704 πίστιν
1732 1649 1900 1702 πατέ-

328 1757 434 1810 ρων
485 1739 586 1811 τὴν
633 1741 694 1794 ἐν
741 1739 1042 1813 Ἀντιοχείᾳ
1101 1740 1415 1796 ἐκτεθεῖσαν
1463 1742 1647 1795 πίστιν
1696 1741 1893 1797 καλῶν.

334 1832 663 1904 Ἀπαντήσει
696 1833 740 1886 δ⁹
773 1834 839 1889 άν
858 1851 944 1898 τις
975 1833 1069 1888 καὶ
1105 1833 1241 1904 πρὸς
1263 1833 1452 1888 τοῦτον
1474 1850 1489 1866 ·
1522 1834 1646 1899 Πῶς
1683 1837 1810 1900 τοὺς
1837 1837 1894 1888 ἐν

2011 649 2078 703 de
2103 649 2206 703 hac
2231 665 2288 704 re
2311 658 2367 704 et
2388 648 2455 704 de
2482 649 2590 704 illis
2613 651 2705 720 qui
2730 653 2969 706 accusati
2990 660 3147 708 erant
3165 655 3308 710 dicta
3334 655 3588 724 fuissent,

2009 738 2308 793 concilium
2353 738 2639 794 dimissum
2677 750 2781 795 est.
2833 742 3039 808 Quarto
3080 743 3280 798 iterum
3322 746 3411 803 die
3463 765 3591 804 cum

2009 842 2202 884 omnes
2236 829 2293 882 in
2317 845 2488 884 unum
2522 831 2930 896 convenissent,
2969 834 3162 888 eadem
3189 849 3312 890 cum
3336 840 3589 907 pervicao

2007 917 2092 972 eia
2124 917 2406 988 disputare
2433 930 2736 989 coeperunt.
2766 921 2912 976 Inter
2938 939 3077 994 quos
3100 925 3331 982 Aeacius
3363 938 3587 985 sentcn-

2009 1007 2139 1062 tiam
2173 1024 2328 1062 suam
2355 1010 2612 1079 exposuit
2639 1011 2726 1066 his
2763 1013 2978 1068 verbis:
3025 1014 3161 1070 Cum
3197 1017 3331 1073 ﬁdes
3367 1020 3584 1078 Nicarna

2000 1097 2332 1168 jampridem
2359 1099 2527 1154 semel
2545 1116 2609 1156 ac
2637 1100 2836 1156 deinde
2869 1105 3067 1174 sacpius
3090 1117 3299 1163 mutata
3329 1110 3420 1174 sit,
3446 1111 3583 1167 nihil

2005 1197 2154 1244 vetat
2201 1190 2499 1260 quominus
2558 1207 2707 1247 nunc
2751 1209 2970 1264 quoque
3023 1198 3130 1253 alia
3199 1203 3586 1261 conscribatur

2005 1279 2159 1336 ﬁdes.
2208 1281 2290 1337 Ad
2349 1283 2465 1340 haec
2519 1285 2772 1343 Eleusius
2825 1288 3007 1361 Cyzici
3068 1293 3392 1366 episcopus:
3439 1297 3586 1354 Con-

2005 1373 2216 1440 cilium,
2271 1375 2474 1446 inquit,
2511 1377 3009 1448 impraesentiarum
3042 1395 3429 1457 congregatum
3479 1397 3583 1454 est,

2004 1481 2115 1520 non
2161 1475 2222 1521 ut
2269 1483 2334 1523 ea
2367 1467 2544 1524 discat
2588 1485 2710 1540 quae
2735 1471 2847 1542 jam
2890 1475 3022 1528 olim
3062 1475 3276 1543 didicit,
3314 1494 3492 1548 neque
3529 1489 3586 1534 ut

2005 1557 2167 1614 ﬁdem
2191 1561 2457 1631 suscipiat
2493 1579 2656 1633 quam
2692 1566 2848 1635 prius
2880 1583 2989 1621 non
3051 1568 3276 1638 habuit;
3321 1574 3413 1628 sed
3459 1573 3583 1627 ﬁdei

2005 1661 2218 1723 patrum
2263 1654 2542 1721 insistens,
2584 1673 2689 1713 nec
2721 1658 2845 1714 vitae
2878 1675 2981 1715 nec
3013 1663 3206 1718 mortis
3241 1671 3486 1734 tempore
3516 1665 3585 1720 ab

2001 1754 2067 1793 ea
2122 1756 2361 1811 unquam
2410 1743 2648 1799 recedet.
2697 1745 3024 1818 Hujusmodi
3070 1752 3258 1807 verbis
3309 1753 3583 1810 adversus

2005 1830 2186 1886 Acacii
2219 1835 2546 1890 sententiam
2579 1839 2821 1893 occurrit
2863 1840 3138 1907 Eleusius,
3165 1843 3326 1898 ﬁdem
3366 1854 3585 1914 patrum

335 1922 631 1995 Ἀντιοχείᾳ
654 1923 1004 1989 σιλνελθόντας
1030 1924 1274 1997 πατέρας
1287 1924 1599 1997 ὀνομάζεις,
1636 1926 1891 1994 ἸιίλεύσιεΙ

2005 1924 2286 1994 appellans
2311 1941 2432 1981 eam
2462 1943 2584 1998 quae
2606 1931 2852 2000 exposita
2881 1941 2999 1988 erat
3031 1933 3351 1991 Antiochiae.
3382 1939 3584 1993 Verum

320 2014 444 2078 τοὺς
481 2015 707 2070 ἐκείνων
749 2015 998 2090 πατέρας
1043 2016 1375 2088 ἀρνούμενος
1409 2017 1557 2089 (72);
1591 2019 1654 2071 Ol
1695 2016 1804 2089 γὰρ
1835 2018 1894 2072 ἐν

317 2103 522 2177 Νικαίᾳ
570 2107 948 2174 συνελθόντες,
1001 2109 1094 2164 καὶ
1141 2109 1204 2164 τὸ
1255 2109 1538 2180 ὁμοούσιον
1591 2111 1660 2182 τῇ
1717 2109 1896 2164 πίστει

321 2199 783 2270 συμφωνήσαντες
796 2241 813 2266 ,
843 2199 1170 2272 κυριώτερον
1189 2201 1255 2256 ἂν
1275 2201 1511 2274 πατέρες
1525 2201 1766 2271 λέγοιντο
1780 2242 1794 2267 ,
1817 2201 1899 2273 τῷ

318 2289 410 2343 καὶ
438 2290 943 2363 προαναδεδηκέναι
968 2295 1080 2357 τοῖς
1103 2295 1335 2365 χρόνοις,
1362 2295 1457 2349 καὶ
1483 2295 1564 2349 ὅτι
1594 2295 1646 2348 οἱ
1687 2297 1745 2349 ἐν
1779 2295 1896 2349 Ἀν-

322 2381 530 2453 τιοχείᾳ
567 2383 878 2454 γενόμενοι,
923 2385 1014 2438 ὑπ’
1057 2384 1282 2440 ἐκείνων
1329 2387 1410 2452 είς
1447 2387 1548 2459 τὴν
1595 2387 1896 2460 ἱερωσύνην

316 2470 702 2545 προϐέϐληντο.
734 2476 799 2529 Εἰ
824 2476 879 2530 δὲ
904 2477 954 2529 oi
992 2477 1050 2531 ἐν
1093 2477 1392 2551 Ἀντιοχείᾳ
1426 2481 1552 2545 τοὺς
1597 2479 1759 2544 ἰδίους
1790 2497 1898 2534 πα-

315 2561 478 2634 τέρας
511 2563 812 2635 ἠθέτησαν,
866 2565 1154 2637 λελήθασιν
1198 2568 1424 2633 έαυτοὺς
1478 2569 1529 2622 οί
1578 2566 1894 2640 μεταταῦτα

312 2659 422 2720 τοῖς
447 2657 806 2728 πατραλοίαις
832 2658 1108 2728 ἑπόμενοι.
1135 2659 1261 2722 Πῶς
1277 2659 1332 2712 δέ
1363 2661 1456 2714 καὶ
1480 2653 1554 2714 ὦν
1582 2660 1893 2730 ἐκεῖνοιτὴν

313 2748 492 2801 πίστιν
535 2747 613 2809 ὡς
657 2749 916 2820 ἀδόκιμον
952 2749 1248 2821 ἠθέτησαν,
1293 2751 1394 2822 τὴν
1444 2752 1782 2822 χειροτονίαν
1815 2751 1892 2814 ὡς

311 2839 541 2911 δοκίμην
570 2840 819 2905 ἐδέξαντο
841 2859 855 2908 ;
888 2840 950 2894 El
973 2841 1030 2895 δὲ
1055 2841 1254 2895 ἐκεῖνοι
1283 2842 1385 2894 ούκ
1409 2838 1554 2912 εἶχον
1581 2843 1642 2895 τὸ
1665 2843 1890 2914 Πνεῦμα

309 2931 368 2985 τὸ
398 2932 578 3001 ἅγιον,
609 2933 638 2986 ὃ
671 2933 761 2986 διὰ
792 2933 892 3004 τῆς
930 2933 1266 3005 χειροτονίας
1295 2933 1610 3005 ἐπέρχεται,
1642 2934 1762 2988 οὐδὲ
1793 2927 1890 2988 οὗ·

307 3043 388 3078 τοι
418 3025 520 3097 τὴν
545 3026 844 3098 ἱερωσύνην
864 3027 1074 3082 ἔλαϐον.
1111 3027 1234 3091 Πῶς
1271 3027 1381 3098 γὰρ
1408 3026 1712 3098 ἐλάμϐανον
1738 3028 1891 3099 παρά

307 3119 414 3172 τῶν
438 3121 545 3174 οὐκ
570 3119 808 3190 ἐχόντων
841 3120 900 3173 τὸ
931 3120 1244 3191 διδόμενον;
1275 3119 1462 3175 Ταῦτα
1495 3119 1594 3191 μὲν
1623 3116 1718 3174 οὖν
1747 3122 1890 3174 ἀντι·

309 3215 462 3285 θήσει
517 3231 603 3278 τις
649 3213 788 3286 πρὸς
833 3213 900 3266 τὰ
948 3214 1056 3266 ὑπὸ
1100 3207 1374 3267 Ἐλευσίου
1422 3212 1702 3284 λεχθέντα.
1753 3211 1887 3266 Τότε

305 3305 360 3360 δέ
388 3302 547 3371 αὖθις
589 3305 684 3359 ἐπὶ
723 3305 916 3378 ἑτέραν
947 3304 1234 3377 ἐχώρησαν
1267 3305 1517 3376 ζήτησιν.
1574 3304 1728 3359 Ἐπεὶ
1777 3303 1886 3375 γὰρ

306 3399 397 3452 καὶ
445 3400 495 3452 οἱ
544 3397 673 3470 περὶ
727 3397 983 3452 Ἀκάκιον
1028 3399 1084 3452 ἐν
1129 3399 1196 3468 τῇ
1237 3395 1652 3468 άναγνωσθείσῃ
1705 3395 1888 3449 πίστει

303 3489 488 3559 ὅμοιον
533 3487 741 3557 ἔφασαν
795 3487 883 3542 τὸν
923 3487 1052 3541 Υίὸν
1100 3485 1178 3558 τῷ
1223 3487 1420 3558 Πατρὶ,
1470 3485 1891 3541 διεπυνθάνοντο

304 3576 568 3651 ἀλλήλων,
591 3579 733 3634 κατὰ
748 3581 800 3633 τί
820 3579 1005 3652 ὅμοιός
1028 3580 1176 3634 ἐστιν
1197 3581 1226 3633 ό
1244 3579 1373 3643 Υἱὸς
1394 3578 1472 3650 τῷ
1488 3578 1682 3652 Πατρί.
1705 3579 1816 3634 Καὶ
1838 3579 1887 3633 οἱ

309 3672 405 3742 μὲν
437 3671 572 3744 περὶ
609 3672 882 3738 Ἀκάκιον,
907 3671 1091 3742 ελεγον
1119 3673 1262 3728 κατὰ
1286 3672 1388 3744 τὴν
1412 3671 1669 3744 βούλησιν
1705 3672 1885 3743 μόνον,

307 3767 364 3820 οὐ
399 3765 506 3837 μὴν
541 3766 684 3819 κατὰ
713 3765 813 3836 τήν
855 3764 1044 3819 οὐσίαν
1077 3767 1260 3837 ὅμοιον
1297 3765 1377 3836 τῷ
1422 3765 1598 3839 Πατρὶ
1631 3759 1771 3820 εἶναι
1797 3765 1888 3819 τὸν

310 3858 456 3912 Υἱόν.
493 3858 558 3911 Οἱ
585 3857 643 3910 δὲ
689 3857 838 3912 ἄλλοι
881 3856 1226 3928 σύμπαντες,
1266 3859 1532 3913 καὶκατὰ
1557 3858 1657 3932 τήν
1698 3858 1886 3913 οὐσίαν

305 3950 676 4020 ἀπεφήναντο.
703 3947 839 4020 Περὶ
870 3946 1058 4002 τούτου
1097 3949 1154 4003 δὲ
1181 3949 1276 4002 τοῦ
1305 3948 1619 4020 ζητήματος
1650 3951 1883 4020 φιλονει-

307 4039 531 4102 κοῦντες
562 4039 982 4110 ἐνδιημέρευον,
1014 4039 1109 4093 καὶ
1138 4039 1231 4093 τὸν
1273 4039 1530 4094 Ἀκάκιον
1571 4041 1883 4113 ἐξήλεγχον,

301 4133 375 4196 ῶς
414 4133 503 4204 εἴη
533 4134 591 4187 ἐν
623 4135 735 4196 τοῖς
767 4131 944 4202 λόγοις
974 4132 1162 4198 αὑτοῦ,
1193 4131 1287 4198 οὓς
1325 4134 1652 4206 συγγράψας
1689 4135 1884 4199 ἐξέδω-

303 4242 415 4290 κεν,
455 4227 644 4296 ὅμοιον
668 4223 810 4279 κατὰ
847 4226 1024 4280 πάντα
1061 4225 1229 4280 εἰπὼν
1263 4226 1356 4280 τὸν
1404 4227 1532 4282 Υίὺν
1568 4227 1646 4298 τῷ
1684 4227 1881 4299 Πατρί.

303 4320 412 4373 Καὶ
437 4317 560 4382 πῶς
582 4319 700 4383 νῦν,
721 4317 948 4388 ἔφασαν,
974 4319 1114 4390 ἀρνῇ
1137 4318 1234 4390 τὴν
1265 4319 1387 4372 κατ’
1416 4319 1606 4374 οὐσίαν
1625 4319 1721 4373 τοῦ
1752 4320 1883 4374 Υἱοῦ

303 4413 438 4483 πρὸς
474 4412 568 4466 τὸν
599 4411 820 4482 Πατέρα
851 4411 1178 4482 ὁμοιότητας
1220 4413 1280 4466 '0
1309 4411 1400 4477 δὲ,
1434 4411 1567 4465 Ἀπὸ
1598 4429 1883 4485 συγγραμ-

304 4504 518 4574 μάτων,
559 4503 698 4574 έφη,
742 4501 865 4558 οὔτε
905 4503 1024 4567 νέος
1065 4521 1149 4568 τις
1199 4503 1324 4558 οὔτε
1389 4506 1616 4576 ἀρχαῖος
1667 4504 1881 4576 ἐκρίθη.

2001 2015 2131 2071 huic
2160 2031 2379 2087 quoque
2406 2019 2741 2089 respondere
2770 2021 3040 2093 quispiam
3064 2024 3237 2094 possit
3262 2024 3348 2082 his
3371 2026 3580 2080 verbis-

1998 2105 2287 2174 Quomodo
2327 2125 2424 2166 eos
2463 2113 2557 2182 qui
2588 2113 2894 2171 Antiochiae
2939 2126 3354 2184 convenerunt,
3400 2128 3585 2190 patres

1996 2200 2259 2269 appellas,
2293 2200 2499 2268 Eleusi,
2535 2205 2628 2274 qui
2669 2206 2891 2261 illorum
2935 2215 3120 2279 patres
3152 2225 3263 2264 non
3295 2212 3586 2281 agnoscis?

1995 2291 2132 2347 Nam
2155 2292 2212 2348 hi
2238 2302 2386 2350 certe
2403 2296 2498 2366 qui
2515 2296 2708 2352 Nicaea:
2724 2307 3122 2364 convenerunt,
3141 2309 3198 2355 et
3217 2300 3581 2356 consubstan-

1995 2383 2142 2439 tialis
2175 2384 2338 2440 ﬁdem
2384 2401 2484 2441 suo
2518 2403 2790 2444 consensu
2824 2389 3130 2456 ﬁrmarunt,
3159 2392 3331 2462 magis
3362 2392 3581 2462 pr0prie

1995 2475 2317 2532 dicerentur
2352 2486 2567 2549 patres:
2598 2481 2801 2551 quippe
2825 2472 2919 2552 qui
2952 2491 3007 2536 et
3035 2483 3418 2553 przecesserint
3440 2491 3579 2538 tem-

1995 2583 2148 2638 pore,
2177 2576 2233 2624 et
2266 2569 2388 2625 illos
2412 2569 2504 2641 qui
2531 2570 2836 2630 Antiochiae
2857 2582 3046 2644 postea
3077 2584 3478 2640 convenerunt,
3512 2577 3580 2630 ad

1997 2660 2290 2716 sacerdotii
2331 2662 2653 2732 dignitatem
2696 2665 3092 2734 promoverint.
3122 2666 3278 2733 Quod
3317 2667 3363 2721 si
3406 2667 3462 2721 hi
3486 2663 3582 2737 qui

1993 2750 2300 2807 Antiochiae
2338 2753 2563 2808 fuerunt
2596 2756 2930 2826 congregati,
2975 2765 3161 2828 patres
3204 2774 3335 2813 suos
3369 2759 3578 2829 rejece-

1994 2850 2156 2906 runt,
2194 2841 2280 2895 isti
2315 2843 2410 2912 qui
2447 2859 2544 2897 eos
2590 2855 2931 2915 sequuntur,
2980 2863 3090 2901 non
3136 2848 3584 2904 animadvertunt

1991 2946 2050 2987 se
2081 2933 2386 3002 parricidas
2430 2934 2608 3005 sequi.
2645 2935 2894 3002 Quonam
2939 2947 3125 2994 autem
3180 2941 3344 2996 modo
3385 2957 3580 2997 eorum

1991 3023 2396 3079 ordinationem
2422 3034 2679 3097 tanquam
2711 3028 2942 3098 probam
2971 3045 3034 3084 ac
3071 3031 3373 3102 legitimam
3395 3047 3583 3088 susce—

1991 3124 2212 3188 perunt,
2264 3133 2501 3187 quorum
2557 3118 2721 3174 ﬁdem
2751 3120 2902 3176 velut
2932 3119 3123 3176 falsam
3174 3138 3238 3188 ac
3290 3123 3579 3193 reprobam

1991 3207 2351 3276 rejecerunt?
2391 3207 2529 3262 Nam
2562 3208 2606 3264 si
2639 3209 2716 3264 illi
2760 3225 2872 3264 non
2935 3211 3252 3270 habuerunt
3306 3213 3577 3285 Spiritum

1991 3305 2240 3351 sanctum
2265 3297 2359 3367 qui
2383 3313 2483 3368 per
2498 3298 2902 3356 ordinationem
2929 3301 3256 3369 infunditur,
3276 3303 3367 3359 isti
3392 3320 3576 3360 sacer-

1991 3386 2202 3441 dotium
2247 3403 2358 3443 non
2393 3398 2746 3460 acceperunt.
2796 3391 3082 3459 Quomodo
3125 3395 3273 3450 enim
3322 3398 3576 3468 accipere

1989 3488 2291 3551 potuerunt
2339 3481 2409 3536 ab
2446 3482 2534 3548 iis,
2563 3484 2658 3554 qui
2689 3500 2801 3540 non
2841 3486 3123 3542 habebant
3154 3488 3302 3559 quod
3347 3489 3580 3546 darent?

1989 3574 2117 3631 Haec
2147 3591 2258 3630 non
2291 3575 2567 3632 immerito
2591 3577 2716 3647 quis
2742 3578 2914 3648 possit
2936 3579 3176 3649 objicere
3206 3579 3294 3645 iis,
3314 3597 3435 3650 qua:
3460 3591 3577 3636 tum

1989 3668 2059 3724 ab
2074 3668 2292 3724 Eleusio
2312 3677 2440 3724 sunt
2460 3669 2625 3724 dicta.
2649 3670 2779 3725 Post
2803 3669 2963 3743 154
2983 3671 3099 3726 haec
3115 3671 3182 3726 ad
3201 3672 3366 3728 aliam
3384 3689 3578 3729 rursus

1989 3761 2349 3832 quaestionem
2385 3761 2786 3817 transilierunt.
2820 3762 2955 3816 Nam
2999 3763 3262 3832 quoniam
3315 3764 3576 3819 Acaciani

1990 3855 2045 3909 in
2079 3854 2314 3909 formula
2347 3853 2472 3908 ﬁdei
2517 3871 2637 3925 quae
2670 3855 2851 3909 fuerat
2896 3855 3144 3922 recitata,
3194 3857 3391 3912 Filium
3425 3858 3576 3914 Patri

1987 3948 2224 4003 similem
2249 3963 2369 4002 esse
2395 3948 2669 4010 dixerant,
2698 3948 3018 4017 quaerebant
3044 3949 3187 4004 inter
3211 3965 3268 4004 se
3290 3967 3398 4020 qua
3425 3950 3481 4005 in
3513 3965 3575 4007 re

1989 4038 2160 4093 Filius
2185 4048 2331 4094 esset
2356 4038 2551 4093 similis
2594 4038 2763 4093 Patri.
2807 4038 2876 4092 Et
2905 4038 3163 4094 Acaciani
3197 4040 3421 4109 quidem
3457 4042 3572 4096 sola

1985 4134 2271 4188 voluntate
2312 4133 2546 4188 similem
2589 4149 2709 4188 esse
2745 4133 3022 4198 dicebant,
3068 4149 3178 4189 non
3211 4141 3395 4190 autem
3437 4135 3570 4191 sub-

1987 4225 2210 4281 stantia.
2259 4225 2479 4294 Reliqui
2523 4239 2735 4289 omnes,
2770 4224 2936 4278 etiam
2983 4223 3290 4279 substantia
3335 4226 3572 4281 similem

1987 4319 2136 4374 Patri
2157 4333 2278 4372 esse
2297 4318 2496 4371 Filium
2515 4316 2856 4371 asserebant.
2877 4317 2953 4372 De
2978 4316 3079 4372 hac
3102 4317 3406 4386 quaestione
3426 4318 3571 4373 inter

1987 4429 2045 4469 se
2069 4414 2418 4477 altercantes,
2458 4419 2630 4465 totum
2658 4410 2805 4465 diem
2837 4410 3168 4466 contrivere.
3216 4411 3284 4465 Et
3308 4411 3570 4466 Acacium

1988 4503 2374 4564 confutabant,
2432 4501 2579 4571 quod
2631 4500 2689 4555 in
2736 4499 2893 4555 libris
2941 4515 3080 4570 quos
3131 4517 3160 4555 a
3221 4517 3278 4556 se
3335 4503 3570 4573 scriptos

297 4597 478 4651 Πολλὰ
510 4597 567 4650 δὲ
602 4597 737 4670 πρὸς
762 4597 1024 4667 ἀλλήλους
1058 4597 1187 4667 περὶ
1215 4596 1310 4650 τοῦ
1342 4597 1657 4668 ζητήματος
1689 4597 1882 4650 τούτου

1992 4595 2254 4657 ediderat,
2281 4593 2477 4649 Filium
2502 4593 2651 4649 Patri
2678 4609 2776 4663 per
2788 4591 2970 4646 omnia
2998 4592 3231 4647 similem
3257 4610 3376 4646 esse
3398 4593 3567 4647 dixis-

297 4686 369 4740 ἀκ
379 4685 661 4755 ριὸολογου
669 4686 846 4756 μένων
866 4725 881 4751 ,
911 4686 1007 4739 καὶ
1047 4685 1314 4756 μηδαμῶς
1357 4685 1813 4755 συμφωνούντων,
1851 4689 1879 4739 6

295 4774 522 4838 Δεωνᾶς
543 4773 782 4837 ἀναστὰς
812 4773 1022 4826 διέλυσε
1047 4773 1138 4826 τὸν
1169 4771 1446 4841 σύλλογον.
1479 4773 1590 4826 Καὶ
1614 4772 1775 4826 τοῦτο
1799 4772 1879 4826 τέ-

293 4867 386 4931 λος
413 4867 632 4938 ἐσχενή
664 4867 720 4919 ἐν
746 4865 1039 4937 Σελευκείᾳ
1079 4865 1348 4936 γενομένη
1387 4865 1624 4930 σύνοδος.
1664 4867 1743 4936 Τῇ
1772 4866 1880 4937 γάρ

295 4957 429 5029 ἑξῆς
471 4955 962 5028 παρακαλούμενος
1000 4955 1184 5009 οὐκέτι
1228 4956 1311 5018 είς
1354 4954 1552 5009 ταύτὸν
1602 4955 1879 5009 συνελθεῖν

1985 4693 2087 4739 set.
2115 4683 2419 4750 Quomodo,
2439 4683 2679 4747 aiebant,
2698 4697 2895 4753 negare
2918 4698 3065 4736 nunc
3097 4684 3266 4738 audes
3298 4683 3418 4737 Filii
3442 4700 3567 4737 cum

1987 4777 2147 4830 Patre
2181 4776 2598 4830 similitudinem
2631 4775 2935 4830 secundum
2976 4776 3381 4831 substantiam?
3429 4776 3567 4831 Tum

1985 4867 2252 4923 Aeacius:
2280 4869 2470 4938 Neque
2497 4884 2566 4923 ex
2596 4868 3020 4934 recentioribus,
3049 4869 3248 4938 inquit,
3285 4885 3465 4939 neque
3498 4885 3567 4923 ex

1987 4960 2383 5015 vetustioribus
2405 4960 2712 5030 quisquam,
2741 4976 2809 5015 ex
2830 4959 2988 5014 libris
3015 4960 3130 5016 suis
3155 4961 3436 5032 judicatus
3459 4966 3564 5017 est.

2936 5051 2970 5067 Ὦ

1491 5135 1762 5191 VALESII
1796 5135 2351 5192 ANNOTATIONES.

365 5251 480 5325 (70)
499 5251 623 5325 Οὐχ
647 5251 747 5325 ἵνα
757 5251 921 5325 μάθῃ
936 5249 975 5305 ἃ
997 5250 1358 5325 μεμάθηκενἶ
1377 5249 1437 5304 In
1453 5250 1644 5325 codice
1662 5250 1888 5325 Floren-

300 5319 418 5402 tino
439 5319 497 5402 et
521 5319 1084 5402 Allatiano‘scriptum
1113 5331 1198 5402 est
1218 5340 1229 5374 :
1249 5321 1284 5375 θ.
1303 5321 1376 5402 μή
1400 5319 1737 5402 μεμάθηκεν.
1760 5321 1887 5402 Epi-

299 5395 540 5466 phanius
566 5391 1151 5466 autemAScholasticus
1175 5392 1323 5447 hunc
1351 5391 1532 5446 locum
1563 5391 1636 5445 ita
1679 5391 1878 5466 vertit:

303 5461 544 5520 Prmens
579 5461 861 5516 concilium
896 5461 1220 5516 celebratum
1248 5471 1345 5526 est,
1384 5479 1486 5515 non
1519 5471 1574 5512 ut
1618 5463 1884 5514 mut/tenta

301 5537 494 5598 discat;
519 5534 601 5589 sic
645 5532 802 5589 enim
851 5531 1148 5604 legendum
1195 5542 1300 5598 est,
1344 5543 1404 5588 ut
1427 5533 1538 5602 jam
1590 5541 1751 5585 antea
1780 5531 1880 5585 ob-

304 5620 538 5659 servam.

374 5675 485 5745 (7|)
514 5673 878 5745 Σζοιχοῦσα.
902 5673 1011 5745 Aut
1049 5672 1340 5745 στείχουσα
1391 5672 1747 5727 scribendum
1763 5679 1882 5745 est,

309 5731 529 5800 accentu
562 5731 620 5800 in
645 5731 1421 5816 primam,syllabamnrejecto,
1446 5751 1540 5798 aut
1575 5731 1883 5812 στοιχοῦσα,

312 5804 665 5872 utscribitur'
687 5817 744 5870 in
780 5804 970 5869 codice
1001 5804 1339 5868 Florentino.
1399 5804 1420 5853 ἑ

377 5887 483 5957 (72)
538 5889 688 5954 Τοὺς
730 5885 829 5940 καὶ
878 5885 1122 5939 ἐκείνων
1171 5883 1428 5952 πατέρας
1489 5885 1878 5955 ἀρνούμενος.

1987 5250 2228 5306 Delenda
2254 5250 2476 5306 videtur
2494 5252 2762 5322 particula
2799 5252 2912 5316 καί,
2956 5268 3078 5322 qua:
3109 5268 3333 5308 sensum
3379 5253 3571 5310 turbat

1986 5322 2172 5391 potius
2205 5337 2370 5391 quam
2400 5323 2637 5393 adjuvat.
2669 5323 2831 5393 certe
2882 5323 3224 5393 Epiphanius
3266 5324 3571 5378 Scholasti-

1985 5407 2085 5446 cus
2119 5408 2240 5464 eam
2286 5408 2396 5446 non
2424 5392 2688 5464 agnoscit.
2725 5392 2816 5448 Sic
2845 5392 2996 5448 enim
3036 5396 3204 5449 vertit
3251 5413 3263 5446 :
3299 5393 3570 5458 Quomodo

1984 5472 2161 5530 patres
2218 5463 2309 5516 hos
2357 5463 2618 5528 nominas,
2681 5480 2711 5516 ο
2753 5465 2967 5527 Eleusi,
3030 5481 3148 5518 cum
3207 5464 3423 5518 illorum
3467 5480 3571 5517 non

1983 5534 2208 5603 recipias
2249 5536 2468 5603 patres?
2492 5533 2550 5587 In
2582 5534 2770 5588 codice
2801 5544 2982 5590 autem
3015 5535 3215 5589 Leonis
3245 5534 3451 5597 Allatii,
3479 5534 3574 5588 hic

1984 5602 2140 5674 locus
2181 5602 2256 5657 ita
2277 5605 2617 5674 perscriptus
2638 5615 2752 5658 est:
2779 5607 2872 5657 καὶ
2901 5606 3026 5667 τοὺς
3060 5605 3281 5674 ἐκείνων
3330 5602 3574 5674 πατέρας

1985 5673 2398 5743 ἀρνουμένους;
2467 5673 2673 5743 absque
2741 5676 2853 5729 ullo
2910 5690 3093 5728 sensu.
3159 5673 3263 5727 Sed
3325 5673 3571 5728 nostram

1985 5743 2426 5798 emendationem
2466 5743 2755 5798 conﬁrmat
2787 5745 2956 5798 codex
2993 5743 3324 5805 Sfortianus,
3355 5743 3418 5810 in,
3462 5757 3574 5813 quo

1947 5813 2138 5866 ‘rleest
2185 5815 2457 5882 particula
2485 5815 2598 5881 καί,
2652 5823 2713 5869 ιιι
2773 5816 2838 5869 ad
2874 5817 3016 5869 latus
3046 5813 3172 5867 libri
3227 5814 3312 5868 sui
3363 5813 3584 5870 notavit-

1986 5883 2324 5938 ilolstenius.
