4026 6338
306 365 387 426 357

1296 370 1616 437 HISTORIA
1655 376 2205 438 ECCLESIASTICA.
2247 414 2316 425 —
2340 385 2469 442 LIB.
2512 385 2574 443 η.

3429 401 3533 456 558

302 483 522 537 λεύκειαν
556 482 779 554 συνόδῳ,
806 482 921 581 ’καὶ
953 486 1021 556 τῇ
1054 485 1238 541 πίστει
1274 490 1385 546 τῶν
1418 494 1549 563 περὶ
1593 494 1825 549 Ἀκάκιοε

1950 505 2006 552 et
2052 497 2179 553 ﬁdei
2208 499 2320 555 illic
2351 502 2422 557 ab
2463 503 2664 559 Acacio
2706 503 2868 559 editae
2898 504 3339 581 subscripsisset,
3387 523 3537 567 recta

297 573 621 646 ὖτογράψας,
659 574 737 638 ὡς
777 570 924 646 εἶχεν
957 577 1051 630 ἐπὶ
1086 578 1190 647 τὴν
1235 580 1465 653 Βέροιαν
1506 584 1843 658 ἀνεχώρησε.

298 664 574 735 Γενομένης
596 665 655 717 δὲ
678 666 776 737 τῆς
807 667 866 720 ἐν
891 667 1309 725 κωνσταντίνου
1338 672 1492 728 πόλει
1520 675 1760 739 συνόδου,
1795 680 1846 732 ot

297 758 345 809 tv
377 755 671 828 Ἀντιοχείᾳ
699 757 995 829 πυθόμενοι
1026 760 1119 814 τὸν
1159 762 1408 831 Εὑδόξιον
1434 782 1848 839 καταπεφρονη-

302 847 430 901 κέναι
457 848 556 917 μὲν
575 848 679 917 τῆς
704 849 885 904 αὐτῶν
923 851 1270 922 Ἐκκλησίας,
1302 855 1395 909 επὶ
1412 855 1471 910 δὲ
1496 856 1589 911 τὸν
1616 858 1846 915 πλοῦτον

290 938 898 1003 Κωνσταντινουπόλεως
922 940 1370 1009 ἀποκεκλικέναι,
1414 947 1845 1018 μεταπεμψάμε-

291 1045 357 1081 νοι
374 1027 458 1081 τὸν
478 1029 743 1083 Μελέτιον
756 1029 787 1070 ιι
811 1032 877 1085 ὲκ
900 1032 999 1103 τῆς
1014 1033 1263 1106 Βεροίας,
1285 1037 1366 1100 είς
1381 1036 1482 1108 τὴν
1512 1038 1843 1110 Ἀντιοχείας

301 1118 608 1189 Ἐκκλησίαν
640 1121 1056 1193 δνθρονίζουσιν.
1095 1126 1156 1179 '0
1196 1126 1275 1193 δὲ,
1321 1127 1538 1199 πρῶτον
1568 1131 1670 1200 μὲν
1715 1133 1844 1204 περὶ

287 1209 530 1279 δόγματος
583 1210 927 1279 διαλέγεσθαι
982 1213 1355 1287 ὑπερετίθετο,
1410 1218 1580 1288 μόνην
1627 1220 1685 1274 δὲ
1740 1221 1840 1294 τὴν

284 1299 457 1369 ἠθικὴν
497 1299 851 1355 διδασκαλίαν
883 1305 993 1366 τοῖς
1036 1304 1333 1375 ἀκροαταῖς
1378 1312 1675 1381 προσήκειν
1702 1311 1836 1382 (96).

283 1391 582 1461 Προόαίνων
606 1392 690 1456 δὲ,
725 1392 824 1463 τὴν
843 1395 902 1446 ὲν
934 1392 1137 1467 Νικαία
1159 1398 1487 1468 παρετίθετο
1521 1401 1724 1466 πίστιν,
1746 1404 1841 1457 καὶ

276 1482 496 1537 διδάσκει
517 1482 581 1536 τὸ
600 1483 890 1554 ὀμοούσιον
908 1496 953 1539 ο.
977 1486 1161 1541 Ταῦτα
1184 1490 1493 1561 πυθόμενος
1510 1495 1538 1546 ό
1567 1492 1838 1562 βασιλεὺς,

279 1575 355 1628 τὸν
384 1575 479 1645 μὲν
494 1574 767 1646 ἐξόριστον
787 1576 1041 1644 γενέσθαι
1063 1578 1350 1634 ἐκέλευσεν
1376 1599 1389 1611 ο
1414 1580 1656 1646 Εὑζὼῖον
1674 1586 1730 1640 δὲ
1750 1585 1841 1639 τὸν

272 1667 362 1737 ἤδη
389 1668 650 1739 πρότερον
675 1666 794 1739 ἅμα
832 1670 1028 1741 ’Δρείῳ
1060 1671 1478 1743 καθαιρεθέντα,
1500 1676 1601 1747 τῆς
1639 1678 1841 1731 Ἀντιο-

276 1756 408 1825 χείας
429 1756 728 1810 ἐπίσκοπον
762 1760 1214 1832 προχειρισθῆναι
1239 1763 1563 1834 πεποίηκεν.
1599 1766 1753 1821 Ὅσοι
1781 1767 1838 1821 δὲ

1949 588 2079 645 inde
2111 589 2359 647 Beroeam
2390 594 2616 665 repetiit
2683 596 2931 652 Posthac
2957 600 3192 657 concilio
3222 601 3366 673 apud
3397 601 3534 658 Con-

1947 682 2361 754 stantinopolim
2378 697 2727 758 congregato,
2748 688 3075 747 Antiocheni
3087 709 3210 748 cum
3226 694 3534 751 Eudoxium

1942 772 2369 841 comperissent,
2404 784 2588 845 spreta
2608 776 2851 847 ipsorum
2877 779 3144 847 Ecclesia,
3169 783 3237 837 ad
3264 782 3535 840 Constan-

1946 858 2320 930 tinopolitanae
2345 863 2494 918 sedis
2516 863 2855 934 opulentiam
2885 869 3229 934 transiliisse,
3259 870 3533 925 Meletium

1945 948 2141 1005 Beroea
2164 952 2422 1017 accitum,
2451 954 2508 1008 in
2542 955 2670 1010 sede
2698 957 3036 1013 Antiochena
3059 960 3346 1015 collocant.
3380 963 3566 1033 161"

1944 1039 2046 1095 Hic
2089 1041 2251 1097 initio
2295 1043 2521 1113 quidem
2556 1044 2625 1101 de
2683 1046 3032 1119 dogmatibus
3081 1049 3209 1106 ﬁdei
3260 1052 3534 1109 disserere

1942 1135 2273 1203 supersedit,
2299 1139 2581 1209 solamque
2598 1156 2811 1197 morum
2846 1143 3151 1200 doctrinam
3189 1147 3534 1205 auditoribus

1942 1227 2061 1282 suis
2109 1228 2357 1285 tradidit.
2412 1231 2714 1303 Progressa
2755 1250 2888 1291 vero
2936 1239 3218 1309 temporis,
3259 1240 3531 1296 Nicaenam

1941 1317 2050 1375 illis
2090 1318 2257 1376 ﬁdem
2284 1324 2560 1393 exposuit,
2603 1332 2661 1379 et
2699 1326 3185 1384 consubstantialis
3224 1330 3531 1387 doctrinam

1939 1423 2187 1467 asserere
2214 1414 2399 1484 coepit.
2427 1412 2560 1481 Quae
2586 1431 2711 1470 cum
2736 1419 3039 1489 accepisset
3064 1421 3385 1492 imperator,
3404 1440 3529 1478 eum

1939 1499 2160 1569 quidem
2187 1502 2421 1574 relegari
2447 1504 2642 1575 jussit:
2680 1506 2947 1562 Euzoium
2974 1525 3124 1576 vero,
3154 1513 3249 1582 qui
3273 1528 3380 1568 una
3404 1530 3529 1569 cum

1939 1591 2072 1647 Ario
2092 1592 2223 1647 olim
2263 1594 2548 1665 depositus
2600 1596 2801 1663 fuerat,
2840 1600 3228 1657 Antiochensis
3275 1603 3529 1661 Ecclesia).

1939 1685 2245 1740 antistitem
2281 1686 2413 1742 fecit
2459 1690 2793 1759 promoveri.
2847 1691 3051 1746 Verum
3098 1701 3368 1764 quotquot
3403 1712 3535 1766 pro-

1938 1789 2111 1845 penso
2133 1793 2263 1849 erga
2291 1778 2572 1835 Meletium
2618 1782 2803 1837 animo
2829 1792 3011 1849 erant,
3055 1785 3249 1840 relicto
3298 1785 3532 1842 Ariano-

273 1845 358 1915 τὴν
389 1845 523 1916 πρὸς
540 1845 800 1902 Μελέτιον
822 1849 1066 1904 διάθεσιν
1087 1850 1311 1917 ἔσωζον.
1350 1856 1747 1923 καταλιπόντες
1767 1861 1825 1913 τὸ

1934 1883 2056 1923 rum
2084 1878 2250 1937 metu,
2279 1873 2574 1941 separatim
2596 1885 2903 1931 conventus
2925 1886 3189 1948 egerunt:
3222 1892 3346 1932 cum
3373 1879 3410 1933 ii
3431 1880 3527 1949 qui

284 1937 604 2008 Ἀρειανικδν
653 1939 961 2012 ἄθροισμα,
1008 1945 1131 1997 κατ’
1183 1944 1319 1998 ἰδίαν
1354 1945 1453 2010 τὰς
1504 1952 1832 2019 συναγωγὰς

259 2030 582 2100 ἐποιήσαντο
600 2048 615 2062 ο
636 2031 747 2085 τῶν
774 2031 838 2086 τὸ
869 2032 1156 2104 ὀμοούσιον
1182 2036 1243 2102 ἐξ
1274 2038 1452 2108 ἀρχῆς
1488 2039 1834 2110 φρονούντων

272 2120 338 2193 μὴ
357 2110 700 2193 θελησάντων
712 2124 901 2189 αὐτοῖς
924 2129 1224 2192 κοινωνεῖν,
1242 2127 1375 2183 διότι
1393 2132 1459 2184 ὲκ
1484 2130 1588 2201 τῆς
1628 2133 1835 2204 Ἀρεια-

269 2212 354 2282 Vili
386 2211 567 2285 ψήφου
608 2213 707 2284 τὴν
764 2217 1105 2287 χειροτονίαν
1153 2218 1422 2285 Μελὲτιος
1455 2217 1569 2293 εἶχε
1612 2222 1830 2278 λαϐὼν·

262 2302 353 2354 καὶ
366 2302 445 2355 ὅτι
460 2303 932 2375 ἀκολουθήσαντες
956 2308 1126 2379 αὐτῷ,
1140 2310 1236 2363 ὑπ’
1259 2312 1483 2366 ἐκείνων
1503 2310 1831 2383 βαπτισθέν-

266 2407 348 2454 τες
366 2391 683 2463 ἐτύγχανον.
714 2395 917 2449 Τοῦτον
951 2398 1053 2468 μὲν
1089 2394 1185 2452 οὖν
1213 2399 1308 2453 τὸν
1334 2401 1559 2472 τρόπον,
1586 2406 1684 2458 καὶ
1706 2407 1740 2477 ἡ
1770 2407 1831 2459 ἐν

268 2480 564 2555 ’Δντιοχείᾳ
618 2484 914 2557 Ἐκκλησία
953 2489 1034 2552 είς
1080 2488 1269 2562 ιτερον
1313 2488 1568 2563 ὁμόδοξον
1614 2496 1830 2569 διετέθη

262 2574 437 2646 μέρος.
464 2576 524 2628 '0
551 2574 736 2646 μέντοι
766 2575 1041 2646 βασιλεὺς,
1058 2578 1367 2651 πυθόμενος
1386 2583 1653 2638 κινεῖσθαι
1668 2585 1831 2640 πάλιν

264 2665 391 2718 κατὰ
432 2666 724 2737 Ῥωμαίων
754 2667 827 2721 τὰ
862 2668 1089 2741 Περσῶν
1134 2670 1285 2744 ἔθνη,
1329 2673 1544 2745 ταχέως
1592 2677 1687 2731 ἀπὶ
1730 2677 1831 2751 τὴν

273 2756 589 2828 Ἀντιόχειαν
618 2756 901 2830 ὥρμησεν.

817 2872 1068 2930 ΚΕΦΑΛ.
1109 2874 1246 2931 ME’.

524 2960 669 3030 Περὶ
702 2960 817 3032 τῆς
844 2964 1218 3021 Μακεδονίαν
1240 2968 1544 3040 αίρέσεως.

320 3050 651 3117 Μακεδόνιος
691 3053 749 3108 δὲ
801 3056 900 3127 τῆς
951 3057 1574 3129 Κωνσταντινουπόλεως
1631 3066 1830 3139 ἑκϐληυ

1934 1958 2004 2013 ab
2030 1959 2190 2016 initio
2243 1964 2732 2021 consubstantialis
2777 1966 3085 2023 doctrinam
3130 1968 3523 2040 probaverant,

1931 2054 2372 2110 communionem
2413 2056 2658 2127 ipsorum
2688 2059 3038 2131 refugissent,
3078 2076 3145 2116 eo
3174 2061 3322 2131 quod
3358 2061 3525 2117 Mele-

1932 2140 2043 2196 tius
2065 2142 2406 2200 Arianorum
2443 2147 2704 2220 suffragio
2730 2150 3016 2206 ordinatus
3049 2150 3263 2217 fuisset,
3313 2152 3524 2223 ipsique

1929 2234 2050 2304 ejus
2084 2245 2387 2293 sectatores
2424 2239 2758 2310 baptismum
2786 2241 2856 2296 ab
2888 2242 3082 2296 iisdem
3131 2242 3524 2313 suscepissent.

1929 2322 2012 2379 Ad
2040 2326 2186 2382 hunc
2212 2328 2437 2383 modum
2461 2330 2850 2387 Antiochensis
2872 2348 3091 2403 quoque
3121 2332 3367 2388 Ecclesia
3383 2333 3521 2390 duas

1932 2414 1991 2469 in
2021 2426 2229 2487 partes,
2260 2418 2391 2475 licet
2415 2420 2474 2475 in
2508 2420 2760 2477 doctrina
2790 2422 2918 2477 ﬁdei
2961 2422 3396 2489 consentientes,
3432 2424 3519 2480 di-

1928 2506 2046 2561 visa
2070 2516 2171 2562 est.
2189 2508 2404 2565 Interea
2424 2510 2742 2583 imperator,
2764 2528 2891 2568 cum
2920 2513 3026 2585 ipsi
3054 2514 3369 2571 nuntiatum
3388 2514 3519 2572 fuis-

1929 2607 2015 2652 set
2061 2599 2257 2656 Persas
2297 2601 2500 2657 iterum
2539 2603 2946 2674 expeditionem
2991 2620 3217 2662 movere
3256 2605 3519 2666 adversus

1928 2688 2227 2761 Romanos,
2254 2707 2489 2765 propere
2510 2694 2859 2750 Antiochiam
2884 2697 3151 2767 perrexit.

2552 2888 2701 2946 CAP.
2732 2890 2893 2948 XLV.

2407 2978 2483 3035 De
2520 2983 2709 3036 haeresi
2728 2982 3045 3039 Macedonii.

1997 3070 2068 3125 At
2092 3069 2469 3136 Macedonius,
2498 3072 2590 3142 qui
2615 3070 3088 3144 Constantinopoli
3110 3075 3371 3145 expulsus
3397 3076 3506 3133 fue-

249 3143 381 3207 θεὶς,
413 3147 508 3199 καὶ
550 3146 627 3217 μὴ
660 3147 843 3219 φέρων
893 3149 991 3221 τὴν
1041 3153 1361 3223 καταδίκην,
1408 3156 1700 3228 ἡσυχάζειν
1738 3160 1825 3213 οὑ-

1929 3171 2035 3228 rat,
2084 3163 2598 3221 condemnationem
2634 3164 2826 3236 iniquo
2874 3167 3059 3222 animo
3108 3167 3324 3234 ferens,
3360 3171 3513 3239 quie-

252 3236 431 3305 δαμῶς
467 3239 754 3309 ἠνείχετοο
785 3241 922 3296 ἀλλὰ
959 3242 1237 3297 ἀποκλίνει
1275 3245 1373 3316 μὲν
1411 3249 1548 3319 πρὸς
1576 3250 1703 3316 τοὺς
1735 3252 1825 3307 τοῦ

1934 3268 2084 3307 scere
2108 3253 2529 3325 haudquaquam
2559 3256 2850 3324 sustinuit;
2878 3256 2974 3312 sed
3000 3257 3068 3312 ad
3092 3257 3319 3315 alterius
3340 3236 3512 3330 partis

252 3327 432 3397 ἑτέρου
469 3330 691 3401 μέρους,
736 3330 786 3385 οἳ
836 3333 893 3385 ὲν
936 3334 1005 3404 τῇ
1059 3333 1350 3408 Σελευκείᾳ
1405 3337 1655 3393 καθεῖλον
1702 3342 1830 3406 τοὺς

254 3418 377 3487 περὶ
418 3420 694 3475 ’Δκάκιον.
726 3422 1155 3493 Διεπρεσσεύετο
1184 3426 1242 3479 δὲ
1268 3429 1405 3499 πρός
1437 3446 1497 3482 τε
1523 3432 1830 3501 Σωφρόνιον

252 3511 345 3563 καὶ
379 3510 670 3577 Ἐλευσιον,
702 3514 1025 3585 ἀντέχεσθαι
1053 3517 1152 3588 μὲν
1179 3520 1278 3588 τῆς
1326 3520 1588 3593 πρότερον
1615 3525 1673 3577 ἐν
1710 3524 1830 3577 Ἀν-

258 3605 456 3675 τιοχείᾳ
484 3606 801 3677 ὲκτεθείσης
834 3608 1093 3675 πίστεως,
1123 3613 1439 3682 μεταταῦτα
1460 3615 1515 3667 δὲ
1547 3617 1604 3668 ἐν
1633 3615 1820 3669 Σελευ-

255 3694 373 3765 κείᾳ
428 3696 859 3770 βεόαιωθείσης,
911 3701 1006 3754 καὶ
1064 3705 1379 3776 παρασήμῳ
1439 3706 1664 3777 ὀνόματι
1711 3706 1822 3777 (97)

1924 3344 2231 3415 episcopos,
2271 3344 2365 3415 qui
2395 3345 2540 3416 apud
2571 3347 2877 3403 Seleuciam
2903 3349 3163 3405 Acacium
3196 3367 3320 3409 cum
3349 3353 3512 3408 sociis

1925 3436 2325 3505 deposuerant,
2367 3441 2739 3507 transgressus
2774 3446 2878 3493 est.
2924 3438 3084 3495 Missa
3133 3440 3299 3510 igitur
3323 3440 3391 3495 ad
3413 3439 3510 3495 So-

1928 3524 2225 3589 phronium
2259 3534 2316 3581 et
2360 3526 2645 3583 Eleusium
2688 3530 2983 3600 legatione,
3032 3530 3285 3586 hortatus
3332 3539 3509 3587 estut

1923 3631 2046 3671 eam
2102 3616 2267 3672 ﬁdem
2324 3634 2446 3689 quas
2491 3619 2798 3677 Antiochiae
2853 3621 3093 3693 primum
3141 3624 3386 3693 exposita
3442 3638 3508 3679 ac

1924 3707 2122 3765 deinde
2146 3708 2409 3766 Seleuciae
2440 3711 2760 3769 conﬁrmata
2800 3712 3009 3782 fuerat,
3058 3715 3335 3771 mordicus
3380 3716 3508 3770 reti-

1442 3883 1713 3939 VALESII
1747 3884 2299 3944 ANNOTATIONES.

305 3991 425 4115 (S96)
492 3989 625 4057 Τοῖς
674 3993 993 4062 ἀκροαταῖς
1050 3996 1413 4066 προσήκειν.
1457 3997 1824 4053 Scribendum

342 4072 464 4115 etur
494 4070 776 4115 παοεῖνεν.
804 4066 889 4115 vel
934 4069 1227 4115 προσῆγεν-
1255 4069 1427 4115 Porro
1468 4085 1666 4115 nomen
1709 4069 1823 4115 Me—

248 4062 464 4135 yidetur
494 4070 776 4135 παρεῖχεν.
804 4066 889 4119 vel
934 4062 1427 4135 προσῆγεν.Ῥοιϊο
1468 4085 1668 4123 nomen
1709 4069 1823 4123 Me-

249 4129 384 4209 lctii,
421 4142 536 4209 tum
570 4129 695 4198 hic,
711 4142 828 4188 tum
863 4129 1015 4209 alibi,
1044 4129 1412 4193 di'v'ersimode
1432 4139 1698 4209 scriptum
1731 4154 1824 4193 re-

246 4203 443 4270 perias.
486 4202 590 4257 Per
618 4224 635 4258 ι
665 4212 847 4259 tamen
878 4207 1045 4261 scribi
1081 4209 1287 4262 malim.
1322 4209 1473 4263 lianc
1492 4202 1640 4262 enim
1681 4209 1822 4263 scri-

247 4280 460 4352 pturam
480 4275 775 4352 conﬁrmat
788 4276 1488 4352 Gregorius__lflazianz_enus
1509 4278 1564 4352 in
1578 4278 1821 4352 carmine

248 4342 478 4399 iambico
519 4343 598 4400 De
631 4347 763 4411 ,vita
792 4342 927 4413 sua;
944 4347 1039 4402 ubi
1081 4347 1239 4404 illum
1278 4348 1497 4420 μέλιτος
1536 4348 1821 4419 ἐπώνυμον

242 4423 416 4468 vocat.

316 4485 422 4557 {97)
475 4486 819 4557 Παρασήμῳ
864 4487 1125 4556 ὀνόματι.
1162 4488 1321 4543 llunc
1360 4488 1542 4543 locum
1588 4503 1699 4543 non
1734 4487 1823 4543 in-

238 4553 586 4639 icllexerunt:
618 4553 978 4639 interpretes.
1019 4556 1123 4639 Qui
1163 4569 1348 4614 tamen
1382 4575 1464 4639 ,οι
1515 4557 1755 4639 Harpocr

254 4622 406 4681 tionis
455 4626 661 4685 Lexico
699 4622 912 4684 discere
942 4622 1219 4697 poterant,
1250 4628 1580 4700 παράσημον
1616 4622 1826 4699 signiti-

1019 4556 1123 4624 Qui
1163 4569 1348 4614 tamen
1396 4575 1464 4611 ex
1515 4557 1860 4627 Harpocra-’

1921 4016 2052 4055 care
2097 4000 2514 4074 adulterinum,
2563 4003 2884 4071 metaphora
2933 4013 3152 4074 sumpta
3207 4019 3240 4060 a
3285 4020 3502 4063 moneta

1921 4087 2044 4152 quae
2087 4071 2280 4153 falsam
2332 4072 2500 4126 habet
2542 4079 2750 4126 notam.
2792 4071 3138 4156 Ὀμοιούσιον
3164 4085 3188 4114 θ
3221 4076 3502 4200 ἓᾶῗοὶεἰο

1921 4157 2070 4196 enim
2115 4142 2472 4196 scribendum
2524 4149 2609 4195 est
2653 4156 2721 4195 ex
2779 4152 3173 4200 manuscrmtrs
3325 4161 3394 4199 lCl
3437 4161 3502 4200 us

1919 4142 2070 4213 enim
2115 4141 2472 4213 scribendum
2513 4149 2609 4213 est
2638 4156 2721 4213 ex
2756 4144 3173 4213 manuscriptis
3221 4141 3503 4201 codicibus

1920 4210 2242 4266 Florentino
2271 4220 2329 4265 et
2357 4209 2657 4277 Sfortiano)
2703 4209 3078 4268 adulterinum
3112 4228 3311 4268 nomen
3343 4226 3500 4271 vocat

1920 4279 2195 4354 Socrates,
2215 4297 2281 4336 eo
2302 4280 2448 4354 quod
2470 4292 2793 4354 corruptum
2817 4283 2888 4337 sit
2919 4291 2975 4337 et
2999 4284 3367 4339 adulteratum
3400 4301 3502 4354 pro

1925 4352 2232 4421 δμοούσιον,
2269 4352 2414 4421 quod
2444 4367 2589 4406 verae
2628 4367 2693 4406 ac
2734 4353 2965 4408 sincerae
2995 4354 3123 4408 ﬁdei
3154 4368 3356 4408 nomen
3392 4352 3497 4409 est.

1924 4420 2097 4495 Porro
2116 4420 2376 4495 Acaciani
2408 4430 2527 4495 tam
2547 4422 2871 4491 ὁμοιούσιον,
2887 4439 3071 4495 Aquam
3095 4425 3499 4495 61.1.0066tov7l'e-

1917 4490 2189 4563 jieiebant
2213 4510 2225 4544 :
2252 4494 2467 4563 apocov
2496 4490 2762 4548 duntaxat
2797 4490 3143 4563 retinentes:
3170 4492 3498 4550 vocabulum

1924 4570 2109 4616 autem
2140 4561 2324 4627 οὐσίας
2348 4561 2569 4633 penitus
2603 4572 2984 4633 aspernantes.

1662 4782 2047 4842 VARIORUM.

307 4894 335 4935 ⁸
362 4898 671 4973 Meleager.
706 4895 866 4973 Anno
887 4896 1261 4973 56!__ineunte_,
1293 4892 1564 4973 Meletius,
1594 4896 1815 4973 vir_pie-
1846 4900 1889 4955 ι)
1918 4895 2099 4973 potior
2154 4892 2743 4973 Ariano_rum,nEuzoio
2774 4894 3052 4973 episcopo.
3102 4892 3351 4973 secunda
3384 4893 3497 4953 Me-

240 4971 370 5029 late,
409 4966 794 5031 sanctimonia,
858 4966 1169 5020 eruditione
1229 4966 1477 5035 insignis,
1530 4966 1713 5020 studio
1760 4976 1817 5021 et

240 5048 405 5103 Opera
437 5038 794 5116 Arianorum,
832 5036 926 5116 qui
966 5052 1076 5089 non
1122 5044 1205 5089 sat
1232 5044 1515 5116 explorato
1536 5038 1660 5116 ejus
1694 5037 1815 5116 ani-

241 5121 347 5167 mo,
390 5107 534 5161 inter
579 5121 710 5161 suos
763 5106 1041 5160 hominem
1081 5106 1568 5169 connumeralxant,
1604 5106 1659 5159 in
1695 5107 1816 5176 epi-

239 5190 458 5246 scopum
496 5177 899 5231 Antiochenum
954 5176 1199 5230 delectus
1240 5184 1341 5230 est.
1384 5177 1607 5239 Verum,
1647 5185 1710 5231 ut
1758 5179 1813 5231 in

239 5251 388 5300 tanto
415 5263 645 5302 munere
680 5248 772 5300 vix
813 5247 988 5300 latere
1039 5254 1221 5316 potest
1258 5246 1391 5316 quid
1420 5246 1651 5316 quisque
1686 5261 1813 5301 sen-

239 5316 355 5377 tiat,
390 5332 510 5388 cum
541 5317 888 5388 potissimum
919 5316 1009 5370 ille
1039 5315 1142 5370 nec
1172 5315 1406 5388 obscure
1433 5318 1492 5388 τδ
1525 5315 1812 5388 ὁμοούσιον

235 5385 559 5457 νιτωῑωτεῐ
622 5394 1128 5457 propugnaretque,
1180 5385 1409 5449 Ariani,
1459 5386 1802 5456 deprehensa

235 5456 354 5530 ejus
389 5456 658 5538 doctrina,
678 5456 1037 5538 deturbatum
1076 5472 1141 5536 ex
1182 5457 1521 5538 episcopatu.
1543 5465 1806 5538 curarunt

237 5522 291 5597 in
320 5529 569 5581 exsilium
601 5526 867 5597 ablegari,
901 5542 1023 5580 cum
1043 5525 1132 5579 vix
1156 5522 1389 5596 triginta
1409 5526 1640 5581 sedisset
1664 5527 1803 5592 dies,

234 5592 293 5643 in
328 5599 550 5666 ejusque
584 5592 766 5652 locum
797 5598 1062 5651 Euzoinm
1087 5592 1433 5664 cooptarunt,
1463 5611 1807 5666 nequaquam

234 5676 542 5733 suspectum
574 5669 702 5732 sibi,
730 5684 830 5723 nec
857 5667 1037 5720 dubias
1061 5666 1184 5721 fidei
1216 5666 1513 5730 hominem,
1539 5666 1631 5719 sed
1650 5666 1808 5721 Aria-

233 5746 391 5809 t_:_um,
437 5738 759 5809 Arianasque
816 5737 1091 5809 haereseos
1134 5736 1405 5809 vindicem
1449 5736 1806 5809 acerrimum.

239 5802 375 5861 llinc
413 5818 521 5865 tres
546 5810 600 5864 in
633 5802 820 5879 partes
843 5808 1103 5862 distracta
1130 5807 1342 5862 civitas.
1374 5806 1554 5859 Prima
1581 5821 1812 5863 numero

1939 4967 2244 5020 etianorum
2273 4965 2368 5033 qui
2402 4964 2458 5017 in
2507 4964 2680 5020 Palaea
2725 4979 2821 5018 seu
2854 4965 3028 5019 veteri
3063 4964 3198 5019 urbe
3235 4966 3488 5024 collectas

1915 5037 2168 5105 agebant,
2211 5050 2242 5088 a
2272 5034 2487 5105 Meletio
2517 5049 2702 5105 sanam
2733 5033 2909 5105 edocti
2947 5035 3128 5088 fidem.
3163 5034 3345 5088 Tertia
3379 5036 3491 5088 Eu-

1917 5103 2340 5170 stathianorum,
2377 5119 2406 5157 a
2449 5103 2504 5159 S.
2533 5104 2841 5174 Eustathio
2884 5106 3015 5158 olim
3069 5105 3346 5174 episcopo.
3387 5105 3486 5173 (Cl.

1916 5175 2172 5230 monachi
2205 5173 2541 5245 Benedictini
2571 5173 2669 5227 Vit.
2694 5174 2951 5245 Athanas.
2978 5175 3042 5229 ad
3067 5173 3195 5228 ann.
3214 5173 3359 5245 56l).
3385 5175 3491 5245 Alii

1916 5254 2100 5323 autem
2144 5245 2422 5323 Meletium
2445 5244 2704 5323 formulae
2739 5244 3023 5323 Aeaciana:
3061 5245 3359 5323 in__s_):nodo
3389 5244 3489 5323 Sc-

1915 5315 2178 5370 leuciensi
2247 5314 2639 5384 subscripsisse
2706 5315 3002 5370 observant
3052 5314 3490 5384 :Philostorgius

1912 5385 2075 5449 lib.v,
2101 5399 2221 5454 cap.
2252 5386 2303 5450 l,
2337 5383 2514 5454 ipsum
2536 5385 2595 5437 τὸ
2616 5384 2917 5454 ἐτερούσιον
2945 5384 3251 5447 simulasse,
3279 5383 3488 5454 etAri-

1913 5401 2075 5449 IID.V,
2101 5401 2161 5440 ca
2209 5424 2221 5437 .
2252 5401 2303 5450 ι,
2337 5401 2514 5454 ipsum
2536 5401 2595 5437 το
2616 5401 2917 5454 ετερουσιον
2945 5401 3251 5447 ειιηιιιθεδρ,
3279 5401 3334 5438 et
3362 5401 3488 5436 AH-

1908 5457 2141 5510 minensi
2167 5401 2412 5510 Formulae
2435 5454 2822 5510 subscripsisse
2850 5456 3099 5509 aflirmat.
3115 5454 3285 5508 Aliter
3309 5453 3489 5506 Theo-

1909 5526 2070 5580 dorit.
2103 5524 2241 5580 llist.
2269 5526 2367 5582 lib.
2404 5541 2462 5590 ιι,
2501 5540 2621 5594 cap.
2651 5521 2744 5588 31,
2776 5533 2833 5579 et
2864 5525 3135 5595 Epiphan.
3170 5524 3364 5577 haeres.
3396 5521 3485 5585 73,

1911 5613 1965 5651 η.
1999 5596 2087 5658 29,
2120 5604 2225 5649 etc.

1986 5677 2009 5704 ε
2041 5664 2410 5719 Eruditissimi
2445 5662 2784 5718 Benedictini
2816 5663 2871 5716 in
2918 5663 3177 5717 Athanas.
3210 5662 3284 5713 Dc
3322 5671 3488 5723 syno-

1913 5735 2019 5799 dis,
2053 5752 2170 5805 pag.
2213 5736 2336 5799 746,
2364 5736 2506 5788 hanc
2536 5750 2727 5787 vocem
2751 5734 3090 5805 δμοιοούσιον
3119 5729 3391 5794 scribunt,
3430 5737 3489 5786 et

1915 5806 1992 5863 sic
2020 5802 2145 5861 esse
2166 5804 2513 5861 scribendam
2536 5802 2899 5857 contendunt.
