4026 6338
437 354 542 429 ses

1941 348 2279 406 SOCRATIS

3578 345 3686 402 566

442 486 518 541 ris
559 482 864 540 dicebatur.
908 478 978 535 Et
1003 484 1158 549 pater
1181 471 1403 545 quidem
1438 466 1745 542 presbyteri
1778 465 2009 537 gradum

2127 462 2519 534 Ἀπολινάριος.
2571 455 2669 516 Ὧν
2700 463 2728 516 6
2771 461 2866 533 μέν
2907 459 3107 533 πατὴρ.
3153 458 3249 513 τοῦ
3291 458 3690 549 πρεσϐυτερίου

443 577 500 631 in
526 574 769 630 Ecclesia
790 568 1073 625 obtinebat
1092 607 1106 631 ,
1129 564 1276 619 ﬁlius
1296 576 1427 617 vero
1443 559 1667 616 lectoris
1678 555 2015 626 fungebatur

443 664 640 721 oﬁicio.
702 661 876 718 Ambo
917 656 1227 713 Graecarum
1290 649 1704 718 disciplinarum
1747 641 2013 714 magistri.

444 758 601 812 Pater
623 734 1030 824 grammaticam
1060 743 1324 806 docebat;
1357 739 1505 794 ﬁlius
1533 735 1882 792 rhetoricam.
1910 735 2017 789 Pa-

444 855 527 903 ter
554 842 821 905 oriundus
870 839 975 894 fuit
1018 832 1367 896 Alexandria,
1394 844 1630 899 cumque
1671 826 1853 898 Beryti
1901 826 2019 895 pri-

443 951 595 993 mum
631 932 934 993 docuisset,
968 933 1158 997 postea
1188 922 1514 978 Laodiceam
1554 918 1903 989 migraverat,
1933 926 2018 969 at-

443 1043 551 1099 que
569 1025 667 1090 ibi,
695 1023 858 1077 ducta
887 1032 1079 1082 uxore,
1108 1015 1282 1069 ﬁlium
1312 1029 1381 1068 ex
1394 1027 1459 1067 ea
1480 1016 1797 1081 susceperat
1814 1007 2021 1078 Apolli-

443 1131 654 1173 narem.
689 1110 945 1167 Florebat
968 1106 1161 1163 eodem
1188 1114 1431 1174 tempore
1465 1118 1575 1158 una
1599 1117 1725 1157 cum
1750 1101 1860 1156 illis
1886 1100 2018 1169 Epi-

441 1208 677 1280 phanius
702 1201 965 1273 sophista.
1004 1197 1104 1254 Cui
1125 1212 1250 1252 cum
1286 1201 1470 1253 essent
1495 1193 1802 1249 arctissimo
1827 1191 2019 1246 amici-

444 1302 534 1354 tiae
560 1295 780 1353 vinculo
826 1289 1126 1362 conjuncti,
1156 1287 1304 1342 omni
1341 1286 1525 1341 studio
1574 1299 1702 1340 eum
1742 1282 2018 1338 fovebant.

444 1388 763 1444 Theodotus
804 1396 937 1438 vero
978 1379 1319 1435 Laodicenus
1359 1377 1669 1447 episcopus,
1701 1373 1911 1428 veritus
1952 1388 2022 1428 ne

444 1479 664 1535 assidua
697 1473 939 1530 hominis
983 1466 1383 1525 consuetudine
1426 1464 1689 1535 paulatim
1734 1462 1800 1517 ad
1849 1462 2024 1533 genti-

444 1569 581 1621 lium
635 1561 1081 1634 superstitionem
1136 1557 1554 1620 delaberentur,
1600 1551 1777 1608 vetuit
1828 1567 1898 1607 ne
1953 1551 2021 1606 ad

446 1635 602 1712 illum
630 1658 933 1709 ventarent.
966 1649 1036 1705 At
1064 1648 1142 1704 illi
1167 1646 1319 1718 parvi
1346 1645 1648 1717 pendentes
1681 1644 2019 1714 episcopum,

447 1748 741 1806 amicitiam
791 1743 1081 1814 Epiphanii
1133 1745 1447 1796 constanter
1488 1738 1853 1793 retinuerunt.
1892 1737 2022 1790 Post

446 1842 565 1895 haec
605 1806 871 1908 Georgius
897 1806 1211 1889 successor
1259 1829 1550 1895 Theodoti,
1605 1829 1674 1884 ab
1725 1827 2018 1898 Epiphanii
2052 1806 2093 1861 Β

447 1928 846 1987 consuetudine
895 1940 993 1981 eos
1050 1924 1285 1979 avellere
1341 1927 1598 1987 conatus,
1632 1933 1756 1974 cum
1817 1918 1872 1973 id
1911 1917 2021 1973 illis

446 2019 779 2092 persuadere
821 2031 935 2072 non
965 2013 1255 2086 potuisset,
1295 2018 1591 2079 utrumque
1634 2007 2019 2067 communione

447 2111 751 2167 mulctavit.
786 2109 846 2163 ld
891 2107 1093 2162 factum
1134 2101 1463 2175 Apollinaris
1492 2100 1639 2155 ﬁlius
1678 2099 2023 2154 contumelia:

446 2207 570 2260 loco
598 2202 772 2257 duxit.
820 2200 890 2255 Et
926 2196 1222 2268 sOphistica
1266 2191 1484 2250 dicendi
1538 2191 1795 2247 facultate
1824 2190 2018 2258 fretus,

446 2309 645 2350 novam
680 2294 797 2362 ipse
827 2304 1047 2360 quoque
1082 2287 1336 2341 haeresim
1363 2283 1629 2349 condidit,
1663 2297 1786 2353 quae
1831 2283 1900 2337 ab
1921 2297 2021 2336 au-

449 2383 620 2440 ctoris
672 2380 894 2435 nomine
948 2377 1216 2447 appellata
1285 2375 1582 2430 etiamnum
1646 2371 1805 2444 165.
1853 2373 2017 2443 viget.

451 2473 592 2529 Sunt
645 2471 740 2541 qui
784 2469 971 2527 dicant
1021 2466 1145 2521 illos
1175 2481 1206 2520 a
1243 2463 1476 2534 Georgio
1528 2462 1870 2529 dissensisse,
1912 2478 2022 2517 non

450 2572 562 2619 tam
587 2563 658 2618 ob
689 2575 909 2616 causam
934 2573 1099 2628 supra
1139 2562 1639 2621 commemoratam,
1678 2569 1841 2624 quam
1875 2553 2023 2625 quod

451 2656 606 2709 illum
630 2653 881 2708 viderent
922 2647 1159 2704 absurda
1191 2646 1476 2702 docentem
1508 2651 1594 2699 :et
1625 2659 1773 2699 nunc
1799 2644 2023 2714 quidem

451 2744 818 2815 proﬁtentem,
842 2740 1043 2795 Filium
1071 2737 1217 2793 Patri
1231 2737 1466 2792 similem
1495 2749 1638 2800 esse,
1665 2734 2023 2804 quemadmo-

448 2834 582 2889 dum
662 2833 719 2887 in
779 2827 1115 2886 Seleuciensi
1168 2825 1402 2882 concilio
1455 2829 1825 2889 convenerat,
1878 2836 2027 2877 nunc

446 2939 580 2980 vero
604 2924 659 2978 in
685 2922 800 2977 Arii
840 2918 1168 2976 sententiam
1209 2916 1611 2971 deﬁectentem.
1656 2913 1807 2969 Hanc
1855 2912 2026 2985 igitur

448 3012 749 3083 speciosam
797 3020 1017 3067 causam
1066 3005 1487 3079 praetendentes,
1534 3003 1604 3058 ab
1651 3018 1718 3058 eo
1761 3002 2029 3059 discesse-

449 3112 596 3159 runt.
621 3102 729 3159 Sed
755 3116 881 3158 cum
907 3114 1069 3155 nemo
1094 3098 1218 3152 illos
1238 3102 1561 3160 sectaretur,
1593 3109 1792 3149 novam
1830 3109 2025 3164 quam-

449 3194 573 3249 dam
595 3193 878 3265 religionis
910 3189 1156 3261 speciem
1179 3186 1444 3242 inducere
1468 3192 1777 3255 cmperunt.
1820 3185 1891 3240 Et
1915 3185 2025 3239 ini-

451 3285 528 3341 tio
551 3284 774 3355 quidem
806 3281 1080 3345 dicebant,
1109 3277 1388 3339 hominem
1422 3276 1627 3344 absque
1651 3274 1880 3329 animas
1912 3273 2028 3331 Βεο

452 3376 635 3432 Verbo
653 3379 997 3442 assumptum
1013 3383 1140 3424 esse
1168 3368 1224 3421 in
1255 3365 1661 3436 dispensatione
1690 3366 2026 3423 incarnatio-

453 3466 553 3521 nis.
605 3466 804 3519 Postea
844 3476 976 3518 vero
1028 3467 1287 3529 tanquam
1347 3457 1672 3528 pamitentia
1721 3458 1908 3525 ducti,
1961 3473 2028 3518 ac

451 3556 741 3628 pristinum
773 3553 1127 3609 emendantes
1149 3549 1753 3620 errorem,adjecerunt
1786 3550 2025 3606 animam

450 3646 671 3715 quidem
702 3651 1038 3714 assumptam
1078 3656 1221 3706 esse,
1254 3640 1345 3695 sed
1370 3654 1493 3710 quae
1524 3648 1763 3695 mentem
1787 3654 1898 3694 non
1929 3640 2027 3694 ha-

452 3738 607 3792 beret
641 3753 654 3789 :
692 3736 868 3790 Deum
912 3740 1095 3788 autem
1117 3730 1358 3786 Verbum
1402 3729 1601 3784 mentis
1631 3730 1753 3785 loco
1797 3744 1919 3786 esse
1969 3730 2026 3784 in

454 3827 673 3882 homine
705 3832 1005 3895 assumpto.
1049 3824 1108 3880 In
1143 3823 1249 3878 hoc
1279 3822 1446 3892 igitur
1488 3821 1606 3876 solo
1655 3836 1686 3875 a
1730 3820 2028 3879 Catholicis

2119 555 2263 610 κατὰ
2291 556 2391 626 τὴν
2435 554 2761 627 Ἐκκλησίαν
2797 553 3039 625 ἠξιοῦτο·
3080 554 3108 606 6
3145 551 3201 605 δέ
3243 553 3393 615 παῖς,
3442 550 3544 621 τὴν
3593 547 3690 603 τοῦ

2116 646 2463 715 ἀναγνώστου
2503 644 2657 710 τάξιν
2695 639 2860 715 εἶχεν.
2901 643 3226 714 Ἀμφότεροι
3254 642 3310 695 δὲ
3330 638 3470 712 ἦσαν
3503 639 3692 710 Ἐλλη-

2114 737 2283 791 νικῶν
2306 737 2480 806 λόγων
2508 735 2840 790 διδάσκαλον
2870 733 3277 807 γραμματικῶν
3307 733 3408 804 μὲν
3425 733 3455 784 6
3476 730 3689 803 Πατὴρ,

2119 828 2419 900 ῥητορικῶν
2442 828 2498 882 δὲ
2518 830 2546 881 6
2563 827 2696 890 υἱός.
2739 828 2796 881 '0
2826 827 2924 898 μὲν
2943 822 3035 880 οὖν
3069 826 3271 898 πατὴρ,
3306 826 3692 897 Ἀλεξανδρεὺς

2118 917 2195 971 ὢν
2236 919 2298 972 τὸ
2336 919 2512 987 γένος,
2557 917 2824 993 πρότερον
2872 917 2930 971 δέ
2974 919 3032 972 ἐν
3070 920 3137 989 τῇ
3176 916 3406 990 Βηρυτῷ
3450 917 3688 983 διδάξας,

2119 1004 2237 1064 εἶτα
2267 1010 2540 1080 μεταστάς
2563 1013 2645 1074 εἰς
2668 1008 3010 1073 Λαοδίκειαν,
3043 1010 3141 1063 nat
3171 1011 3356 1080 γήμας
3383 1011 3517 1074 ἐκεῖ,
3549 1009 3693 1080 ῐσχει

2118 1100 2209 1154 τὸν
2247 1101 2364 1154 υἱὸν
2408 1101 2806 1173 Ἀπολινάριον.
2851 1100 3055 1171 Ἀμφω
3093 1100 3150 1153 δὲ
3203 1101 3355 1169 ὅμως
3393 1099 3516 1153 τότε
3569 1118 3696 1153 συν-

2119 1190 2366 1262 ήκμαζον
2408 1191 2705 1262 Ἐπιφανίῳ
2748 1189 2826 1262 τῷ
2870 1192 3120 1261 σοφιστῇ,
3164 1190 3259 1244 καὶ
3298 1191 3511 1260 γνήσιοι
3542 1190 3697 1253 ὄντες

2121 1282 2288 1351 φίλοι,
2330 1282 2687 1353 συνεκρότουν
2719 1281 2900 1335 αὐτόν.
2930 1282 3124 1344 Δείσας
3154 1281 3212 1334 δέ
3250 1281 3502 1344 Θεόδοτος
3537 1283 3566 1335 6
3595 1283 3696 1350 τῆς

2121 1374 2440 1438 Λαοδικείας
2465 1375 2782 1439 ἐπίσκοπος,
2814 1373 2889 1445 μὴ
2910 1377 2976 1446 τῇ
3017 1376 3230 1444 συνεχεῖ
3259 1372 3484 1446 τάνδρὸς
3509 1373 3698 1444 ὁμιλίᾳ

2122 1466 2258 1537 πρὸς
2300 1466 2391 1519 τὸν
2423 1466 2795 1536 ῙΕλληνισμὸν
2821 1464 3173 1529 ἀποκλίνωσι,
3209 1464 3467 1519 διεκώλυε
3502 1466 3699 1535 φοιτᾷν

2124 1555 2253 1624 παρ’
2283 1554 2464 1608 αὐτῶν
2478 1554 2530 1608 ιι.
2557 1557 2618 1607 0i
2644 1553 2702 1607 δέ
2736 1554 2909 1625 μικρά
2929 1554 3023 1607 τοῦ
3051 1553 3349 1608 ἐπισκόπου
3381 1554 3699 1627 φροντίσαν-

2121 1664 2234 1711 τες,
2271 1646 2370 1717 τὴν
2408 1645 2502 1700 τοῦ
2554 1646 2871 1715 Ἐπιφανίου
2913 1646 3097 1715 φιλίαν
3137 1644 3467 1716 ἠσπάζοντο.
3510 1645 3700 1700 Μετα-

2123 1737 2298 1791 ταῦτα
2339 1734 2612 1807 Γεώργιος
2631 1739 2660 1790 6
2688 1736 2943 1790 Θεοδότου
2988 1736 3259 1808 διάδοχος,
3290 1737 3532 1801 σπεύσας
3560 1738 3699 1791 ἀπο-

2122 1828 2463 1898 καταστῆσαι
2506 1827 2722 1891 αὐτοὺς,
2761 1828 2856 1881 καὶ
2886 1828 3073 1899 μηδενὶ⁵
3097 1828 3286 1900 τρόπῳ
3316 1830 3504 1883 πεῖσαι
3536 1827 3700 1898 δυνη-

2124 1915 2259 1977 θεὶς,
2303 1914 2470 1985 ἄμφω
2509 1917 2609 1986 τῆς
2654 1916 2938 1980 κοινωνίας
2987 1916 3316 1989 ἐζημίωσεν.
3370 1917 3569 1989 Ὕϐριν
3632 1934 3698 1972 τε

2122 2004 2338 2074 ἡγεῖται
2363 2005 2436 2075 (6)
2461 2006 2490 2058 6
2519 2007 2647 2070 παῖς
2686 2006 3062 2081 Ἀπολινάριος
3087 2008 3156 2062 τὰ
3183 2009 3471 2080 γενόμενα,
3502 2008 3598 2062 καὶ
3626 2011 3699 2080 τῇ

2121 2095 2309 2167 εὐροίᾳ
2329 2094 2423 2149 τοῦ
2447 2097 2756 2166 σοφιστικοῦ
2784 2099 2943 2168 λόγου
2981 2099 3223 2173 θαρρῶν,
3262 2103 3577 2171 καινοτομεῖ
3604 2102 3701 2154 καὶ

2121 2186 2284 2250 αὐτὸς
2333 2187 2627 2261 αἴρεσιν,ἢ
2665 2189 2760 2243 νῦν
2796 2190 3140 2258 ἐπιπολάζει,
3175 2192 3416 2263 τοῦνομα
3459 2192 3554 2246 τοῦ
3608 2194 3702 2246 εὖ·

2126 2278 2310 2349 ρόντος
2348 2278 2569 2349 ἔχουσα.
2620 2280 2757 2334 Φασὶ
2799 2281 2857 2335 δέ
2905 2299 3053 2345 τινες
3104 2281 3444 2355 διενεχθῆναι
3498 2283 3704 2348 αὐτοὺς

2123 2369 2261 2442 πρὸς
2303 2369 2594 2443 Γεώργιον,
2638 2372 2699 2425 οὐ
2747 2373 2999 2428 τοσοῦτον
3043 2374 3131 2428 διὰ
3160 2376 3258 2448 τὴν
3288 2375 3706 2447 προειρημένην

2123 2459 2302 2513 αἰτίαν
2321 2476 2337 2491 ·
2360 2459 2473 2512 ἀλλ’
2495 2461 2576 2514 ὅτι
2604 2459 2791 2532 ἐώρων
2813 2462 2977 2516 αὐτὸν
2997 2464 3257 2518 ἀλλόκοτα
3282 2465 3705 2536 δογματίζοντα,

2122 2553 2219 2605 καὶ
2250 2551 2346 2605 νῦν
2387 2552 2486 2624 μὲν
2514 2553 2697 2624 ὅμοιον
2731 2553 3093 2624 ὁμολογοῦντα
3124 2555 3214 2609 τὸν
3235 2556 3363 2609 Υίὸν
3391 2555 3468 2626 τῷ
3500 2556 3702 2628 Πατρὶ,

2124 2642 2249 2697 καθ’
2287 2643 2316 2696 6
2351 2644 2409 2696 ἐν
2454 2646 2522 2715 τῇ
2571 2643 2864 2717 Σελευκείᾳ
2917 2645 3197 2701 συνέθετο”
3236 2646 3334 2700 νῦν
3382 2646 3440 2699 δὲ
3481 2647 3561 2710 είς
3598 2646 3704 2718 τὴν

2136 2733 2193 2788 Ἀ
2204 2733 2421 2806 ρειανὴν
2448 2734 2812 2789 ἀποκλίναντα
2838 2735 3014 2801 δόξαν.
3047 2738 3246 2809 Διόπερ
3267 2738 3703 2811 εὐπροφάσιστον

2124 2824 2380 2889 λαϐόντες
2410 2826 2612 2893 αἰτίαν,
2648 2825 2927 2882 ποιοῦνται
2969 2828 3065 2899 τὴν
3096 2829 3445 2901 ἀναχώρησιν
3476 2846 3491 2863 ο
3538 2830 3614 2893 ὡς
3640 2831 3704 2885 δὲ

2124 2916 2301 2980 οὐδεὶς
2344 2917 2529 2981 αὐτοῖς
2574 2919 2852 2990 προσεῖχε,
2902 2919 3298 2990 παρεισάγουσι
3335 2921 3520 2992 σχῆμα
3561 2920 3703 2993 θρη-

2127 3009 2335 3073 σκείας.
2377 3011 2488 3065 Καὶ
2525 3011 2788 3082 πρότερον
2829 3011 2927 3082 μὲν
2974 3011 3158 3080 ἔλεγον
3189 3012 3565 3084 ἀναληφθῆναι
3606 3014 3705 3068 τὸν

2129 3099 2416 3171 ἄνθρωπον
2446 3101 2552 3156 ὑπὸ
2590 3100 2683 3154 τοῦ
2710 3101 2845 3155 Θεοῦ
2874 3102 3047 3171 Λόγου
3082 3104 3141 3156 ἐν
3176 3106 3243 3176 τῇ
3275 3104 3554 3177 οἰκονομίᾳ
3600 3105 3707 3177 τῆς

2131 3192 2596 3263 ἐνανθρωπήσεως
2632 3192 2811 3264 ψυχῆς
2851 3193 2999 3248 ἄνευ.
3044 3192 3176 3248 Εἶτα
3203 3194 3279 3260 ὡς
3314 3197 3377 3250 ἐκ
3413 3196 3708 3266 μετανοίας

2131 3281 2620 3354 ἐπιδιορθούμενοι,
2646 3283 2983 3353 προσέθεσαν
3003 3284 3181 3357 ψυχὴν
3205 3285 3303 3356 μὲν
3329 3286 3705 3358 ἀνειληφέναι⁸

2130 3369 2258 3428 νοῦν
2282 3372 2340 3427 δέ
2366 3372 2469 3426 οὐκ
2505 3372 2648 3444 ἔχειν
2676 3374 2848 3445 αὐτὴν
2876 3373 2919 3440 ί,
2943 3374 3058 3428 ἀλλ’
3097 3372 3237 3430 εἶναι
3258 3375 3348 3429 τὸν
3373 3376 3504 3431 Θεὸν
3526 3376 3707 3446 Λόγον

2130 3462 2253 3518 ἀντὶ
2271 3462 2363 3518 νοῦ
2393 3466 2475 3528 είς
2495 3464 2588 3519 τὸν
2615 3464 2990 3536 ἀναληφθέντα
3015 3466 3318 3539 ἄνθρωπον.
3347 3468 3480 3537 Περὶ
3506 3467 3709 3523 τούτου

2135 3554 2295 3627 μόνου
2331 3555 2395 3627 δὴ
2421 3555 2497 3626 (7)
2529 3556 2747 3626 λέγουσι
2767 3556 3139 3631 διαφέρεσθαι,
3172 3561 3221 3612 oi
3251 3558 3346 3613 νῦν
3374 3557 3434 3624 ἐξ
3478 3559 3710 3615 ἐκείνων

2131 3645 2227 3716 τὴν
2255 3646 2641 3718 προσωνυμίαν
2662 3647 2901 3719 ἔχοντες·
2933 3650 3031 3721 τὴν
3061 3652 3169 3723 γάρ
3189 3650 3394 3723 Τριάδα
3418 3652 3711 3721 ὁμοούσιον

2131 3729 2273 3788 εἶναι
2320 3736 2472 3806 φασί.
2521 3738 2657 3809 Περὶ
2714 3740 2812 3810 μὲν
2858 3735 2950 3794 οὖν
3004 3741 3114 3796 τῶν
3172 3742 3559 3815 Ἀπολιναρίων
3608 3743 3714 3798 καὶ

2132 3821 2289 3889 αὖθις
2317 3829 2458 3883 κατά
2485 3829 2668 3901 χώραν
2699 3831 3160 3903 μνημονεύσομεν.

450 3917 718 3973 dissidere
745 3932 805 3972 se
840 3916 1031 3972 dicunt
1053 3915 1148 3986 qui
1181 3914 1250 3969 ab
1289 3913 1509 3967 illorum
1541 3912 1764 3967 nomine
1809 3921 2079 3969 vocantur
2137 3918 2561 3988 Apollinaristaa.
2622 3922 2757 3978 Nam
2791 3923 3118 3981 Trinitatem
3178 3925 3401 3996 quidem
3459 3926 3712 3981 consub—

450 4009 759 4067 stantialem
783 4023 904 4065 esse
935 4006 1282 4079 proﬁtentur.
1309 4005 1513 4061 Verum
1538 4003 1606 4060 de
1633 4013 1867 4076 utroque
1894 4004 2208 4078 Apollinare
2241 4011 2441 4067 iterum
2466 4013 2609 4069 intra
2630 4014 2874 4071 dicemus
2898 4031 2997 4072 suo
3028 4017 3168 4072 loco.

1042 4092 1196 4155 CAP.
1230 4097 1440 4154 XLVII.

822 4193 902 4248 De
925 4201 1092 4247 morte
1115 4194 1245 4262 imp.
1276 4190 1594 4247 Constantii.

519 4285 693 4339 Porro
718 4282 850 4338 dum
870 4280 1224 4337 Constantius
1248 4279 1545 4349 imperator
1575 4278 1881 4336 Antiochia:
1908 4293 2030 4336 mo-

2707 4106 2955 4161 ΚΕΦΑΛ.
2990 4109 3123 4162 MZ'.

2165 4191 2304 4262 Περὶ
2330 4193 2439 4263 τῆς
2459 4197 2880 4251 Κωνσταντίου
2904 4197 3008 4252 τοῦ
3025 4197 3331 4266 βασιλέως
3356 4199 3668 4269 τελευτῆς.

2202 4285 2308 4339 Τοῦ
2345 4286 2528 4357 μέντοι
2560 4287 2822 4358 βασιλέως
2854 4290 3233 4343 Κωνσταντίου
3268 4291 3336 4344 ἐν·
3398 4292 3719 4364 Ἀντιοχείᾳ

455 4382 684 4439 rarotur,
704 4373 955 4428 Julianus
967 4369 1149 4427 Caesar
1162 4370 1218 4423 in
1236 4367 1427 4424 Galliis
1451 4383 1575 4423 cum
1592 4369 1798 4440 ingenti
1820 4369 2023 4426 Barba-

2131 4373 2429 4445 διάγοντος,
2487 4378 2518 4430 6
2564 4379 2782 4449 Καῖσαρ
2839 4378 3125 4442 Ἰουλιανὸς
3172 4381 3230 4434 ἐν
3282 4382 3401 4444 ταῖς
3448 4380 3719 4446 Γαλλίαις

454 4479 639 4521 rorum
661 4461 1013 4519 multitudine
1044 4474 1372 4531 congressus
1396 4460 1684 4515 victoriam
1709 4461 2023 4532 reportavit,

2137 4466 2352 4532 πολλοῖς
2382 4467 2687 4540 Βαρϐάροις
2726 4466 3024 4538 συμπλέκει
3057 4470 3103 4524 l.
3134 4470 3245 4523 Καὶ
3284 4470 3534 4541 νικήσας,
3571 4472 3719 4524 πᾶσι

1677 4595 1766 4649 VA
1776 4594 1956 4650 LESll
1993 4596 2543 4658 ANNOTATIONES.

525 4690 601 4764 (6)
636 4693 846 4760 ’Ὕϐριν
876 4708 942 4746 τε
970 4689 1214 4761 ἡγεῖται.
1244 4688 1468 4745 Rectius
1500 4689 1838 4745 scriberetur
1869 4689 2024 4763 ὓϐριν

451 4767 509 4821 δὲ
534 4765 766 4833 ἡγεῖται,

526 4828 603 4905 (7)
627 4831 768 4902 napi
803 4831 1017 4885 τούτου
1062 4831 1254 4900 μόνου
1278 4828 1377 4898 δή.
1430 4828 1594 4900 Magis
1649 4828 1828 4898 placet
1879 4831 2025 4886 scri-

2131 4705 2292 4765 ptura
2321 4697 2551 4768 _codicis
2605 4697 2888 4764 Allatiani,
2920 4696 3049 4768 περὶ
3076 4696 3267 4751 τούτου
3294 4690 3386 4753 οὗν
3435 4698 3594 4767 μόνον
3619 4699 3719 4753 λέ-

2128 4782 2286 4832 γουσι
2313 4766 2687 4837 διαφέρεσθαι.

1914 4965 2297 5023 VARIORUM.

528 5060 554 5099 ι
583 5059 875 5114 Arndt/tvo
901 5055 1118 5128 φοιτᾶν
1145 5057 1282 5125 παρ’
1306 5054 1524 5111 αὐτῶν.
1555 5054 1700 5127 Lege
1724 5057 1904 5111 αὐτόν.
1930 5057 2020 5112 W.

453 5130 672 5184 Lowrn.
990 5158 995 5163 ο

529 5198 542 5236 ί
579 5198 742 5267 Νοιξν
792 5196 861 5249 δὲ
898 5198 1011 5267 οὐκ
1056 5196 1221 5267 ἔχειν
1267 5196 1480 5267 αὐτήν,
1531 5196 1928 5267 Αροίίίηονίεεω
1960 5198 2023 5251 de

452 5271 634 5322 anima
657 5265 851 5321 Christi
876 5266 939 5319 ab
965 5266 1202 5321 Ecclesia
1228 5266 1486 5320 catholica
1524 5265 1903 5333 dissenserunt,
1938 5268 2023 5321 di-

451 5346 645 5402 centes,
680 5337 815 5390 sicut
858 5337 1068 5399 Ariani,
1123 5336 1290 5389 Deum
1339 5334 1606 5390 Christum
1645 5354 1859 5391 carnem
1913 5338 2025 5391 sine

450 5409 637 5465 anima
669 5407 975 5477 suscepisse.
1011 5405 1077 5459 In
1107 5407 1391 5477 qnazstione
1416 5408 1723 5461 testimoniis
1761 5406 2026 5477 esangeli-

451 5479 523 5530 cis
555 5477 696 5538 victi,
727 5474 952 5530 mentem
986 5492 1099 5545 qua,
1120 5474 1418 5528 rationalis
1453 5485 1529 5529 est
1560 5478 1741 5531 anima
1776 5474 2022 5541 hominis,

440 5564 555 5617 non
584 5547 743 5616 fuisse
772 5548 825 5617 in
851 5544 1032 5617 anima
1069 5544 1285 5617 Christi,
1314 5546 1527 5617 sed_pro
1552 5546 2024 5617 hacipsum‘Ver-

453 5614 655 5684 bum'in
689 5632 751 5669 ea
776 5615 936 5684 fuisse
955 5614 1219 5667 dixerunt.
1251 5614 1388 5684 Aug.
1410 5614 1607 5684 haeres.
1642 5614 1728 5669 55.
1776 5617 1832 5668 Ὀ
1870 5615 2027 5668 Ἀπο-

453 5682 691 5755 λινάριος
718 5680 958 5755 ἔμψυχον
1009 5685 1106 5753 μὲν
1153 5680 1362 5754 ἔφησεν
1385 5680 1521 5738 εἶναι
1553 5685 1647 5738 τοῦ
1676 5685 1925 5754 Σωτῆρος
1956 5685 2015 5738 τὸ

458 5752 638 5822 σῶμα,
666 5756 726 5808 οὐ
750 5752 874 5827 μὴν
890 5752 990 5827 τὴν
1012 5752 1252 5826 λογικὴν
1276 5756 1564 5824 ἐσχηκέναι
1586 5755 1763 5825 ψυχήν
1785 5771 1795 5782 ·
1816 5752 2018 5825 ’περιτ-

2128 5055 2219 5119 τὸς
2256 5056 2365 5134 y_dt_p
2401 5050 2489 5134 ἦν,
2534 5056 2720 5134 φησίν,
2753 5059 2782 5111 ὁ
2813 5056 2956 5134 νοιῖς,
2985 5056 3081 5134 τοῦ
3119 5059 3254 5114 Θεοῦ
3283 5060 3443 5134 λόγου
3499 5061 3717 5134 παρόν-

2129 5143 2237 5201 τος.
2270 5127 2601 5201 Tlieodoret.
2628 5127 2823 5201 Haeret.
2858 5128 2966 5198 fab.
2995 5128 3092 5184 lib.
3128 5146 3180 5201 ν,
3222 5127 3466 5201 ρεῳζΗ.

2205 5195 2218 5246 i
2274 5197 2533 5263 Πολλοῖς
2573 5195 2894 5266 Βαρϐάροὶς
2934 5195 3305 5267 συμπλέκειί
3353 5201 3605 5257 Julianus
3648 5206 3720 5261 in

2129 5270 2329 5340 campis
2362 5267 2895 5340 Argentoratensibus
2929 5269 3071 5339 apud
3105 5270 3334 5336 Gallias,
3374 5288 3492 5326 cum
3524 5277 3721 5340 paucis

2121 5336 2375 5411 militibus
2422 5336 2664 5411 infinitas
2692 5336 3161 5411 rhostium'copias
3213 5340 3423 5396 delevit.
3477 5336 3721 5400 Stabant

2123 5405 2297 5459 acervi
2352 5408 2607 5460 montium
2655 5408 2892 5474 similes;
2926 5405 3150 5534 ιίιιιίιίιαι
3201 5428 3359 5464 cruor
3423 5413 3721 5483 ﬂuminum

2123 5475 2296 5527 modo.
2331 5473 2529 5534 Captus
2576 5494 2668 5531 res:
2700 5477 2890 5532 nobilis
2969 5480 3397 5534 honodomarius.
3440 5482 3541 5534 fusi
3588 5500 3720 5534 om-

2122 5475 2296 5527 modo.
2331 5473 2529 5551 Captus
2576 5477 2892 5551 rexnobilis
2926 5473 3397 5551 Chonodomarius,
3423 5473 3541 5551 'fnsi
3588 5500 3720 5536 om-

2123 5561 2211 5622 nes
2249 5546 2565 5622 optimates:
2594 5548 2832 5622 redditus
2875 5548 3022 5603 limes
3056 5549 3309 5622 Romana:
3341 5546 3717 5622 possessionis.

2121 5614 2196 5667 Ac
2238 5614 2566 5684 pastmodum
2600 5619 3060 5692 cum_Alemaimis
3091 5614 3372 5692 dimicans,
3408 5624 3726 5692 potentissi-

2126 5701 2293 5760 mum“
2307 5701 2486 5760 eorum
2508 5700 2687 5760 regem
2722 5687 3105 5743 Bmlomarium
3133 5691 3285 5760 cepit.
3319 5687 3417 5745 me
3448 5710 3479 5745 a
3521 5692 3726 5745 militi—

2128 5754 2218 5807 bus
2253 5755 2539 5812 Gallicanis
2562 5754 2826 5828 Augustus
2854 5754 3250 5830 pronuntiatur.
3287 5761 3419 5816 Hinc
3444 5760 3723 5818 Constan-
