4026 6338
319 451 412 510 369

1257 453 1580 512 HISTORIA
1618 448 2176 510 ECCLESIASTICA.
2207 482 2277 492 -—
2312 451 2440 508 LIB.
2474 451 2561 506 Ill.

3448 452 3551 507 370

314 566 564 637 ὀνόματι,
591 567 684 622 δύο
711 567 869 640 ἔσχεν
913 570 1278 642 ὁμοπατρίους
1329 573 1589 643 ἀδελφοὺς
1609 613 1623 636 ,
1655 573 1756 625 οὐκ
1808 573 1868 624 ἐκ

1975 585 2078 626 suo
2110 573 2330 630 nomine
2362 568 2674 643 appellavit,
2713 567 2851 626 duos
2888 567 3083 625 habuit
3113 567 3318 624 fratres
3362 582 3427 624 ex
3459 583 3551 622 eo-

315 655 405 726 τῆς
424 658 596 728 αὐτῆς
630 659 951 730 γενομένους
985 661 1189 732 μητρός
1213 677 1230 695 ο
1262 663 1564 734 Δαλμάτιος
1606 663 1776 732 ὄνομα
1797 660 1872 733 τῷ

316 746 423 812 ivi,
468 745 680 817 θατέρῳ
716 747 773 801 δὲ
821 749 1213 812 Κωνστάντιος.
1264 751 1375 805 Kal.
1419 750 1720 821 Δαλμάτιος
1776 749 1874 820 μὲν

315 836 416 888 υἱὸν
448 834 607 907 ἔσχεν
627 838 913 909 ὁμώνυμον
945 839 1108 910 αὐτῷ.
1134 839 1496 911 Κωνσταντίῳ
1517 841 1576 894 δέ
1601 840 1694 894 δύο
1720 842 1874 909 ἐγεν-

314 924 544 996 νήθησαν
578 928 701 992 υἱοὶ,
727 928 928 993 Γάλλος
956 930 1049 984 καὶ
1094 931 1374 996 Ἰουλιανός
1411 930 1453 987 ι.
1501 932 1589 995 Ὠς
1614 927 1707 987 οὖν
1738 930 1875 1001 μετὰ

312 1017 400 1089 τὴν
433 1019 691 1093 τελευτὴν
720 1020 815 1075 τοῦ
844 1023 1059 1078 κτίστου
1084 1024 1182 1094 τῆς
1203 1024 1611 1079 Κωνσταντίνου
1646 1025 1874 1091 πόλεως,

312 1106 355 1159 οἱ
381 1108 711 1179 στρατιῶται
740 1110 831 1165 τὸν
862 1111 981 1165 νέον
1011 1112 1219 1166 ἀνεῖλον
1269 1113 1572 1185 Δαλμάτιον
1597 1152 1612 1177 ,
1645 1115 1765 1168 τότε
1808 1114 1875 1187 δὴ

315 1197 398 1250 καὶ
426 1192 571 1252 οὗτοι
615 1200 1106 1272 ἀπορφανισθέντες
1140 1201 1235 1256 τοῦ
1265 1205 1467 1259 οἰκείου
1496 1205 1698 1277 πατρὸς
1723 1246 1740 1270 ,
1785 1222 1875 1275 μι-

313 1287 440 1359 κροῦ
493 1289 602 1344 δεῖν
662 1290 738 1362 τῷ
801 1292 1089 1364 Δαλματίῳ
1134 1295 1631 1352 συνεκινδύνευσαν.
1688 1297 1751 1349 Εί
1801 1296 1876 1367 μὴ

314 1379 506 1433 Γάλλον
532 1382 632 1450 μὲν
681 1382 835 1446 νόσος
871 1384 1195 1455 προσδοκίαν
1244 1385 1442 1457 ἔχουσα
1488 1387 1717 1441 θανάτου
1752 1388 1876 1455 ἐρύ-

316 1486 468 1522 σατο*
515 1471 797 1527 Ἰουλιανὺν
824 1473 882 1527 δὲ
918 1476 950 1545 ἡ
994 1474 1208 1545 ἡλικία,
1235 1476 1497 1546 ὀκταετὴς
1524 1477 1634 1549 γὰρ
1663 1473 1730 1548 ἦν
1772 1476 1872 1543 ἔτι,

312 1559 582 1616 διέσωσεν.
619 1564 770 1617 Ἐπεὶ
797 1564 855 1618 δὲ
882 1566 916 1636 ἡ
949 1567 1070 1619 κατ’
1101 1566 1280 1621 αὐτῶν
1309 1568 1403 1621 τοῦ
1438 1568 1703 1639 βασιλέως
1728 1570 1876 1641 ὁρμὴ

313 1652 663 1723 ἐκεχαύνωτο,
707 1650 906 1719 Γάλλος
954 1657 1051 1728 μὲν
1097 1660 1210 1724 τοῖς
1249 1659 1308 1713 ἐν
1361 1660 1537 1731 Ἰωνίᾳ
1586 1660 1727 1714 κατὰ
1778 1661 1877 1731 τὴν

315 1743 541 1812 Ἔφεσον
571 1745 762 1813 ἐφοίτα
813 1746 1185 1813 διδασκάλοις,
1215 1748 1342 1803 ἔνθα
1371 1751 1555 1814 αὐτοῖς
1599 1751 1694 1807 καὶ
1743 1752 1878 1820 κτῆ-

312 1848 387 1896 σις
419 1830 488 1905 ἦν
518 1837 582 1888 ἐκ
623 1837 903 1907 προγόνων
932 1837 1121 1909 πολλή.
1169 1840 1456 1906 Ἰουλιανὸς
1499 1842 1557 1897 δὲ
1598 1840 1875 1913 αὐξηθεὶς,

1973 672 2099 728 dem
2142 675 2317 738 patre,
2349 680 2458 719 non
2498 669 2681 718 autem
2729 676 2798 718 ex
2843 662 3033 717 eadem
3073 670 3247 717 matre
3287 660 3551 732 genitos:

1974 773 2207 833 quorum
2238 758 2375 813 alter
2405 754 2732 818 Dalmatius,
2763 754 2901 808 alter
2926 752 3286 809 Constantius
3318 752 3561 807 vocaba-

1972 862 2084 908 tur.
2108 850 2173 906 Et
2202 849 2506 904 Dalmatius
2535 846 2754 918 quidem
2785 845 2952 900 lilium
2993 844 3185 900 habuit
3213 843 3319 899 sibi
3349 857 3554 913 cogno-

1973 945 2198 1000 minem.
2231 939 2540 998 Constantii
2587 954 2717 993 vero
2755 937 2864 994 duo
2906 937 2999 992 lilii
3047 936 3220 999 fuere,
3254 935 3447 990 Gallus
3491 942 3548 990 et

1972 1033 2243 1088 Julianus.
2273 1030 2446 1087 Porro
2478 1036 2603 1100 post
2631 1030 2839 1084 obitum
2862 1026 3209 1083 Constantini
3240 1024 3550 1080 conditoris

1973 1122 2551 1193 Constantinopoleos,
2594 1120 2756 1190 168
2774 1134 2897 1174 eum
2926 1117 3201 1188 iuniorem
3219 1116 3550 1171 Dalmatium

1975 1213 2178 1269 milites
2220 1211 2610 1282 peremissent,
2650 1209 2985 1279 isti-quoque
3012 1212 3236 1276 parente
3264 1204 3469 1266 orbati,
3494 1203 3552 1257 in

1975 1304 2117 1359 idem
2164 1317 2289 1358 cum
2334 1300 2602 1375 Dalmatio
2658 1298 2964 1372 periculum
3014 1296 3407 1368 propemodum
3464 1295 3551 1348 in-

1975 1395 2248 1451 ciderunt.
2278 1393 2386 1450 Sed
2428 1391 2643 1449 Gallum
2688 1392 2911 1463 quidem
2955 1390 3187 1446 morbus
3230 1389 3325 1458 qui
3376 1388 3553 1443 letalis

1975 1480 2298 1545 videbatur,
2332 1479 2578 1550 periculo
2617 1479 2854 1549 eripuit;
2887 1476 3169 1533 Julianum
3200 1492 3331 1533 vero
3363 1486 3553 1532 tenera

1975 1578 2130 1637 aetas,
2155 1572 2247 1629 vix
2275 1571 2423 1627 enim
2454 1578 2580 1627 octo
2603 1585 2785 1626 annos
2809 1569 3152 1640 impleverat,
3179 1569 3554 1626 conservavit.

1976 1662 2109 1719 Post
2150 1662 2267 1719 hac
2308 1676 2437 1719 cum
2479 1661 2829 1733 imperatoris
2878 1662 3099 1718 animus
3134 1661 3398 1716 adversus
3430 1660 3554 1715 illos

1976 1753 2256 1810 emollitus
2281 1752 2396 1823 jam
2426 1761 2595 1818 esset,
2627 1751 2820 1809 Gallus
2846 1751 3043 1823 Ephesi
3073 1754 3128 1807 in
3150 1752 3300 1807 lonia
3336 1752 3554 1807 scholas

1979 1846 2367 1917 l'requentavit,
2397 1860 2506 1916 qua
2531 1848 2588 1901 in
2630 1845 2859 1917 regione
2896 1845 3067 1900 multa
3117 1845 3254 1915 ipsis
3285 1843 3486 1914 praedia
3525 1858 3555 1897 a

308 1925 411 1978 τῶν
459 1926 518 1978 ἐν
544 1927 954 1983 Κωνσταντίνου
1000 1930 1159 1984 πόλει
1189 1932 1586 2006 παιδευτηρίων
1614 1934 1868 2004 ἠκροᾶτο,

1977 1936 2280 2006 majoribus
2324 1935 2515 1991 relicta
2552 1942 2730 1991 erant.
2761 1932 3018 1989 Julianus
3064 1947 3197 1988 vero
3232 1932 3323 1986 ubi
3369 1930 3554 1987 adole-

308 2017 383 2079 εἰς
406 2016 505 2087 τὴν
544 2017 846 2091 βασιλικὴν,
885 2019 1013 2075 ἔνθα
1042 2022 1159 2075 τότε
1186 2021 1255 2076 τὰ
1295 2002 1653 2096 Maeciam
1680 2002 1747 2096 ἧν
1772 2065 1787 2089 ,
1816 2024 1873 2076 ἐν

306 2106 434 2179 λιτῷ
455 2110 693 2180 σχήματι
726 2110 952 2180 προϊὼν,
983 2113 1077 2166 καὶ
1102 2112 1205 2166 ὑπὸ
1230 2114 1531 2186 Μαρδονίου
1568 2115 1662 2169 τοῦ
1695 2113 1879 2170 εὐνού-

304 2213 398 2265 χου
450 2200 980 2273 παιδαγωγούμενος.
1028 2203 1148 2258 Τῶν
1195 2206 1294 2275 μὲν
1329 2201 1422 2260 οὖν
1474 2208 1874 2278 γραμματικῶν

302 2286 501 2357 λόγων,
538 2287 806 2362 Νικοκλῆς
832 2302 870 2325 ⁸³
918 2296 948 2348 6
994 2294 1190 2350 Λάκων
1222 2296 1332 2366 (10)
1362 2292 1431 2367 ἦν
1459 2298 1610 2369 αὐτῷ
1651 2300 1873 2354 παιδευ-

299 2381 760 2463 τήςῇρητορικὴν
811 2385 902 2450 δὲ,
945 2386 1094 2457 παρὰ
1132 2386 1428 2459 Ἐκησολίῳ
1473 2388 1760 2462 κατώρθου
1794 2391 1874 2463 τῷ

302 2476 564 2544 σοφιστῇ,
603 2476 915 2547 Χριστιανῷ
943 2477 1066 2531 τότε
1113 2479 1452 2550 τυγχάνοντι.
1483 2480 1687 2534 Τούτου
1740 2483 1796 2536 δὲ
1845 2486 1875 2537 6

299 2564 547 2635 βασιλεὺς
578 2568 956 2633 Κωνστάντιος
1014 2572 1344 2641 προενόησε,
1387 2574 1583 2644 μήπως
1614 2574 1873 2646 Ἕλληνος

296 2659 612 2713 διδασκάλου
642 2659 988 2731 ἀκροώμενος
1012 2700 1027 2725 ,
1059 2661 1195 2732 πρὸς
1235 2662 1649 2733 δεισιδαιμονίαν
1686 2664 1872 2718 ἐκκλί-

295 2766 394 2803 νοι.
427 2750 748 2821 Χριστιανὸς
778 2750 886 2821 γὰρ
915 2747 983 2821 ἦν
1017 2752 1077 2818 ἐξ
1109 2752 1280 2823 ἀρχῆς
1322 2752 1626 2817 Ἰουλιανός.
1671 2753 1874 2823 Ἀκμά-

295 2841 479 2906 ζοντος
508 2842 566 2895 δὲ
590 2841 756 2896 αὐτοῦ
783 2845 910 2914 περὶ
936 2844 1062 2907 τοὺς
1087 2843 1275 2912 λόγους
1308 2854 1359 2907 ιι,
1391 2846 1545 2915 φήμη
1573 2862 1659 2907 τις
1680 2847 1761 2909 είς
1780 2846 1870 2900 τὸν

294 2932 466 3001 δῆμον
510 2934 802 3005 διέτρεχεν,
829 2934 905 2999 ὡς
949 2935 1030 3005 εἴη
1066 2935 1245 2998 ἱκανὸς
1267 2936 1335 2989 τὰ
1374 2935 1660 3005 Ῥωμαίων
1691 2936 1872 3007 πράγ-

297 3038 446 3091 ματα
474 3022 712 3078 διοικεῖν.
746 3025 855 3077 Kal
898 3024 1056 3079 τοῦτο
1104 3024 1289 3078 λοιπὸν
1327 3023 1575 3095 φανερῶς
1612 3025 1872 3095 θρυλλού-

298 3129 491 3182 μενον,
535 3116 779 3187 ταραχὴν
819 3117 991 3170 ἐποίει
1028 3117 1107 3187 τῷ
1145 3117 1372 3187 βασιλεῖ.
1420 3118 1512 3171 Διὸ
1555 3118 1871 3188 μεθίστησιν

293 3205 460 3258 αὑτὸν
486 3207 551 3260 ἐκ
573 3206 670 3277 τῆς
696 3207 1107 3278 μεγαλοπόλεως
1136 3210 1217 3273 είς
1249 3209 1346 3280 τὴν
1366 3209 1753 3281 Νικομήδειαν,
1779 3227 1871 3263 κε·

294 3294 497 3360 λεύσας
524 3298 598 3368 μὴ
625 3300 814 3369 φοιτᾷν
840 3300 994 3370 παρὰ
1015 3300 1254 3371 Λιϐανίῳ
1275 3302 1297 3332 °
1324 3300 1402 3372 τῷ
1433 3300 1589 3371 Σύρῳ
1619 3303 1867 3373 σοφιστῇ.

295 3386 433 3441 Τότε
464 3388 575 3458 γὰρ
594 3391 624 3442 6
645 3390 898 3453 Λιϐάνιος
930 3390 1036 3443 ὑπὸ
1061 3390 1170 3445 τῶν
1200 3392 1563 3461 παιδαγωγῶν
1592 3392 1689 3463 τῆς
1716 3394 1873 3446 Κων-

294 3480 578 3535 σταντίνου
623 3482 830 3545 πόλεως
862 3482 1143 3553 ἐκϐληθεὶς
1172 3525 1188 3548 ,
1217 3484 1275 3536 ἐν
1300 3486 1366 3555 τῇ
1397 3482 1734 3554 Νικομηδείᾳ
1775 3484 1874 3547 τὰς

286 3572 576 3643 διατριὸάς
601 3574 855 3627 ἐποιεῖτο.
902 3569 1067 3637 Οὗτος
1122 3574 1221 3644 μὲν
1248 3571 1342 3628 οὖν
1388 3574 1485 3645 τὴν
1519 3574 1688 3646 ὀργὴν
1731 3576 1873 3629 κατὰ

286 3663 405 3715 τῶν
435 3663 814 3732 παιδαγωγῶν,
844 3666 924 3727 είς
950 3665 1041 3721 τὸν
1063 3665 1185 3719 κατ’
1214 3666 1391 3719 αὐτῶν
1417 3665 1566 3735 αὐτῷ
1590 3666 1870 3736 γραφέντα

287 3755 453 3822 λόγον
486 3755 532 3823 (1
552 3756 598 3823 Ι)
627 3755 889 3809 ἐκένωσεν
914 3772 929 3786 ⁸
983 3756 1263 3817 Ἰουλιανὸς
1294 3757 1339 3810 δ’
1368 3756 1637 3811 ἐκωλύετο
1675 3758 1867 3827 φοιτᾷν

284 3845 427 3918 παρ’
473 3845 658 3916 αὐτῷ,
707 3846 841 3901 διότι
886 3847 1137 3912 Διῦάνιος
1173 3846 1371 3919 Ἕλλην
1419 3847 1517 3919 τὴν
1569 3847 1867 3919 θρησκείαν

1973 2025 2181 2092 visset,
2215 2024 2695 2095 Constantinopoli
2744 2024 3064 2080 liberalibus
3113 2023 3421 2092 disciplinis
3471 2029 3554 2076 est

1975 2116 2300 2181 institutus;
2344 2116 2399 2169 in
2443 2116 2751 2181 basilicam,
2794 2116 2892 2171 ubi
2936 2122 3069 2169 tunc
3122 2114 3327 2170 scholae
3377 2123 3554 2175 erant.

1974 2208 2213 2277 simplici
2252 2207 2442 2262 habitu
2477 2205 2787 2277 procedens
2824 2220 2933 2261 una
2964 2219 3089 2260 cum
3120 2205 3419 2275 paedagogo
3453 2219 3553 2259 suo

1973 2297 2254 2355 Mardonio
2294 2299 2567 2354 eunucho.
2604 2298 2670 2352 Et
2694 2298 2749 2353 in
2779 2297 3133 2367 grammatica
3177 2294 3395 2366 quidem
3439 2310 3555 2349 ma-

1974 2388 2206 2459 gistrum
2250 2390 2441 2445 habuit
2489 2388 2767 2445 Nicoclem
2819 2388 3127 2456 Laconem;
3170 2388 3227 2442 in
3279 2388 3553 2443 rhetorica

1972 2492 2105 2533 vero
2151 2486 2490 2547 praeceptore
2535 2494 2670 2533 usus
2711 2486 2797 2533 est
2847 2476 3108 2533 Ecebolio
3155 2477 3427 2547 sophista,
3458 2480 3553 2547 qui

1972 2576 2106 2623 tunc
2136 2569 2401 2638 temporis
2434 2578 2554 2625 erat
2583 2568 2955 2625 Christianus.
2990 2568 3046 2623 ld
3075 2569 3220 2624 enim
3257 2569 3552 2639 prudenter

1973 2660 2044 2716 ab
2079 2660 2408 2729 imperatore
2441 2667 2792 2729 prospectum
2835 2658 3032 2723 fuerat,
3064 2674 3133 2714 ne
3161 2659 3250 2713 ille
3279 2674 3552 2730 paganum

1972 2750 2274 2821 sophistam
2323 2750 2588 2815 audiens,
2635 2749 2705 2804 ad
2746 2750 3037 2820 gentilium
3096 2752 3551 2821 superstitionem

1972 2840 2341 2896 delaberetur.
2377 2840 2593 2910 Quippe
2621 2840 2688 2895 ab
2732 2839 2958 2895 ineunte
2996 2847 3159 2895 aetate
3198 2840 3550 2895 Christianus

1971 2938 2091 2984 erat
2129 2927 2401 2984 Julianus.
2432 2928 2606 2984 Porro
2648 2944 2772 2983 cum
2802 2930 2857 2984 in
2890 2928 3310 2985 humanioribus
3349 2929 3550 2984 litteris

1973 3036 2203 3092 magnos
2238 3019 2446 3077 laceret
2474 3034 2824 3091 progressus,
2853 3018 2996 3074 fama
3028 3035 3125 3091 per
3145 3020 3335 3075 urbem
3365 3019 3549 3090 spargi

1972 3114 2159 3184 coepit,
2196 3113 2453 3169 idoneum
2501 3113 2655 3167 illum
2703 3127 2827 3169 esse
2869 3113 2962 3182 qui
2996 3111 3297 3168 Romanam
3332 3127 3548 3182 rempu-

1974 3205 2172 3261 blicam
2200 3207 2551 3276 gubernaret.
2581 3204 2741 3272 Quod
2768 3220 2892 3259 cum
2930 3205 3043 3274 jam
3090 3204 3253 3259 latius
3290 3217 3548 3261 sermone

1974 3297 2220 3352 omnium
2244 3297 2641 3369 divulgaretur,
2674 3297 3025 3367 imperatoris
3046 3297 3290 3352 animum
3328 3305 3550 3351 contur-

1974 3391 2142 3447 bavit.
2176 3390 2542 3456 Quamobrem
2588 3390 2740 3446 illum
2785 3390 2855 3445 ab
2886 3390 3023 3446 urbe
3070 3389 3218 3459 regia
3266 3388 3549 3443 transtulit

1973 3483 2371 3548 Nic0mediam,
2398 3482 2720 3553 praecipiens
2743 3498 2812 3537 ne
2831 3482 3077 3538 scholam
3115 3481 3291 3535 adiret
3330 3478 3549 3533 Libanii

1975 3574 2238 3644 sophista:
2262 3571 2407 3644 Syri.
2437 3570 2685 3641 Namque
2716 3571 2769 3626 id
2800 3570 3061 3640 temporis
3086 3567 3352 3623 Libanius
3380 3581 3412 3620 a
3445 3581 3549 3633 pae-

1974 3667 2198 3738 dagogis
2223 3663 2698 3730 Constantinopoli
2720 3662 3005 3732 expulsus,
3035 3659 3369 3716 Nicomediae
3396 3657 3550 3713 scho-

1974 3760 2081 3813 lam
2119 3763 2425 3827 aperuerat.
2460 3754 2524 3809 Et
2556 3755 2644 3809 hic
2687 3754 2907 3824 quidem
2942 3754 3080 3807 iram
3136 3753 3408 3807 adversus
3445 3765 3549 3819 pae-

1974 3849 2213 3918 dagogos
2252 3856 2593 3918 conceptam,
2625 3847 2829 3917 scripta
2867 3845 2924 3900 in
2954 3844 3079 3902 illos
3120 3843 3372 3899 oratione
3412 3840 3549 3909 φιτυ-

1448 3985 1717 4041 ‘v'ALESIl
1755 3984 2314 4043 ANNOTATIONES.

361 4078 479 4151 (l0)
517 4080 820 4149 Νικοκλῆς
875 4085 907 4137 ό
958 4082 1187 4137 Λάκων.
1256 4081 1336 4136 Ad
1388 4083 1535 4137 hunc
1582 4083 1860 4139 Nicoclem

280 4152 480 4220 plures
497 4159 715 4206 exstant
742 4151 1246 4222 Libaniicpistolae,
1278 4154 1598 4207 nominatim
1631 4156 1861 4222 septima

282 4222 421 4275 libri
454 4223 660 4290 quarti,
703 4222 757 4275 in
796 4236 902 4290 qua
943 4221 1208 4277 Libanius
1249 4232 1477 4276 excusat
1510 4221 1859 4278 insolentiam

280 4292 581 4361 cujusdam
618 4308 683 4345 ex
705 4293 837 4347 urbe
873 4291 1182 4357 Antiochia,
1220 4292 1313 4361 qui
1344 4294 1496 4346 illum
1536 4294 1749 4361 probris
1776 4293 1860 4347 al-

278 4360 530 4427 fecerat;
566 4362 749 4430 aitque
778 4362 917 4431 inter
945 4370 1164 4431 caetera,
1198 4360 1483 4431 peccatum
1526 4360 1691 4416 unius
1723 4364 1858 4418 civis

278 4446 401 4485 non
453 4446 579 4486 esse
631 4430 1016 4487 ascribendum
1051 4430 1319 4485 universae
1362 4434 1597 4486 civitati.
1631 4432 1765 4486 Nam
1801 4436 1857 4487 in

1969 4086 2118 4148 beat,
2158 4081 2472 4137 mirandum
2501 4097 2609 4136 non
2640 4095 2762 4137 esse
2802 4080 2848 4134 si
2882 4096 3024 4135 unus
3066 4079 3245 4132 malus
3285 4078 3547 4148 civis_re-

1971 4146 2262 4224 periatur:
2298 4169 2421 4224 cum
2468 4166 2568 4224 nec
2601 4153 2654 4203 in
2682 4161 2770 4204 tua
2804 4148 3027 4218 Sparta,
3056 4165 3177 4224 quae
3211 4146 3546 4224 tamen_Ly:

1969 4217 2199 4291 curgum
2218 4222 2379 4304 habet
2407 4220 2798 4290 legislatorem,
2820 4217 3017 4275 ‘Onines
3031 4218 3238 4289 pariter
3269 4218 3382 4272 sint
3411 4217 3540 4272 boni

1968 4308 2031 4347 ac
2052 4307 2325 4362 generosu.
2738 4362 2750 4374 .
2810 4359 2835 4371 _
3031 4356 3057 4368 _

2040 4361 2162 4432 illi
2207 4364 2311 4432 Εἰς
2362 4359 2881 4432 τόννκατδαυτων
2905 4358 3064 4424 ai)th
3097 4357 3393 4432 γραφέντα

1965 4425 2096 4502 7w.
2124 4425 2250 4486 llam
2281 4425 2495 4502 Libanii
2526 4430 2709 4502 oratio
2735 4432 2999 4502 adversus
3027 4425 3353 4501 paedagogos
3379 4425 3542 4483 hodie

280 4501 430 4556 urbe
467 4516 590 4570 qua:
617 4509 836 4557 centum
867 4499 1269 4573 quinquaginta
1308 4501 1478 4557 millia
1522 4502 1728 4557 civium
1771 4503 1869 4557 ha—
1953 4499 2063 4557 non
2088 4509 2297 4568 exstat,
2333 4500 2480 4574 quod
2511 4501 2734 4572 quidem
2762 4500 2958 4556 sciam.

1698 4653 2083 4711 VARIORUM.

361 4744 384 4787 ι
446 4746 788 4822 Ἰουλιανός.
841 4745 1544 4822 Julianus,_cognomento
1591 4752 1640 4822 ὀρ
1668 4750 1854 4822 Παρα-

1971 4752 2028 4803 ιά
2058 4751 2371 4806 sublimiora
2394 4752 2670 4807 scandenti
2704 4751 3135 4822 conquirens,per
3162 4747 3339 4822 omnia
3362 4745 3537 4822 philo:

273 4818 605 4887 6ἀτης,εἱνθ
619 4819 903 4888 Apostata,
926 4819 1071 4888 quod
1090 4835 1118 4873 a
1140 4818 1562 4875 Christianismo
1578 4820 1642 4874 ad
1672 4818 1822 4874 etli'ni
1836 4849 1854 4860 -

270 4889 526 4944 cismnm
567 4887 733 4957 impie
784 4887 1128 4953 desciverat,
1179 4888 1309 4943 Julii
1349 4891 1652 4944 Constantii
1712 4890 1860 4945 lilius

270 4958 501 5013 ordine‘
517 4959 714 5011 tertius
749 4972 812 5010 ex
842 4959 1111 5023 Basilina,
1147 4970 1307 5015 natus
1340 4969 1423 5014 est
1451 4975 1593 5013 anno
1622 4960 1746 5021 551,
1772 4960 1860 5014 die

271 5036 444 5084 sexta
500 5025 847 5089 Novembris,
882 5036 941 5081 ut
998 5030 1193 5097 legitur
1243 5030 1295 5083 ili
1347 5029 1636 5083 Lalerculo
1683 5029 1859 5083 Silvii.

270 5097 587 5168 Septenois
608 5097 789 5151 adhuc
819 5097 1161 5153 Mardonium
1200 5100 1514 5153 eunuchum
1566 5112 1863 5167 praecepto-

270 5185 403 5224 rem
437 5168 671 5222 sortitus
698 5174 822 5237 est;
859 5184 1019 5237 quem
1052 5170 1352 5237 paganismi
1396 5180 1713 5237 suspectum
1760 5171 1863 5223 im-

268 5240 485 5308 merito
514 5237 696 5308 reddit
722 5236 1010 5308 Baronius.
1031 5236 1178 5305 (Ant.
1200 5238 1352 5308 Pagi,
1377 5236 1521 5293 Guil.
1552 5240 1717 5305 Cave,
1736 5237 1860 5293 Joh.

262 5309 399 5363 Jac.
440 5306 699 5377 Hol’man.
740 5307 792 5360 in
811 5307 1076 5377 Iuliano.)

348 5389 391 5411 ’³
425 5375 753 5443 Νικοκλῆς.
777 5377 913 5437 Eum
943 5375 1099 5432 vocat
1135 5377 1397 5434 Libauius
1418 5378 1650 5447 justitia:
1683 5394 1862 5432 sacer-

260 5448 483 5510 dotem,
538 5448 851 5502 eruditionis
910 5448 1135 5512 ducem,
1173 5452 1282 5517 qui,
1335 5450 1382 5502 si
1414 5450 1556 5502 ullus
1605 5464 1862 5517 unquam,

267 5518 324 5572 Η
333 5518 592 5573 omericte
615 5519 802 5572 mentis
830 5534 1050 5579 arcana,
1078 5529 1128 5571 et
1156 5519 1385 5571 universi
1405 5518 1605 5571 addicti
1636 5518 1863 5571 llomero

260 5590 475 5711 chori,1
485 5600 731 5711 ggverat.
762 5586 950 5642 Liban.
969 5586 1253 5658 Legatione
1286 5589 1354 5641 ad
1379 5588 1611 5654 Iuliam,
1637 5598 1770 5643 tom.
1797 5586 1861 5650 ll,

262 5675 405 5711 nam.
563 5698 577 5711 .

284 5675 405 5712 iac.
451 5660 577 5712 157.

262 5675 796 5798 ιωξζΑισῗιέάζοντος
816 5728 883 5782 δὲ
902 5728 1088 5783 αὑτοῦ
1104 5727 1237 5795 περὶ
1260 5728 1400 5793 τοὺς
1414 5728 1654 5797 λόγους.
1682 5727 1863 5781 Incre-

262 5798 449 5853 dibile
484 5816 588 5868 quo
609 5808 906 5867 quantoque
926 5799 1116 5853 ardore
1138 5815 1313 5852 rerum
1334 5799 1706 5866 principalium
1729 5798 1863 5851 noti-

270 5871 419 5923 tiam
444 5867 641 5925 cclsam
658 5867 938 5939 indagans,
962 5878 1007 5925 et
1037 5868 1390 5938 quasipabula
1410 5868 1649 5938 qua’dam
1682 5868 1857 5921 animo

1958 4822 2155 4889 sophia:
2205 4823 2439 4877 membra
2482 4822 2763 4891 prudenter
2789 4820 3106 4891 disputando
3145 4820 3406 4891 currebat.
3434 4815 3537 4891 Sed

1960 4886 2133 4945 tamen
2157 4909 2275 4945 cum
2302 4894 2413 4946 lucc
2441 4886 2621 4960 effecte
2648 4892 2893 4961 pleneque
2924 4888 3211 4957 colligeret,
3242 4902 3333 4961 nec
3362 4886 3538 4961 humi-

1960 4962 2099 5015 liora
2146 4965 2403 5030 despexit,
2442 4957 2696 5029 poeticam
2735 4957 3070 5013 mediocriter
3116 4967 3166 5011 et
3219 4957 3538 5010 rhetoricam

1960 5032 2041 5101 (ut
2070 5034 2300 5085 ostendit
2337 5034 2639 5085 orationum
2666 5031 3115 5097 epistolarumque
3144 5030 3255 5093 eius
3272 5044 3387 5079 cum
3415 5043 3541 5091 gra-

1960 5104 2119 5155 vitate
2137 5105 2362 5156 comitas
2398 5100 2724 5167 incorrupta)
2754 5109 2801 5151 et
2832 5110 3138 5153 nostrarum
3165 5108 3536 5167 externarum-

1964 5189 2062 5235 que
2085 5189 2262 5226 rerum
2292 5173 2574 5226 historiam
2614 5166 3020 5237 multiformem.
3059 5168 3235 5223 Amm.
3265 5166 3535 5221 Marcellir

1968 5259 2094 5304 nus,
2131 5243 2224 5295 lib.
2258 5258 2367 5305 χιιι,
2392 5257 2512 5308 cap.
2554 5240 2608 5294 5.

2041 5320 2066 5347 ο
2092 5314 2259 5381 Παρὰ
2306 5304 2584 5381 Anim—rio).
2611 5308 2892 5381 Libanius,
2922 5308 3097 5377 patria
3136 5304 3531 5381 Antiochenus,

1966 5374 2340 5437 claruit'anno
2369 5378 2499 5436 Chr.
2524 5380 2650 5441 360,
2681 5387 2735 5433 ct
2766 5380 2831 5433 ad
2863 5374 3106 5432 extrema
3138 5374 3428 5431 Theodosii
3463 5375 3531 5427 M.

1966 5460 2211 5523 tempora
2243 5451 2581 5523 perduravit,
2613 5450 2682 5503 ab
2704 5464 2770 5502 eo
2810 5448 2875 5523 ad
2903 5445 3153 5523 praetorio
3184 5446 3419 5523 praefecti
3453 5445 3536 5523 di-

1968 5513 2513 5591 gnitatem-evectus;
2545 5513 3040 5591 Constantinopoli,
3067 5513 3410 5591 Nicomediae,
3441 5513 3536 5566 de-

1973 5583 2139 5662 nique
2179 5583 2508 5647 Antiochiae
2540 5590 2866 5662 rhetoricam
2911 5583 3127 5662 'docuit.
3172 5583 3433 5662 Multa-de
3476 5597 3537 5635 Se.

1974 5651 2136 5717 habet
2166 5663 2305 5717 libro
2343 5676 2503 5731 quem
2533 5660 2600 5715 de
2626 5661 2731 5731 vita
2767 5673 2861 5712 sua
2888 5653 3246 5731 conscripsit;
3270 5652 3359 5731 ubi
3383 5651 3449 5731 rise
3478 5665 3537 5703 se

1970 5735 2243 5802 rebusque
2265 5719 2381 5787 suis
2414 5729 2679 5802 usquead
2731 5740 2992 5802 nauseam
3038 5719 3165 5795 agit.
3185 5720 3353 5788 (Guil.
3389 5719 3535 5775 Cave

1971 5802 2110 5860 inter
2136 5796 2432 5873 scriptorcs
2475 5796 2702 5870 gentiles
2740 5813 2862 5851 socc.
2901 5796 2997 5849 Iv.)
