4026 6338
377 425 483 483 373

1336 424 1664 483 HISTORIA
1703 423 2270 482 ECCLESIASTICA.
2311 455 2383 466 —
2419 425 2547 482 LIB.
2590 427 2681 483 lll.

3539 434 3640 488 5'75

384 545 609 615 Ἑλένην
635 585 652 613 ,
675 544 768 598 ἐπὶ
813 543 911 609 τὰς
953 543 1184 609 Γαλλίας
1216 545 1356 600 κατὰ
1385 545 1494 600 τῶν
1523 545 1824 617 Βαρϐάρων
1857 547 1962 599 ἀπ-

2067 543 2346 601 daturum.
2373 544 2572 602 Postea
2599 561 2751 614 vero,
2779 556 2838 603 ut
2870 563 2985 605 rem
3004 549 3247 606 breviter
3273 554 3639 623 complectar,

375 638 614 693 έστειλεν
641 647 690 690 ³.
726 640 789 692 Ol
813 637 923 708 γὰρ
942 637 1006 708 δὴ
1033 638 1326 709 Βάρϐαροι,
1345 639 1437 703 οὓς
1467 641 1496 692 ὁ
1527 639 1779 709 βασιλεὺς
1803 639 1958 692 Κων-

375 729 625 792 στάντιος
678 731 758 793 εἰς
809 731 1128 800 συμμαχίαν
1181 731 1325 786 κατὰ
1374 732 1710 800 Μαγνεντίου
1765 730 1957 803 μικρὸν

371 820 686 891 ἔμπροσθεν
713 819 1076 892 ἐμισθώσατο,
1095 824 1177 887 εις
1202 824 1355 878 οὐδὲν
1377 826 1648 896 χρήσιμον
1669 824 1782 894 (15)
1817 824 1958 877 κατά

369 910 467 964 τοῦ
520 911 786 982 τυράννου
838 914 1118 984 γενόμενοι
1146 955 1162 979 ,
1211 915 1310 980 τὰς
1335 942 1339 945 -
1369 917 1657 988 Ῥωμαίων
1708 917 1957 988 ἔφθειρον

371 1000 562 1065 πόλεις
587 1015 602 1029 '
635 1004 731 1056 καὶ
759 1003 946 1075 ἐπειδὴ
985 1003 1106 1068 νέος
1154 1001 1223 1076 ἦν
1256 1005 1355 1077 τὴν
1399 1007 1614 1078 ἠλικίαν
1638 1049 1654 1074 ,
1702 1009 1956 1062 ἐκέλευσε

373 1092 547 1163 μηδὲν
583 1094 746 1149 αὐτὸν
795 1096 1052 1165 πράττειν
1083 1096 1206 1168 δίχα
1252 1097 1478 1169 γνώμης
1519 1099 1834 1170 ἡγουμένων
1861 1099 1956 1154 τοῦ

372 1187 631 1257 στρατοῦ.
672 1187 759 1251 Ὠς
803 1189 860 1241 δὲ
891 1191 1088 1243 ἐκεῖνοι
1127 1191 1227 1261 τῆς
1275 1191 1522 1256 ἐξουσίας
1551 1193 1754 1263 ταύτης
1799 1191 1958 1246 λαϐό-

372 1295 552 1348 μενοι,
586 1279 956 1351 ῥᾳθυμότερον
984 1281 1096 1336 τῶν
1119 1283 1461 1354 πραγμάτων
1481 1285 1798 1355 ἐφρόντιζον
1818 1325 1833 1348 ,
1865 1286 1960 1338 καὶ

368 1368 462 1422 διὰ
511 1369 668 1424 τοῦτο
697 1371 769 1424 τά
817 1371 1120 1444 Βαρϐάρων
1152 1375 1587 1448 ἐπικρατέστερα
1623 1371 1724 1446 ἦν,
1761 1378 1790 1429 ό
1831 1377 1960 1428 Ἰου-

373 1459 557 1522 λιανὸς
592 1460 719 1524 τοὺς
759 1462 856 1531 μὲν
889 1464 1229 1534 στρατηγοὺς
1254 1465 1339 1518 εἴα
1380 1468 1611 1536 τρυφαῖς
1654 1468 1748 1520 καὶ
1775 1465 1960 1525 πότοις

374 1551 662 1621 σχολάζειν
694 1568 710 1585 ο
776 1555 904 1617 τοὺς
978 1555 1035 1608 δὲ
1109 1556 1448 1627 στρατιώτας
1518 1556 1958 1629 προθυμοτέρους

371 1641 638 1712 ἐποίησε,
676 1641 866 1712 μισθὸν
916 1643 1220 1715 ὡρισμένον
1269 1647 1347 1717 τῷ
1398 1646 1640 1701 ἀνελόντι
1688 1647 1958 1718 βάρϐαρον

373 1731 772 1802 ὑποσχόμενος.
834 1733 1006 1788 Τοῦτο
1041 1737 1313 1808 παρέσχεν
1369 1739 1542 1808 ἀρχὴν
1591 1737 1687 1792 τοῦ
1745 1741 1839 1793 καὶ
1890 1739 1957 1793 τὰ

377 1823 684 1894 Βαρϐάρων
737 1825 1092 1880 ἐλαττοῦσθαι
1117 1868 1134 1892 ,
1173 1829 1266 1882 καὶ
1321 1829 1481 1883 αὐτὸν
1513 1829 1773 1900 ἐράσμιον
1808 1830 1958 1902 παρὰ

367 1918 486 1977 τοῖς
520 1915 878 1986 στρατιώταις
907 1919 1183 1987 γενέσθαι.
1215 1920 1386 1988 Λόγος
1424 1921 1482 1973 δέ
1512 1938 1623 1985 τις,
1667 1921 1750 1974 ὅτι
1782 1923 1862 1984 εις
1898 1921 1956 1976 ἓν

367 2007 482 2060 τῶν
509 2009 796 2080 πολιχνίων
834 2009 1164 2073 εἰσελθόντος
1210 2011 1376 2065 αὐτοῦ
1397 2055 1412 2078 ,
1450 2012 1715 2080 στέφανος
1751 2015 1845 2081 ἀφ’
1881 2006 1957 2067 ὧν

365 2097 474 2160 τάς
509 2099 693 2162 πόλεις
736 2098 1032 2169 κοσμοῦσιν
1062 2099 1196 2170 (16),
1238 2100 1297 2152 ὲν
1339 2100 1489 2170 μέσῳ
1519 2101 1626 2154 τῶν
1667 2101 1859 2155 κιόνων
1893 2103 1958 2154 ὲκ

368 2188 656 2244 καλωδίων
686 2190 1021 2260 ¹Ιλιρτημένος,
1054 2192 1119 2261 τῇ
1153 2191 1362 2262 κεφαλῇ
1397 2193 1741 2263 κατενεχθεὶς
1775 2195 1956 2264 ἥρμο-

370 2297 488 2346 σεν,
521 2280 611 2332 ἐπί
637 2297 695 2332 τε
721 2279 894 2350 τούτῳ
920 2281 1126 2344 πάντας
1162 2282 1292 2345 τοὺς
1317 2282 1592 2354 παρόντας
1613 2284 1916 2354 ἀναϐοῆσαι
1938 2303 1954 2322 ο

369 2371 774 2443 προδηλοῠσθαι
810 2372 918 2443 γὰρ
961 2372 1110 2444 αὐτῷ
1139 2373 1228 2427 διὰ
1267 2373 1363 2427 τοῦ
1405 2376 1697 2447 γενομένου
1729 2378 1954 2448 σημείου

369 2465 473 2534 τὴν
495 2464 792 2534 βασιλείαν.
815 2465 953 2518 Φασὶ
978 2465 1034 2519 δέ
1071 2484 1214 2530 τινες
1240 2507 1254 2531 ,
1281 2467 1357 2530 ὡς
1390 2469 1766 2534 Κωνστάντιος
1796 2471 1956 2527 αύτὺν

368 2555 626 2610 διατοῦτο
672 2556 767 2609 ἐπὶ
807 2559 932 2620 τοὺς
965 2558 1285 2629 Βαρϐάρους
1317 2559 1669 2626 ἀπέστειλεν,
1707 2561 1796 2617 ἵνα
1843 2563 1960 2616 ἐκεῖ

366 2647 682 2718 διαφθαρῇ,
710 2647 1155 2718 συμπλεκόμενος
1180 2649 1385 2713 αὐτοῖς.
1414 2649 1528 2703 Οὐκ
1559 2647 1677 2705 οἶδα
1706 2651 1798 2715 δὲ,
1831 2653 1879 2704 εἰ
1907 2655 1955 2706 οἱ

367 2739 438 2792 τὸ
457 2737 666 2792 τοιοῦτο
704 2739 953 2808 λέγοντες
977 2739 1346 2811 ἀληθεύουσιν.
1385 2740 1442 2794 Ὀ
1466 2741 1573 2813 γὰρ
1600 2741 1698 2814 τὴν
1724 2743 1956 2815 ἀδελφὴν

371 2835 476 2904 τὴν
511 2833 643 2886 ἰδίαν
673 2833 821 2904 αὐτῷ
853 2835 1177 2904 συνοικήσας
1196 2873 1210 2898 ,
1238 2834 1624 2900 ἐπιϐουλεύων,
1654 2837 1806 2890 οὐδὲν
1831 2836 1958 2891 ἄλλο

371 2927 409 2996 ἦ
442 2925 564 2979 καθ’
589 2925 784 2979 ἑαυτοῦ
811 2925 911 2995 τὴν
943 2926 1234 2998 ἐπιϐουλὴν
1255 2926 1472 2999 ἔτρεπε.
1504 2928 1675 2982 Τοῦτο
1712 2930 1810 3000 μὲν
1841 2926 1957 2997 οὖν,

371 3017 454 3079 ὡς
500 3018 714 3088 ἑκάστῳ
769 3017 956 3080 δοκεῖ,
991 3017 1243 3089 κρινέτω.
1294 3019 1586 3074 Ἰουλιανοῦ
1640 3020 1698 3072 δὲ
1742 3021 1960 3091 μεμψα-

376 3105 548 3176 μένου
597 3107 748 3178 παρὰ
789 3109 996 3178 βασιλεῖ
1022 3109 1122 3180 τὴν
1158 3107 1427 3180 ρᾳθυμίαν
1455 3107 1563 3163 τῶν
1596 3109 1958 3179 στρατηγούν-

372 3211 526 3259 των,
579 3195 764 3267 ’ἐτερος
804 3198 1060 3267 ἐπέμφθη
1111 3197 1448 3268 στρατηγὸς,
1503 3198 1847 3268 ἡρμοσμένος
1890 3200 1956 3268 τῇ
1989 3245 2031 3302 C

375 3287 660 3360 προθυμίᾳ
716 3290 1022 3344 Ἰουλιανοῦ.
1063 3293 1160 3345 ⁸ον
1197 3291 1334 3362 ἔχων
1376 3292 1688 3364 ὑπουργὸν,
1743 3291 1961 3365 θαρῤὦν

373 3382 494 3442 τοῖς
545 3379 855 3452 Βαρϐάροις
910 3382 1258 3436 συνέϐαλλεν.
1313 3384 1376 3437 0i
1422 3383 1478 3436 δὲ
1518 3383 1966 3454 διεπρεσϐεύοντο

374 3471 518 3542 προς
549 3473 738 3536 αὑτὸν,
771 3473 1075 3538 δεικνύντες
1113 3475 1189 3538 ὡς
1234 3475 1303 3528 τὰ
1349 3474 1613 3544 βασιλέως
1662 3477 1965 3547 γράμματα

374 3566 462 3626 εἰς
491 3565 591 3635 τὴν
630 3567 916 3637 Ῥωμαίων
957 3567 1140 3638 χώραν
1190 3571 1444 3639 παρεῖναι
1493 3569 1704 3622 κελεύει
1745 3571 1964 3635 αὐτοὺς,

375 3656 477 3708 καὶ
527 3657 624 3718 τὰς
667 3659 954 3723 ἐπιστολὰς
991 3660 1356 3715 ἐπεδείκνυον.
1398 3662 1458 3715 '0
1485 3661 1540 3714 δὲ
1563 3662 1675 3727 τὸν,
1707 3662 1806 3733 μὲν
1833 3680 1966 3734 πρε-

377 3747 616 3819 σϐευτὴν
640 3748 924 3821 δεσμώτην
948 3752 1170 3822 ἐποίησε
1193 3770 1206 3782 ο
1241 3753 1536 3823 συμϐάλλει
1560 3753 1617 3806 δὲ
1643 3752 1721 3824 τῷ
1752 3754 1965 3825 πλήθει,

375 3839 479 3890 καὶ
510 3841 851 3911 κατακράτος
878 3844 1021 3914 νικᾷο
1047 3844 1141 3896 καὶ
1165 3844 1254 3897 τὸν
1284 3844 1508 3913 βασιλέα
1527 3845 1637 3898 τῶν
1661 3845 1967 3917 Βαρϐάρων

375 3929 728 3999 αἰχμάλωτον
761 3931 962 3996 λαϐὼν,
990 3935 1355 4005 Κωνσταντίῳ
1392 3935 1624 4006 έπεμψε.
1661 3935 1848 3990 Ταῦτα
1879 3937 1972 3988 εύ-

374 4021 628 4090 τυχήσας
652 4059 666 4084 ,
711 4022 1100 4092 ἀναγορεύεται
1133 4023 1238 4074 ὑπὸ
1280 4022 1388 4075 τῶν
1435 4023 1784 4093 στρατιωτῶν
1818 4022 1970 4092 βασι-

376 4111 532 4174 λεύς.
577 4112 663 4176 Ὠς
690 4113 747 4166 δὲ
791 4113 1052 4183 στέφανος
1083 4114 1358 4184 βασιλικὸς
1407 4118 1466 4167 ού
1499 4115 1680 4186 παρῆν
1705 4155 1719 4180 ,
1753 4109 1834 4178 εἷς
1863 4115 1970 4169 τῶν

375 4199 696 4270 δορυφόρων
715 4240 731 4267 ,
763 4200 822 4254 δν
851 4198 962 4272 εἷχε
989 4203 1406 4273 περιτραχήλιον
1455 4203 1647 4256 ἑαυτοῦ
1705 4204 1968 4274 στρεπτὸν

2059 638 2358 707 imperator
2387 653 2516 693 eum
2560 638 2691 694 inde
2721 642 3085 709 accersitum,
3117 643 3388 700 Caesarem
3430 659 3641 699 renun-

2060 727 2160 780 tiat
2186 745 2200 782 :
2243 734 2297 781 et
2329 741 2524 782 sorore
2565 742 2664 783 sua
2698 727 2903 784 Helena
2934 731 3012 785 illi
3043 732 3098 784 in
3125 731 3444 802 conjugium
3475 733 3604 786 data
3624 772 3638 796 ,

2058 821 2116 874 in
2150 818 2355 874 Gallias
2383 828 2578 874 contra
2609 819 2874 877 barbaros
2906 821 3096 878 mittit.
3126 814 3594 878 Etenim'barbari
3617 861 3632 886 ,

2058 925 2200 980 quos
2235 909 2597 966 Constantius
2639 911 2943 982 imperator
2981 913 3051 968 ad
3101 913 3372 968 auxilium
3415 913 3520 968 sibi
3567 913 3646 968 fe—

2058 1001 2292 1056 rendum
2329 1012 2522 1057 contra
2550 1001 2922 1072 Magnentium
2969 1005 3136 1074 paulo
3180 1014 3309 1060 ante
3354 993 3640 1060 conduxe-

2058 1101 2178 1156 rat,
2228 1105 2354 1146 cum
2399 1092 2616 1158 nullum
2658 1094 2745 1148 sui
2781 1109 2944 1150 usnm
2990 1094 3353 1164 prtebuisscnt
3402 1097 3459 1149 in
3498 1095 3643 1150 bello

2058 1182 2327 1238 adversus
2357 1192 2650 1254 tyrannum
2673 1225 2688 1250 ,
2725 1187 2896 1241 urbes
2927 1187 3143 1258 imperii
3191 1185 3423 1242 Romani
3468 1201 3642 1257 popu-

2059 1273 2341 1328 labantur.
2373 1277 2442 1330 Et
2465 1277 2728 1346 quoniam
2755 1277 3011 1334 Julianus
3037 1287 3197 1336 aetate
3220 1281 3401 1336 adhuc
3425 1279 3644 1350 juvenis

2059 1376 2211 1429 erat,
2251 1369 2512 1438 praecepit
2539 1369 2588 1423 ei
2620 1369 2978 1427 Constantius
3038 1387 3108 1426 ne
3132 1372 3264 1441 quid
3295 1379 3485 1442 ageret
3514 1372 3643 1426 abs-

2059 1472 2168 1527 que
2195 1457 2399 1512 dueum
2440 1459 2760 1513 militarium
2795 1462 3050 1516 consilio.
3100 1461 3208 1517 Sed
3252 1477 3377 1518 cum
3410 1462 3510 1526 illi,
3541 1463 3644 1517 hac

2061 1553 2336 1615 potestate
2366 1555 2616 1616 accepta,
2652 1549 3018 1619 negligentius
3052 1565 3166 1605 rem
3198 1528 3440 1620 agerent,
3477 1557 3645 1619 atque

2065 1636 2223 1706 170
2243 1637 2313 1692 ob
2337 1653 2457 1692 eam
2487 1653 2708 1694 causam
2738 1641 3051 1710 superiores
3073 1651 3261 1697 essent
3287 1642 3527 1706 barbari,
3549 1639 3646 1695 Ju-

2060 1728 2243 1784 lianus
2285 1728 2458 1786 duces
2501 1731 2726 1800 quidem
2778 1731 2996 1788 deliciis
3042 1743 3097 1788 et
3143 1734 3646 1804 compotationibus

2062 1820 2350 1890 indul’gere
2383 1836 2584 1891 passus
2617 1833 2701 1877 est
2731 1842 2744 1878 :
2783 1823 2989 1879 milites
3024 1839 3157 1879 vero
3189 1824 3490 1880 alacriores
3523 1824 3647 1880 red.

1993 1885 2036 1945 Β
2065 1885 2250 1976 (Ιὶιιίι,⁷
2265 1885 2473 1967 certam
2502 1913 2814 1969 mercedem
2845 1915 3124 1984 pollicitus
3150 1917 3198 1971 ei
3227 1917 3322 1986 qui
3351 1917 3648 1971 barbarum

2065 2003 2381 2060 occidisset.
2413 2003 2554 2060 Hinc
2615 2005 2824 2060 factum
2863 2016 2948 2062 est
2987 2018 3047 2063 ut
3075 2016 3128 2063 et
3157 2009 3519 2064 barbarorum
3549 2023 3646 2064 co-

2065 2097 2168 2166 pia
2197 2099 2598 2162 minuerentur,
2627 2109 2681 2153 et
2714 2099 2832 2169 ipse
2868 2101 3134 2155 militibus
3161 2109 3313 2157 esset
3345 2102 3646 2172 acceptior.

2063 2186 2265 2242 Fertur
2289 2196 2504 2255 autem,
2539 2205 2665 2243 cum
2709 2190 2973 2261 oppidum
3012 2192 3287 2262 quoddam
3338 2192 3650 2262 ingredere-

2065 2289 2175 2343 tur,
2221 2293 2485 2334 coronam
2516 2295 2625 2350 qua
2668 2281 2922 2337 civitates
2953 2283 3142 2337 ornari
3175 2284 3388 2348 solent,
3423 2283 3478 2337 in
3511 2283 3649 2338 duas

2064 2371 2356 2426 columnas
2389 2387 2719 2441 suspensam
2755 2373 2982 2430 funibus
3005 2416 3021 2440 ,
3052 2376 3108 2430 in
3139 2383 3305 2446 caput
3331 2376 3450 2445 ejus
3479 2377 3650 2445 aptis-

2063 2464 2202 2520 sime
2235 2465 2626 2522 descendisse:
2661 2481 2838 2537 eoque
2870 2469 2990 2523 viso
3021 2479 3254 2523 cunctos
3282 2469 3374 2537 qui
3410 2469 3641 2523 aderant

2063 2557 2408 2613 exclamasse
2429 2597 2444 2622 ,
2471 2558 2628 2627 quasi
2657 2574 2722 2614 eo
2754 2560 2913 2630 signo
2939 2560 3224 2628 imperium
3258 2559 3332 2613 illi
3361 2560 3649 2630 praesigni-

2069 2648 2221 2703 iicari
2245 2649 2548 2704 videretur.
2578 2648 2718 2705 Sunt
2747 2653 2842 2721 qui
2887 2651 3077 2705 dicant
3116 2651 3268 2705 illum
3298 2659 3493 2726 contra
3519 2652 3652 2706 bar-

2065 2742 2232 2797 baros
2260 2757 2327 2798 eo
2356 2743 2593 2799 consilio
2623 2743 2855 2800 missum
2887 2759 3010 2799 esse
3037 2758 3066 2797 a
3102 2742 3458 2808 Corrstantio,
3489 2751 3552 2797 ut
3587 2743 3654 2797 il-
3703 2810 3707 2813 η

2065 2834 2140 2888 lic
2186 2849 2310 2890 cum
2355 2835 2613 2892 barbaris
2655 2836 2932 2892 dimicans
2978 2836 3251 2890 interiret.
3308 2834 3416 2890 Sed
3463 2842 3651 2888 utrum

2068 2941 2193 2981 vera
2224 2927 2413 2981 dicant
2444 2928 2540 2997 qui
2569 2927 2624 2981 id
2655 2939 2949 2991 asserunt,
2984 2927 3238 2998 equidem
3276 2927 3481 2982 nescio.
3513 2923 3650 2979 Nam

2066 3035 2257 3076 sorore
2284 3021 2504 3091 propria
2540 3020 2616 3073 illi
2654 3019 2711 3074 in
2742 3019 3154 3074 matrimonium
3189 3018 3314 3072 data
3336 3057 3350 3081 ,
3383 3019 3429 3072 si
3463 3024 3652 3086 postea

2068 3111 2300 3168 insidias
2331 3111 2381 3166 ei
2413 3111 2744 3178 struxisset,
2792 3124 3022 3180 prorsus
3049 3114 3243 3164 contra
3281 3109 3523 3178 seipsum
3557 3123 3652 3164 eas

2067 3207 2293 3262 molitus
2325 3214 2494 3262 esset.
2527 3203 2731 3260 Verum
2762 3205 2865 3260 hac
2902 3204 2970 3259 de
3011 3219 3070 3258 re
3111 3203 3312 3274 singuli
3355 3217 3459 3272 pro
3499 3201 3649 3255 arbi-

2065 3299 2176 3353 trio
2237 3313 2338 3354 suo
2375 3296 2648 3368 judicent.
2692 3295 2866 3351 Porro
2907 3311 3032 3351 cum
3073 3294 3328 3350 Julianus
3369 3295 3436 3349 de
3476 3293 3654 3364 negli-

2067 3391 2251 3459 gentia
2291 3401 2356 3442 ac
2387 3387 2648 3444 socordia
2679 3386 2882 3442 ducum
2916 3385 3059 3456 apud
3095 3386 3483 3455 imperatorem
3519 3399 3656 3454 que-

2068 3489 2190 3535 stus
2234 3486 2417 3545 esset,
2467 3479 2610 3532 alius
2657 3479 2868 3534 missus
2917 3485 3003 3534 est
3053 3478 3316 3548 magister
3373 3477 3652 3544 militum,

2067 3573 2343 3626 alacritati
2396 3569 2602 3626 Juliani
2649 3570 2872 3642 egregie
2926 3569 3293 3640 respondens.
3351 3567 3510 3623 Hune
3561 3568 3655 3623 ille

2071 3661 2460 3714 administrum
2493 3667 2729 3725 nactus,
2769 3659 2960 3714 lidenti
3002 3659 3190 3713 animo
3231 3673 3355 3712 cum
3399 3658 3656 3713 barbaris

2071 3767 2406 3821 congressus
2433 3758 2539 3805 est.
2579 3750 2662 3804 llli
2695 3764 2830 3805 vero
2862 3751 3138 3821 legatione
3169 3749 3238 3804 ad
3272 3765 3395 3804 eum
3439 3750 3602 3805 missa
3629 3791 3645 3814 ,

2071 3843 2383 3897 docuerunt
2424 3841 2778 3911 imperatoris
2814 3857 2872 3895 se
2913 3841 3110 3895 litteris
3141 3849 3403 3896 evocatos
3443 3841 3658 3896 venisse

2070 3932 2127 3986 in
2156 3933 2433 4003 regionem
2461 3931 2857 3985 Romanorum.
2896 3929 3071 3984 Simul
3101 3930 3266 3985 etiam
3299 3930 3650 3998 imperatoris

2071 4025 2291 4079 litteras
2321 4024 2715 4078 ostendebant.
2759 4024 2828 4076 At
2863 4021 3118 4078 Julianus
3151 4023 3393 4092 legatum
3429 4023 3652 4092 quidem

2079 4115 2323 4184 conjecit
2374 4117 2429 4169 in
2485 4114 2748 4184 vincula:
2805 4123 3063 4168 conserto
3116 4122 3298 4168 autem
3347 4129 3471 4167 cum
3521 4114 3659 4181 ipsis

2078 4207 2307 4277 prrelio,
2357 4205 2720 4261 barbarorum
2758 4205 2946 4276 c0pias
2994 4204 3244 4260 funditus
3288 4205 3529 4269 delevit,
3569 4220 3661 4258 ca-

1548 4355 1822 4413 VALESII
1864 4357 2314 4416 ANNOTATION
2323 4359 2429 4416 ES.

460 4446 574 4531 (l_5)
603 4449 704 4531 ξὶς
731 4449 912 4531 audeo:
955 4449 1275 4531 χρήσιμον.
1311 4447 1476 4531 ,μειερ
1508 4451 1791 4530 χρήσιμοι.
1825 4449 1963 4531 Quo-

2082 4460 2135 4509 et
2161 4453 2456 4523 provinciae
2487 4453 2702 4523 imperii
2733 4452 2966 4531 Romani
3004 4453 3109 4531 hoc
3131 4451 3496 4531 habitu_pingi
3525 4467 3660 4506 con-

382 4516 556 4588 modo
580 4518 742 4588 etiam
800 4519 1003 4585 legisse
1057 4516 1275 4573 videtur
1308 4516 1785 4588 Epiplia'iiiusfsic
1819 4521 1969 4575 enim

381 4587 589 4658 vertit:
624 4587 756 4658 Cum
792 4589 926 4641 nihil
954 4590 1276 4658 profuissent
1309 4587 1493 4643 centra
1521 4600 1826 4658 tyrannum.

462 4655 579 4728 (16)
608 4657 912 4726 Στέφανος
936 4654 1061 4727 ἆξον
1086 4654 1173 4713 ὧν
1201 4660 1308 4723 τὰς
1359 4654 1570 4725 adieci;
1611 4660 1968 4728 κοσμοῦσιν.

382 4725 734 4795 Epiphanius
791 4725 1175 4784 Scholasticus
1225 4746 1475 4783 coronam
1532 4725 1773 4784 lauream
1802 4731 1973 4785 inter-

381 4806 663 4867 pretatur,
699 4798 899 4869 quibus
932 4800 1184 4856 civitates
1214 4800 1476 4855 exornari
1513 4801 1783 4856 solebant.
1828 4799 1974 4855 Sane

2082 4534 2398 4586 sucverant,
2427 4538 2663 4579 coronas
2684 4525 2948 4591 quasdam
2969 4526 3199 4579 turritas
3227 4525 3406 4593 capite
3435 4531 3656 4593 gestan-

2079 4601 2182 4658 tes,
2216 4605 2272 4648 ut
2295 4595 2476 4650 videre
2499 4603 2582 4649 est
2605 4595 2659 4648 in
2688 4593 2894 4649 Notitia
2935 4594 3145 4664 imperii
3178 4591 3658 4664 RonianiISuspif

2079 4665 2192 4734 c_ari
2213 4673 2394 4718 tamen
2410 4666 2534 4734 quis
2553 4666 2746 4734 possit,
2771 4665 2871 4720 hoc
2889 4665 3007 4720 loco
3029 4665 3382 4720 scribendum
3400 4678 3542 4729 esse,
3565 4663 3658 4732 ἀφ’

2080 4729 2154 4789 ὧν
2191 4737 2245 4790 αἱ
2277 4729 2459 4798 πόλεις
2484 4729 2609 4798 τοῦς
2641 4734 2896 4805 βασιλέας
2921 4734 3208 4805 κοσμοῦσι.

1803 4934 2191 4993 VARIORUM.

465 5041 489 5069 ι’
524 5030 656 5085 Ἐπὶ
695 5031 802 5097 τὰς
828 5031 1098 5097 Γαλλίας
1123 5031 1500 5085 ἀπέστειλεν.
1530 5030 1667 5085 Cum
1699 5031 1972 5085 Constan-

382 5101 529 5155 tium
572 5102 913 5170 exagitarent
943 5102 1152 5155 assidui
1177 5102 1354 5155 nuntii
1376 5101 1686 5170 deploratas
1709 5101 1820 5169 jam
1845 5100 1972 5155 Gal-

383 5174 495 5226 lias
559 5169 884 5235 indicantes,
940 5169 1217 5225 Julianum
1267 5172 1321 5224 in
1386 5169 1599 5240 imperii
1643 5171 1966 5226 societatem

345 5262 350 5266 ν
383 5242 650 5303 ascitum,
678 5250 732 5311 et
763 5242 976 5295 Helena:
1009 5243 1216 5296 sororis
1239 5242 1406 5311 jugali
1432 5242 1636 5311 findere
1668 5241 1772 5295 sibi
1796 5256 1969 5310 copu-

384 5312 591 5374 latum,
624 5310 786 5378 hujus
812 5312 938 5365 belli
970 5312 1165 5367 ducem
1191 5310 1542 5365 renuntiavit.
1560 5310 1834 5373 Julianus,
1859 5327 1970 5365 non

383 5382 620 5452 ignarus
651 5382 870 5450 quantis
923 5382 1181 5452 periculis
1217 5381 1567 5451 objiceretur,
1614 5397 1722 5435 non
1761 5390 1872 5433 tam
1911 5396 1970 5435 se

381 5451 455 5521 ad
487 5452 750 5506 honorem
773 5451 937 5521 quam
965 5452 1031 5505 ad
1053 5460 1281 5506 mortem
1309 5461 1555 5506 vocatum
1579 5452 1966 5505 arbitrabatur.

385 5520 462 5575 Et
506 5533 670 5586 certe,
725 5520 903 5590 inquit
933 5523 1110 5575 Amm.
1153 5521 1520 5583 Marcellinus.
1578 5521 1713 5574 illud
1758 5536 1972 5573 rumore

387 5603 541 5645 tenus
562 5590 753 5660 ubique
776 5589 1098 5661 iactabatur,
1123 5593 1258 5661 quod
1277 5591 1529 5645 Julianus
1567 5608 1671 5661 non
1702 5589 1968 5644 levaturus

384 5663 734 5716 incommoda
786 5659 1089 5716 Galliarum
1135 5659 1329 5716 electus
1370 5671 1522 5725 esset,
1557 5659 1647 5715 sed
1688 5669 1744 5713 ut
1795 5669 1970 5728 posset

384 5747 481 5801 per
510 5732 650 5786 bella
670 5730 836 5784 deleri
867 5733 1178 5794 swvissima,
1216 5731 1364 5785 rudis
1392 5733 1550 5785 etiam
1583 5743 1714 5792 tum,
1747 5742 1802 5784 ut
1822 5734 1969 5786 (esti-

388 5803 666 5865 artabatur,
691 5818 754 5854 ac
777 5819 839 5856 ne
867 5803 1096 5854 sonitum
1127 5803 1333 5870 quidem
1357 5801 1648 5855 duraturus
1675 5817 1966 5855 armorum.

388 5876 462 5926 At
486 5872 638 5928 rudis
689 5872 795 5929 iste
844 5873 1183 5940 adolescens,
1221 5883 1273 5929 ct
1328 5874 1384 5928 in
1418 5873 1723 5930 Academiae
1757 5872 1968 5936 umbra,

2080 5046 2186 5084 non
2213 5030 2267 5084 in
2303 5030 2419 5084 Sole
2437 5045 2500 5085 ac
2531 5031 2754 5099 pulvere
2782 5030 3002 5083 militari
3035 5028 3320 5095 educatus,
3357 5029 3491 5081 mira
3517 5031 3659 5084 cele-

2080 5101 2241 5154 ritate
2273 5101 2540 5154 barbaros
2563 5100 2736 5153 Gallia
2759 5099 2987 5168 expulit,
3013 5107 3218 5168 septem
3245 5100 3415 5153 totius
3439 5099 3678 5159 Germa-_

2076 5172 2182 5224 nia?
2205 5171 2620 5238 potentissimos
2645 5185 2801 5240 reges
2839 5184 2949 5223 uno
2999 5168 3203 5238 ingenti
3234 5169 3660 5238 dillicillimoque

2079 5243 2272 5308 proelio
2328 5241 2394 5294 ad
2445 5241 2870 5310 Argentoratum
2925 5240 3147 5303 devicit,
3195 5240 3528 5307 omninoque
3574 5256 3660 5292 res

2078 5311 2265 5366 Galliae
2284 5311 2494 5366 accisas
2520 5309 2685 5380 atque
2711 5309 2940 5364 alllictas
2968 5311 3021 5363 in
3047 5310 3319 5380 integrum
3340 5318 3546 5380 statum
3577 5324 3661 5380 rc-

2079 5382 2280 5443 stituit,
2307 5381 2454 5450 quod
2475 5378 2667 5451 omnes
2696 5395 2805 5434 uno
2837 5395 2933 5434 ore
2958 5381 3259 5451 scriptores
3294 5379 3442 5433 illius
3463 5378 3660 5451 _:et_atis

2078 5447 2395 5522 praedicant.
2435 5451 2566 5505 Vide
2599 5450 2898 5522 Marcellin.
2932 5451 3026 5522 lib.
3053 5447 3142 5512 x'v,
3164 5450 3430 5522 etuipsum
3455 5447 3656 5522 Julian.

2079 5517 2146 5575 ἱιά
2180 5522 2540 5594 Athenienses.
2591 5523 2720 5574 Ant.
2753 5520 2880 5594 Pagi
2915 5519 2981 5573 ad
3007 5535 3136 5574 ann.
3161 5517 3286 5583 353,
3309 5536 3361 5571 ιι.
3396 5518 3451 5579 4,
3478 5517 3660 5594 Julia-

2077 5608 2204 5657 nus,
2264 5593 2462 5662 inquit,
2511 5593 2616 5647 hoc
2659 5607 2803 5662 anno
2837 5586 3026 5662 Caesar
3078 5597 3319 5649 creatus,
3363 5595 3447 5662 ct_
3471 5586 3662 5662 Galliis

2079 5654 2401 5732 praepositus
2430 5654 2457 5727 ;⁷
2481 5663 2628 5732 quod
2669 5661 2917 5732 inrltalia
2968 5659 3198 5732 factum,
3231 5665 3369 5732 teste
3415 5654 3658 5716 Zosimo,

2081 5725 2239 5788 initio
2269 5735 2391 5786 libri
2419 5725 2588 5796 ιιι,ὀι
2617 5731 2837 5801 quidem
2867 5727 3176 5790 Mediolani,
3203 5737 3260 5780 ut
3280 5725 3656 5793 Hieronymus

2081 5807 2134 5859 in
2165 5804 2437 5859 Chronico
2469 5803 2682 5859 scribit.
