4016 6350
418 406 525 462 375

1893 401 2232 457 SOGRATIS
2312 437 2324 447 -

3545 394 3654 451 376

421 531 689 593 ptumque
719 537 910 580 eorum
949 537 1137 594 regem
1168 522 1320 580 misit
1348 521 1414 577 ad
1443 519 1849 579 Constantium.
1882 517 1978 571 His

2098 516 2262 570 Ιεαὸὼν
2283 558 2297 580 ,
2349 519 2415 589 τῇ
2469 517 2678 588 κεφαλῇ
2733 513 3018 571 ἰουλιανοῦ
3065 511 3422 584 περιτέθεικε.
3455 511 3657 566 Τοῦτον

424 615 592 671 rebus
633 629 894 685 prospere
940 615 1146 684 gestis,
1191 614 1474 685 Augustus
1513 627 1544 667 a
1583 611 1852 667 militibus
1893 624 1987 678 ap-

423 708 681 776 pellatur.
733 707 870 761 Cum
922 713 1102 760 autem
1151 703 1457 775 imperialis
1492 705 1711 760 deesset
1744 715 1947 757 corona
1971 739 1987 764 ,

424 811 570 850 unus
595 809 665 850 ex
697 795 1059 865 stipatoribus
1082 800 1330 862 torquem
1359 807 1520 862 quem
1545 792 1695 846 collo
1722 791 1975 862 gestabat

421 883 626 949 Juliani
655 885 826 956 capiti
856 885 1137 956 imposuit.
1168 882 1284 938 Hoc
1309 884 1472 938 modo
1499 881 1753 940 Julianus
1782 880 1850 936 ad
1883 881 1988 936 im-

425 975 638 1046 perium
665 974 934 1045 pervenit.
961 973 1096 1040 Qua
1120 987 1251 1030 vero
1279 973 1542 1044 deinceps
1571 973 1773 1044 gessit,
1802 981 1991 1026 utrum

426 1066 758 1136 philosopho
786 1065 1153 1132 conveniant,
1183 1067 1484 1122 lectoribus
1507 1063 1865 1135 iudicandum
1904 1077 1993 1117 re-

426 1156 637 1226 linquo.
666 1153 799 1209 Nam
825 1169 1009 1228 neque
1036 1154 1366 1224 legationem
1393 1155 1461 1210 ad
1479 1153 1867 1210 Constantium
1892 1151 1994 1220 mi-

426 1246 537 1313 sit,
571 1260 747 1316 neque
783 1245 933 1300 illum
971 1253 1228 1316 tanquam
1263 1246 1402 1301 bene
1433 1245 1502 1300 de
1528 1259 1588 1300 se
1617 1243 1868 1299 meritum
1901 1256 1993 1296 co-

428 1336 542 1394 lere
569 1339 972 1407 perseveravit:
1001 1337 1096 1392 sed
1122 1345 1322 1392 cuncta
1353 1351 1450 1407 pro
1475 1335 1706 1391 arbitrio
1736 1349 1838 1389 suo
1861 1333 1991 1404 egit.

428 1430 508 1484 Aa
540 1435 783 1486 rectores
811 1428 1028 1498 quidem
1057 1429 1467 1499 provinciarum
1498 1427 1748 1483 mutavit.
1779 1425 1883 1482 Per
1910 1440 1996 1478 ur-

433 1520 528 1572 bes
557 1525 738 1573 autem
773 1518 1021 1589 singulas
1050 1520 1310 1590 carpebat
1333 1519 1718 1574 Constantium
1737 1558 1752 1583 ,
1782 1517 1996 1572 litteras

2091 611 2188 680 μὲν
2234 605 2326 664 οὖν
2379 610 2470 664 τὸν
2518 609 2717 680 τρόπον
2770 607 3055 672 Ἰουλιανὸς
3105 605 3438 660 ἐϐασίλευσε.
3474 603 3556 657 Τὰ
3597 604 3658 657 δὲ

2088 699 2336 754 ἐντεῦθεν
2356 739 2372 764 ,
2397 703 2444 755 εί
2472 700 2781 770 φιλοσόφου,
2805 695 3246 770 δοκιμαζέτωσαν
3273 696 3325 750 oi
3348 694 3655 758 ἀκούοντες.

2089 791 2182 862 Μὴ
2217 790 2782 863 διαπρεσϐευσάμενος
2808 789 2918 861 γὰρ
2941 787 3076 860 πρὸς
3096 786 3491 850 Κωνστάντιον,
3523 785 3662 856 μηδὲ

2090 883 2429 956 θεραπεύσας
2457 885 2533 948 ὠς
2568 883 2860 954 εὐεργέτην
2883 923 2898 946 ,
2931 881 3109 936 πάντα
3136 880 3398 951 ἔπραττεν
3423 879 3459 933 ἃ
3485 879 3661 932 ἐδόκει

2089 975 2256 1047 αὐτῷ.
2279 976 2390 1030 Kal
2413 975 2538 1040 τοὺς
2568 975 2667 1046 μὲν
2698 976 2818 1029 κατ’
2843 973 3111 1044 ἐπαρχίαν
3140 973 3410 1042 ἄρχοντας
3438 970 3658 1039 ἦμειὸεο

2089 1067 2300 1138 διέσυρε
2325 1066 2381 1120 δὲ
2419 1067 2509 1120 τὸν
2559 1065 2934 1119 Κωνστάντιον
2978 1061 3122 1118 κατὰ
3147 1062 3330 1122 πόλεις
3349 1101 3364 1125 ,
3395 1058 3662 1129 ἀναγινώ-

2093 1174 2237 1210 σκων
2263 1155 2426 1211 αὐτοῦ
2461 1156 2696 1228 δημοσίᾳ
2725 1155 2822 1220 τάς
2859 1155 2996 1226 πρὸς
3025 1154 3150 1217 τοὺς
3183 1150 3506 1222 Βαρϐάρους
3539 1151 3663 1202 ἐπι-

2093 1249 2303 1313 στολάς.
2353 1250 2550 1320 Διόπερ
2589 1248 2737 1320 αὑτῷ
2769 1246 3170 1320 προσετίθεντο,
3196 1241 3572 1296 Κωνσταντίου
3601 1240 3661 1292 δὲ

2093 1343 2404 1412 ἀφίσταντο.
2439 1343 2572 1395 Τότε
2622 1341 2686 1412 δὴ
2742 1341 2837 1394 καὶ
2881 1339 2980 1410 τὴν
3013 1338 3298 1408 ὑπόκρισιν
3333 1345 3356 1374 ³
3404 1331 3500 1386 τοῦ
3540 1348 3662 1401 χρι-

2097 1435 2388 1500 στιανίζειν
2434 1434 2685 1505 φανερῶς
2717 1430 3039 1486 ἀπεδύσατοο
3075 1421 3300 1499 περιιὼν
3349 1422 3458 1496 γὰρ
3517 1420 3664 1474 κατὰ

2095 1523 2298 1589 πόλεις,
2320 1522 2446 1586 τούς
2476 1540 2535 1576 τε
2571 1524 2727 1586 ναοὺς
2753 1521 3005 1589 ἀνοίγων,
3041 1519 3153 1581 τοῖς
3178 1514 3456 1584 ἀγάλμασι
3487 1527 3662 1583 προσ-

2096 1614 2288 1684 έφερε,
2341 1614 2436 1666 καὶ
2494 1611 2683 1666 ἐαυτὸν
2735 1611 2998 1683 ἀρχιερέα
3031 1607 3338 1678 ὠνόμαζεν·
3386 1603 3532 1656 οἵτε
3561 1600 3662 1670 τὴν

2096 1702 2388 1774 θρησκείαν
2431 1702 2691 1772 ’Έλληνες
2750 1700 2942 1772 ἑορτὰς
2993 1695 3278 1751 ἐπετέλουν
3321 1689 3660 1761 Ἑλληνικάς.

2096 1792 2206 1846 Kal
2225 1779 2398 1847 ταῦτα
2420 1793 2610 1855 ποιῶν,
2631 1792 2866 1863 πόλεμον
2894 1788 3153 1860 ἐμφύλιον
3176 1780 3491 1856 ἀνερῤίπιζε
3519 1778 3664 1832 κατά

431 1881 624 1936 stianae
644 1881 927 1952 religionis
947 1881 1354 1938 simulationem
1383 1897 1612 1953 prorsus
1629 1882 1851 1953 abjecit.
1878 1880 1996 1936 Sin-

2098 1883 2473 1937 Κωνσταντίου
2504 1882 2821 1954 ποιούμενος
2847 1879 2946 1945 τάς
2975 1876 3375 1950 mappam).
3407 1871 3520 1926 Kal
3538 1871 3666 1923 ὅσον

431 1972 590 2042 gulas
626 1971 774 2027 enim
814 1971 1071 2028 civitates
1101 1972 1476 2040 circumiens,
1510 1973 1715 2050 templa
1747 1973 1997 2042 aperire,

2099 1973 2284 2042 μέντοι
2311 1976 2398 2028 ἐπ’
2425 1975 2574 2045 αύτῷ
2597 2014 2612 2038 ,
2640 1975 2814 2028 πάντα
2846 1973 2910 2027 ἂν
2937 1969 3178 2039 ἐγεγόνει
3205 2008 3221 2034 ,
3250 1968 3349 2021 ὅσα
3373 1966 3403 2018 ό
3428 1963 3664 2050 πόλεμος

431 2069 488 2116 et
522 2061 836 2118 simulacris
864 2063 1179 2120 sacriﬁcare
1205 2065 1406 2134 erepit,
1437 2049 1608 2134 seque
1635 2064 1751 2134 ipse
1775 2062 1998 2134 pontiﬁ-

2098 2064 2207 2134 ἐχει
2238 2065 2402 2120 κακά.
2426 2066 2500 2120 Ού
2529 2065 2638 2136 γάρ
2665 2065 2731 2120 ἂν
2756 2064 2878 2134 δίχα
2915 2060 3122 2116 πολλῶν
3148 2057 3393 2129 αἱμάτων
3414 2049 3661 2121 διεκρίθη

432 2167 552 2208 cem
573 2153 871 2208 maximum
897 2154 1218 2225 appellavit.
1247 2153 1436 2225 Itaque
1462 2155 1659 2225 pagani
1687 2153 1862 2211 festos
1883 2154 1999 2209 dies

2098 2157 2131 2225 ή
2186 2155 2280 2209 τοῦ
2317 2156 2603 2226 φιλοσόφου
2638 2154 2839 2224 σπουδή
2874 2152 3006 2224 (18).
3037 2150 3169 2214 Θεὸς
3210 2149 3268 2202 δὲ
3311 2149 3341 2200 ό
3372 2143 3482 2198 τῶν
3518 2141 3664 2195 ἰδίων

435 2244 720 2300 numinum
759 2261 987 2303 suorum
1025 2249 1219 2320 gentili
1256 2247 1367 2304 ritu
1407 2247 1784 2303 celebrabant.
1822 2247 1999 2316 Atque

2099 2244 2452 2316 βουλημάτων
2480 2243 2671 2316 κριτὴς
2689 2283 2705 2309 ,
2749 2242 2840 2298 τὸν
2865 2242 3049 2314 ἓτερον
3093 2238 3204 2292 τῶν
3247 2229 3666 2302 ἀνταγωνιστῶν

438 2335 552 2390 haec
600 2350 801 2407 agens,
857 2338 1021 2394 civile
1069 2339 1270 2395 bellum
1325 2337 1707 2394 commovebat
1736 2337 1999 2392 adversus

2098 2335 2219 2406 δίχα
2247 2335 2344 2405 τῆς
2370 2335 2477 2389 τῶν
2504 2334 2680 2390 ἀλλων
2699 2332 2901 2404 ζημίας
2927 2331 3131 2384 ἐπαυσε
3155 2328 3252 2397 τῆς
3281 2324 3476 2396 ὁρμῆς.
3508 2321 3670 2374 Γενο-

431 1608 498 1664 ab
526 1607 620 1664 illo
647 1609 716 1664 ad
746 1610 1012 1666 barbaros
1041 1611 1279 1681 scriptas
1307 1626 1408 1681 pro
1435 1612 1702 1665 concione
1729 1609 1993 1664 recitans.

429 1697 604 1766 Quum
634 1701 709 1756 ob
765 1715 989 1757 causam
1035 1715 1066 1754 a
1093 1700 1419 1757 Constantio
1449 1701 1802 1764 deﬁcientes,
1835 1699 1902 1754 ad
1931 1700 1998 1752 il-

431 1789 539 1846 lius
567 1800 752 1860 partes
780 1806 840 1847 se
867 1791 1303 1848 transferebant.
1335 1791 1539 1848 Eodem
1566 1799 1812 1862 tempore
1833 1791 1995 1901 (Ἧι-ἰ·
2027 1844 2070 1901 Β

435 2425 858 2490 Constantium,
920 2429 1074 2499 171
1128 2429 1452 2486 occasiones
1512 2428 1870 2498 conquirens.
1933 2426 2004 2483 Et

434 2523 698 2581 quantum
731 2514 949 2584 quidem
979 2515 1035 2570 in
1077 2516 1198 2586 ipso
1227 2523 1367 2578 erat,
1403 2515 1663 2571 universa
1706 2515 1848 2569 mala
1879 2528 2001 2584 quae

434 2601 635 2656 bellum
673 2603 926 2658 comitari
964 2605 1177 2669 solent,
1215 2604 1594 2675 contigissent.
1634 2600 1820 2671 Neque
1854 2602 1999 2656 enim

435 2693 644 2763 absque
664 2694 964 2749 multorum
987 2694 1271 2750 hominum
1299 2694 1468 2759 caede,
1500 2693 1668 2763 hujus
1689 2691 2000 2762 philosophi

433 2784 709 2854 cupiditas
753 2786 951 2841 fuisset
991 2786 1226 2857 expleta.
1271 2785 1378 2842 Sed
1408 2784 1576 2850 Deus,
1627 2784 1720 2855 qui
1771 2799 1998 2840 suorum

433 2876 613 2946 ipsius
642 2877 999 2933 consiliorum
1023 2877 1179 2934 solus
1207 2886 1294 2934 est
1333 2877 1560 2942 arbiter,
1596 2890 1628 2932 e
1652 2873 1870 2932 duobus
1905 2874 2001 2930 ad-

433 2964 694 3020 versariis
727 2965 962 3020 alterum
1008 2967 1131 3022 sine
1170 2966 1283 3022 ullo
1320 2965 1640 3036 reipublicae
1680 2965 1883 3021 damno
1931 2966 2001 3020 ab

433 3057 690 3112 instituto
745 3056 1042 3113 revocavit.
1095 3056 1311 3114 Etenim
1362 3057 1583 3112 Iuliano
1643 3056 1700 3112 in
1747 3055 2001 3113 Thraciis

433 3145 763 3211 constituto,
791 3147 1100 3202 nuntiatum
1124 3155 1212 3203 est
1235 3147 1617 3203 Constantium
1646 3146 1788 3202 diem
1814 3155 1997 3202 extre-
2027 3180 2071 3238 ο

432 3252 582 3291 mum
615 3237 841 3294 obiisse.
861 3236 976 3294 Hoc
999 3235 1162 3293 modo
1193 3235 1500 3292 Romanum
1527 3237 1820 3308 imperium
1860 3243 1996 3293 tunc

430 3327 700 3397 temporis
753 3328 901 3383 civili
959 3327 1106 3383 bello
1162 3327 1452 3383 liberatum
1499 3335 1605 3384 est.
1647 3328 1716 3382 At
1733 3325 1997 3396 {Julianus

432 3415 972 3488 ConstantinOpolim
987 3417 1290 3487 ingressus,
1310 3419 1498 3474 statim
1517 3420 1805 3489 inquirere
1816 3419 2000 3474 animo

433 3507 621 3575 erepit,
657 3521 894 3577 quonam
937 3514 1100 3578 pacto
1142 3508 1404 3578 populum
1438 3508 1728 3574 demereri,
1769 3508 2001 3579 ejusque

433 3594 874 3650 benevolentiam
931 3595 1037 3652 sibi
1090 3609 1414 3667 comparare
1467 3605 1672 3667 posset.
1719 3597 1802 3652 Ad
1861 3597 2000 3654 hanc

433 3687 604 3756 igitur
660 3701 776 3741 rem
827 3687 922 3741 tall
953 3702 1090 3742 usus
1152 3695 1238 3743 est
1286 3696 1450 3744 arte:
1505 3689 1676 3743 Norat
1728 3688 2000 3746 Constan-

434 3779 596 3841 tium,
625 3775 885 3832 omnibus
922 3777 1019 3849 qui
1061 3778 1556 3836 consubstantialis
1596 3781 1753 3836 [idem
1789 3782 1999 3852 ample-

435 3867 728 3924 ctebantur
765 3869 1003 3926 invisum
1043 3867 1235 3936 fuisse,
1271 3877 1387 3926 tum
1425 3871 1572 3944 quod
1623 3871 1776 3944 ipsos
1807 3871 1993 3928 Eccle-

2101 2423 2262 2493 μένου
2298 2422 2406 2493 γάρ
2449 2421 2731 2476 Ἰουλιανοῦ
2765 2421 2890 2492 περὶ
2915 2419 2983 2474 τά
3015 2417 3243 2490 Θρᾳκῶν
3287 2413 3415 2483 ἔθνη
3434 2453 3450 2478 ,
3479 2413 3665 2482 ἀπηγ-

2099 2513 2264 2584 γέλθη
2298 2512 2612 2583 τεθνηκέναι
2639 2513 3030 2566 Κωνστάντιον.
3059 2511 3170 2564 Kal
3196 2507 3338 2562 οὕτω
3357 2506 3450 2560 τὸν
3481 2504 3667 2576 ἐμφύ-

2099 2605 2212 2657 λιον
2246 2604 2477 2675 πόλεμον
2505 2603 2624 2657 τότε
2670 2601 2922 2671 διέφυγεν
2954 2601 2988 2671 ἡ
3031 2599 3315 2670 Ῥωμαίων
3359 2598 3524 2668 ἀρχή.
3551 2597 3670 2649 Κα-

2099 2695 2346 2750 ταλαὸὼν
2368 2695 2427 2748 δὲ
2449 2693 2732 2756 Ἰουλιανὸς
2760 2692 2856 2763 τὴν
2874 2691 3281 2746 Κωνσταντίνου
3311 2689 3484 2752 πόλιν,
3503 2687 3667 2750 εὐθὺς

2104 2787 2322 2842 ἐσκόπει
2350 2786 2470 2840 τίνα
2505 2786 2705 2858 τρόπον
2739 2784 3074 2838 οἰκειώσεται
3099 2783 3169 2836 τά
3202 2781 3411 2852 πλήθη,
3450 2781 3546 2834 καὶ
3566 2779 3667 2848 τὴν

2101 2879 2196 2932 ἀπ’
2224 2877 2404 2932 αὐτῶν
2443 2875 2652 2931 εὔνοιαν
2702 2875 3080 2930 ἐπισπάσεται.
3116 2873 3291 2944 Τέχνη
3327 2868 3422 2925 οὖν
3466 2869 3670 2941 χρῆται

2100 2968 2328 3042 τοιαύτῃ
2365 2985 2381 3002 ο
2408 2964 2483 3022 Εὖ
2540 2968 2806 3038 ἠπίστατο
2833 2965 3207 3020 Κωνστάντιον
3237 2961 3342 3017 ὑπὸ
3376 2961 3512 3015 ὅλων
3556 2959 3669 3013 τῶν

2100 3061 2247 3115 λαῶν
2271 3059 2379 3114 τῶν
2405 3058 2466 3112 τδ
2495 3059 2780 3129 όμοούσιον
2817 3056 3153 3129 φρονούντων
3187 3053 3510 3126 μισούμενον
3532 3089 3550 3114 .
3579 3051 3668 3119 ἐφ’

2101 3145 2182 3214 οἷς
2205 3167 2264 3204 τε
2291 3150 2399 3203 τῶν
2425 3147 2759 3220 Ἐκκλησιῶν
2778 3146 3080 3210 ἐλαύνοντο,
3107 3145 3203 3198 καὶ
3221 3145 3304 3198 ὅτι
3331 3143 3457 3206 τοὺς
3485 3141 3672 3204 αὐτοῖς

2103 3241 2442 3312 καθήκοντας
2474 3239 2802 3302 ἐπισκόπους
2827 3236 3102 3310 δημεύσας
3130 3234 3408 3306 ἐξώρισεν.
3451 3232 3675 3300 Ἐγίνω-

2105 3331 2201 3384 σκέ
2230 3346 2289 3384 τε
2323 3329 2510 3398 σαφῶς
2548 3329 2674 3392 τοὺς
2714 3325 3117 3398 Ἐλληνίζοντας
3144 3323 3474 3394 ἀνιωμένους
3500 3323 3547 3386 ⁸,
3581 3321 3671 3387 ἐφ’

2103 3417 2183 3486 οἷς
2203 3421 2350 3475 θύειν
2371 3421 2668 3476 ἐκωλύοντο
2683 3437 2698 3453 ο
2733 3420 3016 3491 ἐπιθυμεῖν
3036 3437 3096 3474 τε
3124 3417 3317 3489 καιροῦ
3346 3413 3672 3489 δράξασθαι,

2103 3514 2162 3567 ἐν
2183 3506 2228 3582 ᾧ
2277 3513 2371 3566 καὶ
2403 3513 2472 3567 τὰ
2504 3513 2625 3584 ίερά
2659 3514 3042 3583 ἀνοιγήσεται,
3085 3510 3180 3565 καὶ
3228 3509 3437 3574 ἐξέσται
3488 3505 3676 3568 αὐτοῖς

2105 3604 2294 3668 θυσίας
2323 3605 2613 3676 ἀναφέρειν
2657 3607 2768 3669 τοῖς
2826 3604 3158 3675 ἀγάλμασιν.
3197 3599 3354 3655 Οὕτω
3415 3598 3513 3669 μὲν
3575 3591 3675 3649 οὖν

2103 3694 2394 3767 ἑκατέρους
2452 3695 2558 3766 ίδίᾳ
2611 3693 2979 3765 λυπουμένους
3036 3691 3172 3762 πρὸς
3224 3691 3318 3745 τὸν
3365 3685 3673 3744 ἀπελθόντα

2102 3785 2383 3854 ἐγίνωσκε.
2416 3787 2583 3858 Κοινῇ
2621 3787 2677 3840 δὲ
2711 3786 2917 3849 πάντας
2951 3785 3088 3856 πρὸς
3125 3783 3224 3853 τὴν
3263 3781 3372 3836 τῶν
3401 3777 3676 3848 εὐνούχων

2102 3876 2243 3947 βίαν,
2277 3876 2372 3930 καὶ
2405 3879 2528 3942 τοὺς
2560 3877 2943 3948 πρωτοτύπους
2982 3873 3239 3929 Εὐσεϐίου
3272 3891 3332 3928 τε
3361 3871 3458 3936 τὰς
3489 3872 3674 3943 ἅρπας

1585 4069 1856 4126 VALESII
1897 4070 2348 4128 ΑΝΝΟΤΑΤΙΟΝ
2354 4072 2458 4128 ES.

509 4234 556 4308 (ι
570 4235 621 4298 7)
653 4236 1011 4308 Ποιούμενρς
1029 4235 1136 4308 τὰς
1152 4237 1441 4306 ἀφορμάς.
1476 4238 1812 4308 Epiphanius
1831 4238 2002 4296 Scho-

438 4303 666 4358 las’ticus
698 4303 859 4358 vertit
893 4323 906 4359 :
935 4303 1474 4362 Intestinu‘moellum
1511 4303 1698 4363 contra
1735 4309 2003 4364 Constan—

439 4375 572 4444 tiumr
599 4375 821 4442 qmesita
857 4376 1128 4429 occasione
1158 4376 1403 4444 parabat.
1435 4375 1624 4444 Neque
1653 4379 1812 4434 aliter
1837 4379 1967 4434 Chri
1987 4409 2000 4421 -

437 4443 1042 4517 stophorso_nns,_qua_si
1081 4443 1350 4517 legeretur
1387 4443 1761 4517 ποριζόμενος.
1811 4447 2003 4504 Posset

438 4524 618 4586 tamen
647 4513 774 4586 quis
807 4513 1105 4586 aliterhaac
1139 4513 1303 4568 verba
1337 4513 1709 4586 interpretari,
1743 4517 1849 4571 hoc
1889 4518 2000 4572 sci-

437 4583 564 4636 licet
592 4582 775 4643 modo,
803 4581 1130 4648 expeditione
1147 4593 1408 4651 suscepta.

2102 4241 2297 4299 Posset
2334 4243 2500 4298 etiam
2537 4258 2646 4299 non
2679 4243 3024 4300 incommode
3057 4242 3222 4307 verti,
3260 4239 3534 4308 dissipari,
3573 4254 3672 4296 seu

2102 4312 2320 4390 discuti.
2361 4311 2505 4390 .Nam
2537 4312 3010 4390 quod_Muscnlus
3050 4313 3236 4376 vertit,
3281 4311 3576 4390 declarari,
3617 4317 3675 4390 et

2101 4379 2650 4452 Christophorson'us.
2690 4383 2991 4446 internosci,
3032 4397 3154 4436 meo
3202 4381 3424 4452 quidem
3461 4379 3674 4452 judicio

2102 4450 2403 4506 absurdum
2435 4461 2540 4508 est.
2582 4451 2921 4521 Nicephorius
2965 4467 3096 4521 vero
3131 4453 3184 4505 in
3217 4451 3311 4505 lib.
3346 4465 3378 4521 ι
3411 4450 3674 4521 Historiae

2100 4521 2499 4588 ecclesiastica,
2557 4537 2679 4642 cap.
2718 4519 2806 4586 ἲ,
2857 4521 3006 4575 hunc
3058 4519 3302 4586 Socratis
3368 4520 3547 4574 locum
3598 4519 3674 4571 ita

2105 4591 2494 4642 interpolavit:
2527 4593 2614 4642 Κα
2663 4607 2726 4642 γε
2762 4593 2828 4642 ἂν
2871 4590 2995 4642 ὅσον
3029 4589 3093 4642 τὸ
3141 4591 3228 4642 ἐπ’
3254 4588 3424 4642 αὑτῶ.
3476 4588 3674 4642 αἵμασι

2105 4591 2494 4660 interpolavit:
2527 4588 2640 4647 Καί
2663 4607 2726 4659 γε
2762 4593 2828 4645 ἂν
2871 4590 2995 4644 ὅσον
3029 4589 3093 4644 τὸ
3141 4591 3228 4643 ἐπ’
3254 4588 3424 4660 αύτῷ.
3476 4588 3675 4660 αἵμασι

506 4651 620 4732 (18)
657 4639 922 4732 Διεέιριίξη
953 4652 1003 4732 ή-
1040 4651 1147 4732 τοᾷ
1191 4639 1532 4732 φινζοσόςροιζ
1565 4653 1823 4732 σπουδή.
1862 4655 1995 4732 Ver:
2031 4639 2075 4694 D
2103 4639 2820 4732 έῆῖῐκέῐνᾶί
2840 4639 3506 4732 φιλοσοφίας

434 4720 576 4793 bum
589 4719 956 4793 διακρίνεσθαι
990 4719 1242 4793 hocloco
1257 4719 1426 4793 _idem'
1448 4723 1591 4777 valet
1621 4724 1765 4789 quod
1791 4719 1997 4793 perfici

433 4797 487 4862 et
515 4789 1017 4862 adimplerirRecte
1047 4791 1215 4862 igitur
1255 4791 1590 4862 Epiphanius
1625 4789 1998 4848 Scholasticus

435 4861 581 4912 hunc
612 4857 789 4911 locum
830 4861 904 4913 ita
937 4857 1100 4914 vertit
1126 4878 1138 4914 :
1165 4857 1314 4914 Non'
1335 4857 1475 4916 enim
1516 4862 1627 4916 sine
1671 4863 1838 4916 multo
1868 4879 1998 4916 san-

434 4929 591 5000 guine
641 4928 876 4983 studium
930 4929 1044 4999 ejus
1093 4930 1389 5000 philosophi
1440 4938 1645 5004 poterat
1697 4933 1995 5004 adimpleri.

2106 4727 2440 4798 Langus'sic
2478 4727 2870 4798 interpretatur
2905 4749 2918 4784 :
2949 4728 3016 4782 Et
3042 4727 3321 4799 quantuni
3348 4728 3567 4799 iu__ipso
3594 4727 3675 4799 _s_i-

2105 4795 2392 4861 tum—erat,
2435 4795 2686 4868 sanguine
2735 4799 2852 4867 fuso
2897 4799 2960 4853 de
3000 4795 3311 4854 exuberanti
3341 4795 3675 4865 philosophia

2103 4869 2216 4938 ejus
2238 4869 2502 4939 judicium
2529 4871 2733 4941 factum
2754 4870 2962 4940 fuisset.

1839 5133 2224 5192 VARIORUM.

511 5302 534 5333 ι
571 5291 708 5346 Τότε
735 5290 930 5364 diruat
958 5292 1072 5361 τὴν
1093 5296 1429 5364 ὑπόκρισιν.
1461 5295 1710 5355 Julianus
1731 5299 1998 5356 Christia-

433 5364 676 5440 nismum
717 5363 938 5440 _vi_ginti_
987 5363 1479 5440 anni_s_pr0l‘essn_s_
1507 5377 1613 5440 est.
1672 5379 1732 5424 ut
1769 5371 1884 5440 ipse
1925 5373 1998 5424 ait

434 5431 844 5510 Alexandrinis,
855 5431 1085 5501 epistola
1103 5433 1162 5487 51
1178 5431 1195 5496 ζ
1204 5451 1348 5510 quos
1365 5452 1394 5489 a
1413 5437 1516 5492 (ide
1533 5438 1737 5496 Christi
1758 5431 1821 5495 ad
1839 5455 2000 5510 paga-

435 5505 674 5590 ni'smu‘in
702 5505 1674 5590 ονθιέιεξτθῆςοιιξιέιιηιιοολξνευιιιεηεοε
1696 5510 1808 5580 Οὐχ
1827 5505 2003 5590 ἀμαρ-

433 5571 665 5693 τήσεσθε
697 5571 848 5640 παρά
865 5570 1031 5640 όρθῆς
1055 5571 1176 5625 ὁδοῦ
1193 5570 1510 5655 πειθόμενοι
1554 5575 1634 5646 τῷ
1680 5570 1997 5648 πορευθεντι

436 5657 472 5692 κ
513 5641 693 5712 κείνην
711 5640 810 5711 τὴν
824 5641 1117 5712 όδδνίάχρις
1140 5644 1274 5695 ἐτων
1289 5644 1478 5696 είκοσι.
1503 5643 1625 5699 Non
1650 5648 1786 5700 enim
1809 5664 1841 5700 a
1858 5659 1996 5701 recte

442 5709 658 5791 tramite
671 5709 1006 5792 aberrabitis,
1020 5709 1071 5765 si
1091 5712 1139 5765 ei
1143 5711 1586 5836 {demﬁapeatig
1602 5717 1691 5784 qui
1707 5731 1797 5783 per
1815 5718 1998 5788 viginti

443 5793 608 5832 annos
640 5780 736 5834 tua
768 5797 853 5835 vta
894 5780 1111 5836 (nempe
1180 5781 1246 5836 de
1283 5783 1512 5836 Lhrtstil
1556 5801 1859 5836 Droaressus
1892 5797 1992 5836 est.

443 5793 608 5832 annos
640 5780 736 5834 itla
768 5782 853 5835 ria
894 5780 1111 5852 (nempe
1143 5780 1246 5838 [ide
1283 5783 1512 5853 Christi)
1555 5780 1992 5854 pr'ogressus'est.

2182 5304 2205 5341 ί
2250 5302 2397 5369 Τοὺς
2446 5300 2901 5367 Ἐλληνίζοντας
2927 5297 3312 5369 ἀνιωμένους.
3349 5296 3673 5369 Quanquam

2103 5368 2416 5451 Christiana
2453 5373 2630 5441 pietas
2668 5369 2993 5451 acureligio,
3037 5385 3068 5422 e
3097 5368 3318 5422 latebris
3351 5368 3502 5450 velpt
3541 5377 3675 5419 eitu-

2099 5451 2209 5507 cla,
2242 5443 2355 5511 jam
2401 5436 2565 5510 caput
2616 5440 2832 5511 extulit,
2889 5436 3106 5509 ipsique
3139 5451 3395 5511 purpurae
3443 5436 3678 5504 impera-

2097 5506 2259 5566 ιοτίαέ
2300 5506 2498 5564 novum
2552 5524 2614 5562 ac
2665 5506 3154 5563 divinius—lumen
3193 5506 3500 5567 attulisset,
3547 5518 3677 5573 gen-

2097 5582 2276 5636 tilium
2326 5590 2505 5634 tamen
2561 5594 2822 5634 numerus
2874 5585 2992 5634 erat
3038 5576 3183 5631 haud
3220 5572 3675 5636 contemnendus,

2099 5651 2336 5704 maxime
2363 5663 2551 5704 eorum
2575 5647 2666 5717 qui
2692 5649 2891 5703 artium
2921 5647 3224 5704 liberalium
3244 5655 3297 5700 et
3323 5643 3676 5700 scientiarum

2097 5723 2378 5792 gymnasia
2408 5719 2770 5790 occupabant.
