4016 6350
255 445 358 513 δη

1223 447 1548 506 HISTORIA
1591 449 2158 507 ECCLESIASTICA.
2201 479 2268 494 —
2309 451 2441 506 LIB.
2484 449 2573 507 Ill.

3403 432 3510 491 378

249 565 352 632 τὰς
380 561 494 634 (l9)
526 563 855 634 ἀχθομένους
878 565 1220 636 ἐφεύρισκεν.
1243 568 1414 622 Πᾶσιν
1445 567 1538 622 οὐν
1567 570 1810 639 τεχνικῶς

1934 571 2033 626 siis
2058 571 2364 641 expulerat,
2415 578 2533 624 tum
2570 566 2720 639 quod
2764 563 3063 637 episcopos
3094 563 3343 635 ipsorum
3381 577 3516 631 pro-

248 651 642 722 προσεφέρετο.
668 653 778 706 Καὶ
800 653 928 716 τοὺς
963 652 1061 723 μὲν
1085 654 1402 724 είρωνεύετο
1421 672 1434 686 ·
1459 655 1613 718 τινὰς
1649 655 1706 708 δὲ
1739 655 1832 708 καὶ

249 738 387 808 πρὸς
413 738 482 790 τὸ
498 739 774 805 κενόδοξον
804 740 1023 811 ἀφορῶν
1051 742 1367 812 εὐηργέτει’
1396 747 1546 816 κοινῇ
1579 745 1636 797 δέ
1666 747 1832 798 πᾶσιν

247 829 395 891 ὅπως
445 825 561 899 εἶχε
616 832 745 901 περὶ
781 832 882 902 τὴν
925 832 1352 904 δεισιδαιμονίαν
1407 836 1666 889 ἐδείκνυε.
1721 838 1831 889 Καὶ

248 919 465 989 πρῶτον
498 921 598 990 μὲν
625 960 640 984 ,
677 921 774 992 τὴν
819 924 1196 978 Κωνσταντίου
1237 927 1494 998 ὠμότητα
1528 928 1658 999 περὶ
1703 929 1830 992 τοὺς

248 1009 526 1079 ὑπηκόους
556 1010 859 1066 διαϐάλλειν
898 1015 990 1068 καὶ
1019 1015 1320 1087 ἐξελέγχειν
1351 1018 1500 1090 ποιρά
1532 1019 1608 1088 τῷ
1634 1019 1828 1090 πλήθει

250 1097 610 1168 βουλόμενος,
649 1102 774 1164 τοὺς
818 1101 1189 1173 ἐξορισθέντας
1225 1107 1554 1170 ἐπισκόπους
1586 1107 1826 1175 ἀνακλη-

247 1189 405 1258 θῆναι
433 1190 688 1244 ἐκέλευσε
719 1231 734 1256 ,
766 1193 858 1246 καὶ
893 1193 990 1257 τὰς
1024 1193 1386 1265 δημευθείσας
1426 1196 1612 1260 οὐσίας
1643 1197 1828 1258 αὐτοῖς

248 1279 500 1333 ἀπεδίδου
522 1299 536 1313 ·
567 1283 662 1335 καὶ
703 1283 773 1336 τά
820 1285 940 1354 ἱερά
965 1285 1073 1338 τῶν
1124 1286 1387 1357 Ἐλλήνων
1487 1288 1650 1358 τάχος
1679 1287 1825 1341 ἀνοί-

245 1387 366 1439 γειν
392 1411 406 1434 ,
429 1375 545 1435 τοῖς
590 1375 913 1445 ἐπιτηδείοις
946 1376 1298 1446 προσέταττε.
1339 1379 1477 1442 Τοὺς
1504 1378 1560 1432 δὲ
1583 1379 1687 1431 ὐπὸ
1716 1379 1826 1432 τῶν

245 1463 518 1533 εὐνούχων
541 1465 898 1537 ἀδικηθέντας
914 1509 930 1533 ,
948 1468 1353 1538 ἀπολαμϐάνειν
1373 1470 1440 1523 τά
1465 1470 1650 1534 κακῶς
1670 1473 1828 1539 ἀφαιο

248 1555 476 1624 ρεθέντα
525 1557 825 1622 ἐθέσπιςεν.
858 1561 1117 1614 Εὐσέϐιον
1157 1562 1211 1614 δὲ
1249 1562 1343 1615 τὸν
1375 1564 1695 1633 προεστῶτα
1730 1564 1824 1618 τοῦ

245 1645 528 1714 βασιλικοῦ
582 1649 870 1715 κοιτῶνος,
924 1650 1199 1721 ἐζημίωσε
1255 1652 1502 1724 θανάτῳ,
1553 1655 1613 1707 οὐ
1666 1656 1826 1725 μόνον

239 1736 296 1789 δὲ
332 1737 444 1808 (eo)
499 1739 588 1794 διὰ
642 1741 702 1794 τὸ
735 1741 961 1804 πολλοὺς
998 1743 1288 1814 ἠδικῆσθαι
1337 1746 1426 1800 ὐπ’
1458 1725 1663 1812 αὐτοῦ,
1709 1747 1822 1800 ἀλλ’

240 1827 322 1881 ὅτι
354 1829 447 1881 καὶ
479 1830 678 1884 Γάλλον
711 1832 801 1886 τὸν
833 1833 1026 1887 ἑαυτοῦ
1065 1835 1294 1905 ἀδελφὸν
1316 1876 1330 1900 ,
1372 1838 1711 1909 ἀναιρεῖσθαι
1757 1840 1823 1892 ἐκ

1935 663 2169 732 scriptos
2227 663 2282 717 in
2349 661 2606 716 exsilium
2660 666 2871 729 egerat.
2929 656 3289 726 Compertum
3343 654 3514 709 etiam

1931 749 2208 815 habebat,
2250 750 2486 820 gentiles
2528 749 2757 804 moleste
2802 745 3100 800 admodum
3158 744 3323 809 ferre,
3365 741 3512 808 quod

1931 837 2247 893 sacrificare
2279 838 2386 894 diis
2433 840 2549 894 suis
2575 838 2997 908 prohiberentur
3023 875 3039 902 ,
3081 843 3136 890 et
3167 841 3358 904 optare
3395 848 3515 886 om-

1931 929 2096 985 nibus
2125 932 2290 996 votis,
2321 938 2380 984 ut
2416 941 2632 1000 tempus
2675 929 2811 983 illud
2856 929 2964 984 sibi
2998 928 3370 995 contingeret,
3399 937 3511 993 quo

1927 1031 1984 1076 et
2033 1023 2264 1078 delubra
2313 1022 2684 1092 aperirentur,
2743 1029 2800 1076 et
2853 1019 3142 1076 immolare
3194 1014 3508 1072 simulacris

1928 1113 2136 1169 liceret.
2185 1113 2296 1170 Has
2352 1115 2519 1185 igitur
2568 1113 2640 1168 ob
2690 1126 2917 1179 causas,
2972 1109 3207 1180 populos
3245 1115 3510 1176 utrosque

1929 1203 2189 1274 privatim
2232 1203 2451 1259 infenso
2494 1209 2549 1258 et
2578 1203 2901 1256 exulcerato
2929 1199 3191 1253 adversus
3235 1197 3510 1250 Constan-

1926 1293 2066 1345 tium
2114 1293 2300 1347 animo
2349 1307 2475 1348 esse
2524 1291 2885 1362 intelligebat.
2932 1287 2992 1342 ln
3033 1299 3329 1342 commune
3377 1298 3510 1339 vero

1925 1393 2159 1440 cunctos
2215 1384 2531 1440 violentiam
2591 1381 3006 1444 cunuchorum,
3071 1392 3136 1432 ac
3189 1375 3498 1446 praesertim

1927 1476 2204 1546 praepositi
2231 1476 2449 1530 illorum
2479 1471 2705 1528 Eusebii
2735 1471 2956 1540 rapinas
2992 1483 3138 1539 agre
3168 1468 3334 1522 ferre.
3367 1465 3506 1519 Cum

1925 1567 2184 1622 omnibus
2235 1567 2406 1638 igitur
2453 1564 2655 1619 callide
2691 1563 2804 1632 egit
2844 1576 2910 1616 ac
2966 1558 3318 1616 veteratorie.
3368 1555 3506 1610 Nam

1927 1660 2067 1714 alios
2101 1659 2322 1729 quidem
2376 1655 2577 1712 blanda
2625 1653 2982 1710 simulatione
3027 1651 3327 1721 palpabat;
3364 1648 3506 1702 alios

1924 1748 2209 1804 beneficiis
2259 1746 2547 1812 alliciebat,
2605 1744 2785 1800 inanis
2828 1741 3019 1814 gloria:
3061 1739 3362 1810 cupiditate
3404 1737 3508 1794 du-

1924 1846 2049 1894 ctus
2083 1858 2096 1894 :
2133 1840 2391 1895 omnibus
2435 1853 2602 1910 porro
2635 1853 2702 1892 ex
2737 1851 2897 1906 aequo
2944 1832 3223 1905 patefecit,
3265 1845 3505 1902 quonam

238 1919 342 1988 τῆς
371 1919 581 1973 ἐκείνου
618 1921 870 1992 διαϐολῆς
892 1923 1238 1979 ἐπυνθάνετο.
1279 1927 1388 1980 Καὶ
1422 1929 1482 1981 τὸ
1515 1929 1613 1998 μὲν
1659 1930 1810 1999 σῶμα

1919 1933 2102 1983 animo
2125 1939 2272 1985 esset
2309 1946 2436 2000 erga
2473 1930 2922 2001 superstitionem
2959 1926 3263 1998 gentilium.
3290 1926 3369 1979 Ac
3390 1922 3506 1994 pri-

239 2007 616 2062 Κωνσταντίου
638 2019 669 2048 ιι
713 2011 1004 2082 βασιλικῶς
1033 2015 1270 2086 τιμήσας
1295 2055 1309 2079 ,
1344 2018 1665 2088 ἐκήδευσεν·
1729 2018 1819 2084 ἐξ-

239 2101 401 2154 έϐαλε
430 2101 488 2154 δὲ
523 2101 631 2154 τῶν
685 2102 968 2173 βασιλείων
999 2105 1305 2176 εὐνούχους,
1345 2111 1592 2177 κουρεῖς,
1631 2111 1823 2179 μαγεί-

239 2210 388 2264 ρους.
421 2195 723 2264 Εὐνούχους
759 2197 878 2266 μὲν,
907 2197 994 2250 διὰ
1025 2199 1086 2250 τὸ
1125 2201 1556 2270 ἀποϐεϐληκέναι
1589 2203 1686 2272 τὴν
1721 2221 1822 2272 γα-

239 2287 410 2356 μετὴν
448 2295 497 2352 ν,
537 2289 653 2357 μεθ’
695 2291 761 2360 ἢν
809 2289 973 2361 ἀλλην
997 2293 1177 2345 οὐκέτι
1214 2294 1472 2363 ἠγάγετο.
1508 2297 1820 2367 Μαγείρους

229 2374 291 2428 δὲ
312 2417 326 2437 ,
369 2375 458 2429 διὰ
479 2377 542 2429 τὸ
579 2377 696 2449 λιτῇ
738 2379 968 2449 χρῆσθαι
1001 2379 1180 2454 διαίτῃ
1210 2391 1258 2438 ι.
1294 2384 1537 2454 Κουρεὺς
1561 2385 1618 2438 δὲ
1639 2426 1654 2452 ,
1687 2385 1813 2456 ἔφη,

229 2461 316 2530 εἷς
345 2467 565 2532 πολλοῖς
595 2470 866 2539 ἀρκέσειε.
894 2472 1032 2536 Τοὺς
1067 2473 1166 2544 μὲν
1209 2469 1300 2528 οὖν
1347 2476 1434 2530 διὰ
1474 2477 1674 2541 ταύτας
1715 2479 1816 2542 τὰς

225 2558 416 2623 αἰτίας
463 2559 682 2624 ἐξέϐαλε
723 2569 774 2616 γ.
828 2563 948 2616 Τῶν
1015 2564 1198 2634 μέντοι
1265 2569 1624 2640 ὐπογραφέων
1688 2571 1812 2635 τοὺς

230 2649 521 2714 πλείστους
545 2654 610 2721 τῇ
651 2653 710 2719 ἐξ
737 2653 910 2725 ἀρχῆς
939 2657 1213 2727 παραδοὺς
1246 2658 1384 2730 τύχῃ
1411 2701 1423 2720 ,
1452 2663 1563 2724 τοῖς
1607 2662 1812 2727 λοιποῖς

227 2740 417 2794 αὐτῶν
453 2743 642 2811 μισθὸν
689 2743 1050 2816 ὐωγραφὲως
1104 2749 1358 2803 ἐκέλευσε
1409 2751 1662 2808 δίδοσθαι.
1706 2755 1812 2807 Πε-

227 2831 400 2901 ριεῖλε
430 2831 488 2884 δὲ
514 2832 606 2885 καὶ
635 2832 725 2886 τὸν
761 2834 1017 2906 δημόσιον
1058 2835 1166 2890 τῶν
1196 2837 1394 2908 χρειῶν
1435 2840 1633 2910 δρόμον
1674 2841 1809 2912 (21),

1923 2036 2074 2075 mum
2097 2021 2338 2090 quidem,
2371 2031 2431 2076 ut
2460 2021 2772 2077 Constantii
2812 2020 2869 2074 in
2911 2018 3168 2074 subditos
3206 2015 3503 2071 crudelita-

1919 2121 2029 2169 tem
2072 2113 2408 2177 traduceret,
2448 2127 2687 2182 eumque
2731 2109 2877 2182 apud
2913 2108 3319 2164 multitudinem
3362 2107 3506 2162 infa-

1923 2212 2147 2268 maret,
2198 2205 2489 2275 episcopos
2537 2205 2633 2274 qui
2696 2205 2765 2259 ab
2805 2204 2900 2258 illo
2951 2203 3181 2273 relegati
3241 2201 3500 2265 fuerant,

1921 2297 2174 2352 revocari
2206 2297 2383 2366 jubet,
2414 2303 2469 2351 et
2510 2296 2658 2350 bona
2686 2310 2808 2365 quae
2845 2295 2980 2350 fisco
3006 2293 3224 2348 addicta
3256 2291 3501 2360 fuerant,

1923 2388 2118 2444 iisdem
2166 2388 2442 2455 restituit;
2478 2386 2677 2442 deinde
2717 2386 3084 2441 familiaribus
3115 2385 3233 2440 suis
3273 2384 3502 2439 manda-

1919 2481 2033 2544 vit,
2077 2488 2138 2534 ut
2180 2479 2464 2550 gentilium
2497 2479 2695 2549 templa
2725 2476 3018 2532 confestim
3053 2476 3352 2546 aperirent.
3391 2474 3500 2530 Eos

1919 2579 2100 2626 autem
2121 2571 2214 2641 qui
2255 2571 2321 2625 ab
2348 2570 2622 2626 eunuchis
2654 2569 2857 2639 injuria
2902 2567 3082 2622 affecti
3126 2566 3365 2630 fuerant,
3410 2582 3499 2621 res

1918 2662 2104 2732 inique
2135 2664 2394 2732 abreptas
2438 2677 2770 2732 recuperare
2794 2661 2985 2730 jussit.
3028 2659 3324 2716 Eusebium
3365 2674 3499 2714 vero

1918 2754 2270 2824 praepositum
2298 2754 2595 2824 imperialis
2616 2753 2850 2808 cubiculi
2875 2752 3094 2822 capitali
3113 2751 3387 2822 supplicio
3413 2750 3498 2805 af-

1919 2842 2067 2910 fecit,
2093 2853 2205 2898 tum
2225 2845 2371 2916 quod
2388 2845 2588 2900 multos
2606 2842 2826 2913 injuriis
2843 2852 3216 2914 oppresserat,
3235 2850 3350 2897 tum
3365 2857 3500 2913 pra:-

1402 3015 1671 3072 VALESII
1709 3019 2153 3077 ΑΝΝΟΤΑΤΙΟΝ
2163 3023 2264 3078 ES.

299 3106 416 3178 (l9)
456 3106 564 3178 Kal
614 3105 756 3170 τοὺς
799 3107 1224 3178 πρωτοτύπους
1267 3124 1332 3161 τε
1366 3107 1472 3173 τὰς
1515 3110 1806 3178 ἁρπαγάς.

226 3177 412 3248 Hujus
461 3176 567 3232 loci
598 3178 791 3230 vitium
827 3192 937 3232 non
967 3177 1222 3248 viderunt
1258 3176 1610 3247 interpretes.
1669 3176 1805 3233 Nam

223 3247 782 3318 Cliristopborsonus
821 3249 911 3318 ita
949 3247 1150 3310 vertit,
1203 3257 1490 3318 contraque
1546 3250 1806 3303 notabiles

226 3317 451 3372 Eusebii
468 3315 712 3384 rapinas.
750 3315 917 3381 Quasi
959 3318 1058 3379 τὰς
1086 3315 1477 3388 πρωτοτύπους
1511 3319 1806 3388 legeretur,

225 3388 378 3454 quod
439 3403 667 3457 prorsus
719 3394 867 3440 esset
917 3388 1206 3441 insulsum.
1256 3387 1310 3440 lu
1354 3389 1544 3442 codice
1576 3387 1806 3456 quidem

225 3455 556 3513 Florentino
591 3459 679 3510 hic
712 3457 865 3510 locus
899 3457 974 3510 ita
1023 3457 1222 3525 legitur
1251 3475 1265 3511 :
1301 3459 1410 3512 Καὶ
1437 3459 1563 3519 τοὺς
1595 3455 1807 3525 πρωτο-

225 3530 435 3588 τύπους
465 3527 722 3580 Εὐσεϐίου
751 3544 808 3578 τε
844 3527 941 3589 τὰς
968 3527 1242 3596 ἁρπαγάς.
1272 3539 1376 3583 etc.
1425 3526 1480 3581 In
1524 3527 1806 3582 Sfortiano

227 3615 360 3651 vero
396 3597 655 3649 Εὐσεϐίου
688 3596 765 3661 δέ,
803 3606 908 3650 etc.
959 3597 1083 3649 Milli
1129 3614 1234 3650 non
1287 3599 1506 3652 dubium
1549 3606 1633 3652 est
1671 3599 1804 3665 quin

228 3668 488 3722 Socrates
513 3671 585 3721 ita
615 3667 918 3736 scripserit,
951 3667 1208 3719 Εὐσεϐίου
1229 3685 1288 3720 τε
1315 3668 1407 3722 τοῦ
1439 3667 1796 3735 πρωτοτύπου

225 3739 324 3801 τὰς
356 3739 634 3808 ἁρπαγάς,
673 3748 777 3792 etc.
802 3806 810 3808 Α
832 3737 926 3792 Est
959 3745 1138 3790 autem
1167 3739 1545 3807 πρωτότυπος,
1585 3753 1800 3806 ριἰῐψο-

226 3810 375 3862 εἰιιιε
399 3806 551 3862 sacri
578 3806 838 3868 cubiculi,
867 3823 1028 3876 quam
1061 3806 1377 3877 dignitatem
1410 3816 1541 3859 tunc
1575 3811 1798 3876 gerebat

225 3878 521 3933 Eusebius.
549 3879 711 3933 Certe
742 3877 993 3931 Socrates
1025 3878 1163 3930 hanc
1195 3893 1379 3933 vocem
1412 3879 1486 3930 ila
1526 3892 1798 3946 usurpare

226 3950 389 4005 solet.
422 3956 478 4000 ut
508 3949 689 4001 videre
717 3955 799 4000 est
829 3949 880 4000 iu
913 3949 1050 4000 libro
1088 3963 1148 4006 ti.
1183 3963 1303 4015 cap.
1327 3949 1381 4001 2.

296 4019 412 4087 (20)
456 4022 538 4073 Οὐ
561 4019 751 4086 μόνον
778 4016 879 4087 δέ.
909 4018 1270 4086 Expungenda
1311 4027 1395 4072 est
1445 4017 1634 4071 ultima
1670 4033 1794 4086 par-

225 4086 420 4152 ticula,
464 4097 649 4157 utpote
691 4086 986 4156 superﬂua,
1031 4097 1086 4143 et
1130 4091 1199 4144 ab
1243 4092 1516 4146 oscitante
1563 4087 1792 4144 librario

225 4173 512 4228 perperam
543 4159 792 4229 repetita.

1992 3115 2104 3186 (2|)
2150 3114 2261 3168 Τὸν
2292 3114 2586 3186 δημᾴσιον
2617 3112 2740 3167 τῶν
2764 3112 2978 3186 χρειῶν
3023 3113 3281 3186 δρόμον.
3307 3111 3498 3186 Publi-

1919 3182 2046 3237 cuin
2078 3182 2304 3238 Cursum
2341 3182 2374 3237 a
2411 3182 2633 3238 Juliano
2671 3182 2818 3239 recte
2853 3184 3169 3239 ordinatum
3207 3183 3380 3237 fuisse
3415 3183 3496 3236 fa-

1917 3261 2063 3308 tetur
2092 3255 2254 3309 etiam
2290 3254 2592 3320 Gregorius
2623 3253 3006 3308 Nazianzenus
3039 3253 3092 3306 in
3130 3252 3314 3320 priore
3346 3249 3496 3308 Inve-

1912 3325 2057 3378 ctiva
2101 3324 2366 3378 adversus
2395 3323 2694 3379 lulianum.
2734 3322 2869 3377 Nam
2901 3323 3262 3378 Constantius
3313 3321 3496 3391 Augu-

1914 3402 2035 3448 stus
2067 3410 2192 3448 eum
2221 3407 2550 3462 magnopere
2571 3394 2944 3455 imminuerat.
2977 3406 3248 3462 concesso
3279 3394 3490 3460 passim

1912 3464 2034 3530 ejus
2071 3479 2175 3518 usu
2205 3461 2506 3532 episcopis,
2535 3471 2614 3533 _ut
2644 3462 2712 3516 ad
2743 3462 2982 3533 synodos
3026 3462 3095 3533 ab
3130 3461 3252 3530 ipso
3283 3475 3492 3515 convo-

1910 3543 2064 3588 catas
2101 3531 2481 3588 accurrerent.
2521 3531 2794 3598 Quidnam
2840 3540 3021 3586 autem
3057 3532 3112 3584 in
3156 3546 3219 3584 ea
3253 3545 3312 3584 re
3359 3544 3496 3584 con-

1913 3604 2163 3656 stitutum
2209 3604 2374 3657 fuerit
2419 3619 2449 3656 a
2490 3601 2732 3664 Juliano,
2775 3602 2995 3657 diflicile
3039 3609 3122 3655 est
3165 3600 3371 3654 dicere.
3413 3600 3493 3654 Ex

1905 3671 2156 3727 Socratis
2197 3682 2380 3727 tamen
2428 3673 2610 3727 verbis
2659 3672 2938 3740 conjicere
2983 3685 3304 3740 possumus.
3346 3670 3497 3725 vebi—

1901 3745 2145 3796 cularem
2196 3757 2422 3800 cursum
2473 3743 2566 3807 qui
2607 3739 2777 3796 etiam
2823 3739 3122 3796 clavularis
3174 3739 3490 3805 dicebatur,

1902 3813 1970 3866 ab
2005 3813 2103 3865 illo
2154 3813 2431 3867 sublatum
2488 3811 2691 3877 fuisse;
2742 3813 2926 3866 solum
2966 3825 3097 3864 vero
3132 3811 3384 3865 relictum
3421 3809 3491 3863 ad

1903 3898 2035 3937 usus
2065 3884 2314 3952 publicos
2347 3895 2617 3949 equorum
2662 3896 2909 3936 cursum.
2948 3880 3022 3952 De
3050 3880 3281 3952 publico
3314 3894 3487 3932 cursu

1902 3950 2080 4005 multa
2109 3951 2350 4006 Joannes
2392 3953 2574 4021 Lydus
2615 3952 2913 4021 scripserat
2947 3951 3003 4004 in
3049 3950 3191 4003 libro
3229 3950 3303 4021 De
3336 3963 3490 4021 men-

1902 4023 2079 4085 sibus,
2123 4025 2281 4087 cujus
2332 4019 2512 4074 locum
2573 4022 2662 4074 hic
2713 4019 2998 4074 ascribere
3064 4035 3170 4073 non
3226 4019 3479 4087 pigebit:

1899 4092 2124 4144 Πάντων
2164 4091 2347 4160 σχεδὸν
2379 4090 2806 4158 ἐναλλαγέντων,
2830 4089 3066 4160 διέμεινε
3093 4089 3158 4160 τὸ
3189 4087 3305 4160 ’τοῦΔ
3329 4087 3489 4160 λεχο-

1901 4162 2064 4231 μὲνου
2097 4156 2396 4232 μαιὲἰστρου
2431 4156 2738 4231 φρόντισμα
2769 4176 2782 4190 °
2814 4156 3061 4212 ἐπείθετο
3085 4157 3142 4212 δὲ
3168 4156 3316 4228 αὐτῷ
3335 4157 3488 4221 τάξις

1639 4317 2029 4373 ΥᾸΒΙΟΒΙῙΜ.

297 4418 328 4447 ιι
369 4406 442 4460 Τὸ
487 4407 604 4475 μὲν
640 4405 812 4477 σῶμα
842 4411 1280 4464 Κωνσταντίου.
1340 4409 1612 4473 Julianus,
1671 4423 1796 4462 cum

227 4479 539 4533 Constantii
587 4487 847 4542 mortem,
891 4479 1019 4532 dum
1063 4481 1115 4533 in
1177 4481 1337 4534 Dacia
1381 4492 1562 4541 esset,
1606 4487 1664 4531 ut
1723 4480 1798 4529 ait

226 4550 552 4631 Ammianus
592 4548 750 4628 initio
786 4550 881 4631 lib.
913 4563 1049 4631 ιξιι,
1097 4548 1798 4631 ιιορερὶδεείη-Οοηειτιηιὶ-
1834 4576 1876 4630 D
1906 4550 2142 4631 invisum
2195 4545 2822 4631 {\ntiochensib’uslesse
2860 4545 3235 4627 conqueritur.

227 4619 472 4687 nopolim
525 4620 675 4687 venit
717 4634 772 4672 ιι
821 4619 907 4672 die
957 4618 1290 4674 Decembris.
1347 4618 1750 4687 Pbilostorgius
1779 4657 1792 4680 ,

228 4686 322 4740 lib.
358 4702 434 4748 vn,
477 4702 597 4756 cap.
647 4686 701 4750 6,
755 4697 1004 4754 testatur,
1035 4688 1311 4743 lulianum
1352 4699 1478 4744 ante
1536 4686 1799 4741 feretrum

227 4756 586 4826 processisse,
619 4757 926 4828 diademate
952 4759 1019 4813 de
1050 4759 1228 4828 capite
1262 4760 1496 4814 sublato.
1535 4757 1800 4812 Libanius

229 4829 284 4881 in
346 4832 597 4880 oratione
653 4827 884 4892 funebri,
937 4844 990 4896 p.
1038 4827 1164 4890 289,
1218 4830 1314 4892 ait,
1364 4846 1487 4884 eum
1546 4828 1798 4882 manibus

229 4897 530 4966 contigisse
591 4896 892 4960 feretrum,
967 4899 1223 4952 omnibus
1275 4901 1427 4966 regni
1491 4897 1799 4965 insignibus

229 4979 428 5038 praeter
462 4966 806 5038 chlamydem
841 4967 1129 5036 depositis.
1178 4968 1289 5022 lmo
1329 4967 1491 5038 Greg.
1529 4967 1794 5038 Nazianz.

231 5040 378 5089 hunc
401 5035 603 5090 Juliani
638 5035 693 5091 in
736 5035 1042 5091 Constantii
1080 5039 1268 5092 funere
1300 5035 1544 5093 habitum
1586 5039 1702 5091 sive
1745 5037 1797 5089 vi

231 5107 348 5177 sive
392 5116 588 5174 sponte
633 5109 867 5161 ascitum
915 5109 1024 5170 ait,
1074 5107 1331 5177 additque
1378 5109 1604 5160 demisso
1652 5106 1800 5177 uultu

227 5176 856 5246 imperatoriextremum
886 5178 1110 5246 ofﬁcium
1140 5174 1470 5246 praistitisse.
1503 5181 1628 5231 Ant.
1668 5174 1799 5245 Pagi

225 5244 308 5296 ad
340 5260 460 5298 ann.
490 5245 614 5310 361,
655 5263 708 5300 n.
737 5251 790 5300 6.

311 5315 466 5386 (dia
502 5317 567 5369 τὸ
627 5315 1102 5384 ἀποϐεϐληκέναι
1148 5315 1262 5384 τὴν
1300 5318 1579 5386 γαμετήν·
1626 5315 1799 5386 Quill“

227 5383 326 5457 alii
355 5385 406 5457 in
435 5389 714 5456 puerperii
751 5387 1038 5441 doloribus
1071 5383 1350 5443 interiisse
1372 5383 1436 5442 in
1481 5383 1684 5457 palatio
1704 5385 1802 5439 Ju-

230 5454 390 5528 l_iani.
439 5454 870 5528 ali—expulsam
919 5472 948 5511 e
1004 5457 1205 5526 palatio
1249 5454 1559 5528 scripsere,
1619 5466 1676 5510 ut
1723 5457 1801 5510 ait

235 5521 495 5580 Zonaras.
525 5521 772 5581 Fuerunt
798 5537 852 5580 et
881 5521 1103 5596 quidam
1136 5528 1232 5596 qui
1266 5521 1477 5582 veneno
1518 5543 1549 5580 a
1582 5528 1802 5582 Juliano

238 5603 482 5648 necalam
526 5612 654 5652 esse
695 5598 966 5658 dicereut,
1001 5604 1062 5650 ut
1094 5598 1255 5652 docet
1287 5598 1552 5653 Libanius
1603 5600 1656 5652 in
1689 5613 1804 5651 ora-

241 5663 384 5717 tione
413 5681 514 5737 nis.
547 5669 814 5722 adversus
845 5667 1141 5736 Polyclem.
1179 5668 1425 5726 Decessit
1445 5678 1624 5722 autem
1655 5675 1804 5737 pust-

241 5747 397 5811 quam
418 5733 672 5792 Julianus
703 5737 773 5811 ab
800 5733 1050 5811 exercitu
1092 5746 1316 5811 creatus
1353 5747 1471 5793 erat
1501 5733 1800 5811 Augustus,

245 5807 799 5881 utipse_testatur_in
846 5808 1076 5876 epistola
1122 5807 1191 5881 ad
1226 5807 1799 5865 Atheniensem—Vales.

251 5873 306 5926 in
337 5873 396 5929 Α.
427 5874 661 5932 Marce“.
695 5877 792 5932 lib.
833 5873 945 5944 xit,
986 5893 1104 5948 cap.
1146 5879 1191 5933 1.

1976 4417 2005 4445 ι
2044 4407 2192 4477 Λιτῇ
2217 4406 2477 4476 χρῆσθαι
2516 4405 2737 4475 διαίτῃ.
2778 4403 2894 4461 Hoc
2920 4405 3062 4460 idem
3093 4403 3161 4460 de
3187 4418 3246 4459 se
3285 4403 3486 4473 praedi-

1905 4478 2407 4560 _cat_.|uliaiius_.in_
2446 4477 2844 4560 Misopogone,
2899 4491 3024 4530 cum
3077 4489 3141 4560 se
3190 4484 3483 4560 propterea

3345 4555 3484 4599 06188

1903 4620 2164 4674 insomnes
2195 4619 2249 4672 in
2281 4618 2540 4687 stragulo,
2564 4627 2613 4669 et
2643 4618 2809 4671 victus
2848 4617 3017 4687 omnis
3049 4616 3484 4687 expers_satieta-

1905 4691 1993 4750 tis,
2039 4705 2206 4743 mores
2257 4684 2473 4743 acerbos
2505 4687 2751 4757 efﬁciunt,
2792 4699 2841 4741 et
2877 4686 3121 4738 delicata:
3165 4684 3299 4757 urbi
3324 4700 3483 4752 repu-

1899 4768 2141 4829 gnantes.
2178 4757 2358 4811 Nolite
2388 4754 2569 4829 tamen
2613 4767 2800 4829 putare
2829 4767 3003 4829 vestra
3049 4771 3213 4829 causa
3245 4754 3300 4806 id
3324 4771 3356 4806 a
3404 4771 3485 4808 me

1901 4823 2246 4898 ﬁeri:gravis
2269 4827 2487 4897 quidam
2505 4838 2553 4880 et
2578 4823 2774 4881 stultus
2797 4825 3090 4898 errorjam
3120 4823 3238 4877 inde
3261 4841 3293 4876 a
3320 4839 3484 4898 puero

1904 4895 1983 4952 ine
2025 4895 2257 4961 induxit,
2282 4895 2358 4950 ‘ut
2407 4900 2573 4951 ventri
2608 4897 2801 4951 bellum
2847 4895 3302 4965 facerem:neque
3342 4897 3483 4947 enim

1901 4985 2018 5023 eum
2068 4971 2312 5037 permitto
2343 4967 2513 5037 ep_ulis
2544 4967 2767 5033 expleri.

1971 5049 2001 5089 I
2043 5030 2189 5104 Τοὺς
2207 5038 2324 5106 μὲν
2347 5030 2461 5091 οὖν
2478 5030 2746 5099 ἐξέϐαλε.
2792 5033 3073 5106 Evenerat,
3101 5043 3158 5086 ut
3182 5031 3248 5086 ad
3271 5030 3483 5087 demen-

1902 5109 2028 5162 dum
2072 5105 2407 5176 imperatoris
2451 5108 2704 5174 capillum
2749 5116 2932 5160 tonsor
2962 5105 3133 5176 venire
3159 5114 3478 5176 pra’ceptus,

1901 5173 2384 5248 introiret—quidam
2406 5173 2702 5248 _aittbitiose
2737 5177 2974 5230 vestitus.
3019 5174 3138 5248 Quo
3173 5173 3280 5248 viso
3301 5173 3485 5248 J_ulia_-

1903 5267 2002 5304 nus
2049 5243 2362 5317 obstupuit:
2395 5245 2531 5315 Ego,
2575 5248 2766 5317 inquit,
2815 5261 2917 5298 non
2961 5243 3282 5317 rationalem
3323 5243 3480 5317 iussi,

1902 5321 1993 5374 sed
2037 5313 2302 5372 tonsorem
2353 5313 2538 5370 acciri.
2593 5313 2960 5385 Interrogatus
2993 5324 3170 5367 tamen
3215 5313 3305 5366 ille
3357 5313 3482 5382 quid

1902 5389 2114 5443 haberet
2148 5403 2211 5442 ea:
2239 5397 2352 5441 arte
2381 5387 2716 5454 compendii;
2755 5391 2962 5440 vicenas
3003 5387 3225 5437 diurnas
3270 5398 3485 5448 respon-

1903 5459 1980 5512 dit
2023 5476 2284 5521 annonas,
2334 5457 2653 5527 totidemque
2698 5456 2893 5524 pabula
2932 5454 3297 5527 jumentorum
3344 5462 3483 5520 (qua:

1904 5532 2056 5599 vulgo
2084 5530 2336 5582 dictitant
2377 5524 2656 5599 capitajret
2697 5524 3285 5599 annuum_s_tipe_n_dium
3327 5538 3485 5590 grave

1906 5592 2100 5670 abs'qne
2134 5592 2795 5670 fructuosis'petitionibus
2844 5592 3239 5670 ntultis.___(_]nde
3285 5602 3481 5670 motus,

1905 5661 2081 5724 omnes
2134 5661 2472 5738 'ltujusmodi',
2534 5685 2651 5721 cum
2703 5668 2879 5736 coquis
2934 5665 3298 5740 siirtilibusqitc
3357 5661 3482 5716 aliis

1904 5743 2090 5794 cadent
2125 5731 2359 5807 accipere
2376 5731 2501 5808 pene
2535 5731 2834 5799 consuetos,
2866 5744 2922 5788 ut
2949 5750 3136 5802 parum
3170 5731 3275 5808 sibi
3302 5747 3480 5808 neces-

1906 5813 2098 5871 sarius,
2140 5801 2270 5863 data
2291 5801 2392 5876 quo
2415 5811 2572 5862 velint
2598 5809 2758 5864 eundi
2781 5801 3052 5875 potestate,
3080 5801 3319 5873 [trajecit
3354 5801 3480 5854 Am.

1909 5880 2278 5951 Marcellinus,
2319 5880 2410 5936 lib.
2446 5895 2580 5936 xxii.
