4016 6350
514 415 621 470 37‘)

1982 389 2328 450 SOCBATIS

3666 373 3775 427 380

519 531 684 599 cipue
739 523 884 594 quod
946 521 1169 576 fratrem
1224 531 1384 572 suum
1421 513 1636 569 Gallum
1684 527 1781 582 per
1828 509 1951 582 ejus
2001 525 2095 566 ca-

2206 501 2307 561 οἷον
2339 504 2595 577 ἡμιόνων,
2634 500 2794 569 Βοῶν,
2828 498 2924 554 καὶ
2951 498 3088 553 ὄνων
3112 512 3126 528 ο
3158 495 3317 568 μόνον
3353 493 3411 547 δὲ
3451 491 3561 546 τῶν
3589 492 3777 544 ίππων

523 581 772 676 ῒιιῖηηίαε·
808 616 1197 681 interemptum
1223 623 1346 664 esse
1386 581 1748 674 compererat.
1780 601 1845 656 Et
1885 616 2090 671 corpus

2206 601 2306 660 mi;
2323 596 2608 668 δημοσίαις
2628 593 2838 664 χρείαις
2860 588 3234 661 συνεχώρησεν
3255 587 3566 654 ὑπουργεῖν.
3587 581 3777 635 Ταῦτα

523 708 745 778 quidem
794 702 950 772 172
977 675 1287 755 Constantii
1333 694 1613 765 regalibus
1658 689 1939 760 exsequiis
1990 689 2092 742 ho-

2206 689 2248 744 Ξὲ
2273 685 2436 742 αύτοῦ
2467 685 2748 740 ἐπαινοῦσι
2783 683 2881 754 μὲν
2915 681 3086 750 ὀλίγοι
3110 696 3123 710 ο
3154 680 3203 732 oi
3237 676 3457 739 πλείους
3487 676 3544 729 δὲ
3575 675 3779 744 ψέγου-

524 799 772 864 noravit;
818 794 1106 850 eunuchos
1130 805 1282 854 vero,
1321 796 1573 842 tonsores
1610 792 1664 840 et
1694 798 1904 853 coquos
1929 781 2094 852 ejecit

524 910 590 949 ex
625 891 853 963 palatio.
899 886 1200 941 Eunuchos
1231 883 1474 954 quidem,
1525 896 1590 936 eo
1627 879 1771 950 quod
1804 879 1922 948 ipse
1956 893 2093 933 uxo-

525 998 640 1039 rem
692 996 847 1037 suam
917 979 1212 1042 amiserat,
1271 982 1394 1046 post
1446 972 1607 1043 cujus
1666 971 1874 1027 obitum
1929 969 2093 1023 aliam

527 1073 747 1128 nolebat
769 1072 991 1126 ducere.
1023 1067 1246 1136 Coquos
1277 1079 1430 1129 vero,
1459 1069 1742 1135 propterea
1764 1060 1912 1132 quod
1944 1061 2094 1115 tenui

529 1181 594 1219 ac
630 1161 866 1232 simplici
900 1160 1025 1214 cibo
1071 1163 1341 1213 uteretur.
1372 1155 1648 1210 Tonsores
1677 1154 1934 1224 denique,
1967 1151 2096 1221 quia

529 1269 713 1319 unus,
770 1258 831 1306 ut
886 1251 1093 1313 aiebat,
1142 1259 1338 1306 tonsor
1395 1247 1595 1304 sulﬁcit
1646 1246 1917 1316 plurimis.
1986 1241 2098 1298 Has

529 1345 695 1414 igitur
719 1343 790 1396 ob
825 1355 1022 1394 causas
1052 1337 1368 1407 hujusmodi
1394 1336 1676 1390 hominum
1700 1348 1872 1404 genus
1898 1332 2100 1402 palatio

529 1431 758 1501 expulit.
777 1428 896 1484 Jam
916 1442 1044 1481 vero
1072 1441 1138 1480 ex
1165 1427 1400 1481 notariis
1423 1424 1690 1494 plurimos
1719 1422 1785 1477 ad
1806 1421 2097 1492 pristinam

528 1521 902 1578 conditionem
967 1517 1196 1588 redegit.
1257 1515 1507 1584 Reliquis
1569 1514 1830 1569 salarium
1881 1512 2101 1566 notario

530 1627 844 1683 congruens
877 1609 996 1664 dari
1025 1608 1302 1679 praecepit.
1337 1605 1444 1661 Sed
1479 1613 1535 1660 et
1561 1604 1844 1676 publicum
1873 1618 2102 1658 cursum

530 1704 623 1774 qui
667 1702 906 1773 publicis
957 1699 1385 1756 necessitatibus
1432 1697 1789 1763 inserviebat,
1844 1695 2099 1763 sustulit;

532 1797 808 1851 mulorum
837 1793 1070 1855 scilicet,
1097 1792 1260 1846 boum
1287 1798 1344 1845 et
1376 1791 1656 1844 asinorum
1684 1789 1896 1844 :solum
1927 1803 2102 1858 equo-

2193 796 2299 842 σιν,
2336 780 2418 833 ὅτι
2452 775 2735 846 παυομένη
2776 776 2810 845 ἡ
2857 775 2922 827 ὲκ
2967 771 3062 825 τοῦ
3094 768 3372 842 βασιλικοῦ
3402 767 3634 820 πλούτου
3664 768 3779 829 τοῖς

2193 871 2407 934 πολλοῖς
2467 866 2792 938 ἐγγινομένη
2851 860 3188 933 κατάπληξις
3220 899 3236 925 ,
3299 858 3779 932 εὐκαταφρόνητον

2193 964 2366 1018 ἐποίει
2383 963 2482 1033 τὴν
2507 961 2804 1033 βασιλείαν.
2819 958 2891 1012 Ού
2921 957 3026 1028 μὴν
3049 954 3184 1009 ἀλλὰ
3207 953 3300 1008 καὶ
3321 949 3779 1021 διανυκτερεύων,

2194 1055 2384 1122 λόγους
2442 1051 2750 1122 συνέγραφε
2787 1060 2832 1112 τ,
2879 1049 2976 1102 καὶ
3024 1045 3243 1106 τούτους
3296 1041 3498 1096 κατιὼν
3548 1042 3628 1104 είς
3677 1039 3780 1110 τὴν

2198 1145 2504 1214 συγκλήτου
2543 1141 2738 1212 βουλὴν
2771 1139 3117 1193 ἐπεδείκνυτο
3138 1151 3153 1167 ⁶
3187 1134 3344 1205 μόνος
3370 1132 3478 1203 γὰρ
3513 1130 3780 1202 βασιλέων

2197 1238 2305 1293 ἀπὸ
2332 1235 2547 1289 Ἰουλίου
2574 1233 2851 1303 Καίσαρος
2875 1229 3091 1302 πρῶτος
3119 1229 3198 1291 είς
3222 1226 3321 1296 τὴν
3346 1225 3448 1294 τῆς
3471 1222 3777 1292 συγκλήτου

2201 1328 2395 1400 βουλὴν
2423 1327 2614 1394 λόγους
2640 1325 3004 1378 ἐπεδείκνυτο.
3041 1319 3234 1390 Ἐτίμα
3266 1317 3323 1372 δὲ
3365 1317 3459 1369 καὶ
3491 1315 3616 1378 τοὺς
3649 1312 3781 1382 περὶ

2200 1420 2442 1474 παιδείαν
2484 1417 2883 1478 ἐσπουδακότας
2905 1429 2919 1444 ’
2958 1412 3188 1484 μάλιστα
3216 1411 3272 1464 δὲ
3295 1449 3312 1476 ,
3341 1409 3468 1472 τοὺς
3504 1404 3780 1474 ἐπαγγελ-

2200 1510 2456 1581 λομένους
2485 1509 2812 1578 φιλοσοφεῖν.
2849 1504 2940 1560 Διδ
2972 1504 3067 1558 καὶ
3098 1503 3224 1566 τοὺς
3276 1499 3520 1568 πανταχῆ
3554 1493 3694 1569 ἦγεν
3744 1496 3780 1565 ή

2203 1604 2361 1673 φήμη
2393 1600 2710 1673 βριάζοντας
2743 1598 2836 1652 ἐπὶ
2867 1597 2936 1651 τὰ
2963 1595 3228 1666 βασίλεια,
3258 1592 3308 1646 οἳ
3337 1589 3629 1662 φοροῦντες
3651 1587 3780 1649 τοὺς

2202 1694 2500 1764 τρίϐωνας,
2554 1692 2740 1746 πολλοὶ
2783 1692 2850 1744 ἐκ
2888 1686 2983 1740 τοῦ
3026 1686 3302 1755 σχήματος
3345 1679 3544 1751 μᾶλλον
3571 1717 3586 1741 ,
3633 1677 3668 1747 ἢ
3715 1677 3782 1729 ἐκ

2207 1786 2454 1849 παιδείας
2476 1785 2776 1839 ἐδείκνυντο
2794 1799 2806 1812 ·
2833 1781 3033 1843 πάντες
3053 1777 3112 1831 δὲ
3139 1773 3278 1848 ἦσαν
3300 1775 3484 1845 βαρεῖς
3512 1773 3623 1832 τοῖς
3644 1770 3785 1839 Χρι-

533 1902 656 1941 rum
703 1899 928 1940 cursum
979 1881 1254 1953 ejusmodi
1303 1879 1732 1936 necessitatibus
1784 1878 2102 1933 ministrare

2206 1877 2585 1940 στιανίξουσιν,
2613 1874 2804 1945 ἄνδρες
2837 1869 3188 1934 ἀπατεῶνες,
3236 1864 3334 1920 καὶ
3382 1861 3468 1916 ἀεὶ
3506 1860 3601 1914 τοῦ
3644 1875 3785 1953 κρα-

534 1977 878 2047 permittens.
912 1973 1036 2029 Hanc
1064 1973 1186 2043 ejus
1214 1980 1335 2026 acta
1366 1971 1662 2025 laudantur
1689 1984 1720 2023 a
1753 1969 1946 2040 paucis
1974 1969 2100 2024 :sed

535 2072 721 2139 plures
770 2074 900 2123 sunt
944 2067 1039 2137 qui
1091 2066 1416 2133 vituperent,
1460 2079 1526 2118 eo
1571 2063 1720 2133 quod
1765 2061 1977 2116 sublata
2011 2074 2102 2116 re-

533 2159 748 2227 giarum
785 2173 949 2228 opum
999 2155 1422 2225 magniﬁcentia,
1458 2169 1582 2224 quae
1613 2154 1759 2223 vulgi
1794 2153 2010 2208 animos
2048 2151 2104 2205 in

535 2249 958 2303 admirationem
995 2247 1164 2316 rapit,
1204 2246 1311 2301 vile
1337 2255 1391 2300 et
1422 2245 1762 2314 contemptui
1803 2243 2105 2298 obnoxium

533 2339 864 2396 reddidisset
914 2338 1227 2408 imperium.
1269 2337 1445 2391 Porro
1481 2345 1646 2390 noctu
1678 2334 1934 2405 vigilans,
1979 2347 2107 2389 ora-

535 2429 718 2482 tiones
783 2427 1098 2492 scribebat,
1154 2440 1359 2494 easque
1427 2431 1619 2494 postea
1672 2422 1977 2493 procedens
2038 2437 2105 2476 ex

534 2518 738 2586 palatio
769 2518 822 2571 in
860 2525 1056 2572 senatu
1085 2516 1352 2572 recitabat
1380 2533 1394 2571 :
1421 2515 1624 2586 quippe
1656 2529 1720 2569 ex
1758 2514 2104 2584 imperatori-

533 2607 640 2662 bus
669 2608 762 2677 qui
795 2623 826 2661 a
853 2605 1000 2661 Julio
1034 2606 1250 2662 Caesare
1274 2607 1342 2661 ad
1388 2615 1635 2662 nostram
1684 2620 1862 2674 usque
1889 2613 2105 2659 aetatem

536 2705 856 2767 regnarunt,
891 2699 1044 2753 solus
1074 2699 1164 2753 hic
1205 2705 1260 2753 et
1303 2698 1513 2768 primus
1541 2697 1825 2752 orationes
1865 2698 1921 2750 in
1950 2696 2104 2751 curia

536 2789 808 2844 recitavit.
843 2789 910 2842 Et
949 2789 1232 2846 studiosos
1270 2789 1492 2860 quidem
1530 2790 1947 2858 disciplinarum
1987 2802 2106 2842 om-

537 2882 690 2936 nium
732 2881 1040 2936 honorabat
1077 2899 1092 2936 :
1124 2882 1222 2936 sed
1259 2895 1354 2936 eos
1395 2880 1674 2950 praecipue
1718 2879 1812 2949 qui
1857 2878 2104 2949 philoso-

538 2972 718 3043 phiam
749 2973 1168 3042 prolitebantur.
1201 2971 1437 3028 Proinde
1466 2971 1608 3025 fama
1633 2969 1800 3040 hujus
1827 2970 1905 3024 rei
1939 2969 2107 3024 exciti

535 3075 729 3117 omnes
768 3062 861 3132 qui
893 3062 1093 3133 ubique
1123 3072 1283 3118 erant
1323 3062 1665 3133 philosophi,
1715 3061 2014 3130 gestientes
2049 3061 2107 3115 in

535 3150 800 3220 palatium
840 3152 1198 3206 conﬂuebant
1224 3170 1237 3207 :
1267 3152 1364 3220 qui
1393 3151 1617 3220 pallium
1651 3156 1948 3218 gestantes,
1991 3151 2109 3217 ple-

2211 1968 2427 2030 τοῦντος
2453 1966 2810 2036 οἰκειούμενοι
2843 1964 2940 2034 τὴν
2971 1959 3286 2032 θρησκείαν.
3327 1954 3504 2023 Ἔχων
3532 1951 3588 2004 δὲ
3624 1951 3654 2002 ὁ
3688 1948 3786 2017 βα-

2213 2059 2390 2122 σιλεὺς
2423 2056 2715 2120 πλεονάζον
2761 2058 2820 2110 ἐν
2875 2053 3054 2123 ἑαυτῷ
3099 2051 3160 2104 τὸ
3198 2043 3471 2109 κενόδοξον
3497 2080 3514 2107 ,
3571 2041 3783 2101 πάντας

2210 2154 2335 2216 τοὺς
2364 2151 2471 2223 πρὸ
2500 2149 2663 2205 αὑτοῦ
2691 2148 2927 2213 βασιλεῖς
2952 2143 3315 2215 ὲκωμῲδησεν
3352 2140 3410 2190 ἐν
3442 2135 3520 2205 τῷ
3546 2133 3692 2202 λόγῳ
3723 2132 3785 2184 ὃν

2212 2243 2486 2316 ἐπέγραψε
2518 2243 2843 2309 Καίσαρας.
2875 2239 2972 2291 Ἐκ
2997 2236 3092 2290 τοῦ
3119 2232 3361 2289 τοιούτου
3408 2225 3571 2298 ἡθους
3602 2223 3787 2278 κινού-

2215 2353 2392 2406 μενος,
2423 2335 2518 2389 καὶ
2547 2334 2674 2396 τοὺς
2709 2331 2850 2386 κατὰ
2868 2329 3205 2400 Χριστιανῶν
3237 2325 3425 2394 λόγους
3452 2321 3786 2394 συνέγραψε.

2211 2429 2285 2482 Τὸ
2332 2428 2430 2498 μὲν
2479 2426 2586 2496 γὰρ
2623 2423 2917 2496 μαγείρους
2956 2421 3069 2493 (22)
3120 2420 3215 2474 καὶ
3247 2421 3466 2486 κουρεῖς
3509 2413 3786 2475 ἐκϐαλεῖν,

2213 2519 2501 2589 φιλοσόφου
2532 2517 2690 2586 ἔργον
2714 2555 2728 2580 ,
2757 2515 2819 2567 ού
2851 2513 2955 2583 μὴν
3003 2511 3284 2576 βασιλέως.
3314 2508 3388 2562 Τὸ
3423 2508 3481 2561 δὲ
3510 2504 3790 2574 διασύρειν

2211 2611 2244 2681 ἢ
2282 2607 2571 2670 σκώπτειν,
2598 2604 2782 2658 οὐκέτι
2817 2601 3105 2672 φιλοσόφου
3131 2639 3147 2664 ,
3179 2597 3316 2652 ἀλλὰ
3339 2597 3446 2668 μὴν
3477 2594 3600 2649 οὐδὲ
3631 2593 3788 2663 βασι-

2211 2701 2369 2762 λέως.
2412 2697 2735 2768 Ἀμφότεροι
2776 2695 2886 2766 γὰρ
2933 2695 3114 2746 πᾶσαν
3145 2689 3408 2760 λοιδορίαν
3437 2687 3530 2740 καὶ
3582 2686 3790 2756 βασκα-

2212 2794 2331 2848 νίαν
2361 2790 2790 2862 ὑπερϐεσήκασι.
2817 2787 3036 2841 Βασιλεῖ
3065 2785 3162 2855 μὲν
3198 2782 3307 2853 γὰρ
3337 2780 3540 2846 ἐξέστω
3577 2778 3794 2846 φιλοσο-

2213 2886 2334 2952 φεῖν
2355 2922 2370 2947 ,
2405 2883 2504 2936 ὅσα
2545 2881 2682 2952 πρὸς
2727 2878 3080 2949 σωφροσύνην
3113 2877 3214 2946 ὁρᾷ
3237 2891 3251 2908 ο
3280 2873 3566 2943 φιλόσοφος
3608 2870 3666 2923 δὲ
3690 2911 3705 2934 ,
3741 2870 3792 2921 εί

2213 2972 2390 3025 πάντα
2439 2970 2546 3024 τῶν
2596 2967 2857 3038 βασιλέων
2910 2967 3210 3037 μιμήσαιτο
3234 3004 3250 3028 ,
3309 2963 3645 3016 διαπεσεῖται
3695 2956 3792 3010 τοῦ

2216 3061 2440 3116 σκοποῦ.
2483 3061 2619 3130 Περὶ
2652 3061 2748 3129 μὲν
2784 3058 2848 3129 δὴ
2900 3056 3184 3110 Ἰουλιανοῦ
3223 3052 3317 3108 τοῦ
3367 3051 3669 3123 βασιλέως,
3696 3049 3796 3118 γέ-

2214 3171 2338 3217 νους
2363 3171 2422 3206 τε
2463 3151 2627 3207 αὐτοῦ
2666 3153 2761 3205 καὶ
2792 3148 3124 3210 παιδεύσεως
3155 3147 3249 3200 καὶ
3281 3145 3442 3216 ἠθους
3466 3184 3480 3208 ,
3511 3143 3607 3194 καὶ
3647 3141 3797 3202 ὅπως

535 3242 696 3310 rique
735 3241 925 3296 habitu
981 3243 1155 3313 magis
1194 3256 1357 3310 quam
1400 3239 1657 3295 doctrina
1687 3238 2102 3308 conspicieban-

2219 3243 2310 3295 ἐπὶ
2333 3241 2431 3312 τὴν
2463 3241 2738 3311 βασιλείαν
2760 3238 3056 3310 παρῆλθεν,
3080 3235 3316 3290 τοσαῦτα
3345 3234 3420 3298 ὡς
3441 3233 3497 3285 ἐν
3523 3229 3795 3302 ἐπιδρομῇ

537 3337 648 3385 tur.
661 3331 866 3388 Graves
883 3347 1048 3402 porro
1069 3347 1132 3388 ac
1148 3330 1365 3386 molesti
1378 3345 1570 3384 omnes
1588 3340 1744 3384 erant
1758 3329 2112 3395 Christianis,
2222 3332 2484 3403 εἰρήσθω.

539 3431 725 3490 utpote
768 3422 1121 3491 impostores,
1165 3431 1220 3478 et
1272 3423 1366 3492 qui
1400 3421 1750 3490 imperatoris
1793 3421 2111 3490 religionem
2151 3432 2419 3494 perpetuo
2447 3425 2935 3494 amplecterentur.
2968 3421 3238 3477 (laterum
3301 3433 3431 3474 cum
3494 3417 3801 3486 imperator

547 3511 732 3566 inanis
764 3511 952 3581 gloriae
979 3512 1169 3566 morbo
1236 3525 1402 3580 supra
1448 3510 1669 3564 modum
1732 3508 2028 3576 laboraret,
2072 3521 2302 3570 cunctos
2346 3522 2475 3570 ante
2509 3531 2568 3570 se
2619 3515 2984 3586 imperatores
3033 3511 3359 3583 perstrinxit
3394 3510 3453 3565 in
3499 3524 3565 3563 eo
3632 3507 3805 3565 libro,

535 3612 706 3666 quem
769 3600 1055 3671 inscripsit
1101 3599 1361 3656 Caesares.
1429 3599 1632 3654 Eodem
1689 3599 1862 3653 animi
1920 3602 2115 3655 morbo
2184 3602 2479 3673 impulsus,
2529 3612 2720 3659 contra
2781 3602 3131 3658 Christianos
3208 3602 3374 3657 etiam
3425 3598 3678 3668 scripsit.
3738 3594 3803 3648 Et

540 3693 764 3762 quidem
806 3691 952 3762 quod
991 3705 1204 3761 coquos
1235 3705 1300 3744 ac
1335 3697 1592 3745 tonsores
1631 3703 1697 3744 ex
1749 3689 1952 3759 palatio
2007 3691 2189 3760 ejecit,
2227 3693 2546 3762 philosophi
2593 3695 2648 3748 id
2703 3709 2844 3764 opus
2894 3692 3023 3760 fuit,
3067 3707 3176 3746 non
3223 3689 3596 3760 imperatoris.
3639 3686 3802 3753 Quod

549 3797 682 3839 vero
713 3781 989 3838 infamare
1027 3782 1168 3837 alios
1197 3796 1260 3834 ac
1291 3782 1508 3851 probris
1539 3781 1819 3836 incessere
1854 3782 2123 3849 instituit,
2164 3798 2274 3839 non
2342 3786 2497 3856 173
2531 3785 2644 3856 jam
2690 3785 3028 3856 phiIOSOphi,
3082 3784 3401 3852 sed‘neque
3448 3780 3802 3848 imperatoris

541 3874 690 3930 istud
734 3872 857 3928 fuit.
903 3871 1137 3942 Utrique
1178 3871 1326 3926 enim
1361 3873 1594 3927 istorum
1626 3872 1695 3926 ab
1740 3873 1891 3927 omni
1925 3873 2328 3930 obtrectatione
2359 3883 2414 3928 et
2455 3875 2660 3931 invidia
2698 3883 2828 3931 sunt
2897 3875 3086 3931 alieni.
3154 3876 3221 3930 Et
3289 3870 3609 3944 imperatori
3679 3869 3803 3939 qui-

543 3965 664 4019 dem
708 3963 1086 4033 philosophari
1147 3962 1296 4026 licet,
1343 3964 1401 4016 in
1457 3963 1538 4017 eis
1598 3970 1813 4016 tantum
1871 3978 1993 4032 quae
2045 3963 2113 4017 ad
2154 3965 2484 4020 modestiam
2543 3981 2606 4022 ac
2658 3967 3078 4036 temperantiam
3158 3967 3470 4034 pertinent;
3553 3960 3805 4030 philoso-

544 4059 684 4130 phus
713 4072 846 4111 vero
877 4057 1142 4112 sicuncta
1172 4069 1294 4126 qua:
1327 4054 1676 4124 imperatoris
1702 4056 1928 4126 propria
1959 4063 2111 4121 sunt,
2152 4057 2360 4123 imitari
2397 4059 2652 4126 voluerit,
2689 4073 2721 4113 a
2741 4073 2910 4128 scopo
2941 4055 3239 4112 aberrabit.
3269 4054 3375 4110 Sed
3440 4053 3508 4108 de
3555 4051 3801 4106 Juliano.

543 4151 720 4220 deque
761 4147 881 4220 ejus
927 4165 1148 4220 genere,
1205 4155 1272 4203 et'
1302 4149 1648 4205 institutione
1708 4159 1874 4220 atque
1916 4148 2130 4215 indole,
2210 4150 2451 4221 denique
2513 4166 2622 4221 qua
2680 4152 2898 4206 ratione
2960 4149 3030 4204 ad
3085 4147 3378 4218 imperium
3433 4143 3794 4215 pervenerit,

544 4245 778 4301 strictim
815 4245 930 4299 haec
967 4243 1118 4299 dicta
1147 4243 1278 4298 sint.
1619 4235 1627 4242 ’

1175 4337 1326 4393 CAP.
1376 4337 1444 4392 li.

2828 4329 3079 4385 ΚΕΦΑΛ.
3129 4327 3205 4383 B'.

550 4429 623 4484 De
654 4429 908 4485 seditione
932 4440 1052 4484 orta
1071 4428 1434 4499 Alexandriae,
1459 4436 1509 4482 et
1532 4429 1790 4498 quomodo
1816 4429 2102 4499 interfectw

2231 4425 2370 4496 Περὶ
2404 4423 2514 4492 τῆς
2558 4420 3091 4499 ἐν-ᾏλεξακδρρίᾳ
3139 4415 3466 4499 γεγομέιςῃς
3508 4415 3804 4481 στάσεως,

1141 4501 1211 4552 sit
1247 4487 1524 4567 Georgius.
1542 4487 1555 4498 ’
1953 4487 1966 4499 ”

2307 4487 2325 4496 ’
2375 4520 2385 4523 <
2462 4487 2504 4492 ’⁷
2565 4493 2665 4546 καί
2694 4491 2852 4556 ὅπως
2891 4487 3178 4558 ιἐὠργιος
3201 4487 3480 4556 ἀνῃρέθη.

616 4587 776 4642 Nunc
831 4595 1176 4642 transeamus
1222 4587 1290 4639 ad
1346 4600 1411 4640 ea
1462 4588 1940 4642 commemoranda
2004 4604 2102 4659 qua

2300 4584 2464 4649 Αὖθις
2496 4585 2554 4638 δὲ
2585 4583 2693 4636 τῶν
2721 4583 2849 4652 περὶ
2885 4580 2986 4644 τὰς
3039 4578 3363 4648 Ἐκκλησίας
3395 4576 3501 4629 ὑπὸ
3525 4575 3619 4628 τδν
3646 4576 3808 4628 αὑτὸν

545 4697 645 4750 per
669 4681 812 4736 idem
839 4686 1054 4749 tempus
1083 4679 1143 4734 in
1167 4677 1424 4734 Ecclesiis
1471 4685 1623 4749 gesta
1666 4685 1813 4735 sunt.
1850 4679 2022 4749 Igitur
2070 4679 2102 4732 ii

2230 4675 2533 4747 γενομένων
2561 4674 2748 4745 χρόνον
2790 4671 3008 4742 μνήμην
3037 4666 3356 4738 ποιούμεθα.
3401 4665 3562 4720 Κατὰ
3589 4665 3692 4735 τὴν
3719 4681 3810 4735 με·

1716 4829 1985 4886 VALESH
2020 4825 2581 4884 ANNOTATIONES.

550 4949 634 5014 τις
653 4930 988 5014 πεντήκοντα
1010 4928 1101 4981 τὸν
1126 4926 1354 5010 ἀριθμὸν
1383 4924 1611 5014 ἀνδρῶν,
1631 4926 1679 4979 οἳ
1707 4927 2128 5014 φρουμεντάριοι
2159 4932 2202 4985 D
2230 4921 2370 4978 εἶναι
2397 4925 2546 5014 δοκεῖ
2573 4918 3090 5014 τοὺςωύποζυιγίρυς⁸
3108 4916 3327 4976 ἵππους,
3348 4914 3495 5014 ἔπερ
3535 4911 3686 5014 ἐστὶν
3699 4909 3809 5014 ’52:-

546 4979 645 5056 κοξι
671 4979 923 5070 κοριῶσοι
959 4979 1453 5070 προῆγορέύοντο.
1468 4979 1834 5070 όῖονίσιτῶναι
1853 4979 2125 5070 καὶλπέρίς
2159 4979 2193 4985 ⁷
2229 4993 2424 5070 κεινκτὸ
2450 4993 2632 5062 ὄχημα
2652 5008 2665 5022 ·
2681 4979 3248 5070 ξθενῇᾖαὶζδασύιςουσι
3273 4979 3577 5054 γράφοντες
3598 4981 3672 5070 Ιτὺ
3696 4979 3808 5070 ραίῖ

883 5049 897 5052 ν
912 5049 1135 5142 βεβριεᾷ
1153 5049 1378 5142 σιτῶναι
1407 5049 1513 5137 τῆς.
1543 5065 1794 5142 εὐθηνίας
1824 5065 1933 5142 τῶν
1957 5066 2015 5118 ἐν
2044 5049 2126 5142 τῶ
2228 5065 2324 5142 δας
2344 5049 2594 5142 ὄνομᾶ
2617 5058 2710 5115 τοῦ
2727 5057 2924 5142 ῥαδίως
2944 5049 3331 5142 ἐξειρρῄμξτο-ςζ
3351 5049 3740 5142 ξταρηγμένσέέ
3761 5049 3808 5100 0'-

1430 5117 1709 5216 περίεργοι
1755 5117 2125 5216 ἧγοῦντοιιξοῧ
2231 5117 2340 5216 γάρ
2382 5117 2659 5214 ρέραίδους
2705 5117 2830 5191 τοὺς
2875 5117 3265 5196 (saeuitia;
3311 5117 3562 5188 λέγοντες
3610 5119 3811 5188 σφόδρα

550 5202 816 5280 δημοσίου
846 5202 1080 5280 δρόμουξ
1115 5202 1904 5280 κλάδουλόιριρςίῥχηματικόςλ
1930 5204 2128 5280 κλάξον
2235 5202 2564 5280 πλαὶιῶντ-αι.

550 5256 666 5348 ﬁt;
677 5256 779 5330 ’τ’δῦ
793 5256 1242 5348 maximast
1263 5256 1655 5348 λ’βέἳοξξὸξῧέζ
1677 5274 1735 5337 ὃς
1752 5256 1857 5348 ίκέιῗ
1870 5256 2101 5348 seponas

2294 5272 2419 5348 ⁸(Ξεὶ)
2462 5267 2686 5348 Τὸμᾲν
2713 5267 2822 5348 {dp
2854 5263 3194 5335 μαγείρους.
3237 5258 3418 5315 Malim
3463 5258 3712 5315 scribere
3753 5256 3811 5308 τὸ

556 5338 710 5421 βικὸς
765 5348 883 5401 ἐστὶ
919 5348 1014 5402 καὶ
1051 5347 1147 5401 νῦν
1185 5338 1401 5414 λέγεται
1439 5338 1452 5375 ³
1479 5338 1758 5416 βεραίδους
1792 5345 1850 5398 δὲ
1911 5338 2132 5406 Ἰταλοῖς
2242 5341 2446 5412 μέντοι,
2476 5341 2560 5394 vel
2591 5339 2652 5392 τὸ
2683 5338 2780 5408 μέν
2815 5352 2901 5405 γε.

1956 5488 2337 5548 VARIORUM.

635 5606 658 5634 ³
701 5591 1174 5661 Διανυκτερεύων
1207 5590 1428 5661 λόγους
1449 5585 1806 5661 συνέγραφε.
1837 5583 2102 5661 _Oralione

2241 5587 2295 5661 in
2341 5584 2557 5661 funebri
2595 5583 2760 5661 hujus
2785 5579 3141 5661 imperatoris
3176 5575 3514 5661 laudatione,
3562 5574 3809 5630 nomina-

558 5647 951 5736 quit'leni’ante
979 5647 1034 5718 ct
1069 5647 1513 5736 post_im'_perium
1551 5647 1728 5736 ali-nfeo'
1745 5655 1998 5736 scriptas,
2028 5668 2138 5722 quo
2245 5658 2338 5736 tim
2380 5656 2516 5736 duas
2551 5647 3198 5734 tangitejus'oratiunes,
3231 5662 3368 5719 quas
3400 5647 3492 5701 ille
3524 5661 3631 5700 una
3658 5653 3809 5700 nocte

564 5723 784 5790 tiulnine
814 5733 1024 5803 πατέρα
1055 5723 1262 5784 πολλῶν
1295 5723 1489 5803 λόγων,
1513 5727 1805 5803 multarunt
1835 5723 2102 5803 oratioum

2245 5726 2490 5798 singulas
2522 5723 2732 5780 conseri
2741 5724 2868 5793 psit.

567 5816 769 5870 patrem
799 5792 1046 5860 eumdem
1076 5807 1254 5865 vocat,
1292 5792 1455 5853 tradit
1479 5795 1677 5852 alicubi
1713 5793 1972 5850 Libanius
2002 5811 2016 5850 :
2047 5792 2140 5863 qui
