4016 6350
261 434 357 493 881

1218 436 1549 495 HISTORIA
1585 436 2151 496 ECCLESIASTICA.
2192 470 2263 484 —-
2294 440 2425 497 LIB.
2467 439 2563 498 III.

3404 435 3514 491 582

257 551 429 621 γάλην
465 549 813 623 Ἀλεξάνδρου
835 551 1007 616 πόλιν,
1039 552 1238 627 συνέϐη
1268 553 1514 627 ταραχήν
1534 553 1788 624 γενέσθαι
1806 566 1833 595 ι

1938 570 2136 629 magna
2175 557 2268 613 illa
2295 556 2787 615 Alexandrinon
2824 555 3068 620 civitate,
3096 562 3218 611 orta
3261 560 3347 609 est
3378 552 3518 609 sedi-

258 642 320 708 ἐξ
362 641 543 705 αἰτίας
574 642 819 697 τοιᾶσδε·
845 644 1022 708 Τόπος
1058 640 1129 716 ἦν
1176 648 1243 716 τῇ
1270 646 1454 711 πόλει,
1498 648 1564 700 ἐκ
1590 646 1836 700 παλαιῶν

255 734 365 788 τῶν
391 733 603 805 χρόνων
629 733 834 806 ἔρημος
854 734 949 791 καὶ
981 735 1341 807 ἠμελημένος,
1373 738 1640 808 συρφετοῦ
1665 754 1725 790 τε
1746 737 1839 805 γέ-

225 840 375 920 ἱμων
410 822 630 887 πολλοῦ,
651 825 710 920 ἐν
740 817 787 893 ᾧ
813 825 863 878 oi
884 825 1142 896 Ἕλληνες
1161 826 1224 880 τὸ
1248 825 1477 881 παλαιὸν
1507 826 1586 899 τῷ
1607 827 1837 899 Mli)qu

225 913 478 1003 ἰτελετάς
527 913 836 980 ποιοῦντες,
903 915 1223 989 ἀνθρώπους
1283 916 1564 971 κατέθυον.
1637 918 1839 972 Τοῦτον

253 1005 636 1069 Κωνστάντιος
662 1004 740 1069 ὡς
766 1006 1031 1077 σχολαῖον,
1063 1007 1164 1078 ήδη
1189 1007 1456 1079 πρότερον
1485 1010 1552 1080 τῇ
1592 1007 1841 1073 Ἀλεξαν-

252 1095 738 1167 δρέωνἘκκλησίᾳ
763 1096 1231 1169 προσκεκυρώκει.
1261 1097 1534 1170 Γεώργιος
1564 1099 1622 1153 δὲ
1656 1099 1840 1171 βουλό-

254 1201 418 1255 μενος
453 1187 513 1238 ἐν
544 1184 695 1256 αὐτῷ
736 1185 1021 1257 εὐκτήριον
1057 1182 1204 1254 οἷκον
1237 1188 1681 1254 κατασκευάσαι,
1709 1189 1841 1243 ἀνα-

254 1275 598 1349 ωθαρθῆναι
621 1276 833 1331 κελεύει
860 1278 952 1334 τὸν
975 1278 1160 1335 τόπον.
1199 1280 1309 1333 Καὶ
1327 1280 1392 1352 δὴ
1418 1280 1837 1352 καθαιρομένου,

254 1366 447 1420 ἄδυτον
472 1365 710 1437 ηὖρηται
745 1366 886 1421 κατὰ
920 1366 1116 1437 βάθους
1142 1367 1358 1431 πολλοῦ,
1375 1370 1434 1423 ἐν
1461 1362 1507 1437 ᾧ
1533 1370 1604 1423 τά
1636 1370 1841 1440 μυστή-

260 1472 351 1527 ρια
376 1456 486 1510 τῶν
534 1456 804 1527 Ἐλλήνων
844 1458 1181 1529 ἐκέκρυπτο·
1231 1460 1403 1513 ταῦτα
1447 1459 1505 1513 δέ
1538 1455 1607 1531 ἦν
1644 1460 1840 1531 κρανία

257 1546 565 1618 ἀνθρώπων
596 1546 766 1600 πολλά
786 1587 802 1611 ,
852 1548 988 1602 νέων
1015 1566 1075 1601 τε
1117 1550 1211 1603 καὶ
1242 1549 1484 1602 παλαιῶν
1503 1590 1519 1616 ,
1560 1549 1654 1612 οὓς
1685 1549 1840 1619 λόγος

254 1644 477 1712 κατεῖχε
510 1642 677 1696 πάλαι
703 1641 1075 1713 ἀναιρεῖσθαι,
1122 1642 1358 1710 ὄτεψταῖς
1400 1643 1488 1697 διὰ
1514 1643 1839 1714 σπλάγχνων

257 1732 539 1802 μαντείαις
571 1731 808 1802 ἐχρῶντο
840 1733 889 1785 οἱ
918 1732 1199 1804 Ἕλληνες,
1237 1733 1332 1786 καὶ
1356 1733 1596 1804 partita;
1624 1734 1839 1788 ἐτέλουν

254 1823 469 1887 θυσίας,
501 1823 1081 1893 καταμαγγανεύοντες
1104 1823 1203 1886 τάς
1235 1824 1433 1894 ψυχάς.
1490 1827 1552 1878 υἱ
1583 1821 1677 1879 οὖν
1700 1827 1839 1897 Χρι-

1938 650 2018 704 tio
2046 650 2363 721 bujusmodi
2391 666 2462 710 ex
2496 664 2663 706 causa
2702 648 2923 705 :Locus
2973 655 3093 705 erat
3139 647 3195 702 in
3237 646 3372 702 urbe
3399 644 3517 714 jam
3546 702 3560 711 ,

1939 738 2068 793 inde
2088 754 2120 792 a
2144 739 2346 809 priscis
2374 738 2714 817 temporibus
2741 753 2954 794 vacuus
2999 753 3064 793 ac
3100 737 3403 808 neglectus,
3447 748 3513 789 ac

1941 832 2111 886 multa
2155 833 2401 887 sordium
2452 832 2687 887 colluvie
2731 829 3001 895 refertus,
3038 830 3095 885 in
3130 843 3240 899 quo
3285 825 3519 898 gentiles

1939 921 2155 978 Mitbrre
2207 925 2469 993 mysteria
2531 931 2877 994 peragentes,
2933 921 3220 977 immolare
3262 916 3516 973 homines

1938 1023 2357 1068 consueverant.
2389 1013 2546 1069 Hunc
2573 1021 2834 1084 tanquam
2859 1028 3095 1068 vacuum
3127 1026 3194 1067 ac
3212 1011 3514 1071 desertum.

1939 1103 2298 1160 Constantius
2349 1103 2609 1160 Ecclesia:
2646 1104 3143 1161 Alexandrinorum
3189 1101 3304 1171 jam
3352 1108 3517 1154 antea

1940 1194 2261 1250 donaverat.
2320 1193 2586 1267 Georgius
2630 1212 2764 1253 vero
2823 1211 2950 1251 cum
2995 1193 3284 1250 ecclesiam
3343 1192 3400 1246 in
3448 1205 3517 1246 eo

1938 1283 2063 1339 loco
2081 1283 2353 1338 aedificare
2389 1285 2571 1353 vellet,
2616 1284 2900 1355 repurgari
2947 1298 3073 1338 eum
3119 1281 3307 1352 jussit.
3357 1278 3517 1347 Quod

1938 1376 2071 1431 dum
2124 1376 2300 1441 ﬁeret,
2335 1375 2557 1448 adytum
2594 1384 2872 1445 repertum
2901 1384 2988 1431 est
3014 1375 3297 1430 immensae
3329 1372 3517 1425 altitu-

1939 1467 2107 1534 dinis,
2136 1469 2192 1522 in
2222 1482 2333 1538 quo
2360 1468 2621 1539 mysteria
2656 1467 2942 1539 gentilium
2979 1473 3139 1521 erant
3187 1462 3470 1519 recondita
3496 1479 3511 1516 :

1940 1559 2250 1629 complures
2295 1560 2506 1614 scilicet
2562 1558 2846 1614 hominum
2921 1556 3193 1620 ealvariae,
3247 1554 3512 1624 juvenum

1941 1652 2148 1723 pariter
2178 1666 2243 1707 ac
2268 1652 2573 1719 seniorum,
2619 1651 2714 1722 qui
2762 1651 2893 1706 olim
2940 1648 3164 1704 mactati
3212 1660 3337 1701 esse
3363 1645 3513 1698 dice-

1939 1740 2167 1806 bantur,
2230 1750 2363 1796 tunc
2410 1756 2537 1797 cum
2593 1741 2825 1813 gentiles
2872 1739 3211 1794 divinatione
3262 1750 3384 1806 qua:
3417 1749 3514 1804 per

1939 1836 2191 1884 extorum
2219 1830 2617 1900 inspectionem
2647 1830 2726 1897 fit,
2756 1837 3067 1893 uterentur,
3092 1835 3147 1883 et
3180 1827 3389 1897 magica
3421 1840 3516 1881 sa-

256 1912 467 1968 στιανοὶ
503 1913 680 1967 ταῦτα
725 1914 974 1986 εὑρόντες
1010 1917 1069 1968 ἐν
1108 1913 1187 1985 τῷ
1216 1915 1394 1987 ἀδύτῳ
1423 1915 1519 1969 τοῦ
1550 1916 1833 1989 Μιθρείου,

1937 1916 2145 1972 criflcia
2197 1917 2266 1973 ad
2316 1919 2529 1974 animas
2590 1917 2955 1974 incantandas
3012 1907 3353 1987 peragerent.
3416 1912 3516 1969 His

256 2003 497 2076 σπουδὴν
548 2004 729 2059 ἔθεντο
762 2006 925 2059 πᾶσιν
966 2006 1025 2059 ἐν
1069 2004 1155 2075 τῷ
1174 2006 1393 2078 φανερῷ
1419 2007 1638 2075 γέλωτα
1666 2006 1836 2071 δεῖξαι

252 2092 318 2146 τά
369 2094 637 2165 Ἐλλήνων
688 2095 983 2167 μυστήρια.
1073 2095 1476 2167 Ἐξεπόμπευον
1539 2097 1598 2151 δὲ
1652 2097 1834 2162 εὐθὺς,

252 2186 436 2256 γυμνά
462 2185 541 2257 τῷ
568 2187 725 2258 δήμῳ
748 2188 816 2241 τά
842 2188 1042 2259 κρανία
1068 2187 1424 2251 δεικνύοντες.
1450 2188 1637 2243 Ταῦτα
1664 2189 1837 2261 ὁρῶν-

250 2291 342 2338 τες
359 2276 572 2330 οἱκατὰ
607 2277 1009 2349 Ἀλεξάνδρειαν
1041 2276 1323 2349 Ἕλληνες,
1346 2279 1442 2332 καὶ
1477 2278 1552 2350 μὴ
1577 2278 1837 2351 φέροντες

250 2365 310 2420 τὺ
335 2366 432 2420 τοῦ
466 2368 789 2438 πράγματος
819 2367 1213 2433 ἐπονείδιστον,
1262 2370 1343 2432 είς
1380 2371 1549 2443 ὀργήν
1581 2369 1838 2436 ἐξάπτον-

250 2473 372 2509 ται·
422 2458 515 2511 καὶ
542 2460 649 2513 πᾶν
672 2459 733 2512 τὸ
761 2460 1072 2531 παρατυχόν
1098 2460 1259 2514 ὅπλον
1289 2461 1620 2533 ποιούμενοι,
1644 2462 1836 2534 ὥρμη-

254 2564 352 2601 σαν
382 2550 524 2602 κατά
546 2549 654 2603 τῶν
683 2551 1050 2622 Χριστιανῶν,
1081 2554 1173 2608 καὶ
1204 2553 1292 2609 διὰ
1323 2554 1507 2627 πάσης
1545 2556 1835 2627 ἐπιδουλῆς

250 2638 459 2693 ἀνεῖλον
488 2639 600 2709 (25)
633 2640 862 2705 πολλοὺς
891 2640 952 2707 ἐξ
971 2642 1179 2697 αὐτῶν·
1212 2645 1340 2709 τοὺς
1365 2644 1465 2716 μὲν
1493 2644 1601 2719 γὰρ
1633 2646 1834 2714 ξίφεσι,

248 2732 376 2794 τοὺς
405 2729 463 2784 δέ
489 2730 718 2804 ξύλοιςῆ
764 2733 933 2799 λίθοις
964 2734 1291 2791 ἀπέκτειναν
1310 2752 1327 2768 '
1365 2736 1559 2800 ἀλλους
1590 2738 1648 2791 δέ
1691 2756 1832 2808 σχοι-

249 2820 381 2884 νίοις
403 2821 729 2889 ἀπέπνιξαν.
757 2822 923 2887 me;
946 2823 1002 2877 δὲ
1026 2824 1205 2878 αὐτῶν
1222 2826 1316 2879 καὶ
1342 2826 1716 2897 ἐσταύρωσαν,
1747 2826 1832 2896 ἐφ’

252 2910 410 2984 ὕϐρει
458 2912 554 2967 τοῦ
592 2912 826 2985 σταυροῦ
864 2914 1053 2969 τοῦτον
1101 2915 1403 2984 ἐπάγοντες
1434 2916 1525 2969 τὸν
1567 2917 1829 2974 θάνατον’

247 3001 377 3064 τοὺς
400 3001 459 3054 δὲ
488 3001 791 3067 πλείστους,
820 3005 1159 3077 τραυματίας
1185 3007 1465 3075 ἐποίησαν.
1490 3007 1622 3060 Τότε
1646 3007 1724 3072 δὲ,
1747 3002 1834 3061 οἷα

250 3093 308 3145 ἐν
333 3096 449 3157 τοῖς
464 3093 729 3159 τοιούτοις
762 3095 907 3166 φιλεῖ
929 3096 1192 3167 γίνεσθαι,
1214 3098 1334 3152 ούδέ
1354 3099 1463 3152 τῶν
1489 3100 1834 3155 οἰκειοτάτων

249 3181 556 3253 ἀπέσχοντο
579 3200 594 3214 ·
648 3183 787 3238 ἀλλὰ
810 3185 901 3238 καὶ
930 3186 1081 3255 φίλος
1106 3186 1256 3256 φίλον
1289 3186 1519 3259 ἔπληξε,
1546 3188 1643 3243 καὶ
1672 3188 1828 3242 ἀδελ-

252 3271 353 3342 φὸς
386 3252 638 3344 ἀδελφὸν,
673 3276 768 3329 καὶ
800 3252 978 3344 γονεές
1012 3252 1237 3343 παῖδας,
1283 3278 1376 3331 καὶ
1403 3252 1646 3350 ἀλλήλων
1693 3282 1829 3353 πρὸς
1856 3252 1902 3316 C

250 3363 410 3431 φόνον
442 3362 732 3435 ὥρμησαν.
775 3365 866 3418 Διὸ
899 3366 994 3420 καὶ
1024 3369 1072 3420 οί
1101 3368 1420 3439 Χριστιανοὶ
1446 3369 1540 3421 τοῦ
1578 3370 1836 3425 ἐκκαθαί-

252 3470 367 3526 ρειν
394 3454 455 3508 τὸ
475 3455 733 3527 Μιθρείον
763 3457 1070 3512 ἐπαύσαντο
1094 3476 1106 3489 ·
1151 3461 1199 3513 οί
1235 3460 1294 3513 δὲ
1317 3460 1409 3514 τὸν
1439 3460 1709 3533 Γεὼργιον
1735 3464 1835 3535 τῆς

261 3547 590 3618 Ἐκκλησίας
634 3550 992 3620 ἐκσύραντες,
1049 3552 1279 3623 καμήλῳ
1309 3569 1367 3605 τε
1408 3554 1831 3626 προσδήσαντες,

248 3638 345 3692 καὶ
371 3639 770 3710 σπαράξαντες,
814 3642 909 3696 σὺν
938 3643 1077 3714 αὐτῇ
1108 3642 1452 3696 κατέκαυσαν
1475 3654 1522 3698 ο.

1937 2009 2105 2080 igitur
2131 2010 2185 2065 in
2224 2010 2388 2082 adyto
2425 2012 2613 2083 templi
2654 2010 2865 2067 Mithra:
2902 2009 3158 2082 repertis,
3210 2006 3515 2063 Christiani

1935 2100 2206 2157 dederunt
2263 2118 2491 2174 operam
2562 2109 2623 2158 ut
2684 2102 2967 2174 gentilium
3029 2099 3285 2171 mysteria
3335 2098 3515 2169 palam

1934 2190 2193 2245 omnibus
2235 2190 2537 2261 spectanda
2598 2192 2669 2247 ad
2724 2190 3020 2247 ludibrium
3075 2196 3507 2261 exponerentur.

1937 2275 2251 2349 Statimque
2291 2279 2653 2336 circumferre
2685 2295 2748 2335 ea
2775 2295 2872 2350 per
2892 2279 3168 2335 civitatem
3206 2286 3514 2347 creperum,

1934 2371 2113 2427 nudas
2138 2371 2422 2426 hominum
2454 2372 2640 2428 calvas
2682 2370 3017 2427 multitudini
3048 2377 3411 2426 ostentantes.
3444 2367 3517 2421 At

1934 2464 2127 2536 pagani
2161 2464 2255 2535 qui
2298 2471 2455 2519 erant
2492 2462 2856 2531 Alexandriae,
2903 2477 3029 2518 cum
3085 2461 3140 2517 id
3199 2467 3515 2524 cernerent,

1933 2555 2288 2626 opprobrium
2312 2570 2421 2609 non
2454 2554 2716 2620 ferentes,
2750 2556 2831 2608 ira
2857 2559 3184 2608 exarserunt
3214 2557 3308 2606 :et
3341 2549 3518 2621 quod-

1934 2661 2152 2717 cunque
2201 2647 2423 2703 obvium
2495 2655 2617 2705 erat
2661 2647 2782 2702 vice
2851 2645 2944 2701 teli
3005 2653 3249 2715 arrepto,
3319 2649 3517 2697 contra

1932 2739 2282 2797 Christianos
2355 2742 2621 2812 impetum
2688 2740 2887 2808 fecere,
2952 2741 3265 2810 multosque
3321 2753 3516 2794 eorum

1934 2832 2088 2888 vario
2122 2833 2316 2888 mortis
2341 2848 2541 2904 genere
2569 2832 2919 2889 exstinxere:
2951 2832 3090 2889 alios
3120 2831 3268 2888 enim
3299 2827 3515 2904 gladiis,

1935 2924 2073 2978 alios
2105 2923 2363 2987 fustibus,
2388 2925 2528 2981 alios
2560 2924 2839 2995 lapidibus
2878 2931 3181 2991 necarunt;
3219 2921 3518 2978 nonnullos

1935 3011 2159 3069 funibus
2197 3002 2649 3085 strangularunt;
2697 3014 2966 3085 quosdam
2998 3015 3163 3069 etiam
3197 3011 3355 3067 cruci
3400 3009 3518 3064 allio

1933 3108 2156 3168 xerunt,
2196 3101 2300 3156 boe
2333 3116 2534 3173 genere
2577 3103 2830 3173 supplicii
2865 3118 2960 3159 eos
2994 3100 3061 3158 de
3099 3101 3369 3157 industria
3403 3099 3519 3153 alli-

1934 3193 2143 3248 cientes
2197 3193 2266 3246 ad
2324 3209 2496 3249 sacrae
2538 3194 2723 3249 crucis
2789 3192 3214 3259 contumeliam;
3250 3190 3517 3262 plurimos

1932 3300 2060 3339 vero
2089 3283 2325 3341 diversis
2351 3286 2674 3342 vulneribus
2715 3287 3055 3341 sauciarunt.
3114 3286 3315 3353 Atque,
3369 3288 3430 3336 ut
3459 3282 3517 3335 in

1930 3373 2202 3446 ejusmodi
2227 3377 2557 3434 tumultibus
2580 3377 2694 3433 fieri
2717 3377 2875 3444 solet,
2907 3392 2977 3432 ne
2999 3374 3268 3446 proximis
3294 3372 3516 3444 quidem

1932 3468 2267 3536 parcebant;
2322 3468 2418 3524 sed
2472 3469 2689 3524 amicus
2730 3469 2990 3533 amicum,
3055 3465 3225 3521 frater
3263 3463 3515 3528 fratrem,

1932 3567 2188 3629 parentes
2233 3558 2375 3616 ﬁlios
2416 3560 2825 3630 pereutiebant,
2859 3567 2914 3615 et
2940 3558 2997 3613 in
3033 3556 3235 3625 caedem
3269 3562 3517 3610 mutuam

1932 3652 2188 3706 ruebant:
2245 3650 2437 3723 Itaque
2485 3651 2790 3708 Christiani
2839 3666 2871 3705 a
2915 3648 3257 3721 repurgando
3307 3645 3521 3702 Mithrae

253 3731 455 3800 templo
510 3731 877 3821 destiterunt;
939 3735 1171 3805 gentiles
1231 3750 1362 3790 vero
1412 3735 1704 3809 Georgium
1753 3743 1825 3798 ab
1860 3744 2096 3800 ecclesia
2151 3745 2497 3801 abstractum
2527 3754 2584 3803 et
2618 3744 2696 3800 ad
2715 3744 2984 3800 camelum
3027 3740 3189 3817 174
3215 3742 3523 3813 alligatum.

254 3831 604 3895 tractumque
625 3839 690 3879 ac
715 3823 1100 3891 dilaceratum,
1122 3824 1287 3881 simul
1316 3841 1440 3881 cum
1473 3827 1592 3900 ipsa
1623 3834 1832 3889 camelo
1870 3834 2261 3891 incenderunt.

861 3921 1113 3975 ΚΕΦΑΛ.
1142 3922 1215 3977 Γ¹.

256 4004 355 4071 Ὠς
391 4006 746 4091 δ’,ϐασι-ζερς
776 4008 873 4062 ἐπὶ
895 4009 970 4091 τῇ
982 4012 1323 4091 -I‘scoprlov.
1347 4011 1696 4091 xulefttjrac
1723 4014 1830 4091 ὡς.

319 4076 573 4152 αιρέσει,
615 4077 689 4132 δι’
715 4076 1047 4151 ἐπιστολῆς
1074 4076 1193 4135 τῶνί
1222 4076 1830 4152 Ἀλέξανδρέωκκαθ-

323 4146 546 4215 ngrata.

337 4237 461 4291 Ἐπὶ
499 4237 602 4309 μὲν
630 4233 724 4294 οὗν
779 4239 872 4293 τοῦ
901 4240 1175 4313 Γεωργίου
1218 4242 1492 4315 ἀναιρέσει
1519 4244 1829 4316 χαλεπήνας

249 4328 278 4381 ό
313 4326 590 4399 βασιλεὺς,
643 4329 711 4385 δι’
750 4331 1037 4403 ἐπιπολῆς
1080 4332 1175 4386 τοῦ
1216 4333 1608 4407 Ἀλεξανδρέων
1656 4335 1828 4407 δήμου

2588 3928 2744 3986 CAP.
2782 3927 2871 3984 III.

1939 4019 2216 4089 Quomodo
2276 4023 2565 4090 imperator
2619 4021 2681 4075 ob
2739 4020 2935 4075 cardem
2959 4018 3179 4090 Georgii
3205 4018 3531 4088 indignatus.-

2146 4089 2540 4146 Alexaudrinos
2562 4107 2655 4162 per
2681 4090 2963 4161 epistolam
2985 4089 3303 4160 objurgavit.

2008 4246 2080 4302 At
2113 4247 2413 4318 imperator
2436 4245 2638 4300 caedem
2669 4243 2892 4316 Georgii
2932 4243 3164 4299 moleste
3188 4241 3390 4301 ferens.
3424 4253 3533 4310 po-

1937 4339 2125 4409 pulum
2146 4338 2578 4393 Alexandrinum
2601 4352 2698 4408 per
2713 4334 3002 4407 epistolam
3029 4334 3318 4405 corripuit.
3353 4331 3522 4387 Fama

1412 4474 1686 4531 VALESII
1719 4474 2286 4534 ANNOTATIUNES.

455 4564 566 4619 Kal
603 4565 705 4621 διὰ
762 4565 967 4634 πάσης
1013 4563 1175 4634 ίδέας
1205 4567 1486 4624 θανάτου.
1522 4569 1582 4625 In
1631 4567 1833 4626 codice

1937 4572 2151 4628 ortiano
2182 4573 2387 4644 legitur
2408 4570 2590 4643 πάσης
2617 4569 2931 4641 ἐπιϐουλῆς,
3000 4567 3097 4626 sed
3165 4565 3533 4623 Florentinus

251 4636 387 4690 nihil
424 4645 626 4690 mutat.

1632 4792 2025 4850 VARIORUM.

313 4881 592 4963 ςιΣυνέϐῃ
616 4879 887 4963 ταραχὴν
904 4882 1200 4963 γενέᾳςὶαι.
1234 4883 1564 4963 seditiosum
1587 4884 1821 4940 Alexan-

1937 4883 2017 4937 Διὸ
2064 4882 2159 4963 καὶ
2198 4882 2415 4963 Μίθραν
2465 4880 2673 4963 Πέρσαι
2724 4879 2818 4933 τὸν

248 4950 528 5025 drinorum
548 4950 841 5025 ingenium
881 4950 922 5007 a'
950 4954 1535 5025 multisscriptoribus
1566 4963 1818 5009 notatum

247 5029 345 5085 est,
387 5020 997 5093 Grmcis'Latiuisqne.
1058 5022 1232 5093 Hujus
1286 5020 1480 5081 'autem
1534 5025 1822 5081 seditionis

246 5105 439 5173 causas
467 5094 633 5163 paulo
650 5094 808 5148 aliter
832 5093 999 5147 tradit
1022 5093 1091 5148 Α.
1117 5093 1354 5150 Marcell.
1390 5096 1511 5150 loco
1543 5110 1573 5149 a
1609 5094 1823 5152 Valesio

247 5174 429 5217 enato.

312 5232 340 5273 ιι
370 5231 457 5298 Τῷ
489 5234 703 5302 Μίθρῃ.
751 5230 950 5286 Mithra
1002 5231 1188 5289 Persis
1227 5234 1432 5288 dicitur
1473 5233 1587 5289 Sol.
1627 5233 1825 5290 Strabo

368 5302 797 5376 xv,_Ttp.qut
838 5305 932 5356 καὶ
952 5303 1148 5376 Δήλιον,
1201 5305 1262 5357 ὃν
1314 5306 1530 5376 Μίθραν
1576 5304 1823 5359 καλοῦσι.

244 5371 525 5427 Plutarch.
560 5371 627 5428 de
663 5372 810 5444 Iside
855 5382 905 5427 et
935 5371 1166 5435 Osiride,
1201 5386 1322 5444 post
1373 5371 1602 5430 relatam
1635 5390 1826 5430 eorum

243 5444 571 5499 sententiam
624 5445 717 5514 qui
767 5443 907 5515 duos
955 5459 1078 5500 esse
1110 5443 1243 5500 deos
1290 5446 1629 5510 credebant,
1667 5446 1826 5515 quasi

241 5515 588 5570 adversarios
604 5524 659 5569 et
683 5514 1048 5585 ἀντιτέχνους.
1074 5530 1306 5585 quorum
1329 5518 1468 5570 alter
1496 5517 1658 5582 bona,
1688 5514 1828 5570 alter

241 5585 379 5638 mala
414 5593 758 5654 operaretur,
796 5584 1063 5654 illumque
1092 5584 1095 5585 ⁷
1123 5586 1311 5649 deum,
1347 5588 1494 5640 hunc
1521 5587 1824 5641 daemonem

242 5652 618 5722 appellabant,
668 5654 811 5707 idem
852 5663 904 5709 et
926 5652 1274 5710 Zoroastretn
1317 5657 1558 5712 sensisse
1601 5657 1695 5720 ait,
1731 5657 1825 5724 qui

244 5724 427 5797 ἐκάλει
479 5724 725 5797 τὸνμὲν
772 5724 897 5797 (δε.
959 5724 1162 5797 bonum
1211 5727 1466 5797 genium)
1521 5727 1829 5797 Ὡρομάζην

246 5808 338 5880 seu
407 5793 787 5880 Ὠρομάσδην·
851 5793 944 5880 rex
994 5793 1053 5880 δὲ
1118 5793 1233 5879 (se.
1297 5793 1508 5880 malum
1562 5793 1821 5880 genuini)

259 5863 629 5936 Ἀρειμάνιον·
682 5863 846 5935 μέσον
898 5863 955 5917 δὲ
1008 5866 1212 5935 ἀμφοῖν
1262 5865 1352 5919 τὸν
1392 5863 1607 5938 Μίθραν
1656 5863 1813 5922 εἶναι.

2911 4878 3099 4951 εσίτην
3139 4876 3518 4951 ὀνομάζουσιν.

2003 4964 2026 4993 ο
2063 4953 2190 5006 Σὺν
2217 4947 2373 5020 αὐτῇ
2402 4947 2807 5006 κατέκαυσαν.
2860 4947 3139 5020 Georgius,
3168 4947 3345 5018 inquit
3390 4947 3521 5017 Epi-

1932 5024 2187 5094 phanius,
2208 5025 2264 5076 in
2296 5023 2553 5077 camelum
2568 5022 2866 5094 impositus.
2892 5020 3533 5094 totaurbeiguominiose

1929 5091 2206 5148 traductus
2232 5104 2330 5147 est.
2371 5095 2447 5147 Ac
2475 5094 2703 5161 primum
2727 5092 2789 5143 ab
2812 5091 3091 5160 gentilibus
3118 5092 3521 5156 circumseptus,

1929 5182 1991 5218 ac
2016 5163 2184 5217 multa
2214 5180 2489 5233 perpessus
2543 5172 2592 5216 et
2646 5161 2875 5233 fustibus
2928 5176 3247 5233 percussus,
3309 5170 3538 5233 totaque

1928 5231 2453 5304 propemodum'urbe
2470 5242 2753 5295 tractatus,
2774 5233 2828 5285 in
2850 5232 2915 5285 iis
2937 5232 3212 5300 suppliciis
3228 5231 3527 5304 exstinctus

1928 5301 2042 5367 est:
2070 5321 2132 5357 ac
2152 5314 2269 5373 post
2300 5304 2501 5358 obitum
2535 5314 2914 5366 concrematas,
2933 5312 2981 5357 et
3004 5319 3121 5356 cum
3149 5301 3329 5355 multis
3364 5315 3521 5367 pecu-

1931 5376 2059 5428 dum
2083 5392 2143 5427 ac
2175 5376 2462 5428 bestiarum
2494 5374 2695 5427 ossibus
2727 5373 2779 5426 in
2801 5374 3027 5427 cinerem
3058 5373 3323 5426 redactus.
3356 5380 3516 5436 atque

1933 5446 1989 5498 in
2020 5455 2195 5499 ventos
2227 5446 2516 5511 dispersus.
2555 5442 2868 5506 Multitudo,
2902 5454 2958 5496 ut
2990 5442 3065 5495 ait
3095 5438 3521 5511 Amm.Marcel-

1932 5515 2098 5577 linus,
2117 5510 2550 5583 cineresproiecit
2576 5516 2626 5566 in
2648 5513 2871 5586 mare,id
2890 5523 3206 5575 metuens,ut
3226 5510 3515 5586 clamabat,

1930 5602 1993 5640 ne
2018 5587 2250 5640 collectis
2285 5578 2564 5651 supremis,
2588 5583 2724 5637 mdes
2765 5583 2848 5636 illi
2860 5593 3275 5642 exstruerentur,
3299 5590 3354 5631 ut
3389 5578 3514 5629 reli-

1931 5659 2071 5727 quis,
2103 5657 2191 5722 qui
2220 5656 2425 5710 deviare
2451 5674 2481 5727 α
2511 5654 3071 5727 religionecompulsi,
3103 5652 3361 5727 pertulere
3396 5661 3519 5698 cru-

1931 5722 2145 5780 ciabiles
2163 5743 2365 5795 plenas.
2391 5726 2625 5795 adusque
2649 5725 2937 5794 gloriosam
2964 5731 3178 5795 mortem
3199 5722 3528 5795 intemerata-

1932 5797 2036 5865 ﬁde
2085 5784 2369 5866 progressi,
2414 5806 2462 5866 et
2509 5784 3358 5866 nuncvgittartyres_appelluutur.
3390 5784 3533 5841 llazc

1934 5861 2116 5924 autem
2150 5861 2420 5924 A'utonius
2451 5865 2579 5934 Pagi
2607 5864 2770 5921 refert
2793 5879 2938 5917 anno
2973 5861 3097 5915 562.
