4016 6350
293 382 392 437 583

1213 373 1568 432 JllSTORlA
1593 372 2157 432 ECCLESIASTICA.
2193 404 2264 418 -
2302 372 2430 430 LIB.
2473 372 2560 430 lll.

3449 366 3557 426 386

289 483 728 556 πολιτικώτερον,
785 485 920 540 ἀλλὰ
962 486 1037 557 μὴ
1087 488 1550 559 τυραννικώτερον
1593 487 1861 559 πόρρωθεκ

1975 486 2356 542 Constantium
2430 487 2770 543 formidaret.
2840 482 3061 542 Scilicet
3129 482 3430 539 modestius
3491 498 3556 536 ac

287 575 675 647 προσεφέρετο.
705 577 923 631 Τούτων
943 573 1035 632 οὖν
1051 578 1235 633 ἐνεκεν
1261 579 1602 650 ὀργιζόμενοι
1621 580 1698 650 τῷ
1718 579 1872 642 Θεοῖς

285 668 462 738 ἐχθρῷ
497 668 766 741 Γεωργίῳ
792 711 810 735 ,
865 670 965 740 τὴν
1015 671 1168 743 ἱερὰν
1211 668 1368 736 αὖθις
1402 673 1661 742 ἐμιάνατε
1692 671 1867 737 πόλιν,

285 756 404 820 ἐξὸν
433 757 761 812 ύποὸάλλειν
795 758 958 814 αὐτὸν
989 763 1126 831 ταῖς
1174 761 1282 813 τῶν
1328 761 1597 814 δικαστῶν
1649 760 1866 832 ψήφοις.

284 845 438 899 Οὒτω
487 847 597 918 γὰρ
641 848 851 914 ἐγίνετο
885 848 952 903 ἂν
994 849 1056 902 οὐ
1093 850 1271 918 φόνος,
1321 849 1443 902 οὐδὲ
1476 851 1788 922 παρανομία
1809 850 1871 904 τὸ

285 937 517 1006 πρᾶγμα
545 953 560 968 ο
607 937 733 1009 δίκη
760 937 817 990 δὲ
843 936 1107 1010 ἐμμελὴς,
1141 938 1286 1008 ὑμᾶς
1320 939 1418 1009 μὲν
1442 938 1652 1008 aeson;
1690 938 1868 1010 πάντη

283 1029 648 1097 φυλάττουσα,
699 1032 1084 1103 τιμωρουμένη
1135 1033 1233 1103 μὲν
1259 1033 1351 1085 τὸν
1383 1033 1577 1086 ἀνίατα
1601 1033 1860 1103 δυσσεὸή⁶

285 1134 481 1181 σαντα,
533 1119 946 1188 σωφρονίζουσα
991 1119 1048 1173 δὲ
1093 1122 1218 1184 τοὺς
1240 1121 1427 1185 ἄλλους
1469 1123 1707 1188 πάντας,
1753 1123 1868 1175 ὅσοι

281 1208 385 1260 τῶν
428 1207 570 1263 θεῶν
618 1208 976 1279 ὀλιγωροῦσι,
1043 1211 1138 1264 καὶ
1189 1213 1412 1283 προσέτι
1464 1214 1562 1277 τὰς
1613 1214 1868 1278 τοιαύτας

284 1298 467 1361 πόλεις
493 1300 584 1351 καὶ
605 1301 733 1364 τοὺς
757 1299 1051 1366 ἁνθοῦντας
1079 1302 1140 1372 δή
1150 1321 1302 1374 μους,
1335 1306 1392 1358 ἐν
1408 1305 1582 1358 οὐδενὶ
1604 1305 1864 1360 τίθενται·

284 1389 387 1442 τῶν
415 1389 624 1443 ἑαυτῶν
665 1391 722 1443 δὲ
761 1391 1040 1446 ποιοῦνται
1087 1395 1360 1465 πάρεργον
1406 1395 1722 1460 δυναστείας
1769 1396 1868 1468 τὴν

285 1481 400 1532 κατ’
416 1479 642 1532 ἐκείνων
657 1480 932 1550 ὠμότητα.
953 1481 1335 1552 Παραϐάλλετε
1352 1483 1527 1538 τοίνυν
1542 1484 1742 1554 ταύτην
1762 1503 1865 1554 μου

281 1567 376 1636 τὴν
395 1566 710 1638 ἐπιστολὴν,
798 1568 978 1639 μικρῷ
1002 1569 1192 1641 πρώην
1219 1570 1506 1624 ἐπέστειλα
1529 1573 1662 1642 (28)’
1683 1573 1778 1627 καὶ
1805 1575 1867 1625 τὸ

282 1657 532 1728 διάφορον
563 1662 974 1732 κατανοήσατε,
1029 1663 1230 1726 πόσους
1274 1664 1371 1734 μὲν
1411 1664 1564 1734 ὑμῶν
1604 1665 1864 1728 ἐπαίνους

279 1748 515 1819 ἔγραφον
542 1750 684 1803 τότε.
712 1753 850 1806 Νυνὶ
876 1753 953 1820 δὲ,
987 1753 1062 1823 μὰ
1091 1755 1214 1818 τοὺς
1247 1756 1421 1820 θεοὺς,
1456 1756 1686 1824 ὀφείλων
1719 1758 1864 1826 ὑμᾶς

1975 579 2213 644 civilius,
2247 588 2564 636 non‘autem
2597 579 2886 651 tyrannico
2926 593 3077 632 more
3105 592 3230 647 erga
3263 592 3361 631 vos
3395 586 3554 629 antea

1973 686 2035 727 se
2073 682 2339 741 gesserat.
2371 671 2485 726 llas
2521 672 2688 743 igitur
2729 671 2800 725 ob
2849 684 3047 724 causas
3079 667 3339 723 adversus
3385 665 3556 721 Geor-

1972 763 2121 832 gium
2157 762 2264 818 diis
2299 762 2580 818 inimicum
2637 761 2718 814 ira
2780 759 3057 821 succensi,
3107 771 3318 812 sacram
3372 756 3556 810 denuo

1973 850 2162 905 urbem
2185 851 2393 907 scelere
2433 851 2736 921 polluistis,
2785 865 2910 904 cum
2961 848 3207 918 judicnm
3265 848 3556 903 sententiis

1970 957 2096 998 eum
2128 943 2400 1012 subjicere
2434 943 2642 997 liceret.
2691 941 2805 997 Hoc
2853 942 3000 996 enim
3044 949 3205 1010 pacto
3232 954 3332 993 nec
3355 940 3552 1005 caedes,

1970 1047 2072 1087 nec
2105 1033 2368 1103 iniquitas
2401 1032 2597 1089 fuisset
2631 1033 2761 1098 ulla,
2798 1032 2893 1087 sed
2938 1032 3120 1101 potius
3164 1031 3412 1086 absoluta
3458 1029 3554 1097 ju-

1971 1125 2117 1178 stitia
2146 1143 2158 1178 :
2189 1139 2309 1193 qua:
2331 1137 2428 1179 vos
2459 1121 2679 1194 quidem
2711 1123 2958 1179 insontes
2989 1137 3053 1176 ac
3087 1137 3256 1192 puros
3287 1122 3355 1176 ab
3402 1119 3553 1175 omni

1970 1217 2178 1271 scelere
2215 1224 2511 1280 servasset,
2563 1216 2714 1270 illum
2746 1231 2875 1271 vero
2919 1217 3014 1285 qui
3053 1214 3398 1284 inexpiabilia
3434 1227 3555 1269 sce-

1970 1303 2082 1358 lera
2131 1305 2502 1368 commiserat,
2546 1304 2852 1374 punivisset
2895 1321 2910 1358 :
2957 1320 3078 1374 quae
3128 1304 3364 1372 denique
3413 1303 3554 1356 alios

1967 1394 2326 1463 repressisset
2364 1409 2579 1460 omnes,
2616 1395 2708 1464 qui
2752 1396 2884 1450 deos
2918 1395 3254 1450 immortales
3309 1404 3554 1448 contem~

1969 1494 2130 1552 nunt,
2197 1493 2490 1557 tantasque
2530 1488 2696 1543 urbes
2739 1495 2794 1542 et
2844 1486 3102 1542 florentes
3152 1486 3384 1555 p0pulos
3451 1500 3553 1554 pro

1967 1575 2140 1630 nihilo
2167 1575 2390 1639 habent,
2419 1583 2474 1631 et
2499 1576 2878 1631 crudelitatem
2911 1589 3017 1645 qua
3052 1577 3106 1629 in
3139 1575 3262 1630 illos
3291 1574 3550 1640 saeviunt,

1966 1669 2116 1722 velut
2168 1667 2355 1722 ludum
2396 1668 2691 1737 quemdam
2727 1669 2984 1738 potentiae
3012 1682 3126 1722 suze
3165 1681 3290 1722 esse
3320 1667 3550 1721 ducunt.

1967 1759 2223 1816 Conferte
2257 1760 2424 1830 igitur
2448 1760 2591 1815 banc
2612 1761 2898 1832 epistolam
2920 1773 3096 1812 meam
3115 1773 3237 1812 cum
3265 1759 3354 1812 illa
3385 1772 3551 1828 quam

278 1841 554 1906 ἐπαινεῖν,
599 1843 660 1896 οὺ
701 1842 936 1912 δύναμαι
983 1845 1070 1898 διὰ
1115 1845 1216 1916 τὴν
1257 1846 1622 1917 παρανομίαν.
1675 1847 1861 1917 Τολμᾷ

1966 1854 2129 1922 paulo
2157 1861 2284 1908 ante
2316 1853 2385 1907 ad
2415 1868 2512 1908 vos
2541 1853 2687 1915 misi,
2714 1859 2768 1906 et
2789 1859 3057 1921 quantum
3089 1851 3231 1904 inter
3258 1865 3352 1904 eas
3379 1851 3552 1904 inter-

277 1931 446 2002 δῆμος
475 1932 666 2004 ὥσπερ
695 1935 746 1986 οἱ
794 1934 978 1999 κύνες,
1011 1936 1296 2007 ἄνθρωπον
1323 1938 1674 2008 σπαράττειν.
1727 1934 1862 1991 Εἶτα

277 2025 375 2078 οὐκ
406 2024 724 2094 αἰσχύνεται
747 2027 842 2079 καὶ
873 2026 1158 2096 φυλάττειν
1189 2027 1300 2097 (29)
1343 2028 1590 2100 καθαρὰς
1618 2030 1718 2094 τὰς
1750 2034 1864 2100 χεῖ-

280 2132 376 2186 ρας
408 2115 488 2178 ὡς
518 2117 818 2187 προσάγειν
867 2117 1006 2187 πρὸς
1047 2118 1178 2180 τοὺς
1211 2117 1396 2183 θεοὺς,
1450 2120 1681 2189 αἵματος
1731 2119 1863 2174 καθ-

276 2205 596 2276 αρευούσας.
674 2207 836 2260 Ἀλλὰ
876 2205 1148 2277 Γεώργιος
1183 2207 1333 2272 ἄξιος
1379 2194 1450 2278 ἦν
1503 2209 1597 2262 τοῦ
1639 2210 1864 2265 τοιαῦτα

276 2298 492 2352 παθεῖν.
520 2297 631 2350 Καὶ
653 2299 855 2350 τούτων
895 2299 1027 2361 ἴσως
1069 2297 1178 2367 ἐγὼ
1227 2299 1390 2368 φαίην
1414 2299 1480 2354 ἂν
1513 2301 1732 2372 χείρονα
1771 2303 1866 2355 καὶ

275 2392 600 2461 πικρότερα.
655 2391 766 2444 Καὶ
815 2391 883 2444 δι’
914 2392 1059 2461 ὑμᾶς
1085 2393 1258 2462 ἐρεῖτε
1283 2392 1428 2463 (50)·
1479 2394 1732 2465 σύμφημι
1770 2395 1865 2449 καὶ

273 2483 438 2546 αὐτός
459 2500 473 2513 ³
524 2483 656 2554 παρ’
687 2483 841 2553 ὑμῶν
868 2483 926 2536 δὲ
956 2485 1005 2536 εί
1042 2483 1253 2553 λέγοιτο
1276 2484 1434 2539 τοῦτο
1452 2526 1468 2552 ,
1521 2488 1704 2541 οὐκέτι
1733 2505 1864 2558 συγ-

272 2575 459 2645 χωρῶ.
486 2575 661 2644 Νόμοι
694 2573 806 2644 γὰρ
843 2574 974 2643 ὑμῖν
1011 2573 1147 2626 εἰσιν
1167 2613 1182 2638 ,
1231 2573 1324 2637 οὒς
1344 2576 1449 2646 χρὴ
1473 2575 1736 2645 τιμᾶσθαι
1759 2576 1864 2646 μά-

271 2669 430 2721 λιστα
467 2667 568 2737 μὲν
611 2666 719 2719 ὑπὸ
766 2667 982 2720 πάντων
1024 2666 1131 2736 ἰδίᾳ
1177 2666 1274 2720 καὶ
1298 2666 1646 2738 στέργεσθαι.
1714 2667 1862 2740 Πλὴν

268 2761 370 2812 ἐπε
381 2759 462 2830 ιδὴ
496 2758 788 2828 συμϐαίνει
806 2757 913 2810 τῶν
935 2757 1058 2811 καθ’
1082 2757 1312 2812 ἕκαστόν
1333 2775 1484 2821 τινας
1500 2761 1859 2828 παρανομεῖν,

268 2853 410 2908 ἀλλὰ
435 2852 508 2906 τὰ
543 2852 699 2906 κοινὰ
723 2851 855 2920 γοῦν
872 2851 1224 2922 εὐνομεῖσθαι
1248 2852 1380 2923 χρὴ,
1413 2853 1509 2905 καὶ
1543 2852 1862 2922 πειθαρχεῖν

266 2949 386 3010 τοῖς
421 2946 612 3016 νόμοις
667 2945 846 3015 ὑμᾶς,
902 2943 1108 3014 καὶμὴ
1159 2944 1518 3014 παραϐαίνειν
1547 2945 1756 3014 ὅσαπερ
1803 2945 1863 3012 ἐξ

267 3039 451 3110 ἀρχῆς
503 3035 764 3107 ἐνομίσθη
817 3034 1020 3098 καλῶς.
1091 3035 1392 3106 Εὑτύχημα
1437 3035 1660 3103 γέγονεν
1711 3037 1859 3105 ὑμῖν,

266 3131 464 3200 ἄνδρες
481 3127 878 3197 Ἀλεξανδρεῖς,
907 3128 994 3180 ἐπ’
1027 3127 1162 3197 ἐμοῦ
1216 3127 1612 3198 πλημμελῆσαι
1651 3125 1861 3179 τοιοῦτό

266 3239 349 3276 τοι
375 3198 514 3292 πρὸς
542 3221 708 3291 ὑμᾶς,
733 3220 792 3283 ὃς
819 3219 966 3277 αἰδοῖ
983 3221 1048 3290 τῇ
1080 3219 1215 3289 πρὸς
1241 3219 1334 3272 τὸν
1355 3219 1506 3283 Θεὸν,
1537 3219 1628 3271 καὶ
1658 3218 1744 3272 διὰ
1772 3218 1862 3272 τὸν
1889 3198 1932 3253 C

267 3315 499 3368 πάππον
529 3313 620 3366 τὸν
657 3312 789 3383 ἐμὸν
815 3312 910 3365 καὶ
940 3310 1230 3383 ὁμώνυμον
1255 3312 1392 3382 (51),
1421 3311 1480 3374 ὃς
1503 3306 1668 3382 ἦρξεν
1691 3311 1866 3380 αὐτῆς

264 3423 326 3460 τε
355 3405 668 3472 Αἰγύπτου,
712 3404 806 3457 καὶ
838 3403 938 3474 τῆς
976 3404 1249 3474 ὑμετέρας
1290 3403 1532 3466 πόλεως,
1573 3400 1864 3473 ἀδελφικὴν

267 3495 400 3565 ὑμῖν
430 3493 646 3547 εὔνοιαν
672 3493 961 3557 ἅποσὼζω.
999 3493 1072 3545 Τὸ
1096 3491 1206 3564 γὰρ
1236 3493 1334 3563 τῆς
1368 3492 1614 3558 ἐξουσίας
1657 3493 1862 3545 ἀκατα-

265 3587 559 3658 φρόνητον,
580 3586 755 3640 καὶτὸ
773 3585 1146 3656 ἀπηνέστερον
1162 3585 1254 3638 καὶ
1272 3583 1513 3652 καθαρὸν
1539 3584 1637 3654 τῆς
1658 3584 1858 3653 ἀρχῆς,

266 3677 465 3731 οὔποτε
494 3679 561 3732 ἂν
584 3677 647 3747 δή
658 3693 757 3747 μου
785 3675 1046 3748 περιιδεῖν
1068 3675 1323 3746 τόλμημα
1343 3674 1478 3744 (52),
1508 3672 1584 3745 μὴ
1605 3673 1856 3745 καθάπερ

263 3769 485 3840 νόσημα
514 3768 788 3840 χαλεπὸν,
838 3767 1148 3840 πικροτέρῳ
1189 3766 1519 3836 διακαθᾶραι
1555 3766 1854 3836 φαρμάκῳ.

268 3861 574 3932 Προσφέρω
593 3861 650 3914 δέ
672 3861 783 3931 ἐγὼ
801 3863 948 3932 ὑμῖν,
973 3861 1038 3912 δι’
1057 3860 1234 3931 ἇσπερ
1255 3859 1480 3927 ἔναγχος
1501 3857 1638 3928 ἐφην
1659 3858 1859 3922 αἰτίας,

265 3955 328 4006 τὸ
360 3955 832 4025 προσηνέστατον,
895 3954 1217 4024 παραίνεσιν
1263 3952 1356 4003 καὶ
1377 3950 1586 4018 λόγους.
1627 3949 1749 4019 Ὑφ’
1785 3942 1860 4003 ὧν

268 4037 327 4095 εὖ
361 4039 460 4096 οἷδ’
504 4044 586 4096 ὅτι
626 4044 883 4097 πείσεσθε
935 4043 1166 4115 μᾶλλον,
1220 4043 1364 4113 ἢπερ
1397 4040 1553 4104 ἐστὲ,
1607 4039 1858 4112 καθάπερ

267 4133 478 4200 ἀκούω,
507 4134 571 4188 τό
597 4152 658 4188 τε
690 4137 916 4207 ἀρχαῖον
956 4135 1253 4206 Ἕλληνες,
1285 4131 1379 4186 καὶ
1410 4131 1480 4185 τὰ
1504 4131 1598 4186 νῦν
1629 4132 1722 4186 ἐπὶ
1757 4132 1861 4202 τῆς

1966 1950 2061 2013 sit,
2087 1949 2455 2004 considerate.
2489 1948 2722 2014 Quantis
2745 1964 2842 2004 vos
2877 1947 3134 2003 laudibus
3163 1956 3294 2000 tunc
3319 1944 3547 2000 ornavi!

1962 2037 2119 2091 Nunc
2145 2053 2292 2102 vero,
2326 2053 2423 2108 per
2451 2039 2588 2092 deos
2638 2038 3001 2099 immortales,
3031 2050 3156 2090 cum
3194 2050 3293 2090 vos
3324 2035 3554 2090 laudare

1962 2128 2240 2194 deberem,
2273 2129 2346 2183 ob
2377 2127 2706 2198 gravitatem
2743 2127 2968 2181 admissi
3002 2125 3264 2181 facinoris
3286 2125 3340 2180 id
3375 2124 3555 2179 facere

1963 2234 2076 2272 non
2106 2233 2354 2287 possum.
2416 2217 2595 2272 Audet
2629 2217 2866 2287 populus
2911 2217 3086 2272 instar
3139 2231 3335 2270 canum
3371 2215 3553 2269 homi-

1965 2324 2089 2364 nem
2125 2309 2459 2378 discerpere.
2513 2307 2625 2363 Nec
2657 2309 2902 2378 posthaec
2935 2307 3142 2377 pudore
3185 2306 3419 2360 allicitur
3451 2323 3464 2360 :
3500 2312 3557 2360 et

1969 2416 2167 2456 manus
2196 2403 2354 2470 quasi
2408 2416 2576 2471 puras
2613 2407 2818 2467 servat,
2869 2409 2932 2454 ut
2979 2414 3074 2454 eas
3119 2400 3187 2454 ab
3219 2399 3370 2454 omni
3405 2398 3556 2453 caede

1963 2494 2209 2565 integras
2238 2493 2305 2548 ad
2335 2493 2469 2549 deos
2515 2492 2723 2549 tendat.
2752 2493 2971 2547 Atenim
3000 2492 3202 2564 dignus
3233 2498 3350 2546 erat
3381 2490 3555 2546 Geor-

1964 2585 2088 2656 gius
2116 2586 2208 2656 qui
2239 2586 2371 2640 talia
2412 2593 2717 2655 pateretur.
2746 2584 2884 2649 lmo,
2918 2583 3115 2649 fateor,
3176 2584 3264 2640 bis
3317 2584 3555 2640 fortasse

1962 2679 2218 2750 graviora
2259 2685 2314 2734 et
2345 2679 2653 2734 acerbiora.
2688 2679 2768 2732 Ac
2795 2678 2842 2733 si
2867 2683 3090 2748 propter
3111 2691 3206 2732 vos
3231 2676 3364 2733 illud
3399 2692 3553 2732 com-

1964 2771 2238 2827 meruisse
2269 2771 2543 2837 dixeritis,
2577 2769 2829 2839 equidem
2884 2769 3043 2824 vobis
3089 2772 3394 2837 assentiar;
3454 2772 3553 2828 sed

1966 2861 2014 2915 si
2053 2859 2309 2926 addatur,
2352 2875 2381 2913 a
2420 2861 2578 2915 vobis
2615 2861 2760 2914 istud
2808 2862 2914 2930 pati
2944 2861 3221 2926 debuisse,
3251 2861 3303 2915 id
3347 2878 3555 2933 nequa-

1964 2969 2128 3024 quam
2160 2955 2426 3010 concedo.
2465 2953 2606 3009 Sunt
2627 2955 2772 3009 enim
2808 2955 2966 3010 vobis
3008 2956 3157 3025 leges
3185 2971 3308 3025 quae
3329 2955 3400 3011 ab
3434 2970 3553 3010 om-

1965 3046 2125 3102 nibus
2155 3047 2409 3116 privatim
2433 3060 2498 3100 ac
2537 3045 2756 3116 publice
2778 3045 2883 3101 coli
2930 3055 3096 3116 atque
3142 3046 3426 3102 observari
3454 3047 3551 3101 de-

1965 3138 2115 3194 bent.
2146 3137 2304 3204 Quod
2333 3140 2378 3194 si
2404 3140 2716 3210 contigerit,
2747 3147 2809 3194 ut
2831 3155 2907 3195 ea:
2936 3154 2965 3192 a
2985 3139 3210 3208 privatis
3232 3139 3549 3196 hominibus

1965 3231 2260 3296 violentur,
2292 3241 2347 3286 at
2369 3233 2764 3303 rempublicam
2796 3233 2958 3288 bonis
3001 3231 3212 3305 legibus
3254 3234 3551 3302 gubernari

1965 3331 2201 3391 oportet,
2237 3339 2445 3393 vosque
2475 3325 2584 3379 illis
2610 3325 2994 3395 obtemperare
3023 3325 3203 3390 decet,
3238 3338 3339 3379 nec
3375 3333 3554 3379 trans-

1965 3414 2118 3482 gredi
2154 3429 2218 3469 ea
2245 3430 2368 3483 quae
2411 3416 2480 3470 ab
2540 3415 2697 3471 initio
2747 3416 3008 3486 praeclare
3051 3424 3180 3470 sunt
3219 3416 3546 3470 constituta.

1965 3501 2221 3557 Feliciter
2245 3505 2471 3560 omnino
2501 3505 2552 3559 id
2581 3505 2738 3560 vobis
2777 3506 2965 3568 cessit,
2989 3506 3135 3560 cives
3167 3504 3547 3571 Alexandrini,

1966 3592 2110 3663 quod
2146 3609 2230 3649 me
2274 3603 2535 3666 regnante
2573 3594 2890 3664 liujusmodi
2930 3593 3146 3648 facinus
3205 3593 3546 3660 admisistis;

1964 3686 2058 3754 qui
2085 3693 2198 3739 tum
2221 3687 2299 3741 ob
2331 3686 2694 3740 reverentiam
2730 3700 2858 3755 erga
2906 3684 3100 3749 Deum,
3156 3693 3266 3739 tum
3316 3693 3543 3756 propter

1964 3791 2127 3830 avum
2172 3791 2376 3839 meum,
2409 3784 2464 3831 et
2491 3778 2820 3832 avunculum
2853 3777 2985 3830 mibi
3015 3776 3421 3847 cognominem,
3451 3776 3548 3847 qui

1965 3864 2281 3920 universam
2307 3863 2604 3935 Egyptum
2641 3874 2695 3921 et
2723 3867 2996 3921 civitatem
3042 3872 3280 3921 vestram
3317 3867 3550 3921 admini-

1964 3956 2178 4023 stravit,
2217 3955 2517 4012 fraternam
2574 3973 2702 4027 erga
2739 3974 2838 4014 vos
2887 3959 3209 4014 charitatem
3242 3973 3546 4026 conservo.

1963 4045 2124 4102 Certe
2161 4055 2405 4116 potestas
2438 4063 2561 4118 qua:
2589 4049 2861 4102 contemni
2897 4064 2958 4104 se
2984 4064 3092 4104 non
3124 4049 3350 4118 patitur,
3377 4057 3431 4103 et
3458 4063 3547 4104 se-

1962 4152 2128 4193 verus
2171 4139 2332 4210 176
2374 4147 2540 4210 atque
2576 4139 2788 4210 integer
2828 4142 3206 4212 principatus,
3261 4153 3546 4210 nunquam

1438 4318 1710 4376 VALESII
1747 4317 2308 4376 ANNOTATIONES.

267 4479 565 4534 librorum.
631 4479 839 4536 Deinde
876 4477 1022 4549 quod
1065 4477 1368 4533 Artemium
1401 4475 1852 4549 ducemrmgypti

264 4558 518 4612 excusat,
557 4548 978 4620 perindequasi
1007 4549 1100 4603 ille
1127 4549 1361 4620 civiliter
1393 4548 1768 4620 acgmoderate
1796 4561 1857 4602 se

2035 4475 2147 4548 (5f)
2177 4476 2281 4530 Διὰ
2301 4474 2686 4548 τότ-πάππον
2727 4477 2835 4529 τὸν
2865 4475 3012 4545 ἐμὸν
3053 4477 3151 4531 καί
3205 4446 3545 4548 ὁμώνυμον.

1964 4544 2356 4620 Rectiusapud
2389 4545 2761 4620 Nicephorum
2795 4544 2995 4620 legitur
3013 4548 3106 4620 τὸν
3127 4544 3268 4602 θεῖον
3294 4550 3386 4602 τὸν
3403 4544 3546 4620 ἐμὸν

263 4622 529 4708 gessisset
556 4616 718 4702 initio
748 4616 1247 4708 administrationis
1282 4633 1414 4673 suas.
1442 4617 1598 4683 Quod
1633 4617 1855 4708 quidem
1889 4655 1933 4708 Β
1963 4617 2058 4708 κιαι
2098 4616 2404 4708 όμῴνρμον.
2428 4617 2709 4708 ΙυΙὶεψυΠι
2741 4618 2885 4708 enim
2916 4618 3172 4708 i‘ntelligit
3199 4616 3548 4708 exlprzefe'lcto

265 4687 736 4746 absurdissimum
771 4698 941 4752 esset,
996 4690 1041 4744 si
1071 4687 1325 4742 Julianus
1370 4703 1496 4741 eum
1529 4695 1850 4751 excusaret,

264 4776 430 4828 quem
463 4761 622 4828 quasi
655 4760 880 4813 noxium
911 4759 1090 4813 occidi
1113 4759 1378 4828 jusserat.
1419 4756 1478 4811 Si
1519 4757 1644 4824 quis
1687 4757 1854 4826 igitur

262 4832 583 4886 versionem
612 4839 862 4885 nostram
897 4830 1053 4899 sequi
1108 4829 1387 4891 maluerit,
1431 4828 1620 4899 _unica_
1636 4836 1852 4899 tantum

266 4901 540 4978 PaﬂiCII_|_a_
573 4901 876 4970 supplenda
910 4895 1124 4978 esthoc
1151 4899 1315 4952 modo
1347 4916 1387 4978 :n
1430 4895 1556 4978 ίσως
1602 4896 1658 4948 δὲ
1677 4897 1854 4978 Γεὼρ-

262 4966 382 5038 γιον
414 4966 657 5040 μᾶλλον(
679 4966 746 5024 et.
789 4979 1006 5034 caetera,
1038 4977 1111 5040 ut_
1137 4983 1322 5040 supra.
1350 4966 1766 5040 Petaviusgvero
1786 4966 1851 5040 in

265 5037 427 5096 notis
447 5041 516 5094 ad
555 5041 846 5110 epistolam
897 5041 1044 5094 illam
1085 5037 1311 5110 Juliani,
1349 5053 1419 5110 ex_
1443 5038 1852 5110 scriptiscodj—

264 5113 426 5197 ci‘bus
459 5106 624 5164 aliam
668 5114 878 5197 profert
911 5109 1354 5164 emendationem
1407 5106 1748 5177 lmjuSmodi,
1793 5107 1852 5170 ὃς

266 5182 429 5234 αὑτὸν
465 5182 904 5250 παρεφύλαττεν,
935 5189 1045 5233 etc.
1167 5249 1173 5250 γ
1393 5227 1397 5230 .

335 5252 450 5322 (28)
481 5245 596 5305 Ἦν
613 5245 808 5320 μικρῷ
837 5245 1045 5322 πρώην
1070 5249 1409 5322 ἐπέστειλα.
1452 5245 1638 5322 Μαείξῄ
1673 5249 1852 5322 placet

268 5318 450 5384 lectio,
489 5318 657 5392 quam
675 5318 742 5392 in
776 5318 966 5377 codice
984 5320 1302 5392 Florentino
1328 5329 1380 5373 et
1402 5323 1556 5392 apud
1578 5318 1850 5388 Nicepho-

270 5387 632 5466 rumjnv'eni,
741 5392 922 5466 μικρῷ
954 5391 1141 5466 πρώην
1174 5387 1486 5466 ἐπέστειλα..

341 5464 449 5534 (29)
492 5463 603 5517 Καὶ
638 5458 1074 5534 φυλάττειν-εἰη
1099 5458 1345 5534 epistolis
1372 5458 1572 5513 Juliani
1616 5458 1852 5514 Caesaris

269 5532 465 5604 legitur
499 5534 598 5588 καὶ
635 5533 914 5604 φυλάττει.
953 5532 1124 5598 Quam
1149 5533 1478 5604 scripturam
1505 5538 1732 5604 secutus
1767 5537 1854 5583 est

267 5601 481 5675 Ldngus
518 5601 798 5675 interpres
831 5601 1151 5675 Nicephori1
1188 5603 1262 5655 ita
1293 5611 1350 5654 ut
1387 5601 1652 5670 particula
1693 5615 1852 5670 nega-

266 5673 785 5730 tiva'subaudiatur
825 5674 932 5726 ἀπὸ
977 5673 1178 5725 κοινοῦ.

331 5749 443 5819 (50)
491 5745 607 5819 Καὶ
645 5743 735 5819 δι’
779 5743 934 5814 ὑμᾶς
975 5743 1179 5812 ἐρεῖτε.
1221 5741 1584 5799 Scribendum
1619 5748 1703 5800 est
1750 5739 1851 5796 κᾶν

260 5818 324 5873 δι’
341 5817 505 5891 ὑμᾶς
541 5817 743 5888 ἐρεῖτε.

1962 4686 2206 4756 Egypti,
2235 4686 2302 4741 de
2336 4703 2444 4756 quo
2476 4688 2645 4756 multa
2678 4687 2871 4741 scribit
2913 4686 3236 4744 Ammianus
3269 4686 3545 4744 Marcelli-

1963 4755 2089 4810 nus.
2124 4757 2181 4810 ln
2213 4755 2464 4826 epistolis
2494 4755 2692 4811 Juliani
2722 4764 2953 4826 utraque
2985 4757 3146 4811 lectio
3173 4759 3404 4812 habetur
3440 4760 3545 4815 hoc

1961 4826 2125 4880 modo
2158 4826 2292 4899 :_8_t&
2329 4828 2432 4899 τὸν
2453 4827 2676 4880 πάππον
2706 4827 2796 4880 τὸν
2827 4827 2960 4899 ἐμὸν
2986 4827 3088 4899 καὶ
3115 4829 3207 4880 τὸν
3235 4828 3374 4881 θεῖον
3405 4829 3546 4899 ὁμώ-
3613 4866 3616 4869 λ

1960 4914 2149 4968 νυμονἶ
2187 4896 2387 4968 Verum
2415 4897 2536 4968 llaec
2563 4898 2838 4966 scriptura
2866 4897 2998 4951 ferri
3027 4912 3133 4950 non
3182 4907 3393 4965 potest;
3441 4896 3544 4953 cur

1960 4966 2108 5021 enim
2137 4966 2242 5020 hoc
2270 4967 2660 5022 locoJulianus
2678 4982 2840 5020 avum
2864 4982 3022 5022 suum
3047 4970 3544 5024 commemoraret?

1959 5036 2119 5107 Certe
2149 5035 2489 5092 Sozomenus
2520 5039 2851 5107 scripturam
2889 5036 3185 5105 Nicephori
3225 5039 3540 5092 confirmat.

1959 5105 2052 5160 Sic
2082 5107 2229 5178 enim
2263 5108 2423 5162 habet
2452 5109 2504 5160 in
2547 5105 2670 5176 cap.
2720 5110 2750 5160 7
2776 5107 2869 5162 lib.
2906 5125 2937 5160 ν
2969 5127 2981 5162 :
3015 5109 3122 5159 Kal.
3152 5107 3249 5177 τὴν
3269 5110 3542 5178 τιμωρίαν

1958 5176 2357 5248 συνεχώρησεν,
2383 5179 2540 5240 αἰδοῖ,
2562 5177 2714 5248 φησὶ,
2737 5181 2803 5248 τῇ
2827 5178 2961 5248 πρὸς
2991 5176 3233 5248 Σάραπιν
3250 5176 3340 5230 τὸν
3361 5176 3544 5232 αὐτῶν

1955 5247 2262 5317 πολιοῦχον,
2301 5249 2392 5300 καὶ
2438 5247 2804 5316 Ἀλέξανδρον,
2844 5247 2936 5300 τὸν
2968 5247 3236 5317 οἰκιστὴν,
3279 5249 3372 5301 καὶ
3406 5248 3542 5302 Ἰου-

1954 5317 2132 5369 λιανὸν
2159 5317 2248 5368 τὸν
2279 5317 2442 5370 αὐτοῦ
2479 5318 2640 5380 θεῖον,
2673 5317 2865 5386 ὃςμπρὸ
2903 5318 3091 5370 τούτου
3126 5318 3402 5386 Αἰγύπτου
3449 5321 3544 5372 καὶ

1955 5387 2055 5456 τῆς
2100 5387 2506 5458 ξΑλεξανδρείας
2536 5389 2706 5457 αὐτῆς
2730 5383 2916 5458 ἦρξεν,
2948 5397 3055 5441 etc.

2029 5457 2140 5527 (5'2)
2161 5457 2363 5525 Δήμου
2398 5458 2545 5511 ἰδεῖν
2595 5457 2886 5526 τόλμημα.
2919 5458 2973 5510 In
3003 5458 3224 5527 optimis
3255 5457 3542 5512 codicibus

1958 5525 2280 5598 Flet-emine
2308 5537 2361 5581 et
2389 5528 2667 5582 Sfortiauo
2689 5525 2742 5582 et
2758 5525 2901 5598 apud
2931 5525 3302 5597 Nicephorum
3342 5529 3540 5595 legitur

1957 5597 2018 5667 δή
2031 5615 2130 5668 μου
2155 5598 2416 5668 περιιδεῖν
2439 5599 2712 5668 τόλμημα.
2745 5597 2801 5651 In
2824 5598 3055 5667 vulgatis
3082 5607 3264 5668 autem
3288 5598 3543 5651 editioni-

1957 5666 2062 5723 bus
2098 5666 2302 5721 Juliani
2327 5666 2708 5737 scripluinest
2744 5668 2903 5720 ἴδοιεν
2921 5666 3194 5737 τόλμημα.
3229 5666 3412 5737 Quare
3432 5683 3541 5737 non

1958 5739 2148 5792 dubito
2183 5740 2312 5806 quin
2342 5736 2694 5793 scribendum
2722 5740 2794 5795 sit
2825 5740 2928 5794 hoc
2956 5736 3110 5802 loco,
3130 5736 3324 5792 οὔποτε
3356 5736 3423 5792 ἂν
3443 5736 3542 5806 δή-

1962 5826 2064 5878 μου
2091 5809 2377 5880 περιίδοιεν
2396 5809 2670 5879 τόλμημα.
