4016 6350
478 355 584 412 537
1950 321 2296 383 soenms
2755 349 2776 356 ο-
3637 303 3747 359 588

480 471 759 542 negligere
789 464 929 521 solet
965 456 1236 531 ejusmodi
1273 452 1601 525 populorum
1654 445 1926 542 facinora,
1954 443 2048 500 sed

2190 437 2434 509 ὐγενείας
2472 435 2687 506 ἐκείνης
2713 432 2823 505 (55)
2877 431 3101 485 ὕπεστιν
3145 429 3275 496 ὑμῖν
3311 422 3589 491 ἀξιόλογος
3650 419 3750 473 καὶ⁵

483 523 747 632 tatiqtiam
783 570 1000 629 gravem
1041 551 1294 607 morbum
1335 543 1619 600 acerbiore
1653 539 2058 594 medicamento

2190 534 2408 594 ἐνναῖος
2451 531 2509 583 ὲν
2535 531 2601 600 τῇ
2637 527 2844 599 διανοίᾳ
2871 526 2966 580 καὶ
2996 525 3109 585 τοῖς
3138 523 3564 589 ἐπιτηδεύμασιν
3593 523 3621 567 ὁ
3645 529 3750 583 χα-

2321 624 2333 632 .
2449 623 2497 632 .-
2662 619 2718 632 Α.
2897 620 2922 632 «-
2989 617 3002 632 q
3087 617 3110 632 υ
3171 612 3275 632 "vn
3317 610 3562 632 __\!_..--
3597 607 3718 632 ’A‘i-

483 607 740 722 purgare.
783 607 920 717 ιἘςο
981 657 1112 699 vero
1167 639 1241 694 ob
1293 652 1388 692 eas
1443 647 1643 691 causas
1699 645 1838 701 quas
1878 641 2059 722 supra

2190 624 2402 695 ιακτήρ.
2449 619 2810 694 Προστεθήτω
2836 620 2949 682 τοῖς
2986 617 3139 686 ἐμοῖς
3167 612 3278 683 (54)
3314 610 3562 672 πολίταις
3597 607 3753 660 Ἀλε-

486 705 946 800 cetnvmemoravi,
998 733 1176 788 lenius
1235 729 1391 784 vobis
1453 723 1753 780 remedium
1802 721 2058 782 adhibeo,

2190 716 2503 787 ξανδρεῦσιν.
2542 711 2778 767 Τοιαῦτα
2813 711 2910 780 μὲν
2938 705 3030 763 οὖν
3057 710 3085 762 ὁ
3113 705 3382 777 βασιλεὺς.
3636 791 3660 806 .

487 796 793 889 sermonem
828 796 1036 884 scilicet
1068 835 1122 880 et
1187 819 1650 878 exhortationem.
1707 815 1918 882 Quibus
1959 811 2257 876 libentius,
2304 808 2383 862 uti
2422 805 2660 874 conﬁdo,
2701 804 2962 877 parebitis
2999 821 3013 856 :
3059 800 3263 872 quippe
3295 796 3387 866 qui
3418 802 3472 850 et
3505 811 3534 848 a
3566 796 3751 889 prima

481 887 718 1001 origine,
760 935 819 982 ut
851 925 1046 989 audio,
1085 920 1260 976 Graeci
1291 919 1450 984 estis;
1496 923 1550 971 et
1601 915 1768 983 hujus
1822 909 2129 967 nobilitatis
2167 907 2440 961 illustrem
2503 910 2557 958 et
2609 903 2867 957 eximiam
2920 908 3103 952 notam
3138 897 3191 949 itt
3222 892 3431 1001 vestris.
3469 887 3753 944 mentibus

477 983 551 1079 .ac
573 983 784 1078 stud-iis
826 983 1122 1074 etiamnum
1160 983 1443 1068 retinetis.
1500 1007 1850 1079 Proponatur
1914 1003 2130 1058 civibus
2171 999 2308 1055 meis
2332 995 2741 1054 Alexandrinis.
2770 992 2950 1064 Atque
2987 992 3104 1045 haec
3132 993 3262 1043 sunt
3312 983 3380 1039 ab
3417 983 3753 1053 imperatore

488 1115 716 1185 scripta.

1133 1195 1284 1252 CAP.
1326 1193 1417 1249 IV.

492 1292 736 1361 Qualiter
768 1288 1129 1361 Athanasius,
1165 1287 1337 1361 occiso
1385 1282 1606 1354 Georgio
1630 1321 1644 1346 ,
1679 1273 2063 1361 Aleuundriam

699 1377 957 1426 reversus,
997 1357 1291 1412 Ecclesium
1321 1371 1476 1410 suam
1508 1357 1852 1420 recuperavit.

561 1511 720 1568 Haud
747 1512 921 1567 multo
966 1516 1114 1578 post,
1145 1506 1513 1564 Athanasium
1553 1505 1620 1560 ab
1651 1502 1848 1560 exsilio
1882 1516 2068 1558 rever-

2727 1173 2978 1228 ΚΕΦΑΛ.
3028 1174 3103 1226 Δ’.

2175 1271 2274 1336 Ὧς
2295 1267 2589 1337 Γεωργίου
2611 1265 3044 1337 ἀναιρεθέντος,
3069 1260 3755 1337 ΪΑθανάοξιοςκαι-ελθὼν

2235 1332 2320 1403 sic
2345 1332 2475 1404 τὴν
2495 1332 2880 1405 Ἑκκληοίίαν,
2921 1334 3034 1404 τῆς
3067 1333 3512 1402 Ἀλεξανδρείας
3535 1332 3752 1402 ἐγκρα-

2235 1411 2347 1477 τὴς
2379 1409 2636 1477 ἐγένετο.

2237 1500 2352 1553 Οὐκ
2382 1500 2460 1562 εἰς
2484 1498 2701 1569 μακρὰν
2716 1497 2815 1568 τῆς
2833 1495 3013 1567 φυγῆς
3033 1493 3360 1549 κατελθόντα
3373 1493 3748 1554 ’Δθανάσιονο,

492 1619 616 1659 sum
666 1601 1076 1656 Alexandrinus
1128 1598 1362 1668 populus
1410 1597 1643 1652 libenter
1693 1593 1966 1662 suscepit;
2012 1596 2069 1647 et

2190 1589 2418 1660 ισμένως
2447 1590 2476 1642 ὁ
2512 1588 2622 1642 τῶν
2667 1587 3058 1658 Ἀλεξανδρέων
3095 1586 3222 1650 λαὸς
3265 1586 3511 1652 ἐδέξατο·
3543 1583 3755 1654 egoen-

435 1689 449 1696 ’
492 1681 728 1749 Arianos
781 1692 1002 1761 quidem
1041 1689 1295 1747 ecclesiis
1339 1688 1536 1759 ejecit,
1584 1685 1888 1740 Athanasio
1938 1697 2068 1740 vero

2190 1700 2268 1738 παν
2317 1682 2438 1736 τότε
2476 1684 2541 1737 ἐκ
2592 1682 2697 1734 τῶν
2734 1679 3041 1752 ἐκκλησιῶν
3077 1679 3203 1742 τοὺς
3240 1677 3334 1731 τοῦ
3386 1675 3636 1748 Ἀριανοῦ
3665 1675 3753 1729 δός-

492 1801 589 1842 eas
619 1783 866 1839 tradidit.
919 1781 1094 1837 Porro
1133 1789 1318 1837 autem
1366 1778 1558 1833 Ariani
1602 1778 1660 1832 in
1698 1776 1908 1831 aedibus
1939 1775 2068 1846 qui-

2169 1791 2378 1846 γματος
2398 1790 2414 1806 ο
2452 1772 2806 1844 παραδιδόασι
2833 1772 2891 1825 δὲ
2937 1769 3238 1840 Ἀθανασίῳ
3270 1769 3398 1832 τοὺς
3429 1768 3756 1839 εὐκτηρίους

495 1877 728 1934 busdam
754 1876 954 1930 vilibus
1000 1881 1055 1930 et
1086 1871 1339 1928 obscuris
1379 1877 1688 1926 conventus
1723 1876 1966 1938 agentes,
2011 1865 2066 1919 in

2190 1865 2386 1929 ςόπους.
2419 1865 2483 1920 0i
2531 1864 2590 1918 δὲ
2637 1863 3081 1935 ἀρειανίζοντες,
3115 1862 3173 1914 ὲν
3218 1859 3482 1923 οἰκίσκοις
3518 1860 3756 1930 ἀσήμοις

499 1970 675 2024 locum
705 1967 926 2038 Georgii
954 1965 1184 2021 Lucium
1221 1966 1514 2035 quemdam
1542 1962 1970 2018 substituerunt.
2004 1957 2071 2012 Et

2190 1957 2529 2027 τυναγόμενοι
2550 1993 2566 2018 ,
2607 1929 2690 2018 είς
2712 1953 2874 2007 τόπον
2901 1951 3175 2022 Γεωργίου
3212 1947 3440 2003 Λούκιον
3473 1929 3757 2020 προχειρί-

498 2060 842 2116 Alexandria:
865 2059 1088 2130 quidem
1125 2058 1216 2114 hic
1258 2071 1444 2113 rerum
1489 2063 1665 2112 status
1705 2061 1838 2108 tunc
1869 2059 2073 2122 tempo-

500 2155 580 2210 ris
611 2152 735 2208 fuit.

1143 2237 1300 2297 CAP.
1349 2236 1414 2291 ν.

822 2372 829 2378 ι
924 2331 1002 2387 De
1025 2329 1272 2400 Lucifero
1302 2339 1352 2384 et
1381 2328 1625 2382 Eusebio.

572 2422 776 2479 Eodem
811 2429 1060 2493 tempore
1103 2419 1327 2475 Lucifer
1353 2428 1410 2474 et
1442 2417 1736 2485 Eusebius,
1781 2417 2077 2487 imperato-

503 2515 582 2570 ris
611 2515 771 2583 jussu
802 2515 872 2569 ab
901 2513 1097 2569 exsilio
1117 2512 1360 2569 revocati
1391 2519 1522 2568 sunt
1546 2524 1564 2563 :
1596 2523 1831 2589 quorum
1856 2505 2076 2571 Lucifer

503 2605 761 2675 quidem,
811 2603 1024 2661 Caralis
1079 2619 1204 2675 qua:
1250 2604 1386 2659 urbs
1441 2610 1528 2658 est
1583 2599 1889 2665 Sardinia,
1955 2607 2079 2656 erat

504 2698 826 2767 episcopus;
857 2695 1127 2753 Eusebius
1145 2709 1278 2752 vero
1305 2693 1699 2760 Vercel'arum,
1732 2708 1853 2763 qua:
1881 2692 2077 2748 civitas

509 2787 667 2856 177
688 2795 771 2841 est
800 2785 1060 2858 Ligurum
1103 2785 1162 2841 in
1203 2785 1385 2848 Italia,
1422 2791 1483 2838 ut
1520 2784 1691 2840 etiam
1737 2792 1899 2838 antea
1940 2782 2074 2838 dixi.

503 2877 681 2935 Ambo
734 2875 919 2947 itaque
970 2891 1038 2932 ex
1097 2875 1371 2946 superiori
1431 2873 1707 2931 Thebaide
1759 2874 1831 2930 ab
1884 2874 2079 2929 exsilio

505 2966 823 3030 redeuntes,
876 2965 1171 3022 consilium
1222 2965 1371 3020 inter
1421 2979 1477 3020 se
1528 2963 1792 3031 inierunt,
1839 2977 2076 3033 quonam

504 3044 667 3110 modo
711 3055 1100 3111 ecclesiasticis
1139 3053 1351 3125 legibus
1395 3052 1802 3118 subvenirent,
1842 3066 1944 3108 nec
1983 3066 2077 3109 eas

504 3147 701 3202 violari
729 3148 952 3219 impune
984 3153 1324 3219 paterentur.

1151 3235 1304 3291 CAP.
1347 3234 1436 3288 Vl.

509 3330 784 3400 Quomodo
819 3319 1044 3386 'Lucifer
1095 3326 1391 3383 Antiochia
1438 3324 1733 3380 Paulinum
1787 3324 2074 3412 ordinavit.

575 3483 792 3539 Placuit
829 3482 1012 3553 ‘igitur
1054 3489 1114 3535 ut
1165 3478 1385 3536 Lucifer
1427 3479 1650 3549 quidem
1731 3478 2078 3535 Antiochiam

510 3575 956 3646 proficisceretur
976 3610 991 3635 ,
1027 3569 1301 3626 Eusebius
1345 3577 1525 3624 autem
1556 3570 1944 3626 Alexandriam
1979 3589 1993 3626 :
2024 3581 2084 3626 ut

511 3683 619 3722 una
658 3682 783 3721 eum
819 3664 1121 3719 Athanasio
1146 3661 1414 3734 synodum
1444 3671 1861 3740 congregantes,
1894 3661 2084 3719 Eccle-

2174 2046 2375 2112 ζονται.
2421 2046 2509 2098 Ἐν
2550 2044 2774 2115 τοιαύτῃ
2823 2042 2922 2113 μὲν
2949 2041 3016 2112 δὴ
3041 2041 3372 2096 καταστάσει
3395 2039 3464 2094 τὰ
3484 2039 3627 2094 κατὰ
3654 2038 3755 2110 τὴν

2187 2136 2594 2208 Ἀλεξάνδρειαν
2617 2132 2709 2207 ἦν.

2774 2226 3025 2280 ΚΕΦΑΛ.
3078 2225 3156 2283 Ε’.

2452 2322 2593 2389 Περὶ
2616 2320 3004 2388 Λουκίφερος,
3027 2318 3126 2372 καὶ
3156 2319 3472 2372 Εὐσεϐίου.

2259 2412 2350 2467 Ἑν
2387 2412 2444 2466 δὲ
2475 2413 2540 2482 δὴ
2577 2412 2713 2483 τῷδε
2736 2411 2814 2482 τῷ
2846 2412 3023 2488 χρόνῳ
3037 2409 3314 2482 Λούκιφερ
3349 2411 3443 2463 καὶ
3472 2408 3756 2474 Εὐσέϐιος,

2177 2506 2561 2577 προστάγματι
2585 2505 2680 2560 τοῦ
2699 2505 2982 2575 βασιλέως,
3001 2506 3099 2576 τῆς
3127 2504 3340 2576 ὲξορίας
3361 2503 3753 2575 ἁνακέκληντοο

2178 2597 2454 2668 Λούκιφερ
2488 2597 2586 2667 μὲν
2624 2596 2894 2667 Καράλων
2931 2597 3227 2660 ἐπίσκοπος
3263 2594 3284 2635 ί
3307 2637 3322 2662 ,
3351 2596 3386 2666 ἦ
3431 2598 3546 2650 ἐστι
3601 2595 3760 2657 πόλις

2176 2688 2509 2761 Σαρδανίαςο
2572 2687 2833 2751 Εὐσέϐιος
2862 2687 2920 2741 δὲ
2948 2687 3260 2757 Βρεκέλλων
3278 2703 3293 2718 ο
3348 2686 3502 2749 πόλις
3530 2686 3588 2739 δὲ
3617 2683 3761 2756 αὕτη

2177 2781 2287 2834 τῶν
2310 2783 2366 2834 ὲν
2392 2779 2591 2851 Ἰταλίᾳ
2623 2779 2857 2848 Λιγύων,
2881 2779 2956 2842 ὥς
2994 2779 3199 2851 μοικαὶ
3226 2778 3486 2850 πρότερον
3519 2777 3758 2848 εἴρηται.

2182 2873 2384 2942 Ἄμφω
2411 2866 2502 2926 οὖν
2532 2869 2640 2924 τῶν
2680 2870 2793 2924 ἄνω
2817 2870 3013 2940 Θηϐῶν
3047 2869 3147 2940 τῆς
3172 2869 3387 2940 ἐξορίας
3425 2868 3760 2930 ἐπανιόντες,

2182 2962 2481 3033 σύμϐουλον
2511 2962 2790 3016 ἐποιοῦντο
2821 2962 2955 3033 (55),
2985 2961 3106 3016 τίνα
3147 2961 3348 3032 τρόπον
3385 2960 3476 3014 τὸν
3501 2960 3600 3030 τῆς
3639 2959 3766 3013 Ἐκ·

2181 3055 2409 3127 κλησίας
2439 3055 2642 3110 κανόνα
2669 3054 3112 3126 διαφθειρόμενον
3144 3054 3220 3126 μὴ
3248 3052 3570 3124 παρίδωσιν.

2783 3234 3032 3288 ΚΕΦΑΛ.
3083 3234 3174 3299 ς’.

2194 3325 2292 3391 Ὠς
2319 3324 2614 3394 Λούκιφερ
2641 3325 2712 3379 ἐν
2738 3323 3069 3392 Ἀντιοχείᾳ
3097 3323 3438 3393 γενόμενος,
3458 3318 3768 3376 Παυλῖνον

2742 3395 3218 3463 ἐχειροτόνησεν.

2254 3486 2457 3540 Ἐδόκει
2483 3481 2595 3551 οὖν,
2614 3485 2926 3557 Λουκίφερα
2962 3485 3060 3556 μὲν
3093 3486 3184 3540 ἐπὶ
3213 3486 3310 3558 τὴν
3337 3486 3534 3557 Συρίας
3563 3487 3770 3541 Ἀντιό-

2185 3594 2335 3646 χειαν
2368 3577 2793 3649 παραγενέσθαι,
2824 3576 3082 3631 Εὐσέϐιον
3106 3578 3164 3632 δὲ
3194 3580 3282 3632 ἐπ’
3322 3579 3764 3652 Ἀλεξάνδρειαν

2188 3668 2339 3730 ὅπως
2375 3666 2442 3720 ἂν
2472 3666 2685 3721 σύνοδον
2723 3666 3151 3741 ἆμαἈθανασίῳ
3173 3669 3546 3742 ἀθροίσαντες,
3573 3674 3643 3726 τὰ
3667 3675 3769 3745 τῆς

1675 3801 1950 3858 VALESII
1990 3803 2550 3863 ANNOTATIONES.

582 3916 694 3987 (55)
737 3914 869 3970 Ἐπὶ
902 3913 1014 3983 τῆς
1039 3914 1344 3987 εὐγενείας
1371 3913 1636 3987 ἐκείνης.
1659 3914 1869 3987 Procul
1908 3915 2079 3987 dubio

511 3984 868 4058 Scribendutn
899 3995 984 4058 est
1016 3986 1109 4039 καὶ
1132 3984 1322 4058 ⁸τανῦν
1355 3985 1437 4058 ἔτι
1475 3985 1575 4055 τῆς
1606 3986 1896 4058 εὐγενείας
1937 3985 2082 4058 exei-

509 4075 606 4129 νης
667 4053 1071 4129 ὕπεστιν,ὀῑο.
1121 4053 1276 4129 Quod
1339 4053 1637 4129 mirou‘ab
1685 4053 2082 4129 interpretibus

511 4123 953 4181 animadversum
985 4140 1096 4196 non
1128 4126 1320 4196 fuisse.
1363 4123 1419 4196 ln
1452 4124 1693 4180 editione
1721 4123 1945 4196 opei'un)
1981 4125 2083 4180 Ju-

509 4197 643 4250 liani
680 4197 881 4263 legitur
896 4194 1017 4246 ἐπεὶ
1044 4196 1143 4265 τῆς
1164 4193 1463 4262 εὐγενείας,
1493 4195 1644 4263 gravi
1680 4193 1888 4250 errore.
1915 4194 2085 4250 Paulo

510 4275 638 4336 ante
671 4267 876 4336 oblitus
916 4267 1380 4336 l'ueram_m_onere
1399 4265 1901 4336 scribendumiesse
1929 4265 2085 4336 εἴπερ

511 4333 655 4396 ἐστέ,
692 4344 749 4387 ιιι
777 4333 975 4402 legitur
1007 4333 1150 4403 apud
1187 4331 1552 4403 Julianumet
1581 4334 1975 4403 Nicephorum.

584 4403 698 4470 (54)
731 4401 1119 4469 Προστεθήτω
1136 4401 1449 4470 τοῖς-ἐμοῖς.
1472 4401 1834 4458 Scribendum
1853 4404 2084 4458 omnino

510 4481 596 4526 est
621 4471 960 4541 προτεθήτω,
997 4479 1056 4524 ιιι
1087 4471 1252 4541 habet
1278 4472 1644 4539 Nicephorus.
1674 4473 1732 4527 Id
1756 4481 1860 4536 est,
1888 4488 2083 4541 propo-

513 4539 676 4596 natur
712 4539 910 4594 civibus
964 4541 1090 4594 meis
1129 4539 1523 4598 Alexandrinis.
1565 4541 1641 4596 De
1677 4542 1780 4596 hac
1834 4539 2082 4598 clausula

511 4627 635 4680 quae
668 4609 1041 4678 imperatoriis
1067 4609 1268 4665 edictis
1299 4611 1500 4680 apponi
1523 4612 1755 4676 solebat,
1783 4613 1955 4666 multa
1987 4613 2089 4667 ob-

515 4680 730 4735 servavi
760 4682 814 4734 in
856 4681 1318 4752 Annotationibus
1346 4680 1697 4746 Eusebianis,
1729 4697 1854 4752 quae
1883 4682 1972 4740 hic
2003 4699 2091 4740 re-

510 4760 702 4821 petere
719 4749 1057 4821 superlluum
1088 4751 1242 4821 duxi.

586 4820 696 4889 (35)
728 4819 1088 4888 Συμόουλὴν
1135 4820 1468 4876 ἐποιοῦντο.
1505 4819 1624 4875 Non
1663 4820 1769 4876 soli
1816 4819 2090 4879 Eusebius

508 4903 581 4944 ac
603 4890 844 4956 Lucifer,
873 4891 943 4946 de
997 4890 1304 4960 reparando
1332 4891 1708 4947 Ecelesiarum
1757 4899 1902 4947 statu
1936 4903 1992 4948 et
2021 4895 2090 4950 de

2184 3920 2513 3976 stabilienda
2554 3920 2676 3976 fidei
2742 3921 2928 3991 regula
2989 3923 3283 3977 consilium
3343 3923 3630 3991 inierunt;
3667 3927 3764 3981 sed

2185 3991 2278 4063 alii
2346 4000 2613 4063 praeterea
2673 3993 2939 4061 episcopi,
2996 3994 3092 4060 qui
3155 3992 3358 4047 Juliani
3403 3997 3764 4063 imperatoris

2185 4060 2367 4114 edicto
2397 4069 2531 4115 tunc
2560 4062 2629 4115 ab
2650 4063 2848 4116 exsilio
2878 4063 3116 4117 revocati
3154 4072 3284 4118 sunt
3323 4082 3336 4116 :
3370 4060 3616 4119 Hilarius
3653 4067 3765 4121 sci-

2187 4130 2334 4192 licet,
2359 4131 2612 4185 Asterius
2633 4139 2687 4184 et
2715 4132 2932 4198 reliqui,
2967 4142 3025 4185 ut
3051 4142 3198 4186 recte
3223 4142 3371 4186 notat
3389 4133 3766 4190 Theodorittts

2190 4198 2244 4252 in
2290 4200 2433 4268 libro
2459 4215 2541 4266 ιιι,
2573 4215 2696 4268 cap.
2728 4201 2782 4253 4.
2813 4201 2914 4266 Qui
2968 4201 3085 4255 zelo
3126 4203 3412 4257 catholica:
3461 4204 3584 4256 fidei
3635 4220 3766 4259 suc-

2190 4265 2365 4332 censi,
2401 4265 2686 4324 haereticos
2713 4279 2768 4323 et
2803 4265 3185 4325 schisntaticos
3207 4273 3272 4325 ad
3300 4273 3548 4328 veritatis
3570 4275 3765 4328 trami-

2192 4346 2300 4393 tem
2338 4341 2620 4408 reducere,
2656 4340 3049 4408 etpristinatn
3091 4342 3442 4396 concordiam
3501 4359 3767 4399 revocare

2190 4408 2568 4479 instituerunt.
2592 4407 2748 4474 Quod
2775 4424 2902 4479 ergo
2935 4409 3203 4465 liaroniits
3245 4411 3342 4475 ait,
3367 4410 3665 4467 Eusebium
3702 4429 3767 4468 ac

2190 4477 2507 4548 Luciferum
2544 4479 2752 4548 legatos
2795 4477 3116 4548 apostolicae
3147 4480 3294 4535 sedis
3325 4491 3544 4536 creatos
3572 4499 3699 4538 esse
3733 4500 3765 4538 a

2189 4547 2409 4604 Liberio
2441 4548 2507 4602 ad
2542 4547 2909 4618 reparandum
2946 4548 3201 4604 Ecclesia:
3223 4557 3453 4615 statum,
3486 4552 3540 4604 id
3571 4569 3762 4607 verum

2189 4632 2312 4687 esse
2342 4633 2450 4672 non
2486 4617 2685 4687 potest.
2717 4617 2864 4673 Idem
2896 4621 3040 4674 enim
3075 4619 3366 4673 dicendum
3399 4632 3548 4676 esset
3578 4623 3649 4676 de
3672 4623 3766 4675 Hi-

2189 4686 2327 4758 lario
2351 4703 2416 4743 ac
2447 4686 2696 4758 reliquis.
2743 4689 2897 4743 Adde
2935 4693 3079 4758 quod
3111 4689 3340 4745 Rufinus
3406 4690 3509 4744 hoc
3555 4692 3767 4747 diserte

2190 4755 2417 4828 refellit.
2456 4755 2665 4813 Scribit
2711 4759 2859 4811 enim
2896 4755 3223 4828 legationem
3260 4761 3402 4814 hanc
3433 4760 3675 4816 Eusebio
3712 4771 3766 4816 et

2191 4826 2411 4881 Asterie
2441 4828 2748 4897 iniunctam
2783 4844 2907 4884 esse
2946 4826 3014 4883 ab
3050 4829 3422 4885 Alexandrina
3455 4831 3692 4902 synodo.

1899 5021 2290 5082 VARIORUM.

591 5147 615 5175 ο
642 5133 754 5202 Τῆς
795 5133 992 5210 φυγῆς
1015 5137 1376 5210 κατελθόντα
1417 5136 1782 5194 Ἀθανὰσιον.
1817 5137 1944 5195 Post
1979 5155 2084 5210 pu-

508 5202 1030 5276 blicatumiluliani
1063 5208 1320 5268 edictum,
1353 5223 1462 5276 quo
1492 5210 1776 5265 exsulibus
1817 5202 2082 5266 redeundi

514 5283 785 5357 potestas_
820 5283 957 5335 erat.
1004 5275 1762 5357 Athanasius_;Alexantlriaut
1812 5295 2085 5343 reversus,

511 5344 823 5420 ingenti_de
876 5359 1026 5420 more
1076 5347 1246 5420 plebis
1283 5349 1562 5420 catholicae
1605 5349 1805 5418 gaudio
1826 5360 2087 5420 exceptus

508 5415 620 5470 est.
648 5415 703 5468 ln
738 5415 883 5467 hunc
907 5416 1134 5468 reditum
1163 5415 1457 5484 Gregorius
1503 5415 1633 5472 Naz'.
1658 5434 1721 5472 ea
1751 5421 1933 5472 omnia
1961 5415 2090 5474 eon-

516 5485 644 5546 fert,
667 5501 788 5554 quae
812 5487 876 5537 ad
907 5487 1137 5538 reditum
1162 5489 1289 5555 anni
1311 5487 1412 5540 519
1435 5488 1730 5555 pertinent.
1761 5489 1816 5540 In
1847 5488 2089 5543 defuncti

509 5555 733 5624 Georgii
762 5555 939 5607 locum
961 5556 1195 5609 Arianos
1230 5554 1454 5608 Lucium
1492 5573 1604 5612 sua:
1637 5557 1891 5612 factionis
1917 5559 2088 5612 homi-

519 5641 639 5682 nem
688 5636 975 5692 coeptasse
1019 5635 1205 5678 narrat
1237 5624 1756 5680 SocratesxVerum
1789 5628 2091 5683 reclamare

516 5695 774 5747 videntur
804 5697 960 5748 Acta.
1001 5693 1230 5748 Joviano
1269 5694 1514 5763 principe
1549 5697 1718 5750 edita.
1748 5695 1863 5749 Non
1891 5697 2092 5752 dicitur

520 5766 664 5840 enim
695 5780 759 5820 eo
791 5763 908 5822 loco
939 5765 1172 5820 Arianos
1205 5768 1522 5836 episcopum
1552 5767 1657 5822 sibi
1704 5765 1931 5824 Lucium
1957 5782 2089 5823 con-

2187 5144 2456 5210 stituisse,
2483 5145 2578 5201 sed
2609 5145 2945 5201 constituere
2974 5145 3238 5198 voluisse.
3269 5143 3333 5198 Et
3369 5143 3605 5200 fortasse
3638 5159 3765 5200 cum

2187 5217 2239 5269 in
2265 5214 2478 5285 Georgii
2507 5216 2690 5271 sedem
2715 5215 2942 5270 Lucium
2975 5217 3272 5284 subrogare
3296 5217 3518 5276 vellent,
3541 5218 3766 5272 coerciti

2190 5301 2220 5338 a
2243 5285 2542 5340 Catholicis
2565 5286 2802 5350 fuerant,
2821 5299 3052 5355 quorum
3077 5287 3269 5354 ingens
3283 5292 3400 5355 erat
3424 5286 3770 5340 Alexandria:

2188 5357 2502 5426 multitudo.
2543 5357 2648 5426 (Cl.
2687 5356 2941 5410 monachi
2989 5355 3267 5410 Benedict.
3318 5354 3422 5408 Vit.
3452 5358 3765 5419 Athanasii,

2190 5425 2253 5479 ad
2275 5441 2416 5497 ann.
2453 5427 2602 5497 562.)

2268 5495 2286 5532 ί
2321 5492 2619 5564 Λούκιφερ
2652 5495 2942 5562 Καράλων
2967 5494 3318 5560 ἐπίσκοπος.
3352 5495 3574 5548 Lucifer
3609 5492 3770 5548 Cala-

2193 5565 2428 5628 ritantts,
2463 5567 2577 5620 sive
2605 5565 2953 5620 Caralitanus
2979 5566 3031 5618 in
3061 5564 3310 5618 Sardinia
3339 5568 3631 5635 episcopus
3657 5570 3770 5618 (-la-

2196 5639 2305 5689 ruit
2331 5636 2476 5690 circa
2513 5651 2640 5689 ann.
2700 5636 2824 5700 554,
2861 5636 3046 5690 eodem
3078 5645 3321 5704 tempore
3366 5651 3487 5688 cum
3538 5636 3770 5688 Eusebio

2198 5704 2578 5769 Vercellettsi,
2631 5706 2947 5760 eorumdcm
3010 5708 3256 5758 laborum
3287 5744 3302 5766 ,
3370 5706 3770 5769 certaminum,

2201 5776 2482 5845 itinerum,
2515 5785 2564 5833 et
2587 5777 2906 5832 exsiliorutn
2938 5789 3123 5831 comes
3147 5775 3257 5832 fere
3281 5775 3618 5840 individuus,
3647 5787 3767 5829 cum
