4016 6350
487 327 589 386 391

1933 311 2274 372 SOCBATIS

3653 312 3762 371 392

480 443 880 500 Convenerunt
913 449 1046 507 ergo
1065 449 1130 492 ex
1166 428 1408 489 diversis
1444 428 1770 486 civitatibus
1801 428 2069 501 episcopi,

2185 429 2445 502 Συνῆλθόν
2473 446 2533 484 τε
2562 431 2626 484 ὲκ
2654 428 2926 503 διαφόρων
2946 425 3155 481 πόλεων
3181 425 3491 492 ἐπίσκοποι,
3521 426 3764 499 καὶπερὶ

482 543 542 591 et
595 533 663 588 de
718 529 973 603 plurimis
1023 528 1190 583 rebus
1232 523 1390 579 valde
1441 521 1778 577 necessariis
1822 524 1968 577 inter
2009 537 2070 578 se

485 626 865 683 contulerunt.
899 623 976 675 Ac
1011 619 1188 676 sancti
1215 616 1436 688 quidem
1463 613 1703 684 Spiritus
1726 613 2070 668 divinitatem

487 717 598 772 illic
638 717 1026 776 asserucrunt,
1061 723 1188 764 eum
1220 708 1276 762 in
1305 705 1774 762 consubstantiali
1800 703 2073 760 Trinitate

490 804 1047 876 comprehendenles.
1078 800 1361 856 Christum
1385 812 1517 870 vero
1536 797 1812 852 hominem
1840 796 2069 861 factum,

398 916 400 918 '
487 915 600 953 non
628 909 852 953 carnem
897 892 1084 957 modo,
1133 891 1234 946 sed
1278 889 1519 944 animam
1564 888 1733 944 etiam
1774 888 2070 941 humanam

488 989 866 1058 assumpsisse
895 984 1367 1056 pronuntiarunt;
1392 996 1516 1053 quae
1543 980 1768 1052 quidem
1800 979 2072 1034 sententia

488 1080 618 1136 olim
656 1079 838 1133 fuerat
881 1076 1392 1132 ecclesiasticorum
1436 1074 1707 1127 virorum.
1756 1069 1880 1125 Non
1923 1069 2072 1124 enim

489 1185 688 1226 novam
724 1169 1022 1240 quamdam
1068 1166 1378 1221 doctrinam
1421 1179 1450 1218 a
1482 1179 1543 1219 se
1577 1164 1815 1235 primum
1854 1161 2074 1232 excogi-

490 1269 662 1316 tatam
700 1260 761 1314 in
794 1258 1102 1313 Ecclesiam
1134 1258 1464 1311 invexerunt
1494 1273 1508 1310 :
1541 1255 1639 1310 sed
1676 1269 1738 1309 ea
1769 1259 2072 1308 sanxerunt

491 1367 616 1422 quae
642 1358 697 1407 et
734 1350 1112 1406 ecclesiastica
1146 1347 1376 1402 traditio
1407 1346 1476 1401 ab
1501 1346 1661 1400 initio
1699 1344 1986 1408 docuerat,
2016 1338 2092 1398 et'

489 1442 939 1500 Christianorum
986 1439 1303 1512 philosophi
1342 1437 1677 1494 certissimis
1727 1435 2072 1504 argumentis

491 1541 872 1590 astruserant.
895 1532 976 1586 Ita
1005 1533 1155 1587 enim
1186 1545 1378 1586 omnes
1406 1530 1642 1600 antiqui,
1673 1530 1767 1599 qui
1791 1530 1892 1582 hac
1917 1527 1985 1582 de
2013 1541 2074 1582 re

492 1628 868 1696 disputarunt,
907 1638 1063 1679 suam
1105 1623 1270 1678 nobis
1308 1621 1636 1676 sententiam
1679 1618 1902 1688 scriptis
1947 1631 2073 1685 pro-

493 1719 665 1772 ditam
707 1716 1070 1785 reliquerunt.
1101 1712 1342 1768 lrenaeus
1391 1719 1542 1766 certe
1591 1718 1646 1766 et
1692 1709 1972 1773 Clemens,
2018 1714 2073 1762 et

2174 519 2448 575 πλείστων
2509 523 2606 575 καὶ
2660 519 3106 588 ἀναγκαιοτάτων
3161 515 3355 585 λόγους
3415 520 3760 589 ὲγύμνασαν.

2177 613 2346 666 Ἔνθα
2371 613 2467 666 καὶ⁵
2492 613 2553 665 τὸ
2575 613 2730 682 ἅγιον
2752 613 2977 684 Πνεῦμα
3007 614 3448 683 θεολογήσαντες,
3474 614 3541 682 τῇ
3567 613 3765 680 όμοου-

2176 705 2276 775 σίῳ
2307 704 2497 776 Τριάδι
2529 705 3085 776 συνανελαμϐἀνοντο.
3146 707 3258 760 Καὶ
3285 705 3378 759 τὸν
3408 703 3764 774 ὲνανθρωπήυ

2177 812 2346 851 σαντα
2366 838 2381 865 ,
2435 799 2498 850 οὐ
2534 798 2696 868 μόνον
2739 797 3027 869 ἐνσαρκον,
3057 798 3192 852 ἀλλὰ
3231 797 3328 851 καὶ
3365 794 3766 866 ὲμψυχωμένον

2173 889 2554 961 ἀπεφήναντο,
2647 889 2744 944 καὶ
2795 889 2962 944 πάλαι
2997 892 3109 955 τοῖς
3153 889 3626 960 ἐκκλησιαστικαῖς
3669 888 3767 940 ἀν-

2173 981 2364 1052 δράσιν
2395 980 2589 1036 ἐδόκει.
2647 983 2724 1035 Οὐ
2753 981 2862 1052 γὰρ
2897 981 3098 1051 νεαράν
3133 998 3257 1035 τινα
3306 980 3602 1053 θρησκείαν
3639 981 3767 1034 ὲπι-

2174 1072 2468 1141 νοήσαντες
2504 1074 2583 1136 είς
2614 1072 2712 1143 τὴν
2754 1071 3080 1141 Ἐκκλησίαν
3107 1074 3422 1144 εἰσήγαγον,
3454 1071 3589 1125 ἀλλά
3617 1071 3766 1142 ἅπερ

2174 1163 2234 1229 ἐξ
2267 1165 2442 1235 ἀρχῆς
2479 1164 2575 1217 καὶ
2604 1165 2638 1235 ή
2683 1163 3112 1236 ὲκκλησιαστικὴ
3143 1163 3438 1236 παράδοσις
3463 1162 3636 1231 έλεγε,
3666 1163 3767 1216 καὶ

2175 1254 2571 1319 ἀποδεικτικῶς
2609 1256 2760 1327 παρὰ
2787 1257 2898 1319 τοῖς
2922 1255 3264 1328 Χριστιανῶν
3310 1257 3496 1325 σοφοῖς
3517 1254 3766 1324 ἐφιλοσο-

2175 1349 2348 1416 φεῖτο.
2404 1345 2558 1400 Οὕτω
2585 1346 2694 1418 γὰρ
2721 1346 2926 1410 πάντες
2959 1349 3008 1400 oi
3042 1346 3384 1425 παλαιότεροι
3418 1347 3546 1418 περὶ
3567 1346 3764 1400 τούτου

2174 1437 2333 1506 λόγον
2357 1436 2766 1507 γυμνάσαντες,
2817 1436 3092 1508 ἔγγραφον
3121 1438 3254 1508 ἡμῖν
3283 1436 3592 1491 κατέλιπον.
3648 1437 3766 1490 Καὶ

2174 1530 2285 1600 γὰρ
2324 1528 2611 1599 Είρηναίός
2660 1545 2720 1580 τε
2765 1529 2858 1582 καὶ
2893 1529 3163 1600 Κλήμης,
3210 1527 3582 1597 Ἀπολινάριός
3631 1543 3692 1578 τε
3734 1527 3764 1579 ό

2185 1618 2583 1690 Ἱεροπολίτης,
2629 1617 2725 1671 καὶ
2773 1618 3068 1690 Σαραπίων
3115 1621 3144 1672 ό
3188 1617 3288 1688 τῆς
3342 1618 3402 1671 ὲν
3461 1616 3765 1688 Ἀντιοχείᾳ

2179 1707 2460 1780 προεστὼς
2480 1708 2794 1779 ἐκκλησίας,
2833 1709 3106 1780 Ἐμψυχον
3125 1709 3217 1762 τὸν
3243 1707 3762 1779 ὲνανθρωπήσαντα,

493 1805 830 1877 Apollinaris
859 1800 1325 1871 Hierapolitanus,
1348 1805 1402 1854 et
1427 1797 1692 1868 Serapion
1717 1797 2074 1851 Antiochenae

2185 1802 2231 1851 ὲν
2272 1801 2385 1862 τοῖς
2415 1799 2728 1870 πονηθεῖσιν
2761 1799 2946 1863 αὐτοῖς
2990 1799 3167 1868 λόγοις
3208 1799 3283 1862 ὡς
3331 1798 3765 1869 ὁμολογούμενον

497 1895 651 1950 urbis
696 1895 1015 1964 episcopus,
1068 1890 1358 1945 Christum
1403 1889 1498 1958 qui
1543 1889 1710 1943 homo
1747 1887 1926 1942 factus
1964 1894 2071 1951 est,

497 1987 682 2040 anima
745 1985 1033 2055 praeditum
1091 1982 1310 2050 fuisse,
1386 1981 1542 2036 velut
1603 1995 1717 2035 rem
1793 1979 2073 2034 communi

493 2081 742 2136 omnium
785 2092 1061 2133 consensu
1116 2085 1392 2146 receptam
1432 2074 1553 2130 suis
1597 2072 1652 2126 in
1707 2072 1867 2127 libris
1923 2086 2077 2127 asse-

497 2177 647 2224 runt.
712 2168 858 2233 Quin
913 2174 969 2222 et
1025 2165 1273 2237 synodus
1333 2179 1456 2234 quae
1514 2171 1739 2234 propter
1799 2162 2076 2233 Beryllum

497 2258 895 2328 Philadelphia:
927 2257 985 2310 in
1029 2255 1237 2310 Arabia
1265 2257 1587 2325 episcopum
1614 2253 1760 2308 facta
1795 2260 1903 2318 est,
1939 2253 2080 2308 scri-

496 2351 636 2408 hens
664 2350 731 2404 ad
758 2347 1011 2404 eumdem
1049 2347 1352 2419 Beryllum,
1374 2345 1562 2400 eadem
1594 2344 1846 2400 tradidit.
1885 2343 2078 2415 Orige-

497 2457 599 2498 nes
653 2419 873 2510 quoque
928 2438 986 2492 in
1050 2437 1315 2492 omnibus
1351 2435 1529 2490 -libris
1575 2435 1732 2500 suis,
1797 2435 2079 2490 Christum

497 2533 780 2589 hominem
821 2530 1032 2584 factum
1073 2529 1261 2584 anima
1302 2527 1766 2599 praeditum-esse
1806 2528 2076 2596 agnoscit.

502 2625 612 2681 Sed
664 2621 982 2694 specialiter
1036 2621 1092 2674 in
1145 2634 1294 2674 nono
1352 2617 2081 2674 mmo—Commentariorum

500 2731 642 2786 quos
671 2713 898 2784 scripsit
941 2713 999 2767 in
1034 2712 1316 2776 Genesim,
1353 2709 1522 2780 hujus
1554 2709 1632 2766 rei
1671 2719 2080 2767 sacramentum

497 2807 728 2876 exponit
759 2818 912 2875 :quo
941 2803 1063 2859 loco
1097 2802 1368 2857 Adamum
1403 2801 1623 2871 quidem
1653 2799 1882 2865 Christi,
1915 2801 2082 2856 Evam

501 2905 689 2952 autem
725 2896 991 2951 Ecclesiae
1041 2903 1229 2967 typum
1263 2909 1451 2964 gerere
1487 2893 1738 2964 pluribus
1771 2894 1955 2949 verbis
1987 2909 2080 2950 as-

501 2987 704 3042 seruit.
731 2984 908 3056 Hujus
943 2985 1022 3040 rei
1047 2992 1211 3040 testes
1234 2992 1365 3040 sunt
1391 2983 1813 3053 locupletissimi
1837 2984 1894 3042 S.
1921 2984 2083 3040 Pam-

500 3080 706 3149 philus,
745 3085 802 3132 et
833 3077 930 3148 qui
969 3076 1040 3130 ab
1085 3075 1179 3130 illo
1219 3089 1524 3146 cognomen
1576 3076 1748 3130 traxit
1783 3075 2078 3133 Eusebius.

499 3169 676 3223 Ambo
716 3167 868 3223 enim
909 3181 1033 3221 cum
1069 3163 1234 3220 simul
1265 3164 1444 3234 juncti
1480 3164 1648 3218 vitam
1676 3164 1934 3236 Origenis
1960 3181 2085 3222 con-

504 3259 837 3322 scriberent,
886 3263 942 3311 et
983 3255 1054 3310 iis
1089 3255 1183 3324 qui
1231 3268 1300 3308 ex
1339 3252 1640 3321 anticipata
1683 3255 1921 3324 quadam
1965 3255 2086 3325 Opi-

501 3351 669 3405 nione
692 3363 819 3404 eum
841 3346 1264 3411 aversabantur,
1282 3343 1704 3413 responderent,
1723 3344 1778 3398 in
1803 3345 2083 3414 praeclaris

504 3439 617 3493 illis
644 3437 800 3492 libris
827 3450 973 3506 quos
1012 3450 1113 3504 pro
1145 3435 1270 3504 ejus
1314 3432 1636 3488 defensione
1662 3434 2080 3502 elucubrarunt,

503 3527 795 3600 Origenem
829 3541 938 3581 non
960 3527 1197 3600 primum
1226 3525 1283 3581 in
1311 3523 1418 3580 hoc
1443 3533 1770 3596 argumento
1802 3536 2083 3583 versatum

2175 1890 2358 1953 αὐτοῖς
2380 1890 2492 1960 (37)
2529 1890 2847 1958 φάσκουσιν·
2882 1891 2942 1944 οὑ
2973 1890 3079 1962 μὴν
3106 1890 3241 1944 ἀλλὰ
3263 1893 3356 1944 καὶ
3381 1893 3415 1961 ή
3445 1891 3531 1944 διὰ
3551 1891 3767 1962 Βήρυλ-

2174 1981 2263 2034 λον
2291 1981 2384 2034 τὸν
2417 1980 2769 2050 Ψιλαδελφίας
2794 1981 2902 2053 (58)
2944 1982 3043 2051 τῆς
3085 1984 3143 2036 έν
3188 1983 3415 2054 Ἀραϐία
3462 1984 3768 2037 ἐπίσκοπον

2174 2069 2441 2141 γενομένη
2470 2070 2704 2137 σύνοδος,
2729 2073 3016 2144 γράφουσα
3039 2071 3315 2144 Βηρύλλῳ,
3334 2073 3403 2126 τὰ
3419 2074 3557 2127 αὐτὰ
3583 2091 3768 2145 παρα-

2175 2163 2427 2218 δέδωκεν.
2469 2164 2750 2240 Ὠριγένης
2777 2163 2834 2217 δὲ
2872 2164 3146 2234 πανταχοῦ
3171 2164 3271 2235 μὲν
3301 2167 3360 2218 ὲν
3386 2167 3498 2229 τοῖς
3525 2165 3768 2236 φερομέ-

2175 2272 2287 2318 νοις
2319 2254 2483 2308 αὐτοῢ
2529 2255 2788 2326 βιϐλίοις,
2839 2255 3079 2326 ἔμψυχον
3129 2255 3221 2308 τὸν
3268 2255 3769 2327 ένανθρωπήσαντα

2175 2339 2336 2400 οἶδεν.
2380 2346 2582 2408 Ἰδικῶς
2615 2347 2692 2413 δὲ,
2732 2347 2760 2399 ό
2787 2347 2867 2410 είς
2887 2347 2986 2419 τὴν
3025 2345 3241 2401 Γένεσιν
3275 2346 3425 2416 αὐτῷ
3450 2347 3770 2419 πεπονημέ-

2177 2453 2268 2500 νος
2295 2435 2513 2499 ἐννατος
2539 2436 2725 2506 τόμος,
2755 2437 2816 2491 τὸ
2851 2437 2980 2508 περ)⁸
3010 2436 3199 2491 τούτου
3231 2439 3530 2510 μυστήριον
3566 2439 3769 2508 ἐφανέ-

2181 2543 2354 2600 ρωσεν
2377 2567 2392 2593 ,
2441 2526 2568 2581 ἔνθα
2604 2526 2775 2598 Ἀδὰμ
2811 2525 2910 2596 μὲν
2947 2525 3042 2580 τὸν
3085 2527 3342 2597 Χριστὸν,
3389 2528 3530 2582 Εὕαν
3571 2529 3628 2582 δὲ
3664 2530 3770 2602 τὴν

2191 2618 2520 2690 Ἐκκλησίαν
2549 2615 2688 2672 εῖναι
2714 2617 3047 2690 πλατύτερον
3065 2618 3451 2674 κατεσκεύασε.
3469 2621 3768 2692 Μάρτυρες

2178 2710 2383 2765 τούτων
2421 2709 2742 2777 ἀξιόπιστοι,
2769 2711 2799 2764 ὂ
2833 2728 2893 2764 τε
2943 2711 3086 2782 ἱερὸς
3118 2712 3435 2784 Πάμφιλος,
3492 2714 3587 2767 καὶ
3627 2715 3657 2767 ό
3704 2713 3771 2779 ἐξ

2181 2802 2346 2860 αὐτοῦ
2389 2801 2746 2874 χρηματίζων
2774 2803 3054 2868 Εὐσέϐιος.
3113 2807 3314 2878 ’Δμφω
3343 2808 3452 2877 γὰρ
3491 2810 3648 2879 κοινῇ
3673 2806 3769 2860 τὸν

2193 2894 2505 2966 Ὠριγένους
2545 2893 2972 2966 παρατιθέμενοι
3018 2895 3162 2966 βίον,
3213 2899 3307 2951 καὶ
3357 2898 3494 2970 πρὸς
3532 2900 3659 2962 τοὺς
3701 2900 3771 2952 ἐκ

2185 2984 2507 3055 προλήψεως
2531 2984 3002 3056 ἀπεχθανομένους
3018 2988 3153 3058 πρὸς
3175 2988 3267 3043 τὸν
3288 2989 3455 3060 ἄνδρα
3484 2990 3773 3044 ἀπαντῶν-

2185 3090 2298 3141 τες,
2324 3074 2556 3141 ὲνδόξοις
2586 3075 2811 3145 βιϐλίοις
2828 3076 3123 3146 ἀπολογίαν
3151 3078 3292 3150 ὑπὲρ
3313 3080 3477 3134 αὐτοῦ
3508 3082 3773 3152 ποιούμεα

2187 3181 2298 3232 νοι,
2337 3165 2399 3219 οὗ
2445 3167 2659 3236 πρῶτον
2695 3167 2976 3240 Ὠριγένην
3015 3169 3110 3223 ἐπὶ
3146 3170 3349 3242 ταύτην
3377 3171 3476 3244 τὴν
3505 3190 3773 3246 πραγμα-

2189 3257 2338 3309 τείαν
2376 3255 2549 3311 ἐλθεῖν
2586 3274 2768 3326 φασιν,
2811 3259 2947 3313 ἀλλὰ
2984 3261 3084 3333 τὴν
3135 3262 3232 3332 τῆς
3285 3263 3611 3334 Ἐκκλησίας
3668 3283 3775 3337 μυ-

2193 3346 2384 3416 στικὴν
2420 3349 2755 3418 ἑρμηνεῦσαι
2789 3350 3105 3421 παράδοσιν.
3156 3353 3413 3407 Κάκεῖνοι
3435 3354 3493 3406 δὲ
3533 3356 3582 3408 oi
3615 3357 3676 3409 ὲν
3701 3359 3773 3428 τῇ

2201 3436 2578 3509 Ἀλεξανδρείᾳ
2632 3440 2832 3511 συνόδῳ
2882 3442 3180 3512 παρόντες,
3259 3445 3360 3498 οὐκ
3407 3444 3776 3501 ἀϐασάνιστον

2187 3528 2398 3594 εἴασαν,
2426 3531 2568 3601 φημὶ
2606 3530 2670 3603 δὴ
2706 3531 2768 3586 τὸ
2807 3535 2933 3604 περὶ
2971 3535 3159 3601 οὐσίας
3196 3535 3289 3589 καὶ
3329 3537 3682 3602 ὑποστάσεως
3720 3541 3777 3605 ε,

1670 3700 1942 3759 VALESll
1971 3703 2418 3763 ΑΝΝΟΤΑΤΙΟΝ
2423 3709 2528 3766 ES.

507 3795 646 3866 ritus
687 3793 744 3866 in
796 3791 938 3866 libro
971 3805 1192 3866 t_t,pcap.
1224 3793 1338 3866 3|;
1375 3792 1506 3866 etin
1544 3792 1642 3850 lib.
1672 3811 1731 3849 ιιι
1767 3797 1976 3866 capLL.
2012 3796 2088 3853 De

509 3865 700 3937 iisdem
717 3862 959 3937 loquitur
972 3862 1306 3937 Athanasius
1329 3864 1382 3937 in
1405 3864 1550 3919 dicta
1572 3866 1804 3937 epistola
1819 3862 1851 3937 ι’
1866 3865 2085 3937 Ἐπειδὴ

506 3935 565 3987 δὲ
600 3932 1124 4003 συγχαίρομεν-τοῖς
1158 3932 1500 4003 βουλομένοις
1534 3932 1922 3998 συνάπτεσθαι,
1946 3932 2081 3990 πᾶσι

510 4002 631 4075 μὲν,
659 4001 1032 4075 ἐξαιρέτως-δὲ
1048 4001 1329 4075 τοίςὲν-τῇ
1367 4005 1571 4075 παλαιᾷ
1598 4005 2007 4075 συναγομένοις,
2027 4015 2082 4061 et

507 4072 670 4142 paulo
697 4082 818 4142 post
845 4087 859 4123 :
890 4072 988 4144 ttat
1019 4073 1184 4142 μηδὲν
1203 4072 1364 4144 πλέον
1387 4072 1615 4139 τούτων,
1647 4074 1789 4128 καθά
1807 4072 2080 4144 ’προείπο-

509 4141 633 4213 μεν,
666 4141 802 4212 μήτε
823 4143 948 4223 τους
976 4141 1034 4195 ὲν
1060 4145 1126 4212 τῇ
1156 4143 1360 4213 παλαιᾷ
1388 4144 1793 4215 συναγομένους
1827 4141 2078 4198 ἀπαιτεῖ-

509 4211 633 4264 σθαι
656 4212 785 4269 παρ’
808 4211 982 4269 ὑμων,
1017 4213 1152 4269 μήτε
1183 4214 1310 4269 τοὺς
1341 4213 1471 4269 περὶ
1507 4214 1793 4269 Παυλῖνον.
1844 4221 1948 4268 etc.
1978 4214 2083 4269 Ubi

509 4227 633 4291 sua:
656 4229 767 4281 παρ
808 4227 982 4291 υμῳν,
1017 4228 1152 4332 ἓητε
1183 4229 1310 4275 τους
1341 4227 1471 4284 περι
1508 4227 1793 4279 ιιαυλίνον,
1844 4227 1948 4268 etc.
1981 4227 2083 4269 Ubt

509 4281 663 4355 vides
688 4295 796 4355 eos
819 4295 913 4355 qui
940 4296 1013 4355 tn_
1061 4283 1196 4355 alata
1223 4282 1488 4355 collec_ta_s_
1529 4285 1787 4355 agebant,
1818 4283 2084 4355 distingui

510 4349 580 4403 ab
605 4349 832 4404 asseclis
862 4348 1099 4415 Paulini,
1132 4351 1186 4404 id
1215 4360 1320 4411 est,
1350 4353 1417 4407 ab
1451 4348 1844 4407 Eustathianis.
1879 4353 1952 4406 Ex
1985 4348 2075 4408 lio.

512 4433 632 4492 rum
661 4419 808 4471 enim
847 4433 1076 4472 numero
1107 4429 1225 4492 erat
1245 4419 1528 4492 Paulinus.
1577 4423 1660 4476 Illi
1705 4437 1836 4492 ergo
1877 4423 1970 4492 qui
2026 4425 2083 4479 in

2193 3799 2340 3880 quod
2370 3801 2425 3855 in
2441 3805 2877 3880 exemplarisno
2906 3807 2981 3862 ita
3011 3807 3236 3880 legerat,
3263 3823 3358 3866 seu
3395 3808 3542 3879 quod
3579 3825 3774 3870 vocem

2191 3869 2632 3948 ὁμολογούμενον
2659 3875 2734 3948 ita
2764 3869 3234 3948 interpretandanr
3257 3869 3535 3935 censebat.

2261 3938 2373 4009 (58)
2406 3938 2582 3996 Ἡδιά
2608 3938 3035 4021 ζςρμαιλονὶρν
3059 3949 3480 4021 φιλαδελφίας.
3506 3949 3776 4021 Cyrillum

2187 4023 2406 4090 quoque
2428 4021 2586 4066 vocat
2615 4013 2958 4090 Nicephorus
2979 4019 3038 4090 in
3065 4020 3183 4073 loco
3204 4013 3463 4090 superius
3502 4013 3774 4079 indicato.

2185 4077 2394 4160 Yeruun
2411 4096 2520 4160 nos
2537 4098 2613 4160 ἐκ
2635 4077 2868 4160 optimis
2890 4088 3171 4160 codicibus
3202 4077 3515 4146 Fldrcntino
3540 4103 3596 4148 et
3617 4077 3778 4149 SforQ

2183 4149 2334 4220 tiano
2359 4149 2624 4220 Βήρυλλον
2646 4149 3016 4216 ,ι’ὐειὶιιιίηιιιε.
3051 4159 3496 4216 Emendationcm
3520 4174 3774 4219 nostram

2189 4218 2477 4299 confirmat
2503 4221 2840 4299 Epiphanius
2866 4226 3270 4299 scholasticus,
3298 4232 3391 4299 qui
3413 4231 3558 4286 hunc
3589 4218 3775 4288 locum

2189 4289 2265 4342 ita
2298 4290 2462 4372 vertit
2485 4309 2498 4346 :
2521 4289 2758 4372 ‘Ne'crton
2787 4297 3183 4372 per_Bery(lu_m
3221 4289 3609 4369 Philadelphia:
3658 4305 3776 4372 epi-

2190 4361 2478 4440 scopumin
2500 4361 3049 4440 Αεαὺὶα-εοηδιίιιιιαῖ,
3099 4370 3246 4436 facta
3276 4361 3508 4440 synodus
3537 4361 3777 4428 scribens

2189 4428 2254 4482 ad
2267 4430 2522 4514 curvitatem
2539 4432 2828 4514 fieryllum,
2851 4436 2960 4514 haec
2984 4428 3481 4514 ipsa'contra'didit;
3496 4441 3774 4514 Beryllus,

511 4485 687 4583 Palas}
707 4493 1050 4583 ﬁcanti-enm:
1088 4490 1360 4583 legebant,
1413 4491 1505 4544 alii
1549 4506 1669 4571 esse
1702 4485 1811 4546 non
1853 4485 2084 4583 possunt
2118 4539 2160 4583 η
2190 4485 2304 4583 non
2335 4485 2960 4583 Philadelphiam-"ut-ait
2986 4485 3776 4573 ’ἓὸὶἔεῖίέέῖὲὲᾙ⁷ὺέξίὧῖιῖἦί

510 4571 675 4679 «Attilam
707 4554 952 4637 fautores
1001 4554 1223 4622 Meletii,
1259 4573 1394 4628 quas
1435 4562 1707 4632 prtecipue
1735 4554 2086 4617 commendat

623 4641 868 4679 anastus.

562 4634 868 4681 thanasius.

583 4695 699 4766 (‘51)
764 4695 861 4760 Ὠς
920 4697 1404 4766 ὁμολογούμενον
1449 4699 1676 4765 αὐτοῖς.
1733 4699 1939 4756 Ultima
1978 4717 2085 4758 vox

512 4764 887 4850 (lelendaucsse
915 4765 1046 4850 ιιι-ἱρῇ
1070 4764 1300 4847 videtur,
1326 4775 1512 4850 utpote
1528 4784 1611 4850 ex
1634 4764 2085 4850 superiorelinea

510 4834 907 4909 ob__oscitanl_e
965 4834 1194 4909 librario
1224 4834 1870 4909 _rcpetita._fNicepliorus
1900 4848 2083 4896 tamen

514 4903 570 4956 in
602 4903 741 4984 l_i_bro
765 4904 978 4984 decimo
1007 4919 1127 4984 cap.
1175 4907 1263 4984 μ,
1299 4903 1458 4964 ‘hunc
1495 4903 1738 4984 Socratis
1787 4911 1964 4984 locum
1987 4913 2083 4966 de-

511 4973 778 5041 scribens,
812 4987 912 5045 pro
933 4973 1360 5047 ὁμολογούμενον
1410 4979 1595 5050 posuit
1645 4981 1950 5053 όμοούσιον,
1984 4997 2083 5037 seu

2189 4568 2245 4622 in
2267 4569 2475 4650 parabia
2502 4568 2616 4650 fuit
2661 4575 2973 4650 episCOpus,
3007 4578 3100 4646 qui
3133 4568 3409 4636 Christum
3435 4592 3564 4637 ante
3591 4585 3777 4637 incar-

2189 4640 2468 4720 nationem
2500 4640 2870 4720 Deuanuisse
2904 4640 3157 4720 negabat,
3202 4657 3260 4704 ut
3297 4651 3457 4706 docet
3499 4653 3779 4708 Eusebius

2191 4710 2437 4794 i‘nr.libro
2456 4720 2609 4768 sexto
2655 4713 2908 4794 Historia:
2937 4710 3349 4794 ecclesiastica}.
3392 4737 3515 4794 cap.
3564 4725 3655 4779 55.
3696 4723 3777 4776 Ad

2193 4777 2359 4846 hujus
2417 4795 2660 4861 errorem
2728 4785 3087 4861 refellendum
3150 4777 3392 4861 synodus
3456 4777 3511 4848 in
3573 4777 3778 4846 Arabia

2187 4859 2513 4933 congregata
2543 4855 2748 4933 estha‘d
2777 4871 2939 4933 quam
2971 4855 3232 4933 evocatus
3263 4860 3549 4930 Origenes,
3587 4863 3778 4933 Beryl-

2190 4916 2227 4990 l_i
2256 4916 2504 4990 haeresim
2533 4916 2860 4989 confutavit,
2892 4936 2950 4980 ut
2983 4928 3179 4982 ibidem
3214 4916 3448 4986 testatur
3477 4916 3777 4990 Eusebius.

2190 4983 2267 5043 De
2321 4988 2423 5044 hac
2469 4989 2664 5048 haeresi
2713 4983 2913 5066 Bery'lli
2968 4983 3779 5077 intelligendustest—Ci-igcnis

1873 5141 2282 5202 .VABIORUM.

585 5246 614 5286 ε
641 5244 894 5321 Φημὶ-δὴ
929 5246 994 5301 τὸ
1035 5250 1166 5319 περὶ
1191 5250 1406 5319 οὐσίας
1433 5252 1531 5306 καί
1578 5254 1991 5321 ὑποστάσεως.
2030 5257 2090 5312 1η

516 5314 616 5368 hac
639 5315 849 5386 synodo
881 5314 1070 5395 actum
1086 5314 1155 5375 de
1189 5314 1570 5393 hypostasibus
1594 5363 1612 5389 ,
1639 5341 1778 5394 quas
1827 5314 2090 5395 jam-caa-

515 5397 708 5466 pcrant
755 5388 1007 5466 nonnulli
1059 5391 1115 5445 in
1150 5388 1604 5466 coniroversiam
1643 5388 1861 5466 vocare.
1921 5395 2092 5452 Erant

515 5460 773 5535 nirltirum
821 5460 913 5535 qui
973 5469 1083 5516 tres
1153 5464 1478 5532 hypostases
1528 5463 1920 5535 inr'l'rinitate
1967 5483 2090 5522 esse

515 5525 777 5607 dicerent,
807 5525 1125 5607 aliishunam
1165 5525 1288 5586 esse
1347 5534 1739 5607 pugnantibus.
1761 5605 1769 5607 _
1794 5533 1875 5588 lle
1904 5545 2088 5591 autem

513 5599 740 5675 quaesita
771 5607 823 5651 et
843 5599 1563 5675 deliberata,_expensisque
1594 5603 1934 5674 singulorum
1958 5622 2086 5660 sen-

516 5667 721 5740 tentiis,
751 5675 1112 5740 utrorumque
1165 5667 1324 5726 (idcin
1377 5667 1569 5728 sanam
1623 5667 2084 5731 et'orthodoxam

515 5749 642 5792 csse
666 5735 1068 5812 deprehensum
1096 5751 1202 5802 est.
1256 5741 1393 5800 Nam
1442 5744 1537 5816 qui
1591 5751 1704 5801 tres
1761 5745 2084 5817 hypostases

2193 5260 2550 5342 diccrent,_se
2605 5271 2681 5317 ita
2709 5265 2952 5342 profiteri
2986 5269 3225 5342 aiebant,
3259 5271 3406 5341 quod
3443 5271 3774 5329 Trinitatem

2193 5345 2302 5384 non
2340 5337 2563 5413 nomine
2589 5341 2750 5413 tenus
2770 5337 3077 5413 crederent,
3103 5341 3197 5395 sed
3233 5337 3479 5408 singulas
3511 5360 3775 5413 personas

2190 5415 2319 5481 vere
2352 5407 2680 5481 exsistenles
2709 5413 2761 5458 et
2797 5407 3192 5478 subsistentes;
3227 5414 3300 5464 ita
3325 5407 3775 5470 tamen'admissa

2190 5469 2566 5554 distinctione,
2586 5483 2644 5526 ut
2665 5489 2837 5554 neque
2862 5485 2974 5554 tres
2998 5481 3152 5554 deos_.
3168 5469 3602 5554 neque_lotidern
3637 5469 3785 5554 prin-

2190 5541 2580 5624 cipia_v_cllent
2607 5541 2890 5624 praedicari
2913 5589 2928 5613 ,
2969 5551 3062 5603 sed
3115 5541 3313 5604 Filiuin
3347 5550 3496 5605 Patri
3531 5541 3770 5607 consub-

2191 5614 2524 5686 sta_iitialem,
2549 5614 2922 5686 Spiritumque
2945 5633 3192 5674 sanctum
3226 5637 3331 5676 non
3355 5637 3467 5676 rem
3506 5635 3774 5685 creatam,

2193 5680 2288 5733 sed
2314 5695 2342 5733 a
2368 5680 2672 5760 substantia
2702 5680 2880 5742 Patris
2902 5695 2954 5760 ct
2975 5689 3096 5745 Filii
3123 5692 3436 5746 indivisuni.
3463 5693 3570 5760 Qui
3597 5680 3776 5748 autc-nt

2193 5764 2356 5806 unam
2390 5751 2708 5824 hypostasin
2766 5772 2890 5815 esse
2915 5759 3302 5831 defendebant,
3339 5777 3448 5816 non
3472 5751 3557 5819 wea
3594 5775 3775 5821 monte
