4016 6350
526 407 646 464 399

1985 405 2325 467 SOCRATIS

3691 406 3801 464 600

532 523 799 594 sponsuri
843 531 972 579 sunt
994 521 1211 590 Davidi,
1255 525 1346 595 qui
1381 525 1514 599 fugit
1545 526 1763 585 Saulem
1791 568 1808 592 ,
1843 543 1968 584 cum
2019 529 2110 584 illc

2213 526 2270 578 ἐν
2293 523 2372 594 τῷ
2398 521 2663 592 σπηλαίῳ,
2693 521 2788 576 καὶ
2817 521 3116 576 ἀλλοιοῦντι
3154 523 3214 576 τὸ
3253 523 3544 595 πρόσωπον
3577 526 3798 594 ἐαυτοῦ,

497 629 502 640 ·
541 629 896 686 percussores
918 631 949 670 e
973 615 1137 672 domo
1182 633 1282 673 sua
1318 619 1668 676 submisisset
1717 621 1784 676 ad
1828 621 2006 690 ipsum
2036 621 2110 675 in-

542 705 941 772 terficiendum,
961 713 1016 762 et
1040 722 1100 763 se
1125 708 1344 778 quidem
1374 710 1587 766 abdidit
1613 711 1666 766 in
1697 711 2112 782 spelunca,vul-

540 805 657 852 tum
704 804 886 852 autem
931 813 1090 854 suum
1134 799 1475 865 immutavit,
1524 801 1704 871 quoad
1755 803 2110 873 praeteriisset

539 887 878 952 Abimelecb,
899 895 954 943 et
977 889 1208 944 insidias
1237 891 1537 946 evitasset?
1574 895 1682 946 Aut
1709 892 1839 963 quid
1873 893 1986 956 isti,
2015 892 2110 961 qui

542 985 745 1033 temere
779 979 998 1049 quidvis
1027 979 1300 1046 effutiunt,
1329 982 1531 1036 dicturi
1564 993 1692 1038 sunt
1717 997 1841 1036 cum
1869 982 2111 1036 viderint

539 1081 796 1138 magnum
840 1069 993 1124 illum
1026 1069 1218 1136 Elian),
1246 1073 1338 1141 qui
1367 1071 1536 1128 Deum
1563 1073 1856 1128 invocabat
1880 1080 1935 1127 et
1964 1087 2112 1126 mor-

537 1165 690 1212 tuum
724 1159 1060 1224 suscitabat,
1102 1167 1250 1216 metu
1283 1161 1492 1216 Achabi
1540 1177 1664 1218 sese
1703 1163 2008 1228 occultare,
2056 1168 2111 1217 et

535 1254 609 1308 ob
628 1253 807 1308 minas
826 1251 1047 1308 Iezabel
1072 1251 1254 1324 fugam
1279 1254 1561 1324 arripere?
1586 1253 1706 1319 Quo
1727 1253 1945 1324 quidem
1979 1264 2113 1310 tem-

536 1356 669 1412 pore
717 1341 884 1396 etiam
922 1341 1020 1395 ﬁlii
1061 1342 1453 1412 prophetarum
1493 1343 1588 1411 qui
1625 1344 2010 1413 quaerebantur
2041 1344 2110 1398 ad

537 1447 748 1493 necem.
770 1432 1180 1489 absconderunt
1205 1449 1286 1498 se,
1314 1434 1369 1488 in
1399 1434 1675 1504 speluncis
1712 1435 1943 1492 latentes
1965 1435 2109 1506 apud

535 1523 788 1578 Abdiam.
823 1523 906 1577 An
955 1523 1059 1579 ista
1090 1523 1310 1593 quidem
1356 1531 1616 1593 tanquam
1659 1530 1843 1580 vetera
1885 1526 2112 1581 minime

535 1614 825 1684 legerunt?
869 1612 1074 1668 Eorum
1112 1628 1241 1668 vero
1278 1629 1401 1684 quae
1426 1622 1555 1669 sunt
1586 1615 1639 1669 in
1680 1613 1972 1686 Evangelia
1999 1631 2110 1671 non

535 1709 928 1765 meminerunt.
947 1707 1082 1764 Nam
1106 1718 1164 1764 et
1183 1708 1440 1778 discipuli
1467 1715 1610 1764 metu
1627 1708 1962 1772 Iudaeorum,
1984 1710 2110 1779 fuga

536 1807 593 1853 et
623 1797 850 1854 latebris
880 1798 1109 1852 salutem
1144 1798 1250 1854 sibi
1277 1797 1650 1868 quaesierunt;
1687 1799 1846 1869 182
1883 1807 1937 1854 et
1970 1800 2110 1853 Pau-

537 1889 626 1945 lus
653 1890 709 1944 in
741 1889 872 1944 urbe
905 1887 1169 1944 Damasco
1200 1904 1324 1944 cum
1347 1890 1416 1943 ab
1439 1889 1741 1944 ethnarcha
1773 1890 2111 1959 perquirere-

539 1985 653 2041 tur,
682 1978 751 2033 de
777 1993 935 2032 muro
961 1978 1016 2032 in
1047 1988 1234 2049 sporta
1264 1978 1560 2043 demissus,
1593 1980 1887 2050 quaerentis
1913 1995 2108 2037 manus

537 2061 748 2134 effugit.
782 2062 917 2117 Cum
947 2063 1111 2134 igitur
1135 2077 1293 2119 sacra
1337 2062 1619 2134 Scriptura
1653 2064 1720 2119 de
1759 2064 1969 2120 sanctis
2005 2064 2110 2118 ista

539 2164 950 2224 commemoret,
981 2172 1144 2227 quam
1176 2158 1589 2212 excusationem
1634 2156 1956 2212 temeritatis
1997 2169 2110 2210 suae

534 2249 884 2304 comminisci
929 2249 1231 2319 poterunt?
1259 2246 1402 2302 'Nam
1438 2250 1484 2304 si
1518 2246 1866 2302 timiditatem
1913 2260 2112 2316 expro-

534 2341 726 2406 brant,
759 2349 951 2397 contra
996 2341 1209 2411 seipsos
1253 2347 1515 2410 tanquam
1565 2339 1744 2396 insani
1789 2339 2105 2408 loquuntur.

537 2433 641 2490 Sin
683 2442 876 2491 contra
925 2433 1020 2488 Dei
1067 2426 1400 2488 voluntatem
1447 2432 1502 2487 id
1531 2433 1656 2487 illos
1685 2431 1861 2487 facere
1899 2432 2112 2486 calum-

540 2528 786 2591 niantur,
808 2541 1032 2597 prorsus
1050 2524 1223 2596 ignari
1244 2533 1371 2579 sunt
1385 2538 1663 2580 sacrarum
1681 2523 2028 2578 Litterarum.
2050 2520 2110 2575 ln

535 2618 661 2688 lege
691 2617 834 2673 enim
858 2616 1173 2670 mandatum
1194 2623 1332 2680 erat,
1357 2621 1414 2667 ut
1434 2614 1681 2668 civitates
1711 2612 2112 2668 constitueren-

539 2715 631 2760 tur
677 2703 934 2775 perfugii,
981 2715 1091 2774 quo
1117 2703 1331 2759 scilicet
1373 2701 1408 2756 ii
1455 2702 1548 2772 qui
1599 2702 1668 2757 ad
1717 2717 1906 2756 necem
1957 2715 2109 2770 qua:-

529 2795 823 2858 ‘rebantur,
857 2807 1078 2863 quoquo
1113 2792 1276 2847 modo
1315 2800 1538 2861 possent
1573 2791 1801 2846 evadere
1828 2791 1892 2843 °°.
1918 2789 1976 2843 lu
2005 2789 2112 2844 line

539 2894 719 2941 autem
742 2884 1090 2950 saeculorum,
1112 2897 1237 2937 cum
1261 2883 1377 2953 ipse
1402 2882 1580 2938 Patris
1601 2881 1793 2938 Sermo
1814 2883 1906 2951 qui
1936 2880 2108 2950 Moysi

521 2985 664 3034 -ante
707 2978 925 3033 locutus
954 2975 1149 3042 fuerat,
1182 2977 1423 3032 venisset
1457 2975 1512 3029 in
1546 2961 1743 3036 terras,
1777 2989 1972 3028 rursus
2004 2972 2108 3027 hoc

536 3069 852 3125 mandatum
875 3068 1048 3135 dedit,
1081 3068 1305 3123 dicens:
1333 3066 1468 3122 Cum
1497 3067 1756 3135 persecuti
1776 3083 1860 3120 vos
1888 3066 2104 3135 fuerint,

519 3178 600 3217 ea:
635 3161 733 3215 hac
759 3161 969 3216 civitate
1016 3159 1180 3228 fugite
1214 3160 1271 3213 in
1311 3158 1502 3212 aliam.
1537 3157 1601 3212 Et
1631 3159 1913 3226 aliquanto
1946 3165 2103 3227 post:
2134 3191 2176 3249 α

525 3252 669 3308 Cum
698 3269 821 3323 ergo
861 3253 1102 3307 uideritis
1147 3251 1591 3306 abominationem
1619 3250 1964 3305 desolationis
1992 3266 2108 3320 qua

521 3345 792 3415 ,praadicta
834 3353 912 3398 est
957 3359 993 3395 a
1041 3341 1260 3396 Daniele
1292 3341 1566 3412 propheta,
1604 3351 1836 3396 stantem
1888 3343 1944 3396 in
1997 3342 2110 3394 loco

518 3441 722 3486 .sancto
745 3471 760 3493 ,
783 3431 875 3500 qui
904 3430 1050 3499 legit,
1075 3429 1371 3498 intelligat:
1406 3439 1531 3481 tunc
1554 3429 1645 3498 qui
1669 3429 1721 3481 in
1748 3428 1944 3483 Judwa
1963 3437 2108 3494 sunt,

538 3518 744 3588 fugiant
791 3516 860 3570 ad
907 3524 1126 3569 montes.
1160 3514 1266 3580 Qui
1295 3515 1352 3567 in
1384 3524 1516 3568 tecto
1554 3523 1672 3582 est,
1706 3531 1770 3569 ne
1807 3515 2108 3580 descendat,

539 3615 598 3660 ut
627 3605 778 3659 tollat
812 3603 1015 3674 aliquid
1055 3603 1120 3657 de
1159 3603 1314 3656 domo
1342 3619 1474 3666 sua;
1505 3605 1595 3672 qui
1627 3613 1704 3658 est
1747 3605 1803 3659 in
1835 3621 1982 3675 agro,
2010 3621 2114 3658 non

531 3701 834 3748 revertatur
855 3700 914 3745 ut
945 3691 1101 3745 tollat
1131 3691 1434 3744 vestimenta
1463 3707 1561 3744 sua
1593 3690 1660 3745 “.
1695 3690 1830 3746 Cum
1865 3692 1979 3746 haec
2003 3692 2114 3746 sci-

522 3793 665 3842 «rent
701 3783 902 3850 sancti,
952 3783 1267 3853 bujusmodi
1299 3784 1510 3840 vivendi
1547 3785 1816 3839 rationem
1852 3784 2111 3840 inierunt.

541 3877 760 3933 Etenim
798 3892 918 3948 quae
953 3885 1081 3931 tunc
1131 3877 1391 3947 praecepit
1439 3876 1726 3942 Dominus,
1761 3886 1886 3934 ante
1917 3893 2114 3948 corpo-

533 3969 714 4024 ralem
744 3969 1087 4040 praesentiam
1113 3983 1267 4025 suam
1295 3968 1409 4037 jam
1441 3969 1658 4026 locutus
1689 3969 1871 4027 fuerat
1903 3971 1956 4025 in
1988 3987 2117 4026 san-

533 4060 668 4116 ctis.
715 4059 781 4114 Et
829 4061 944 4115 haec
988 4070 1073 4116 est
1125 4060 1396 4117 universis
1443 4060 1758 4117 hominibus
1806 4062 2014 4132 regula,
2049 4061 2118 4116 ad

542 4151 937 4222 perfectionem
973 4152 1216 4210 ducens:
1247 4162 1309 4210 ut
1339 4155 1550 4211 scilicet
1577 4154 1945 4226 quodcunque
1973 4154 2118 4210 Deus

543 4243 865 4314 prmceperit
888 4285 904 4311 ,
951 4245 1087 4300 illud
1141 4245 1428 4303 faciamus.
1464 4245 1619 4302 lianc
1648 4247 1718 4303 ob
1747 4264 1970 4303 causam
2003 4248 2120 4319 ipse

532 4334 642 4391 τι)ιεὶ
671 4335 868 4392 Sermo
898 4345 1122 4406 propter
1153 4353 1256 4393 nos
1286 4338 1448 4392 homo
1493 4339 1692 4404 factus,
1727 4355 1852 4395 cum
1901 4355 2118 4410 quaere-

525 4438 716 4494 retur,
745 4427 973 4499 perinde
997 4443 1061 4484 ac
1090 4444 1211 4496 nos,
1243 4432 1525 4487 occultare
1555 4448 1614 4488 se
1642 4433 1901 4503 dignatus
1931 4440 2040 4496 est,
2063 4439 2119 4488 et

2211 611 2316 674 ἕως
2352 607 2412 664 οὗ
2450 609 2695 682 παρέλθῃ
2728 610 2817 664 τὸν
2855 610 3140 682 Ἀϐιμέλεχ
3173 610 3220 676 ί,
3251 613 3345 666 καὶ
3375 615 3474 686 τὴν
3503 616 3799 689 ἐπιϐουλὴν

2212 700 2434 772 ἐκκλίνῃ
2461 718 2474 766 ;
2500 700 2564 754 Ti
2585 699 2710 753 δ’ἂν
2739 698 2946 753 εἴποιεν
2973 703 3022 753 oi
3047 702 3224 755 πάντα
3252 702 3504 772 λέγοντες
3529 706 3798 777 εὐχερῶς,

2209 793 2302 846 τὸν
2337 793 2510 862 μέγαν
2571 791 2758 844 Ἠλίαν
2791 791 3026 856 ὁρῶντες
3047 831 3063 856 ,
3095 793 3522 864 ἐπικαλούμενον
3575 798 3676 868 μὲν
3705 799 3802 850 τὸν

2211 881 2361 943 Θεὸν,
2390 880 2483 934 καὶ
2527 879 2719 948 νεκρὸν
2744 879 3053 951 ἐγείραντα,
3077 883 3454 954 κρυπτόμενον
3486 886 3543 938 δὲ
3581 888 3670 941 διὰ
3705 889 3801 940 τὸν

2224 971 2458 1041 Ἀχαὰμ,
2481 969 2577 1023 καὶ
2605 968 2878 1038 φεύγοντα
2899 969 2988 1023 διὰ
3013 971 3112 1035 τὰς
3138 973 3364 1037 ἀπειλὰς
3389 976 3487 1045 τῆς
3513 976 3754 1039 Ἰεζάϐελ
3780 994 3796 1040 ;

2210 1063 2344 1115 Τότε
2383 1059 2491 1129 γὰρ
2539 1059 2861 1130 ζητούμενοι
2909 1062 3004 1115 καὶ
3047 1064 3096 1115 οί
3137 1064 3243 1116 υἱοὶ
3288 1067 3582 1135 προφητῶν
3626 1067 3797 1138 ἐκρύ-

2209 1170 2424 1214 πτοντο,
2458 1150 2809 1215 λανθάνοντες
2843 1153 2902 1205 ὲν
2931 1155 3043 1217 τοῖς
3074 1154 3359 1224 σπηλαίοις
3388 1157 3537 1227 παρὰ
3561 1157 3640 1228 τῷ
3667 1158 3795 1211 Ἀϐ-

2208 1245 2296 1314 δίᾳ
2318 1242 2361 1298 ι.
2395 1246 2466 1297 Ἢ
2493 1245 2703 1306 τούτοις
2736 1244 2834 1313 μὲν
2857 1243 2932 1307 ὡς
2960 1245 3208 1310 παλαιοῖς
3232 1248 3331 1300 οὐκ
3360 1248 3609 1319 ἐνέτυχον
3631 1266 3646 1315 ;
3671 1250 3797 1303 Τῶν

2207 1335 2264 1389 δέ
2294 1335 2434 1390 κατὰ
2459 1335 2521 1388 τὺ
2550 1335 2900 1403 Εὐαγγέλιον,
2932 1335 3188 1406 οὐδεμίαν
3211 1341 3429 1408 μνήμην
3459 1339 3662 1408 ἔχουσι.
3685 1341 3799 1394 Καὶ

2209 1429 2319 1500 γὰρ
2367 1429 2461 1482 καὶ
2492 1427 2542 1506 οἱ
2583 1426 2822 1497 μαθηταὶ
2864 1427 2954 1480 διὰ
3001 1427 3092 1482 τὸν
3137 1429 3299 1497 φόϐον
3351 1431 3462 1484 τῶν
3501 1433 3792 1497 Ἰουδαίων,

2209 1517 2518 1589 ἀνεχώρουν
2569 1518 2967 1589 κρυπτόμενον
2997 1519 3093 1572 καὶ
3121 1521 3150 1572 ό
3179 1521 3386 1584 Παῦλος
3426 1524 3483 1575 ἐν
3514 1523 3798 1595 Δαμασκῷ

2211 1608 2362 1679 παρὰ
2398 1607 2493 1661 τοῦ
2539 1607 2804 1678 ἐθνάρχου
2835 1608 3184 1680 ζητούμενος,
3215 1612 3322 1664 ἀπὸ
3360 1611 3452 1664 τοῦ
3486 1615 3696 1684 τείχους
3735 1616 3798 1667 ἐν

2211 1698 2457 1772 σαργάνῃ
2487 1700 2840 1768 κεχάλασται,
2872 1702 2967 1754 καὶ
2997 1699 3223 1768 ἐξέφυγε
3257 1700 3351 1754 τοῦ
3381 1701 3672 1772 ζητοῦντος
3692 1705 3797 1768 τὰς

2209 1792 2417 1860 χεῖρας.
2449 1789 2560 1859 Τῆς
2590 1790 2769 1843 τοίνυν
2815 1791 3038 1862 Γραφῆς
3079 1791 3304 1860 τοιαῦτα
3349 1793 3615 1864 λεγούσης
3662 1796 3797 1865 περὶ

2141 1862 2182 1922 Β
2210 1880 2322 1934 τῶν
2350 1881 2543 1948 ἁγίων,
2574 1881 2733 1934 ποίαν
2766 1881 2872 1952 ἄρα
2921 1881 3194 1953 πρόφασιν
3217 1883 3316 1952 τῆς
3346 1885 3555 1938 ἑαυτῶν
3569 1862 3795 1956 προπε-

2207 1972 2358 2036 τείας
2392 1971 2628 2043 ἐξευρεῖν
2657 1972 2973 2043 δυνήσονται
2994 1989 3008 2038 ;
3026 1973 3124 2025 Ἂν
3149 1990 3208 2025 τε
3235 1973 3345 2046 γὰρ
3362 1976 3562 2029 δειλίαν
3599 1977 3797 2030 ὀνειδί-

2211 2077 2364 2128 σωσι,
2392 2063 2511 2115 κατ’
2546 2062 2726 2115 αὐτῶν
2757 2063 2832 2126 ὡς
2867 2063 3210 2132 μαινομένων
3246 2065 3308 2117 τὸ
3359 2065 3636 2136 τόλμημα.
3672 2068 3795 2122 Κᾶν

2207 2165 2267 2200 τε
2290 2148 2363 2212 ὡς
2390 2149 2543 2220 παρὰ
2591 2150 2650 2204 τὸ
2681 2149 2929 2220 βούλημα
2977 2150 3069 2204 τοῦ
3099 2151 3234 2204 Θεοῦ
3264 2153 3549 2217 ποιοῦντας
3592 2155 3796 2218 αὐτοὺς

2208 2235 2600 2302 διαϐάλλουσιν,
2623 2240 2722 2292 οὐκ
2750 2239 2949 2302 εἰδότες
2981 2241 3086 2293 eici.
3117 2241 3395 2305 παντελῶς
3417 2243 3510 2304 τὰς
3545 2244 3790 2312 Γραφάς.

2223 2330 2310 2381 Ἐν
2340 2330 2436 2400 μὲν
2469 2329 2578 2402 γὰρ
2607 2330 2686 2400 τῷ
2717 2333 2888 2401 νόμῳ,
2930 2331 3226 2404 πρόσταξις
3269 2328 3338 2404 ῆν
3369 2335 3668 2404 ἐκταγῆναι
3695 2335 3794 2388 καὶ

2210 2420 2392 2480 πόλεις
2437 2423 2920 2494 φυγαδευτηρίους,
2947 2423 3086 2496 ὑπὲρ
3129 2422 3222 2477 τοῦ
3255 2425 3382 2488 τοὺς
3423 2425 3796 2496 ζητουμένους

2210 2513 2290 2576 εἰς
2317 2513 2566 2578 θάνατον,
2597 2515 2744 2578 ὅπως
2763 2515 2962 2583 δήποτε
2983 2514 3237 2569 δύνασθαι
3256 2516 3636 2581 διασώζεσθαι.
3668 2517 3795 2570 Ἐπὶ

2209 2603 2267 2658 δὲ
2292 2605 2571 2675 συντελείᾳ
2596 2606 2706 2659 τῶν
2741 2605 2952 2660 αἰώνων
2985 2607 3429 2678 παραγενόμενος
3457 2609 3637 2673 αὐτὸς,
3661 2611 3689 2660 ὁ
3715 2608 3796 2677 τῷ

2210 2695 2419 2766 Μωῦσῇ
2450 2695 2691 2766 λαλήσας
2721 2697 2894 2765 Λόγος
2945 2697 3039 2750 τοῦ
3088 2699 3333 2770 Πατρὸς,
3369 2699 3530 2753 πάλιν
3571 2699 3795 2770 ἐντολὴν

2208 2785 2412 2857 ταύτην
2433 2786 2614 2840 δίδωσι
2640 2786 2812 2855 λέγων
2834 2804 2847 2816 ·
2877 2789 3062 2841 Ὅταν
3091 2787 3160 2841 δὲ
3201 2788 3496 2843 διώκωσιν
3521 2787 3699 2857 ὑμᾶς,
3725 2789 3797 2842 ἐκ

2209 2876 2320 2946 τῆς
2343 2879 2574 2945 πόλεως
2603 2880 2823 2946 ταύτης
2867 2880 3116 2949 φεύγετε
3153 2883 3242 2946 εις
3278 2881 3394 2948 τὴν
3425 2881 3656 2948 ἑτέραν.
3685 2880 3798 2933 Καὶ

2211 2970 2327 3040 μετ’
2358 2971 2514 3039 ὀλίγα
2555 2970 2718 3042 φησίν
2737 2986 2752 3002 ·
2779 2971 2963 3024 Ὅταν
3011 2967 3146 3026 οὖν’
3175 2973 3338 3041 ἴδητε
3383 2973 3450 3025 τὸ
3478 2972 3796 3041 ,ϐδέλυγμα

2208 3059 2318 3127 τῆς
2347 3059 2788 3129 ἐρημώσεως.τό
2813 3059 3003 3128 ῥηθὲν
3044 3061 3140 3115 διὰ
3169 3062 3392 3130 Δανιὴλ
3427 3062 3530 3116 τοῦ
3562 3061 3797 3131 προφή-

2209 3165 2335 3213 του,
2351 3147 2555 3225 οὲστὼς
2579 3147 2647 3201 ἐν
2669 3149 2828 3212 τόπῳ
2851 3149 3022 3218 ἁγίῳ·
3045 3153 3080 3203 ὁ
3113 3151 3540 3220 ἀναγινώσκων
3564 3153 3794 3205 νοείτωυ

2210 3243 2342 3295 τότε
2365 3243 2418 3294 οὶ
2448 3241 2518 3294 ἐν
2538 3240 2612 3306 τῇ
2655 3241 2914 3309 Ἰουδαίᾳ
2947 3243 3332 3311 φευγέτωσαν
3359 3245 3446 3309 εἰς
3469 3244 3541 3298 τὰ
3569 3244 3702 3312 ὅρη.
3735 3245 3799 3298 '0

2209 3331 2309 3385 ἐπὶ
2343 3331 2449 3385 τοῦ
2472 3331 2758 3401 δώματος,
2777 3332 2862 3401 μὴ
2905 3334 3210 3400 καταϐήτω
3223 3329 3358 3402 ἆραι
3387 3335 3460 3388 τὰ
3483 3336 3550 3388 ἐκ
3574 3334 3688 3404 τῆς
3712 3339 3799 3390 ol-

2211 3423 2340 3488 κίας
2363 3423 2570 3476 αὐτοῦ·
2588 3427 2620 3476 ό
2643 3425 2714 3478 ἐν
2741 3423 2820 3488 τῷ
2848 3423 3006 3494 ἀγρῷ
3019 3425 3104 3494 μὴ
3126 3425 3536 3495 ἐπιστρεψάτω
3563 3420 3702 3494 ἆραι
3727 3428 3801 3480 τὰ

2213 3515 2410 3583 ἱμάτια
2437 3514 2643 3568 αὑτοῦ.
2679 3515 2866 3569 Ταῦτα
2898 3517 3006 3587 γὰρ
3031 3517 3229 3580 εἰδότες
3259 3503 3308 3569 οἱ
3336 3517 3500 3583 ἅγιοι,
3536 3517 3798 3586 τοιαύτην

2214 3600 2358 3674 εἶχον
2387 3605 2488 3675 τῆς
2528 3606 2804 3669 πολιτείας
2829 3607 3072 3677 ἀγωγήν.
3108 3608 3174 3660 "A
3203 3607 3311 3678 γὰρ
3336 3607 3432 3660 νῦν
3462 3608 3799 3678 προσέταξεν

2214 3698 2242 3749 ό
2273 3696 2492 3767 Κύριος,
2520 3697 2693 3751 ταῦτα
2727 3699 2819 3751 καὶ
2849 3699 2955 3768 πρὸ
2981 3699 3078 3767 τῆς
3104 3699 3370 3767 ἐνσάρκου
3407 3699 3718 3768 παρουσίας
3744 3700 3800 3750 ἐν

2213 3791 2324 3852 τοῖς
2359 3789 2532 3857 ἁγίοις
2579 3788 2777 3846 ἐλάλει.
2822 3790 2928 3842 Καί
2969 3790 3116 3842 ἐστιν
3150 3783 3305 3851 οὗτος
3333 3790 3457 3859 ὅρος
3488 3788 3801 3858 ἀνθρώποις

2217 3881 2295 3944 εἰς
2329 3880 2638 3950 τελειότητα
2664 3880 2862 3950 φέρων,
2891 3880 2920 3933 δ
2949 3881 2992 3933 δ’
3009 3880 3074 3934 ἂν
3102 3882 3130 3933 ὁ
3155 3881 3286 3944 Θεὸς
3317 3880 3618 3951 προστάξῃ,
3644 3879 3802 3932 τοῦτο

2216 3974 2412 4026 ποιεῖν.
2441 3972 2694 4026 Διατοῦτο
2729 3974 2821 4026 καὶ
2847 3973 3007 4036 αὐτὸς
3026 3975 3054 4026 ὁ
3083 3974 3275 4041 Λόγος,
3302 3973 3369 4025 δι’
3401 3975 3546 4043 ἡμᾶς
3572 3972 3800 4042 γενόμε-

2217 4080 2305 4126 νος
2331 4063 2635 4132 ἄνθρωπος,
2658 4065 2960 4134 κατηξίωσε
2997 4065 3325 4136 ζητούμενος
3355 4065 3430 4128 ὼς
3475 4066 3636 4135 ἡμεῖς
3668 4082 3800 4135 κρυ·

2219 4153 2401 4223 ϐῆναι,
2426 4156 2520 4208 καὶ
2571 4155 2734 4209 πάλιν
2781 4156 3108 4227 διωκόμενος
3152 4157 3396 4225 φεύγειν,
3429 4157 3521 4209 καὶ
3554 4156 3656 4226 τὴν
3678 4157 3800 4208 ἐπι-

2219 4243 2416 4315 ϐουλὴν
2443 4246 2708 4299 ἐκκλῖναι.
2743 4245 2992 4316 Ἔπρεπε
3023 4245 3130 4316 γὰρ
3152 4245 3340 4310 αὑτὸν,
3371 4244 3447 4308 ὡς
3466 4248 3528 4298 ἐκ
3550 4243 3646 4296 τοῦ
3679 4261 3799 4297 πει-

2221 4338 2318 4407 νῇν
2346 4337 2440 4390 καὶ
2470 4337 2630 4408 διψῆν
2664 4337 2937 4391 καὶτοῦτο
2975 4337 3186 4404 παθεῖν,
3219 4337 3362 4391 οῦτω
3399 4337 3489 4390 καὶ
3518 4337 3584 4389 ἐκ
3608 4336 3799 4390 τούτου

2221 4428 2486 4483 δεικνύειν
2531 4430 2722 4482 ἐαυτὸν
2767 4430 3284 4501 ἐνανθρωπήσαντα.
3331 4430 3420 4494 Ἐξ
3470 4430 3650 4500 ἀρχῆς
3706 4428 3803 4498 μὲν

525 4533 671 4574 πουηι
701 4518 1138 4589 persecutionem
1171 4520 1370 4576 iterum
1397 4530 1696 4591 pateretur,
1727 4524 1914 4594 fugere
1943 4533 1998 4579 et
2031 4525 2113 4578 in-

2225 4519 2340 4589 ἃμα
2387 4517 2463 4589 τῷ
2494 4518 2745 4587 γενέσθαι
2791 4519 3096 4590 ἄνθρωπος,
3139 4520 3228 4573 ὅτε
3263 4518 3472 4573 παιδίον
3509 4513 3580 4589 ἦν
3617 4518 3798 4583 αὐτὸς,

527 4609 715 4665 sidias
746 4609 1040 4665 declinare.
1080 4609 1314 4666 Decebat
1341 4613 1486 4667 enim
1531 4623 1612 4679 ut,
1655 4615 2118 4684 quemadmodum

542 4700 859 4770 esuriendo,
895 4700 1131 4757 sitiendo
1164 4711 1326 4772 atque
1355 4705 1630 4774 patiendo,
1675 4707 1755 4761 sic
1795 4708 1960 4762 etiam
2015 4708 2119 4763 ista

547 4793 758 4848 ratione
801 4793 1078 4848 hominem
1122 4809 1182 4850 se
1232 4794 1436 4850 factum
1468 4796 1802 4852 ostenderet.
1837 4796 1919 4852 Ab
1958 4798 2117 4852 initio

527 4880 714 4945 enim,
745 4880 909 4935 simul
948 4888 1110 4952 atque
1139 4881 1302 4938 homo
1347 4882 1527 4939 factus
1559 4883 1757 4950 fuerat,
1795 4886 1909 4955 ipse
1938 4886 2118 4940 adhuc

541 4985 681 5040 puer
713 4985 810 5041 per
836 4972 1088 5042 angelum
1129 4973 1409 5030 mandavit
1448 4973 1724 5046 losepbo:
1761 4975 1993 5047 Surgens
2028 4994 2120 5031 ac-

545 5055 660 5130 cipe
701 5075 920 5130 puerum
945 5078 1064 5117 cum
1095 5075 1262 5119 matre
1284 5065 1424 5135 ejus,
1455 5075 1504 5121 et
1542 5067 1661 5137 fuge
1702 5069 1758 5122 in
1799 5067 2115 5140 zEgyptum.

545 5147 816 5205 Futurum
873 5161 951 5207 est
999 5153 1141 5208 enim
1196 5163 1254 5206 ut
1315 5153 1552 5211 Herodes
1615 5169 1818 5227 qua'rat
1882 5161 2118 5216 animam

621 5335 666 5367 °°
705 5333 876 5390 Exod.
919 5349 1034 5400 ut,
1069 5334 1180 5403 l5;
1217 5332 1379 5391 Deut.
1407 5351 1522 5400 xxx,
1561 5337 1615 5391 3.

2223 4611 2311 4666 δια
2355 4611 2449 4664 τοῦ
2496 4611 2728 4680 ἀγγέλου
2781 4613 3084 4665 ἐνετείλατο
3115 4611 3192 4682 τῷ
3239 4611 3467 4680 Ἰωσὴφ,
3511 4608 3803 4679 Ἐγερθεὶς

2224 4702 2531 4772 παράλαϐε
2560 4701 2624 4755 τὸ
2651 4701 2888 4756 παιδίον
2918 4683 3016 4755 κάὶ
3063 4702 3178 4770 τὴν
3205 4702 3430 4770 μητέρα
3467 4701 3679 4767 αὑτοῦ,
3707 4701 3801 4753 καὶ

2223 4793 2406 4862 φεῦγε
2443 4797 2530 4859 εἰς
2558 4794 2891 4862 Αιγυπτον’
2920 4793 3132 4862 μέλλει
3172 4795 3283 4862 γὰρ
3324 4791 3583 4860 Ἡρώδης
3614 4790 3803 4860 ζητεῖν

2225 4886 2340 4954 τὴν
2367 4886 2577 4955 ψυχὴν
2603 4887 2710 4942 τοῦ
2731 4887 2987 4941 παιδίου.
3019 4888 3126 4940 Καὶ
3146 4886 3504 4949 ἀποθανόντος
3550 4885 3608 4938 δὲ
3631 4883 3804 4955 Ἦρὼ.

2228 4977 2339 5043 δου,
2359 4978 2608 5046 φαίνεται
2633 4980 2700 5032 δι’
2733 4979 3020 5050 Ἀρχέλαον
3051 4980 3141 5032 τὸν
3175 4980 3287 5033 υἱὸν
3314 4977 3479 5032 αὑτοῦ
3502 4975 3801 5047 ἀναχωρῶν

2224 5071 2305 5134 είς
2346 5069 2446 5141 τὴν
2491 5071 2766 5143 Ναζαρέτ.
2808 5073 2937 5126 Ὅτε
2969 5071 3026 5124 δὲ
3069 5071 3254 5125 λοιπὸν
3296 5068 3388 5125 καὶ
3429 5070 3564 5123 Θεὸν
3617 5066 3803 5121 ἐαυτὸν

2225 5160 2480 5226 ἐδείκνυε,
2509 5162 2601 5214 καὶ
2628 5163 2725 5233 τὴν
2759 5161 2928 5233 ξηρὰν
2948 5165 3103 5235 χεῖρα
3137 5161 3435 5233 πεποίηκεν
3455 5156 3586 5228 ὑγιῆ
3605 5195 3621 5224 ,
3640 5157 3689 5210 oi
3709 5154 3800 5227 μὲν

1717 5337 1762 5370 ⁸⁸
1797 5337 1990 5394 Matth.
2031 5356 2182 5408 xxxv,
2213 5339 2402 5403 lii-l8.

1713 5490 2080 5552 VARIORUM
2127 5494 2684 5553 ANNOTATIONES.

1685 5588 1718 5614 β

620 5667 648 5707 ι
709 5663 1037 5735 Ἀϐιμέλεχ.
1115 5663 1216 5721 Hic
1275 5676 1507 5722 vocatur
1562 5668 1790 5735 Ἀγχοῦς
1847 5671 1900 5726 in
1962 5680 2114 5728 textu

623 5686 648 5707 ι
725 5686 1037 5735 Αοιμελεχ.
1115 5686 1216 5721 mc
1275 5686 1507 5722 vocatur
1567 5686 1623 5721 -Α
1698 5687 1790 5732 ους
1847 5688 1900 5726 ιη
1962 5686 2108 5728 textu

551 5736 939 5817 Grmcp_sacrze
977 5737 1298 5817 §cripturm,
1323 5746 1377 5792 et
1407 5738 1575 5817 Anchis
1606 5686 1910 5817 in’qulgata
1933 5742 1954 5797 Ι
1975 5744 2108 5817 Reg.

556 5821 667 5873 xxi,
702 5807 768 5860 13
802 5825 814 5861 :
852 5807 998 5878 quod
1030 5809 1396 5864 observarunt
1421 5809 1503 5865 Cl.
1537 5807 1899 5867 Benedictini.

2300 5676 2318 5716 ι
2352 5678 2516 5747 Παρὰ
2545 5679 2625 5746 τῷ
2672 5677 2890 5745 ’Δϐδίᾳ.
2926 5675 3190 5732 Albanas.
3223 5692 3234 5727 :
3277 5671 3376 5727 Διὰ
3419 5672 3514 5727 τοῦ
3572 5664 3792 5732 ’Δϐδιοῦ,

2219 5747 2410 5804 Abdia:
2447 5765 2563 5818 ope.
