4016 6350
527 384 635 442 ωδ
1538 396 1541 401 ‘
1952 382 2104 440 SOCI

2213 384 2292 441 TIS
3679 375 3784 432 ιοε

527 505 645 574 ejus
666 503 737 559 ⁸⁸.
768 503 929 562 Certe
961 513 1252 575 antequam
1302 504 1437 559 hora
1484 503 1575 558 illa
1618 502 1890 569 venisset,
1947 505 2104 559 matri

2213 505 2381 558 Πάλιν
2405 523 2465 559 τε
2491 504 2735 570 ἐλθόντος
2760 502 2855 559 τοῦ
2885 502 3100 579 καιροῦ,
3149 501 3303 570 ἔλεγε
3334 499 3449 564 τοῖς
3479 497 3749 571 μαθηταῖς
3768 510 3785 528 ⁸

529 597 751 667 quidem
785 612 900 653 sum
929 597 1070 652 dixit
1101 598 1255 668 ipse:
1278 594 1533 651 Nondum
1560 598 1695 652 venit
1724 597 1858 652 hora
1887 614 2005 652 mea
2033 597 2101 651 ".

2213 597 2533 653 Καθεύδετε
2555 597 2775 653 λοιπὸν
2799 596 2897 653 καὶ
2918 597 3321 652 ἀναπαύεσθε.
3357 591 3515 649 ἰδοὺ
3540 591 3651 661 γὰρ
3682 589 3780 660 ἦγε

528 685 604 743 lis
632 701 763 742 vero
789 688 885 757 qui
916 685 1114 742 fratres
1144 687 1266 757 ejus
1316 688 1736 758 appellabantur
1774 707 1787 742 :
1827 687 2101 756 Nondum,

2213 704 2374 758 γεκεν
2399 688 2437 756 ἠ
2465 687 2606 758 ὥρα,
2646 686 2746 742 καί
2787 690 2820 743 ό
2870 686 3003 753 Υἱὸς
3042 684 3150 740 τοῦ
3179 682 3495 752 ἀνθρώπου
3524 678 3788 748 παραδο-

528 778 731 847 inquit,
777 779 928 832 adest
978 788 1179 844 tempus
1237 795 1431 834 meum.
1481 777 1618 835 Cum
1668 787 1850 836 autem
1888 789 2104 851 tempus

2213 780 2453 850 θήσεται
2495 782 2583 847 είς
2618 780 2822 850 χεῖρας
2866 776 3249 848 ἁμαρτωλῶν.
3298 773 3438 828 Οὔτε
3466 771 3523 826 δὲ
3558 769 3667 841 πρὸ
3692 768 3787 822 τοῦ

525 864 641 935 jam
671 866 1006 931 advenisset,
1039 867 1180 922 dixit
1207 868 1498 939 discipulis
1534 887 1547 923 :
1587 870 1822 925 Dormite
1872 887 2013 926 nunc
2053 883 2104 926 et

2213 873 2295 927 τὸν
2324 873 2515 944 χρόνον
2552 872 2729 926 ἐλθεῖν
2751 912 2767 935 ,
2814 871 2973 942 ἤφιεν
3019 867 3213 922 ἑαυτὸν
3250 864 3575 938 κρατεῖσθαι
3600 880 3614 893 ·
3664 860 3787 915 οὔτε

529 956 860 1028 requiescite.
891 955 1027 1012 Ecce
1052 958 1189 1013 enim
1211 961 1650 1030 appropinquavit
1676 960 1831 1027 hora,
1854 973 1900 1016 et
1930 961 2104 1017 Filius

2213 964 2303 1020 τοῦ
2331 962 2523 1037 καιροῦ
2553 964 2841 1033 παρόντος,
2871 960 3175 1032 ἐκρύπτετο
3198 975 3213 991 ·
3261 958 3400 1012 ἀλλὰ
3437 956 3533 1010 καὶ
3574 955 3788 1010 ἔκδοτον

528 1047 759 1104 hominis
784 1048 1023 1103 tradetur
1043 1051 1097 1104 in
1121 1066 1310 1106 manus
1331 1059 1668 1120 peccatorum
1686 1051 1752 1104 ⁸⁸.
1785 1049 1974 1122 Neque
2001 1051 2104 1122 igi-

2213 1054 2401 1108 ἐαυτὸν
2427 1053 2600 1108 ἐδίδου
2633 1054 2746 1116 τοῖς
2781 1049 3243 1106 ἐπιϐουλεύουσιν.
3279 1046 3438 1102 Οὕτω
3467 1046 3566 1102 καὶ
3593 1046 3646 1099 oi
3682 1061 3787 1115 μα-

528 1145 626 1193 tur
668 1145 971 1212 antequam
1018 1151 1238 1213 tempus
1283 1143 1564 1207 venisset,
1608 1142 2002 1212 comprehendi
2043 1157 2104 1199 se

2213 1146 2391 1218 κάριοι
2444 1146 2755 1218 μάρτυρες,
2804 1146 2862 1198 ἐν
2908 1145 3021 1207 τοῖς
3070 1141 3216 1196 κατὰ
3256 1139 3486 1212 ’καιροὺς
3531 1139 3788 1209 διωγμοῖς

527 1229 819 1300 permisit;
867 1247 1046 1304 neque.
1076 1248 1202 1289 cum
1233 1243 1451 1305 tempus
1476 1233 1717 1296 adesset,
1753 1249 1876 1291 sese
1913 1234 2108 1289 occul-

526 1322 667 1378 tavit
702 1341 716 1380 :
744 1323 841 1380 sed
874 1325 1017 1381 ultro
1045 1326 1396 1398 semetipsum
1417 1326 1642 1383 tradidit
1664 1326 2106 1383 insidiatoribus.

525 1410 610 1473 lla
653 1414 820 1470 etiam
869 1416 1179 1474 beatissimi
1208 1425 1501 1492 martyres,
1535 1419 1588 1474 in
1623 1418 2101 1490 persecutionibus

527 1519 653 1576 quae
677 1507 910 1565 subinde
938 1508 1287 1580 ingruebant,
1318 1525 1376 1567 se
1397 1516 1719 1582 gesserunt;
1747 1517 1802 1565 et
1823 1508 2102 1581 fugiebant

2210 1237 2529 1307 ἐφύλαττον.
2558 1238 2672 1291 Καὶ
2706 1235 3025 1307 διωκόμενοι
3056 1234 3154 1307 μὲν
3187 1232 3437 1303 ἔφευγον,
3473 1231 3568 1284 καὶ
3592 1228 3787 1285 λανθὲ⁹

2214 1344 2400 1391 νοντες
2444 1327 2776 1398 ἐκαρτέρουν
2800 1342 2815 1358 ο
2857 1326 3234 1397 εὑρισκόμενοι
3277 1324 3368 1388 δέ,
3423 1321 3788 1393 ἐμαρτύρουν.

2207 1418 2443 1473 Τοιαῦτα
2481 1417 2582 1489 μὲν
2627 1412 2721 1473 οὖν
2765 1416 3082 1480 Ἀθανάσιος
3114 1418 3173 1470 ἐν
3199 1413 3279 1486 τῷ
3310 1410 3442 1485 περὶ
3469 1411 3571 1481 τῆς
3612 1409 3787 1481 φυγῆς

2220 1509 2623 1581 Ἀπολογητικῷ
2653 1508 2946 1581 διεξῆλθεν.

530 1598 749 1669 quidem
781 1615 907 1655 eum
953 1601 1393 1671 persecutionem
1441 1609 1781 1672 paterentur,
1831 1607 1998 1670 atque
2050 1600 2105 1654 in
2146 1600 2374 1657 latebris
2403 1601 2871 1671 perseverabant;
2926 1599 3260 1670 deprehensi
3298 1610 3453 1662 vero,
3523 1590 3790 1665 martyrio

528 1687 1026 1760 perfungebantur.
1053 1688 1179 1745 Haec
1199 1690 1269 1746 ab
1294 1689 1599 1747 Athanasio
1616 1690 1876 1747 dicuntur
1893 1690 1951 1745 in
1976 1689 2333 1762 Apologetico
2362 1706 2526 1762 quem
2545 1690 2614 1747 de
2644 1691 2771 1763 fuga
2801 1705 2901 1747 sua
2929 1689 3286 1759 conscripsit.

1058 1806 1220 1880 ιδῃ,
1259 1806 1412 1863 CAP.
1463 1807 1554 1863 Ix.

531 1922 810 1991 Quomodo
834 1921 1089 1994 Eusebius
1114 1934 1231 1994 post
1248 1924 1505 1994 synodum
1530 1923 1944 1994 orthodoxorum
1969 1925 2109 1992 apud

2814 1802 3064 1857 ΚΕΦΑΛ.
3107 1801 3184 1855 Θ’.

2225 1916 2319 1980 Ὡς
2345 1918 2496 1985 μετὰ
2524 1915 2640 1983 τὴν
2666 1917 2736 1970 ἐν
2781 1916 3193 1985 Ἀλεξανδρείᾳ
3216 1915 3337 1969 τῶν
3365 1914 3432 1968 τὸ
3465 1914 3794 1982 δμοούσιον

599 1993 987 2074 Alexandriam
1034 1985 1416 2074 episcoporum,
1466 1992 1801 2074 Antiochiam
1841 1985 2104 2074 reuersus,

2284 1985 3105 2074 etpeo'é’suadrtwr'adrodor,
3142 1985 3449 2074 ‘It‘t’zo'éé’iog
3471 1988 3559 2051 εἰς
3593 1985 3793 2074 2dr“-

601 2080 721 2117 cum
763 2063 1070 2119 Catholicos
1099 2063 1213 2119 illic
1241 2064 1559 2120 dissidentes
1603 2064 1666 2117 ob
1707 2064 1930 2119 Paulini
1961 2064 2109 2119 ordi-

601 2135 869 2189 nationem
906 2134 1205 2202 reperisset,
1250 2150 1342 2190 nec
1371 2151 1459 2190 eos
1488 2133 1558 2188 ad
1587 2135 1928 2189 concordiam
1960 2151 2107 2189 revo-

601 2220 724 2260 care
746 2213 921 2273 posset
976 2204 1253 2259 abscessit.

599 2379 872 2438 Eusebius
895 2396 1026 2436 vero
1041 2379 1414 2437 Vercellensis
1438 2379 1750 2451 episcopus,
1771 2379 1960 2435 statim
1983 2389 2109 2450 post

529 2470 801 2543 synodum
848 2469 1182 2525 Alexandria
1236 2470 1546 2540 digressus,
1586 2469 1934 2524 Antiochiam
1986 2456 2100 2539 per-

528 2563 693 2619 rexit.
737 2561 987 2633 Cumque
1027 2561 1141 2617 illic
1170 2561 1466 2621 Paulinum
1513 2561 1738 2632 quidem
1788 2577 1817 2616 a
1849 2561 2106 2618 Lucifero

528 2652 868 2719 ordinatum,
899 2652 1113 2721 plebem
1147 2666 1281 2707 vero
1321 2652 1465 2706 inter
1509 2667 1570 2707 se
1613 2650 1974 2707 dissidentem
2027 2665 2109 2704 re-

528 2745 767 2815 perisset
793 2743 942 2815 (nam
972 2742 1173 2799 Meletii
1198 2742 1444 2799 fautores
1472 2743 1769 2810 separatim
1801 2749 2107 2798 conventus

528 2831 811 2904 agebant),
847 2840 1161 2887 commotus
1189 2847 1253 2886 eo
1285 2831 1432 2902 quod
1480 2831 1821 2885 ordinationi
1869 2831 1949 2886 illi
1994 2846 2105 2885 non

527 2939 719 2981 omnes
747 2924 1150 2989 consentirent,
1183 2923 1327 2994 apud
1363 2940 1421 2980 se
1447 2923 1670 2994 quidem
1716 2924 1920 2978 factum
1957 2923 2107 2977 dam-

525 3016 701 3070 navit.
759 3014 866 3071 Sed
918 3015 988 3072 ob
1030 3016 1394 3071 reverentiam
1429 3030 1553 3084 erga
1599 3014 1938 3080 Luciferum,
1986 3030 2104 3070 rem

525 3106 884 3163 dissimulans
912 3107 1220 3174 abscessit;
1255 3108 1535 3178 pollicitus
1557 3124 1617 3163 se
1639 3108 1693 3162 in
1718 3108 2102 3177 episcoporum

526 3197 766 3252 concilio
795 3204 994 3251 cuncta
1027 3197 1474 3253 emendaturum.
1506 3197 1705 3253 Postea
1758 3208 1939 3252 tamen
1977 3211 2101 3251 cum

418 3322 425 3329 -
527 3303 859 3359 magnopere
908 3289 1215 3345 laborasset
1262 3298 1324 3344 ut
1371 3296 1553 3359 partes
1599 3288 1987 3344 dissentientes
2033 3288 2100 3342 ad

2283 2056 2492 2124 όχειαν
2509 2055 2918 2124 ὑποστρέψας.
2944 2055 3041 2109 καὶ
3064 2056 3206 2121 τοὺς
3228 2054 3558 2124 ὁμοδόξους
3583 2054 3794 2122 διῃρη-

2276 2127 2502 2195 μένους
2521 2124 2721 2192 ,εὑρὼν
2763 2125 2861 2195 διὰ
2898 2125 3013 2192 τὴν
3050 2127 3354 2195 Παυλίνου
3396 2126 3792 2195 χειροτονίαν,

2283 2192 2381 2249 καὶ
2431 2196 2680 2262 τούτους
2718 2193 2936 2249 ἐνῶσαι
2981 2195 3067 2266 μὴ
3113 2192 3428 2264 δυνηθεὶς,
3477 2192 3792 2262 ὑπανεχώ-

2273 2279 2490 2333 mater.

2278 2377 2537 2443 Εὐσέϐιος
2568 2378 2625 2433 δὲ
2658 2381 2686 2434 ὁ
2716 2378 3034 2452 Βρεκέλλων
3075 2378 3403 2443 ἐπίσκοπος,
3451 2377 3612 2442 εὐθὺς
3649 2377 3791 2449 μετὰ

2205 2476 2306 2547 τὴν
2349 2477 2563 2532 σύνοδον
2615 2480 2680 2533 ἐκ
2724 2480 2823 2550 τῆς
2870 2477 3276 2549 Ἀλεξανδρείας
3319 2477 3411 2530 ἐπὶ
3455 2476 3556 2545 τὴν
3613 2474 3791 2529 Ἀντι-

2206 2570 2390 2641 όχειαν
2436 2556 2717 2641 ῶρρῖησεν.
2752 2568 2943 2642 Εύρὼν
2990 2566 3050 2622 τε
3081 2568 3349 2623 Παυλῖνον
3386 2568 3484 2639 μέν
3517 2565 3622 2620 ὑπὸ
3646 2567 3790 2620 Λου-

2207 2662 2431 2733 κίφερος
2487 2661 2973 2733 χειροτονηθέντα,
3017 2660 3089 2714 τὰ
3140 2659 3196 2713 δέ
3250 2659 3427 2731 πλήθη
3466 2657 3790 2728 διεστηκότα

2208 2752 2277 2824 (οἱ
2299 2752 2407 2825 γάρ
2436 2753 2674 2824 Μελιτίῳ
2705 2754 3171 2826 ἀκολουθήσαντες
3197 2753 3303 2824 ἰδίᾳ
3332 2750 3670 2822 συνήγοντο),
3689 2765 3791 2803 τα-

2209 2845 2431 2917 ραχθεὶς
2459 2845 2541 2899 ὅτι
2568 2848 2633 2917 τῇ
2665 2844 2934 2919 γενομένῃ
2963 2842 3270 2916 χειροτονίᾳ
3315 2844 3389 2914 μὴ
3432 2843 3636 2904 πάντες
3662 2857 3792 2894 συν-

2205 2936 2385 3008 ῄνουν,
2417 2937 2665 3006 κατέγνω
2694 2936 2790 3008 μὲν
2815 2936 2935 2991 καθ’
2965 2936 3155 2990 ἑαυτὸν
3177 2934 3290 3006 (50)
3309 2934 3416 3008 [τοῦ
3447 2932 3743 3003 γενομένου
3773 2950 3787 2962 ·

2204 3004 2270 3099 τῇ
2303 3027 2360 3081 δὲ
2389 3026 2525 3098 πρὸς
2554 3004 2866 3099 Ᾰουκνίφερα
2898 3026 3057 3092 αἰδοῖ,
3104 3004 3385 3096 σιωπήσας
3414 3021 3786 3094 ἀνεχώρησεν,

2204 3119 2672 3189 ἐπαγγειλάμενος
2722 3121 2781 3173 ἐν
2832 3119 3095 3190 συνεδρίῳ
3139 3118 3456 3173 ἐπισκόπων
3517 3114 3587 3168 τά
3633 3113 3789 3183 γενό-

2207 3226 2344 3279 μενα
2369 3210 2790 3282 διορθώσασθαι.
2816 3211 2927 3283 Καὶ
2960 3208 3098 3280 μετὰ
3122 3200 3292 3262 τάὖτα
3324 3206 3521 3278 πολλὴν
3548 3204 3789 3275 σπουδὴν

2205 3300 2429 3372 θέμενος
2454 3302 2648 3356 ὲνῶσαι
2674 3304 2800 3366 τοὺς
2829 3301 3140 3367 διεστῶτας,
3169 3302 3266 3354 οὐκ
3291 3300 3507 3371 ῐσχυσεν
3527 3316 3541 3329 ·
3579 3297 3788 3367 ἔφθασε

526 3378 875 3434 concordiam
913 3378 1218 3443 reduceret,
1250 3380 1304 3433 id
1342 3380 1603 3449 perlicere
1633 3393 1744 3434 non
1789 3380 1983 3450 potuit.
2015 3376 2103 3432 ln-

2213 3366 2549 3456 BE‘MSMTLOC
2587 3393 2687 3463 τῆς
2718 3392 2932 3464 ἐξορίας
2958 3366 3286 3447 ἐπανελθών.
3317 3366 3428 3444 Kal
3456 3366 3633 3460 εὑρὼν
3679 3388 3787 3458 ἰδίᾳ

526 3479 679 3526 terea
719 3485 847 3526 vero
879 3470 1127 3527 Meletius
1171 3470 1242 3526 ab
1283 3471 1480 3527 exsilio
1523 3485 1809 3542 regressus
1852 3479 1955 3526 est.
1998 3470 2103 3536 Qui

527 3577 653 3617 cum
691 3569 992 3619 sectatores
1045 3577 1175 3617 suos
1216 3576 1463 3618 seorsum
1507 3576 1537 3616 a
1582 3563 1808 3633 reliquis
1842 3563 2104 3621 collectas

528 3667 692 3722 agere
743 3651 1229 3722 deprehendisset,
1289 3653 1370 3709 eis
1416 3651 1651 3722 praefuit.
1706 3651 1815 3708 Sed
1864 3653 2102 3711 Euzoius

526 3743 748 3814 quidem
791 3743 1010 3798 Arianae
1053 3742 1294 3813 perﬁdiae
1323 3745 1554 3799 antistes
1584 3744 1835 3800 ecclesiis
1862 3745 2103 3814 potieba-

526 3844 638 3891 tur.
673 3832 938 3891 Paulinus
980 3849 1111 3889 vcro
1156 3848 1319 3889 unam
1370 3834 1640 3888 duntaxat
1678 3850 1742 3890 ex
1793 3835 2099 3895 minoribus

525 3925 775 3981 ecclesiis
826 3926 972 3980 intra
1024 3926 1213 3980 urbem
1256 3925 1516 3992 obtinuit,
1564 3942 1630 3981 ex
1658 3942 1764 3996 qua
1800 3927 1953 3981 illum
1989 3927 2098 3982 Eu-

526 4017 683 4074 zoius
728 4018 1034 4074 reverentia
1087 4017 1188 4073 viri
1229 4030 1558 4084 commotus,
1595 4033 1703 4073 non
1741 4018 1998 4089 ejecerat.
2032 4021 2102 4073 At

523 4109 774 4167 Meletius
801 4116 959 4165 extra
1011 4109 1165 4166 urbis
1195 4119 1386 4182 portas
1419 4111 1631 4182 plebem
1670 4111 1979 4182 colligebat.
2019 4111 2100 4165 Ad

524 4202 671 4257 hunc
701 4202 870 4273 igitur
899 4202 1120 4257 modum
1157 4202 1427 4260 Eusebius
1459 4211 1588 4259 tunc
1614 4204 1878 4274 temporis
1905 4204 2101 4258 Antio-

523 4292 647 4347 chia
668 4293 946 4349 discessit.
972 4293 1194 4350 Lucifer
1214 4311 1343 4351 vero
1365 4311 1489 4351 cum
1521 4296 1918 4353 ordinationem
1944 4312 2097 4354 suam

523 4385 595 4440 ab
639 4383 880 4441 Eusebio
911 4393 1222 4456 susceptam
1263 4401 1372 4441 non
1421 4403 1543 4443 esse
1587 4375 1936 4459 intelligeret,
1978 4404 2097 4443 eam

526 4490 638 4531 rem
669 4476 1019 4531 contumelia:
1056 4478 1178 4532 loco
1197 4477 1425 4542 ducens,
1451 4479 1779 4548 permoleste
1800 4479 1942 4533 tulit.
1968 4478 2101 4534 Pro-

523 4568 656 4625 inde
687 4570 757 4626 ab
802 4568 1027 4626 Eusebii
1054 4571 1438 4627 communione
1468 4586 1591 4627 sese
1621 4571 1890 4640 abjunxit,
1936 4581 1992 4628 et
2034 4590 2098 4629 ca

524 4676 647 4733 quae
676 4678 705 4717 a
736 4662 950 4734 synodo
977 4664 1194 4719 decreta
1237 4663 1475 4730 fuerant,
1511 4666 1694 4721 studio
1727 4668 2097 4722 contentionis

2207 3485 2602 3554 συναγομένους
2632 3484 2757 3547 τοὺς
2802 3483 3153 3547 συνελθόντας
3186 3481 3365 3553 αὐτῷ,
3410 3481 3617 3534 τούτων
3646 3496 3785 3549 προ-

2198 3575 2411 3630 ΐστατο.
2461 3576 2621 3630 Ἀλλὰ
2650 3576 2759 3631 τῶν
2791 3576 2889 3648 μὲν
2922 3576 3231 3649 ἐκκλησιῶν
3269 3574 3492 3646 ἐκράτει
3524 3571 3773 3636 Εύζώῖος

2204 3670 2231 3720 ὁ
2265 3666 2366 3736 τῆς
2409 3668 2691 3739 Ἀρειανῆς
2737 3667 3018 3739 προεστὼς
3053 3667 3373 3739 θρησκείας.
3412 3665 3683 3727 Παυλῖνός
3726 3680 3786 3717 τε

2208 3757 2337 3827 μίαν
2364 3756 2469 3810 τῶν
2501 3759 2712 3829 μικρῶν
2742 3759 2888 3813 ἔνδον
2914 3760 3011 3831 τῆς
3047 3758 3254 3821 πόλεως
3284 3754 3586 3825 ἐκκλησιῶν
3614 3749 3783 3825 εἶχεν,

2204 3844 2272 3921 ἦς
2297 3849 2456 3901 αὑτὸν
2487 3848 2725 3913 Εύζώῖος
2767 3850 2906 3905 αἰδοῖ
2932 3850 3000 3922 ’τῇ
3031 3849 3167 3920 πρὸς
3202 3848 3364 3902 αὑτὸν
3394 3848 3494 3901 οὐκ
3536 3845 3783 3913 ἐξέϐαλε.

2206 3939 2459 4005 Πελίτιος
2485 3940 2543 3994 δέ
2568 3939 2672 4006 ἔξω
2696 3941 2805 3995 τῶν
2842 3942 3023 3995 πυλῶν
3051 3941 3148 4011 τῆς
3177 3940 3382 4003 πόλεως
3410 3938 3508 4002 τὰς
3538 3953 3787 4005 novarat-

2207 4030 2312 4098 γὰς
2354 4031 2586 4085 ἐποιεῖτο
2606 4041 2653 4086 η.
2707 4032 2841 4085 Τότε
2875 4032 2973 4104 μὲν
3016 4031 3080 4102 δὴ
3125 4029 3266 4085 οὕτω
3308 4030 3406 4099 τῆς
3450 4027 3787 4098 Ἀντιοχείας

2202 4121 2461 4186 Εὐσέϐιος
2485 4123 2820 4194 ἀνεχώρησε.
2856 4122 3132 4196 Λούκιφερ
3161 4122 3219 4176 δὲ
3258 4120 3564 4192 πυθόμενος
3590 4120 3670 4191 μὴ
3700 4119 3787 4174 δέ·

2203 4212 2395 4282 χεσθαι
2428 4199 2826 4269 ὑπὸ-Εὐσεὸίου
2852 4214 2952 4287 τὴν
2994 4213 3326 4285 χειροτονίαν
3366 4211 3531 4287 αὐτού
3556 4251 3572 4276 ,
3623 4210 3787 4282 ὓϐριν

2209 4305 2419 4373 ἡγεῖτο,
2454 4306 2547 4359 κα)⁸
2570 4306 2757 4370 δεινῶς
2784 4307 3102 4377 ἠγανάκτει.
3136 4304 3442 4377 Διεκρίνετο
3466 4299 3560 4357 οὖν
3588 4320 3780 4356 κοινωο

2202 4398 2312 4448 νεῖν
2342 4394 2585 4466 Εὐσεϐίῳ
2608 4412 2623 4427 °
2669 4398 2762 4450 καὶ
2791 4397 2859 4451 τὰ
2882 4400 2948 4469 τῇ
2974 4396 3173 4469 συνόδῳ
3200 4395 3490 4468 ἀρέσαντα,
3525 4395 3780 4449 ἀποδοκι-

2206 4491 2398 4561 μάζειν
2449 4493 2515 4544 ἐκ
2561 4490 2888 4560 φιλονεικίας
2937 4490 3206 4543 ἐϐούλετο.
3262 4488 3450 4543 Ταῦτα
3499 4489 3559 4540 ἐν
3602 4485 3786 4557 καιρῷ

2202 4581 2378 4652 λύπης
2407 4581 2694 4652 λεγόμενα,
2728 4582 2955 4644 πολλοὺς
2977 4581 3076 4651 τῆς
3126 4577 3448 4649 Ἐκκλησίας
3474 4578 3783 4649 ἀπέστησε.

2202 4674 2314 4725 Καὶ
2354 4672 2560 4741 γίνεται
2612 4672 2773 4726 πάλιν
2823 4670 3267 4739 Λουκιφεριανῶν
3312 4669 3477 4741 ἑτέρα
3543 4668 3780 4739 αἵρεσις.

525 4754 816 4823 adductus,
851 4755 1020 4826 coepit
1051 4756 1473 4827 reprehendere.
1509 4755 1635 4812 Haec
1662 4757 1792 4812 dum
1825 4773 1922 4828 per
1959 4768 2095 4813 tem-

2214 4762 2374 4816 Ἀλλὰ
2404 4764 2679 4835 Λούκιφερ
2725 4763 2822 4834 τὴν
2852 4764 3021 4834 ὀργὴν
3060 4760 3456 4832 ἀποπληρῶσαι
3485 4760 3587 4812 οὐκ
3625 4759 3783 4830 ἴσχυ-

593 4955 641 4988 ⁶⁶
675 4954 833 5012 Joan.
865 4956 1063 5020 vn,50.
1140 4955 1183 4986 "
1221 4954 1378 5009 Joau.
1415 4970 1474 5018 Il,
1504 4955 1558 5008 4.
1635 4953 1680 4985 ⁸⁸
1720 4955 1910 5010 Matth.
1943 4971 2090 5021 χχιιι,
2131 4956 2218 5012 45.

1705 5116 1975 5174 VALESII
2013 5120 2572 5177 ANNOTATIONES.

590 5213 704 5286 (50)
749 5215 1024 5284 Katérrw
1071 5215 1189 5282 μὲν
1236 5218 1364 5269 καθ’
1415 5216 1652 5270 ἑαυτοῦ.
1724 5216 2085 5273 Scribendum

2243 5221 2366 5274 καθ’
2410 5220 2624 5283 ἑαυτόν,
2686 5229 2742 5275 ιιι
2785 5220 3017 5276 habetur
3070 5220 3126 5274 in
3184 5218 3376 5275 codice
3411 5215 3766 5272 Florentino.

1955 5366 2264 5428 VARIURU
2276 5375 2344 5425 Μ.

576 5468 615 5501 ’³³
645 5462 922 5526 Μελίτιος
948 5459 1016 5513 δὲ
1048 5459 1164 5525 ἔξω
1192 5459 1310 5514 τῶν
1330 5460 1541 5515 πυλῶν
1577 5458 1685 5527 τῆς
1730 5463 1960 5528 πόλεως
1985 5462 2091 5527 τὰς

513 5530 871 5602 συναγωγὰς
906 5530 1180 5586 ἐποιεῖτο.
1219 5530 1507 5584 Antiochia
1530 5532 1581 5602 in
1614 5532 1753 5586 duas
1788 5531 2092 5602 urbesufuit

513 5598 715 5664 divisa,
750 5598 1032 5671 antiquam
1061 5616 1167 5661 επ..
1195 5616 1317 5669 quae
1342 5601 1645 5655 secundum
1682 5603 1906 5657 Orontis
1945 5598 2091 5655 fluvii

513 5687 666 5727 oram
696 5673 917 5741 longum
950 5678 1112 5727 terra:
1136 5672 1440 5739 occupabat
1473 5673 1745 5741 spatium;
1776 5679 1831 5726 et
1872 5687 2091 5735 novam,

515 5744 571 5797 iu
602 5740 848 5810 ejusdem
873 5740 1023 5795 ﬂuvii
1058 5741 1235 5795 insula
1258 5743 1443 5807 sitam,
1476 5740 1648 5796 ferma
1679 5741 1934 5803 rotunda,
1971 5756 2092 5811 quas

520 5813 762 5884 quinque
800 5812 1060 5885 pontibus
1093 5812 1329 5883 antiquae
1356 5812 1706 5884 jungebatur.
1756 5813 1813 5867 ln
1865 5813 2092 5883 antiqua

2196 5464 2448 5519 exstabat
2478 5480 2634 5522 vetus
2662 5465 2894 5521 ecclesia
2923 5479 2990 5519 an
3028 5462 3288 5533 apostolis
3325 5458 3575 5533 fundata,
3609 5469 3773 5533 quam

2196 5535 2320 5590 ideo
2361 5537 2716 5604 apostolicam
2749 5545 2908 5591 vocat
2938 5529 3426 5604 Thicodoretusﬁn
3466 5543 3575 5600 qua
3612 5529 3773 5583 Mele-

2197 5606 2308 5660 tius
2372 5603 2676 5661 conventus
2732 5607 2943 5677 agebat.
3007 5603 3273 5677 Paulinus
3342 5615 3473 5677 vero
3531 5609 3773 5677 parvam

2194 5691 2350 5730 suam
2397 5677 2686 5730 ecclesiam
2731 5666 2794 5730 inv
2813 5690 2956 5729 nova
2988 5674 3125 5729 urbe
3155 5668 3481 5738 occupabat.
3521 5666 3628 5738 (Cl.
3660 5666 3775 5721 hio-

2195 5746 2353 5802 nachi
2384 5745 2721 5803 Benedictini
2761 5746 2817 5800 in
2850 5743 3108 5799 Athanas.
3144 5742 3255 5799 vol.
3284 5737 3424 5806 ΠΛ).
3464 5737 3616 5809 771.)
