4016 6350
286 387 384 444 tas

1232 397 1558 456 HISTORIA
1615 399 2173 459 ECCLESIASTlCA.
2239 401 2554 460 —LlB.lll

3432 369 3536 465 ιιι)

278 508 511 598 λέγουσα
536 509 626 563 τὸν
661 510 781 565 raw
810 512 888 584 τῷ
916 515 1095 587 Πατρὶ
1120 517 1242 571 καθ’
1270 519 1590 576 ὑπόστασιν.
1615 519 1845 575 Τοιαῦτα

1951 533 2060 589 que
2108 518 2371 575 labantur
2413 535 2730 589 excessum,
2778 522 3014 579 mediam
3070 524 3216 581 inter
3270 531 3537 598 utrasque

286 597 380 668 μὲν
411 594 507 652 οὖν
553 601 605 653 oi
643 603 1032 659 Μακεδονιανοὶ
1062 607 1201 679 πρὸς
1235 609 1337 681 τὴν
1371 610 1563 665 πεῦσιν
1603 610 1695 664 διὰ
1737 611 1843 665 Σω-

284 689 496 760 φρονίου
518 692 903 765 ἀπεκρίναντο,
932 698 1072 753 καθὰ
1092 704 1122 756 ὁ
1140 702 1364 767 Σαϐῖνος
1385 704 1444 757 ὲν
1467 706 1532 777 τῇ
1555 706 1846 777 συναγωγῇ

280 780 385 832 τῶν
433 783 726 840 συνοδικῶν
767 804 920 858 φησι.
966 792 1065 846 Διὰ
1111 792 1167 847 δὲ
1204 793 1299 849 τοῦ
1352 794 1667 866 μέμψασθαι
1732 796 1848 850 Ἀέ-

278 886 387 922 τιον
418 870 532 940 (55)
564 874 642 938 ὡς
669 876 765 930 τοῦ
788 879 1039 951 ἀνομοίου
1067 885 1328 956 ἀρχηγὸν,
1359 887 1453 940 καὶ
1477 888 1551 959 μὴ
1568 890 1694 954 τοὺς
1722 888 1850 959 περὶ

290 960 564 1026 Ἀκάκιον,
601 965 882 1035 φαίνονται
917 973 1256 1045 σοφιζόμενοι
1297 977 1397 1049 τὴν
1445 979 1724 1050 ἀλήθειαν,
1758 979 1844 1034 δο-

278 1050 496 1140 κοῦντες
523 1053 582 1106 ὲν
612 1056 766 1127 μέρει
790 1060 915 1123 τοὺς
952 1062 1259 1133 Ἀρειανοὺς
1282 1068 1569 1133 ἐκκλίνειν,
1602 1072 1660 1123 ὲν
1689 1070 1846 1140 μέρει

278 1134 331 1227 δε
357 1138 484 1201 τοὺς
517 1142 850 1210 φρονοῦντας
875 1147 935 1200 τὸ
959 1150 1257 1220 ὀμοούσιον.
1307 1156 1652 1227 Ἐλέγχονται
1675 1134 1732 1213 δὲ
1758 1134 1846 1213 διὰ

278 1225 379 1319 si};
417 1228 558 1294 ἰδίας
620 1236 802 1305 φωνῆς
826 1275 843 1300 ,
901 1238 983 1291 ὅτι
1035 1242 1357 1315 ἀμφοτέρων
1399 1225 1847 1319 καινοτομοῦντες

279 1314 553 1409 ἐξέδυσαν.
586 1324 836 1379 Τοσαῦτα
868 1326 931 1398 δὴ
960 1332 1054 1383 καὶ
1085 1334 1212 1402 περὶ
1250 1314 1457 1390 σούτων
1485 1314 1742 1409 laniﬁca.

1948 610 2281 666 sententiam
2316 612 2506 682 pietati
2539 613 2865 685 veritatique
2901 617 3080 688 magis
3110 631 3419 688 congruere
3443 618 3536 687 ju-

1949 699 2276 763 dicavimus.
2315 716 2437 757 eam
2472 703 2684 759 scilicet
2710 719 2834 773 quae
2878 703 3077 759 Filium
3108 704 3257 760 Patri
3291 705 3532 762 similem

1948 805 2072 847 esse
2103 793 2299 848 statuit
2328 793 2634 849 secundum
2665 795 3028 866 bypostasim.
3063 795 3193 853 Haec
3236 805 3367 853 sunt
3411 812 3536 868 qua

1952 883 2333 941 Macedoniani
2359 884 2427 940 ad
2462 887 2609 941 illam
2645 888 3132 960 interrogationem
3160 905 3258 960 per
3281 889 3533 961 Sophro-

1952 976 2101 1030 nium
2132 976 2554 1045 responderunt,
2588 980 3052 1048 quemadmodum
3084 981 3253 1036 tradit
3292 979 3535 1037 Sabinus

1951 1068 2009 1124 in
2042 1069 2380 1124 Collectione
2407 1079 2692 1139 gestorum
2727 1070 3100 1142 synodalium.
3142 1071 3340 1128 Verum
3372 1073 3428 1127 in
3467 1088 3536 1129 eo

1952 1160 2099 1231 quod
2137 1160 2357 1216 Aetium
2393 1161 2545 1217 velut
2587 1169 2867 1218 auctorem
2913 1164 3192 1234 opinionis
3237 1166 3536 1221 Anomoeo-

1954 1266 2097 1313 rum,
2136 1266 2244 1306 non
2282 1260 2464 1306 autem
2498 1251 2762 1306 Acacium
2811 1253 3154 1318 insimulant,
3189 1254 3413 1309 veritati
3450 1253 3536 1308 fu-

1955 1356 2079 1396 cum
2116 1341 2298 1398 l‘acere
2335 1343 2614 1408 videntur,
2643 1344 2772 1399 dum
2810 1345 3011 1413 partim
3043 1346 3299 1408 Arianos.
3328 1346 3533 1416 partim

280 1406 674 1504 bovuousianos
706 1417 962 1474 nituntur
989 1422 1249 1494 ellugere.
1282 1426 1497 1484 Etenim
1542 1406 1661 1487 suis
1700 1431 1946 1503 ipsorum
1968 1434 2154 1489 verbis
2182 1406 2614 1503 convincuntur,
2680 1406 2827 1504 quod
2894 1438 3155 1495 novitatis
3220 1406 3405 1495 studio
3463 1438 3534 1493 ab

277 1500 528 1572 utrisque
558 1505 937 1565 discesserint.
970 1510 1167 1570 Verum
1193 1518 1263 1573 de
1289 1519 1376 1577 bis
1402 1520 1687 1579 hactenus.

869 1622 1121 1679 ΚΕΦΑΛ.
1156 1627 1260 1680 IA'.

287 1699 379 1768 Ὠς
415 1705 450 1757 δ
482 1704 786 1775 ,ϐασιλεὺς
826 1709 1157 1793 Ἰολιιλιιζνὸς
1200 1717 1473 1793 χρήματα
1519 1721 1662 1791 τοὺς
1707 1725 1843 1793 Χρι-

686 1782 973 1848 στιανοὺς
1001 1782 1436 1855 εὶσεπρἇττέτο.

2599 1629 2754 1685 CAP.
2788 1629 2878 1684 Xl.

2237 1718 2515 1789 Quomodo
2544 1721 2671 1789 imp.
2705 1718 2960 1775 Julianus
2997 1736 3249 1789 pecunias

2404 1806 2437 1843 a
2471 1788 2794 1845 Christianis
2827 1788 3073 1861 exegerit.

333 1860 412 1968 ’Ὀ
460 1864 646 1968 μέντοι
687 1868 938 1938 βασιλεὺς
996 1876 1280 1946 Ἰουλιανὸς
1326 1883 1445 1936 κατ’
1491 1884 1668 1956 ἀρχὰς
1712 1887 1845 1957 ἡδὺς

2019 1878 2290 1936 Caeterum
2325 1880 2625 1949 imperator
2663 1860 2933 1937 Julianus,
2957 1896 3082 1936 cum
3111 1882 3270 1937 initio
3315 1882 3529 1953 imperii

272 1957 383 2049 τοῖς
435 1957 604 2011 πᾶσιν
659 1963 848 2030 φανεὶς
868 1976 918 2027 tl,
979 1970 1286 2039 προϐαίνων
1335 1974 1396 2027 οὐ
1448 1979 1612 2031 πᾶσιν
1663 1978 1845 2049 ὅμοιος

1951 1972 2160 2028 cunctis
2212 1971 2354 2026 lenis
2405 1985 2470 2025 ac
2515 1971 2769 2042 placidus
2817 1972 2972 2028 visus
3016 1981 3182 2039 esset,
3229 1981 3529 2046 progressu

212 2057 223 2061 '
275 2042 565 2105 ὲδείκνυτο.
612 2052 756 2106 Ἀλλ’
801 2055 929 2110 ἔνθα
964 2061 1062 2129 μὲν
1105 2063 1322 2134 διαϐολή
1372 2083 1456 2130 τις
1503 2070 1643 2123 κατὰ
1689 2042 1845 2125 ίίωνξ

277 2137 518 2191 σταντίου
550 2141 780 2210 ἐγίνετο,
816 2148 1201 2220 προθυμότατα
1238 2157 1349 2220 τοῖς
1375 2154 1721 2227 Χριπιανοῖς
1746 2163 1845 2227 τὰς

275 2227 518 2322 αίτήσεις
548 2238 830 2305 παρεῖχεν.
866 2241 1038 2296 Ὅπου
1069 2244 1126 2298 δὲ
1152 2246 1226 2317 μὴ
1258 2248 1416 2302 τοῦτο
1435 2247 1522 2322 ἦν,
1557 2253 1618 2306 τὸ
1644 2256 1844 2308 οἰκεῖον

276 2407 381 2501 ριῖις
403 2412 570 2466 πᾶσιν
596 2414 966 2474 ἀπεδείκνυεν.
988 2423 1197 2479 Αὐτίκα
1220 2426 1349 2494 γοῦν
1370 2407 1722 2484 Ναυατιανῶν
1746 2430 1845 2501 μὲν

270 2500 369 2571 τὴν
396 2504 453 2555 ὲν
489 2505 719 2579 Κυζίκῳ
746 2512 1040 2584 ἐκκλησίαν
1066 2518 1170 2570 ὗπὸ
1202 2519 1439 2583 Εὐζωΐου
1472 2522 1581 2592 (56)
1612 2524 1692 2588 ei;
1720 2500 1844 2578 ἔδαο

273 2610 371 2660 φος
418 2599 874 2671 καθαιρεθεῖσαν,
922 2607 1339 2682 οἰκοδομηθῆναι
1392 2614 1624 2678 κελεύει,
1676 2634 1843 2671 κατα·

270 2686 423 2761 δίκην
484 2691 798 2769 βαρυτάτην
846 2701 1055 2767 ἐπιθεὶς
1116 2705 1373 2776 Ἐλευσίῳ
1420 2706 1499 2779 τῷ
1551 2710 1678 2780 τῇδε
1723 2710 1842 2763 ἑπι-

272 2781 461 2873 σκόπῳ
484 2825 499 2846 ,
545 2785 612 2854 ἢν
646 2790 722 2859 μὴ
764 2793 912 2857 ἐντὸς
945 2794 1038 2848 δύο
1066 2798 1252 2866 μηνῶν
1276 2800 1497 2865 οἰκείοις
1525 2801 1842 2873 ἀναλώμασι

268 2871 368 2940 τὴν
406 2876 718 2948 οἰκοδομίαν
764 2884 1072 2954 ποιήσηται.
1126 2888 1229 2941 Τὸν
1270 2890 1449 2958 μέντοι
1489 2871 1843 2965 Ἐλληνισμὸν

271 2965 606 3053 συνεκρότει.
674 2970 782 3022 Καὶ
833 2973 899 3027 τὰ
948 2975 1045 3044 μὲν
1096 2978 1217 3050 ἱερᾶ
1258 2981 1367 3034 τῶν
1408 2983 1716 3053 Ἑλλήνων,
1767 2986 1842 3049 ὡς

269 3052 426 3122 ἔφην,
457 3057 733 3127 ἠνέῳκτου
770 3062 958 3129 θυσίας
981 3067 1036 3119 δὲ
1063 3066 1303 3124 ἐπετέλει
1332 3077 1397 3145 τῇ
1434 3077 1840 3132 Κωνσταντίνου

272 3146 480 3211 πόλεως
506 3150 657 3223 Τύχῃ
688 3153 921 3229 δημοσίᾳ
954 3161 1009 3211 ἐν
1035 3166 1100 3232 τῇ
1134 3164 1382 3237 βασιλικῇ
1414 3167 1547 3238 (57),
1588 3168 1713 3223 ἔνθα
1745 3170 1838 3225 καὶ

267 3240 329 3292 τὸ
351 3240 451 3312 τῆς
481 3243 665 3317 Τύχης
704 3248 911 3320 ἵδρυται
952 3251 1192 3324 ἄγαλμα.

278 2321 457 2411 μῖσος.
489 2322 518 2375 ὃ
549 2329 705 2398 κοινῇ
732 2329 874 2383 κατὰ
901 2333 1117 2388 πάντων
1144 2321 1482 2407 Χριστιανῶν
1510 2337 1642 2411 εἶχε,
1679 2359 1844 2410 φανε-
1869 2349 1879 2364 ‘

1947 2062 2215 2133 temporis
2248 2078 2358 2117 non
2394 2061 2650 2117 eumdem
2679 2077 2739 2118 se
2777 2078 2908 2134 erga
2961 2065 3121 2135 187
3167 2080 3357 2122 omnes
3387 2081 3530 2136 pm—

1945 2154 2087 2209 buit.
2118 2153 2443 2224 Ubicunque
2495 2154 2639 2210 enim
2667 2156 2891 2211 occasio
2914 2155 3154 2211 dabatur
3180 2157 3530 2214 obtrectandi

1943 2245 2289 2309 Constantio,
2335 2246 2778 2303 Christianorum
2820 2248 3183 2317 petitionibus
3223 2249 3526 2305 annuebat.

1946 2338 2047 2394 Ubi
2081 2354 2215 2393 vero
2246 2338 2351 2394 ista
2380 2338 2604 2394 occasio
2630 2338 2858 2394 minime
2887 2340 3525 2410 suppetebat,privatum

1941 2429 2131 2484 odium
2192 2429 2339 2503 quod
2371 2440 2566 2485 contra
2618 2430 2912 2487 universos
2939 2431 3290 2489 Christianos
3325 2449 3530 2489 conce-

1942 2528 2120 2590 perat,
2172 2521 2356 2589 palam
2411 2522 2673 2577 omnibus
2721 2523 3072 2579 ostendebat.
3123 2522 3318 2579 Statim
3360 2524 3531 2596 igitur

1940 2612 2227 2667 ecclesiam
2255 2611 2688 2669 Novatianorum
2723 2615 2779 2670 in
2810 2616 2948 2671 urbe
2976 2616 3197 2688 Cyzico,
3223 2633 3389 2688 quam
3418 2616 3530 2672 Eu-

1941 2704 2098 2759 zoius
2132 2704 2251 2759 solo
2276 2713 2612 2774 aequaverat,
2638 2706 2939 2761 instaurari
2964 2707 3163 2777 jubet:
3196 2709 3528 2777 gravissima

1940 2797 2109 2851 multa
2146 2797 2365 2853 Eleusio
2400 2798 2522 2866 ejus
2558 2799 2800 2854 civitatis
2834 2799 3098 2870 episcopo
3136 2800 3368 2862 indicta,
3409 2801 3527 2855 nisi

1940 2887 2085 2942 intra
2122 2886 2382 2942 bimestre
2410 2888 2649 2957 spatium
2681 2888 2797 2943 suis
2824 2889 3139 2957 sumptibus
3180 2889 3328 2943 illam
3365 2889 3528 2943 resti-

1939 2979 2155 3035 tuisset.
2202 2978 2497 3034 Gentilium
2546 2986 2732 3036 autem
2784 2980 3104 3049 religionem
3150 2981 3299 3035 omni
3341 2980 3529 3035 studio

1941 3086 2260 3142 promovere
2311 3072 2495 3141 cmpit.
2538 3072 2616 3126 Ac
2664 3072 2863 3140 templa
2907 3072 3132 3142 quidem
3186 3086 3525 3142 paganorum

1942 3163 2180 3232 aperuit,
2213 3172 2270 3217 ut
2297 3170 2454 3217 antea
2494 3164 2633 3218 dixi.
2668 3162 2791 3234 Ipse
2820 3179 2950 3218 vero
2988 3163 3165 3218 Genio
3194 3163 3348 3217 urbis
3378 3162 3527 3217 Con-

1866 3256 1908 3312 C
1943 3253 2444 3329 stantinopolitanat
2489 3254 2700 3310 hostias
2744 3255 2963 3324 publice
3005 3253 3311 3308 immolavit
3340 3253 3394 3305 in
3430 3253 3527 3307 ba‘

1949 3345 2131 3410 silica,
2162 3346 2216 3399 in
2268 3360 2376 3416 qua
2422 3344 2661 3417 positum
2700 3353 2786 3401 est
2832 3345 3190 3402 simulacrum
3230 3343 3386 3399 Genii
3419 3360 3526 3415 pu-

1952 3436 2102 3491 blici.

1469 3602 1737 3660 VALESII
1780 3606 2332 3668 ANNOTATIONES.

342 3691 456 3761 (53)
489 3691 594 3748 Διὰ
627 3692 696 3748 δὲ
747 3692 852 3747 τοῦ
889 3693 1237 3761 μέμψασθαι
1264 3693 1507 3752 Ἀέτιον.
1545 3695 1645 3749 Hic
1690 3697 1844 3753 locus

271 3777 381 3819 non
416 3765 689 3819 modicam
722 3763 911 3835 _babet
952 3765 1351 3826 dilﬁcultatem,
1405 3780 1469 3819 ac
1523 3782 1845 3835 TCSpOIlSlllll

270 3836 493 3901 quidem
536 3836 687 3905 illud
720 3832 1238 3889 Macedoniauorum
1275 3834 1419 3904 quod
1456 3832 1627 3905 supra
1655 3853 1719 3891 ex
1751 3837 1849 3891 Sa-

273 3905 403 3960 bino
442 3907 633 3961 retulit
656 3903 934 3967 Socrates,
969 3907 1104 3959 satis
1145 3903 1437 3961 obscurum
1472 3903 1574 3961 est.
1601 3907 1847 3962 Censura

271 3990 404 4047 vero
435 3992 501 4031 ac
532 3975 887 4047 reprehensio
916 3973 1161 4047 ejusdem
1202 3977 1469 4044 responsi,
1498 3992 1660 4044 quam
1706 3993 1851 4047 nunc

272 4043 537 4102 Socrates
568 4043 877 4115 subiungit,
913 4046 1089 4115 adhuc
1132 4043 1351 4098 videtur
1394 4043 1702 4101 obscurior.
1737 4046 1847 4101 Nec

269 4116 573 4187 quidquam
622 4132 724 4171 nos
750 4116 973 4187 adjuvat
1011 4114 1371 4187 Nicephorus,
1420 4117 1512 4185 qui
1563 4116 1706 4187 hunc
1740 4115 1844 4171 So-

270 4185 444 4244 cratis
483 4189 666 4243 locum
714 4201 851 4255 pene
881 4185 948 4238 ad
996 4186 1220 4255 verbum
1253 4187 1565 4253 exscripsit.
1607 4185 1845 4240 Conabi-

271 4274 399 4310 mur
454 4266 640 4313 tamen
710 4254 913 4323 aliquid
964 4254 1210 4324 proferre
1284 4257 1351 4308 ad
1426 4256 1842 4310 illustrationem

270 4328 441 4393 liuius
476 4330 604 4385 loci.
634 4327 757 4381 lltec
785 4326 950 4394 igitur
977 4334 1060 4378 est
1093 4335 1281 4379 nostra
1315 4324 1584 4379 sententia
1612 4342 1624 4376 :
1668 4326 1840 4379 luter-

270 4402 450 4468 rogati
482 4409 644 4455 erant
676 4394 1052 4452 Macedoniani
1092 4399 1447 4463 quamobrem
1488 4394 1844 4468 dissentirent

271 4466 365 4524 ab‘
422 4471 664 4533 Acacio,
737 4479 974 4534 quocum
1047 4473 1205 4518 antea
1268 4466 1841 4520 communicaverant.

271 4539 696 4608 Respondentes
744 4536 843 4596 illi,
883 4535 1302 4608 Homousianos
1350 4536 1726 4608 causabantur
1773 4544 1845 4608 _et

1946 3702 2249 3758 asscruisse
2277 3701 2474 3757 Filium
2508 3700 2604 3758 Dei
2627 3702 2812 3773 ὅμοιον
2842 3701 2984 3757 κατὰ
3008 3702 3206 3773 πάντα,
3230 3709 3284 3757 et
3311 3701 3531 3773 ὁμοιού-

1947 3787 2059 3844 σιον
2090 3774 2330 3844 primum
2362 3771 2729 3844 excogitasse.
2763 3772 3034 3843 Fuitergo
3061 3789 3127 3830 ex
3161 3771 3524 3827 Semiariauis

1947 3842 2172 3913 perinde
2203 3850 2367 3913 atque
2390 3842 2651 3913 Aeacius.

2018 3911 2132 3981 (56)
2186 3911 2330 3966 Ὑπὸ
2364 3911 2633 3972 Εὺζὶυΐου.
2679 3912 3042 3968 Scribendum
3085 3920 3170 3967 est
3213 3912 3317 3965 ὑπὸ
3349 3912 3533 3966 Ἐλευ-

1950 3979 2199 4052 {iamut
2254 3998 2320 4036 ex
2375 3984 2731 4049 sequentibus
2784 3993 3030 4052 apparet.
3079 3984 3256 4051 Atque
3292 3983 3366 4035 ita
3400 3984 3533 4051 legit

1951 4049 2509 4122 Cbristophorsonus,
2541 4060 2600 4105 ut
2639 4068 2704 4107 ex
2744 4049 3194 4122 interpretatione
3217 4053 3339 4121 ejus
3375 4049 3533 4107 colli-

1954 4120 2119 4190 gitur.
2150 4120 2281 4175 Vide
2305 4121 2691 4175 Sozomenum.

2021 4190 2135 4259 (57)
2190 4192 2286 4244 Ἐν
2321 4190 2396 4257 τῇ
2424 4191 2745 4259 βασιλικῇ.
2804 4190 3050 4258 intelligo
3093 4191 3377 4244 basilicam
3410 4206 3532 4260 quae

1949 4267 2069 4329 erat
2103 4261 2156 4314 in
2213 4261 2435 4328 regione
2460 4270 2654 4328 quarta
2698 4262 2851 4314 urbis
2882 4261 3525 4329 Constantinopoiitanm.

1952 4328 2077 4400 llaec
2095 4330 2239 4384 enim
2264 4331 2659 4400 simpliciteret
2683 4332 2934 4385 absolute
2962 4330 3194 4384 Basilica
3217 4330 3527 4400 dicebatur.

1950 4399 2136 4468 Altera
2189 4414 2322 4454 vero
2363 4398 2489 4454 cum
2533 4399 2891 4468 adjunctionc
2944 4402 3250 4455 vocabatur
3294 4398 3531 4454 Basilica

1951 4467 2358 4534 Theodosiana,
2389 4485 2511 4538 qua:
2546 4467 2665 4540 erat
2702 4472 2754 4523 in
2796 4471 3016 4539 regione
3055 4472 3309 4540 septima,
3337 4479 3393 4522 ut
3427 4471 3529 4525 do-

1950 4550 2035 4621 cet
2060 4551 2225 4621 vetus
2260 4542 2574 4621 descriptio.
2593 4539 2834 4609 ejusdem
2863 4541 3034 4621 urbis.
3064 4539 3129 4595 In
3148 4542 3329 4621 priore
3350 4540 3532 4621 igitur

269 4603 512 4681 Aelium.
542 4609 686 4663 Nihil
712 4608 811 4662 hoc
828 4607 893 4681 ad
917 4620 1052 4681 re").
1083 4606 1216 4681 ἀίοίὲ
1250 4603 1533 4681 δοετβιεδῃ
1560 4603 1682 4681 Νοιξ
1700 4605 1841 4657 enim
1879 4612 1922 4668 D
1951 4610 2183 4681 Basilica
2232 4603 2468 4681 positum
2505 4603 2637 4664 oliui
2680 4618 2799 4666 erat
2839 4603 3196 4664 simulacrum
3228 4603 3411 4664 Genii'
3430 4626 3533 4680 pu-

270 4680 341 4734 de
368 4676 877 4747 Aetiointerrogati
915 4676 1073 4747 estis,
1122 4676 1214 4729 sed
1245 4675 1311 4728 de
1360 4675 1609 4747 Acacio;
1660 4673 1844 4747 fucum

270 4752 501 4805 omnino
528 4751 712 4803 facitis
750 4744 1007 4809 veritati;
1066 4760 1193 4800 nam
1237 4753 1291 4797 et.
1342 4745 1575 4797 Aeacius
1621 4744 1847 4812 perinde

272 4833 336 4873 ac
385 4837 486 4876 vos
532 4820 757 4874 damnat
786 4817 926 4871 Aetii
959 4815 1174 4884 dogma.
1200 4812 1356 4878 Quod
1386 4815 1429 4868 si
1461 4814 1602 4867 Aetii
1638 4814 1846 4884 dogma

271 4890 573 4956 damnatis,
609 4906 717 4944 non
740 4889 863 4943 idco
929 4883 1111 4940 minus
1157 4886 1292 4939 estis
1343 4885 1598 4938 haeretici.
1634 4883 1848 4956 Vestris

271 4954 769 5028 siquidemrerbis
805 4957 1062 5011 novitatis
1110 4970 1205 5011 seu
1249 4954 1848 5028 haareseosconvinci—

272 5024 428 5093 mini,
461 5031 595 5084 dum
642 5029 843 5083 Filium
896 5028 1081 5081 dicitis
1127 5028 1310 5096 ὅμοιον
1366 5024 1487 5078 καθ’
1527 5025 1844 5079 ὑπόστασιν.

273 5100 329 5153 lu
356 5116 467 5169 quo
502 5109 558 5156 ct
600 5115 633 5155 a
671 5099 966 5154 Catholicis
1006 5096 1239 5151 Nicama:
1292 5096 1414 5149 ﬁdei
1479 5096 1848 5169 sectatoribus

272 5167 605 5235 dissentitis,
664 5171 756 5241 qui
811 5169 1338 5241 consubstantialem
1387 5167 1750 5241 profitentur;
1794 5171 1848 5219 et

274 5244 342 5296 ab
370 5243 622 5307 Ariauis,
657 5238 752 5309 qui
798 5248 1131 5298 creaturam,
1164 5247 1258 5291 aut
1287 5238 1610 5309 dissimilem
1647 5252 1848 5290 seruu-

274 5316 399 5368 dmn
432 5308 807 5369 substantiam
842 5310 1178 5364 asserebant.
1215 5310 1371 5362 Certe
1401 5308 1763 5360 'l‘lmmlorilus
1796 5308 1847 5358 in

273 5384 410 5440 libro
439 5402 495 5440 iv
528 5382 925 5437 llwreticarum
977 5379 1306 5448 fabularum,
1352 5380 1428 5431 ait
1467 5377 1847 5432 llaecdouium

1949 4680 2074 4734 blici
2113 4680 2264 4737 urbis
2310 4680 2951 4749 Constantinopolitanae.
2986 4682 3076 4733 Sic
3104 4682 3247 4734 enim
3270 4682 3532 4733 vertenda

1949 4762 2077 4821 sunt
2118 4752 2229 4804 hrec
2266 4749 2512 4806 Socratis
2537 4751 2725 4813 verba,
2753 4753 2818 4821 τῇ
2863 4751 3274 4804 Κωνσταντίνου
3321 4749 3531 4811 πόλεως

1947 4820 2082 4892 τύχῃ
2136 4821 2388 4892 δημοσίᾳ,
2452 4836 2581 4892 non,
2626 4830 2698 4892 ut_
2747 4820 3290 4892 Cbristophorsonus
3347 4821 3530 4892 vertit,

1949 4878 2499 4959 furiariw'popularis.
2526 4878 2702 4945 Graeci
2734 4891 2878 4943 enim
2904 4878 3075 4960 τύῇίην
3105 4890 3290 4960 dicere
3330 4878 3532 4949 solent.

1989 4977 2109 5014 uem
2162 4960 2338 5015 Latini
2393 4962 2628 5016 Genium
2704 4969 2937 5026 vocant;
2977 4959 3056 5014 et
3113 4959 3274 5029 τυχία
3328 4961 3533 5029 templa

2000 5030 2108 5083 «atrii
2158 5032 2387 5100 publici,
2431 5040 2491 5085 ut
2539 5030 2723 5086 notavi
2760 5030 2813 5082 in
2863 5027 3277 5100 commentariis
3316 5035 3429 5100 uim
3465 5027 3537 5077 ad

1952 5096 2299 5153 Ammianum
2326 5100 2724 5162 Marcellinum,
2753 5106 2866 5152 tum
2907 5099 2975 5153 ad
3002 5099 3318 5154 Eusebium.
3346 5096 3536 5162 Quan-

1955 5185 2118 5238 quam
2169 5172 2402 5240 δημοσίᾳ
2452 5171 2555 5224 boc
2603 5172 2721 5225 loco
2762 5185 2869 5222 non
2932 5170 3172 5240 refertur
3226 5167 3295 5221 ad
3340 5182 3535 5220 vocem

1954 5240 2113 5313 τύχῃ,
2147 5239 2251 5313 εοςι
2282 5239 2465 5313 potius
2505 5240 2886 5313 adverbialiter
2938 5239 3266 5296 sumendum
3314 5244 3422 5302 est,
3477 5243 3532 5290 et

1956 5310 2304 5365 referendum
2325 5311 2393 5364 ad
2413 5313 2638 5366 verbum
2664 5310 2929 5364 ἐπετέλει.

1729 5516 2114 5573 VARIORUM.

339 5634 366 5675 (1
402 5621 582 5685 ’Πόὺς
620 5619 746 5684 τοῖς
770 5614 960 5671 πεῖσιῦ
978 5617 1203 5685 φανείς.
1228 5615 1477 5671 Julianus
1497 5617 1725 5685 epistola
1754 5617 1843 5678 45,

1955 5614 2220 5674 trahatur,
2274 5628 2440 5685 neque
2473 5611 2594 5685 alia
2611 5610 2674 5663 de
2719 5627 2773 5664 re
2805 5609 2938 5685 ulla,
2970 5606 3531 5685 prmlcr_voluntatcut

274 5693 546 5749 Het'clmlo
573 5710 586 5745 :
620 5689 762 5758 Ἐγὼ
782 5690 878 5760 μὲν
906 5689 1138 5758 κέκρικα
1155 5692 1264 5750 τοῖς
1304 5689 1637 5760 Γαλιλαίοις·
1690 5687 1848 5760 Equi-

277 5768 381 5819 dem
424 5767 488 5819 de
517 5762 764 5818 Galilaais
786 5758 1029 5811 omnibus
1061 5760 1188 5812 adeo
1211 5759 1488 5811 clementer
1525 5769 1571 5810 et
1601 5758 1846 5809 humani-

278 5848 349 5891 ter
392 5837 588 5899 statui,
621 5844 675 5887 ut
704 5832 900 5885 nemini
932 5831 1003 5884 vis
1038 5832 1317 5895 inferatur,
1348 5830 1565 5883 ncmoin
1600 5829 1845 5893 templum

1954 5701 2126 5742 suam,
2158 5676 2475 5735 contumelia
2507 5682 2784 5751 quisquam
2836 5676 3148 5751 afﬁciatur._
3170 5676 3382 5751 Rursus
3407 5679 3526 5751 cpi-

1956 5756 2093 5807 stola
2157 5753 2266 5813 52.
2330 5747 2648 5810 Bostrrnis,
2719 5750 2873 5817 Λόγῳ
2926 5750 2980 5800 δὲ
3033 5747 3314 5817 πείθεσθαι
3375 5747 3516 5812 χρή*

1960 5824 2212 5877 Oratioue
2269 5822 2570 5891 persuaderi
2620 5814 2893 5889 donarique
2938 5819 3106 5872 satias
3153 5826 3229 5870 est
3266 5814 3525 5879 homines,
