4016 6350
328 397 433 453 U3

1278 402 1615 467 HISTORIA
1651 409 2209 472 ECCLESIASTICA.
2236 444 2305 456 —-
2342 414 2474 473 LIB.
2513 416 2603 472 lll.

3470 427 3574 509 ut

323 511 529 615 Δύτίκα
559 511 692 615 γοῦν
711 513 787 579 ὡς
800 515 879 615 ἐν
902 521 1275 595 χωνευτηρίῳ,
1295 526 1350 580 οῖ
1373 544 1433 581 τε
1459 527 1611 595 ὄντες
1637 530 1883 602 Χριστια-

2004 533 2244 604 impulit.
2296 535 2599 591 Confestim
2641 535 2808 607 igitur
2856 544 2972 593 tum
3020 539 3114 610 qui
3151 542 3286 607 veri,
3321 549 3436 598 tum
3481 545 3573 615 qui

322 597 400 651 vol
444 599 537 651 καὶ
583 601 634 652 οί
668 602 1028 674 νομιζόμενοι,
1072 611 1299 682 φανεροὶ
1339 616 1504 669 πᾶσιν
1544 597 1804 685 ἐγίνοντο.
1829 621 1894 674 Οί

324 687 421 760 μιν
450 688 561 761 γὰρ
595 690 729 763 ὀρθῇ
773 692 964 767 γνώμῃ
993 698 1500 771 Χριστιανίζοντες,
1544 707 1896 780 εὐθυμότεροι

318 779 417 871 τὴν
447 780 638 871 {diqu
666 782 1018 871 ἀπετίθεντο,
1056 789 1234 845 πάντα
1281 792 1480 862 μᾶλλον
1519 779 1822 867 ὑπομένειν
1860 800 1893 871 ἢ

317 868 595 937 ἀρνεῖσθαι
628 870 719 924 τὸν
752 873 984 943 Χριστὸν
1012 877 1347 950 αἱρούμενοι.
1389 883 1480 936 Ἐν
1515 884 1726 948 τούτοις

336 957 606 1021 Ἰοϐιανὸς,
631 961 1072 1030 Ούαλεντινιανός
1093 985 1150 1019 τε
1180 970 1275 1023 καὶ
1305 971 1599 1044 Οὐάλης,οί
1619 976 1712 1029 καὶ
1740 977 1897 1032 ὓστε-

320 1064 409 1119 ρον
434 1049 1118 1142 βασιλεύσαντες.»Ἐτεροι
1168 1060 1227 1114 δὲ
1271 1062 1384 1117 ὅσοι
1425 1064 1499 1136 μὴ
1538 1067 1670 1139 ὀρθῇ
1702 1068 1893 1142 γνώμῃ

316 1139 729 1209 ὲχριστιάνιζον,
753 1145 867 1198 ὅσοι
895 1147 962 1201 τὰ
990 1150 1246 1220 χρήματα
1269 1153 1381 1224 (60)
1412 1156 1508 1208 καὶ
1539 1158 1637 1229 τὴν
1664 1139 1894 1215 ἐνταῦθα

547 1233 646 1303 τῆς
687 1233 920 1306 ἀληθοῦς
971 1240 1309 1311 εὐδαιμονίας
1355 1247 1764 1318 προκρίναντες,
1818 1252 1892 1324 μὴ

319 1320 678 1391 μελλήσαντες
721 1326 859 1396 πρὸς
903 1327 966 1381 τὸ
1007 1328 1156 1383 θύειν
1203 1332 1512 1390 ἀπέκλινον.
1549 1331 1648 1392 Ὧν
1703 1335 1783 1403 εἷς

315 1412 406 1462 καὶ
462 1412 491 1464 ὁ
547 1414 1170 1484 Κωνσταντινουπόλεως
1233 1426 1492 1496 σοφιστὴς
1559 1428 1889 1500 Ἐκηϐόλιος.

317 1500 504 1565 Ὅστις
527 1506 642 1566 τοῖς
677 1505 835 1577 ῆθεσι
878 1508 987 1563 τῶν
1015 1510 1277 1581 βασιλέων
1317 1516 1601 1587 ἑπόμενος,
1648 1521 1743 1573 ἐπὶ
1795 1522 1894 1591 μὲν

314 1593 690 1650 Κωνσταντίου
730 1598 1010 1672 διαπύρως
1065 1603 1469 1674 Χριστιανίζειν
1520 1609 1888 1682 ὑπεκρίνατο⁹

314 1684 403 1737 ἐπὶ
429 1684 488 1738 δὲ
521 1686 831 1755 Ἰουλιανοῦ,
863 1692 1060 1762 γοργὸς
1085 1694 1284 1766 Ἕλλην
1311 1699 1563 1764 ἐφαίνετο
1581 1718 1595 1732 ο
1621 1704 1714 1757 κα)⁸
1738 1699 1894 1769 αὖθις

316 1774 451 1865 μετά
502 1776 824 1844 Ἰουλιανὸν,
872 1783 1276 1853 Χριστιανίζειν
1323 1789 1503 1865 ἠθελε.
1541 1791 1732 1860 Ῥίψας
1780 1794 1891 1865 γάρ

312 1864 499 1919 ἑαυτὸν
544 1868 725 1939 πρηνῆ
775 1870 881 1939 πρὸ
910 1866 1011 1941 τῆς
1056 1872 1230 1945 πύλης
1260 1874 1355 1929 τοῦ
1392 1860 1680 1951 έύκτηρίου
1720 1860 1889 1949 oratos,

312 1956 594 2025 Πατήσατέ
624 1975 713 2030 με,
744 1959 891 2024 ἐϐόα,
920 1962 983 2015 τὸ
1006 1962 1139 2027 ἀλας
1167 1964 1229 2017 τὸ
1259 1966 1603 2039 ἀναίσθητον.
1641 1972 1891 2038 Τοιοῦτος

315 2044 410 2112 μὲν
441 2041 536 2099 οὖν
565 2047 767 2115 κοῦφος
803 2049 896 2103 καὶ
917 2051 1148 2124 εὐχερὴς
1196 2055 1508 2127 Ἐκηϐὀλιος
1536 2061 1801 2133 πρότερόν
1828 2082 1889 2120 τε

313 2136 402 2188 καὶ
429 2134 655 2208 ὕστερον
683 2135 772 2210 ἦν.
803 2141 935 2195 Τότε
965 2143 1023 2196 δὲ
1065 2147 1093 2198 ὁ
1138 2144 1408 2215 βασιλεὺς,
1436 2150 1651 2223 Πέρσας
1684 2156 1886 2226 ἀμύνε-

310 2229 429 2283 σθαι
478 2232 498 2268 ί
535 2231 877 2303 βουλόμενος,
936 2238 1051 2291 ἀνθ’
1085 2233 1160 2295 ὧν
1208 2241 1300 2296 ἐπὶ
1354 2245 1730 2300 Κωνσταντίου
1789 2248 1887 2321 τὴν

320 2322 605 2393 Ῥωμαίων
656 2325 842 2398 χώραν
903 2330 1260 2403 κατέδραμον,
1305 2337 1610 2402 σπουδαίως
1657 2338 1743 2393 διὰ
1788 2344 1888 2412 τῆς

318 2413 500 2478 Ἀσίας
534 2415 630 2468 ἐπὶ
673 2418 744 2470 τά
784 2417 896 2488 ἑῷα
948 2421 1091 2493 μέρη
1134 2423 1417 2480 διέϐαινεν.
1466 2426 1636 2492 Εἰδὼς
1689 2429 1744 2483 δὲ
1786 2432 1886 2485 ὅσα

306 2501 537 2573 πόλεμος
576 2504 691 2575 ἔχει
734 2508 899 2569 κακὰ.
938 2511 1033 2565 καὶ
1085 2512 1161 2577 ὡς
1206 2513 1415 2568 πολλῶν
1444 2516 1614 2571 δεῖται
1668 2522 1886 2591 χρημά-

302 2607 430 2658 των,
458 2593 554 2647 καὶ
600 2594 729 2649 ἄνευ
781 2598 985 2653 τούτων
1026 2601 1088 2654 οὐ
1138 2603 1520 2673 κατορθοῦται,
1556 2609 1883 2681 πανούργως

304 2683 568 2755 ἐπενόησε
599 2686 879 2757 συλλέγειν
908 2690 976 2743 τά
1008 2693 1265 2762 χρήματα
1295 2696 1447 2766 παρά
1482 2697 1590 2750 τῶν
1621 2698 1883 2771 Χριστια-

302 2771 428 2826 νῶν.
458 2775 584 2839 Τοῖς
615 2776 726 2846 γὰρ
774 2778 848 2849 μὴ
897 2777 1239 2851 βουλομένοις
1282 2781 1452 2847 θύειν,
1486 2784 1721 2855 ἐπέθηκε
1747 2805 1883 2858 χρη-

305 2866 543 2937 ματικήν
611 2870 909 2940 καταδίκην
958 2884 1008 2926 ιι.
1070 2874 1180 2927 Καὶ⁹
1233 2876 1526 2947 ἀπαίτησις
1577 2879 1718 2932 κατὰ
1772 2880 1879 2934 τῶν

302 2955 521 3024 ἀληθῶς
551 2958 1040 3028 Χριστιανιζόντων
1067 2964 1275 3032 ἐγίνετο
1306 2966 1574 3029 σύντονος.
1613 2968 1880 3032 Ἕκαστος

299 3045 409 3115 γὰρ
462 3048 607 3101 κατά
641 3049 741 3120 τὴν
790 3050 1021 3122 ὓπαρξιν
1061 3054 1338 3123 ἀναλόγως
1385 3057 1655 3129 εἰσέφερε.
1699 3059 1808 3113 Καὶ
1849 3062 1877 3114 ὁ

301 3136 555 3206 βασιλεὺς
583 3142 647 3192 ἐκ
678 3141 777 3210 τῆς
806 3142 990 3197 ἀδίκου
1027 3147 1289 3218 συλλογῆς
1314 3148 1423 3201 τῶν
1450 3149 1649 3203 ἀδίκων
1672 3151 1878 3221 χρημά-

298 3237 426 3285 των,
457 3224 595 3293 ταχὺ
628 3224 880 3289 πλούσιος
909 3222 997 3297 ἦν.
1039 3229 1265 3299 Ἐχρῆτο
1296 3230 1403 3301 γάρ
1430 3229 1509 3301 τῷ
1537 3232 1707 3304 νόμῳ,
1742 3234 1875 3287 ὅπου

296 3329 360 3364 τε
395 3314 468 3385 μὴ
504 3314 709 3386 παρῆν,
740 3317 833 3370 καὶ
858 3318 991 3371 ὅπου
1038 3319 1291 3374 διέϐαινε.
1328 3322 1641 3392 Τηνικαῦτα
1686 3324 1779 3377 καὶ
1829 3326 1876 3377 oi

300 3402 564 3475 Ἕλληνες
601 3406 708 3459 τῶν
735 3408 1221 3478 Χριστιανιζόντων
1255 3412 1614 3485 κατέτρεχονο
1654 3414 1881 3486 σύρῥοιὰ

298 3512 358 3547 τε
394 3494 504 3551 τῶν
558 3497 866 3567 φιλοσοφεῖν
915 3501 1179 3568 λεγόντων
1217 3503 1444 3571 ἐγίνετο.
1495 3505 1606 3559 Καὶ
1652 3506 1879 3571 τελετάς

298 3604 449 3651 τινας
480 3590 823 3654 συνίστασαν,
855 3592 930 3655 ὡς
959 3593 1052 3646 καὶ
1085 3594 1724 3668 σπλαγχνοσκοπούμενοι
1755 3601 1881 3651 παῖ-

300 3676 398 3742 δας
427 3679 719 3733 καταθύειν
750 3681 1041 3754 ἀφθόρους,
1090 3685 1323 3756 ἄρρενας
1370 3689 1463 3741 καὶ
1512 3689 1754 3759 θηλείας,
1786 3692 1879 3744 καὶ

299 3766 409 3819 τῶν
437 3767 655 3838 σαρκῶν
683 3769 1065 3838 ἀπογεύεσθαι.
1113 3776 1223 3828 Καὶ
1267 3773 1440 3828 ταῦτα
1481 3779 1697 3832 ἐποίουν
1737 3782 1879 3834 κατά

302 3873 362 3911 τε
410 3860 510 3922 τὰς
569 3860 735 3925 ἄλλας
786 3863 987 3930 πόλεις,
1028 3868 1122 3918 καὶ
1175 3867 1314 3920 κατά
1369 3867 1466 3930 τὰς
1508 3869 1756 3940 Ἀθήνας,
1784 3873 1878 3924 καὶ

303 3949 443 4002 κατά
469 3951 570 4021 τὴν
609 3952 1033 4023 Ἀλεξάνδρειαν.
1063 3955 1231 4009 Ἔνθα
1260 3958 1350 4010 καὶ
1382 3958 1522 4012 κατά
1561 3959 1875 4015 Ἀθανασίου

305 4039 394 4091 τοῦ
424 4041 723 4095 ἐπισκόπου
776 4045 1082 4116 σκευωρίαν
1129 4048 1504 4117 ποιησάμενοι,
1551 4050 1878 4121 γνωρίζουσι

310 4127 529 4198 βασιλεῖ,
580 4131 657 4198 ὡς
697 4133 1005 4205 λυμαίνοιτο
1046 4139 1144 4209 τὴν
1195 4143 1347 4195 πόλιν
1401 4146 1494 4197 καὶ
1536 4147 1733 4205 πᾶσαν
1779 4146 1879 4217 τὴν

305 4222 594 4293 Αιγυπτον,
623 4227 718 4280 καὶ
747 4228 857 4283 δεῖν
894 4230 1057 4284 αὐτὸν
1102 4232 1463 4290 ἀπαλλάττειν
1509 4238 1608 4307 τῆς
1646 4237 1877 4300 πόλεως.

1997 623 2122 680 falsi
2151 625 2450 682 Christiani
2471 634 2675 692 essent,
2706 633 2968 697 tanquam
3001 633 3056 686 in
3082 629 3305 688 fornace
3335 636 3573 705 probati,

1996 716 2251 771 omnibus
2296 717 2672 772 innotuerunt.
2716 716 2849 773 Nam
2898 719 2991 789 qui
3029 721 3247 777 sincere
3301 731 3465 794 atque
3507 740 3575 781 ex

1996 807 2180 860 animo
2202 806 2500 861 Christiani
2533 814 2711 871 erant,
2733 808 2921 863 libenti
2959 810 3145 864 animo
3168 812 3447 882 cingulum
3479 817 3579 871 de-

1996 905 2321 967 posuerunt,
2353 898 2571 967 quidvis
2612 900 2759 954 ferre
2791 899 2964 969 parati
2998 902 3184 969 potius
3221 918 3383 973 quam
3417 906 3576 959 Chri-

1997 994 2145 1042 stum
2195 1000 2420 1055 negare.
2473 987 2620 1042 Inter
2662 988 2764 1043 hos
2810 988 2965 1045 fuere
2999 988 3285 1059 Jovianus,
3328 992 3573 1048 Valenti—

1994 1074 2196 1128 nianus
2232 1081 2286 1128 et
2319 1072 2541 1143 Valens,
2585 1076 2676 1145 qui
2715 1087 2904 1147 postea
2941 1081 3230 1149 imperium
3258 1090 3570 1139 tenuerunt.

1994 1165 2187 1220 Caeteri
2233 1168 2516 1236 vero,qni
2552 1183 2662 1223 non
2705 1184 2772 1225 ex
2817 1169 3001 1225 animo
3052 1171 3355 1228 Christiani
3390 1183 3571 1236 erant.

1997 1258 2092 1314 sed
2118 1257 2339 1313 divitias
2369 1265 2424 1314 et
2459 1258 2697 1317 honores
2731 1261 2897 1330 hujus
2933 1263 3117 1318 saeculi
3147 1280 3291 1320 verse
3324 1264 3570 1321 felicitati

1996 1348 2379 1419 praeferebant,
2433 1349 2551 1405 sine
2582 1351 2690 1405 ulla
2742 1353 3096 1409 cunctatione
3148 1354 3217 1410 ad
3255 1356 3570 1412 sacrificam

2001 1438 2131 1493 dum
2171 1453 2232 1494 se
2262 1441 2632 1498 contulerunt.
2672 1440 2751 1496 Ex
2788 1458 3023 1512 quorum
3050 1460 3279 1501 numero
3312 1447 3417 1501 fuit
3443 1448 3572 1503 Ece-

1996 1527 2195 1584 bolius-
2235 1533 2479 1602 sophista
2529 1534 2687 1590 urbis
2761 1535 3401 1607 Constantinopolitame.
3463 1538 3567 1605 Qui

2000 1617 2221 1686 quidem
2254 1620 2321 1676 ad
2365 1621 2757 1690 imperatorum
2798 1640 2980 1680 mores
3007 1641 3128 1682 sese
3155 1627 3367 1697 fingens
3402 1635 3567 1698 atque

1993 1710 2439 1775 accommodans,
2462 1710 2789 1769 Constantio
2821 1715 3041 1786 quidem
3089 1727 3373 1788 regnante.
3407 1719 3568 1773 Chri-

1996 1799 2231 1853 stianam
2261 1815 2322 1855 se
2352 1801 2669 1871 religionem
2700 1804 3084 1861 ardentissime
3124 1808 3306 1863 colere
3341 1809 3567 1863 simula-

1996 1888 2110 1956 vit;
2154 1887 2361 1944 Iuliani
2406 1907 2537 1948 vero
2583 1895 2937 1964 temporibus,
2970 1898 3253 1966 gentilium
3294 1901 3564 1970 supersti-

1995 1979 2132 2033 tioni
2165 1995 2329 2051 supra
2355 1983 2574 2037 modum
2605 1984 2856 2042 addictus
2887 1984 3174 2057 apparuit;
3205 1998 3328 2058 post
3355 1991 3562 2045 obitum

1990 2076 2172 2125 autem
2186 2069 2413 2137 Iuliani,
2438 2089 2636 2131 rursus
2662 2077 3034 2134 Christianam
3076 2080 3393 2151 religionem
3437 2097 3564 2152 pro-

1987 2157 2129 2214 ﬁteri
2162 2161 2353 2216 voluit.
2403 2162 2619 2220 Etenim
2662 2182 2761 2236 pro
2794 2167 3003 2225 foribus
3040 2171 3289 2227 ecclesiae
3323 2188 3383 2227 se
3426 2187 3562 2242 pro-

1986 2265 2118 2304 num
2166 2252 2464 2323 abjiciens,
2517 2254 2606 2311 his
2667 2259 2891 2315 vocibus
2941 2276 3076 2316 usus
3130 2276 3254 2317 esse
3306 2262 3558 2318 dicitur:

1985 2341 2204 2396 Calcate
2228 2357 2314 2398 me
2350 2353 2406 2399 ut
2448 2345 2527 2400 sal
2555 2345 2876 2415 insipidum.
2911 2347 3234 2419 Huiusmodi
3268 2350 3372 2406 fuit
3422 2351 3563 2408 Ecc-

1985 2429 2208 2497 bolius;
2264 2434 2407 2487 sicut
2453 2442 2613 2490 antea
2667 2436 2802 2493 levis
2861 2446 3028 2508 atque
3073 2440 3421 2507 inconstans,
3486 2442 3560 2496 ita

1983 2519 2148 2582 etiam
2201 2532 2410 2590 postea.
2452 2520 2556 2578 Per
2608 2524 2749 2580 idem
2805 2534 3022 2597 tempus
3061 2529 3382 2600 imperator,
3431 2548 3557 2587 cum

1984 2607 2184 2668 Persas
2223 2614 2414 2669 ulcisci
2444 2616 2607 2670 vellet
2657 2617 2728 2673 ob
2763 2618 2988 2673 crebras
3048 2619 3397 2679 incursiones
3422 2639 3562 2694 quas

1981 2701 2291 2758 Constantii
2314 2706 2651 2776 temporibus
2671 2708 2724 2761 in
2745 2724 2938 2778 agrum
2952 2707 3258 2765 Romanum
3290 2712 3557 2778 fecerant,

1980 2805 2077 2860 per
2120 2792 2307 2846 Asiam
2359 2794 2413 2848 in
2465 2794 2704 2850 Orientis
2748 2805 2932 2865 partes
2966 2812 3198 2868 propere
3243 2801 3550 2856 contendit.

1979 2879 2233 2950 Cumque
2277 2882 2605 2953 intelligeret
2650 2894 2781 2954 quot
2834 2887 2975 2940 mala
3015 2888 3215 2942 bellum
3267 2898 3561 2960 apportarc

1979 2970 2173 3036 soleat,
2203 2981 2257 3026 et
2279 2980 2484 3042 quanta
2518 2975 2748 3043 pecunia
2775 2991 2913 3044 opus
2946 2977 3037 3042 sit,
3072 2978 3322 3050 sine'qua
3355 2981 3559 3036 bellum

1977 3060 2261 3114 commode
2321 3061 2432 3129 geri
2492 3076 2602 3114 non
2670 3071 2883 3130 potest,
2945 3078 3196 3132 magnam
3261 3065 3385 3120 auri
3445 3068 3557 3120 vim

1981 3148 2178 3203 callide
2216 3163 2248 3201 a
2282 3147 2610 3205 Christianis
2635 3159 2960 3222 extorquere
2990 3154 3299 3208 constituit.
3338 3153 3554 3207 Etenim

1987 3237 2358 3308 pecuniariam
2409 3224 2637 3293 multam
2679 3241 2941 3310 imposuit
2986 3242 3054 3297 iis
3100 3243 3194 3312 qui
3247 3240 3559 3298 sacriﬁcare

1980 3329 2284 3384 abnuerent
2316 3347 2328 3383 :
2358 3328 2587 3400 ipsaque
2631 3333 2845 3386 exactio
2882 3331 2936 3387 in
2968 3347 3063 3388 eos
3096 3332 3192 3403 qui
3223 3347 3355 3387 vere
3393 3332 3554 3387 Chri-

1982 3422 2147 3476 stiani
2190 3427 2397 3483 essent,
2431 3422 2590 3490 plena
2630 3430 2751 3477 erat
2802 3424 3129 3479 severitatis.
3163 3422 3558 3493 Unusquisque

1977 3512 2122 3567 enim
2152 3526 2253 3582 pro
2284 3510 2445 3566 modo
2479 3510 2800 3568 facultatum
2832 3529 3058 3569 suarum
3103 3515 3390 3584 pecuniam
3420 3529 3557 3568 con-

1982 3602 2128 3658 ferre
2159 3603 2479 3673 cogebatur.
2520 3602 2598 3656 lta
2629 3604 2930 3674 imperator
2965 3621 3060 3677 per
3092 3606 3351 3676 injustam
3398 3602 3560 3674 189

1982 3693 2142 3746 malae
2195 3692 2441 3761 pecuniae
2486 3692 2831 3748 exactionem
2882 3694 3036 3749 brevi
3090 3696 3333 3765 locuples
3379 3694 3558 3748 factus

1981 3791 2085 3837 est.
2132 3781 2268 3836 Nam
2302 3783 2390 3837 lex
2424 3786 2763 3840 exsecutioni
2808 3787 3192 3850 mandabatur,
3238 3803 3346 3841 non
3377 3786 3554 3842 solum

1981 3872 2073 3925 ubi
2106 3871 2413 3941 imperator
2441 3872 2654 3935 aderat,
2685 3873 2779 3929 sed
2802 3874 2859 3928 in
2894 3875 2963 3928 iis
2988 3876 3150 3929 etiam
3180 3876 3315 3930 locis
3348 3876 3412 3929 ad
3436 3890 3557 3944 quae

1984 3962 2209 4017 minime
2258 3971 2590 4017 accesserat.
2639 3964 2797 4017 Tunc
2833 3966 3001 4020 etiam
3051 3966 3248 4036 pagani
3294 3966 3350 4018 in
3391 3964 3555 4020 Chri-

1981 4054 2193 4109 stianos
2229 4052 2528 4118 irrueruut,
2581 4061 2635 4107 ct
2672 4068 2977 4110 concursus
3027 4055 3207 4111 factus
3252 4062 3337 4110 est
3365 4069 3554 4109 eorum

1983 4146 2079 4216 qui
2130 4159 2189 4200 se
2231 4142 2588 4213 philosophos
2657 4144 3046 4213 praedicabant.
3107 4147 3417 4211 Quinetiam
3459 4160 3554 4200 ne-

1985 4234 2444 4307 fandaquatdam
2487 4237 2745 4306 mysteria
2784 4238 2851 4292 ab
2892 4237 3004 4293 illis
3035 4239 3344 4309 excogitata
3377 4242 3553 4292 sunt:

1495 4450 1770 4507 VALESII
1803 4451 2365 4510 ANNOTATIONES.

372 4652 483 4724 (60)
522 4654 698 4725 εὈσόι
722 4653 793 4725 τὰ
814 4654 1105 4725 χρήματα.
1149 4653 1513 4710 Scribendum
1541 4664 1673 4725 puto
1697 4658 1773 4720 ὡς
1805 4657 1873 4715 τὰ

299 4725 401 4794 χρή
448 4741 555 4779 ατα
584 4724 679 4777 καὶ
707 4723 806 4794 τὴν
833 4723 1063 4777 ἐνταῦθα
1088 4726 1273 4795 τιμὴν,
1297 4726 1395 4794 τῆς
1425 4723 1655 4795 ἀληθοῦς
1688 4728 1869 4781 εὐδαι-

304 4741 487 4845 μονίάς
524 4794 922 4845 προκρίνοντες.
968 4794 1140 4845 Onam
1197 4796 1631 4845 eniendationem
1674 4797 1867 4845 confir-

303 4809 399 4862 μον

421 4794 1155 4877 αἱπροκρίνοντεις..ρξιοη)⁷
1197 4794 1631 4877 emendationem
1674 4797 1867 4877 confir-

1986 4796 2318 4877 Κριστιανῷν
2377 4794 2733 4877 ἤσπάζοντοκ
2779 4799 2870 4877 ita}
2928 4813 2958 4848 τ

1980 4656 2189 4725 phorus
2236 4671 2368 4712 vero
2415 4658 2471 4713 in
2526 4658 2625 4714 lib.
2677 4674 2733 4722 x,
2793 4672 2915 4724 cep.
2974 4656 3064 4720 25,
3122 4657 3269 4712 hunc
3313 4656 3553 4711 Socratis

1976 4729 2156 4782 locum
2207 4726 2280 4809 ita
2330 4731 2607 4798 expressit
2636 4746 2648 4781 :
2675 4729 2830 4783 Ὅσοι
2860 4728 2915 4780 δὲ
2961 4728 3035 4848 μὴ
3084 4728 3225 4850 ὀρθέ
3250 4728 3443 4813 γνώμῃ
3482 4727 3552 4780 τά

1976 4799 2315 4866 Χριστιανων
2377 4799 2713 4866 ἠσπάζοντο,
2779 4799 2870 4850 καὶ
2928 4813 2958 4848 τ
3061 4798 3193 4866 ἀληο
3227 4816 3253 4861 ς
3299 4795 3552 4865 εὔδαιμον

3227 4833 3251 4861 5

301 4861 411 4939 inat
471 4861 836 4939 Epiphanius
867 4863 1277 4939 Scholasticus._
1332 4864 1423 4919 Sic
1458 4934 1467 4939 _
1497 4867 1642 4919 enim
1700 4868 1865 4921 vertit

1986 4861 2070 4939 ςῆς
2128 4867 2361 4939 ἐνταῦθα
2402 4861 2591 4939 ’τιμῆς
2651 4861 2745 4921 καὶ
2783 4867 2907 4939 -τῶν
2954 4861 3251 4935 χρημάτων
3329 4861 3552 4934 προύτε-

300 4930 444 4986 hunc
482 4930 665 5004 locum
694 4953 706 4987 :
733 4934 932 5002 Quippe
962 4935 1061 5004 qui,
1092 4934 1340 5002 pecunias
1373 4944 1421 4987 et
1449 4934 1696 4989 honorem
1734 4952 1866 5004 pra:-

297 5012 491 5057 sentem
522 5002 772 5072 felicitati
811 5020 943 5058 vera:
973 5002 1096 5073 ﬁdei
1129 5014 1512 5074 praeponerent.
1564 5014 1672 5062 etc.
1702 5002 1867 5063 Nice-

1971 4936 2144 4997 Θεντο,
2181 4947 2287 4991 etc.
2322 4936 2495 5002 Quod
2519 4936 2960 4994 emendationem
3009 4946 3259 4992 nostram
3294 4952 3403 4991 non
3439 4951 3551 4990 me-

1970 5005 2234 5061 diocriter
2261 5008 2573 5064 confirmat.

1732 5196 2118 5253 VARIORUM.

369 5399 389 5436 ‘
434 5401 571 5453 Τότε
598 5398 668 5452 δὲ
696 5401 730 5451 ό
762 5399 1060 5470 βασιλεὺς
1108 5401 1341 5468 Πέρσας
1378 5403 1724 5470 ἀμύνεσθαι.
1763 5403 1862 5456 Ju-

295 5467 477 5525 lianus
528 5479 822 5538 antequam
872 5470 926 5523 in
990 5469 1186 5525 Persas
1234 5467 1506 5537 moveret,
1546 5475 1863 5527 deccnnalia

1970 5403 2351 5472 prodiderunt.
2386 5400 2508 5455 Huic
2533 5401 2700 5455 refert
2729 5401 2855 5454 Ant.
2881 5401 3032 5469 Pagi.
3053 5401 3121 5455 ad
3143 5400 3469 5472 ann.565,n.
3490 5405 3542 5457 l.

2039 5485 2063 5511 υ
2120 5472 2408 5538 Ἐπέθηκε
2430 5473 2803 5540 χρηματικήν
2831 5472 3163 5538 καταδίκην
3226 5470 3288 5523 Et
3319 5473 3419 5523 hac
3453 5486 3544 5523 oc—

294 5548 420 5594 vota
470 5540 731 5594 emisisse
778 5538 1030 5601 videtur,
1089 5550 1148 5594 ut
1197 5542 1328 5596 deos
1364 5559 1495 5597 suos
1544 5544 1645 5596 sibi
1690 5546 1862 5613 magis
1965 5544 2192 5596 casione
2226 5543 2296 5594 im
2344 5538 2635 5596 roliiSsnne
2674 5543 3172 5624 etiamca‘villatns.
3207 5556 3263 5592 se
3285 5540 3335 5592 itl
3361 5555 3541 5607 agere,

294 5609 560 5678 propitios
587 5610 862 5664 redderet.
894 5609 1067 5677 Ilujus
1093 5611 1401 5667 festivitatis
1426 5615 1717 5667 occasione
1739 5629 1859 5678 per-
1965 5612 2051 5664 ἵνα
2073 5615 2152 5674 εἰς
2174 5612 2272 5678 τὴν
2302 5557 2577 5678 βασιλείαν
2606 5611 2712 5663 τῶν
2736 5613 2978 5678 οὐρανων
3000 5612 3319 5676 εὑοοωτερον
3346 5625 3541 5678 πορευ-

292 5609 560 5678 propitios
587 5610 862 5664 redderet.
894 5609 1067 5677 Ilujus
1093 5611 1401 5667 festivitatis
1426 5615 1717 5667 occasione
1739 5609 1859 5680 per-

1965 5612 2051 5664 ἴνα
2073 5615 2152 5674 εἰς
2174 5612 2272 5679 τὴν

2336 5612 2577 5664 ασιλείαν
2606 5611 2712 5663 τῶν
2736 5609 3222 5683 οὐρανῶνίεὺοδὼτε
3234 5626 3319 5683 ρον
3346 5625 3542 5683 πορευ-

295 5675 503 5734 ὲμουιὶο
550 5680 822 5734 adversus
863 5675 1204 5734 Christianos
1248 5692 1404 5747 acta;
1440 5699 1693 5750 quorum,
1737 5675 1857 5749 post
1962 5683 2116 5743 θῶσι,
2149 5675 2250 5749 quo
2287 5675 2504 5748 facilius
2543 5683 2598 5734 in
2641 5675 2857 5751 regnum
2891 5682 3140 5736 cwlorum
3185 5675 3542 5733 ronianum-

297 5751 605 5817 victoriam,
650 5749 978 5820 sanguinem
1024 5751 1130 5807 diis
1173 5752 1288 5809 suis
1326 5749 1549 5817 vetavit,
1585 5762 1643 5808 ut
1685 5755 1850 5815 aliqui
1962 5752 2089 5806 liani
2131 5752 2294 5821 epist.
2334 5752 2422 5806 i=5.
