4016 6350
478 363 587 419 415
1943 355 2047 413 SO(

2155 354 2286 413 LTIS
3622 355 3736 418 416

478 482 555 536 ita
587 491 647 537 ut
688 496 892 553 pueros
927 482 1241 551 impuberes
1285 479 1573 550 utriusque
1608 491 1772 536 sexus
1809 477 2047 534 immola-

2155 478 2427 552 Κεκίνητό
2467 497 2528 534 τε
2569 481 2688 534 κατ’
2721 478 2908 544 αὐτοῦ,
2937 480 3002 534 ἐκ
3050 479 3475 551 προστάγματος
3527 477 3740 549 βασιλι-

477 582 623 640 rent,
661 583 894 646 extaque
939 588 1131 628 eorum
1179 571 1531 642 inspicerent,
1585 585 1781 626 carnes
1815 569 2047 642 denique

2158 569 2255 623 κοῦ
2290 579 2320 608 τ
2378 569 2470 624 καὶ
2496 570 2526 623 ὁ
2571 569 2974 640 ’Δλεξανδρείας
3002 568 3240 638 ἔπαρχος
3269 569 3405 638 (61).

477 666 853 737 degustarent.
884 668 1063 737 Atque
1100 667 1218 723 haec
1251 673 1366 720 tum
1406 665 1464 720 in
1503 665 1627 721 aliis
1666 665 1894 722 urbibus
1947 665 2093 720 facta
2128 672 2277 731 sunt,
2320 672 2438 720 tum
2491 664 2724 721 Athenis
2760 672 2814 720 et
2849 664 3216 721 Alexandriae.
3248 665 3369 730 Qua
3421 663 3641 733 quidem
3683 663 3744 719 in

475 763 722 830 civitate,
771 762 1115 818 concinnatis
1160 762 1426 818 adversus
1468 762 1834 818 Athanasium
1871 760 2188 826 calumniis,
2248 761 2571 832 imperatori
2613 759 2997 830 signiﬁcarunt
3036 759 3226 814 urbem
3293 757 3362 812 ab
3399 758 3496 812 illo
3535 765 3592 812 et
3627 758 3750 813 nni-

477 867 694 910 versam
718 853 1010 925 ngyptunt
1040 855 1263 918 vastari,
1303 869 1540 925 eumque
1576 854 1888 924 pellendum
1927 868 2054 909 esse
2100 868 2171 908 ex
2219 853 2470 909 civitate.
2545 851 2653 908 Sed
2700 865 2756 908 et
2795 851 3088 922 praefectus
3130 849 3376 922 Egypti,
3437 849 3602 919 jussu
3641 848 3752 903 im-

476 945 770 1017 peratoris,
793 947 1056 1002 adversus
1077 946 1329 1001 eumdem
1355 947 1717 1002 Athanasium
1745 945 2062 1002 iusurrcxit.

1091 1039 1248 1095 CAP.
1288 1040 1432 1096 XIV.

970 1128 1050 1182 De
1086 1129 1214 1199 fuga
1244 1132 1551 1186 Athanasii.

544 1217 718 1287 Igitur
752 1220 844 1274 ille
894 1219 1076 1290 fugam
1132 1223 1315 1276 denuo
1374 1225 1646 1293 capessit,
1703 1225 1912 1280 amicos
1963 1223 2053 1280 bis

473 1310 656 1364 verbis
682 1308 911 1365 ali‘atus:
944 1309 1278 1368 Secedamus
1301 1315 1602 1384 paulisper,
1631 1331 1664 1371 ο
1696 1317 1861 1371 amici
1887 1336 1898 1370 :
1926 1331 2051 1370 nam

474 1399 745 1454 nubecula
785 1407 893 1464 est,
928 1416 1050 1470 qua:
1087 1402 1203 1456 cito
1225 1414 1533 1458 evanescet.
1570 1405 1665 1459 His
1699 1403 1883 1469 dictis,
1921 1417 2052 1473 pro-

483 1490 632 1545 tinus
681 1505 988 1546 conscensa
1023 1507 1183 1557 nave,
1225 1493 1568 1564 trajectoque
1611 1493 1720 1548 Nili
1763 1495 1951 1558 alveo,
1993 1495 2050 1550 in

473 1579 770 1651 lEgyptum
818 1581 975 1653 fugit.
1014 1583 1447 1653 [insequebantur
1491 1601 1617 1641 eum
1671 1601 1703 1640 a
1763 1594 1916 1657 tergo
1955 1588 2052 1656 qui

472 1673 938 1741 comprehendere
975 1673 1130 1727 illum
1189 1675 1504 1729 studebant.
1553 1675 1649 1730 llle
1708 1690 1832 1730 cum
1866 1691 2052 1746 perse-

473 1773 695 1819 cutores
736 1764 881 1818 haud
914 1764 1104 1834 procul
1129 1766 1323 1821 abesse
1356 1765 1666 1830 didicisset,
1706 1767 2048 1837 comitesque

2760 1034 3014 1090 ΚΕΦΑΛ.
3058 1034 3156 1086 IA'.

2489 1128 2628 1194 Περὶ
2655 1125 2767 1194 τῆς
2804 1123 3160 1179 Ἀθανασίου
3194 1121 3414 1192 φυγῆς.

2237 1216 2296 1269 '0
2340 1215 2399 1270 δὲ
2432 1215 2622 1286 φεύγει
2660 1216 2840 1281 πάλιν,
2874 1214 3044 1268 εἰπὼν
3075 1217 3188 1276 τοῖς
3219 1213 3534 1284 γνωρίμοις,
3581 1212 3752 1267 Ὑπο-

2157 1309 2438 1380 σταλῶμεν
2473 1309 2686 1380 μικρὸν,
2719 1305 2764 1362 ὦ
2811 1308 2990 1378 φίλοι⁸
3029 1305 3310 1378 νεφύδριον
3339 1305 3448 1376 γάρ
3481 1307 3620 1368 ἐστι,
3651 1307 3749 1359 καὶ

2157 1400 2508 1471 παρέρχεται.
2547 1398 2730 1452 Ταῦτα
2761 1396 2952 1461 εἰπὼν,
2991 1395 3151 1459 εὐθὺς
3179 1395 3251 1458 ώς
3279 1389 3416 1464 εἶχε,
3455 1393 3625 1465 πλοίῳ
3656 1395 3748 1448 διὰ

2153 1489 2245 1545 τοῦ
2297 1491 2492 1544 Νείλου
2538 1491 2620 1553 είς
2657 1490 2755 1560 τὴν
2794 1488 3068 1556 Αἴγυπτον
3115 1486 3337 1556 ἔφυγεν.
3377 1487 3630 1540 Ἑδίωκον
3685 1487 3746 1540 δὲ

2152 1581 2383 1635 κατόπιν
2415 1581 2464 1632 οἱ
2502 1579 2784 1632 συλλαϐεῖν
2825 1577 2987 1630 αὐτὸν
3035 1575 3375 1638 σπεύδοντες.
3424 1574 3646 1645 Ἐπειδὴ
3685 1575 3747 1629 δὲ

2149 1675 2211 1726 οὐ
2259 1673 2540 1745 πόρρωθεν
2588 1669 2724 1726 εἶναι
2763 1669 2994 1723 ἐπύθετο
3032 1669 3159 1731 τοὺς
3200 1666 3513 1733 διώκοντας,
3553 1669 3602 1721 οἱ
3640 1667 3746 1738 μὲν

2150 1761 2420 1824 συνόντες,
2453 1761 2528 1824 ὡς
2554 1761 2646 1814 ἐπὶ
2671 1761 2768 1830 τὴν
2794 1759 2891 1829 ἐρη
2901 1775 2998 1828 μον
3027 1754 3182 1822 αὖθις
3207 1759 3429 1827 φεύγειν
3456 1758 3707 1812 ἐκέλευον
3727 1776 3742 1789 ο

473 1853 653 1924 ipsum
690 1855 1047 1910 hortarentur
1071 1864 1132 1910 ut
1174 1856 1355 1911 denuo
1398 1857 1612 1926 fugeret
1658 1859 1727 1914 ad
1782 1859 2047 1914 solitudi-

2155 1856 2182 1907 ὁ
2207 1855 2286 1918 δὲ,
2319 1856 2454 1924 σοφῇ
2487 1852 2678 1922 γνώμῃ
2713 1843 3332 1923 χρησάμενος-,διέφυγε
3368 1851 3494 1914 τοὺς
3523 1850 3748 1904 διώκον-

471 1930 622 2009 nem,
648 1947 906 2016 prudenti
939 1962 1071 2002 usus
1111 1949 1348 2002 consilio
1373 1963 1571 2006 manus
1609 1949 2054 2020 persequentium

472 2036 683 2108 effugit.
716 2037 999 2094 Persuasit
1031 2038 1178 2094 enim
1210 2042 1318 2097 illis
1351 2051 1412 2095 ut
1439 2041 1692 2096 conversi
1725 2056 2058 2112 persequen-

472 2129 626 2184 tibus
655 2139 1032 2185 occurrerent.
1064 2131 1223 2198 Quod
1265 2133 1486 2202 quidem
1520 2133 1807 2189 celerrime
1849 2132 2055 2186 factum

471 2227 580 2276 est.
626 2220 764 2275 Cum
803 2221 973 2291 igitur
1006 2221 1061 2276 hi
1107 2223 1201 2292 qui
1235 2224 1398 2293 paulo
1441 2235 1568 2278 ante
1611 2222 1913 2293 fugiebant,
1943 2221 2056 2290 jam

471 2312 706 2381 proximi
727 2321 910 2368 essent
936 2313 1396 2382 persequentibus
1417 2353 1432 2378 ,
1466 2313 1544 2367 illi
1567 2313 1660 2382 qui
1695 2310 2055 2366 Athanasium

474 2404 817 2473 quaerebant,
855 2404 993 2458 nihil
1029 2405 1177 2460 aliud
1233 2405 1304 2460 ab
1338 2406 1458 2474 ejus
1498 2405 1793 2459 comitibus
1829 2404 2059 2474 quaesie-

473 2504 624 2558 runt,
654 2510 821 2564 quam
857 2504 1044 2549 utrum
1089 2497 1448 2551 Athanasnum
1478 2497 1768 2552 vidissent.
1810 2497 1902 2551 Isti
1929 2511 2056 2551 vero

471 2601 598 2642 eum
640 2601 812 2656 prope
851 2601 972 2642 esse
1020 2587 1427 2652 indicaverunt,
1488 2602 1552 2641 ac
1597 2589 1641 2642 si
1674 2597 2051 2658 properarent,

471 2678 625 2732 brevi
675 2678 829 2731 illum
859 2679 1356 2748 comprehensuros
1404 2694 1548 2734 esse.
1598 2677 1677 2733 Ita
1727 2680 1804 2734 illi
1849 2679 2050 2743 delusi,

471 2767 833 2824 Athanasium
893 2771 1096 2824 acriter
1138 2768 1345 2824 frustra
1399 2770 1703 2825 consectati
1759 2777 1910 2826 sunt.
1957 2769 2055 2826 Ille

471 2870 650 2917 autem
697 2862 937 2932 elapsus.
992 2863 1247 2917 clanculo
1295 2864 1444 2918 venit
1483 2861 1907 2928 Alexandriam;
1945 2863 2051 2918 ibi-

471 2969 580 3024 que
619 2952 837 3008 delituit
876 2953 1054 3022 quoad
1092 2969 1267 3025 usque
1294 2955 1481 3011 sedata
1534 2962 1682 3012 esset
1720 2955 2049 3025 persecutio.

469 3045 800 3115 Huiusmodi
843 3047 988 3101 mala
1039 3046 1474 3102 Alexandrinum
1531 3050 1852 3119 episcopum
1893 3061 2054 3102 exce-

469 3154 622 3209 pere.
653 3145 778 3208 post
819 3139 1045 3194 crebras
1083 3141 1280 3210 partim
1311 3155 1340 3193 a
1385 3139 1738 3204 Christianis,
1776 3140 1974 3209 partim
2020 3155 2050 3194 a

472 3229 771 3298 gentilibus
803 3229 983 3284 illatas
1015 3229 1066 3283 ei
1101 3231 1517 3298 persecutiones
1553 3239 1716 3300 atque
1751 3246 2046 3286 aerumnas.

2156 1964 2273 2009 τας.
2307 1947 2431 2008 Τοῖς
2457 1944 2564 2016 γὰρ
2597 1945 2898 2008 διώκουσιν,
2928 1941 3460 2013 ὲξυποστρέψαντας,
3495 1943 3746 2014 ἀπαντᾷν

2158 2037 2530 2091 συνεϐούλευε.
2588 2037 2696 2088 Καὶ
2747 2035 2902 2088 τοῦτο
3022 2035 3184 2104 τάχος
3228 2035 3456 2103 ἐγίνετο.
3501 2035 3652 2088 Ἐπεὶ
3681 2034 3742 2092 δὲ

2157 2131 2382 2200 πλησίον
2419 2129 2526 2182 τῶν
2570 2129 2872 2182 διωκόντων
2917 2128 2968 2180 οἱ
3026 2129 3130 2198 πρὸ
3190 2127 3385 2201 μικροῦ
3447 2127 3744 2196 φεύγοντες

2155 2217 2469 2292 ἦσαν,οὐδὲν
2495 2222 2542 2273 ol.
2571 2218 2858 2289 ζητοῦντες
2875 2218 3103 2291 ἠρώτων
3131 2220 3243 2289 (62)
3268 2221 3394 2282 τοὺς
3426 2220 3556 2290 περὶ
3581 2219 3744 2272 Ἀθα-

2156 2314 2357 2378 νάσιον,
2401 2314 2434 2383 ἦ
2484 2329 2586 2366 που
2629 2311 2945 2365 Ἀθανάσιον
2994 2311 3298 2366 τεθέανται.
3351 2312 3414 2365 Οί
3459 2312 3535 2377 δὲ,
3569 2313 3742 2380 ἐγγὺς

2155 2404 2321 2458 αὐτοῦ
2362 2421 2463 2456 που
2494 2399 2635 2456 εἶναι
2669 2405 2903 2474 ἐμήνυον
2924 2419 2936 2432 ⁸
2966 2403 3062 2456 καὶ
3099 2405 3149 2456 εἰ
3191 2401 3590 2468 ἐπισπεύσειεν,
3640 2403 3743 2455 οὐκ

2156 2497 2235 2559 είς
2282 2497 2502 2567 μακρὰν
2529 2495 2691 2548 αὐτὸν
2722 2494 3130 2564 καταλήψεσθαι
3169 2494 3372 2564 ἔλεγον.
3415 2495 3526 2548 Καὶ
3562 2493 3741 2558 οὕτως

2155 2589 2204 2638 οἱ
2244 2585 2341 2656 μὲν
2383 2583 2851 2656 παρατραπέντες.
2893 2584 3159 2647 συντόνως
3189 2585 3364 2656 μάτην
3395 2585 3636 2640 ἐδίωκον.
3682 2585 3742 2638 Ὁ

2153 2675 2209 2729 δὲ
2236 2673 2530 2744 διαφυγὼν,
2563 2675 2662 2743 τὴν
2709 2673 3112 2744 Ἀλεξάνδρειαν
3145 2673 3416 2744 λαθραίως
3449 2673 3737 2727 κατέλαϐε.

2156 2768 2264 2822 Καὶ
2311 2768 2429 2820 ἐκεῖ
2473 2765 2750 2818 λανθάνων
2784 2765 2993 2834 διῆγεν,
3031 2764 3135 2827 ἕως
3162 2755 3222 2816 οὗ
3252 2767 3280 2818 ὁ
3306 2763 3543 2834 διωγμὸς
3567 2761 3740 2816 επαύ-

2157 2875 2286 2914 σατο
2313 2867 2361 2912 ³.
2441 2856 2677 2911 Τοιαῦτα
2758 2856 2857 2927 μὲν
2918 2852 3011 2908 οὖν
3077 2855 3216 2926 μετὰ
3296 2857 3419 2918 τοὺς
3497 2855 3730 2919 πολλοὺς

2154 2951 2572 3022 Χριστιανικοὺς
2591 2948 2885 3019 διωγμοὺς,
2907 2949 3002 3000 καὶ
3029 2947 3096 3001 τὰ
3115 2949 3245 3018 παρ’
3278 2946 3546 3018 Ἑλλήνων
3569 2948 3736 3014 κακὰ,

2153 3043 2244 3098 τὸν
2285 3042 2689 3112 Ἀλεξανδρείας
2739 3041 3033 3093 ἐπίσκοπον
3081 3036 3372 3104 διεδέξατο.
3430 3041 3492 3093 Οἱ
3557 3040 3742 3110 μέντοι

2155 3135 2296 3190 κατὰ
2324 3134 2420 3198 τὰς
2452 3134 2720 3204 ἐπαρχίας
2749 3133 3026 3203 ἄρχοντες,
3058 3130 3247 3201 καιρὸν
3276 3131 3482 3184 οἰκείου
3513 3133 3744 3202 κέρδους

2152 3229 2253 3296 τὴν
2287 3228 2380 3281 τοῦ
2425 3227 2688 3297 βασιλέως
2721 3225 3016 3296 θρησκείαν
3066 3224 3407 3295 νομίσαντες,
3448 3224 3591 3294 πέρα
3634 3224 3744 3276 τῶν

477 3320 637 3390 190
666 3319 839 3374 Porro
869 3319 1132 3389 prmsides
1160 3321 1570 3390 provinciarum
1600 3336 1666 3375 ex
1699 3320 2047 3390 imperatoris

2157 3318 2452 3389 βασιλικῶν
2482 3317 2921 3389 προσταγμάτων
2971 3315 3098 3379 τοὺς
3145 3316 3506 3386 Χριστιανοὺς
3553 3314 3745 3377 κακῶς

472 3409 863 3478 superstitione
902 3409 1250 3463 occasionem
1281 3410 1531 3464 lucrandi
1565 3419 1867 3479 captantes,
1905 3411 2047 3463 ultra

2155 3407 2454 3461 διετίθεσαν
2477 3424 2490 3437 ’
2531 3408 2786 3476 χρήματα
2817 3409 2913 3476 μὲν
2947 3405 3166 3457 πλείονα
3195 3405 3227 3475 ἢ
3268 3404 3433 3475 ἐχρῆν
3475 3405 3744 3475 εἰσπρατ-

472 3514 637 3568 quam
695 3498 1014 3552 mandatum
1071 3496 1248 3552 fuerat
1299 3513 1330 3551 a
1383 3499 1654 3568 principe,
1701 3498 2047 3554 Christianos

2155 3500 2396 3568 πιόμενον
2431 3498 2544 3551 ἐστι
2579 3499 2636 3550 δὲ
2678 3499 2768 3551 ὅτε
2810 3499 2902 3550 καὶ
2930 3497 3245 3566 σωματικὰς
3273 3497 3543 3567 τιμωρίας
3571 3513 3745 3568 προσ-

472 3592 745 3646 vexabant
778 3610 791 3645 :
825 3605 972 3644 nunc
991 3591 1236 3660 pecuniae
1260 3591 1525 3660 majorem
1557 3592 1665 3646 vim
1700 3607 1862 3661 quam
1887 3605 2047 3660 opor-

2156 3591 2400 3659 άγοντες.
2432 3588 2616 3644 Ταῦτα
2650 3589 2936 3660 μανθάνων
2959 3591 2988 3643 ὁ
3018 3588 3269 3660 βασιλεὺς
3313 3587 3611 3660 περιεώρα,
3649 3591 3745 3644 καὶ

1674 3763 1949 3818 VALESII
1986 3760 2550 3819 ANNOTATIONES.
2586 3739 2600 3744 ’

2157 3896 2264 3932 των
2279 3879 2404 3941 τοὺς
2419 3877 2548 3946 περὶ
2577 3876 3073 3940 Ἀθανάσιον,εῐπου
3089 3876 3408 3931 Ἀθανάσιον
3427 3878 3740 3938 τεθέανται.

2155 3956 2433 4018 ςψιιηοιο
2462 3962 2596 4001 voce
2623 3947 2796 4011 οὐδέν,
2826 3962 2945 4016 quae
2981 3951 3162 4018 inepta
3199 3948 3292 4018 est
3315 3963 3383 4018 ac
3426 3949 3739 4018 superflua.

2153 4015 2604 4072 Eniendationetn
2628 4015 2881 4088 nostrain
2897 4017 3185 4088 confirmat
3202 4015 3570 4088 Nicephorus,
3589 4022 3740 4088 apud

2153 4103 2315 4157 quem
2351 4088 2463 4140 haec
2489 4101 2594 4140 vox
2631 4101 2737 4157 non
2783 4087 3004 4155 legitur,
3037 4085 3154 4140 sive
3182 4085 3490 4157 quod‘ipse
3521 4085 3646 4142 cani
3683 4089 3740 4144 in

2154 4155 2256 4210 suo
2281 4157 2471 4211 codice
2501 4171 2611 4209 non
2635 4155 2954 4225 invenerat,
2990 4157 3106 4210 sive
3143 4155 3287 4225 quod
3331 4172 3450 4210 eam
3494 4157 3744 4212 loeutio-

2155 4240 2279 4280 nem
2317 4241 2426 4279 non
2459 4224 2746 4294 probabat.
2794 4225 2969 4280 Porro
3003 4225 3119 4280 haec
3154 4224 3404 4282 narratio
3435 4226 3738 4300 desumpta

2155 4303 2242 4348 est
2275 4311 2343 4348 ex
2376 4294 2590 4348 Rufino.

2155 4303 2242 4351 est
2275 4311 2343 4351 ex
2376 4295 2590 4350 Rufino.

544 3885 656 3954 (6|)
699 3883 805 3938 Καὶ
846 3884 878 3936 ὁ
915 3877 1683 3954 Ἀλεξανδρείας-ἔπαρχος.
1727 3879 1827 3954 Hie
1859 3880 2052 3954 prasfe-

476 3948 600 4010 ctus
637 3948 854 4024 )‘Egypti
879 3954 1178 4024 vocabatur
1200 3948 1488 4012 Ecdicius,
1604 3951 1765 4024 docet
1791 3948 2046 4024 Julianus

472 4027 531 4079 in
565 4019 874 4095 epistola_6.
915 4021 1273 4095 Suc_cesserat
1308 4030 1487 4095 autem
1531 4021 1786 4075 Ecdicius
1821 4019 2047 4095 liermo:

471 4087 618 4176 geni;
653 4092 938 4217 lprénfecto
984 4091 1229 4164 tEgypti,
1282 4091 1352 4145 ad
1406 4105 1569 4160 quem
1614 4099 1796 4146 exstat
1837 4087 2046 4144 Juliani

471 4177 702 4217 emstoa
774 4181 827 4217 ο.

470 4165 702 4220 epistola
735 4165 827 4217 25.

507 4183 888 4304 piiiiilaoiaoeer
923 4234 976 4286 οἱ
1003 4230 1314 4304 ζητοῦντες
1352 4228 1600 4304 hodierni:
1618 4227 1801 4304 ἥπρυ.
1845 4227 2043 4304 Totum

471 4297 834 4360 hunc'locum
870 4303 944 4356 ita
968 4301 1141 4356 scribi
1179 4297 1395 4354 mallem
1426 4317 1440 4354 :
1473 4299 1536 4351 Ol
1569 4297 1860 4370 ζητοῦντες
1894 4299 2046 4371 ἠρώ-

1905 4469 2290 4526 νΑιιιοιωΜ.

537 4601 566 4630 ν
614 4590 735 4662 Ἐκ⁸
779 4590 1242 4662 ,προστοὶιηαατρς⁸
1287 4587 1641 4662 βασιλικοῦ.
1686 4585 1771 4662 _ln
1834 4585 2037 4662 Juliani

2155 4588 2289 4662 sium
2321 4595 2448 4643 ante
2476 4588 2749 4662 galendas
2776 4588 3199 4662 Decembres‘cx
3231 4589 3388 4654 urbe,
3420 4590 3505 4646 vel
3541 4593 3733 4662 potius

466 4663 631 4731 epist.
670 4659 765 4724 ‘26,
936 4655 1131 4731 titulus
1169 4655 1575 4731 Ἀλεξανδρεῦσι
1617 4656 1914 4731 διάταγμα,
1959 4657 2040 4731 sic

2155 4659 2404 4731 universa
2442 4657 2691 4731 ﬁgyplo
2739 4660 3022 4731 ejicerent.
3066 4658 3278 4731 Ubique
3333 4670 3514 4714 autem
3541 4655 3732 4720 'vene-

470 4725 703 4784 lfabetur
740 4749 762 4803 ελ
803 4729 1118 4803 ᾌ-θανάσιον
1166 4727 1222 4803 δε
1276 4725 1615 4803 πυνθάνομαι
1666 4726 1726 4778 τὸ
1770 4726 2042 4803 τολμηρά-

2155 4728 2377 4803 randum
2440 4725 2690 4803 Patfre'nn
2725 4725 2934 4803 odiosis
3006 4725 3325 4803 nominibus
3395 4731 3731 4803 probrisque

464 4818 625 4854 τατον
656 4817 668 4829 ·
730 4797 902 4852 Audio
959 4797 1345 4859 Athanasium,
1399 4795 1663 4866 hominem
1746 4796 2042 4866 audacissif
2143 4801 2418 4866 exagitat;
2455 4799 2642 4850 Arium
2679 4799 2896 4852 interim
2925 4807 2979 4854 et
3007 4799 3222 4853 Aetium
3257 4795 3549 4855 haereticos
3583 4795 3729 4856 ami-

467 4887 632 4934 nium,
680 4870 839 4923 solita
896 4867 1124 4920 audacia
1172 4868 1392 4939 elatum,
1441 4865 1789 4933 episcopatus.
1815 4874 1897 4939 __ut
1937 4865 2041 4939 ipsi
2143 4865 2388 4939 cissimis
2417 4868 2597 4939 verbis
2631 4870 2946 4939 compellat.
2978 4868 3136 4933 Quod
3178 4877 3367 4923 notatu
3399 4869 3629 4939 dignum
3657 4874 3730 4928 ob

467 4950 652 4992 vocant
677 4979 691 4998 .
741 4940 914 4991 sedem
951 4951 1226 5004 usurpare.
1270 4937 1403 5000 Qua:
1442 4951 1524 4987 res
1561 4951 1661 4987 non
1711 4934 2039 4988 mediocriter

469 5009 832 5063 Alexandrino
876 5008 1064 5074 populo
1107 5007 1365 5072 displicet.
1413 5005 1591 5069 Quare
1635 5019 1753 5057 eum
1791 5004 2038 5074 jubemus

468 5079 594 5131 urbe
632 5073 893 5131 emcedere.
935 5073 1036 5144 quo
1082 5077 1167 5128 die
1213 5075 1559 5128 humanitatis
1600 5085 1794 5127 nostra:
1823 5073 2031 5144 litteras

469 5149 745 5216 acceperit.
771 5146 920 5210 Quod
948 5143 1000 5198 si
1036 5147 1087 5198 in
1113 5146 1238 5216 urbe
1268 5145 1597 5216 remanserit,
1626 5144 1776 5212 longe
1805 5143 2033 5216 majores

468 5213 835 5286 gravioresque
862 5231 1038 5282 pcenas
1058 5217 1112 5286 rei
1136 5215 1526 5286 demtntiamus.
1546 5213 2036 5286 interpellantibus

469 5284 649 5340 autem
685 5284 783 5355 pro
809 5285 1106 5338 Athanasio
1135 5285 1468 5355 Christianis
1500 5284 2039 5355 Alexandrinis,pro-

470 5358 580 5410 lixa
625 5352 856 5424 epistola
903 5355 964 5407 51
1021 5355 1275 5408 rescribit
1306 5352 1579 5416 Julianus,
1619 5369 1782 5424 quam
1832 5354 2043 5424 claudit

471 5428 556 5480 Itis
602 5421 784 5479 verbis
831 5443 843 5476 :
881 5423 1171 5494 Ἀπελθεῖν
1210 5423 1358 5492 αὐτῷ
1414 5421 1900 5494 προηγορεύσαμεν
1945 5423 2044 5494 τῇς

471 5497 678 5557 πόλεως
727 5494 892 5548 πάλαι
922 5509 936 5525 ο
969 5494 1086 5546 νυνὶ¹
1131 5492 1188 5545 δὲ
1241 5491 1338 5547 καῖ
1381 5491 1655 5562 Αἰγύπτου
1684 5491 2046 5562 namq-13e—

468 5570 590 5620 derc
620 5567 774 5618 illum
807 5563 1010 5632 pridem
1041 5567 1168 5617 urbe
1187 5560 1472 5632 jussimus,
1516 5579 1651 5616 nunc
1673 5560 1848 5615 autem
1876 5560 2044 5632 (Egy-

475 5647 563 5704 pto
605 5638 766 5690 etiam
802 5630 1066 5688 universa.
1104 5630 1198 5689 Ut'
1222 5643 1407 5704 autem
1442 5632 1760 5704 Athanasii
1783 5630 2040 5685 exsilium

481 5701 654 5774 inagis
686 5706 866 5758 adhuc
906 5712 1151 5772 urgeret,
1185 5703 1349 5756 aliam
1382 5702 1532 5774 misit
1565 5701 1881 5774 epistolam,
1913 5714 2041 5767 gra-

482 5769 602 5829 vcn't
655 5775 867 5831 cohorti
912 5769 1032 5844 ejus
1084 5774 1310 5828 multam
1357 5769 1617 5836 minatus,
1677 5769 1730 5825 ni
1795 5770 2037 5825 Athana-

2143 4938 2412 5010 quosdam
2446 4937 2609 5010 hujus
2634 4939 2732 5010 aevi
2756 4938 3360 5010 pseudo-Christianos,
3389 4937 3518 4994 Ario
3546 4957 3722 5010 quam

2138 5005 2442 5127 Althranasit:
2477 5007 2635 5077 longe
2667 5005 3022 5064 faventiores.
3062 5006 3293 5063 Videant
3320 5008 3408 5064 hic
3437 5005 3728 5080 quo—duce

2138 5091 2152 5127 Ι
2258 5091 2414 5127 actan
2449 5116 2462 5127 .

2137 5077 2191 5128 id
2237 5077 2462 5130 faciant.

2209 5153 2238 5181 κ
2275 5145 2384 5219 Καὶ
2412 5145 2880 5219 ἐκεῖλανθᾴνων
2918 5146 3128 5219 δέῆγεκ
3165 5148 3275 5215 ἕως
3300 5145 3373 5205 οὗ
3393 5151 3445 5219 ,ὁ
3466 5148 3729 5219 διωγμὸς

2138 5214 2468 5268 ἐπαύσατο.
2507 5214 2585 5268 Ita
2616 5218 2834 5285 quidem
2859 5225 2914 5270 et
2942 5214 3334 5274 Theodoritus.
3362 5214 3726 5275 Verum'haec

2144 5291 2328 5351 aperte
2378 5295 2688 5356 repugnant
2743 5286 2986 5356 historize
3032 5303 3194 5356 quam
3254 5298 3441 5343 narrat
3489 5292 3723 5343 Ammo-

2146 5356 2294 5428 nius,
2350 5354 2582 5428 epistola
2627 5355 2681 5428 in
2713 5356 2872 5428 Actis
2921 5355 3020 5410 SS.
3051 5354 3137 5412 VM
3180 5356 3304 5428 Maii
3343 5377 3358 5428 ξ
3391 5359 3482 5412 cui
3529 5367 3724 5428 utpote

2144 5423 2445 5496 Athanasio
2480 5424 2674 5496 aequali
2705 5424 2863 5479 ﬁdem
2893 5442 3094 5496 negare
3136 5427 3310 5482 nefas.
3341 5426 3399 5480 In
3432 5423 3719 5483 desertum

2145 5493 2344 5567 igitur,
2383 5501 2520 5567 teste
2569 5494 2882 5567 Amntonio,
2935 5493 3178 5567 profugit
3234 5498 3572 5551 Athanasius
3618 5506 3721 5551 :et

2145 5559 2211 5632 all
2240 5559 2442 5632 Juliani
2491 5579 2666 5632 usque
2709 5559 2950 5630 obitum,
2979 5582 3078 5621 nec
3101 5559 3248 5622 satis
3281 5575 3434 5623 tutus
3469 5567 3540 5621 ab
3588 5567 3722 5621 insi-

2143 5631 2251 5707 diis
2287 5631 2656 5707 inimicorum,
2696 5634 2922 5689 incertis
2960 5637 3186 5707 sedibus
3227 5637 3370 5707 apud
3411 5639 3721 5693 monachos

2147 5700 2547 5772 diversabatur.
2575 5703 2680 5772 (Cl.
2713 5707 2960 5761 monachi
2991 5700 3278 5763 Benedith
3306 5705 3423 5761 Vita
3445 5707 3713 5763 Athanas.

2144 5770 2208 5827 ad
2241 5784 2368 5825 anu.
2408 5770 2530 5840 562,
2575 5770 2626 5842 ι).
2653 5773 2766 5844 8i.)
