4016 6350
307 443 392 500 41⁸1
1235 434 1566 493 HISTORIA
1604 429 1865 491 ECCLES

1970 430 2169 490 iTlCA.
2204 464 2276 476 —
2304 433 2434 491 LIB.
2468 435 2557 493 Ill.

3436 447 3547 504 418

305 555 398 618 τοῖς
435 552 783 625 Χριπιανοῖς
839 549 969 620 περὶ
1012 545 1204 602 τούτου
1258 550 1648 621 προσελθοῦσιν
1698 546 1865 618 αὐτῷ,

1976 548 2149 616 tebat,
2182 550 2250 605 ab
2283 549 2391 605 illis
2418 552 2698 622 exigentes
2732 570 2746 608 :
2773 552 3047 610 interdum
3080 556 3245 612 etiam
3276 565 3550 617 tormenta

312 642 588 719 ’Υμέτερόν
630 645 798 706 ἔστιν,
839 639 1049 709 ἔλεγεν,
1094 639 1292 700 αὐτοὺς
1332 640 1639 710 πάσχοντας
1681 636 1866 701 κακῶς

304 736 608 808 ὑπομένειν
659 732 817 789 τοῦτο
859 732 966 802 γὰρ
1012 728 1109 785 τοῦ
1152 730 1418 802 ὑμετέρου
1468 729 1602 785 Θεοῦ
1651 729 1867 801 παράγ-

302 829 478 899 γελμα.

873 1083 1129 1140 ΚΕΦΔΛ.
1170 1083 1275 1141 IE'.

300 1181 421 1250 Περὶ
461 1178 586 1235 τῶν
612 1179 687 1233 ἐν
720 1176 903 1245 Μηρῷ
935 1175 1033 1250 .τῇ
1078 1176 1253 1232 πόλει
1303 1175 1414 1250 τῆς
1453 1178 1731 1249 Φρυγίας,
1762 1178 1863 1233 ἐπὶ

635 1245 964 1304 Ἰουλιανοῦ
985 1245 1520 1317 μαρτυρησάντων.

367 1344 449 1397 Ἑν
477 1342 610 1413 γοῦν
634 1343 702 1412 τῇ
729 1337 910 1411 Μηρῷ
936 1347 965 1388 1
994 1338 1148 1391 πόλει
1174 1338 1271 1410 τῆς
1298 1339 1567 1417 ἐπαρχίας
1597 1339 1697 1411 τῆς
1723 1339 1866 1410 Φρυ·

298 1436 406 1504 γίας
444 1436 630 1506 ἄρχων
656 1428 727 1503 ἦν
764 1430 1022 1503 Ἀμάχιος
1065 1429 1201 1500 (65),
1256 1429 1319 1483 τὸ
1367 1429 1494 1503 τῇδε
1533 1430 1678 1501 ἱερὸν
1720 1432 1867 1486 dvoc-

297 1529 441 1598 γῆναι
493 1523 807 1599 προστάξας
831 1562 847 1589 ,
902 1520 1330 1593 ὲκκαθαίρεσθαί
1386 1540 1447 1576 τε
1498 1523 1591 1578 τὸν
1650 1524 1716 1577 ἐκ
1767 1524 1863 1579 τοῦ

297 1619 469 1692 χρόνον
500 1615 836 1687 συναχθέντα
889 1610 1063 1684 ῥύπον
1100 1611 1341 1680 ἐκέλευε,
1377 1613 1473 1669 καὶ
1511 1613 1583 1667 τὰ
1619 1615 1680 1668 ὲν
1714 1613 1865 1687 αὐτῷ

295 1710 570 1781 ἀγάλματα
593 1707 912 1779 ἐπιμελείας
947 1705 1119 1777 ἠξίου.
1169 1705 1341 1760 Τοῦτο
1386 1706 1688 1779 γινόμενον,
1731 1706 1863 1776 σφό-

290 1803 380 1873 δρα
417 1802 544 1865 τοὺς
592 1799 954 1873 Χριστιανοὺς
999 1798 1209 1854 ἐλύπει.
1263 1798 1598 1862 Μακεδόνιος
1637 1808 1661 1837 ³
1692 1798 1750 1853 δέ
1777 1814 1865 1862 τις

1966 640 2298 709 corporibus
2326 656 2519 697 eorum
2557 641 2883 715 indigentes.
2924 644 3051 703 Hac
3085 647 3385 719 imperator
3421 666 3549 707 cum

1970 732 2148 802 probe
2193 733 2382 798 sciret,
2414 735 2728 808 negligebat
2757 744 2942 793 tamen
2973 755 2986 793 :
3022 747 3076 795 et
3107 738 3437 799 Christianis
3476 743 3551 800 ob

1968 835 2092 878 eam
2128 836 2349 878 causam
2381 824 2561 903 ipsum
2603 827 2936 885 adeuntibus
2968 830 3040 885 ita
3081 833 3405 902 respondit:
3440 831 3550 891 Ve-

1977 922 2154 968 strum
2197 922 2285 970 est
2330 917 2599 986 patienter
2647 918 2792 974 ferre
2844 921 3075 977 aliorum
3122 923 3404 995 injurias:
3442 925 3551 983 hoc

1968 1004 2117 1060 enim
2147 1012 2234 1061 est
2261 1017 2593 1080 praeceptum
2626 1008 2721 1065 Dei
2749 1013 2938 1068 vestri.

2617 1103 2770 1159 CAP.
2809 1103 2929 1161 XV.

1970 1187 2051 1244 De
2090 1191 2161 1247 iis
2205 1194 2297 1264 qui
2326 1202 2579 1274 regnante
2618 1194 2840 1274 Iuliano
2880 1196 3264 1274 qpud_Herum
3298 1199 3554 1274 Phrygia:

2288 1264 2472 1318 urbem
2502 1267 2762 1335 martyrio
2782 1264 3047 1335 perfuncti
3080 1281 3224 1324 sunt.

2042 1353 2244 1411 Eodem
2294 1363 2539 1426 tempore
2587 1358 2732 1426 apud
2784 1355 2991 1413 Merum
3043 1360 3235 1415 urbem
3294 1359 3551 1432 Phrygia:
3604 1394 3617 1403 -

1970 1459 2176 1515 praeses
2200 1445 2498 1517 provinciae
2517 1446 2816 1501 Amaehius
2842 1447 3103 1518 templum
3133 1449 3333 1519 aperiri
3354 1450 3546 1521 jussit,

1968 1534 2232 1591 etsordes
2280 1550 2406 1606 qua:
2475 1534 2876 1606 longinquitate
2921 1538 3184 1606 temporis
3233 1538 3289 1593 in
3341 1553 3408 1594 eo
3459 1555 3548 1594 co-

1970 1634 2241 1682 acervata
2281 1635 2475 1691 erant,
2524 1626 2804 1696 exportari
2858 1634 3119 1683 :statuas
3149 1629 3384 1699 denique
3434 1630 3549 1687 illic

1970 1719 2183 1789 positas
2224 1718 2454 1789 expoliri
2493 1717 2772 1789 praecepit.
2814 1715 2928 1773 Hoc
2962 1719 3110 1774 illius
3148 1718 3351 1774 factum
3387 1720 3544 1775 (Ἀπία

1968 1808 2279 1863 stianorum
2311 1808 2514 1863 animis
2546 1824 2768 1880 gravem
2804 1809 3040 1865 incussit
3072 1811 3337 1867 dolorem.
3362 1810 3550 1881 Itaque

291 1892 374 1945 καὶ
419 1890 710 1953 Θεόδουλος
754 1888 849 1943 καὶ
896 1886 1176 1952 Τατιανὸς,
1227 1886 1374 1959 ζήλῳ
1411 1886 1505 1941 τοῦ
1547 1888 1864 1959 Χριστιανι·

1970 1898 2319 1955 Macedonius
2372 1899 2594 1969 quidam
2647 1908 2701 1956 et
2750 1898 3067 1956 Theodulus
3121 1915 3187 1954 ac
3245 1898 3547 1967 Tatianus,

290 1981 440 2051 σμοῦ,
478 1981 581 2051 τὴν
631 1979 810 2051 λύπην
860 1979 961 2034 οὐκ
990 1980 1249 2051 ἦνεγκαν.
1330 1977 1454 2031 AD.’
1493 1977 1755 2049 ἔνθερμον
1804 1978 1865 2032 τὸ

291 2072 529 2143 φρόνημα
580 2070 718 2141 πρὸς
761 2071 963 2142 ἀρετὴν
1014 2072 1364 2143 κεκτημένοι,
1417 2070 1610 2134 νυκτὸς
1650 2072 1728 2133 είς
1773 2070 1865 2124 τὸν

289 2161 402 2214 ναὸν
430 2160 877 2231 εἰσπηδήσαντες,
923 2158 1267 2230 συντρίϐουσι
1296 2159 1366 2215 τὰ
1410 2160 1722 2230 ἀγάλματα.
1756 2159 1864 2213 Τοῦ

286 2253 337 2306 δὲ
366 2251 634 2324 ἡγεμόνος
670 2253 765 2306 ἐπὶ
792 2250 870 2323 τῷ
895 2253 1139 2322 γεγονότι
1191 2252 1395 2323 σφόδρα
1437 2251 1862 2323 χαλεπήναντος,

287 2347 370 2400 καὶ
400 2345 631 2409 πολλοὺς
673 2345 784 2400 τῶν
829 2344 971 2401 κατά
1011 2345 1165 2399 πόλιν
1211 2344 1469 2400 ἀναιτίων
1524 2345 1866 2416 ἀναιρεῖσθαι

287 2437 691 2503 σπουδάζοντος,
720 2437 1121 2510 προσφέρουσιν
1153 2436 1379 2500 ἑαυτοὺς
1406 2437 1456 2490 οἱ
1485 2435 1738 2490 αὐθένται
1771 2435 1864 2490 τοῦ

283 2529 603 2600 πράγματος
623 2544 637 2559 ⁸
694 2530 790 2582 καὶ
842 2530 1040 2600 μᾶλλον
1089 2529 1244 2583 αὐτοὶ
1290 2528 1428 2599 ὑπὲρ
1475 2528 1578 2599 τῆς
1609 2527 1866 2597 ἀληθείας

284 2621 645 2692 ἀποθνήσκειν
676 2619 927 2692 ᾑροῦντο,
952 2604 1107 2693 ’ἤπερ
1157 2622 1283 2676 ίδεῖν
1316 2621 1534 2691 ἐτέρους
1579 2618 1696 2672 ἀνθ’
1735 2619 1863 2671 έαυ-

281 2714 386 2767 τῶν
413 2713 881 2785 ἀποθνήσκοντας.
918 2712 1153 2777 Τούτους
1196 2713 1375 2766 λαϐὼν
1415 2715 1443 2767 ὁ
1485 2711 1743 2784 ἡγεμὼν,
1791 2711 1867 2774 ὡς

282 2805 418 2875 ὑπὲρ
453 2805 548 2859 τοῦ
579 2805 912 2877 ἀδικήματος
943 2804 1036 2858 τοῦ
1081 2804 1214 2876 παρ’
1237 2805 1418 2859 αὐτῶν
1457 2804 1751 2874 γενομένου
1778 2802 1865 2856 διὰ

284 2898 469 2962 θυσίας
489 2896 872 2966 ἀπολογεῖσθαι
900 2897 1117 2951 ἐκέλευε
1135 2913 1150 2928 ο
1178 2896 1253 2969 μὴ
1286 2897 1576 2961 ποιοῦντας
1604 2895 1662 2949 δὲ
1687 2895 1864 2959 τοῦτο,

283 2989 639 3061 τιμωρεῖσθαι
667 2989 899 3059 ἠπείλει.
932 2988 998 3043 Οἱ
1026 2989 1109 3050 δὲ.
1140 2991 1375 3058 γενναῖοι
1408 2989 1470 3042 τὸ
1496 2988 1750 3059 φρόνημα
1780 2987 1868 3041 δν-

284 3099 390 3145 τες,
422 3083 597 3154 μικρά
636 3081 747 3135 τῶν
785 3081 1023 3135 ἀπειλῶν
1077 3081 1493 3152 φροντίσαντες,
1535 3080 1693 3134 πάνθ’
1730 3081 1864 3133 ὑπο-

291 3171 462 3241 μένειν
496 3171 731 3241 ἑτοίμως
762 3166 932 3241 εἶχονθ
965 3171 1061 3225 καὶ
1099 3171 1296 3241 μᾶλλον
1325 3172 1579 3240 θνήσκειν
1616 3170 1865 3243 ᾑροῦντο,

1966 1991 2084 2047 zelo
2124 1990 2462 2047 Christiana:
2506 1992 2788 2063 religionis
2822 1992 3054 2055 incensi,
3102 2007 3223 2047 eam
3254 1992 3552 2065 indignita-

1966 2090 2073 2136 tem
2110 2080 2258 2137 ferre
2290 2081 2521 2137 minime
2557 2090 2876 2152 potuerunt.
2925 2080 3033 2138 Sed
3078 2083 3387 2140 incredibili
3413 2100 3551 2155 quo-

1966 2171 2094 2227 dam
2125 2171 2349 2229 virtutis
2388 2187 2576 2229 amore
2610 2171 2927 2244 ﬂagrantes,
2961 2181 3126 2228 noctu
3172 2174 3228 2230 in
3283 2177 3548 2246 templum

1968 2265 2213 2331 irruunt,
2261 2271 2317 2317 et
2359 2272 2570 2320 statuas
2602 2279 2793 2320 omnes
2831 2264 3204 2337 confringunt.
3243 2265 3365 2334 Quo
3406 2266 3550 2323 facto

1967 2368 2174 2423 praeses
2194 2354 2433 2424 graviter
2460 2361 2796 2422 commotus,
2815 2370 2942 2410 cum
2968 2358 3173 2410 multos
3208 2357 3261 2410 in
3287 2372 3353 2411 ea
3389 2358 3547 2422 urbe,

1968 2445 2062 2515 qui
2094 2460 2327 2515 prorsus
2363 2446 2612 2501 insontes
2651 2456 2828 2510 erant,
2872 2447 3145 2516 supplicio
3176 2446 3397 2502 afﬁcere
3436 2447 3553 2503 vel-

1969 2536 2069 2596 let.
2112 2545 2367 2592 auctores
2415 2535 2677 2592 facinoris
2707 2536 2854 2591 ultro
2900 2551 3023 2593 sese
3051 2538 3320 2602 obtulere,
3370 2548 3423 2594 et
3449 2552 3552 2608 pro

1970 2625 2223 2680 veritatis
2269 2624 2594 2681 defensione
2658 2626 2765 2697 ipsi
2819 2626 3145 2681 occumbere
3202 2626 3549 2693 maluerunt,

1969 2730 2135 2786 quam
2196 2717 2381 2772 sinere
2430 2724 2490 2772 ut
2545 2717 2636 2771 alii
2691 2717 2936 2788 ipsorum
2983 2717 3103 2772 vice
3141 2716 3550 2772 occiderentur.

1970 2805 2081 2863 Eos
2116 2804 2288 2877 igitur
2323 2806 2800 2876 comprehendens
2828 2806 3020 2877 judex,
3056 2806 3213 2875 jubet
3245 2814 3305 2860 ut
3329 2805 3550 2861 facinus

1969 2898 2042 2953 ab
2089 2897 2228 2968 ipsis
2279 2906 2657 2968 perpetratum
2704 2899 2891 2953 eluant
2929 2899 3337 2954 sacrificando:
3376 2898 3431 2952 ni
3471 2899 3550 2953 ita

1971 2989 2239 3055 fecerint,
2291 2989 2621 3059 supplicium
2673 2988 3080 3045 interminatur.
3131 2989 3199 3042 At
3245 2988 3322 3043 illi
3359 2996 3555 3059 utpote

1968 3095 2240 3151 generoso
2260 3080 2445 3135 animo
2473 3080 2704 3151 praediti,
2736 3082 2936 3153 spretis
2959 3082 3080 3151 ejus
3107 3080 3292 3144 minis,
3326 3089 3555 3150 paratos

1973 3188 2035 3229 se
2082 3172 2449 3229 ostenderunt
2475 3172 2542 3227 ad
2582 3178 2855 3227 tormenta
2903 3172 3159 3243 quaelibet
3198 3172 3547 3237 sustinenda,

290 3236 321 3333 ἦ
356 3265 472 3327 ταῖς
504 3236 719 3326 θυσίαις
747 3236 1250 3333 μολύνεσθαιξΤότε
1279 3262 1344 3331 δὴ
1376 3236 1579 3326 πάσαις
1615 3236 1865 3330 βασάνοις

1970 3270 2024 3319 et
2063 3264 2206 3318 mori
2253 3263 2427 3318 multo
2456 3277 2622 3334 quam
2670 3236 2958 3319 sacrificiis
2995 3264 3164 3334 pollui
3207 3236 3547 3319 maluerunt.

290 3352 570 3407 ὑποϐαλὼν
601 3353 729 3417 τοὺς
765 3353 985 3425 ἄνδρας,
1020 3352 1173 3417 τέλος
1211 3353 1471 3424 ἐσχάραις
1507 3352 1733 3417 ἐπιθεὶς,
1773 3352 1870 3406 καὶ

293 3444 399 3515 πῦρ
441 3444 668 3508 ταύταις
699 3444 1011 3513 ἐπιτεθῆναι
1051 3443 1332 3508 κελεύσας,
1355 3442 1525 3505 οὕτως
1555 3441 1864 3496 ἀπόλλυσιν.

290 3537 353 3587 Oi
381 3536 456 3597 δὲ,
482 3534 579 3606 τὴν
602 3533 864 3604 κορωνίδα
889 3533 989 3604 τῆς
1013 3532 1231 3604 ἀνδρίας
1252 3532 1550 3603 τηνικαῦτα
1570 3534 1867 3600 ἐπέδειξαν,

294 3628 423 3698 πρὸς
451 3627 543 3680 τὸν
572 3627 815 3697 ἡγεμόνα
846 3625 1068 3679 τοιαῦτα
1102 3625 1375 3689 εἰπόντες·
1419 3624 1483 3677 Et
1520 3625 1871 3696 ἐπεθύμησας

287 3717 464 3772 ὀπτῶν
487 3757 502 3783 ,
545 3710 590 3771 ὦ
629 3717 873 3787 ’Δμάχιε,
922 3715 1101 3785 κρεῶν
1157 3713 1583 3783 ἀπογεύσασθαι,
1638 3715 1867 3787 στρέψον

293 3811 434 3877 ἡμᾶς
478 3809 575 3862 καὶ
619 3809 818 3873 εἰςτὰς
866 3806 1058 3877 ἑτέρας
1098 3806 1357 3872 πλευρὰς,
1404 3806 1492 3860 ἵνα
1531 3807 1606 3878 μὴ
1647 3807 1728 3870 είς
1766 3805 1866 3876 τὴν

298 3897 473 3964 γεῦσιν
513 3898 769 3969 ήμίοπτοι
813 3895 1067 3967 φανῶμέν
1111 3913 1211 3951 σοι.
1259 3894 1458 3950 Τοῦτον
1499 3897 1595 3967 μὲν
1638 3891 1730 3952 οὖν
1773 3896 1865 3951 τὸν

294 3988 485 4057 τρόπον
506 3984 652 4044 οὗτοι
675 3988 767 4042 τὸν
797 3987 910 4059 βίον
942 3987 1213 4042 ἐτέλεσαν.

865 4099 1120 4155 ΚΕΦΑΛ.
1165 4100 1281 4167 ις’.

307 4214 405 4278 Ὠς
427 4214 530 4269 τοῦ
564 4213 871 4280 ,βασιλέως
895 4214 1283 4285 κωλύσαντος
1314 4212 1455 4285 τοὺς
1477 4214 1867 4285 Χριστιανοὺς

375 4285 739 4353 Ἑλληνικὴν
792 4284 1114 4338 παίδευσιν
1162 4283 1493 4352 μανθάνειν
1515 4323 1530 4347 ,
1589 4287 1643 4337 οἱ
1700 4283 1865 4339 Ἀπολ-

361 4356 614 4425 λινάριοι
643 4359 729 4421 εὶς
764 4355 831 4409 τὸ
867 4353 1219 4424 ἐπιγράφειν
1235 4354 1457 4422 λόγους
1475 4353 1865 4423 ὡρμήθησαν.

375 4451 435 4503 '0
451 4450 632 4521 μέντοι
657 4446 754 4502 τοῦ
784 4446 1051 4519 βασιλέως
1075 4446 1260 4517 νόμος,
1280 4445 1340 4509 ὃς
1368 4446 1494 4509 τοὺς
1508 4447 1871 4518 Χριστιανοὺς

306 4540 615 4613 Ἑλληνικῆς
644 4539 893 4603 παιδείας
934 4539 1180 4609 μετέχειν
1218 4536 1456 4602 ἐκώλυε,
1485 4540 1612 4602 τοὺς
1656 4540 1870 4594 Ἀπολι-

1967 3352 2143 3410 Judex
2192 3354 2362 3425 igitur
2391 3370 2516 3410 cum
2571 3355 2723 3409 omni
2766 3361 3162 3409 tormentorum
3213 3368 3415 3426 genere
3450 3369 3553 3410 eos

1968 3446 2364 3512 excruciasset,
2406 3445 2629 3502 tandem
2668 3446 2947 3501 craticula:
2996 3446 3285 3516 impositos
3328 3447 3552 3503 subdito

1971 3539 2095 3610 igne
2124 3538 2361 3594 cremari
2390 3537 2583 3608 jussit.
2629 3536 2786 3593 Tunc
2815 3552 2949 3592 vero
2983 3537 3058 3591 illi
3079 3547 3384 3592 extremum
3425 3554 3549 3608 spe-

1968 3632 2150 3686 cimen
2186 3630 2528 3685 fortitudinis
2576 3628 2890 3693 ediderunt,
2926 3628 3011 3682 bis
3044 3627 3228 3683 verbis
3262 3629 3550 3698 praesidem

1973 3722 2197 3778 allocuti
2228 3741 2242 3777 :
2270 3720 2330 3777 Si
2378 3721 2556 3791 cupis,
2608 3719 2873 3786 Amachi,
2933 3734 3129 3773 carnes
3178 3734 3336 3775 assas
3381 3721 3547 3791 degu-

1973 3821 2144 3876 stare,
2189 3822 2341 3867 verte
2391 3825 2495 3866 nos
2527 3811 2580 3865 in
2628 3810 2857 3864 alterum
2888 3809 3055 3874 latus,
3076 3824 3162 3886 .ne
3192 3808 3331 3863 forte
3363 3809 3551 3880 gustui

1974 3911 2070 3956 tuo
2127 3899 2442 3957 semiassati
2493 3898 2802 3955 videamur.
2861 3895 2978 3953 Hoc
3030 3898 3110 3953 illi
3171 3899 3334 3954 motio
3379 3899 3549 3953 vitam

1971 3991 2252 4049 ﬁnierunt.

2485 4102 2639 4173 191
2678 4100 2831 4157 CAP.
2871 4098 2994 4155 xvr
3018 4138 3038 4157 .

1972 4214 2249 4284 Quomodo
2283 4211 2622 4283 Apollinares
2661 4212 2729 4265 ad
2760 4210 3064 4284 scribendos
3095 4209 3260 4284 libros
3286 4227 3546 4284 resecan-

2043 4285 2297 4347 tulerint,
2329 4276 2450 4336 eum
2481 4284 2771 4350 imperator
2799 4280 3131 4337 Christianos
3159 4276 3357 4335 ercis
3383 4280 3546 4334 disci-

2039 4356 2205 4422 plinis
2240 4354 2456 4409 institui
2488 4353 2759 4406 vetuisset.

2043 4446 2318 4502 Caeterum
2352 4444 2441 4499 lex
2475 4443 2568 4498 illa
2600 4441 2953 4514 imperatoris
2982 4439 3186 4497 Juliani
3206 4482 3224 4508 ,
3258 4455 3366 4512 qua
3390 4440 3544 4495 Chri-

1970 4538 2182 4594 stianos
2208 4535 2525 4590 Graecorum
2554 4533 2866 4604 disciplinis
2891 4533 3101 4589 institui
3127 4534 3379 4597 vetabat,
3406 4531 3544 4587 duos

297 4633 509 4704 ναρίους
529 4674 545 4699 ,
579 4628 654 4689 ὧν
706 4632 802 4687 καλ⁸
841 4632 1106 4704 πρότερον
1143 4631 1631 4703 ἐμνημονεύσαμεν
1653 4673 1667 4698 ,
1701 4649 1865 4701 φανε-

1970 4630 2097 4687 illos
2121 4628 2472 4700 Apollinares
2497 4640 2731 4696 quorum
2760 4625 3017 4695 superius
3042 4623 3374 4679 mentionem
3413 4622 3547 4677 feci-

298 4723 561 4794 ρωτέρους
589 4721 890 4790 ἀπέδειξεν.
924 4722 1014 4785 Ὠς
1038 4721 1147 4792 γὰρ
1185 4721 1351 4792 ἄμφω
1374 4722 1544 4793 ἤστην
1569 4723 1867 4794 ἐπιστήμο-

295 4828 386 4874 νες
413 4813 577 4882 λόγων
601 4854 617 4880 ,
644 4816 674 4868 ό
717 4813 816 4884 μὲν
860 4810 1040 4883 πατὴρ
1066 4809 1470 4883 γραμματικῶν
1492 4849 1507 4874 ,
1539 4811 1866 4879 σοφιστικῶν

294 4901 352 4956 δὲ
381 4905 411 4957 ὸ
440 4907 550 4970 υίὸς
570 4945 586 4971 ,
623 4905 905 4978 χρειώδεις
934 4903 1158 4966 ἑαυτοὺς
1186 4903 1322 4971 πρὸς
1349 4902 1441 4955 τὸν
1474 4903 1718 4973 παρόντα
1751 4921 1867 4957 καιο

297 4995 391 5065 ρὺν
413 5002 521 5064 τοῖς
547 5000 891 5071 Χριστιανοίς
931 4995 1301 5051 ἀπεδείκνυον.
1346 4994 1405 5048 Ὀ
1437 4994 1538 5065 μὲν
1567 4995 1675 5066 γάρ
1703 4995 1864 5059 εὐθὺς

292 5089 670 5160 γραμματικὸς
723 5088 819 5143 ἅτε
845 5129 861 5155 ,
914 5087 1014 5159 τὴν
1062 5086 1258 5157 τέχνην
1309 5085 1703 5158 γραμματικὴν
1749 5084 1863 5156 (64)

1969 4735 2093 4777 mus
2117 4759 2132 4785 ,
2165 4720 2339 4774 multo
2369 4732 2531 4787 quam
2560 4724 2720 4771 antea
2750 4716 3082 4772 illustriores
3113 4714 3369 4771 reddidit.
3407 4712 3543 4767 Nam

1968 4827 2093 4868 cum
2124 4820 2358 4881 uterque
2387 4808 2776 4864 bumaniorum
2804 4806 3216 4877 disciplinarum
3243 4804 3437 4876 peritia
3462 4820 3548 4859 es-

1966 4911 2053 4959 set
2079 4902 2445 4970 ;instructus,
2495 4907 2656 4968 pater
2697 4897 2918 4967 quidem
2957 4898 3360 4967 grammaticae,
3400 4896 3542 4952 filius

1967 5000 2151 5049 autem
2207 4992 2538 5054 rhetoricae,
2590 4990 2752 5046 ambo
2807 4990 3103 5059 plurimum
3160 4988 3420 5043 utilitatis
3477 5002 3546 5043 eo

1964 5094 2211 5156 tempore
2238 5082 2574 5140 Christianis
2604 5081 2939 5137 attulerunt.
2980 5080 3145 5137 Pater
3174 5081 3321 5135 enim
3354 5086 3548 5150 utpote

1512 5259 1786 5316 VALESII
1821 5258 2268 5316 ANNOTATION
2273 5257 2379 5316 ES.

367 5379 476 5451 (65)
516 5381 740 5452 Ἄρχων
762 5375 841 5450 ἦν
867 5377 1161 5452 ᾍμὰχιος.
1204 5373 1505 5452 Delendum
1541 5385 1622 5430 est
1648 5369 1739 5445 ἦν,
1772 5374 1859 5430 vel

293 5444 592 5522 certe'ejns
616 5444 743 5506 Toco
770 5444 1129 5522 scribendum
1165 5453 1251 5502 est
1283 5444 1378 5498 ὤν.

369 5522 477 5595 (64)
499 5513 644 5579 "Ars
665 5522 778 5592 τὴν
798 5519 1022 5590 τέχνην
1040 5515 1470 5589 γραμματικήν.
1494 5513 1688 5571 Melius
1714 5513 1859 5570 scri-

1966 5374 2212 5437 beretur,
2242 5373 2339 5442 τήν
2367 5389 2427 5426 τε
2453 5370 2650 5444 τέχνην
2681 5369 3078 5444 γραμματικήν
3096 5410 3110 5435 ,
3136 5368 3220 5444 vel
3248 5374 3398 5444 certe
3421 5383 3546 5444 mu-

1967 5446 2132 5499 tanda
2167 5451 2254 5499 est
2288 5437 2580 5498 distinctio
2605 5437 2914 5498 hoc'm'o'do
2942 5459 2958 5496 :
3004 5437 3062 5493 Ὀ
3116 5440 3214 5510 μὲν
3244 5437 3350 5508 γὰρ
3383 5437 3546 5500 εὐθὺς

1966 5512 2351 5585 γραμματικὸς
2379 5512 2498 5568 ἆτε.

1696 5685 2066 5746 VARIORUM
2079 5727 2094 5743 .

363 5812 531 5882 {‘Er
556 5812 631 5881 τῇ
656 5813 858 5882 Μηρῷ.
902 5812 978 5869 De
1001 5815 1105 5869 hac
1133 5814 1265 5869 urbe
1283 5811 1407 5868 vide
1435 5809 1635 5882 Yalcsii
1668 5818 1861 5864 annot.

289 5878 361 5930 ad
403 5873 827 5951 Sozoml'lib."v',
862 5899 979 5953 cap.
1018 5885 1096 5938 ll.
1438 5873 1455 5897 ⁸

2045 5816 2067 5845 ι
2107 5805 2496 5870 Μακεδόνιος.
2541 5801 2844 5857 Macedonii
2880 5810 2932 5854 et
2968 5797 3245 5870 sociorum
3278 5799 3544 5852 memoria

1975 5877 2288 5932 celebratur
2328 5867 2659 5930 duodecimo
2690 5873 2779 5927 die
2824 5867 3187 5940 Septembris.
