4016 6350
521 392 630 451 ιε3

1981 383 2256 442 SOCRA'I‘
2264 384 2324 442 IS

3678 383 3788 440 43-1

521 520 744 578 cunque
777 504 978 570 fuerit,
1032 503 1318 574 proprium
1371 513 1458 559 est
1505 502 1782 559 veritatis.
1845 501 2004 570 Quod
2049 505 2098 560 si

2205 506 2272 558 Ἦ
2293 502 2458 557 πόθεν
2487 499 2717 570 ἐγνώκει
2753 499 2834 564 τὺ,
2865 500 2974 555 Τοῦ
3009 500 3118 570 γὰρ
3159 500 3258 554 καὶ
3291 501 3468 570 γένος
3491 499 3702 572 ἐσμὲν,
3736 507 3791 558 εἰ

521 599 650 668 quis
682 600 794 653 haec
821 613 850 650 a
881 596 1037 650 nobis
1062 595 1356 650 violentius
1382 603 1438 649 et
1464 603 1668 666 praeter
1691 610 1916 651 sensum
1950 595 2100 650 Scri-

522 695 814 755 pturarmn
850 684 960 738 dici
1005 683 1318 750 existimat,
1367 684 1416 740 is
1463 683 1808 748 consideret,
1857 684 2097 754 Aposto-

522 779 632 831 lum
659 792 770 831 non
806 776 966 830 modo
998 791 1104 829 non
1137 776 1427 844 prohibere
1455 791 1523 830 ne
1552 776 1866 830 Graacorum
1897 776 2098 832 litteris

519 869 864 926 erudiamur.
899 868 994 924 sed
1025 869 1204 937 ipsum
1255 883 1474 938 quoque
1519 869 1692 924 videri
1735 883 1830 923 eas
1867 869 2097 923 minime

520 959 872 1029 neglexisse,
909 960 1111 1030 quippe
1139 960 1232 1029 qui
1282 961 1454 1014 multa
1503 977 1626 1030 qua:
1675 959 1827 1014 dicta
1881 969 2013 1012 sunt
2064 974 2096 1014 a

520 1048 760 1115 Graecis,
808 1065 973 1104 nosse
1006 1050 1469 1119 deprehendatur.
1511 1050 1646 1103 Nam
1683 1049 1847 1116 unde,
1876 1063 2063 1119 quaeso
2085 1089 2100 1114 ,

520 1145 626 1200 hoc
653 1144 826 1199 dixit:
851 1144 1121 1199 Cretenses
1142 1161 1342 1212 semper
1369 1143 1668 1208 mendaces,
1699 1145 1854 1196 mala:
1884 1143 2068 1196 bestiw
2085 1183 2101 1208 ,

520 1249 719 1291 rentres
748 1237 886 1306 pigri
915 1237 984 1301 ⁷³,
1014 1236 1119 1290 nisi
1154 1235 1299 1305 quod
1327 1236 1660 1305 Epimenidis
1683 1233 1964 1288 Cretensis
1996 1233 2102 1286 ini-

520 1327 736 1381 tiatoris
773 1326 996 1380 oracula
1046 1327 1292 1397 legerat?
1337 1329 1445 1379 Aut
1474 1328 1618 1381 unde
1662 1325 1806 1382 istud
1835 1333 2062 1380 noverat
2087 1341 2101 1355 ·

521 1414 678 1469 Illius
704 1417 846 1470 enim.
887 1425 937 1469 et
974 1434 1135 1486 genus
1164 1433 1344 1471 sumus
1373 1417 1438 1480 ⁷⁸,
1472 1418 1578 1473 nisi
1611 1417 1765 1472 Arati
1797 1417 2099 1472 astronomi

520 1506 878 1562 Pbaanomena
923 1508 1245 1562 didicisset?
1293 1508 1396 1563 Sed
1425 1517 1479 1564 et
1523 1510 1678 1574 illud,
1721 1509 1895 1562 Bonos
1930 1525 2100 1562 mores

2209 595 2285 667 μὴ
2315 595 2386 650 τὰ
2409 593 2716 664 Φαινόμενα
2742 593 2836 646 τοῦ
2875 593 3207 664 ἀστρονόμον.)
3241 593 3470 665 Ἀράτου
3494 595 3788 666 ἡπίστατος

2200 685 2364 741 Ἀλλὰ
2381 685 2474 739 καὶ
2490 684 2569 746 τὺ,
2586 686 2938 751 Φθείρουσιν
2958 684 3070 750 ἤθη
3093 683 3325 752 χρηστὰ
3344 685 3566 754 ὁμιλίαι
3585 689 3789 752 κακαί,

2199 778 2437 832 δείκνυσι
2483 776 2556 848 μὴ
2588 777 2818 846 ἀνήκοον
2861 775 2968 827 τῶν
3007 774 3298 846 Εὐριπίδου
3335 775 3627 846 δραμάτων
3660 795 3794 846 τυγ-

2200 870 2452 940 χάνοντα.
2475 869 2587 920 Καὶ
2614 868 2665 920 τί
2689 867 2770 920 δεῖ
2791 868 2919 938 περὶ
2949 866 3153 920 τούτων
3181 867 3446 938 μηκύνειν
3473 869 3565 921 τὸν
3589 869 3748 937 λόγον
3774 887 3790 936 ;

2201 961 2310 1013 Καὶ
2333 959 2596 1013 ἀνέκαθεν
2615 959 2690 1021 ὠς
2714 960 2776 1011 ἐκ
2796 976 2940 1021 τινος
2966 958 3038 1029 μὴ
3059 959 3448 1031 κεκωλυμένης
3474 961 3788 1032 συνηθείας,

2199 1051 2250 1104 οἱ
2279 1050 2421 1104 κατὰ
2457 1051 2554 1113 τὰς
2595 1051 2918 1121 Ἑκκλησίας
2956 1051 3287 1115 διδάσκαλοι,
3319 1051 3622 1107 δείκνυνται
3658 1056 3793 1124 ἄχρι

2200 1145 2382 1215 γήρως
2420 1143 2484 1196 τὰ
2523 1144 2792 1214 Ἑλλήνων
2832 1145 3192 1214 ἀσκούμενοι·
3226 1145 3384 1199 τοῦτο
3426 1147 3523 1214 μὲν
3547 1146 3793 1214 εὐγλωτ-

2197 1235 2320 1298 τίας
2349 1235 2507 1305 χάριν
2535 1235 2630 1287 καὶ
2655 1237 2960 1305 γυμνασίας
2985 1237 3077 1289 τοῦ
3100 1236 3190 1290 νοῦ
3216 1253 3230 1266 ο
3259 1237 3415 1290 τοῦτο
3434 1237 3510 1300 δὲ,
3539 1239 3792 1310 καὶπρὸς

2201 1325 2301 1395 τὴν
2341 1323 2518 1378 αὐτῶν
2552 1324 2773 1377 ἐκείνων
2801 1326 3173 1392 κατάγνωσιν,
3201 1325 3328 1396 περὶ
3359 1318 3432 1379 ὧν
3463 1325 3794 1396 ἀπεσφάλη-

2208 1433 2324 1470 σαν.
2351 1414 2533 1469 Ταῦτα
2563 1415 2659 1486 μὲν
2691 1411 2782 1468 οῦν
2803 1415 2985 1468 ἕνεκεν
3008 1417 3115 1468 τῶν
3160 1415 3548 1476 ’Λπολιναρίων
3581 1411 3693 1470 οἷόν
3727 1433 3790 1470 τε

2208 1507 2466 1578 εἰρήσθω.

520 1609 861 1670 corrumpunt
891 1601 1152 1670 colloquia
1189 1617 1352 1670 prava
1378 1603 1449 1668 ⁷⁸,
1493 1607 1628 1660 satis
1661 1604 1937 1668 ostendit,
1973 1603 2126 1657 illum
2166 1599 2446 1672 Euripidis
2469 1600 2890 1672 Tragmdiarum
2917 1617 3025 1656 non
3053 1602 3305 1672 ignarum
3348 1601 3540 1658 fuisse.
3582 1603 3790 1659 Verum

519 1693 645 1762 quid
689 1709 828 1763 opus
869 1701 954 1748 est
999 1695 1354 1763 prolixiorem
1403 1697 1470 1750 dc
1524 1696 1626 1750 hac
1685 1712 1745 1750 re
1786 1711 2097 1752 sermonem
2137 1696 2476 1750 contexere?
2509 1693 2722 1750 Etenim
2764 1696 2878 1765 jam
2913 1695 3038 1750 inde
3094 1711 3125 1750 a
3165 1695 3363 1765 priscis
3403 1699 3788 1766 temporibus,

520 1790 780 1850 tanquam
821 1798 888 1836 ex
939 1783 1130 1836 inolita
1171 1786 1406 1854 quadam
1436 1788 1871 1851 consuetudine,
1909 1786 2280 1842 Ecclesiarum
2312 1786 2569 1841 doctores
2598 1788 2654 1842 in
2718 1786 3032 1842 Graecorum
3101 1788 3407 1858 disciplinis
3473 1791 3538 1842 ad
3602 1799 3791 1845 extre-

522 1885 670 1924 mam
706 1887 884 1940 usque
919 1882 1258 1928 senectutem
1293 1890 1416 1930 sese
1443 1876 1758 1933 exercuisse
1788 1876 2323 1947 deprehenduntur;
2360 1877 2527 1946 idque
2558 1878 2758 1952 partim
2827 1878 3155 1949 eloquentiae
3223 1887 3277 1934 et
3349 1880 3549 1949 ingenii
3620 1895 3792 1936 exeo.

521 1963 662 2017 lendi
693 1979 883 2029 causa,
935 1969 1131 2035 partim
1170 1977 1228 2022 ut
1269 1984 1332 2024 ea
1376 1971 1492 2038 ipsa
1540 1972 1938 2025 convincerent
1997 1971 2055 2025 in
2094 1971 2298 2041 quibus
2345 1969 2522 2026 Graeci
2585 1985 2617 2025 ιι
2663 1971 2892 2026 veritate
2952 1971 3368 2027 aberravcrant.
3418 1974 3598 2043 Atque
3666 1974 3786 2028 hinc

520 2057 915 2126 Apollinarium
963 2062 1141 2131 gratia
1183 2077 1210 2115 a
1251 2063 1412 2117 nobis
1457 2079 1554 2132 pro
1583 2073 1743 2134 captu
1776 2074 1967 2119 nostro
1997 2063 2145 2119 dicta
2181 2065 2313 2120 sint.

1138 2155 1290 2210 CAP.
1327 2156 1491 2211 XVII.

519 2242 791 2309 Quomodo
824 2247 1115 2313 imperator
1150 2257 1335 2300 contra
1373 2247 1564 2302 Persas
1591 2248 1974 2312 eapeditionem
1999 2262 2097 2316 pa-

586 2331 733 2378 rans,
759 2331 877 2367 cum
908 2322 971 2368 ab
1001 2318 1440 2370 Antiochensibus
1474 2320 1680 2372 derisus
1704 2331 1858 2381 esset,
1893 2321 2098 2372 oratio-

585 2401 699 2437 nem
717 2401 837 2454 qua:
853 2385 1159 2455 Misopogon
1179 2387 1506 2452 inscribitur,
1534 2387 1782 2442 adversus
1805 2405 1892 2442 eos
1907 2389 2094 2442 edidit.
2155 2435 2159 2438 _

586 2472 799 2528 Interea
837 2475 1142 2544 imperator
1166 2490 1288 2530 cum
1324 2492 1575 2546 magnam
1621 2477 1870 2546 pecunia:
1913 2478 2023 2530 vim
2064 2491 2096 2530 a

478 2555 480 2557 ’
518 2563 852 2620 Christianis
903 2566 1256 2629 eorrasissct,
1295 2575 1488 2620 contra
1533 2567 1733 2622 Persas
1770 2582 2094 2638 properans,

518 2653 864 2709 Antiochiam
899 2655 1074 2727 Syria:
1113 2657 1398 2727 ingressus
1433 2665 1537 2712 est.
1570 2658 1626 2711 In
1658 2673 1764 2729 qua
1794 2658 1925 2713 dum
1976 2672 2098 2712 mo-

518 2756 693 2811 ratur,
742 2749 929 2817 gloriaa
967 2747 1207 2803 studium
1241 2764 1352 2819 quo
1407 2748 1705 2820 ﬂagrabat,
1738 2751 2099 2808 Antiochenis

515 2838 680 2894 etiam
703 2841 891 2895 volens
927 2841 1235 2903 ostendere,
1253 2840 1426 2912 pretia
1462 2857 1643 2896 rerum
1674 2842 1944 2896 venalium
1973 2843 2098 2912 plus

517 2945 675 3000 aequo
707 2931 1002 2996 imminuit,
1043 2933 1191 2986 nulla
1215 2933 1478 3002 temporis
1501 2935 1716 2988 ratione
1750 2935 1970 3001 habita;
1998 2950 2099 2990 nec

517 3025 651 3080 illud
683 3024 868 3080 animo
891 3034 1177 3095 reputans,
1199 3027 1547 3096 praesentiam
1573 3028 1853 3082 numerosi
1884 3028 2099 3083 exerci-

517 3125 610 3171 tus
647 3117 963 3172 necessario
995 3116 1256 3171 damnum
1308 3117 1512 3174 inferre
1547 3118 2002 3188 provincialibus,
2043 3127 2098 3173 et

515 3223 701 3262 rerum
733 3208 1169 3263 necessariarmn
1203 3208 1601 3263 abundantiam
1623 3209 1943 3264 civitatibus
1975 3209 2096 3263 adi-

517 3315 689 3354 mere.
728 3299 915 3370 ltaque
961 3300 1221 3355 cociones
1269 3309 1326 3354 et
1367 3298 1708 3363 dardanarii,
1742 3299 2096 3368 dispendium

518 3392 665 3463 quod
693 3406 757 3444 ex
790 3391 1135 3459 imperatoris
1168 3399 1442 3460 praecepto
1470 3391 1573 3444 sibi
1606 3391 1933 3460 contigerat,
1956 3407 2098 3461 aegre

2801 2161 3053 2216 ΚΕΦΑΛ.
3086 2128 3202 2217 ηοξ

2209 2250 2308 2316 Ὧς
2329 2255 2363 2306 ό
2381 2251 2682 2317 ,βασιλεὺς
2710 2253 2798 2318 εἷς
2828 2252 3063 2321 Πέρσας
3091 2256 3336 2323 μέλλων
3363 2255 3663 2318 ἐλαύνειν,
3685 2255 3789 2309 καὶ

2266 2323 2338 2394 ἐκ·
2376 2323 2705 2394 Ἀντιοχείᾳ
2741 2324 3079 2390 γενόμενος,
3102 2327 3204 2378 ὑπ’
3230 2325 3430 2378 αὐτῶν
3461 2327 3785 2394 σκωφθεὶς,

2268 2391 2378 2444 τὸν
2415 2391 2825 2461 Μισοπώγωιπα
2857 2394 3044 2461 λόγον
3076 2394 3532 2464 προσεφώνησε.

2279 2481 2338 2535 '0
2375 2481 2558 2552 μέντοι
2615 2481 2866 2552 βασιλεὺς
2904 2484 3128 2536 πλεῖστα
3175 2485 3240 2537 ἐκ
3285 2485 3394 2540 τῶν
3440 2485 3788 2557 Χριστιανῶν

2197 2575 2565 2644 κομισάμενος
2611 2575 2888 2645 χρήματα,
2921 2576 3014 2628 ἐπὶ
3047 2575 3259 2646 Πέρσας
3304 2595 3362 2630 τε
3411 2578 3510 2648 τὴν
3549 2579 3789 2650 σπουδὴν

2199 2663 2541 2734 ποιούμενος,
2571 2664 2670 2731 τὴν
2703 2666 2760 2717 ἐν
2792 2664 2960 2736 Συρίᾳ
2993 2665 3401 2735 καταλαμϐάνει
3435 2667 3788 2737 Ἀντιόχειαν.

2211 2747 2360 2825 Ἑνῇ
2419 2755 2728 2824 γενόμενος,
2759 2755 2820 2806 τὸ
2857 2755 3058 2825 προσόν
3099 2773 3160 2808 τε
3201 2755 3349 2826 αύτῷ
3373 2755 3649 2826 φιλότιμον
3691 2758 3792 2811 καὶ

2211 2846 2573 2915 Ἀντιοχεῦσιν
2626 2846 2890 2913 ἐπιδεῖξαι
2938 2847 3408 2917 βουλόμενος,τὰς
3460 2848 3626 2917 τιμὰς
3679 2850 3792 2902 τῶν

2197 2937 2374 2992 ὠνίων
2401 2949 2424 2977 ε
2457 2938 2618 2990 πλέον
2657 2938 2689 3009 ἣ
2728 2938 2870 3001 ἔδει,
2911 2940 2992 3001 είς
3041 2937 3260 2993 ἔλαττον
3309 2939 3638 2993 κατεϐίϐασε
3662 2978 3678 3005 ,
3715 2939 3792 3012 μὴ

2199 3030 2602 3102 στοχασάμενος
2653 3029 2747 3083 τοῦ
2800 3029 2995 3100 καιροῦ
3040 3045 3055 3062 ⁸
3097 3030 3232 3100 μηδέ
3290 3030 3685 3102 λογισάμενος,
3714 3032 3794 3096 ὠς

2199 3121 2472 3192 παρουσία
2503 3119 2871 3190 πολυπληθίας
2917 3119 3314 3190 στρατοπέδου,
3345 3123 3457 3184 τοῖς
3511 3137 3572 3173 τε
3615 3122 3794 3192 ἐπαρ-

2197 3212 2420 3281 χιώταις
2453 3211 2760 3280 ἐξανάγκης
2795 3211 2966 3282 ζημία
3004 3211 3240 3279 γίνεται,
3278 3212 3372 3265 καὶ
3399 3214 3498 3283 τὴν
3523 3211 3795 3280 ἀφθονίαν

2198 3303 2452 3356 ἐκκόπτει
2492 3303 2600 3356 τῶν
2627 3304 2854 3357 πόλεων.
2883 3304 3084 3373 Διόπερ
3123 3303 3172 3354 οἱ
3207 3302 3522 3373 μεταϐολεῖς
3543 3303 3660 3374 (67)
3696 3304 3798 3358 καὶ

2198 3396 2246 3448 οἱ
2289 3395 2398 3447 τῶν
2446 3395 2620 3450 ὠνίων
2651 3396 2922 3465 κάπηλοι,
2960 3395 3034 3465 μὴ
3067 3394 3379 3462 ἐνεγκόντες
3425 3395 3524 3465 τὴν
3578 3396 3646 3448 ὲκ
3697 3395 3797 3449 τοῦ

519 3483 780 3546 ferentes,
817 3497 847 3536 a
879 3483 1255 3549 negotiatione
1285 3482 1548 3552 deinceps
1582 3483 1934 3539 abstiterunt.
1961 3483 2099 3540 Hinc

2205 3485 2481 3556 βασιλικοῦ
2532 3489 2953 3557 προστάγματος
2999 3485 3223 3556 ζημίαν,
3245 3487 3342 3556 τῆς
3365 3486 3636 3557 ἐμπορίας
3670 3489 3798 3541 τότε

519 3572 726 3628 factum
757 3582 844 3628 est
881 3581 942 3627 ut
976 3587 1194 3627 annona
1246 3575 1301 3628 in
1345 3574 1462 3628 foro
1497 3573 1774 3628 deﬁceret.
1809 3573 1980 3641 Quem
2009 3589 2100 3629 ca-

521 3680 644 3720 sum
674 3681 782 3718 non
820 3664 1062 3719 ferentes
1085 3663 1244 3736 195
1266 3666 1613 3730 Antiocheni,
1634 3666 1890 3719 homines
1907 3676 2101 3736 suopte

519 3756 740 3826 ingenio
778 3757 935 3825 proni
970 3755 1035 3808 ad
1069 3756 1494 3810 conviciandum
1519 3796 1532 3820 ,
1573 3758 1692 3812 sine
1720 3771 1874 3811 mora
1905 3756 1961 3810 in
2005 3757 2100 3810 im-

519 3857 832 3920 peratorem
871 3849 1048 3918 ipsum
1077 3857 1398 3918 erumpunt,
1427 3856 1481 3902 et
1511 3850 1776 3904 adversus
1809 3849 1963 3904 illum
1997 3864 2097 3902 vo-

2199 3576 2520 3647 ἁπέσχοντο.
2566 3578 2661 3629 Ἐκ
2707 3577 2763 3630 δὲ
2805 3577 3018 3639 τούτου,
3041 3576 3109 3629 τὰ
3133 3576 3266 3630 ὤνια
3297 3576 3646 3632 ἀπελείπετο.
3684 3581 3800 3634 Καὶ

2197 3668 2294 3739 τὴν
2329 3667 2638 3739 προσϐολὴν
2671 3668 2747 3739 μὴ
2782 3668 3098 3735 ἐνεγκόντες
3119 3669 3168 3720 οἱ
3221 3669 3511 3739 Ἀντιοχεῖς
3531 3685 3544 3698 ο
3570 3671 3799 3741 εὑρίπι-

2198 3776 2312 3812 στοι
2339 3760 2446 3829 γὰρ
2474 3761 2523 3812 οἱ
2560 3759 2836 3831 ἄνθρωποι
2885 3761 2965 3822 είς
3005 3758 3192 3830 ὕϐρεις
3227 3776 3240 3790 ·
3281 3760 3355 3831 μὴ
3395 3760 3797 3830 μελλήσαντες,

2195 3849 2338 3903 κατὰ
2371 3849 2464 3902 τοῦ
2514 3849 2780 3919 βασιλέως
2828 3850 3149 3918 ἐχώρησανο
3185 3849 3460 3901 κατεϐόων
3499 3866 3557 3902 τε
3597 3849 3797 3934 αὑτοῦ,

519 3939 842 3994 ciferantur.
866 3938 927 3991 Et
953 3939 1004 3992 in
1027 3939 1250 3993 barbam
1278 3937 1399 4006 ejus
1421 3938 1747 3993 cavillantes
1777 3938 1918 4008 (erat
1948 3938 2096 3993 enim

2205 3941 2290 4014 καὶ
2345 3940 2714 3995 ἀπέσκωπτον
2742 3943 2820 4004 εἰς
2856 3941 2946 3994 τὸν
2981 3941 3219 4008 πώγωνα
3243 3958 3256 3972 °
3287 3940 3638 4011 βαθυγένειος
3683 3943 3799 4011 γὰρ

521 4033 612 4089 ille
642 4033 942 4104 prolixiore
974 4032 1196 4103 barba),
1220 4031 1554 4087 tondendam
1579 4047 1704 4088 esse
1727 4030 2008 4094 dicebant,
2041 4039 2098 4087 et

2205 4029 2291 4104 ἣν·
2323 4033 2527 4106 κείρειν
2567 4051 2629 4087 τε
2661 4033 2846 4103 ἔλεγον
2899 4033 3086 4086 τοῦτον
3115 4033 3143 4072 ἀ
3176 4033 3270 4087 καὶ
3308 4033 3536 4118 σχοινία.
3562 4034 3799 4088 πλέκειν

588 4172 636 4205 ’³
661 4171 836 4236 Tim,
884 4171 972 4226 ιε.
1044 4171 1092 4202 ’⁸
1127 4170 1248 4228 Act.
1279 4187 1414 4236 xvu,
1471 4170 1566 4226 28.

1647 4172 1692 4204 "'
1730 4172 1750 4226 Ι
1779 4169 1909 4226 Cor.
1943 4187 2014 4226 xv
2037 4211 2052 4235 ,
2082 4171 2173 4226 '55.

1746 4290 2026 4347 VALESII
2063 4286 2626 4347 ANNOTATIONES.

520 4383 806 4456 χματώδη.
843 4383 969 4440 Haec
999 4386 1169 4456 igitur
1207 4385 1432 4439 oracula
1462 4385 1572 4440 dici
1627 4395 1884 4456 possunt.
1939 4385 2103 4442 Certe

522 4453 871 4522 Epimenides
900 4456 984 4509 vir
1013 4453 1117 4508 fuit
1138 4456 1527 4509 lustrationum
1551 4465 1605 4509 et
1620 4453 2100 4511 consecrationnm

526 4525 916 4593 peritissimus.
982 4525 1130 4580 Usus
1194 4530 1280 4578 est
1335 4533 1516 4578 autem
1580 4526 1636 4580 in
1678 4526 2105 4580 lustrationibus

522 4595 801 4665 principue
833 4596 1013 4650 scilla.
1053 4593 1238 4659 Quare
1270 4601 1325 4665 et
1366 4594 1538 4665 scilla:
1587 4597 1837 4664 quaedam
1892 4595 2104 4664 species

523 4664 592 4719 ab
623 4665 744 4731 ejus
783 4665 1008 4719 nomine
1053 4664 1415 4734 ἐπιμενίδειος
1460 4664 1630 4718 dicta.
1689 4665 2103 4734 TheOphrnstns

524 4735 578 4788 in
613 4735 752 4805 nam
783 4749 878 4794 vn.
905 4750 1028 4805 cap.
1063 4734 1129 4788 ιο
1157 4732 1170 4785 ξ
1202 4732 1486 4805 Ἐδῴδιμοι
1511 4735 1618 4805 γὰρ
1639 4735 1700 4787 οὺ
1735 4732 1896 4805 μόνον
1925 4735 2102 4802 βόλϐοι

522 4805 616 4857 καὶ
649 4804 718 4856 τὰ
751 4805 911 4866 ὅμοια
940 4804 1172 4866 τούτοις,
1201 4803 1336 4856 ἀλλὰ
1361 4805 1457 4856 καὶ

522 4875 622 4944 τῆς
663 4874 886 4944 σκίλλης
915 4891 928 4903 ο
964 4875 1100 4944 πλὴν
1130 4875 1191 4926 ού
1230 4875 1432 4943 πάσης,
1461 4874 1595 4926 ἀλλὰ
1627 4874 1690 4927 τὸ
1734 4874 2097 4944 ἐπιμενιδείου

521 4943 886 5014 καλουμένης,
909 4945 1026 5014 ἥτις
1049 4943 1156 4998 ἀπὸ
1175 4944 1272 5013 τῆς
1294 4945 1540 5013 χρήσεως
1564 4944 1676 5014 ἔχει
1706 4943 1802 5013 τὴν
1824 4943 2100 5014 προσηγο-

523 4962 688 4996 καλου
739 4962 886 5013 ενης,
909 4962 1026 5014 ητις
1049 4962 1156 4998 απο
1175 4962 1272 5013 της
1294 4962 1540 5013 χρησεως
1564 4962 1676 5013 εχει
1706 4962 1802 5013 την
1824 4962 2100 5014 προσηγο-

523 5015 666 5084 ρίαν.
698 4962 843 5067 ῗιὶιιο
886 5025 1113 5084 apparet
1160 5031 1259 5084 cur
1294 5013 1552 5068 Socrates
1601 5001 1978 5082 Epimenidcm
2013 5029 2102 5066 vo-

521 5083 661 5156 carit
693 5084 862 5156 ἄνδρα
887 5083 1166 5156 τελεστήν,
1204 5083 1368 5156 idest
1396 5094 1838 5156 consecratorem
1864 5099 1962 5139 seu
1993 5084 2101 5138 ini-

522 5153 806 5213 tialorem,
826 5170 934 5207 non
976 5166 1035 5208 ut
1069 5153 1351 5209 Musculus
1379 5155 1563 5219 vertit,
1593 5155 1885 5208 initiatum.

593 5224 704 5293 (67)
729 5226 939 5292 Διόπερ
966 5227 1020 5278 ot
1041 5223 1413 5294 μεταϐαλεῖς.
1447 5223 1525 5277 Ita
1574 5222 1750 5294 Graeci
1780 5229 1981 5278 vocant
2015 5223 2098 5277 vi-

519 5292 601 5349 les
639 5309 704 5349 ac
733 5295 976 5350 minutos
1007 5292 1365 5360 mercatores,
1395 5309 1462 5350 eo
1478 5293 1627 5364 quod
1651 5309 1865 5350 merces
1886 5294 2092 5364 exiguo

2207 4387 2388 4456 pretio
2416 4390 2778 4456 commutent.
2813 4383 3188 4456 Μεταϐάλλειν
3217 4383 3362 4456 enim
3395 4393 3480 4439 est
3523 4387 3796 4450 mercari,

2205 4453 2256 4512 et
2279 4454 2548 4526 μεταϐολή
2579 4462 2912 4526 mercatura.
2954 4465 3010 4507 ut
3033 4455 3191 4526 docet
3217 4453 3410 4507 Pollux
3446 4456 3500 4508 in
3527 4456 3676 4509 libro
3709 4472 3795 4519 Ill,

2205 4523 2330 4595 cap.
2356 4526 2449 4579 25.
2476 4523 2615 4577 Hinc
2642 4523 2974 4594 παλίμϐολος
3005 4525 3132 4577 olim
3164 4524 3344 4595 dictus
3370 4533 3475 4585 est,
3515 4527 3612 4592 qui
3646 4543 3800 4595 saepe

2207 4594 2472 4678 auctione
2515 4595 2770 4678 venditus
2818 4596 3029 4678 fuerat:
3067 4597 3096 4646 ὁ
3151 4594 3527 4678 πολλάκις
3570 4594 3798 4678 ἐμπολῇ

2211 4665 2709 4736 μεταϐεϐλημένος,
2743 4672 2801 4717 ιιι
2838 4665 2914 4717 ait
2961 4662 3382 4733 Harpocration.
3411 4665 3538 4736 _Eos
3606 4662 3798 4720 Latini

2207 4734 2466 4791 cociones
2519 4736 2776 4788 dixerunt
2825 4741 2880 4787 et
2941 4735 3226 4790 arilatorcs
3269 4750 3330 4788 ac
3392 4734 3798 4792 dardanarios.

1486 4792 1638 4876 ὴίτὸῦ
1657 4792 1973 4876 άσξροδὲλοῦ,
2009 4805 2099 4858 καὶ

2207 4806 2418 4859 Glossre
2447 4805 2602 4857 ('OCIO
2639 4801 2995 4876 μεταϐολεύῆ
3030 4803 3160 4876 Item
3198 4805 3318 4858 alia:
3364 4805 3566 4874 glossa:
3617 4825 3802 4876 μετα-

2203 4876 2414 4939 ϐολεὺς,
2444 4874 2822 4943 μεταπράτης,
2861 4873 3249 4938 dardanarius,
3289 4873 3558 4938 cociator,
3616 4873 3799 4930 arila-

2202 4954 2308 5000 tor.
2329 4944 2818 5014 Nicephorusvcro
2844 4943 3288 5014 παλινκαπήλους
3316 4945 3475 5006 dixit,
3505 4961 3656 5014 quos
3690 4948 3800 5000 So-

2201 5023 2384 5070 crates
2428 5011 2587 5084 vecat
2640 5011 2974 5084 pata6o).si;_.
3018 5011 3156 5065 Sunt
3206 5023 3385 5067 autem
3433 5011 3802 5084 παλιγκάπη-

2202 5085 2316 5147 λοι,
2372 5083 2466 5154 qui
2524 5082 3180 5154 Latineurevenditores,
3216 5091 3271 5136 et
3326 5087 3652 5154 regrattarii
3695 5082 3802 5139 vo-

2207 5151 2426 5219 cantur,
2458 5153 2651 5222 quales
2679 5151 2809 5206 olim
2841 5159 3000 5222 erant
3026 5152 3366 5208 dardanarii.
3394 5151 3610 5209 Clossa:
3641 5166 3805 5210 vete-

2203 5240 2294 5280 res
2322 5220 2752 5292 παλινκάπηλος,
2779 5220 3162 5278 dardanarius.

1934 5430 2328 5489 VARIORUM.

597 5535 622 5565 ο
655 5523 764 5590 Τὰς
802 5523 972 5590 τιμὰς
997 5521 1117 5576 τῶν
1137 5524 1346 5577 ὠνίων.
1381 5523 1769 5593 Popularitatis
1808 5540 1986 5577 amore
2011 5524 2086 5576 ui-

519 5597 660 5650 litati
728 5593 966 5649 studebat
1005 5595 1266 5648 venalium
1308 5611 1503 5658 rerum,
1559 5611 1676 5664 qua?
1708 5609 2085 5661 nonnunquam

519 5683 664 5719 secus
721 5681 879 5735 quam
936 5666 1175 5720 convenit
1231 5664 2084 5735 ordinatayinopiam“gignere

517 5736 647 5789 solet
697 5733 745 5788 et
798 5735 1014 5802 famem,
1064 5736 1242 5804 inquit
1299 5737 1474 5788 Amm.
1522 5734 1764 5788 Marcell.
1817 5733 1913 5786 lib.
1945 5749 2080 5804 xx",

518 5818 640 5876 cap.
681 5807 766 5860 Η.
820 5805 875 5861 Id
918 5805 1066 5877 quod
1101 5803 1302 5862 aecidit
1351 5806 1454 5861 sub
1484 5804 1802 5869 Commodo,
1837 5814 1897 5858 ut
1929 5803 1996 5860 de
2023 5817 2092 5860 eo

2195 5531 2430 5578 testatur
2460 5520 2848 5592 Lampridius.
2898 5518 3219 5592 Ipservero,
3269 5521 3469 5592 inquit,
3521 5524 3799 5578 saeuiunt

2192 5609 2412 5646 aureum
2438 5591 2880 5648 Commodianum
2914 5591 3124 5644 nomine
3145 5591 3490 5656 assimuians,
3520 5595 3802 5649 vilitatem

2191 5665 2488 5733 proposuit,
2525 5677 2590 5715 ex
2625 5677 2732 5731 qua
2765 5661 3023 5733 majorem
3045 5670 3227 5733 postea
3249 5665 3527 5733 penuriam
3555 5663 3720 5730 fecit.

2260 5733 2286 5772 ά
2351 5735 2577 5802 Κείρειν
2647 5749 2710 5785 τε
2786 5731 3000 5802 ἔλεγον
3056 5731 3288 5785 τοῦτον.
3355 5731 3660 5786 Ridebatur
3735 5743 3803 5788 ut

2199 5820 2428 5874 rercops,
2452 5801 2622 5859 homo
2655 5803 2846 5869 brevis,
2895 5801 3140 5856 humeros
3168 5809 3444 5858 extentans
3496 5812 3800 5873 angustos.
