4016 6350
236 458 328 514 £25

1161 441 1495 501 HISTORIA
1534 436 1951 497 ECCLESiAS'l
1966 436 2103 494 lCA.
2136 466 2204 478 —-
2237 435 2367 497 LIB.
2400 435 2486 490 lli.

3356 433 3461 488 ωδ

233 573 282 637 ἐξ
308 563 486 623 αὺτοῦ·
520 562 578 614 τὸ
617 559 857 631 νόμισμά
906 575 961 611 τε
995 558 1159 613 αὐτοῦ
1202 556 1401 628 ταῦρον
1445 554 1599 626 ἔχειν
1615 564 1662 620 θ,
1692 554 1788 607 καὶ

1911 550 2054 605 'unes
2091 564 2158 607 ex
2197 566 2263 608 ea
2298 550 2585 606 texendos.
2620 547 2862 619 Denique
2889 548 3108 603 aiebant
3145 558 3361 604 taurum
3406 551 3463 605 in

232 660 311 713 τὸν
335 655 521 725 κόσμον
537 649 959 721 ἀνατετράφθαι.
988 650 1079 702 ’Ὡν
1109 648 1216 719 γὰρ
1243 647 1308 718 δὴ
1337 650 1365 700 6
1381 646 1635 717 βασιλεὺς
1652 644 1786 698 πολὺ

231 742 822 814 δεισιδαίμων,.ταύροι›ς
848 758 906 793 τε
945 738 1182 808 συνεχῶς
1203 737 1345 791 ούων
1369 736 1505 807 πρὸς
1530 739 1641 798 τοῖς
1683 734 1762 804 βω
1778 764 1790 773 -

232 842 338 911 μοῖς
374 835 476 890 τῶν
525 833 788 896 εἰδώλων,
816 820 1139 903 βωμδνκαὶ
1184 826 1385 899 ταῦρον
1416 825 1788 895 ὲντυπωθῆναι

232 927 516 984 κεκελεύκει
530 924 607 996 τῷ
633 921 828 978 ἑαυτοῦ
876 921 1191 993 νομίσματι.
1220 919 1317 972 Ἐκ
1356 917 1561 971 τούτων
1586 916 1651 988 δὴ
1680 915 1789 968 τῶν

231 1017 554 1089 σκωμμάτων
578 1017 658 1079 εἰς
677 1015 845 1087 ὀργὴν
876 1011 1124 1067 ἐκπεσὼν
1150 1014 1178 1065 6
1219 1009 1469 1082 βασιλεὺς
1485 1050 1500 1073 ,
1521 1007 1791 1078 διηπείλει

229 1110 325 1164 πᾶν
336 1106 726 1177 τοοιῆσαι’κακὺν
739 1108 808 1177 τῇ
824 1102 1138 1173 ’Δντιοχέων
1155 1102 1326 1155 πόλει·
1350 1102 1445 1155 καὶ
1464 1100 1556 1153 ἐπὶ
1576 1098 1790 1169 Ταρσὸν

230 1201 314 1270 τῆς
329 1198 570 1263 Κιλικίας
600 1194 992 1266 ὲξνποστρέφει
1022 1192 1134 1263 (68)
1156 1194 1304 1247 ’ἐκεῖ
1325 1210 1381 1245 τε
1412 1191 1479 1245 τὰ
1512 1190 1792 1261 ἐπιτήδεια

232 1290 465 1354 κελεύσας
486 1286 931 1360 εὐτρεπισθῆναι,
968 1284 1227 1355 ἀπαίρειν
1256 1280 1609 1345 ἐσπούδαζεν.
1629 1280 1793 1334 Ὅθεν

232 1380 462 1435 ὑπόθεσιν
508 1378 670 1450 ἔσχεν
705 1380 735 1432 6
779 1376 1038 1440 σοφιστὴς
1070 1375 1344 1442 Λιϐάνιος,
1374 1373 1582 1445 γράψαι
1615 1370 1706 1425 τόν
1732 1387 1792 1423 τε

233 1471 600 1545 πρεσϐευτικδν
653 1470 794 1542 ὑπὲρ
848 1469 1187 1539 Ἀντιοχέων,
1221 1483 1316 1525 και
1352 1482 1443 1519 τον
1491 1464 1628 1536 πρὸς
1671 1463 1793 1516 Ἀν-

229 1566 403 1635 “exat;
472 1563 603 1635 περὶ
635 1564 734 1633 τῆς
779 1561 874 1615 τοῦ
924 1559 1188 1632 βασιλέως
1223 1557 1401 1629 ὀργῆς
1439 1556 1575 1627 (69).
1633 1554 1794 1609 una:

226 1655 424 1719 τούτους
450 1655 553 1725 μὲν
567 1655 693 1716 τοὺς
717 1652 909 1722 λόγους
933 1653 1066 1721 φασὶ
1085 1651 1371 1723 γράψαντα
1400 1650 1491 1704 τὸν
1514 1647 1792 1720 σοφιστὴν,

234 1746 406 1818 μηκέτι
432 1747 518 1809 είς
542 1743 768 1807 πολλοὺς
799 1743 1100 1815 εἰρηκέναι.
1134 1742 1192 1796 '0
1222 1741 1474 1811 βασιλεὺς
1505 1740 1559 1795 δὲ
1590 1740 1797 1811 ἀφέμε-

233 1856 308 1903 νος
344 1837 522 1908 ἔργοις
550 1839 677 1900 τοὺς
705 1836 996 1907 ὑδρικότας
1048 1832 1379 1905 ἀμύνασθαι,
1420 1832 1499 1902 τῷ
1530 1832 1796 1886 ἀντισκῶ-

230 1930 315 1999 ψαι
339 1930 430 1998 τὴν
456 1928 628 1999 όργὴν
655 1927 967 1980 διελύσατο·
990 1925 1081 1979 τὸν
1100 1924 1209 1996 γὰρ
1236 1923 1615 1993 πεπονημένον
1646 1923 1798 1993 αύτῷ

245 2020 575 2091 Ἀντιοχικὸν,
600 2020 720 2089 ἦτοι
747 2016 1110 2086 ιιισοπώγωνα
1136 2012 1632 2085 λόγονίδιεξελθὼν,
1656 2014 1802 2081 στίγ-

234 2131 363 2182 ματα
422 2112 653 2183 διηνεκῆ
685 2114 754 2183 τῇ
791 2110 1111 2181 ’Δντιοχέων
1141 2109 1294 2163 πόλει
1321 2107 1630 2175 κατέλιπεν.
1663 2107 1801 2176 Περὶ

240 2204 323 2274 μὲν
345 2204 403 2276 δὴ
423 2203 635 2259 τούτων
669 2202 904 2257 τοσαῦτα
931 2200 1193 2273 εἰρήσθω,
1232 2199 1465 2255 Λεκτέον
1495 2199 1551 2257 δὲ
1586 2199 1680 2253 καὶ
1711 2194 1800 2253 οἷα

237 2299 330 2361 τοῖς
353 2298 410 2352 ὲν
459 2296 766 2368 ’Δντιοχείᾳ
805 2295 1155 2367 Χριστιανοῖς
1180 2295 1209 2348 ό
1245 2294 1499 2366 βασιλεὺς
1522 2293 1644 2347 τότε
1700 2308 1801 2344 πε-

239 2392 454 2460 ποιήκει.

1760 1921 1796 1952 :3.
1831 1899 1868 1952 Β

1890 644 2012 714 ejus
2048 643 2289 698 nummis
2326 644 2603 713 scalptum
2635 655 2778 706 esse,
2803 655 2834 694 a
2863 657 2972 710 quo
2998 642 3208 696 scilicet
3238 656 3464 698 eversus

1889 741 2035 790 esset
2078 734 2232 790 orbis
2274 740 2573 789 terrarum.
2615 732 2828 804 Quippe
2867 733 3166 802 imperator
3196 746 3321 787 cum
3356 733 3468 787 daa-

1892 841 2114 881 monum
2164 825 2556 896 superstitioso
2585 824 2755 879 cultui
2807 822 3096 878 admodum
3133 823 3352 881 deditus
3380 839 3469 882 cs-

1892 925 1997 982 set,
2034 926 2088 971 et
2120 918 2186 972 ad
2213 932 2339 972 aras
2371 917 2598 972 deorum
2628 930 2855 971 suorum
2891 914 3116 971 assidue
3146 923 3340 970 tauros
3365 915 3567 1015 ima;

1892 1010 2143 1071 molaret,
2174 1025 2325 1063 aram
2362 1018 2416 1064 et
2438 1017 2653 1064 taurum
2690 1009 2932 1064 nummis
2956 1008 3071 1065 suis
3097 1009 3469 1078 insculpijus-

1893 1109 2061 1157 serat.
2108 1100 2206 1156 llis
2234 1101 2483 1157 dicteriis
2512 1101 2808 1171 imperator
2834 1100 2901 1155 ad
2933 1102 3070 1156 iram
3115 1108 3471 1170 provocatus,
3524 1081 3547 1102 1

1895 1191 2038 1246 malo
2071 1208 2130 1246 se
2160 1192 2556 1245 mulctaturum
2586 1191 2777 1247 urbem
2814 1190 3269 1246 Antiochensium
3293 1191 3471 1246 mina-

1893 1294 1985 1341 tus
2016 1295 2121 1348 cst,
2153 1294 2207 1340 et
2227 1284 2460 1341 Tarsum
2489 1283 2697 1340 Cilicia:
2728 1299 3099 1340 reversurum.
3124 1283 3371 1354 Cumque
3406 1283 3474 1338 il-

1894 1382 1965 1436 lic
2002 1381 2319 1436 necessaria
2356 1380 2539 1450 parari
2571 1379 2855 1449 jussisset,
2892 1394 2957 1434 es
2996 1378 3219 1434 civitate
3252 1377 3474 1434 disces-

1896 1474 1989 1529 sit.
2021 1472 2155 1539 Ome
2190 1487 2280 1528 res
2308 1473 2656 1527 occasionem
2693 1471 2928 1542 praebuit
2954 1470 3214 1541 sophista:
3243 1469 3478 1525 Libanio

1895 1564 2034 1619 duas
2062 1563 2342 1618 orationes
2380 1560 2659 1617 scribendi
2687 1580 2699 1615 :
2740 1561 2965 1615 alteram
2991 1560 3057 1615 ad
3086 1562 3477 1632 imperatorem

1897 1670 1999 1726 pro
2030 1654 2500 1709 Antiochensibus
2524 1693 2538 1718 ,
2579 1652 2807 1707 alteram
2859 1651 2926 1705 ad
2972 1652 3372 1709 Antiochenses
3411 1651 3481 1708 de

1897 1745 2253 1816 imperatoris
2312 1745 2413 1798 ira.
2442 1742 2647 1798 Verum
2701 1743 2800 1798 has
2851 1743 3132 1798 orationes
3188 1742 3480 1814 scripsisse

1897 1838 2120 1906 quidem
2144 1837 2391 1909 sophista
2419 1836 2514 1890 ille
2536 1836 2763 1899 dicitur,
2787 1849 2895 1889 non
2929 1841 3111 1890 tamen
3148 1835 3365 1903 publice
3392 1850 3480 1890 re-

1897 1930 2123 1985 citasse.
2156 1929 2459 1998 Imperator
2489 1942 2619 1983 vero
2646 1927 2865 1997 abiecto
2885 1927 3068 1997 priore
3088 1927 3344 1988 consilio.
3371 1942 3484 1997 quo

1895 2022 2158 2091 iniuriam
2183 2023 2288 2078 sibi
2322 2037 2352 2075 a
2377 2020 2846 2075 conviciatoribus
2876 2019 3083 2074 illatam
3100 2020 3266 2073 factis
3288 2020 3482 2076 ulcisci

1897 2113 2212 2170 decreverat
2239 2156 2254 2176 .
2294 2113 2597 2184 reciprocis
2638 2111 2907 2168 conviciis
2953 2126 3018 2166 ac
3062 2112 3311 2169 dicteriis
3341 2114 3482 2167 iram

1897 2217 2053 2257 suam
2087 2203 2347 2273 explevit.
2370 2201 2537 2256 Libro
2551 2202 2698 2256 enim
2719 2202 2984 2257 adversus
3012 2214 3110 2256 eos
3133 2202 3301 2259 edito.
3321 2215 3483 2271 quem

1898 2294 2301 2365 Antiochicunr
2326 2296 2447 2350 sive
2477 2294 2899 2364 Misopogonem
2933 2292 3237 2363 inscripsit,
3289 2293 3485 2348 Antio-

1897 2388 2187 2445 chensium
2216 2388 2427 2443 civitati
2467 2397 2655 2443 notam
2692 2386 2894 2442 inussit
2920 2386 3336 2456 sempiternam.
3377 2385 3483 2441 Sed

238 2484 295 2540 de
317 2488 393 2543 his
422 2487 715 2542 hactenus.
751 2484 873 2541 Jam
920 2500 1049 2540 vero
1088 2483 1380 2539 dicendum
1420 2496 1644 2553 quoque
1686 2488 1792 2547 est,
1820 2482 2025 2553 quibus
2062 2494 2193 2540 tunc
2229 2483 2388 2539 malis
2415 2481 2767 2538 Christianos
2797 2479 3103 2535 Antiochia:
3163 2479 3305 2543 idem
3378 2479 3485 2537 im-

236 2590 442 2645 perator
466 2579 738 2635 aﬂecerit.

803 2670 1052 2725 ΚΕΦΛΛ.
1096 2667 1201 2722 IH'.

250 2763 326 2829 Ὡς
348 2763 453 2819 τοῦ
471 2760 781 2827 ,ϐασιλέως
801 2762 1076 2830 χρησμὸν
1102 2757 1470 2825 θελήσαντος
1492 2759 1718 2822 λαϐεῖν,
1736 2762 1802 2830 τό

296 2828 601 2906 δαιμόνιον
620 2833 733 2885 οὐκ
759 2828 1138 2900 ἁπεκρίνατο,
1158 2830 1494 2897 εὺμϐηθέν
1520 2828 1803 2886 Βαϐυλᾶν

297 2904 397 2959 τὸν
420 2904 713 2974 μάρτυρα.

299 2994 370 3047 Τὰ
399 2995 507 3065 γὰρ
533 2992 676 3048 κατὰ
716 2991 815 3062 τὴν
857 2989 1188 3059 Ἀντιόχειαν
1229 2988 1349 3060 ίερὲ
1387 2989 1493 3042 τῶν
1539 2988 1807 3060 Ἐλλήνων

242 3088 502 3158 ἀνοιγῆναι
556 3084 842 3149 κελεύσας,
892 3082 1136 3153 χρησμὸν
1184 3082 1367 3135 λαϐεῖν
1429 3081 1581 3151 παρὰ
1634 3079 1728 3133 τοῦ
1750 3082 1809 3132 ὲν

238 3181 407 3252 ¹Δάφνῃ
443 3177 777 3239 ’Λπόλλωνος
808 3185 832 3223 8
867 3172 1145 3227 ἔσπευδεν.
1186 3173 1275 3233 Ὠς
1305 3172 1361 3225 δὲ
1412 3173 1439 3224 ό
1478 3170 1701 3223 ἐνοικῶν
1729 3167 1807 3238 τῷ

246 3272 358 3343 ἱερῷ
375 3271 581 3341 δαίμων
601 3268 691 3321 τὸν
709 3266 924 3335 γείτονα
940 3262 1206 3326 δεδοικὼς,
1220 3262 1361 3331 λέγω
1375 3261 1438 3333 δὴ
1451 3261 1701 3316 Βαϐυλᾶν
1716 3261 1808 3315 τὸν

254 3365 511 3434 μάρτυρα,
528 3362 630 3414 οὐκ
648 3356 981 3429 ἀπεκρίνατο
999 3372 1009 3385 ·
1027 3354 1252 3436 ςπλησίον
1265 3352 1372 3424 γὰρ
1388 3347 1456 3424 ἦν
1474 3352 1507 3424 ἡ
1526 3352 1680 3429 σορὸς
1701 3353 1733 3423 ἡ
1751 3352 1810 3404 τὸ

248 3456 387 3525 σῶμα
416 3454 509 3507 τοῦ
546 3453 822 3525 μάρτυρος
852 3446 1168 3519 κρύπτουσα
1186 3461 1199 3474 ⁸
1219 3446 1381 3514 γνοὺς
1400 3445 1499 3516 τὴν
1513 3445 1693 3498 αἰτίαν
1719 3461 1809 3496 σο·-

250 3545 331 3613 eo;
344 3548 371 3598 6
388 3545 659 3616 βασιλεὺς,
680 3543 777 3613 τὴν
799 3542 954 3612 σορὸν
971 3541 1132 3608 τάχος
1156 3537 1364 3590 κελεύει
1386 3535 1808 3607 μετοικίζεσθαι.

249 3637 399 3691 Τοῦτο
432 3635 692 3707 μαθόντες
722 3634 772 3686 οἱ
805 3633 949 3686 κατὰ
969 3632 1067 3703 τὴν
1103 3631 1437 3700 Ἀντιόχειαν
1468 3626 1809 3698 Χριστιανοὶ,

251 3728 354 3798 ἅμα
387 3727 594 3796 γυναιξὶ
623 3728 716 3779 καὶ
751 3725 846 3796 νέᾳ
879 3723 1087 3795 ἡλικία,
1127 3722 1407 3793 χαίροντες
1448 3722 1541 3774 καὶ⁸
1584 3718 1813 3789 ψαλμῳ-

250 3819 445 3881 δοῦντες
465 3860 479 3883 ,
510 3817 618 3872 ἀπὸ
651 3817 747 3886 τῆς
805 3816 1021 3884 Δάφνης
1070 3814 1161 3865 ἐπὶ
1191 3812 1289 3883 τὴν
1324 3811 1475 3864 πόλιν
1511 3810 1808 3880 μετέφερον

252 3908 338 3979 τὴν
367 3908 515 3980 σορόν
538 3924 551 3937 ο
602 3908 657 3959 αἱ
702 3905 759 3957 δὲ
791 3903 1098 3974 ψαλμῳδίαι
1150 3902 1383 3973 ἥπτοντο
1431 3902 1538 3953 τῶν
1572 3900 1811 3971 Ἐλληνιο

256 4002 354 4054 xiv
380 4000 530 4064 Θεῶν,
568 3999 662 4053 καὶ
691 3996 799 4050 τῶν
823 3996 1261 4050 πεπιστευκότων
1295 3995 1476 4057 αὐτοῖς
1500 4011 1558 4047 τε
1591 3994 1684 4049 καὶ
1705 3996 1813 4057 τοῖς

258 4093 473 4157 εἰδώλοις
501 4091 702 4147 αὐτῶν.

478 4336 497 4363 \

2511 2658 2663 2717 CAP.
2699 2657 2882 2714 XVHI.

1938 2755 2218 2826 Quomodo
2251 2754 2560 2826 imperatori
2588 2752 3191 2826 oraculunisciscitami
3212 2790 3224 2813 ,
3253 2754 3461 2826 dwmou

2104 2834 2244 2880 metu
2274 2821 2493 2879 Babuta:
2522 2825 2774 2893 πιαινψῂ
2802 2821 2934 2876 nihil
2959 2821 3306 2891 responderit.

1983 2986 2286 3055 Imperator
2322 2982 2491 3053 igitur
2520 2997 2649 3036 cum
2681 2979 2880 3050 templa
2913 2979 3215 3037 Gentilium
3264 2980 3317 3033 in
3355 2979 3487 3041 urbe

1913 3074 2203 3130 antiochia
2242 3073 2444 3145 aperiri
2483 3072 2764 3144 iussisset,
2800 3071 3087 3125 oraculum
3125 3071 3193 3124 ah
3242 3070 3486 3141 Apolline

1916 3166 2191 3235 Daphan
2222 3164 2472 3234 accipere
2516 3163 2664 3217 omni
2714 3162 2898 3218 studio
2942 3161 3334 3223 contendebat.
3381 3162 3487 3218 Sed

1913 3273 2038 3312 cum
2076 3257 2129 3311 in
2159 3256 2363 3329 templo
2412 3254 2669 3309 habitans
2699 3255 2931 3321 daemon,
2967 3255 3209 3309 vicinum
3260 3255 3487 3321 veritus,

1914 3349 2172 3422 Babylam
2218 3347 2470 3403 videlicet
2523 3354 2860 3417 martyrem,
2914 3346 3050 3409 nihil
3088 3347 3488 3419 responderet:

1914 3454 2036 3497 erat
2067 3442 2211 3498 enim
2247 3443 2301 3496 in
2342 3441 2595 3513 proximo
2630 3440 2844 3492 loculus
2870 3454 2979 3510 quo
3007 3441 3267 3511 martyris
3290 3456 3492 3511 corpus

1915 3537 2188 3593 inclusum
2243 3535 2597 3589 servabatur:
2626 3540 2908 3601 comperta
2954 3547 3146 3597 causa,
3195 3534 3491 3608 imperator

1917 3628 2156 3681 loculum
2178 3624 2468 3680 confestim
2496 3620 2785 3679 transferri
2807 3622 2983 3693 jubet.
3018 3622 3175 3689 Quod
3214 3624 3301 3677 ubi
3329 3624 3491 3678 Chri-

1916 3718 2113 3773 stianis
2170 3715 2327 3791 195
2373 3717 2468 3786 qui
2516 3716 2825 3771 Antiochiae
2868 3725 3025 3770 erant
3067 3717 3244 3785 palam
3287 3715 3493 3771 iactum

1911 3819 2016 3873 est,
2049 3810 2208 3865 simul
2256 3824 2450 3863 omnes
2493 3808 2649 3863 eiTusi
2684 3823 2810 3862 cum
2846 3808 3169 3871 mulieribus
3206 3816 3260 3863 ct
3299 3823 3491 3878 parvu-

1913 3903 2004 3966 lis,
2036 3902 2275 3955 loculum
2307 3917 2373 3955 ex
2420 3900 2641 3970 Daphne
2670 3903 2721 3955 in
2767 3901 2957 3954 urbem
2991 3909 3363 3970 comportant.
3399 3902 3491 3957 tri-

1920 3993 2212 4064 pudiantes
2255 3993 2459 4062 gaudio
2495 4000 2551 4046 et
2593 3994 2837 4062 psalmos
2867 3992 3242 4046 concinentes.
3292 3992 3493 4047 Psalmi

1920 4087 2104 4134 autem
2151 4079 2224 4132 illi
2270 4080 2712 4148 perstringebant
2766 4080 3063 4134 Gentilium
3108 4081 3261 4147 deos,
3292 4097 3493 4151 eosque

1920 4173 2014 4240 qui
2063 4170 2167 4223 diis
2224 4170 2331 4224 illis
2377 4179 2431 4225 ct
2473 4171 2785 4224 simulacris
2831 4186 3020 4223 eorum
3074 4170 3229 4225 iidem
3275 4172 3487 4228 adhibe-

1920 4264 2075 4313 bant.

1440 4372 1710 4429 VALESH
1742 4375 2280 4430 ANNOTATIONES

326 4471 426 4540 (68)
470 4471 955 4539 Ἐξυποστρέερει.
982 4468 1192 4522 Mallem
1212 4467 1454 4540 scribere
1472 4467 1797 4540 egomet-cpe-

1977 4468 2089 4541 (6_9)
2116 4471 2226 4522 Καὶ
2262 4470 2546 4541 τίήςςτρὸς
2590 4471 2911 4539 Ἀντιοχεῖς
2943 4474 3074 4540 περὶ
3106 4472 3215 4541 τῆς
3246 4474 3353 4528 τοῦ
3382 4475 3492 4537 ,ϐα-

303 4536 933 4612 ειν,νρ1ὲξυποστρέψειν.
963 4540 1268 4592 Minabatur
1296 4536 1441 4591 enim
1469 4536 1719 4591 Julianus
1742 4554 1800 4592 sc

266 4559 688 4664 g‘arsumtlilicize
706 4623 1206 4664 reversurum.cum
1227 4608 1457 4661 rediSSct
1473 4623 1538 4660 ex
1559 4607 1798 4664 Perside.

1911 4536 2126 4605 σιλέως
2147 4536 2352 4608 ὀργῆς,
2386 4540 2511 4595 llaec
2532 4541 2744 4597 Libanii
2770 4536 2948 4597 oratio
2970 4536 3135 4612 penes
3164 4536 3261 4598 me
3298 4536 3496 4611 exstat,

1911 4609 2188 4664 descripta
2213 4626 2277 4663 ex
2302 4612 2521 4664 duobus
2535 4614 2842 4664 codicibus.
2866 4615 3037 4664 altero
3060 4614 3289 4664 Joannis
3307 4617 3496 4664 Altini.

310 4613 688 4666 arsumtlilicize
706 4607 1206 4671 r'evcrsurum,cum
1227 4608 1457 4661 redissist
1473 4623 1538 4660 ex
1559 4607 1798 4670 Perside,

270 4698 356 4736 nec
382 4683 604 4750 amplius
638 4682 1006 4734 hiematurnm
1038 4678 1362 4730 Antiochiae.
1399 4674 1533 4750 [ide
1563 4679 1804 4750 Ammia-

274 4767 380 4804 ειη-ιε
403 4747 773 4806 Marcellinum
801 4751 852 4802 in
890 4751 1027 4803 libro
1059 4763 1218 4810 xxm,
1248 4762 1369 4815 pag.
1396 4747 1501 4801 239
1545 4748 1808 4802 editionis

274 4830 464 4940 postue.
509 4820 794 4890 Vulgatam
842 4829 1021 4873 tamen
1073 4818 1405 4887 scripturam
1454 4827 1678 4870 secutus
1722 4825 1810 4871 est

303 4890 610 4940 'icenhorus.

303 4890 610 4961 iicephorus.

1908 4609 2188 4679 descripta
2213 4626 2277 4663 cx
2302 4612 2521 4666 duobus
2535 4614 2842 4676 codicibus,
2866 4609 3037 4666 altero
3060 4614 3289 4669 Joannis
3307 4609 3497 4679 Altini,

1917 4681 2095 4733 altero
2143 4680 2568 4737 eminentissimi
2615 4684 2916 4738 cardinalis
2948 4681 3230 4739 Francisci
3294 4683 3496 4738 Bai-he-

1918 4749 2233 4823 ri_ni._Eam
2296 4766 2397 4823 nos
2437 4768 2544 4806 una
2589 4769 2713 4807 cum
2760 4754 2882 4807 aliis
2924 4755 3116 4821 viginti
3177 4761 3231 4808 et
3265 4755 3496 4823 amplius

1920 4819 2172 4888 ejusdem
2196 4822 2461 4891 sophistae
2492 4825 2838 4879 orationibus
2872 4824 2928 4877 in
2962 4819 3220 4877 Latinum
3286 4819 3496 4879 seruio-

1924 4907 2045 4945 nem
2069 4905 2415 4959 conversam,
2450 4892 2623 4959 brevi,
2652 4893 2761 4949 Deo
2791 4894 2980 4959 dante,
3009 4894 3437 4965 publicabimus.

1672 5002 2053 5059 γΑιιιοῐιυΜ.

278 5105 314 5145 et
344 5096 541 5151 barbam
568 5112 678 5165 pra:
712 5113 765 5151 se
798 5097 966 5165 [emis
991 5096 1282 5167 familiam,
1304 5097 1532 5167 grandia
1551 5096 1819 5160 incedens,

280 5175 497 5233 tanquam
531 5167 619 5222 Oti
654 5164 843 5233 frater,
892 5176 941 5219 et
984 5164 1270 5236 Ephialtis.
1306 5164 1537 5236 quorum
1586 5169 1821 5236 proceri-

282 5242 417 5288 tatem
450 5237 706 5291 Homerus
731 5237 784 5289 in
811 5237 1122 5290 immensum
1156 5235 1526 5293 toilit.Amm.
1571 5238 1818 5292 Marcell.

280 5303 355 5357 lib.
386 5322 508 5369 xm,
532 5323 652 5376 cap.
684 5308 770 5359 14.

339 5385 360 5412 θ
397 5377 461 5429 Τὸ
502 5376 765 5445 νόμισμά
791 5393 851 5430 τε
878 5376 1062 5430 αὐτοῦ
1101 5378 1322 5447 ταῦρον
1356 5377 1538 5446 ἔχειν.
1602 5378 1819 5432 Nummi

279 5443 540 5519 character
563 5443 692 5502 erat
716 5447 924 5500 Taurus
957 5448 1008 5499 in
1038 5464 1130 5499 ara
1166 5443 1423 5515 supinus,
1462 5464 1574 5517 quo
1611 5451 1823 5519 signiti—

277 5516 419 5567 cahat
464 5515 715 5571 Julianus
745 5528 981 5572 veterem
1016 5532 1223 5571 morem
1265 5515 1724 5572 sacriliciorum‘a
1760 5534 1821 5572 sc

279 5596 573 5658 revocatum
625 5606 656 5658 _:
694 5598 776 5658 at
850 5587 1250 5642 Antiochenscs
1320 5589 1824 5658 interpretabantur

282 5656 521 5709 mundum
554 5673 583 5711 a
616 5655 836 5711 Juliano
867 5672 991 5710 esse
1020 5659 1371 5712 subversum.

346 5718 364 5761 ί
411 5726 785 5793 Ἀντιοχικὸν,
815 5727 944 5795 ἤτοι
963 5728 1347 5795 μισοπώγονα
1370 5729 1575 5795 λόγον.
1631 5728 1687 5781 In
1720 5729 1821 5781 hac

284 5795 513 5850 oratione
552 5798 655 5849 tria
708 5797 822 5850 fere
845 5800 1077 5850 crimina
1112 5798 1451 5862 objiciuntur
1480 5799 1813 5851 Antiochen—

287 5863 442 5919 sibus:
483 5864 721 5920 Primum
751 5877 839 5921 est
883 5868 1327 5936 intemperantia,
1365 5869 1513 5936 quod
1572 5868 1715 5922 ludis
1762 5878 1816 5923 et.

585 5964 851 6026 ΡΑτιιΟι..
888 5964 932 6021 G
947 5983 1004 6024 ιι.
1045 5962 1291 6021 LXVII.

1930 5100 2163 5154 theatris
2197 5099 2368 5155 dediti
2412 5100 2543 5155 sint.
2582 5101 2836 5154 Alterum
2887 5098 3169 5169 impietas,
3216 5096 3518 5169 quod,ine-

1929 5170 2105 5237 glecla
2139 5180 2352 5239 patrum
2376 5186 2603 5241 suorum
2624 5170 3216 5241 religione,Christum
3242 5184 3355 5241 pro
3374 5168 3506 5222 Jove

1928 5248 1980 5293 et
2016 5241 2267 5308 Apolline
2293 5242 2497 5295 colant.
2521 5239 2766 5295 Tertium
2801 5248 2886 5294 est
2916 5240 3180 5309 iniquitas
3219 5240 3509 5309 magistra-

1928 5318 2105 5371 tuum,
2137 5310 2231 5379 qui
2266 5311 2598 5378 locupletum
2647 5312 2956 5373 avaritiam,
2988 5308 3052 5364 c’x
3086 5326 3195 5378 qua
3232 5308 3402 5363 fames
3451 5309 3504 5379 in

1930 5382 2064 5433 urbe
2099 5377 2220 5433 orta
2258 5382 2350 5440 sit.
2393 5377 2630 5435 tolerent
2682 5396 2746 5434 ac
2804 5377 3177 5435 dissimulent.
3234 5379 3412 5447 Atque
3449 5377 3503 5431 in

1933 5451 2032 5502 hac
2064 5450 2317 5504 oratione
2351 5466 2476 5503 cum
2522 5453 2703 5521 reipsa
2744 5451 3148 5505 Antiochenses
3192 5453 3505 5521 vitupercn-

1930 5529 2037 5581 tur,
2074 5527 2256 5573 tamen
2291 5518 2631 5573 contrarium
2689 5522 3004 5581 simulatur,
3042 5527 3298 5588 perpetua
3332 5518 3503 5583 siqui-

1923 5590 2043 5641 dem
2103 5591 2278 5643 irnnia
2331 5592 2693 5661 Σωκρατικῶς
2740 5587 3055 5652 adhibetur,
3099 5587 3204 5659 qua
3253 5587 3504 5641 Julianus

1923 5661 2143 5713 videtur
2190 5676 2298 5713 non
2334 5663 2757 5723 Antiochenses,
2796 5664 2889 5716 sed
2936 5663 3177 5728 scipsum
3214 5670 3503 5724 accusare,

1920 5730 2068 5798 quod
2101 5746 2293 5783 eorum
2336 5748 2515 5785 mores
2555 5734 2757 5785 imitari
2793 5746 3048 5799 ιιοψιυιιι.

1999 5802 2022 5837 ⁸
2092 5801 2192 5852 Ἐν
2220 5799 2423 5867 Δάφνῃ
2461 5803 2851 5864 Ἀπόλλω-γης.
2882 5798 3130 5866 θυιψίιιιο
3183 5798 3338 5849 lucus
3391 5803 3504 5867 erat

1926 5870 1980 5924 in
2042 5861 2343 5929 Antiochia:
2393 5861 2756 5933 suburbanis,
2810 5861 3059 5938 ’Λνωιιῖιιί
3124 5882 3314 5930 sacer;
3366 5861 3508 5920 unde

3158 5966 3220 6024 1's
