4016 6350
510 390 614 453 m

1116 502 1274 561 CAP.
1317 500 1455 555 XIX.

610 626 690 682 De
718 621 1054 692 imperatoris
1084 620 1187 684 ira,
1222 616 1362 672 etde
1394 613 1664 669 Theodoro
1697 610 2020 681 confessore.

582 774 740 830 Tunc
773 788 904 827 vero
950 767 1301 841 imperatoris
1342 764 1729 820 malevolentia
1763 776 1927 833 quam
1961 760 2083 816 hace

512 876 676 921 tenus
721 862 997 918 occultam
1032 865 1309 925 tenuerat,
1348 855 1609 911 omnibus
1657 854 1930 925 patefacta
1983 860 2090 907 est.

511 956 648 1012 Nam
683 954 774 1026 qui
796 954 949 1025 prius
981 950 1374 1023 philosOphum
1403 964 1464 1005 se
1484 964 1608 1005 esse
1625 946 1891 1017 iactabat,
1920 943 2096 999 conti-

510 1063 645 1107 nere
675 1062 735 1104 se
771 1045 1011 1115 amplius
1035 1057 1144 1097 non
1178 1040 1380 1112 potuit.
1415 1038 1525 1101 Sed
1552 1040 1771 1094 illorum
1810 1051 1953 1107 quos
1982 1034 2095 1090 dixi

510 1140 849 1213 psalmorum
899 1134 1117 1207 probris
1150 1133 1313 1189 facile
1359 1130 1426 1186 ad
1473 1129 1820 1194 iracundiam
1849 1128 2097 1184 concita-

508 1244 625 1298 tus,
651 1247 715 1288 ea
745 1226 1078 1285 Christianis
1112 1225 1382 1297 supplicia
1408 1224 1640 1295 parabat
1666 1221 1938 1292 inﬂigere,
1974 1234 2097 1290 quae

512 1327 640 1384 olim
673 1321 1052 1378 Diocletianus
1088 1319 1156 1374 iis
1193 1316 1491 1373 inﬂixerat.
1530 1314 1637 1370 Sed
1663 1313 1925 1385 quoniam
1961 1327 2095 1366 cura

512 1434 574 1474 ac
617 1415 933 1474 sollicitudo
972 1410 1349 1483 expeditionis
1393 1408 1667 1464 Parthica!
1704 1421 1906 1463 vacare
1941 1407 2094 1460 illum

512 1509 642 1566 huic
675 1507 897 1579 negotio
929 1519 1040 1560 nou
1071 1503 1311 1567 sinebat,
1350 1500 1618 1556 Sallustio
1665 1498 1925 1570 praefecto
1949 1513 2094 1569 pra:-

512 1602 640 1659 torii
672 1598 980 1663 mandavit,
1003 1604 1065 1651 ut
1087 1611 1185 1653 eos
1211 1594 1307 1666 qui
1331 1594 1389 1649 in
1414 1592 1643 1664 psalmis
1665 1591 1933 1647 canendis
1957 1604 2097 1662 przec

513 1696 735 1767 cipuum
775 1690 1020 1749 studium
1058 1688 1425 1757 ardoremque
1466 1685 1639 1740 animi
1688 1685 2096 1749 declarassem,

515 1788 580 1843 ad
613 1783 951 1857 supplicium
981 1787 1219 1851 raperet.
1245 1776 1549 1834 Praefectus
1578 1791 1710 1832 vero
1732 1776 1988 1847 quamvis
2020 1790 2096 1830 re-

1970 367 2318 429 SOCRATIS

3664 350 3775 410 428

2782 486 3031 538 ΚΕσῐιΑΑ.
3068 483 3169 537 ΙΘ’.

2192 587 2328 654 Περὶ
2359 583 2465 653 τῆς
2487 582 2593 637 τοῦ
2620 579 2930 654 ,βασιλέως
2951 573 3155 654 ὀργῆς,
3179 574 3278 654 καὶ
3308 573 3440 644 περὶ
3473 567 3781 639 Θεοδώρου

2724 649 2832 704 τοῦ
2871 646 3264 718 ὁμολογητοῡ.

2265 768 2399 822 Τότε
2447 765 2513 838 δὴ
2572 764 2667 820 καὶ
2699 763 2761 817 τὸ
2807 759 3184 833 κρυπτόμενον
3215 753 3345 831 ἦθος
3383 755 3479 810 τοῦ
3516 748 3786 826 βασιλέως

2194 859 2538 931 ἐξηλέγχετο.
2574 857 2652 911 Οὐ
2682 854 2791 927 γὰρ
2840 852 2922 907 ἔτι
2976 855 3227 922 κατεῖχεν
3273 847 3493 916 ἑαυτοῦ,
3526 849 3557 902 ό
3589 843 3789 918 πρώην

2198 952 2504 1023 φιλοσοφεῖν
2553 945 3047 1017 ἐπαγγελλόμενος.
3090 942 3230 996 Ἀλλ’
3253 943 3319 996 ὲκ
3348 940 3459 995 τῶν
3504 937 3789 1023 ὀνειδιστι-

2193 1020 2308 1097 κῶν
2338 1040 2547 1113 ὓμνων,
2582 1038 2936 1109 εὐέμπτωτος
2967 1030 3037 1105 ἧν
3060 1033 3140 1098 είς
3167 1032 3360 1103 ὀργὴν,
3383 1028 3602 1100 ἕτοιμός
3629 1043 3692 1079 τε
3716 1020 3791 1096 ἦν

2193 1133 2371 1189 ταῦτα
2392 1133 2565 1185 ποιεῖν
2596 1131 2705 1193 τοῖς
2726 1129 3097 1200 Χριστιανοῖς,
3129 1120 3215 1178 οἷα
3237 1125 3289 1176 οἱ
3320 1121 3452 1194 περὶ
3469 1117 3793 1187 Διοκλητια-

2194 1224 2284 1279 νὺν
2311 1222 2575 1294 πρότερον
2602 1219 3018 1290 πεποιήκεισαν.
3058 1215 3212 1270 Ἐπεὶ
3240 1215 3298 1267 δὲ
3320 1215 3355 1284 ὴ
3393 1211 3536 1267 κατὰ
3559 1208 3793 1282 Περσῶν

2198 1314 2406 1387 σπουδὴ
2445 1313 2506 1368 ού
2538 1315 2768 1384 παρεῖχε
2800 1312 2869 1382 τῇ
2912 1308 3171 1382 προθέσει
3198 1307 3409 1380 καιρὸν,
3440 1304 3653 1360 κελεύει
3683 1303 3793 1356 Σα-

2197 1407 2430 1478 λουστίῳ
2463 1405 2541 1478 τῷ
2574 1406 2822 1476 ἐπάρχῳ,
2867 1402 3152 1458 συλλαϐεῖν
3178 1401 3272 1456 ἐπὶ
3301 1399 3364 1454 τὺ
3405 1396 3634 1453 κολάσαι
3662 1395 3792 1459 τοὺς

2202 1498 2436 1570 μάλιστα
2470 1494 2792 1557 σπουδαίους
2817 1494 2845 1534 ιι
2867 1492 2976 1546 τῶν
3003 1488 3329 1561 ψαλμῳδῶν.
3348 1487 3409 1540 '0
3440 1486 3498 1540 δὲ
3526 1485 3788 1554 ἔπαρχος,

2198 1589 2376 1643 καίτοι
2412 1586 2614 1657 Ἕλλην
2661 1584 2737 1639 ὢν
2765 1583 2865 1656 τὴν
2914 1581 3230 1655 θρησκείαν.
3266 1578 3329 1633 τὸ
3378 1578 3478 1650 μὲν
3509 1574 3799 1643 ἐπίταγμα

2198 1681 2370 1751 ἡδέως
2400 1679 2501 1733 οὐκ
2555 1677 2789 1744 ἐδέξατο.
2840 1675 3162 1745 Ἀντιλέγειν
3211 1673 3268 1726 δὲ
3309 1673 3411 1725 οὐκ
3458 1669 3597 1741 έχων
3620 1707 3635 1733 ,
3670 1666 3797 1722 συλ-

2198 1772 2465 1843 λαμϐάνει
2523 1770 2622 1841 μὲν
2671 1768 2899 1833 πολλοὺς
2948 1766 3056 1821 τῶν
3086 1762 3466 1837 Χριστιανῶν,
3501 1759 3596 1814 καί
3641 1773 3798 1819 τινας

515 1848 988 1948 ιὶκὶοηξίϐεηιίιίε
1014 1848 1184 1937 esset,
1209 1869 1530 1924 mandatum
1563 1878 1747 1924 tamen
1782 1867 1919 1923 illud
1950 1867 2098 1921 haud

2215 1863 2577 1934 δεσμωτήριον
2605 1862 2774 1915 οίκεῖν
2807 1856 3158 1930 προσέταξεν.
3198 1854 3333 1908 Ἕνα
3375 1852 3436 1906 δὲ
3486 1848 3797 1911 νεανίσκον,

516 1969 730 2026 lubenti
757 1968 947 2023 animo
976 1964 1242 2034 suscepit.
1281 1962 1486 2019 Verum
1519 1978 1645 2018 cum
1687 1961 1955 2031 refragari
1995 1958 2098 2030 ipsi

515 2078 628 2119 non
672 2061 897 2122 liceret,
940 2058 1146 2113 multos
1182 2054 1403 2126 quidem
1452 2052 1804 2110 Christianos
1843 2066 2099 2121 compre-

517 2153 683 2209 hendi
706 2194 721 2216 ,
763 2165 828 2206 ac
861 2148 1156 2204 nonnullos
1185 2161 1381 2203 eorum
1423 2146 1482 2201 in
1511 2160 1793 2202 carcerem
1822 2144 1969 2200 trudi
2009 2143 2099 2213 ju-

518 2246 627 2301 bet.
654 2241 837 2299 Uuum
862 2256 993 2296 vero
1016 2255 1085 2295 ex
1105 2239 1216 2295 illis
1231 2236 1903 2320 adolescentemnnomine
1923 2231 2100 2289 Theo-

517 2336 738 2398 dorum,
777 2332 933 2404 quia
962 2330 1277 2387 Gentilibus
1318 2330 1387 2385 ad
1424 2330 1605 2400 ipsum
1635 2330 1941 2398 perductus
1978 2327 2102 2381 fue-

516 2435 626 2490 rat,
664 2425 835 2480 variis
858 2423 1161 2479 tormentis
1192 2436 1255 2476 ac
1288 2420 1579 2491 suppliciis
1612 2418 1831 2475 aﬂ‘ecit:
1875 2427 2103 2488 totoque

517 2533 752 2588 corpore
785 2516 1019 2571 lacerari
1049 2517 1292 2586 jussum,
1323 2521 1457 2569 tunc
1477 2514 1695 2569 demum
1726 2511 1929 2567 dimitti
1966 2526 2103 2581 pra:-

518 2613 686 2681 cepit,
719 2626 847 2665 cum
880 2610 971 2665 ille
1006 2624 1117 2663 non
1148 2607 1387 2678 amplius
1420 2606 1674 2661 victurus
1711 2620 1837 2661 esse
1875 2614 2100 2674 putare-

516 2712 633 2759 tur.
664 2702 866 2758 Verum
900 2700 1045 2757 Deus
1060 2701 1321 2771 juvenem
1348 2699 1608 2756 servavit.
1635 2697 1766 2754 Post
1785 2699 1931 2754 hanc
1953 2698 2102 2754 enim

519 2796 928 2852 conrl‘essioncm
982 2793 1294 2850 diutissime
1335 2792 1666 2865 supervixit.
1721 2789 1883 2846 Hunc
1920 2789 2104 2844 Theo-

520 2889 719 2942 dorum
753 2886 986 2942 Ruﬁnus
1021 2888 1114 2957 qui
1153 2885 1349 2940 Latino
1373 2900 1627 2942 sermone
1657 2882 2103 2956 Ecclesiasticam

514 2980 750 3050 scripsit
784 2980 1097 3043 historiam,
1132 2979 1295 3050 longo
1337 2987 1461 3049 post
1496 2986 1746 3047 tempore
1795 2975 2002 3030 vidisse
2047 2988 2107 3028 se

406 3109 413 3119 ι
520 3070 658 3127 dicit
691 3069 760 3138 ",
792 3078 849 3125 et
886 3071 1152 3141 quaesisse
1185 3086 1250 3125 ex
1296 3083 1384 3133 eo,
1415 3083 1545 3122 num
1583 3068 1796 3122 interea
1823 3067 1952 3120 dum
1982 3079 2107 3119 ver-

2203 1959 2426 2030 όνόματι
2485 1955 2790 2026 Θεόδωρον,
2820 1951 2971 2023 αὐτῷ
3026 1949 3178 2023 παρὰ
3228 1946 3339 2001 τῶν
3380 1941 3799 2015 Ἑλληνιζόντων

2203 2050 2580 2124 προσαχθέντα
2605 2088 2619 2112 ,
2650 2047 2903 2119 βασάνοις
2953 2044 3048 2098 καὶ
3099 2041 3379 2113 διαφόροις
3415 2034 3801 2106 κολαστηρίοις

2205 2144 2499 2211 ὑπέϐαλλε,
2524 2138 2929 2217 καταξανθῆναι
2967 2135 3112 2191 κατά
3166 2132 3365 2196 παντὸς
3395 2128 3662 2190 κελεύσας
3702 2124 3801 2178 τοῦ

2205 2238 2487 2310 σώματος’
2529 2234 2625 2289 καὶ
2672 2229 2836 2286 αὑτὸν
2875 2230 2997 2283 τότε
3046 2226 3194 2299 ἠφίει
3225 2224 3349 2310 τῶν
3391 2221 3676 2294 βασάνων,
3706 2218 3801 2310 ὅτε

2207 2308 2407 2401 μηκέτι
2456 2324 2720 2398 ζήσεσθαι
2753 2321 2913 2393 ᾤετο.
2950 2319 3112 2373 Ἀλλὰ
3161 2315 3295 2380 Θεδς
3333 2309 3402 2385 ἦν
3428 2314 3456 2366 ό
3485 2311 3675 2376 σώζων
3705 2308 3801 2361 τὸν

2204 2422 2392 2493 ἄνδρα.
2437 2418 2673 2474 Ἐπεϐίω
2697 2416 2806 2487 γὰρ
2834 2414 3026 2486 χρόνον
3080 2411 3195 2482 μετ’
3227 2407 3440 2479 ἐκείνην
3471 2405 3570 2475 τὴν
3607 2403 3805 2493 ὁμολῆ

2206 2491 2332 2581 γίαν
2386 2508 2578 2564 πολύν.
2626 2507 2816 2577 Τούτῳ
2875 2503 2953 2575 τῷ
3004 2500 3285 2573 Θεοδώρῳ,
3344 2498 3623 2567 Ῥουφῖνος
3666 2492 3695 2544 ό
3731 2491 3803 2561 τῇ

2216 2602 2506 2674 Ῥωμαίων
2541 2598 2762 2671 γλώσσῃ
2789 2597 2888 2669 τὴν
2924 2585 3382 2666 ὲκκλησιαστικὴν
3403 2589 3644 2661 ἱστορίαν
3670 2601 3804 2654 συγ-

2205 2695 2445 2769 γράψας,
2484 2694 2618 2766 φησὶ
2650 2691 2963 2764 μεταταῦτα
2990 2689 3169 2761 χρόνῳ
3201 2686 3428 2756 ὕστερον
3459 2680 3643 2752 πολλῷ
3669 2696 3804 2734 συν-

2205 2787 2590 2859 τετυχηκέναι,
2633 2784 2729 2838 καὶ
2776 2781 3157 2855 ⁴Ιῑρωτηκέναι,
3206 2780 3256 2833 εί
3308 2777 3643 2847 τυπτόμενος
3705 2771 3805 2825 καὶ

2210 2877 2640 2952 στρεϐλούμενος
2692 2873 2957 2946 μεγίστης
2994 2872 3093 2942 τῆς
3144 2870 3339 2941 ὀδύνης
3372 2866 3656 2940 ᾐσθάνετο.
3695 2862 3803 2915 τὸν

2207 2970 2279 3051 δὲκ
2313 2970 2595 3041 εἰρηκέναι
2621 3007 2635 3032 ,
2666 2966 2924 3037 βραχεῖαν
2961 2964 3058 3034 μὲν
3108 2961 3259 3033 αὐτῷ
3307 2959 3512 3031 σφόδρα
3544 2952 3806 3024 γενέσθαι

2206 3050 2307 3133 τὴν
2333 3063 2398 3117 ὲκ
2420 3061 2526 3115 τῶν
2559 3059 2808 3132 βασάνων
2831 3056 3023 3126 ὀδύνην
3043 3069 3056 3084 ·
3092 3052 3434 3124 παραστῆναι
3458 3050 3516 3103 δέ
3539 3064 3660 3102 τινα
3677 3063 3807 3098 νεα-

520 3170 810 3218 neraretur
849 3177 914 3217 ac
970 3169 1344 3233 torqueretur,
1386 3158 1777 3230 gravissimum
1832 3157 2106 3211 sensisset

2215 3153 2416 3220 νίσκον,
2470 3155 2566 3206 καὶ
2603 3148 2942 3219 άπομάττειν
2992 3143 3158 3199 αὑτοῦ
3203 3144 3296 3196 τὸν
3333 3143 3398 3196 ὲκ
3447 3138 3543 3194 τοῦ
3593 3136 3807 3206 ἀγῶνος

520 3255 791 3311 dolorem.
835 3253 995 3308 Illum
1041 3268 1173 3308 vero
1220 3252 1540 3317 aﬂirmasse,
1590 3251 1764 3306 levem
1810 3247 2105 3303 admodum

2215 3246 2411 3319 ἱδρῶτα
2446 3242 2847 3313 ὲπιγινόμενον,
2871 3235 3264 3310 ὲπιρῤωννύειν
3296 3252 3359 3288 τε
3390 3232 3553 3289 αὐτοῦ
3575 3230 3676 3303 τὴν
3698 3229 3811 3300 ticu—

522 3345 735 3402 doloris
767 3359 991 3402 sensum
1031 3345 1135 3399 sibi
1184 3359 1249 3398 ex
1292 3345 1579 3398 tormentis
1619 3340 1894 3396 accidisse
1928 3359 1941 3395 :
1971 3339 2106 3395 asti-

519 3436 661 3491 tisse
689 3444 874 3490 autem
910 3434 1321 3490 adolescentem
1366 3432 1684 3503 quemdam,
1721 3432 1813 3503 qui
1848 3441 1902 3487 et
1936 3430 2107 3486 sudo-

520 3544 644 3584 rem
670 3543 736 3583 ex
768 3528 1078 3583 certamine
1110 3525 1478 3598 proﬂuentem
1509 3526 1856 3592 absterserit,
1894 3533 1949 3579 et
1987 3527 2108 3579 ani-

526 3634 678 3675 mum
709 3619 813 3675 sibi
846 3618 1277 3684 conﬁrmaverit,
1299 3625 1524 3688 totoque
1556 3617 1652 3673 illo
1684 3618 1950 3687 temporis
1978 3633 2100 3688 spa.

527 3712 606 3766 tio
631 3727 741 3783 quo
771 3719 951 3766 tortus
978 3716 1083 3776 est,
1123 3711 1247 3781 plus
1287 3708 1675 3766 oblectamenti
1707 3723 1872 3781 quam
1903 3708 2110 3764 laboris

526 3802 634 3871 ipsi
657 3800 1002 3873 praestiterit.
1024 3799 1148 3856 Haec
1165 3801 1233 3856 de
1252 3799 1561 3856 admirabili
1580 3798 1872 3855 Theodoro
1900 3799 2111 3856 dixisse

2210 3339 2333 3413 χὴν,
2362 3337 2457 3390 καὶ
2483 3334 2677 3406 τέρψιν
2699 3330 2848 3402 αὐτῷ
2875 3329 3073 3402 μᾶλλον
3103 3328 3136 3401 ἢ
3160 3325 3347 3397 ἀγῶνα
3375 3324 3465 3379 τὸν
3494 3323 3687 3395 χρόνον
3705 3322 3811 3391 τῆς

2214 3429 2448 3503 βασάνου
2482 3428 2676 3483 ποιεῖν.
2700 3423 2812 3477 Καὶ
2842 3420 2969 3492 περὶ
3001 3421 3098 3487 μὲν
3121 3417 3215 3472 τοῦ
3243 3414 3561 3488 θαυμαστοῦ
3599 3413 3813 3467 Θεοδώ-

2215 3539 2309 3594 ρου
2358 3516 2596 3573 τοσαῦτα
2647 3513 2906 3587 είρήσθῳ.
2946 3510 3080 3564 Τότε
3127 3509 3184 3563 δὲ
3236 3507 3492 3581 παρῆσαν
3549 3504 3812 3576 πρέσϐεις

2216 3610 2465 3683 Περσῶν.
2499 3608 2777 3671 αἰτοῦντες
2816 3603 2909 3659 ἐπὶ
2955 3603 3211 3675 φανεροῖς
3233 3597 3569 3655 καταθέσθαι
3594 3596 3687 3649 τὸν
3713 3596 3816 3649 πό⁹

2210 3706 2376 3778 λεμον
2401 3702 2467 3758 ".
2485 3702 2541 3756 Ὀ
2561 3701 2618 3755 δὲ
2639 3700 2831 3761 αὐτοὺς
2853 3694 3197 3767 ἀπέπεμψεν,
3216 3689 3585 3747 είπώνᾌὺτόν
3603 3688 3814 3760 μεδψεο

2216 3799 2313 3853 σθε
2347 3794 2541 3867 μετόὑ
2572 3793 2729 3856 πολὺ,
2759 3790 2853 3844 καὶ
2873 3788 3025 3843 οὐδέν
3058 3805 3147 3858 μοι
3175 3785 3356 3858 δεήσει
3384 3783 3699 3855 πρεσϐείας.

526 3896 781 3953 sullieiat.
810 3895 1013 3950 Eodem
1044 3905 1290 3967 tempore
1304 3895 1596 3950 Persarum
1629 3896 1790 3967 legati
1816 3895 1881 3949 ad
1913 3895 2296 3964 imperatorem
2329 3892 2620 3951 venerunt,
2648 3889 2910 3954 rogantes
2948 3889 3008 3935 ut
3035 3879 3240 3935 bellum
3266 3877 3435 3933 certis
3465 3873 3812 3931 conditioni-

522 3989 630 4046 bus
653 3985 1202 4044 terminaret.Verum
1226 3988 1523 4058 imperator
1541 4005 1637 4043 eos
1659 3988 1891 4054 dimisit,
1917 3987 2032 4042 haec
2054 3987 2311 4040 locutus:
2332 3980 2598 4050 Meipsum
2621 3974 2773 4031 brevi
2802 3971 3077 4036 videbitis,
3099 3985 3199 4024 nec
3221 3984 3360 4039 opus
3381 3969 3486 4023 erit
3514 3969 3807 4039 legatione.

992 4103 1152 4174 196
1181 4101 1333 4157 car.
1366 4101 1483 4158 xx.

531 4218 808 4287 Quomodo
855 4217 1147 4283 imperator
1170 4213 1390 4287 Iudaeos
1439 4214 1509 4267 ad
1555 4215 1964 4287 sacriﬁcandum
2008 4217 2115 4271 im—

600 4290 816 4360 pulerit,
842 4296 891 4342 et
917 4288 981 4340 tle
1005 4288 1209 4357 integra
1235 4286 1727 4355 Hierosolymorum
1754 4286 2042 4341 eversione.

2866 4085 3118 4137 ΚΕΦΛΑ.
3150 4084 3235 4137 Κ⁹.

2233 4187 2332 4253 Ὠς
2362 4183 2462 4238 καὶ
2494 4180 2825 4253 Ἰουδαίους
2913 4173 3213 4253 βαριλεῂς
3245 4172 3343 4253 ,ἐπὶ
3377 4170 3444 4225 τὸ
3474 4173 3642 4253 (λύειν
3666 4188 3811 4241 πρε-

2290 4241 2600 4323 ἐτρέψατο,
2639 4248 2739 4302 καὶ
2768 4241 2901 4323 ,περὶ
2943 4245 3054 4312 τῆς
3092 4241 3211 4297 τῶν
3252 4243 3689 4312 Ἰεροσολύμων
3720 4260 3813 4297 τε-

2289 4317 2458 4391 λείας
2504 4317 2870 4388 ἀνατροπῆς.

602 4417 728 4472 Alio
759 4427 1026 4486 praeterea
1060 4412 1224 4479 modo
1264 4412 1590 4482 imperator,
1638 4413 1969 4470 Christianis
2015 4429 2106 4469 no-

2287 4416 2401 4472 Καὶ
2425 4415 2547 4469 κατ’
2569 4412 2730 4468 ἄλλον
2755 4410 2811 4463 δὲ
2838 4409 3040 4481 τρόπον
3066 4408 3095 4461 ό
3117 4405 3373 4478 βασιλεὺς
3392 4405 3520 4469 τοὺς
3550 4406 3809 4476 Χριστια-

534 4524 662 4567 cere
687 4508 940 4579 cupiens,
990 4504 1444 4576 superstitionem
1489 4520 1644 4561 suam
1679 4505 1942 4576 prodidit.
1976 4504 2113 4561 Nam

619 4648 666 4680 ’⁷⁸
708 4645 837 4701 Ruf.
868 4643 967 4700 lib.
1003 4660 1043 4711 I,
1068 4658 1119 4696 c.
1149 4642 1241 4698 '56.

2223 4508 2349 4571 νοὺς
2381 4505 2638 4577 βλάπτειν
2662 4498 2998 4564 σπουδάζων,
3022 4498 3123 4568 τὴν
3156 4494 3362 4551 οἰκείαν
3389 4494 3812 4565 δεισιδαιμονίαν

1741 4713 2014 4770 VALESII
2054 4711 2624 4770 ANNOTATIONES.

608 4834 723 4906 (70)
751 4831 891 4910 _‘E:rl
952 4827 1233 4910 φανεροῖς
1262 4813 1793 4910 ,καταθέσθαι-’τὸν
1836 4830 2124 4910 πόλεμον.

2225 4829 2425 4884 stribus
2472 4823 2789 4898 quibusdam
2835 4820 3228 4898 discutiendum
3285 4820 3525 4898 daretur.
3568 4819 3815 4898 Christu-

542 4890 718 4959 Htinc'
751 4890 970 4957 locum-
994 4890 1119 4954 non.
1145 4890 1537 4969 iniellexeruttt
1585 4899 1933 4968 interpretes.
1986 4890 2124 4953 Nam
2226 4890 2561 4969 phorsonus
2593 4910 2722 4949 vero
2769 4896 2873 4969 hoc
2906 4892 3071 4946 modo
3110 4892 3492 4969 :_postulatum
3525 4899 3584 4943 ut
3622 4890 3813 4969 bellum

541 4975 825 5030 Musculus
851 4970 1074 5042 quidem
1105 4970 1179 5042 ita
1204 4969 1368 5025 vertit
1402 4984 1416 5020 :
1458 4967 1660 5042 Legati.
1685 4967 1803 5042 vero
1834 4970 2121 5042 Persarum

541 5046 611 5100 ad
650 5039 930 5098 Juliann‘m
960 5041 1251 5106 veniebant,
1286 5048 1514 5109 petentes
1552 5048 1609 5093 ut
1644 5039 1835 5095 bellum
1870 5041 1966 5096 hoc
1992 5040 2118 5095 illu-

2265 4970 2410 5023 alam
2448 4966 2720 5022 indiceret.
2762 4963 2899 5033 Quis
2928 4978 3039 5017 non
3081 4962 3334 5033 miretur,
3382 4963 3448 5033 in_
3488 4969 3603 5014 tam
3640 4960 3819 5033 plano

2246 5056 2349 5095 ocu
2388 5039 2526 5094 adeo
2553 5030 2794 5108 graviter
2820 5033 2929 5089 labi
2962 5033 3214 5104 potuisse
3232 5031 3384 5087 viros
3418 5030 3614 5085 doctos
3635 5031 3660 5081 ?

1986 5196 2376 5255 VARIORUM.

544 5320 742 5392 Apollo
799 5316 1128 5392 Daphnatus.
1151 5312 1331 5392 fuse
1400 5315 1578 5392 hune
1609 5316 1793 5371 lucum
1824 5386 1837 5392 _
1860 5315 2129 5392 describit
2225 5316 2406 5392 doret.
2443 5311 2584 5368 Hist.
2621 5311 2722 5366 lib.
2750 5322 2983 5380 m,cap.
3014 5308 3102 5365 l0.
3147 5308 3222 5363 Μ.
3262 5305 3525 5378 Shorting
3576 5306 3634 5359 in
3673 5304 3819 5357 hunc

547 5384 768 5447 szom.
832 5384 928 5460 lib.
964 5403 1021 5460 v,
1061 5385 1233 5460 c._19.
1285 5384 1360 5460 De
1394 5385 1617 5460 _Babyla
1692 5386 1840 5458 quod
1904 5387 2123 5449 attinet,

544 5461 815 5519 successit
844 5458 1053 5512 Zabino
1086 5455 1169 5509 'in
1211 5456 1339 5511 sede
1378 5455 1741 5520 Antiochena',
1786 5465 1848 5511 ut
1889 5465 2128 5511 testatur

2227 5386 2432 5439 locum.

2305 5452 2333 5491 ιι
2362 5451 2629 5507 Κολάσαι
2687 5451 2832 5517 τοὺς
2847 5450 3114 5520 μάλιστα
3150 5448 3542 5513 σπουδαίους.
3575 5448 3822 5520 Accessit

544 5516 817 5589 Eusebius
853 5530 994 5583 Hist.
1024 5529 1060 5598 Ι.
1090 5526 1414 5598 vt,cap.29,
1461 5530 1554 5598 qui
1579 5544 1701 5597 cap.
1731 5516 1807 5582 ’59
1872 5528 2121 5598 ejusdem
2233 5537 2289 5598 et
2323 5527 2426 5598 alia
2453 5522 2657 5577 Juliaui
2685 5523 2738 5575 in
2766 5516 3116 5575 Christianos
3147 5520 3446 5598 iracundia:
3462 5532 3651 5598 causa.
3672 5516 3819 5598 ﬁant

544 5604 643 5659 lib.
675 5602 871 5659 scribit
900 5597 1155 5670 Babylam
1193 5596 1254 5670 i_t_t_
1284 5596 1507 5670 carcere
1536 5596 1873 5670 exstinctum
1908 5597 2123 5670 fuisse:

543 5675 975 5741 Chrysostomus
1014 5666 1142 5741 vero
1201 5666 1295 5719 lib.
1343 5667 1409 5741 de
1466 5666 1524 5724 S.
1585 5668 1806 5741 Babyla,
1848 5676 1983 5741 tom.
2031 5666 2123 5728 IX,

590 5784 603 5797 .
633 5737 761 5807 6359,
794 5742 975 5811 capite
1026 5739 1245 5811 plexum
1308 5737 1561 5811 aﬂirmat.
1595 5737 1745 5794 Obiit
1798 5740 1903 5811 sub
1942 5738 2123 5811 Det-iu.

590 5784 603 5797 .
633 5760 761 5807 υυυ,
794 5760 975 5811 (Ἤρκει
1026 5760 1245 5809 plcxum
1308 5760 1561 5794 illlll'lllill.
1595 5760 1745 5794 υυιιι
1798 5760 1903 5794 διιυ
1942 5760 2123 5790 Herm.

548 5760 623 5868 iis
654 5813 1018 5867 translatione
1049 5806 1405 5876 reliquiarum
1440 5808 1497 5863 S.
1544 5810 1758 5881 Babyla:
1792 5810 1916 5865 vide
1951 5809 2126 5863 'l‘heo-

2234 5596 2382 5648 circa
2417 5595 2519 5647 huc
2550 5601 2766 5661 tempus
2803 5601 3065 5646 exustum
3116 5599 3219 5661 est
3254 5590 3510 5659 Daphnaei
3552 5588 3822 5661 Apollinis

2237 5666 2445 5718 fanum.
2509 5659 2677 5729 Quod
2730 5662 3118 5730 suspicabatur
3184 5659 3533 5730 Christianos
3601 5659 3822 5725 egisse,

2236 5751 2549 5804 quanquam
2604 5734 2681 5786 nil
2738 5729 2847 5786 tale.
2901 5732 2969 5786 de
3001 5732 3068 5804 iis
3125 5731 3393 5785 constitit.
3450 5729 3588 5782 Vide
3636 5731 3819 5780 Amm.

2241 5803 2482 5861 Mart-eli.
2516 5805 2613 5858 lib.
2656 5819 2792 5866 χχιι,
2830 5817 2951 5873 cap.
2987 5803 3073 5857 1'5.
