4016 6350
253 515 355 573 629

1217 516 1537 574 HISTORIA
1579 513 2140 571 ECCLESIASTICA.
2179 545 2244 555 —
2284 513 2414 571 ΗΒ.
2460 513 2547 569 Ill.

3406 504 3510 558 450

251 633 524 705 ἐξήλεγχε.
574 631 868 702 Φιλοθύτης
919 631 1025 704 γὰρ
1093 631 1189 695 ὢν,
1239 633 1300 684 οὐ
1346 631 1503 703 μόνον
1549 630 1712 694 αὐτὸς
1756 630 1833 702 τῷ

1952 642 2063 684 :um
2099 627 2322 684 deditus
2374 636 2524 684 esset
2575 624 2885 689 sacriﬁciis,
2914 638 3021 678 non
3052 622 3228 677 solum
3259 619 3376 690 ipse
3412 622 3510 673 ho-

254 724 437 793 αἵματι
470 723 714 795 ἔχαιρεν,
748 723 862 777 ἀλλ’
888 725 937 776 εί
991 722 1068 794 μὴ
1115 725 1209 777 καὶ
1234 724 1381 777 ἄλλοι
1419 722 1577 781 τοῦτο
1611 722 1830 791 ποιῶσι,

254 812 455 883 ζημίαν
484 812 757 883 ἐνόμιζεν.
796 812 1016 883 Ἐπειδὴ
1057 812 1114 865 δὲ
1154 811 1368 881 ὀλίγόυς
1391 813 1518 876 τοὺς
1560 811 1834 876 τοιούτους

253 904 604 977 ἐφεύρισκεν,
658 905 948 968 Ἰουδαίους
997 905 1412 976 μεταπέμπεται
1447 905 1465 945 ί
1512 922 1525 934 ·
1567 904 1661 965 καὶ
1703 904 1836 975 παρ’

254 996 431 1050 αὐτῶν
470 995 805 1052 ἐπυνθάνετο
826 1037 840 1061 ,
871 994 966 1051 τοῦ
1010 995 1171 1068 χάριν
1212 995 1306 1050 τοῦ
1346 994 1641 1051 Μωσαῖκοῦ
1670 995 1835 1066 νόμου

253 1086 606 1152 κελεύσαντος
640 1085 810 1153 θύειν,
862 1086 1181 1158 ἀπέχονται.
1230 1086 1351 1140 Τῶν
1391 1085 1448 1140 δὲ
1490 1086 1566 1157 μὴ
1599 1083 1835 1156 ἀλλαχοῦ

256 1179 543 1249 φησάντων
570 1178 833 1236 δύνασθαι
850 1178 1010 1233 τοῦτο
1040 1180 1229 1244 ποιεῖν,
1259 1179 1308 1232 εί
1345 1175 1421 1250 μὴ
1448 1177 1610 1248 μόνον
1642 1178 1700 1232 ἐν
1723 1180 1835 1241 τοῖς

265 1270 675 1343 Ἰεροσολύμοις,
704 1271 915 1326 κελεύει
947 1271 1113 1342 τάχος
1154 1270 1433 1336 κτίζεσθαι
1460 1270 1552 1325 τὸν
1588 1268 1836 1341 Σολομῶ-

258 1380 340 1427 νος
382 1362 532 1417 ναόν.
561 1361 671 1416 Καὶ⁸
718 1362 878 1425 αὐτὸς
922 1362 1015 1415 ἐπὶ
1068 1361 1286 1433 Πέρσας
1332 1361 1554 1432 ἤλαυνε.
1597 1360 1837 1414 Ἰουδαῖοι

252 1438 315 1506 δέ
358 1452 556 1525 καιροῦ
586 1451 885 1524 δράξασθαι
938 1452 1107 1508 πάλαι
1142 1453 1571 1524 ἐπιθυμοῦντες,
1602 1455 1661 1508 ἐν
1707 1445 1753 1521 ᾧ
1777 1453 1839 1507 τὸ

260 1543 399 1615 ἱερὸν
428 1544 613 1607 αὐτοῖς
642 1543 777 1614 πρὸς
824 1543 887 1597 τὸ
916 1543 1066 1597 θύειν
1114 1543 1688 1617 άνοικοδομηθησεται,
1722 1544 1836 1599 τότε

260 1636 535 1690 σπουδαῖοι
578 1636 678 1707 μὲν
726 1636 863 1708 πρὸς
903 1636 963 1691 τὸ
992 1636 1153 1710 ἔργον
1189 1637 1460 1707 ἐγίνοντοο
1491 1637 1757 1710 φοϐεροὺς
1780 1638 1838 1692 δὲ

259 1730 363 1790 τοῖς
396 1727 746 1798 Χριπιανοίς
783 1727 1170 1783 ἐπεδείκνυσαν
1190 1726 1841 1803 ἑαυτοὺς,ὴλαζονεύοντό

258 1834 313 1869 τε
361 1817 484 1872 κατ’
505 1816 707 1881 αὐτῶν,
742 1815 1165 1883 ἐπαπειλοῦντες
1184 1818 1423 1873 τοσαῦτα
1452 1818 1721 1888 ποιήσειν,
1741 1818 1841 1872 ὅσα

260 1908 407 1967 αὐτοὶ
447 1907 600 1978 παρὰ
646 1907 934 1980 Ῥωμαίων
971 1908 1139 1963 πάλαι
1174 1908 1493 1967 πεπόνθασι.
1520 1908 1627 1963 Τοῦ
1658 1908 1714 1964 δέ
1745 1908 1841 1979 βα-

1934 722 2170 778 stiarum
2202 736 2399 776 cruore
2425 718 2827 782 delectabatur,
2854 715 2953 770 sed
2983 713 3091 769 nisi
3116 711 3261 767 idem
3293 723 3513 781 quoque

1936 815 2024 869 alii
2051 812 2318 882 facerent,
2347 812 2552 869 damno
2578 825 2638 866 se
2670 807 2807 865 allici
2833 804 3205 863 existimabat.
3242 800 3513 868 Quoniam

1939 924 2068 964 vero
2107 920 2309 978 paucos
2346 904 2641 960 admodum
2684 897 2955 969 ejusmodi
2992 896 3244 953 homines
3276 892 3516 965 reperie-

1940 1001 2052 1065 bat,
2076 996 2295 1053 Iudaeos
2317 996 2384 1052 ad
2411 1011 2471 1052 se
2497 993 2755 1061 accersit,
2787 1000 2841 1047 et
2874 1005 2939 1046 ex
2970 988 3038 1047 iis
3060 986 3377 1044 sciscitatur
3406 998 3516 1055 qua
3560 1038 3581 1065 ,τ

1938 1088 2006 1144 de
2048 1104 2213 1145 causa
2259 1103 2385 1144 cum
2431 1089 2515 1143 lex
2556 1085 2728 1142 Mosis
2759 1082 3074 1139 sacriﬁcare
3098 1096 3197 1136 eos
3236 1077 3450 1148 iubeat,
3485 1091 3517 1128 a

1941 1184 2118 1239 sacris
2162 1180 2443 1238 faciendis
2486 1179 2850 1234 abstinerent.
2880 1175 3127 1244 Cumque
3165 1174 3240 1227 illi
3289 1184 3518 1241 respon-

1940 1274 2174 1337 dissent,
2205 1271 2334 1327 alibi
2369 1285 2536 1342 quam
2565 1266 2929 1338 Jerosolymis
2963 1265 3015 1320 id
3047 1264 3228 1319 facere
3260 1260 3366 1317 sibi
3407 1275 3518 1314 non

1940 1369 2128 1431 licere,
2159 1365 2473 1423 Salomonis
2513 1363 2776 1433 templum
2814 1360 3069 1431 protinus
3098 1354 3402 1413 instaurari
3422 1353 3519 1422 ju-

1940 1463 2052 1519 bet.
2087 1462 2208 1533 lpse
2239 1458 2460 1515 interim
2500 1456 2568 1511 ad
2592 1456 2794 1511 bellum
2832 1459 3026 1508 contra
3060 1449 3260 1507 Persas
3294 1445 3518 1518 proﬁci-

1942 1556 2137 1613 scitur.
2164 1554 2234 1607 At
2264 1550 2459 1614 Judaei,
2486 1549 2582 1620 qui
2611 1547 2942 1619 iampridem
2960 1544 3221 1616 optabant
3242 1548 3520 1610 utoppor-

1941 1655 2135 1704 tunum
2182 1645 2287 1701 sibi
2322 1653 2538 1714 tempus
2582 1641 2913 1712 obtingeret,
2955 1653 3066 1708 quo
3096 1636 3356 1707 templum
3384 1632 3520 1702 ipsis

1945 1738 2013 1793 ad
2044 1734 2466 1793 sacriﬁcandum
2487 1732 2891 1792 restitueretur,
2914 1736 3031 1783 tum
3061 1727 3271 1781 alacres
3295 1725 3349 1779 in
3381 1737 3520 1792 opus

1944 1828 2076 1884 illud
2109 1828 2500 1889 incubuerunt,
2529 1832 2643 1878 tum
2678 1819 2948 1876 adversus
2979 1815 3331 1873 Christianos
3373 1814 3523 1868 inso-

1943 1919 2112 1975 lentia
2142 1916 2296 1983 elati,
2341 1911 2715 1971 formidabiles
2747 1926 2806 1967 se
2834 1907 3220 1973 ostenderunt,
3251 1904 3523 1959 minantes

258 1999 445 2064 σιλέως
475 2001 542 2055 ἐκ
567 1979 844 2073 δημοσίων
895 2001 994 2071 τὴν
1029 2000 1276 2072 δαπάνην
1309 2000 1719 2072 παραηεθῆναι
1748 2017 1840 2054 κε-

1952 2028 2005 2070 se
2035 2018 2188 2067 tanta
2220 1979 2362 2065 mala
2398 2007 2467 2064 iis
2501 2007 2749 2061 illaturos
2778 2017 2924 2065 esse,
2959 2006 3166 2071 quanta
3195 1997 3298 2069 ipsi
3327 1996 3456 2050 oliui
3490 2009 3520 2048 a

258 2088 563 2156 λεύσαντος,
604 2090 928 2163 εὐτρέπιπο
975 2092 1190 2156 πάντα,
1220 2091 1353 2157 ξύλα
1399 2093 1495 2147 καὶ
1542 2092 1709 2157 λίθοι,
1749 2094 1843 2146 καὶ

262 2181 476 2244 πλίνθος
497 2182 659 2255 ὀπτὴ,
685 2183 784 2237 καὶ
832 2183 1002 2255 πηλὸς
1034 2185 1129 2238 καὶ
1151 2184 1434 2250 ἄσϐεστος,
1466 2186 1555 2241 καὶ
1593 2186 1663 2239 τὰ
1706 2184 1843 2240 ἄλλα

264 2275 352 2333 ὅσα
398 2275 539 2344 πρὸς
567 2275 858 2347 οἰκοδομὴν
897 2276 1180 2348 ἐπιτήδεια
1207 2277 1435 2346 γίνεται.
1469 2276 1603 2331 Τότε
1642 2276 1708 2349 δὴ
1734 2276 1841 2331 K6-

257 2365 436 2436 ριλλος
466 2368 497 2419 ὁ
524 2366 633 2420 τῶν
666 2366 1053 2439 Ἱεροσολύμων
1085 2366 1399 2433 ἐπίσκοπος,
1424 2367 1485 2422 τὸ
1507 2367 1602 2423 τοῦ
1631 2369 1842 2439 προφή-

260 2476 346 2514 του
366 2458 570 2530 Δανιὴλ
600 2458 741 2514 κατὰ
765 2459 891 2513 νοῦν
916 2460 1243 2532 ἐλάμϐανεν,
1269 2461 1406 2532 ὅπερ
1433 2461 1528 2516 καὶ
1554 2463 1584 2515 ὁ
1610 2461 1845 2533 Χριστὸς

260 2552 314 2605 ἐν
348 2552 462 2615 τοῖς
501 2548 681 2619 ἁγίοις
725 2550 1079 2620 Εὑαγγελίοις
1123 2550 1591 2621 ἐπεσφραγίσατο,
1628 2548 1846 2613 πολλοῖς

260 2660 317 2696 τε
345 2641 644 2714 προέλεγεν
662 2640 797 2714 (71),
826 2640 902 2705 ὡς
926 2642 1034 2712 ἄρα
1059 2640 1153 2696 νῦν
1168 2642 1294 2713 ἥκει
1315 2643 1345 2694 ὁ
1363 2641 1675 2713 καιρὸς,ὃτε
1703 2639 1847 2702 λίθος

258 2735 351 2789 ἐπὶ
378 2734 530 2789 λίθον
555 2734 658 2789 οὐκ
682 2735 751 2789 ἂν
775 2733 925 2805 μένοι
953 2735 1034 2797 είς
1071 2732 1161 2787 τὸν
1183 2733 1331 2796 ναδν,
1366 2731 1501 2788 ἀλλὰ
1525 2731 1587 2785 τὸ
1615 2730 1710 2784 τοῦ
1742 2732 1849 2784 Σω-

261 2822 424 2893 τῆρος
448 2822 633 2891 λόγιον
662 2821 1109 2895 πληρωθήσεται.
1136 2821 1323 2876 Ταῦτα
1362 2821 1549 2891 ἔλεγεν
1571 2822 1600 2874 ό
1628 2820 1847 2875 ἐπίσκοο

264 2930 376 2976 πος.
400 2912 515 2966 Καὶ
543 2912 632 2969 διὰ
652 2915 751 2985 τῆς
775 2914 969 2977 νυκτὸς
990 2912 1211 2985 σεισμὸς
1238 2912 1413 2984 μέγας
1443 2914 1846 2984 ἐπιγενόμενος,

258 3004 535 3078 άνὲϐρασε
560 3006 689 3070 τοὺς
714 3004 895 3070 λίθους
921 3003 1029 3063 τῶν
1060 3006 1227 3061 πάλαι
1251 3004 1519 3077 θεμελίων
1557 3003 1651 3059 τοῦ
1695 3004 1845 3070 ναοῦ,

266 3099 358 3154 καὶ
381 3099 595 3164 πάντας
645 3098 921 3170 διέσπειρε
944 3139 960 3162 ,
987 3099 1083 3152 σὺν
1107 3099 1221 3162 τοῖς
1254 3096 1681 3169 παρακειμένοις
1705 3098 1851 3168 οἰκή-

264 3208 422 3263 μασι.
451 3189 583 3255 Δέος
615 3189 673 3243 δὲ
700 3190 764 3247 ἐκ
786 3188 878 3242 τοῦ
915 3188 1203 3259 γενομένου
1242 3187 1528 3252 Ἰουδαίους
1547 3186 1811 3242 κατέλαϐε
1834 3206 1848 3220 ο

1946 2102 2209 2159 Romanis
2256 2098 2503 2171 perpessi
2543 2097 2802 2153 fuissent.
2846 2091 3020 2165 Igitur
3052 2105 3177 2145 cum
3222 2088 3524 2151 imperator

1945 2177 2203 2261 sumptus
2231 2189 2382 2259 Operi
2420 2184 2651 2257 praeberi
2682 2198 2748 2239 ex
2794 2180 3017 2253 publico
3056 2177 3339 2249 jussisset,
3370 2174 3522 2229 brevi

1944 2290 2139 2353 parata
2167 2289 2298 2337 sunt
2325 2278 2534 2342 omnia,
2563 2275 2790 2331 materia
2820 2273 3055 2338 scilicet,
3074 2271 3525 2342 lapides,lateres

1944 2375 2114 2442 coeti,
2149 2374 2365 2445 argilla,
2417 2371 2565 2436 calx,
2606 2377 2659 2424 et
2708 2382 3053 2440 quaecunque
3104 2366 3209 2419 alia
3253 2363 3320 2420 ad
3355 2362 3524 2418 aediﬁ-

1946 2465 2182 2520 candum
2212 2462 2547 2520 necessaria.
2581 2460 2705 2528 Quo
2739 2459 2962 2531 quidem
3007 2469 3251 2527 tempore
3282 2455 3525 2527 (Lyrillus

1945 2553 2414 2625 lerosolymorum
2434 2552 2752 2623 episcopus,
2776 2564 2986 2605 memor
3011 2549 3260 2605 vaticinii
3278 2547 3525 2602 Dauielis

1949 2645 2249 2714 pr0plietae,
2269 2642 2414 2713 quod
2442 2641 2702 2697 Christus
2731 2641 2900 2696 etiam
2933 2640 2986 2694 iu
3019 2640 3192 2696 sacris
3218 2638 3526 2710 Evangeliis

1947 2733 2317 2797 confirmavit,
2350 2733 2529 2803 palam
2565 2732 2754 2789 multis
2792 2731 3102 2788 astantibus
3131 2732 3402 2802 praedixit,
3443 2732 3529 2788 fu-

1950 2833 2133 2887 turum
2174 2825 2328 2881 brevi
2366 2831 2425 2880 ut
2469 2825 2525 2879 in
2566 2840 2633 2879 eo
2673 2825 2885 2895 templo
2925 2825 3063 2895 lapis
3093 2839 3262 2894 super
3288 2824 3525 2893 lapidem

1950 2932 2060 2972 non
2088 2924 2360 2981 maneret,
2410 2917 2506 2974 sed
2560 2917 2874 2973 Servatoris
2897 2918 3182 2972 oraculum
3226 2919 3530 2986 complere-

1950 3009 2128 3068 tur".
2153 3008 2406 3074 Cumque
2450 3010 2564 3065 haec
2605 3009 2842 3065 dixisset.
2883 3009 3199 3081 episcopus,
3239 3018 3405 3063 noctu
3440 3008 3528 3065 ir.-

1952 3117 2086 3174 gens
2128 3109 2289 3157 terra:
2332 3111 2520 3157 motus
2570 3111 2830 3168 exortus,
2884 3100 3095 3171 lapides
3137 3117 3201 3155 ex
3252 3101 3569 3155 veteribus'

1953 3194 2137 3265 templi
2185 3192 2567 3251 fundamentis
2613 3193 2835 3249 avolsos
2884 3208 3104 3249 sursum
3154 3197 3436 3254 excussit.
3475 3204 3531 3252 et

267 3283 360 3336 καὶ
377 3284 537 3354 φήμη
580 3281 676 3334 ἐπὶ
693 3281 785 3335 τὸν
811 3279 976 3334 τόπον
1007 3274 1109 3351 ἦγε
1143 3279 1237 3333 καὶ
1260 3279 1388 3343 τοὺς
1423 3278 1613 3350 πόρῤω
1638 3277 1848 3346 διάγον-

1953 3294 2185 3342 cunctos
2214 3301 2322 3340 una
2342 3300 2468 3341 cum
2494 3285 2772 3355 contiguis
2803 3284 3052 3341 mdiﬁciis
3076 3285 3360 3356 dispersit.
3396 3287 3532 3350 Ter-

266 3390 380 3437 τας.
413 3373 704 3444 Παρόντων
725 3367 817 3427 οὖν
851 3371 1059 3443 σφόδρα
1097 3371 1326 3436 πολλῶν,
1354 3371 1539 3442 ἕτερον
1564 3371 1848 3442 τεράστιον

1955 3393 2049 3434 ror
2073 3391 2142 3432 ex
2172 3392 2239 3432 eu
2268 3393 2376 3432 non
2417 3376 2711 3433 mediocris
2745 3377 2943 3431 invasit
2967 3376 3189 3434 .ludacos
3218 3397 3233 3444 ;
3278 3378 3532 3450 famaque

268 3462 592 3532 ἐπιγίνεται.
614 3461 734 3535 Πῦρ
758 3463 867 3534 γάρ
896 3460 955 3528 ἐξ
973 3461 1203 3534 ούρανοῦ
1232 3461 1588 3533 κατασκῆψαι]
1603 3461 1617 3512 i
1634 3502 1651 3529 ,
1670 3461 1848 3517 πάντα

270 3552 341 3608 τὰ
394 3554 505 3608 τῶν
542 3553 839 3624 οἰκοδόμων
889 3553 1150 3625 ἐργαλεῖα
1206 3553 1531 3623 διέφθειρεν.
1564 3547 1673 3607 Ἦν
1716 3553 1849 3623 γοῦν

276 3645 420 3711 ἰδεῖν,
444 3646 551 3700 ὑπὸ
590 3646 690 3716 τῆς
719 3643 914 3714 φλογὸς
945 3645 1320 3716 ἀπολλυμένας
1339 3645 1438 3707 τὰς
1485 3645 1718 3716 σφύρας,
1751 3646 1850 3710 τὰς

275 3738 546 3810 γλαρίδας,
572 3739 699 3796 τοὺς
729 3737 976 3809 πρίονας,
995 3738 1121 3802 τοὺς
1147 3739 1416 3808 πελέκεις,
1445 3741 1513 3795 τὰ
1549 3739 1853 3811 σκέπαρνα,

278 3830 450 3883 πάντα
497 3828 687 3892 ἁπλῶς
714 3828 814 3883 ὅσα
842 3828 978 3900 πρὸς
1014 3829 1075 3882 τὸ
1117 3829 1276 3901 ἔργον
1319 3832 1599 3903 ἐπιτήδεια
1633 3828 1777 3902 εἶχον
1805 3835 1854 3885 oi

286 3918 650 3989 ἐργαζόμενοι.
692 3918 1019 3988 Ἐπενέμετο
1063 3919 1160 3990 μὲν
1210 3914 1303 3974 οὖν
1344 3920 1517 3975 ταῦτα
1544 3921 1604 3975 τὸ
1631 3921 1763 3993 πῦρ,
1786 3921 1855 3973 δι’

285 4017 402 4080 ὅλης
421 4011 516 4081 τῆς
553 4010 779 4082 ἡμέρας.
817 4012 1060 4065 Ἰουδαῖοι
1086 4012 1147 4069 δὲ
1181 4014 1238 4071 ὲν
1258 4015 1501 4084 μεγίστῳ
1527 4012 1677 4083 φόϐῳ
1705 4012 1857 4080 γενό-

286 4120 452 4172 μενοι,
480 4104 576 4157 καὶ
621 4102 849 4166 ἄκοντες
886 4103 1204 4175 ὡμολόγουν
1236 4106 1327 4157 τὸν
1355 4105 1590 4176 Χριστὸν
1616 4104 1749 4159 Θεὸν
1772 4104 1857 4157 λέ-

287 4211 480 4262 γοντες.
512 4197 628 4250 Οὐκ
659 4195 874 4249 ἐποίουν
905 4196 962 4249 δὲ
988 4196 1151 4249 αὐτοῦ
1175 4197 1234 4249 τὸ
1258 4197 1490 4269 θέλημα,
1526 4196 1644 4250 ἀλλ’
1668 4196 1858 4265 ἔμενον

287 4289 349 4357 τῇ
370 4287 457 4340 τοῦ
493 4285 825 4357 ’ἰουδαῖσμοῦ
858 4288 1125 4357 προλήψει
1154 4289 1533 4359 κρατούμενοι.
1564 4288 1695 4340 Οὐδὲ
1753 4288 1859 4358 γὰρ

290 4377 345 4429 τὸ
365 4379 540 4450 τρίτον
565 4379 751 4449 θαῦμα
779 4379 840 4430 τὸ
861 4378 1085 4449 ὕστερον
1116 4380 1520 4448 ἐπιγενόμενον,
1548 4381 1629 4442 εἰς
1670 4379 1851 4431 πίστιν

356 4490 401 4521 ⁷⁷
441 4490 626 4546 Matth.
653 4507 804 4554 xxiv,
836 4490 890 4543 2.

1953 3466 2075 3535 ejus
2105 3467 2355 3520 miraculi
2400 3466 2585 3536 plures
2630 3466 2821 3529 exciti,
2852 3483 2916 3521 ex
2958 3467 3278 3538 regionibus
3310 3471 3374 3527 ad
3404 3485 3531 3525 eum

1956 3557 2135 3612 locum
2170 3572 2496 3612 convenere.
2534 3557 2670 3611 Cum
2717 3557 2885 3626 igitur
2931 3559 3323 3628 quamplurimi
3368 3559 3533 3617 ades-

1956 3655 2101 3713 sent,
2153 3648 2305 3704 aliud
2348 3649 2528 3704 denuo
2573 3648 2877 3719 prodigium
2925 3648 3144 3703 accidit.
3192 3647 3337 3720 Ignis
3384 3652 3532 3705 enim

1956 3737 2177 3794 caelitus
2210 3737 2435 3799 missus.
2471 3745 2669 3791 cuncta
2700 3736 2963 3806 Opiﬁcum
2999 3736 3363 3797 instrumenta
3399 3753 3535 3793 con-

1958 3828 2218 3899 sumpsit.
2250 3828 2435 3898 Itaque
2468 3843 2695 3882 cernere
2724 3835 2842 3882 erat
2872 3827 3121 3891 malleos,
3152 3830 3395 3898 scalpra,
3418 3846 3531 3885 ser-

1958 3937 2070 3987 ras,
2105 3936 2353 3984 secures,
2391 3920 2605 3987 ascias;
2644 3928 2841 3974 cuncta
2871 3917 3108 3991 denique
3155 3921 3220 3975 ad
3262 3936 3403 3991 opus
3456 3924 3537 3977 fa-

1958 4012 2213 4067 ciendum
2249 4014 2581 4074 neceSSaria,
2619 4011 2856 4067 flammis
2883 4011 3122 4073 absumi.
3161 4010 3223 4065 Et
3254 4012 3395 4081 ignis
3419 4016 3535 4082 quir

1959 4103 2082 4157 dem
2127 4111 2243 4157 toto
2273 4102 2362 4157 die
2387 4103 2499 4157 haec
2527 4102 2711 4157 omnia
2738 4100 3160 4171 depascebatur.
3197 4100 3372 4157 Judaei
3407 4120 3537 4157 vero

1965 4194 2120 4265 197
2150 4196 2352 4263 ingenti
2383 4196 2579 4248 timore
2597 4194 3040 4262 pereulsi,etiam
3072 4193 3228 4249 inviti
3247 4196 3534 4263 Christum

1970 4284 2136 4339 Deum
2152 4300 2273 4339 esse
2289 4285 2526 4339 confessi
2547 4282 2812 4339 sunt.Nec
2829 4293 3009 4339 tamen
3033 4288 3290 4341 mandato
3306 4289 3427 4357 ejus
3446 4306 3538 4358 pa-

1958 4378 2342 4432 ruerunt:sed
2375 4378 2508 4447 legis
2548 4392 2663 4433 suae
2714 4376 2972 4446 Opinione
3016 4381 3427 4449 praeoccupati,
3481 4383 3534 4434 in

1461 4556 1545 4610 VA
1557 4554 1729 4610 LESII
1785 4553 2335 4611 ANNOTATIONES.

363 4652 464 4723 (7|)
497 4652 757 4718 Πολλοῖς
782 4668 844 4705 τε
869 4651 1213 4723 προέλεγεν.
1235 4648 1298 4702 Et
1320 4649 1664 4723 hic_uterque
1684 4651 1848 4723 inter-

1968 4648 2514 4723 nutn_traducamus,
2545 4650 2639 4723 sed
2669 4658 2730 4705 ut
2770 4651 3130 4723 ostendamus
3161 4654 3427 4710 studiosis
3458 4657 3535 4709 le-

289 4719 494 4790 pretuin
525 4726 713 4792 lapsus
744 4733 850 4785 est,
892 4722 986 4791 qui
1022 4720 1248 4792 verbum
1272 4719 1576 4792 προέλεγεν
1598 4719 1860 4792 referunt

293 4789 357 4865 ad
409 4789 673 4865 Χριστός,
723 4789 1059 4865 cumtamen
1091 4789 1286 4865 referri
1308 4789 1507 4865 debeat
1540 4791 1606 4865 ad
1654 4789 1858 4865 Κύριλ-

292 4859 397 4925 λος.
420 4858 477 4918 ιιὶ
506 4866 559 4919 in
589 4862 849 4918 versione
888 4867 1076 4916 nostra
1100 4860 1289 4915 videre
1316 4868 1423 4916 est.
1450 4858 1608 4926 Quod
1631 4858 1852 4930 quidem

290 4946 509 4994 "tonare
544 4933 844 4997 voluimus,
873 4947 984 4986 non
1018 4941 1076 4989 ut
1118 4945 1339 4986 errores
1359 4930 1649 4987 doctorum
1678 4930 1852 4985 homi-

1966 4719 2231 4785 rtoribus,
2258 4733 2424 4793 quam
2459 4721 2809 4793 proclive__sit
2855 4722 2962 4777 labi
3001 4723 3054 4776 in
3089 4724 3540 4793 interpretatione

1968 4799 2210 4866 veterum
2264 4788 2632 4866 scriptorum.
2691 4788 3156 4866 Nostramporro
3198 4788 3539 4866 interpreta-

1963 4860 2182 4984 Νοτιοὲ
2226 4861 2386 4929 plane
2446 4860 2747 4915 conﬁrmat
2797 4860 3139 4931 Nicephorius
3197 4864 3251 4919 in
3312 4860 3455 4921 libro
3485 4884 3539 4928 x,

1960 4944 2082 4984 cao.
2190 4970 2201 4983 .

2029 4946 2082 4999 p.
2113 4946 2201 4984 aa.

1729 5083 2121 5141 VARIORUM.

362 5182 383 5221 ί
423 5185 740 5249 Ἰουδαίους
788 5183 1249 5252 μεταπέμπεται.
1281 5181 1473 5236 Exstat
1506 5181 1712 5237 Iuliani
1742 5183 1857 5251 epi-

290 5254 451 5320 stola,
485 5256 678 5311 ordine
723 5253 816 5320 25,
847 5271 971 5309 cuin
1010 5254 1109 5307 hac
1157 5253 1513 5322 inscriptione
1542 5253 1857 5314 ιἸουλιανὸς

304 5323 566 5396 Ἰουδαίων
612 5323 692 5396 τῷ
729 5324 931 5396 κοινῷ,
974 5323 1027 5377 in
1076 5338 1181 5392 qua
1243 5323 1415 5396 multa
1459 5323 1733 5396 pollicitus
1789 5323 1857 5376 de

298 5393 605 5451 minuendis
657 5392 1024 5462 vectigalibus
1070 5402 1124 5446 et
1187 5392 1409 5446 tributis
1463 5408 1492 5446 a
1541 5392 1855 5448 Judzeorum

292 5474 454 5530 gente
481 5464 623 5536 exigi
671 5464 892 5536 solitis,
933 5464 1135 5536 h:ec_in
1183 5462 1291 5536 fine
1321 5462 1470 5515 addit
1512 5481 1524 5515 :
1589 5464 1725 5534 ὅπερ
1754 5462 1859 5532 χρὴ

292 5535 465 5587 ποιεῖν
510 5532 654 5603 ύμῖἆς
689 5576 699 5586 .
733 5574 745 5586 .
781 5572 795 5585 .
826 5532 893 5586 Id
923 5550 1009 5587 vos
1046 5532 1305 5601 imprimis
1338 5549 1527 5585 curare
1552 5532 1708 5603 atque
1737 5550 1862 5585 con-

299 5603 499 5673 tendere
518 5603 715 5659 debetis
745 5604 862 5673 (sc.
890 5612 949 5655 ut
977 5604 1261 5671 imperium
1298 5603 1502 5673 intuto
1542 5604 1647 5672 sit)
1682 5620 1781 5672 quo
1812 5611 1861 5653 et

292 5671 405 5740 ipse
430 5672 635 5730 Persico
674 5671 808 5728 bello
836 5688 902 5727 ea:
941 5674 1105 5725 animi
1154 5672 1410 5725 sententia
1438 5682 1599 5741 gesto,
1624 5671 1860 5725 sanctam

296 5742 471 5797 urbem
489 5744 852 5807 Hierusalem,
886 5759 1043 5810 quant
1103 5742 1293 5795 multos
1315 5742 1434 5807 jam
1464 5758 1627 5795 annos
1655 5742 1862 5795 habitm

297 5820 409 5864 tam
442 5816 606 5871 videre
631 5814 969 5874 desideratis,
1009 5814 1136 5866 meis
1185 5811 1452 5865 laboribus
1499 5811 1747 5879 refectam
1783 5815 1864 5863 in-

297 5883 489 5947 colam,
546 5896 594 5940 et
633 5902 739 5940 una
782 5885 1041 5938 vobiscum
1093 5884 1143 5935 in
1174 5900 1234 5936 ea
1266 5882 1457 5949 optimo
1510 5881 1615 5935 Deo
1662 5884 1863 5951 gratias

297 5968 468 6015 agam.

2039 5181 2052 5231 i
2102 5181 2229 5247 Πῦρ
2289 5181 2399 5249 γὰρ
2430 5180 2521 5252 cf
2572 5181 2831 5249 οὐρανοῦ
2878 5183 3300 5252 κατασκῆψαν.
3358 5187 3537 5240 Amm.

1965 5251 2338 5324 Marcellinus,
2368 5250 2525 5306 initio
2554 5252 2674 5305 libri
2723 5250 3210 5324 xxttt,_postquam
3267 5254 3539 5324 ingentem

1963 5320 2167 5375 Iuliani
2192 5327 2474 5385 conatum,
2507 5328 2566 5375 ut
2594 5323 2857 5390 templum
2890 5320 3160 5380 Hierosol.
3189 5320 3505 5379 reficeretur
3525 5365 3541 5387 ,

1967 5393 2230 5463 narravit,
2267 5391 2382 5463 haec
2406 5392 2568 5445 habet
2597 5408 2610 5444 :
2647 5389 2781 5446 cum
2831 5392 3006 5460 itaque
3036 5396 3109 5448 rei
3140 5395 3348 5463 fortiter
3377 5396 3546 5448 insta-

1967 5471 2042 5514 ret
2076 5461 2315 5527 Alypius,
2347 5460 2659 5529 juvaretque
2709 5464 2989 5529 provincia:
3044 5460 3232 5531 rector,
3282 5465 3543 5518 metuendi

1966 5531 2105 5599 globi
2125 5533 2465 5598 ﬂammarum
2484 5547 2643 5599 prope
2669 5532 3013 5599 fundamenta
3038 5535 3229 5589 crebris
3253 5535 3543 5588 assultibus

1965 5611 2314 5673 erumpentes,
2354 5603 2517 5670 fecere
2568 5603 2740 5656 locum
2788 5606 2987 5657 exustis
3021 5606 3297 5673 aliquoties
3325 5621 3544 5672 operan-

1966 5671 2105 5724 tibus
2132 5673 2455 5726 inaccessum
2484 5689 2499 5726 :
2534 5674 2727 5741 hocque
2770 5674 2924 5725 modo
2946 5671 3196 5728 elemento
3221 5671 3539 5728 destinatius

1968 5742 2262 5807 repellente,
2298 5746 2517 5797 cessavit
2566 5745 2846 5805 inceptum.
2892 5746 3017 5799 “tuo
3059 5745 3406 5798 reaetlilicatio
3438 5744 3542 5799 De-

1968 5812 2278 5937 Sggilﬂlitgll
2304 5812 2503 5867 Jnliani
2532 5814 2770 5883 signum,
2803 5814 2979 5880 inquit
3012 5813 3135 5867 Ant.
3163 5811 3286 5883 Pagi
3314 5814 3379 5867 ad
3411 5829 3541 5870 ann.

1968 5900 1999 5937 ο
2038 5904 2089 5937 ι).
2129 5898 2182 5934 η.
2216 5936 2221 5937 ,
2253 5925 2263 5933 .

1964 5898 2089 5946 ouo,
2129 5898 2182 5934 η.
2210 5898 2263 5945 ξι.
