  <div class='ocr_page' id='page_1' title='image "/cluster/home/n/w/nwhite01/storage/ocr_20150623/67/mdp.39015018620115/221.png"; bbox 0 0 4016 6350; ppageno 0'>
   <div class='ocr_carea' id='block_1_1' title="bbox 481 383 583 439">
    <p class='ocr_par' dir='ltr' id='par_1_1' title="bbox 481 383 583 439">
     <span class='ocr_line' id='line_1_1' title="bbox 481 383 583 439; baseline -0.01 0"><span class='ocrx_word' id='word_1_1' title='bbox 481 383 583 439; x_wconf 70' lang='grc'><strong>451</strong></span> 
     </span>
    </p>
   </div>
   <div class='ocr_carea' id='block_1_2' title="bbox 1902 376 2245 435">
    <p class='ocr_par' dir='ltr' id='par_1_2' title="bbox 1902 376 2245 435">
     <span class='ocr_line' id='line_1_2' title="bbox 1902 376 2245 435; baseline -0.003 -3"><span class='ocrx_word' id='word_1_2' title='bbox 1902 376 2245 435; x_wconf 68' lang='lat' dir='ltr'><strong>SOCRA&#39;I‘IS</strong></span> 
     </span>
    </p>
   </div>
   <div class='ocr_carea' id='block_1_3' title="bbox 3641 372 3743 430">
    <p class='ocr_par' dir='ltr' id='par_1_3' title="bbox 3641 372 3743 430">
     <span class='ocr_line' id='line_1_3' title="bbox 3641 372 3743 430; baseline -0.049 1"><span class='ocrx_word' id='word_1_3' title='bbox 3641 372 3743 430; x_wconf 63' lang='lat'><strong>43?.</strong></span> 
     </span>
    </p>
   </div>
   <div class='ocr_carea' id='block_1_4' title="bbox 481 485 2068 572">
    <p class='ocr_par' dir='ltr' id='par_1_4' title="bbox 481 493 2057 572">
     <span class='ocr_line' id='line_1_4' title="bbox 481 493 2057 572; baseline -0.007 -18"><span class='ocrx_word' id='word_1_4' title='bbox 481 501 722 572; x_wconf 85' lang='lat' dir='ltr'><strong>pristino</strong></span> <span class='ocrx_word' id='word_1_5' title='bbox 755 514 939 554; x_wconf 89' lang='lat' dir='ltr'><strong>errore</strong></span> <span class='ocrx_word' id='word_1_6' title='bbox 980 502 1420 569; x_wconf 80' lang='lat' dir='ltr'><strong>perseverarunt.</strong></span> <span class='ocrx_word' id='word_1_7' title='bbox 1457 493 1590 547; x_wconf 87' lang='lat' dir='ltr'><strong>Nam</strong></span> <span class='ocrx_word' id='word_1_8' title='bbox 1627 508 1804 563; x_wconf 89' lang='lat' dir='ltr'><strong>neque</strong></span> <span class='ocrx_word' id='word_1_9' title='bbox 1836 493 2057 546; x_wconf 87' lang='lat' dir='ltr'><strong>tertium</strong></span> 
     </span>
    </p>
   </div>
   <div class='ocr_carea' id='block_1_5' title="bbox 2175 485 3748 572">
    <p class='ocr_par' dir='ltr' id='par_1_5' title="bbox 2175 485 3748 563">
     <span class='ocr_line' id='line_1_5' title="bbox 2175 485 3748 563; baseline -0.004 -20"><span class='ocrx_word' id='word_1_10' title='bbox 2175 490 2268 562; x_wconf 77' lang='grc' dir='ltr'>τῆς</span> <span class='ocrx_word' id='word_1_11' title='bbox 2292 488 2553 563; x_wconf 63' lang='grc' dir='ltr'>ἀληθείας</span> <span class='ocrx_word' id='word_1_12' title='bbox 2576 485 2711 561; x_wconf 80' lang='grc' dir='ltr'>ἦγεν</span> <span class='ocrx_word' id='word_1_13' title='bbox 2745 490 2939 554; x_wconf 81' lang='grc' dir='ltr'>αὐτούς</span> <span class='ocrx_word' id='word_1_14' title='bbox 2963 506 2976 521; x_wconf 90' lang='grc'><strong>·</strong></span> <span class='ocrx_word' id='word_1_15' title='bbox 3002 490 3093 542; x_wconf 74' lang='grc' dir='ltr'><strong>καὶ</strong></span> <span class='ocrx_word' id='word_1_16' title='bbox 3120 487 3229 560; x_wconf 78' lang='grc' dir='ltr'>γὰρ</span> <span class='ocrx_word' id='word_1_17' title='bbox 3268 489 3331 561; x_wconf 77' lang='grc' dir='ltr'>τῇ</span> <span class='ocrx_word' id='word_1_18' title='bbox 3364 485 3632 558; x_wconf 64' lang='grc' dir='ltr'>ἐρχομένῃ</span> <span class='ocrx_word' id='word_1_19' title='bbox 3662 506 3748 538; x_wconf 78' lang='grc' dir='ltr'>νυ-</span> 
     </span>
    </p>
   </div>
   <div class='ocr_carea' id='block_1_6' title="bbox 485 582 2059 661">
    <p class='ocr_par' dir='ltr' id='par_1_6' title="bbox 485 582 2059 661">
     <span class='ocr_line' id='line_1_6' title="bbox 485 582 2059 661; baseline -0.006 -15"><span class='ocrx_word' id='word_1_20' title='bbox 485 592 809 647; x_wconf 84' lang='lat' dir='ltr'><strong>miraculum</strong></span> <span class='ocrx_word' id='word_1_21' title='bbox 845 592 990 661; x_wconf 81' lang='lat' dir='ltr'><strong>quod</strong></span> <span class='ocrx_word' id='word_1_22' title='bbox 1033 598 1218 659; x_wconf 75' lang='lat' dir='ltr'><strong>postea</strong></span> <span class='ocrx_word' id='word_1_23' title='bbox 1242 588 1446 642; x_wconf 82' lang='lat' dir='ltr'><strong>factum</strong></span> <span class='ocrx_word' id='word_1_24' title='bbox 1475 594 1579 647; x_wconf 86' lang='lat' dir='ltr'><strong>est,</strong></span> <span class='ocrx_word' id='word_1_25' title='bbox 1618 586 1683 640; x_wconf 89' lang='lat' dir='ltr'><strong>ad</strong></span> <span class='ocrx_word' id='word_1_26' title='bbox 1725 583 1972 639; x_wconf 86' lang='lat' dir='ltr'><strong>veritatis</strong></span> <span class='ocrx_word' id='word_1_27' title='bbox 1999 582 2059 636; x_wconf 82' lang='lat' dir='ltr'><strong>ti-</strong></span> 
     </span>
    </p>
   </div>
   <div class='ocr_carea' id='block_1_7' title="bbox 483 678 2061 749">
    <p class='ocr_par' dir='ltr' id='par_1_7' title="bbox 483 678 2061 749">
     <span class='ocr_line' id='line_1_7' title="bbox 483 678 2061 749; baseline -0.004 -13"><span class='ocrx_word' id='word_1_28' title='bbox 483 683 605 736; x_wconf 88' lang='lat' dir='ltr'><strong>dem</strong></span> <span class='ocrx_word' id='word_1_29' title='bbox 655 697 751 736; x_wconf 91' lang='lat' dir='ltr'><strong>eos</strong></span> <span class='ocrx_word' id='word_1_30' title='bbox 807 680 1069 735; x_wconf 74' lang='lat' dir='ltr'><strong>traduxit.</strong></span> <span class='ocrx_word' id='word_1_31' title='bbox 1129 680 1341 749; x_wconf 80' lang='lat' dir='ltr'><strong>Quippe</strong></span> <span class='ocrx_word' id='word_1_32' title='bbox 1389 678 1641 749; x_wconf 84' lang='lat' dir='ltr'><strong>sequenti</strong></span> <span class='ocrx_word' id='word_1_33' title='bbox 1696 684 1858 731; x_wconf 85' lang='lat' dir='ltr'><strong>nocte</strong></span> <span class='ocrx_word' id='word_1_34' title='bbox 1904 678 2061 745; x_wconf 90' lang='lat' dir='ltr'><strong>signa</strong></span> 
     </span>
    </p>
   </div>
   <div class='ocr_carea' id='block_1_8' title="bbox 482 769 2063 837">
    <p class='ocr_par' dir='ltr' id='par_1_8' title="bbox 482 769 2063 837">
     <span class='ocr_line' id='line_1_8' title="bbox 482 769 2063 837; baseline -0.007 -8"><span class='ocrx_word' id='word_1_35' title='bbox 482 772 665 829; x_wconf 86' lang='lat' dir='ltr'><strong>crucis</strong></span> <span class='ocrx_word' id='word_1_36' title='bbox 696 773 970 827; x_wconf 89' lang='lat' dir='ltr'><strong>radiantia</strong></span> <span class='ocrx_word' id='word_1_37' title='bbox 1023 773 1078 826; x_wconf 90' lang='lat' dir='ltr'><strong>in</strong></span> <span class='ocrx_word' id='word_1_38' title='bbox 1122 772 1336 824; x_wconf 89' lang='lat' dir='ltr'><strong>illorum</strong></span> <span class='ocrx_word' id='word_1_39' title='bbox 1372 769 1621 824; x_wconf 89' lang='lat' dir='ltr'><strong>vestibus</strong></span> <span class='ocrx_word' id='word_1_40' title='bbox 1664 770 1930 837; x_wconf 88' lang='lat' dir='ltr'><strong>impressa</strong></span> <span class='ocrx_word' id='word_1_41' title='bbox 1965 781 2063 837; x_wconf 65' lang='lat' dir='ltr'><strong>ap»</strong></span> 
     </span>
    </p>
   </div>
   <div class='ocr_carea' id='block_1_9' title="bbox 481 857 2063 935">
    <p class='ocr_par' dir='ltr' id='par_1_9' title="bbox 481 857 2063 935">
     <span class='ocr_line' id='line_1_9' title="bbox 481 857 2063 935; baseline -0.001 -23"><span class='ocrx_word' id='word_1_42' title='bbox 481 868 808 930; x_wconf 88' lang='lat' dir='ltr'><strong>paruerunt.</strong></span> <span class='ocrx_word' id='word_1_43' title='bbox 845 858 977 926; x_wconf 68' lang='lat' dir='ltr'><strong>Quae</strong></span> <span class='ocrx_word' id='word_1_44' title='bbox 1003 868 1125 913; x_wconf 92' lang='lat' dir='ltr'><strong>orto</strong></span> <span class='ocrx_word' id='word_1_45' title='bbox 1157 874 1278 912; x_wconf 72' lang='lat' dir='ltr'><strong>mm</strong></span> <span class='ocrx_word' id='word_1_46' title='bbox 1312 858 1399 913; x_wconf 89' lang='lat' dir='ltr'><strong>die</strong></span> <span class='ocrx_word' id='word_1_47' title='bbox 1423 858 1753 927; x_wconf 91' lang='lat' dir='ltr'><strong>conspicati,</strong></span> <span class='ocrx_word' id='word_1_48' title='bbox 1781 873 1904 935; x_wconf 79' lang='lat' dir='ltr'><strong>cum</strong></span> <span class='ocrx_word' id='word_1_49' title='bbox 1934 857 2063 911; x_wconf 86' lang='lat' dir='ltr'><strong>abs-</strong></span> 
     </span>
    </p>
   </div>
   <div class='ocr_carea' id='block_1_10' title="bbox 485 936 2066 1022">
    <p class='ocr_par' dir='ltr' id='par_1_10' title="bbox 485 936 2066 1022">
     <span class='ocr_line' id='line_1_10' title="bbox 485 936 2066 1022; baseline 0 -17"><span class='ocrx_word' id='word_1_50' title='bbox 485 958 702 1022; x_wconf 87' lang='lat' dir='ltr'><strong>tergere</strong></span> <span class='ocrx_word' id='word_1_51' title='bbox 750 936 824 1006; x_wconf 47' lang='lat' dir='ltr'><strong>et-</strong></span> <span class='ocrx_word' id='word_1_52' title='bbox 865 953 1051 1007; x_wconf 88' lang='lat' dir='ltr'><strong>eluere</strong></span> <span class='ocrx_word' id='word_1_53' title='bbox 1089 958 1446 1016; x_wconf 89' lang='lat' dir='ltr'><strong>conarentur,</strong></span> <span class='ocrx_word' id='word_1_54' title='bbox 1484 950 1636 1005; x_wconf 88' lang='lat' dir='ltr'><strong>nullo</strong></span> <span class='ocrx_word' id='word_1_55' title='bbox 1667 949 1827 1005; x_wconf 91' lang='lat' dir='ltr'><strong>modo</strong></span> <span class='ocrx_word' id='word_1_56' title='bbox 1872 957 2066 1019; x_wconf 86' lang='lat' dir='ltr'><strong>potue-</strong></span> 
     </span>
    </p>
   </div>
   <div class='ocr_carea' id='block_1_11' title="bbox 482 1040 2066 1113">
    <p class='ocr_par' dir='ltr' id='par_1_11' title="bbox 482 1040 2066 1113">
     <span class='ocr_line' id='line_1_11' title="bbox 482 1040 2066 1113; baseline -0.003 -15"><span class='ocrx_word' id='word_1_57' title='bbox 482 1053 633 1098; x_wconf 86' lang='lat' dir='ltr'><strong>runt.</strong></span> <span class='ocrx_word' id='word_1_58' title='bbox 662 1042 936 1098; x_wconf 78' lang='lat' dir='ltr'><strong>Oheaecati</strong></span> <span class='ocrx_word' id='word_1_59' title='bbox 967 1053 1097 1099; x_wconf 89' lang='lat' dir='ltr'><strong>sunt</strong></span> <span class='ocrx_word' id='word_1_60' title='bbox 1124 1043 1312 1113; x_wconf 84' lang='lat' dir='ltr'><strong>igitur,</strong></span> <span class='ocrx_word' id='word_1_61' title='bbox 1347 1048 1403 1095; x_wconf 92' lang='lat' dir='ltr'><strong>ut</strong></span> <span class='ocrx_word' id='word_1_62' title='bbox 1434 1043 1509 1095; x_wconf 91' lang='lat' dir='ltr'><strong>ait</strong></span> <span class='ocrx_word' id='word_1_63' title='bbox 1543 1040 1862 1111; x_wconf 87' lang='lat' dir='ltr'><strong>Apostolus,</strong></span> <span class='ocrx_word' id='word_1_64' title='bbox 1892 1049 1947 1095; x_wconf 90' lang='lat' dir='ltr'><strong>et</strong></span> <span class='ocrx_word' id='word_1_65' title='bbox 1969 1041 2066 1095; x_wconf 85' lang='lat' dir='ltr'><strong>bo-</strong></span> 
     </span>
    </p>
   </div>
   <div class='ocr_carea' id='block_1_12' title="bbox 481 1130 2064 1205">
    <p class='ocr_par' dir='ltr' id='par_1_12' title="bbox 481 1130 2064 1205">
     <span class='ocr_line' id='line_1_12' title="bbox 481 1130 2064 1205; baseline -0.003 -15"><span class='ocrx_word' id='word_1_66' title='bbox 481 1150 614 1190; x_wconf 90' lang='lat' dir='ltr'><strong>num</strong></span> <span class='ocrx_word' id='word_1_67' title='bbox 645 1134 790 1205; x_wconf 90' lang='lat' dir='ltr'><strong>quod</strong></span> <span class='ocrx_word' id='word_1_68' title='bbox 829 1134 1104 1190; x_wconf 82' lang='lat' dir='ltr'><strong>habebant</strong></span> <span class='ocrx_word' id='word_1_69' title='bbox 1150 1137 1203 1189; x_wconf 87' lang='lat' dir='ltr'><strong>in</strong></span> <span class='ocrx_word' id='word_1_70' title='bbox 1254 1132 1534 1196; x_wconf 89' lang='lat' dir='ltr'><strong>manibus,</strong></span> <span class='ocrx_word' id='word_1_71' title='bbox 1567 1130 1947 1203; x_wconf 73' lang='lat' dir='ltr'><strong>proiecerunt.</strong></span> <span class='ocrx_word' id='word_1_72' title='bbox 1984 1131 2064 1186; x_wconf 84' lang='lat' dir='ltr'><strong>Ad</strong></span> 
     </span>
    </p>
   </div>
   <div class='ocr_carea' id='block_1_13' title="bbox 483 1225 2064 1298">
    <p class='ocr_par' dir='ltr' id='par_1_13' title="bbox 483 1225 2064 1298">
     <span class='ocr_line' id='line_1_13' title="bbox 483 1225 2064 1298; baseline -0.003 -16"><span class='ocrx_word' id='word_1_73' title='bbox 483 1227 632 1282; x_wconf 90' lang='lat' dir='ltr'><strong>hunc</strong></span> <span class='ocrx_word' id='word_1_74' title='bbox 662 1227 882 1283; x_wconf 88' lang='lat' dir='ltr'><strong>modum</strong></span> <span class='ocrx_word' id='word_1_75' title='bbox 913 1228 1174 1298; x_wconf 84' lang='lat' dir='ltr'><strong>templum</strong></span> <span class='ocrx_word' id='word_1_76' title='bbox 1207 1227 1353 1298; x_wconf 89' lang='lat' dir='ltr'><strong>quod</strong></span> <span class='ocrx_word' id='word_1_77' title='bbox 1389 1226 1620 1282; x_wconf 86' lang='lat' dir='ltr'><strong>reﬁcere</strong></span> <span class='ocrx_word' id='word_1_78' title='bbox 1672 1225 2064 1292; x_wconf 86' lang='lat' dir='ltr'><strong>moliebantur,</strong></span> 
     </span>
    </p>
   </div>
   <div class='ocr_carea' id='block_1_14' title="bbox 484 1318 1379 1375">
    <p class='ocr_par' dir='ltr' id='par_1_14' title="bbox 484 1318 1379 1375">
     <span class='ocr_line' id='line_1_14' title="bbox 484 1318 1379 1375; baseline -0.002 -3"><span class='ocrx_word' id='word_1_79' title='bbox 484 1329 676 1374; x_wconf 74' lang='lat' dir='ltr'><strong>cotitra</strong></span> <span class='ocrx_word' id='word_1_80' title='bbox 707 1318 960 1374; x_wconf 81' lang='lat' dir='ltr'><strong>funditus</strong></span> <span class='ocrx_word' id='word_1_81' title='bbox 992 1334 1247 1375; x_wconf 89' lang='lat' dir='ltr'><strong>eversum</strong></span> <span class='ocrx_word' id='word_1_82' title='bbox 1274 1326 1379 1373; x_wconf 88' lang='lat' dir='ltr'><strong>est.</strong></span> 
     </span>
    </p>
   </div>
   <div class='ocr_carea' id='block_1_15' title="bbox 1125 1451 1461 1508">
    <p class='ocr_par' dir='ltr' id='par_1_15' title="bbox 1125 1451 1461 1508">
     <span class='ocr_line' id='line_1_15' title="bbox 1125 1451 1461 1508; baseline 0.003 -1"><span class='ocrx_word' id='word_1_83' title='bbox 1125 1451 1280 1507; x_wconf 81' lang='lat' dir='ltr'><strong>CAP.</strong></span> <span class='ocrx_word' id='word_1_84' title='bbox 1315 1451 1461 1508; x_wconf 78' lang='lat' dir='ltr'><strong>XXI.</strong></span> 
     </span>
    </p>
   </div>
   <div class='ocr_carea' id='block_1_16' title="bbox 487 1564 2065 1689">
    <p class='ocr_par' dir='ltr' id='par_1_16' title="bbox 487 1564 2065 1689">
     <span class='ocr_line' id='line_1_16' title="bbox 487 1564 2065 1689; baseline 0.001 -68"><span class='ocrx_word' id='word_1_85' title='bbox 487 1567 562 1622; x_wconf 85' lang='lat' dir='ltr'><strong>De</strong></span> <span class='ocrx_word' id='word_1_86' title='bbox 612 1567 949 1635; x_wconf 76' lang='lat' dir='ltr'><strong>imperatoris</strong></span> <span class='ocrx_word' id='word_1_87' title='bbox 980 1568 1033 1621; x_wconf 85' lang='lat' dir='ltr'><strong>in</strong></span> <span class='ocrx_word' id='word_1_88' title='bbox 1072 1564 1344 1689; x_wconf 55' lang='lat' dir='ltr'><strong>Persidqim</strong></span> <span class='ocrx_word' id='word_1_89' title='bbox 1380 1568 1709 1638; x_wconf 84' lang='lat' dir='ltr'><strong>irruptione,</strong></span> <span class='ocrx_word' id='word_1_90' title='bbox 1759 1569 1923 1639; x_wconf 84' lang='lat' dir='ltr'><strong>deque</strong></span> <span class='ocrx_word' id='word_1_91' title='bbox 1950 1568 2065 1638; x_wconf 88' lang='lat' dir='ltr'><strong>ejus</strong></span> 
     </span>
     <span class='ocr_line' id='line_1_17' title="bbox 1197 1654 1359 1689; baseline 0 0"><span class='ocrx_word' id='word_1_92' title='bbox 1197 1654 1272 1689; x_wconf 74' lang='lat' dir='ltr'><strong>ca:</strong></span> <span class='ocrx_word' id='word_1_93' title='bbox 1313 1655 1359 1689; x_wconf 87' lang='lat' dir='ltr'><strong>e.</strong></span> 
     </span>
    </p>
   </div>
   <div class='ocr_carea' id='block_1_17' title="bbox 1197 1654 1359 1693">
    <p class='ocr_par' dir='ltr' id='par_1_17' title="bbox 1197 1654 1359 1693">
     <span class='ocr_line' id='line_1_18' title="bbox 1197 1654 1359 1693; baseline -0.019 0"><span class='ocrx_word' id='word_1_94' title='bbox 1197 1654 1359 1693; x_wconf 79' lang='lat' dir='ltr'><strong>cwae.</strong></span> 
     </span>
    </p>
   </div>
   <div class='ocr_carea' id='block_1_18' title="bbox 560 1745 2060 1819">
    <p class='ocr_par' dir='ltr' id='par_1_18' title="bbox 560 1745 2060 1819">
     <span class='ocr_line' id='line_1_19' title="bbox 560 1745 2060 1819; baseline 0.004 -22"><span class='ocrx_word' id='word_1_95' title='bbox 560 1747 731 1798; x_wconf 83' lang='lat' dir='ltr'><strong>Porro</strong></span> <span class='ocrx_word' id='word_1_96' title='bbox 770 1745 1067 1815; x_wconf 85' lang='lat' dir='ltr'><strong>imperator</strong></span> <span class='ocrx_word' id='word_1_97' title='bbox 1101 1746 1264 1815; x_wconf 88' lang='lat' dir='ltr'><strong>paulo</strong></span> <span class='ocrx_word' id='word_1_98' title='bbox 1296 1757 1424 1803; x_wconf 83' lang='lat' dir='ltr'><strong>ante</strong></span> <span class='ocrx_word' id='word_1_99' title='bbox 1468 1763 1694 1803; x_wconf 88' lang='lat' dir='ltr'><strong>vernum</strong></span> <span class='ocrx_word' id='word_1_100' title='bbox 1733 1756 1947 1819; x_wconf 86' lang='lat' dir='ltr'><strong>tempus</strong></span> <span class='ocrx_word' id='word_1_101' title='bbox 2004 1750 2060 1804; x_wconf 93' lang='lat' dir='ltr'><strong>in</strong></span> 
     </span>
    </p>
   </div>
   <div class='ocr_carea' id='block_1_19' title="bbox 2166 572 3747 654">
    <p class='ocr_par' dir='ltr' id='par_1_19' title="bbox 2166 572 3747 654">
     <span class='ocr_line' id='line_1_20' title="bbox 2166 572 3747 654; baseline -0.004 -20"><span class='ocrx_word' id='word_1_102' title='bbox 2166 583 2276 648; x_wconf 77' lang='grc' dir='ltr'>κτὶ,</span> <span class='ocrx_word' id='word_1_103' title='bbox 2328 580 2621 653; x_wconf 79' lang='grc' dir='ltr'><strong>σφραγῖδες</strong></span> <span class='ocrx_word' id='word_1_104' title='bbox 2654 581 2890 654; x_wconf 77' lang='grc' dir='ltr'>σταυροῦ</span> <span class='ocrx_word' id='word_1_105' title='bbox 2947 572 3294 643; x_wconf 76' lang='grc' dir='ltr'>ἀκτινοειδεῖς</span> <span class='ocrx_word' id='word_1_106' title='bbox 3315 618 3330 644; x_wconf 93' lang='grc'><strong>,</strong></span> <span class='ocrx_word' id='word_1_107' title='bbox 3362 580 3474 641; x_wconf 84' lang='grc' dir='ltr'>τοῖς</span> <span class='ocrx_word' id='word_1_108' title='bbox 3510 577 3747 648; x_wconf 79' lang='grc' dir='ltr'><strong>ἱματίοις</strong></span> 
     </span>
    </p>
   </div>
   <div class='ocr_carea' id='block_1_20' title="bbox 2165 669 3740 744">
    <p class='ocr_par' dir='ltr' id='par_1_20' title="bbox 2165 669 3740 744">
     <span class='ocr_line' id='line_1_21' title="bbox 2165 669 3740 744; baseline -0.003 -17"><span class='ocrx_word' id='word_1_109' title='bbox 2165 672 2342 727; x_wconf 85' lang='grc' dir='ltr'>αὐτῶν</span> <span class='ocrx_word' id='word_1_110' title='bbox 2382 674 2823 744; x_wconf 83' lang='grc' dir='ltr'>ὲντετυπωμὲναι</span> <span class='ocrx_word' id='word_1_111' title='bbox 2864 674 3143 744; x_wconf 78' lang='grc' dir='ltr'><strong>ἐφάνησαν</strong></span> <span class='ocrx_word' id='word_1_112' title='bbox 3170 672 3217 723; x_wconf 69' lang='grc' dir='ltr'><strong>ιι.</strong></span> <span class='ocrx_word' id='word_1_113' title='bbox 3257 673 3354 735; x_wconf 70' lang='lat' dir='ltr'><strong>“Ag</strong></span> <span class='ocrx_word' id='word_1_114' title='bbox 3382 669 3595 742; x_wconf 80' lang='grc' dir='ltr'>ἡμέρας</span> <span class='ocrx_word' id='word_1_115' title='bbox 3625 671 3740 722; x_wconf 63' lang='lat' dir='ltr'><strong>tm-</strong></span> 
     </span>
    </p>
   </div>
   <div class='ocr_carea' id='block_1_21' title="bbox 2163 762 3747 837">
    <p class='ocr_par' dir='ltr' id='par_1_21' title="bbox 2163 762 3747 837">
     <span class='ocr_line' id='line_1_22' title="bbox 2163 762 3747 837; baseline -0.002 -19"><span class='ocrx_word' id='word_1_116' title='bbox 2163 766 2463 837; x_wconf 82' lang='grc' dir='ltr'><strong>γενομένης</strong></span> <span class='ocrx_word' id='word_1_117' title='bbox 2514 766 2734 832; x_wconf 84' lang='grc' dir='ltr'>ίδόντες,</span> <span class='ocrx_word' id='word_1_118' title='bbox 2770 765 3099 820; x_wconf 81' lang='grc' dir='ltr'>ἀποπλύνειν</span> <span class='ocrx_word' id='word_1_119' title='bbox 3141 766 3236 819; x_wconf 76' lang='grc' dir='ltr'><strong>καὶ</strong></span> <span class='ocrx_word' id='word_1_120' title='bbox 3290 764 3628 835; x_wconf 82' lang='grc' dir='ltr'>ἀποσμήχειν</span> <span class='ocrx_word' id='word_1_121' title='bbox 3658 762 3747 816; x_wconf 79' lang='grc' dir='ltr'><strong>θέ-</strong></span> 
     </span>
    </p>
   </div>
   <div class='ocr_carea' id='block_1_22' title="bbox 2163 852 3751 930">
    <p class='ocr_par' dir='ltr' id='par_1_22' title="bbox 2163 852 3751 930">
     <span class='ocr_line' id='line_1_23' title="bbox 2163 852 3751 930; baseline -0.002 -19"><span class='ocrx_word' id='word_1_122' title='bbox 2163 857 2365 924; x_wconf 89' lang='grc' dir='ltr'>λοντες,</span> <span class='ocrx_word' id='word_1_123' title='bbox 2397 858 2571 912; x_wconf 78' lang='grc' dir='ltr'>οὐδενὶ</span> <span class='ocrx_word' id='word_1_124' title='bbox 2599 858 2785 930; x_wconf 85' lang='grc' dir='ltr'>τρόπῳ</span> <span class='ocrx_word' id='word_1_125' title='bbox 2823 857 3101 927; x_wconf 75' lang='grc' dir='ltr'>ἠδύναντο.</span> <span class='ocrx_word' id='word_1_126' title='bbox 3122 856 3463 928; x_wconf 83' lang='grc' dir='ltr'>Πεπώρωντο</span> <span class='ocrx_word' id='word_1_127' title='bbox 3491 852 3585 909; x_wconf 85' lang='grc' dir='ltr'><strong>οὖν</strong></span> <span class='ocrx_word' id='word_1_128' title='bbox 3609 854 3751 908; x_wconf 75' lang='grc' dir='ltr'>κατὰ</span> 
     </span>
    </p>
   </div>
   <div class='ocr_carea' id='block_1_23' title="bbox 2163 947 3752 1021">
    <p class='ocr_par' dir='ltr' id='par_1_23' title="bbox 2163 947 3752 1021">
     <span class='ocr_line' id='line_1_24' title="bbox 2163 947 3752 1021; baseline -0.004 -17"><span class='ocrx_word' id='word_1_129' title='bbox 2163 950 2257 1004; x_wconf 80' lang='grc' dir='ltr'><strong>τὸν</strong></span> <span class='ocrx_word' id='word_1_130' title='bbox 2291 949 2637 1016; x_wconf 70' lang='grc' dir='ltr'>Ἀπόστειλον,</span> <span class='ocrx_word' id='word_1_131' title='bbox 2661 949 2837 1003; x_wconf 77' lang='grc' dir='ltr'>καὶτὸ</span> <span class='ocrx_word' id='word_1_132' title='bbox 2858 949 3058 1018; x_wconf 80' lang='grc' dir='ltr'>ἀγαθὸν</span> <span class='ocrx_word' id='word_1_133' title='bbox 3096 951 3154 1003; x_wconf 78' lang='grc' dir='ltr'>ἐν</span> <span class='ocrx_word' id='word_1_134' title='bbox 3186 949 3374 1021; x_wconf 73' lang='grc' dir='ltr'>χερσὶν</span> <span class='ocrx_word' id='word_1_135' title='bbox 3409 948 3624 1019; x_wconf 72' lang='grc' dir='ltr'>ἔχοντες</span> <span class='ocrx_word' id='word_1_136' title='bbox 3664 947 3752 1019; x_wconf 79' lang='grc' dir='ltr'><strong>ἔρ-</strong></span> 
     </span>
    </p>
   </div>
   <div class='ocr_carea' id='block_1_24' title="bbox 2169 1038 3750 1114">
    <p class='ocr_par' dir='ltr' id='par_1_24' title="bbox 2169 1038 3750 1114">
     <span class='ocr_line' id='line_1_25' title="bbox 2169 1038 3750 1114; baseline -0.001 -20"><span class='ocrx_word' id='word_1_137' title='bbox 2169 1043 2379 1097; x_wconf 87' lang='grc' dir='ltr'>όιπτον.</span> <span class='ocrx_word' id='word_1_138' title='bbox 2411 1040 2569 1096; x_wconf 80' lang='grc' dir='ltr'><strong>Οὕτω</strong></span> <span class='ocrx_word' id='word_1_139' title='bbox 2602 1041 2700 1114; x_wconf 82' lang='grc' dir='ltr'><strong>μὲν</strong></span> <span class='ocrx_word' id='word_1_140' title='bbox 2730 1038 2871 1096; x_wconf 82' lang='grc' dir='ltr'>οὖνὸ</span> <span class='ocrx_word' id='word_1_141' title='bbox 2896 1041 3021 1105; x_wconf 84' lang='grc' dir='ltr'>ναὸς</span> <span class='ocrx_word' id='word_1_142' title='bbox 3069 1041 3191 1095; x_wconf 86' lang='grc' dir='ltr'>τότε</span> <span class='ocrx_word' id='word_1_143' title='bbox 3248 1041 3369 1097; x_wconf 76' lang='grc' dir='ltr'>ἀντὶ</span> <span class='ocrx_word' id='word_1_144' title='bbox 3408 1040 3504 1095; x_wconf 82' lang='grc' dir='ltr'>τοῦ</span> <span class='ocrx_word' id='word_1_145' title='bbox 3544 1039 3750 1094; x_wconf 79' lang='grc' dir='ltr'>οἰκοδο-</span> 
     </span>
    </p>
   </div>
   <div class='ocr_carea' id='block_1_25' title="bbox 2169 1130 3196 1206">
    <p class='ocr_par' dir='ltr' id='par_1_25' title="bbox 2169 1130 3196 1206">
     <span class='ocr_line' id='line_1_26' title="bbox 2169 1130 3196 1206; baseline -0.002 -20"><span class='ocrx_word' id='word_1_146' title='bbox 2169 1132 2439 1206; x_wconf 81' lang='grc' dir='ltr'>μηθῆναι,</span> <span class='ocrx_word' id='word_1_147' title='bbox 2473 1134 2554 1198; x_wconf 89' lang='grc' dir='ltr'><strong>είς</strong></span> <span class='ocrx_word' id='word_1_148' title='bbox 2590 1132 2775 1188; x_wconf 84' lang='grc' dir='ltr'>τέλεον</span> <span class='ocrx_word' id='word_1_149' title='bbox 2806 1130 3196 1205; x_wconf 82' lang='grc' dir='ltr'>ἁνατὲτραπτο.</span> 
     </span>
    </p>
   </div>
   <div class='ocr_carea' id='block_1_26' title="bbox 2752 1438 3182 1494">
    <p class='ocr_par' dir='ltr' id='par_1_26' title="bbox 2752 1438 3182 1494">
     <span class='ocr_line' id='line_1_27' title="bbox 2752 1438 3182 1494; baseline -0.005 -3"><span class='ocrx_word' id='word_1_150' title='bbox 2752 1438 3003 1494; x_wconf 74' lang='grc' dir='ltr'><strong>ΚΕΦΑΛ.</strong></span> <span class='ocrx_word' id='word_1_151' title='bbox 3053 1439 3182 1490; x_wconf 80' lang='grc' dir='ltr'><strong>ΚΔ¹⁸</strong></span> 
     </span>
    </p>
   </div>
   <div class='ocr_carea' id='block_1_27' title="bbox 2167 1550 3752 1624">
    <p class='ocr_par' dir='ltr' id='par_1_27' title="bbox 2167 1550 3752 1624">
     <span class='ocr_line' id='line_1_28' title="bbox 2167 1550 3752 1624; baseline -0.003 -16"><span class='ocrx_word' id='word_1_152' title='bbox 2167 1554 2309 1623; x_wconf 79' lang='grc' dir='ltr'>Περὶ</span> <span class='ocrx_word' id='word_1_153' title='bbox 2338 1552 2449 1624; x_wconf 82' lang='grc' dir='ltr'>τῆς</span> <span class='ocrx_word' id='word_1_154' title='bbox 2476 1554 2562 1619; x_wconf 74' lang='grc' dir='ltr'>εἰς</span> <span class='ocrx_word' id='word_1_155' title='bbox 2586 1552 2853 1624; x_wconf 66' lang='grc' dir='ltr'>Περσίδα</span> <span class='ocrx_word' id='word_1_156' title='bbox 2879 1551 2984 1605; x_wconf 84' lang='grc' dir='ltr'>τοῦ</span> <span class='ocrx_word' id='word_1_157' title='bbox 3008 1550 3310 1617; x_wconf 73' lang='grc' dir='ltr'>,ϐασιλέως</span> <span class='ocrx_word' id='word_1_158' title='bbox 3347 1551 3628 1624; x_wconf 63' lang='grc' dir='ltr'>ᾀφίξεως,</span> <span class='ocrx_word' id='word_1_159' title='bbox 3656 1550 3752 1604; x_wconf 76' lang='grc' dir='ltr'>καὶ</span> 
     </span>
    </p>
   </div>
   <div class='ocr_carea' id='block_1_28' title="bbox 2511 1621 3410 1692">
    <p class='ocr_par' dir='ltr' id='par_1_28' title="bbox 2511 1621 3410 1692">
     <span class='ocr_line' id='line_1_29' title="bbox 2511 1621 3410 1692; baseline -0.002 -16"><span class='ocrx_word' id='word_1_160' title='bbox 2511 1624 2646 1692; x_wconf 79' lang='grc' dir='ltr'>περὶ</span> <span class='ocrx_word' id='word_1_161' title='bbox 2682 1623 2793 1692; x_wconf 77' lang='grc' dir='ltr'>τῆς</span> <span class='ocrx_word' id='word_1_162' title='bbox 2822 1625 3185 1690; x_wconf 76' lang='grc' dir='ltr'>ἀναιρέσεως</span> <span class='ocrx_word' id='word_1_163' title='bbox 3205 1621 3410 1675; x_wconf 79' lang='grc' dir='ltr'>αὑτοῦ.</span> 
     </span>
    </p>
   </div>
   <div class='ocr_carea' id='block_1_29' title="bbox 2252 1733 3755 1807">
    <p class='ocr_par' dir='ltr' id='par_1_29' title="bbox 2252 1733 3755 1807">
     <span class='ocr_line' id='line_1_30' title="bbox 2252 1733 3755 1807; baseline -0.001 -17"><span class='ocrx_word' id='word_1_164' title='bbox 2252 1736 2308 1790; x_wconf 88' lang='lat'><strong>&#39;0</strong></span> <span class='ocrx_word' id='word_1_165' title='bbox 2347 1735 2403 1789; x_wconf 84' lang='grc' dir='ltr'>δὲ</span> <span class='ocrx_word' id='word_1_166' title='bbox 2449 1734 2704 1806; x_wconf 80' lang='grc' dir='ltr'>βασιλεὺς</span> <span class='ocrx_word' id='word_1_167' title='bbox 2750 1737 2831 1800; x_wconf 91' lang='grc' dir='ltr'><strong>είς</strong></span> <span class='ocrx_word' id='word_1_168' title='bbox 2869 1736 2964 1806; x_wconf 80' lang='grc' dir='ltr'>τὴν</span> <span class='ocrx_word' id='word_1_169' title='bbox 3019 1735 3129 1789; x_wconf 83' lang='grc' dir='ltr'>τῶν</span> <span class='ocrx_word' id='word_1_170' title='bbox 3180 1734 3409 1807; x_wconf 74' lang='grc' dir='ltr'>Περσῶν</span> <span class='ocrx_word' id='word_1_171' title='bbox 3443 1733 3461 1774; x_wconf 80' lang='grc' dir='ltr'>ι</span> <span class='ocrx_word' id='word_1_172' title='bbox 3498 1735 3755 1789; x_wconf 77' lang='grc' dir='ltr'>ἐνέϐαλλε</span> 
     </span>
    </p>
   </div>
   <div class='ocr_carea' id='block_1_30' title="bbox 490 1825 2068 1911">
    <p class='ocr_par' dir='ltr' id='par_1_30' title="bbox 490 1838 2067 1911">
     <span class='ocr_line' id='line_1_31' title="bbox 490 1838 2067 1911; baseline 0.005 -20"><span class='ocrx_word' id='word_1_173' title='bbox 490 1838 768 1891; x_wconf 65' lang='lat' dir='ltr'><strong>Persidem</strong></span> <span class='ocrx_word' id='word_1_174' title='bbox 832 1839 1052 1907; x_wconf 88' lang='lat' dir='ltr'><strong>irrupit,</strong></span> <span class='ocrx_word' id='word_1_175' title='bbox 1108 1839 1313 1909; x_wconf 85' lang='lat' dir='ltr'><strong>quippe</strong></span> <span class='ocrx_word' id='word_1_176' title='bbox 1370 1841 1463 1910; x_wconf 91' lang='lat' dir='ltr'><strong>qui</strong></span> <span class='ocrx_word' id='word_1_177' title='bbox 1523 1851 1814 1911; x_wconf 83' lang='lat' dir='ltr'><strong>acceperat</strong></span> <span class='ocrx_word' id='word_1_178' title='bbox 1868 1842 2067 1899; x_wconf 87' lang='lat' dir='ltr'><strong>Persas</strong></span> 
     </span>
    </p>
   </div>
   <div class='ocr_carea' id='block_1_31' title="bbox 2175 1825 3760 1911">
    <p class='ocr_par' dir='ltr' id='par_1_31' title="bbox 2175 1825 3760 1900">
     <span class='ocr_line' id='line_1_32' title="bbox 2175 1825 3760 1900; baseline 0.001 -21"><span class='ocrx_word' id='word_1_179' title='bbox 2175 1828 2367 1899; x_wconf 83' lang='grc' dir='ltr'>μικρὸν</span> <span class='ocrx_word' id='word_1_180' title='bbox 2415 1829 2521 1900; x_wconf 81' lang='grc' dir='ltr'><strong>πρὸ</strong></span> <span class='ocrx_word' id='word_1_181' title='bbox 2566 1828 2661 1880; x_wconf 81' lang='grc' dir='ltr'>τοῦ</span> <span class='ocrx_word' id='word_1_182' title='bbox 2709 1827 2891 1899; x_wconf 78' lang='grc' dir='ltr'>ἔαρος,</span> <span class='ocrx_word' id='word_1_183' title='bbox 2921 1826 3223 1897; x_wconf 84' lang='grc' dir='ltr'>πυθόμενος</span> <span class='ocrx_word' id='word_1_184' title='bbox 3268 1825 3639 1881; x_wconf 80' lang='grc' dir='ltr'><strong>ἀσθενέστατα</strong></span> <span class='ocrx_word' id='word_1_185' title='bbox 3664 1828 3760 1881; x_wconf 75' lang='grc' dir='ltr'>καὶ</span> 
     </span>
    </p>
   </div>
   <div class='ocr_carea' id='block_1_32' title="bbox 489 1928 2068 2002">
    <p class='ocr_par' dir='ltr' id='par_1_32' title="bbox 489 1928 2068 2002">
     <span class='ocr_line' id='line_1_33' title="bbox 489 1928 2068 2002; baseline 0.005 -18"><span class='ocrx_word' id='word_1_186' title='bbox 489 1931 666 1984; x_wconf 88' lang='lat' dir='ltr'><strong>hieme</strong></span> <span class='ocrx_word' id='word_1_187' title='bbox 747 1928 1153 1985; x_wconf 80' lang='lat' dir='ltr'><strong>inﬁrmissimos</strong></span> <span class='ocrx_word' id='word_1_188' title='bbox 1237 1940 1401 2001; x_wconf 87' lang='lat' dir='ltr'><strong>atque</strong></span> <span class='ocrx_word' id='word_1_189' title='bbox 1473 1932 1858 2002; x_wconf 72' lang='lat' dir='ltr'><strong>ignavissimos</strong></span> <span class='ocrx_word' id='word_1_190' title='bbox 1923 1950 2068 1992; x_wconf 85' lang='lat' dir='ltr'><strong>esse.</strong></span> 
     </span>
    </p>
   </div>
   <div class='ocr_carea' id='block_1_33' title="bbox 488 2015 2070 2093">
    <p class='ocr_par' dir='ltr' id='par_1_33' title="bbox 488 2015 2070 2093">
     <span class='ocr_line' id='line_1_34' title="bbox 488 2015 2070 2093; baseline 0.006 -25"><span class='ocrx_word' id='word_1_191' title='bbox 488 2017 624 2069; x_wconf 88' lang='lat' dir='ltr'><strong>Cum</strong></span> <span class='ocrx_word' id='word_1_192' title='bbox 658 2016 802 2071; x_wconf 87' lang='lat' dir='ltr'><strong>enim</strong></span> <span class='ocrx_word' id='word_1_193' title='bbox 838 2015 1061 2088; x_wconf 77' lang='lat' dir='ltr'><strong>frigoris</strong></span> <span class='ocrx_word' id='word_1_194' title='bbox 1087 2017 1432 2086; x_wconf 88' lang='lat' dir='ltr'><strong>impatientes</strong></span> <span class='ocrx_word' id='word_1_195' title='bbox 1472 2022 1604 2087; x_wconf 91' lang='lat' dir='ltr'><strong>sint,</strong></span> <span class='ocrx_word' id='word_1_196' title='bbox 1641 2037 1705 2075; x_wconf 86' lang='lat' dir='ltr'><strong>eo</strong></span> <span class='ocrx_word' id='word_1_197' title='bbox 1734 2029 1980 2093; x_wconf 89' lang='lat' dir='ltr'><strong>tempore</strong></span> <span class='ocrx_word' id='word_1_198' title='bbox 2039 2040 2070 2078; x_wconf 90' lang='lat' dir='ltr'><strong>a</strong></span> 
     </span>
    </p>
   </div>
   <div class='ocr_carea' id='block_1_34' title="bbox 490 2107 2068 2179">
    <p class='ocr_par' dir='ltr' id='par_1_34' title="bbox 490 2107 2068 2179">
     <span class='ocr_line' id='line_1_35' title="bbox 490 2107 2068 2179; baseline 0.004 -18"><span class='ocrx_word' id='word_1_199' title='bbox 490 2109 631 2161; x_wconf 82' lang='lat' dir='ltr'><strong>bello</strong></span> <span class='ocrx_word' id='word_1_200' title='bbox 658 2107 898 2179; x_wconf 88' lang='lat' dir='ltr'><strong>gerendo</strong></span> <span class='ocrx_word' id='word_1_201' title='bbox 954 2109 1253 2165; x_wconf 80' lang='lat' dir='ltr'><strong>abstinent.</strong></span> <span class='ocrx_word' id='word_1_202' title='bbox 1318 2110 1431 2164; x_wconf 85' lang='lat' dir='ltr'><strong>lmo</strong></span> <span class='ocrx_word' id='word_1_203' title='bbox 1462 2111 1650 2168; x_wconf 85' lang='lat' dir='ltr'><strong>Medus</strong></span> <span class='ocrx_word' id='word_1_204' title='bbox 1705 2129 1774 2167; x_wconf 88' lang='lat' dir='ltr'><strong>ne</strong></span> <span class='ocrx_word' id='word_1_205' title='bbox 1848 2130 2068 2168; x_wconf 88' lang='lat' dir='ltr'><strong>manum</strong></span> 
     </span>
    </p>
   </div>
   <div class='ocr_carea' id='block_1_35' title="bbox 487 2201 2071 2273">
    <p class='ocr_par' dir='ltr' id='par_1_35' title="bbox 487 2201 2071 2273">
     <span class='ocr_line' id='line_1_36' title="bbox 487 2201 2071 2273; baseline 0.004 -22"><span class='ocrx_word' id='word_1_206' title='bbox 487 2201 707 2270; x_wconf 79' lang='lat' dir='ltr'><strong>quidem</strong></span> <span class='ocrx_word' id='word_1_207' title='bbox 740 2209 870 2254; x_wconf 88' lang='lat' dir='ltr'><strong>tunc</strong></span> <span class='ocrx_word' id='word_1_208' title='bbox 895 2201 1159 2271; x_wconf 84' lang='lat' dir='ltr'><strong>temporis</strong></span> <span class='ocrx_word' id='word_1_209' title='bbox 1186 2209 1339 2255; x_wconf 82' lang='lat' dir='ltr'><strong>extra</strong></span> <span class='ocrx_word' id='word_1_210' title='bbox 1378 2203 1600 2271; x_wconf 80' lang='lat' dir='ltr'><strong>pallium</strong></span> <span class='ocrx_word' id='word_1_211' title='bbox 1653 2204 1977 2273; x_wconf 65' lang='lat' dir='ltr'><strong>protulerit,</strong></span> <span class='ocrx_word' id='word_1_212' title='bbox 2013 2213 2071 2258; x_wconf 92' lang='lat' dir='ltr'><strong>ut</strong></span> 
     </span>
    </p>
   </div>
   <div class='ocr_carea' id='block_1_36' title="bbox 488 2290 2069 2360">
    <p class='ocr_par' dir='ltr' id='par_1_36' title="bbox 488 2290 2069 2360">
     <span class='ocr_line' id='line_1_37' title="bbox 488 2290 2069 2360; baseline 0.002 -15"><span class='ocrx_word' id='word_1_213' title='bbox 488 2301 574 2345; x_wconf 87' lang='lat' dir='ltr'><strong>est</strong></span> <span class='ocrx_word' id='word_1_214' title='bbox 614 2290 664 2342; x_wconf 91' lang='lat' dir='ltr'><strong>in</strong></span> <span class='ocrx_word' id='word_1_215' title='bbox 700 2292 1010 2360; x_wconf 90' lang='lat' dir='ltr'><strong>proverbio.</strong></span> <span class='ocrx_word' id='word_1_216' title='bbox 1045 2292 1251 2346; x_wconf 84' lang='lat' dir='ltr'><strong>Contra</strong></span> <span class='ocrx_word' id='word_1_217' title='bbox 1288 2307 1414 2347; x_wconf 83' lang='lat' dir='ltr'><strong>vero</strong></span> <span class='ocrx_word' id='word_1_218' title='bbox 1446 2308 1569 2347; x_wconf 91' lang='lat' dir='ltr'><strong>cum</strong></span> <span class='ocrx_word' id='word_1_219' title='bbox 1600 2291 1877 2351; x_wconf 76' lang='lat' dir='ltr'><strong>Romanos</strong></span> <span class='ocrx_word' id='word_1_220' title='bbox 1906 2297 2069 2350; x_wconf 80' lang='lat' dir='ltr'><strong>etiam</strong></span> 
     </span>
    </p>
   </div>
   <div class='ocr_carea' id='block_1_37' title="bbox 489 2382 2071 2454">
    <p class='ocr_par' dir='ltr' id='par_1_37' title="bbox 489 2382 2071 2454">
     <span class='ocr_line' id='line_1_38' title="bbox 489 2382 2071 2454; baseline 0.004 -19"><span class='ocrx_word' id='word_1_221' title='bbox 489 2398 586 2452; x_wconf 90' lang='lat' dir='ltr'><strong>per</strong></span> <span class='ocrx_word' id='word_1_222' title='bbox 620 2382 852 2437; x_wconf 82' lang='lat' dir='ltr'><strong>hiemem</strong></span> <span class='ocrx_word' id='word_1_223' title='bbox 887 2384 1033 2438; x_wconf 89' lang='lat' dir='ltr'><strong>bello</strong></span> <span class='ocrx_word' id='word_1_224' title='bbox 1080 2386 1319 2454; x_wconf 74' lang='lat' dir='ltr'><strong>gerendo</strong></span> <span class='ocrx_word' id='word_1_225' title='bbox 1352 2385 1579 2440; x_wconf 88' lang='lat' dir='ltr'><strong>idoneos</strong></span> <span class='ocrx_word' id='word_1_226' title='bbox 1602 2401 1724 2441; x_wconf 89' lang='lat' dir='ltr'><strong>esse</strong></span> <span class='ocrx_word' id='word_1_227' title='bbox 1747 2388 1949 2453; x_wconf 86' lang='lat' dir='ltr'><strong>sciret,</strong></span> <span class='ocrx_word' id='word_1_228' title='bbox 1976 2403 2071 2442; x_wconf 84' lang='lat' dir='ltr'><strong>cx-</strong></span> 
     </span>
    </p>
   </div>
   <div class='ocr_carea' id='block_1_38' title="bbox 489 2473 2069 2549">
    <p class='ocr_par' dir='ltr' id='par_1_38' title="bbox 489 2473 2069 2549">
     <span class='ocr_line' id='line_1_39' title="bbox 489 2473 2069 2549; baseline 0.002 -22"><span class='ocrx_word' id='word_1_229' title='bbox 489 2475 724 2527; x_wconf 82' lang='lat' dir='ltr'><strong>ercitum</strong></span> <span class='ocrx_word' id='word_1_230' title='bbox 757 2473 810 2526; x_wconf 89' lang='lat' dir='ltr'><strong>in</strong></span> <span class='ocrx_word' id='word_1_231' title='bbox 837 2474 1117 2543; x_wconf 81' lang='lat' dir='ltr'><strong>regionem</strong></span> <span class='ocrx_word' id='word_1_232' title='bbox 1152 2473 1446 2531; x_wconf 85' lang='lat' dir='ltr'><strong>Persarum</strong></span> <span class='ocrx_word' id='word_1_233' title='bbox 1475 2476 1721 2530; x_wconf 85' lang='lat' dir='ltr'><strong>immisit.</strong></span> <span class='ocrx_word' id='word_1_234' title='bbox 1760 2477 1945 2532; x_wconf 84' lang='lat' dir='ltr'><strong>Multis</strong></span> <span class='ocrx_word' id='word_1_235' title='bbox 1966 2477 2069 2549; x_wconf 86' lang='lat' dir='ltr'><strong>igi-</strong></span> 
     </span>
    </p>
   </div>
   <div class='ocr_carea' id='block_1_39' title="bbox 486 2565 2069 2638">
    <p class='ocr_par' dir='ltr' id='par_1_39' title="bbox 486 2565 2069 2638">
     <span class='ocr_line' id='line_1_40' title="bbox 486 2565 2069 2638; baseline 0.003 -20"><span class='ocrx_word' id='word_1_236' title='bbox 486 2574 581 2618; x_wconf 79' lang='lat' dir='ltr'><strong>tur</strong></span> <span class='ocrx_word' id='word_1_237' title='bbox 614 2565 785 2634; x_wconf 84' lang='lat' dir='ltr'><strong>agris,</strong></span> <span class='ocrx_word' id='word_1_238' title='bbox 813 2565 949 2619; x_wconf 84' lang='lat' dir='ltr'><strong>vicis</strong></span> <span class='ocrx_word' id='word_1_239' title='bbox 983 2574 1149 2636; x_wconf 87' lang='lat' dir='ltr'><strong>atque</strong></span> <span class='ocrx_word' id='word_1_240' title='bbox 1174 2566 1418 2620; x_wconf 87' lang='lat' dir='ltr'><strong>castellis</strong></span> <span class='ocrx_word' id='word_1_241' title='bbox 1447 2566 1699 2634; x_wconf 82' lang='lat' dir='ltr'><strong>vastatis,</strong></span> <span class='ocrx_word' id='word_1_242' title='bbox 1722 2567 1834 2637; x_wconf 89' lang='lat' dir='ltr'><strong>jam</strong></span> <span class='ocrx_word' id='word_1_243' title='bbox 1871 2568 2069 2638; x_wconf 89' lang='lat' dir='ltr'><strong>oppida</strong></span> 
     </span>
    </p>
   </div>
   <div class='ocr_carea' id='block_1_40' title="bbox 488 2656 2072 2732">
    <p class='ocr_par' dir='ltr' id='par_1_40' title="bbox 488 2656 2072 2732">
     <span class='ocr_line' id='line_1_41' title="bbox 488 2656 2072 2732; baseline 0.003 -22"><span class='ocrx_word' id='word_1_244' title='bbox 488 2659 609 2728; x_wconf 87' lang='lat' dir='ltr'><strong>ipsa</strong></span> <span class='ocrx_word' id='word_1_245' title='bbox 634 2656 869 2712; x_wconf 80' lang='lat' dir='ltr'><strong>Romani</strong></span> <span class='ocrx_word' id='word_1_246' title='bbox 895 2659 1311 2728; x_wconf 75' lang='lat' dir='ltr'><strong>expugnahant.</strong></span> <span class='ocrx_word' id='word_1_247' title='bbox 1366 2658 1535 2712; x_wconf 91' lang='lat' dir='ltr'><strong>Porro</strong></span> <span class='ocrx_word' id='word_1_248' title='bbox 1579 2660 1923 2714; x_wconf 86' lang='lat' dir='ltr'><strong>obsidionem</strong></span> <span class='ocrx_word' id='word_1_249' title='bbox 1977 2676 2072 2732; x_wconf 85' lang='lat' dir='ltr'><strong>ag-</strong></span> 
     </span>
    </p>
   </div>
   <div class='ocr_carea' id='block_1_41' title="bbox 482 2747 2069 2822">
    <p class='ocr_par' dir='ltr' id='par_1_41' title="bbox 482 2747 2069 2822">
     <span class='ocr_line' id='line_1_42' title="bbox 482 2747 2069 2822; baseline 0.003 -22"><span class='ocrx_word' id='word_1_250' title='bbox 482 2763 715 2819; x_wconf 86' lang='lat' dir='ltr'><strong>gressus</strong></span> <span class='ocrx_word' id='word_1_251' title='bbox 769 2747 1142 2817; x_wconf 78' lang='lat' dir='ltr'><strong>Ctesiphontis</strong></span> <span class='ocrx_word' id='word_1_252' title='bbox 1209 2748 1364 2804; x_wconf 90' lang='lat' dir='ltr'><strong>urbis</strong></span> <span class='ocrx_word' id='word_1_253' title='bbox 1426 2748 1818 2815; x_wconf 81' lang='lat' dir='ltr'><strong>nobilissimae,</strong></span> <span class='ocrx_word' id='word_1_254' title='bbox 1887 2766 2069 2822; x_wconf 73' lang='lat' dir='ltr'><strong>regem</strong></span> 
     </span>
    </p>
   </div>
   <div class='ocr_carea' id='block_1_42' title="bbox 486 2839 2070 2911">
    <p class='ocr_par' dir='ltr' id='par_1_42' title="bbox 486 2839 2070 2911">
     <span class='ocr_line' id='line_1_43' title="bbox 486 2839 2070 2911; baseline 0.003 -18"><span class='ocrx_word' id='word_1_255' title='bbox 486 2839 780 2895; x_wconf 72' lang='lat' dir='ltr'><strong>Persarum</strong></span> <span class='ocrx_word' id='word_1_256' title='bbox 807 2839 860 2893; x_wconf 89' lang='lat' dir='ltr'><strong>in</strong></span> <span class='ocrx_word' id='word_1_257' title='bbox 890 2855 983 2896; x_wconf 90' lang='lat' dir='ltr'><strong>eas</strong></span> <span class='ocrx_word' id='word_1_258' title='bbox 1011 2840 1217 2911; x_wconf 82' lang='lat' dir='ltr'><strong>redegit</strong></span> <span class='ocrx_word' id='word_1_259' title='bbox 1258 2842 1539 2911; x_wconf 75' lang='lat' dir='ltr'><strong>angustias</strong></span> <span class='ocrx_word' id='word_1_260' title='bbox 1603 2850 1665 2895; x_wconf 90' lang='lat' dir='ltr'><strong>ut</strong></span> <span class='ocrx_word' id='word_1_261' title='bbox 1718 2842 1940 2898; x_wconf 90' lang='lat' dir='ltr'><strong>crebras</strong></span> <span class='ocrx_word' id='word_1_262' title='bbox 2003 2843 2070 2897; x_wconf 90' lang='lat' dir='ltr'><strong>ad</strong></span> 
     </span>
    </p>
   </div>
   <div class='ocr_carea' id='block_1_43' title="bbox 492 2930 2069 3002">
    <p class='ocr_par' dir='ltr' id='par_1_43' title="bbox 492 2930 2069 3002">
     <span class='ocr_line' id='line_1_44' title="bbox 492 2930 2069 3002; baseline 0.003 -20"><span class='ocrx_word' id='word_1_263' title='bbox 492 2932 672 2999; x_wconf 89' lang='lat' dir='ltr'><strong>ipsum</strong></span> <span class='ocrx_word' id='word_1_264' title='bbox 737 2930 978 2985; x_wconf 90' lang='lat' dir='ltr'><strong>mitteret</strong></span> <span class='ocrx_word' id='word_1_265' title='bbox 1036 2930 1360 3001; x_wconf 80' lang='lat' dir='ltr'><strong>legationes,</strong></span> <span class='ocrx_word' id='word_1_266' title='bbox 1404 2932 1751 3002; x_wconf 86' lang='lat' dir='ltr'><strong>supplexque</strong></span> <span class='ocrx_word' id='word_1_267' title='bbox 1814 2934 1882 2985; x_wconf 91' lang='lat' dir='ltr'><strong>ah</strong></span> <span class='ocrx_word' id='word_1_268' title='bbox 1945 2933 2069 3001; x_wconf 88' lang='lat' dir='ltr'><strong>ipso</strong></span> 
     </span>
    </p>
   </div>
   <div class='ocr_carea' id='block_1_44' title="bbox 493 3023 2072 3095">
    <p class='ocr_par' dir='ltr' id='par_1_44' title="bbox 493 3023 2072 3095">
     <span class='ocr_line' id='line_1_45' title="bbox 493 3023 2072 3095; baseline 0.001 -18"><span class='ocrx_word' id='word_1_269' title='bbox 493 3030 721 3092; x_wconf 83' lang='lat' dir='ltr'><strong>peteret,</strong></span> <span class='ocrx_word' id='word_1_270' title='bbox 755 3031 813 3076; x_wconf 87' lang='lat' dir='ltr'><strong>ut</strong></span> <span class='ocrx_word' id='word_1_271' title='bbox 844 3030 999 3093; x_wconf 88' lang='lat' dir='ltr'><strong>parte</strong></span> <span class='ocrx_word' id='word_1_272' title='bbox 1043 3023 1260 3093; x_wconf 88' lang='lat' dir='ltr'><strong>imperii</strong></span> <span class='ocrx_word' id='word_1_273' title='bbox 1300 3032 1527 3095; x_wconf 88' lang='lat' dir='ltr'><strong>accepta</strong></span> <span class='ocrx_word' id='word_1_274' title='bbox 1571 3025 1732 3079; x_wconf 90' lang='lat' dir='ltr'><strong>linem</strong></span> <span class='ocrx_word' id='word_1_275' title='bbox 1774 3024 1917 3079; x_wconf 87' lang='lat' dir='ltr'><strong>bello</strong></span> <span class='ocrx_word' id='word_1_276' title='bbox 1970 3026 2072 3079; x_wconf 89' lang='lat' dir='ltr'><strong>im-</strong></span> 
     </span>
    </p>
   </div>
   <div class='ocr_carea' id='block_1_45' title="bbox 474 3114 2070 3185">
    <p class='ocr_par' dir='ltr' id='par_1_45' title="bbox 474 3114 2070 3185">
     <span class='ocr_line' id='line_1_46' title="bbox 474 3114 2070 3185; baseline 0.004 -19"><span class='ocrx_word' id='word_1_277' title='bbox 474 3131 723 3185; x_wconf 64' lang='lat' dir='ltr'><strong>.ponens,</strong></span> <span class='ocrx_word' id='word_1_278' title='bbox 749 3130 816 3170; x_wconf 82' lang='lat' dir='ltr'><strong>ex</strong></span> <span class='ocrx_word' id='word_1_279' title='bbox 843 3130 973 3185; x_wconf 89' lang='lat' dir='ltr'><strong>agro</strong></span> <span class='ocrx_word' id='word_1_280' title='bbox 1000 3114 1290 3169; x_wconf 88' lang='lat' dir='ltr'><strong>Persarum</strong></span> <span class='ocrx_word' id='word_1_281' title='bbox 1316 3116 1642 3170; x_wconf 88' lang='lat' dir='ltr'><strong>discederet.</strong></span> <span class='ocrx_word' id='word_1_282' title='bbox 1688 3114 1795 3170; x_wconf 90' lang='lat' dir='ltr'><strong>Sed</strong></span> <span class='ocrx_word' id='word_1_283' title='bbox 1816 3115 2070 3172; x_wconf 80' lang='lat' dir='ltr'><strong>Julianus</strong></span> 
     </span>
    </p>
   </div>
   <div class='ocr_carea' id='block_1_46' title="bbox 491 3178 2068 3271">
    <p class='ocr_par' dir='ltr' id='par_1_46' title="bbox 491 3202 2068 3270">
     <span class='ocr_line' id='line_1_47' title="bbox 491 3202 2068 3270; baseline 0.002 -13"><span class='ocrx_word' id='word_1_284' title='bbox 491 3219 595 3257; x_wconf 87' lang='lat' dir='ltr'><strong>nec</strong></span> <span class='ocrx_word' id='word_1_285' title='bbox 622 3209 931 3257; x_wconf 86' lang='lat' dir='ltr'><strong>commotus</strong></span> <span class='ocrx_word' id='word_1_286' title='bbox 971 3202 1176 3264; x_wconf 88' lang='lat' dir='ltr'><strong>animo,</strong></span> <span class='ocrx_word' id='word_1_287' title='bbox 1213 3216 1313 3255; x_wconf 89' lang='lat' dir='ltr'><strong>nec</strong></span> <span class='ocrx_word' id='word_1_288' title='bbox 1335 3202 1612 3270; x_wconf 89' lang='lat' dir='ltr'><strong>supplices</strong></span> <span class='ocrx_word' id='word_1_289' title='bbox 1647 3203 1942 3258; x_wconf 88' lang='lat' dir='ltr'><strong>miseratus</strong></span> <span class='ocrx_word' id='word_1_290' title='bbox 1964 3214 2068 3260; x_wconf 90' lang='lat' dir='ltr'><strong>cst.</strong></span> 
     </span>
    </p>
   </div>
   <div class='ocr_carea' id='block_1_47' title="bbox 2175 3178 2594 3271">
    <p class='ocr_par' dir='ltr' id='par_1_47' title="bbox 2175 3201 2594 3271">
     <span class='ocr_line' id='line_1_48' title="bbox 2175 3201 2594 3271; baseline 0.01 -18"><span class='ocrx_word' id='word_1_291' title='bbox 2175 3201 2232 3254; x_wconf 80' lang='grc' dir='ltr'>δὲ</span> <span class='ocrx_word' id='word_1_292' title='bbox 2259 3242 2274 3268; x_wconf 95' lang='grc'><strong>,</strong></span> <span class='ocrx_word' id='word_1_293' title='bbox 2306 3201 2594 3271; x_wconf 78' lang='grc' dir='ltr'>ἐπίφθονον</span> 
     </span>
    </p>
   </div>
   <div class='ocr_carea' id='block_1_48' title="bbox 494 3292 2071 3365">
    <p class='ocr_par' dir='ltr' id='par_1_48' title="bbox 494 3292 2071 3365">
     <span class='ocr_line' id='line_1_49' title="bbox 494 3292 2071 3365; baseline 0.001 -16"><span class='ocrx_word' id='word_1_294' title='bbox 494 3297 573 3349; x_wconf 78' lang='lat' dir='ltr'><strong>Ac</strong></span> <span class='ocrx_word' id='word_1_295' title='bbox 605 3311 673 3349; x_wconf 87' lang='lat' dir='ltr'><strong>ne</strong></span> <span class='ocrx_word' id='word_1_296' title='bbox 704 3294 835 3347; x_wconf 88' lang='lat' dir='ltr'><strong>illud</strong></span> <span class='ocrx_word' id='word_1_297' title='bbox 868 3294 1088 3363; x_wconf 86' lang='lat' dir='ltr'><strong>quidem</strong></span> <span class='ocrx_word' id='word_1_298' title='bbox 1120 3293 1266 3362; x_wconf 89' lang='lat' dir='ltr'><strong>quod</strong></span> <span class='ocrx_word' id='word_1_299' title='bbox 1300 3293 1463 3362; x_wconf 86' lang='lat' dir='ltr'><strong>vulgo</strong></span> <span class='ocrx_word' id='word_1_300' title='bbox 1493 3292 1715 3358; x_wconf 89' lang='lat' dir='ltr'><strong>dicitur,</strong></span> <span class='ocrx_word' id='word_1_301' title='bbox 1743 3309 1929 3348; x_wconf 89' lang='lat' dir='ltr'><strong>secum</strong></span> <span class='ocrx_word' id='word_1_302' title='bbox 1954 3295 2071 3365; x_wconf 89' lang='lat' dir='ltr'><strong>ipse</strong></span> 
     </span>
    </p>
   </div>
   <div class='ocr_carea' id='block_1_49' title="bbox 496 3383 2069 3455">
    <p class='ocr_par' dir='ltr' id='par_1_49' title="bbox 496 3383 2069 3455">
     <span class='ocr_line' id='line_1_50' title="bbox 496 3383 2069 3455; baseline 0.001 -15"><span class='ocrx_word' id='word_1_303' title='bbox 496 3386 791 3455; x_wconf 74' lang='lat' dir='ltr'><strong>reputavit,</strong></span> <span class='ocrx_word' id='word_1_304' title='bbox 822 3383 1045 3438; x_wconf 86' lang='lat' dir='ltr'><strong>vincere</strong></span> <span class='ocrx_word' id='word_1_305' title='bbox 1079 3384 1300 3453; x_wconf 90' lang='lat' dir='ltr'><strong>quidem</strong></span> <span class='ocrx_word' id='word_1_306' title='bbox 1334 3384 1659 3454; x_wconf 71' lang='lat' dir='ltr'><strong>praeclarum</strong></span> <span class='ocrx_word' id='word_1_307' title='bbox 1694 3400 1817 3439; x_wconf 88' lang='lat' dir='ltr'><strong>esse</strong></span> <span class='ocrx_word' id='word_1_308' title='bbox 1838 3403 1853 3453; x_wconf 91' lang='lat'><strong>;</strong></span> <span class='ocrx_word' id='word_1_309' title='bbox 1875 3402 2069 3455; x_wconf 87' lang='lat' dir='ltr'><strong>super-</strong></span> 
     </span>
    </p>
   </div>
   <div class='ocr_carea' id='block_1_50' title="bbox 497 3473 2071 3538">
    <p class='ocr_par' dir='ltr' id='par_1_50' title="bbox 497 3473 2071 3538">
     <span class='ocr_line' id='line_1_51' title="bbox 497 3473 2071 3538; baseline 0.003 -9"><span class='ocrx_word' id='word_1_310' title='bbox 497 3478 720 3530; x_wconf 67' lang='lat' dir='ltr'><strong>rincere</strong></span> <span class='ocrx_word' id='word_1_311' title='bbox 743 3484 948 3538; x_wconf 88' lang='lat' dir='ltr'><strong>autem,</strong></span> <span class='ocrx_word' id='word_1_312' title='bbox 997 3475 1352 3531; x_wconf 80' lang='lat' dir='ltr'><strong>invidiosum.</strong></span> <span class='ocrx_word' id='word_1_313' title='bbox 1391 3473 1592 3530; x_wconf 82' lang='lat' dir='ltr'><strong>Verum</strong></span> <span class='ocrx_word' id='word_1_314' title='bbox 1639 3476 2071 3533; x_wconf 80' lang='lat' dir='ltr'><strong>divinationibus</strong></span> 
     </span>
    </p>
   </div>
   <div class='ocr_carea' id='block_1_51' title="bbox 496 3566 2066 3638">
    <p class='ocr_par' dir='ltr' id='par_1_51' title="bbox 496 3566 2066 3638">
     <span class='ocr_line' id='line_1_52' title="bbox 496 3566 2066 3638; baseline 0.001 -17"><span class='ocrx_word' id='word_1_315' title='bbox 496 3569 752 3630; x_wconf 86' lang='lat' dir='ltr'><strong>credens,</strong></span> <span class='ocrx_word' id='word_1_316' title='bbox 787 3583 925 3637; x_wconf 87' lang='lat' dir='ltr'><strong>quas</strong></span> <span class='ocrx_word' id='word_1_317' title='bbox 960 3568 1064 3637; x_wconf 87' lang='lat' dir='ltr'><strong>ipsi</strong></span> <span class='ocrx_word' id='word_1_318' title='bbox 1089 3566 1359 3623; x_wconf 82' lang='lat' dir='ltr'><strong>Maximus</strong></span> <span class='ocrx_word' id='word_1_319' title='bbox 1412 3568 1790 3638; x_wconf 78' lang='lat' dir='ltr'><strong>pliil050plius,</strong></span> <span class='ocrx_word' id='word_1_320' title='bbox 1822 3570 1914 3638; x_wconf 91' lang='lat' dir='ltr'><strong>qui</strong></span> <span class='ocrx_word' id='word_1_321' title='bbox 1943 3585 2066 3625; x_wconf 92' lang='lat' dir='ltr'><strong>cum</strong></span> 
     </span>
    </p>
   </div>
   <div class='ocr_carea' id='block_1_52' title="bbox 494 3658 2074 3731">
    <p class='ocr_par' dir='ltr' id='par_1_52' title="bbox 494 3658 2074 3731">
     <span class='ocr_line' id='line_1_53' title="bbox 494 3658 2074 3731; baseline -0.001 -16"><span class='ocrx_word' id='word_1_322' title='bbox 494 3674 562 3715; x_wconf 82' lang='lat' dir='ltr'><strong>eo</strong></span> <span class='ocrx_word' id='word_1_323' title='bbox 592 3658 816 3715; x_wconf 89' lang='lat' dir='ltr'><strong>assidue</strong></span> <span class='ocrx_word' id='word_1_324' title='bbox 846 3659 1190 3723; x_wconf 85' lang='lat' dir='ltr'><strong>versabatur,</strong></span> <span class='ocrx_word' id='word_1_325' title='bbox 1224 3667 1611 3730; x_wconf 84' lang='lat' dir='ltr'><strong>suggesserat;</strong></span> <span class='ocrx_word' id='word_1_326' title='bbox 1641 3668 1695 3714; x_wconf 84' lang='lat' dir='ltr'><strong>et</strong></span> <span class='ocrx_word' id='word_1_327' title='bbox 1722 3660 1775 3714; x_wconf 90' lang='lat' dir='ltr'><strong>in</strong></span> <span class='ocrx_word' id='word_1_328' title='bbox 1814 3676 1934 3716; x_wconf 91' lang='lat' dir='ltr'><strong>eam</strong></span> <span class='ocrx_word' id='word_1_329' title='bbox 1957 3663 2074 3731; x_wconf 85' lang='lat' dir='ltr'><strong>opi-</strong></span> 
     </span>
    </p>
   </div>
   <div class='ocr_carea' id='block_1_53' title="bbox 498 3751 2068 3825">
    <p class='ocr_par' dir='ltr' id='par_1_53' title="bbox 498 3751 2068 3825">
     <span class='ocr_line' id='line_1_54' title="bbox 498 3751 2068 3825; baseline 0.003 -20"><span class='ocrx_word' id='word_1_330' title='bbox 498 3751 718 3806; x_wconf 87' lang='lat' dir='ltr'><strong>nionem</strong></span> <span class='ocrx_word' id='word_1_331' title='bbox 753 3752 1048 3813; x_wconf 90' lang='lat' dir='ltr'><strong>adductus,</strong></span> <span class='ocrx_word' id='word_1_332' title='bbox 1083 3752 1379 3806; x_wconf 78' lang='lat' dir='ltr'><strong>Alexandri</strong></span> <span class='ocrx_word' id='word_1_333' title='bbox 1407 3767 1467 3822; x_wconf 89' lang='lat' dir='ltr'><strong>se</strong></span> <span class='ocrx_word' id='word_1_334' title='bbox 1492 3751 1807 3809; x_wconf 74' lang='lat' dir='ltr'><strong>Macedonis</strong></span> <span class='ocrx_word' id='word_1_335' title='bbox 1843 3755 2068 3825; x_wconf 80' lang='lat' dir='ltr'><strong>gloriam</strong></span> 
     </span>
    </p>
   </div>
   <div class='ocr_carea' id='block_1_54' title="bbox 494 3844 2070 3915">
    <p class='ocr_par' dir='ltr' id='par_1_54' title="bbox 494 3844 2070 3915">
     <span class='ocr_line' id='line_1_55' title="bbox 494 3844 2070 3915; baseline -0.001 -16"><span class='ocrx_word' id='word_1_336' title='bbox 494 3860 607 3899; x_wconf 80' lang='lat' dir='ltr'><strong>non</strong></span> <span class='ocrx_word' id='word_1_337' title='bbox 638 3854 983 3913; x_wconf 74' lang='lat' dir='ltr'><strong>aequaturum</strong></span> <span class='ocrx_word' id='word_1_338' title='bbox 1036 3845 1218 3907; x_wconf 89' lang='lat' dir='ltr'><strong>modo,</strong></span> <span class='ocrx_word' id='word_1_339' title='bbox 1276 3844 1371 3899; x_wconf 88' lang='lat' dir='ltr'><strong>sed</strong></span> <span class='ocrx_word' id='word_1_340' title='bbox 1435 3844 1599 3898; x_wconf 91' lang='lat' dir='ltr'><strong>etiam</strong></span> <span class='ocrx_word' id='word_1_341' title='bbox 1687 3856 2070 3915; x_wconf 88' lang='lat' dir='ltr'><strong>superaturum</strong></span> 
     </span>
    </p>
   </div>
   <div class='ocr_carea' id='block_1_55' title="bbox 494 3935 2073 4007">
    <p class='ocr_par' dir='ltr' id='par_1_55' title="bbox 494 3935 2073 4007">
     <span class='ocr_line' id='line_1_56' title="bbox 494 3935 2073 4007; baseline 0.001 -16"><span class='ocrx_word' id='word_1_342' title='bbox 494 3953 640 4000; x_wconf 85' lang='lat' dir='ltr'><strong>esse,</strong></span> <span class='ocrx_word' id='word_1_343' title='bbox 667 3935 1097 4006; x_wconf 81' lang='lat' dir='ltr'><strong>supplicationes</strong></span> <span class='ocrx_word' id='word_1_344' title='bbox 1125 3936 1415 3991; x_wconf 81' lang='lat' dir='ltr'><strong>Persarum</strong></span> <span class='ocrx_word' id='word_1_345' title='bbox 1446 3937 1659 4005; x_wconf 89' lang='lat' dir='ltr'><strong>rejecit.</strong></span> <span class='ocrx_word' id='word_1_346' title='bbox 1730 3936 2073 4007; x_wconf 88' lang='lat' dir='ltr'><strong>Putabatque</strong></span> 
     </span>
    </p>
   </div>
   <div class='ocr_carea' id='block_1_56' title="bbox 491 4026 2069 4102">
    <p class='ocr_par' dir='ltr' id='par_1_56' title="bbox 491 4026 2069 4102">
     <span class='ocr_line' id='line_1_57' title="bbox 491 4026 2069 4102; baseline -0.001 -19"><span class='ocrx_word' id='word_1_347' title='bbox 491 4029 646 4102; x_wconf 59' lang='lat' dir='ltr'><strong>juxta</strong></span> <span class='ocrx_word' id='word_1_348' title='bbox 680 4028 1001 4101; x_wconf 75' lang='lat' dir='ltr'><strong>Pythagorae</strong></span> <span class='ocrx_word' id='word_1_349' title='bbox 1025 4035 1080 4083; x_wconf 88' lang='lat' dir='ltr'><strong>et</strong></span> <span class='ocrx_word' id='word_1_350' title='bbox 1130 4026 1379 4083; x_wconf 84' lang='lat' dir='ltr'><strong>Platonis</strong></span> <span class='ocrx_word' id='word_1_351' title='bbox 1414 4029 1762 4096; x_wconf 89' lang='lat' dir='ltr'><strong>sententiam,</strong></span> <span class='ocrx_word' id='word_1_352' title='bbox 1816 4044 1911 4098; x_wconf 87' lang='lat' dir='ltr'><strong>per</strong></span> <span class='ocrx_word' id='word_1_353' title='bbox 1949 4029 2069 4082; x_wconf 81' lang='lat' dir='ltr'><strong>ani-</strong></span> 
     </span>
    </p>
   </div>
   <div class='ocr_carea' id='block_1_57' title="bbox 485 4118 2069 4191">
    <p class='ocr_par' dir='ltr' id='par_1_57' title="bbox 485 4118 2069 4191">
     <span class='ocr_line' id='line_1_58' title="bbox 485 4118 2069 4191; baseline -0.002 -15"><span class='ocrx_word' id='word_1_354' title='bbox 485 4136 710 4176; x_wconf 77' lang='lat' dir='ltr'><strong>marum</strong></span> <span class='ocrx_word' id='word_1_355' title='bbox 743 4136 814 4176; x_wconf 78' lang='lat' dir='ltr'><strong>ex</strong></span> <span class='ocrx_word' id='word_1_356' title='bbox 871 4120 995 4175; x_wconf 89' lang='lat' dir='ltr'><strong>aliis</strong></span> <span class='ocrx_word' id='word_1_357' title='bbox 1018 4119 1342 4191; x_wconf 87' lang='lat' dir='ltr'><strong>corporibus</strong></span> <span class='ocrx_word' id='word_1_358' title='bbox 1374 4118 1426 4173; x_wconf 92' lang='lat' dir='ltr'><strong>in</strong></span> <span class='ocrx_word' id='word_1_359' title='bbox 1459 4120 1567 4173; x_wconf 83' lang='lat' dir='ltr'><strong>alia</strong></span> <span class='ocrx_word' id='word_1_360' title='bbox 1633 4122 2069 4190; x_wconf 45' lang='lat' dir='ltr'><strong>transmigratio&#39;</strong></span> 
     </span>
    </p>
   </div>
   <div class='ocr_carea' id='block_1_58' title="bbox 2171 1915 3760 1990">
    <p class='ocr_par' dir='ltr' id='par_1_58' title="bbox 2171 1915 3760 1990">
     <span class='ocr_line' id='line_1_59' title="bbox 2171 1915 3760 1990; baseline 0 -18"><span class='ocrx_word' id='word_1_361' title='bbox 2171 1919 2539 1990; x_wconf 83' lang='grc' dir='ltr'>ἀνανδρότατα</span> <span class='ocrx_word' id='word_1_362' title='bbox 2570 1915 2708 1974; x_wconf 78' lang='grc' dir='ltr'>εἶναι</span> <span class='ocrx_word' id='word_1_363' title='bbox 2734 1918 3003 1990; x_wconf 84' lang='grc' dir='ltr'>χειμῶνος</span> <span class='ocrx_word' id='word_1_364' title='bbox 3018 1917 3085 1972; x_wconf 87' lang='grc' dir='ltr'>τὰ</span> <span class='ocrx_word' id='word_1_365' title='bbox 3112 1917 3239 1989; x_wconf 78' lang='grc' dir='ltr'>ἔθνη</span> <span class='ocrx_word' id='word_1_366' title='bbox 3263 1918 3511 1988; x_wconf 78' lang='grc' dir='ltr'>Περσῶν.</span> <span class='ocrx_word' id='word_1_367' title='bbox 3529 1919 3760 1990; x_wconf 81' lang='grc' dir='ltr'>Κρυμὸν</span> 
     </span>
    </p>
   </div>
   <div class='ocr_carea' id='block_1_59' title="bbox 2170 2009 3760 2082">
    <p class='ocr_par' dir='ltr' id='par_1_59' title="bbox 2170 2009 3760 2082">
     <span class='ocr_line' id='line_1_60' title="bbox 2170 2009 3760 2082; baseline 0.001 -20"><span class='ocrx_word' id='word_1_368' title='bbox 2170 2009 2280 2082; x_wconf 85' lang='grc' dir='ltr'>γὰρ</span> <span class='ocrx_word' id='word_1_369' title='bbox 2313 2011 2388 2082; x_wconf 81' lang='grc' dir='ltr'>μὴ</span> <span class='ocrx_word' id='word_1_370' title='bbox 2420 2011 2698 2082; x_wconf 81' lang='grc' dir='ltr'>φέροντες,</span> <span class='ocrx_word' id='word_1_371' title='bbox 2730 2011 3006 2081; x_wconf 85' lang='grc' dir='ltr'><strong>ἀπόμαχοι</strong></span> <span class='ocrx_word' id='word_1_372' title='bbox 3047 2009 3268 2080; x_wconf 82' lang='grc' dir='ltr'>μένουσι</span> <span class='ocrx_word' id='word_1_373' title='bbox 3314 2011 3455 2064; x_wconf 83' lang='grc' dir='ltr'>κατὰ</span> <span class='ocrx_word' id='word_1_374' title='bbox 3484 2010 3633 2064; x_wconf 82' lang='grc' dir='ltr'>τόνδε</span> <span class='ocrx_word' id='word_1_375' title='bbox 3666 2011 3760 2064; x_wconf 75' lang='grc' dir='ltr'><strong>τὸν</strong></span> 
     </span>
    </p>
   </div>
   <div class='ocr_carea' id='block_1_60' title="bbox 2169 2102 3762 2174">
    <p class='ocr_par' dir='ltr' id='par_1_60' title="bbox 2169 2102 3762 2174">
     <span class='ocr_line' id='line_1_61' title="bbox 2169 2102 3762 2174; baseline 0.001 -20"><span class='ocrx_word' id='word_1_376' title='bbox 2169 2102 2382 2172; x_wconf 86' lang='grc' dir='ltr'>χρόνον.</span> <span class='ocrx_word' id='word_1_377' title='bbox 2434 2102 2572 2154; x_wconf 79' lang='grc' dir='ltr'>Ἀλλ’</span> <span class='ocrx_word' id='word_1_378' title='bbox 2602 2102 2722 2155; x_wconf 68' lang='grc' dir='ltr'>οὐδὲ</span> <span class='ocrx_word' id='word_1_379' title='bbox 2770 2105 2957 2174; x_wconf 83' lang='grc' dir='ltr'>χεῖρα,</span> <span class='ocrx_word' id='word_1_380' title='bbox 2991 2102 3051 2155; x_wconf 82' lang='grc' dir='ltr'>τὸ</span> <span class='ocrx_word' id='word_1_381' title='bbox 3104 2102 3195 2156; x_wconf 80' lang='grc' dir='ltr'>τοῦ</span> <span class='ocrx_word' id='word_1_382' title='bbox 3240 2102 3399 2171; x_wconf 80' lang='grc' dir='ltr'>λόγου</span> <span class='ocrx_word' id='word_1_383' title='bbox 3423 2142 3437 2167; x_wconf 93' lang='grc'><strong>,</strong></span> <span class='ocrx_word' id='word_1_384' title='bbox 3475 2102 3659 2173; x_wconf 81' lang='grc' dir='ltr'>βάλλοι</span> <span class='ocrx_word' id='word_1_385' title='bbox 3694 2102 3762 2155; x_wconf 84' lang='grc' dir='ltr'><strong>ἂν</strong></span> 
     </span>
    </p>
   </div>
   <div class='ocr_carea' id='block_1_61' title="bbox 2169 2192 3763 2266">
    <p class='ocr_par' dir='ltr' id='par_1_61' title="bbox 2169 2192 3763 2266">
     <span class='ocr_line' id='line_1_62' title="bbox 2169 2192 3763 2266; baseline 0.001 -20"><span class='ocrx_word' id='word_1_386' title='bbox 2169 2192 2291 2246; x_wconf 87' lang='grc' dir='ltr'>τότε</span> <span class='ocrx_word' id='word_1_387' title='bbox 2324 2192 2428 2259; x_wconf 77' lang='grc' dir='ltr'><strong>ἔξω</strong></span> <span class='ocrx_word' id='word_1_388' title='bbox 2453 2192 2547 2246; x_wconf 78' lang='grc' dir='ltr'><strong>τοῦ</strong></span> <span class='ocrx_word' id='word_1_389' title='bbox 2571 2193 2778 2263; x_wconf 80' lang='grc' dir='ltr'>φάρους</span> <span class='ocrx_word' id='word_1_390' title='bbox 2806 2195 2987 2264; x_wconf 76' lang='grc' dir='ltr'>Μῆδος</span> <span class='ocrx_word' id='word_1_391' title='bbox 3018 2195 3176 2266; x_wconf 81' lang='grc' dir='ltr'>ἀνήρ.</span> <span class='ocrx_word' id='word_1_392' title='bbox 3211 2195 3514 2264; x_wconf 81' lang='grc' dir='ltr'><strong>Ῥωμαίους</strong></span> <span class='ocrx_word' id='word_1_393' title='bbox 3539 2194 3584 2248; x_wconf 81' lang='grc' dir='ltr'>δ’</span> <span class='ocrx_word' id='word_1_394' title='bbox 3603 2194 3763 2256; x_wconf 72' lang='grc' dir='ltr'>εἰδὼς</span> 
     </span>
    </p>
   </div>
   <div class='ocr_carea' id='block_1_62' title="bbox 2170 2285 3759 2359">
    <p class='ocr_par' dir='ltr' id='par_1_62' title="bbox 2170 2285 3759 2359">
     <span class='ocr_line' id='line_1_63' title="bbox 2170 2285 3759 2359; baseline 0.001 -20"><span class='ocrx_word' id='word_1_395' title='bbox 2170 2287 2266 2339; x_wconf 81' lang='grc' dir='ltr'><strong>καὶ</strong></span> <span class='ocrx_word' id='word_1_396' title='bbox 2302 2285 2572 2357; x_wconf 83' lang='grc' dir='ltr'>χειμῶνος</span> <span class='ocrx_word' id='word_1_397' title='bbox 2603 2285 2969 2354; x_wconf 78' lang='grc' dir='ltr'>ἀγωνίζεσθαι</span> <span class='ocrx_word' id='word_1_398' title='bbox 3012 2287 3364 2356; x_wconf 82' lang='grc' dir='ltr'>δυναμένους,</span> <span class='ocrx_word' id='word_1_399' title='bbox 3404 2288 3660 2356; x_wconf 76' lang='grc' dir='ltr'><strong>ἐπαφῆκε</strong></span> <span class='ocrx_word' id='word_1_400' title='bbox 3692 2290 3759 2359; x_wconf 82' lang='grc' dir='ltr'><strong>τῇ</strong></span> 
     </span>
    </p>
   </div>
   <div class='ocr_carea' id='block_1_63' title="bbox 2170 2372 3765 2449">
    <p class='ocr_par' dir='ltr' id='par_1_63' title="bbox 2170 2372 3765 2449">
     <span class='ocr_line' id='line_1_64' title="bbox 2170 2372 3765 2449; baseline 0.001 -21"><span class='ocrx_word' id='word_1_401' title='bbox 2170 2375 2326 2448; x_wconf 75' lang='grc' dir='ltr'>χώρᾳ</span> <span class='ocrx_word' id='word_1_402' title='bbox 2353 2376 2446 2431; x_wconf 82' lang='grc' dir='ltr'><strong>τὸν</strong></span> <span class='ocrx_word' id='word_1_403' title='bbox 2466 2374 2723 2449; x_wconf 88' lang='grc' dir='ltr'>στρατόν.</span> <span class='ocrx_word' id='word_1_404' title='bbox 2761 2377 2971 2441; x_wconf 83' lang='grc' dir='ltr'><strong>Πολλὰς</strong></span> <span class='ocrx_word' id='word_1_405' title='bbox 2988 2372 3081 2430; x_wconf 82' lang='grc' dir='ltr'><strong>οὖν</strong></span> <span class='ocrx_word' id='word_1_406' title='bbox 3114 2378 3296 2449; x_wconf 85' lang='grc' dir='ltr'>χώρας</span> <span class='ocrx_word' id='word_1_407' title='bbox 3319 2379 3414 2431; x_wconf 77' lang='grc' dir='ltr'>καὶ</span> <span class='ocrx_word' id='word_1_408' title='bbox 3442 2377 3641 2446; x_wconf 81' lang='grc' dir='ltr'><strong>κώμας</strong></span> <span class='ocrx_word' id='word_1_409' title='bbox 3664 2378 3765 2430; x_wconf 77' lang='grc' dir='ltr'>καὶ</span> 
     </span>
    </p>
   </div>
   <div class='ocr_carea' id='block_1_64' title="bbox 2171 2466 3761 2539">
    <p class='ocr_par' dir='ltr' id='par_1_64' title="bbox 2171 2466 3761 2539">
     <span class='ocr_line' id='line_1_65' title="bbox 2171 2466 3761 2539; baseline 0.002 -20"><span class='ocrx_word' id='word_1_410' title='bbox 2171 2466 2408 2538; x_wconf 83' lang='grc' dir='ltr'>φρούρια</span> <span class='ocrx_word' id='word_1_411' title='bbox 2434 2468 2830 2539; x_wconf 82' lang='grc' dir='ltr'>πορθήσαντες,</span> <span class='ocrx_word' id='word_1_412' title='bbox 2848 2467 2948 2539; x_wconf 76' lang='grc' dir='ltr'>ἤδη</span> <span class='ocrx_word' id='word_1_413' title='bbox 2980 2468 3075 2522; x_wconf 74' lang='grc' dir='ltr'><strong>καὶ</strong></span> <span class='ocrx_word' id='word_1_414' title='bbox 3103 2468 3203 2531; x_wconf 82' lang='grc' dir='ltr'><strong>τὰς</strong></span> <span class='ocrx_word' id='word_1_415' title='bbox 3222 2468 3405 2532; x_wconf 87' lang='grc' dir='ltr'>πόλεις</span> <span class='ocrx_word' id='word_1_416' title='bbox 3429 2467 3761 2538; x_wconf 74' lang='grc' dir='ltr'>ἐλάμϐανον.</span> 
     </span>
    </p>
   </div>
   <div class='ocr_carea' id='block_1_65' title="bbox 2171 2553 3761 2633">
    <p class='ocr_par' dir='ltr' id='par_1_65' title="bbox 2171 2553 3761 2633">
     <span class='ocr_line' id='line_1_66' title="bbox 2171 2553 3761 2633; baseline 0.001 -20"><span class='ocrx_word' id='word_1_417' title='bbox 2171 2559 2593 2632; x_wconf 82' lang='grc' dir='ltr'>Περιστοιχίσας</span> <span class='ocrx_word' id='word_1_418' title='bbox 2619 2560 2676 2613; x_wconf 84' lang='grc' dir='ltr'>δὲ</span> <span class='ocrx_word' id='word_1_419' title='bbox 2727 2561 3095 2632; x_wconf 82' lang='grc' dir='ltr'>Κτησιφῶντα</span> <span class='ocrx_word' id='word_1_420' title='bbox 3141 2561 3242 2632; x_wconf 87' lang='grc' dir='ltr'>τὴν</span> <span class='ocrx_word' id='word_1_421' title='bbox 3296 2561 3540 2633; x_wconf 84' lang='grc' dir='ltr'>μεγάλην</span> <span class='ocrx_word' id='word_1_422' title='bbox 3568 2553 3761 2629; x_wconf 68' lang='grc' dir='ltr'>πόλιν,</span> 
     </span>
    </p>
   </div>
   <div class='ocr_carea' id='block_1_66' title="bbox 2170 2650 3762 2724">
    <p class='ocr_par' dir='ltr' id='par_1_66' title="bbox 2170 2650 3762 2724">
     <span class='ocr_line' id='line_1_67' title="bbox 2170 2650 3762 2724; baseline 0.003 -22"><span class='ocrx_word' id='word_1_423' title='bbox 2170 2650 2428 2703; x_wconf 84' lang='grc' dir='ltr'>τοσοῦτον</span> <span class='ocrx_word' id='word_1_424' title='bbox 2453 2651 2761 2722; x_wconf 80' lang='grc' dir='ltr'>ἐπολιόρκει</span> <span class='ocrx_word' id='word_1_425' title='bbox 2797 2651 2890 2705; x_wconf 84' lang='grc' dir='ltr'><strong>τὸν</strong></span> <span class='ocrx_word' id='word_1_426' title='bbox 2929 2651 3173 2723; x_wconf 84' lang='grc' dir='ltr'>βασιλέα,</span> <span class='ocrx_word' id='word_1_427' title='bbox 3209 2650 3350 2705; x_wconf 86' lang='grc' dir='ltr'>ὥστε</span> <span class='ocrx_word' id='word_1_428' title='bbox 3389 2655 3599 2706; x_wconf 78' lang='grc' dir='ltr'>ἐκεῖνον</span> <span class='ocrx_word' id='word_1_429' title='bbox 3624 2670 3762 2724; x_wconf 88' lang='grc' dir='ltr'>πρε-</span> 
     </span>
    </p>
   </div>
   <div class='ocr_carea' id='block_1_67' title="bbox 2172 2742 3763 2819">
    <p class='ocr_par' dir='ltr' id='par_1_67' title="bbox 2172 2742 3763 2819">
     <span class='ocr_line' id='line_1_68' title="bbox 2172 2742 3763 2819; baseline 0.004 -25"><span class='ocrx_word' id='word_1_430' title='bbox 2172 2742 2382 2806; x_wconf 78' lang='grc' dir='ltr'>σϐείαις</span> <span class='ocrx_word' id='word_1_431' title='bbox 2404 2744 2712 2815; x_wconf 79' lang='grc' dir='ltr'>χρήσασθαι</span> <span class='ocrx_word' id='word_1_432' title='bbox 2747 2749 2987 2816; x_wconf 83' lang='grc' dir='ltr'>συχναῖς,</span> <span class='ocrx_word' id='word_1_433' title='bbox 3023 2745 3287 2800; x_wconf 78' lang='grc' dir='ltr'>ἱκετεύειν</span> <span class='ocrx_word' id='word_1_434' title='bbox 3314 2763 3374 2800; x_wconf 89' lang='grc' dir='ltr'><strong>τε</strong></span> <span class='ocrx_word' id='word_1_435' title='bbox 3411 2746 3763 2819; x_wconf 82' lang='grc' dir='ltr'>ζημιωθῆναι</span> 
     </span>
    </p>
   </div>
   <div class='ocr_carea' id='block_1_68' title="bbox 2174 2835 3765 2909">
    <p class='ocr_par' dir='ltr' id='par_1_68' title="bbox 2174 2835 3765 2909">
     <span class='ocr_line' id='line_1_69' title="bbox 2174 2835 3765 2909; baseline 0.004 -23"><span class='ocrx_word' id='word_1_436' title='bbox 2174 2835 2341 2906; x_wconf 80' lang='grc' dir='ltr'>μέρος</span> <span class='ocrx_word' id='word_1_437' title='bbox 2372 2853 2425 2889; x_wconf 88' lang='grc' dir='ltr'><strong>τι</strong></span> <span class='ocrx_word' id='word_1_438' title='bbox 2456 2836 2557 2907; x_wconf 83' lang='grc' dir='ltr'>τῆς</span> <span class='ocrx_word' id='word_1_439' title='bbox 2586 2837 2750 2891; x_wconf 81' lang='grc' dir='ltr'>αὐτοῦ</span> <span class='ocrx_word' id='word_1_440' title='bbox 2775 2838 3052 2909; x_wconf 79' lang='grc' dir='ltr'>πατρίδος,</span> <span class='ocrx_word' id='word_1_441' title='bbox 3072 2841 3119 2892; x_wconf 85' lang='grc' dir='ltr'>εἰ</span> <span class='ocrx_word' id='word_1_442' title='bbox 3150 2839 3461 2902; x_wconf 80' lang='grc' dir='ltr'>καταλύσας</span> <span class='ocrx_word' id='word_1_443' title='bbox 3481 2840 3572 2894; x_wconf 78' lang='grc' dir='ltr'><strong>τὸν</strong></span> <span class='ocrx_word' id='word_1_444' title='bbox 3598 2840 3765 2893; x_wconf 85' lang='grc' dir='ltr'>πόλε-</span> 
     </span>
    </p>
   </div>
   <div class='ocr_carea' id='block_1_69' title="bbox 2182 2927 3766 3004">
    <p class='ocr_par' dir='ltr' id='par_1_69' title="bbox 2182 2927 3766 3004">
     <span class='ocr_line' id='line_1_70' title="bbox 2182 2927 3766 3004; baseline 0.004 -25"><span class='ocrx_word' id='word_1_445' title='bbox 2182 2943 2282 2997; x_wconf 85' lang='grc' dir='ltr'><strong>μον</strong></span> <span class='ocrx_word' id='word_1_446' title='bbox 2316 2927 2673 3002; x_wconf 81' lang='grc' dir='ltr'>ἀποχωρήσῃ.</span> <span class='ocrx_word' id='word_1_447' title='bbox 2708 2928 2766 2982; x_wconf 84' lang='lat'><strong>&#39;0</strong></span> <span class='ocrx_word' id='word_1_448' title='bbox 2812 2929 2871 2983; x_wconf 83' lang='grc' dir='ltr'><strong>δὲ</strong></span> <span class='ocrx_word' id='word_1_449' title='bbox 2931 2931 3029 2985; x_wconf 79' lang='grc' dir='ltr'>οὐκ</span> <span class='ocrx_word' id='word_1_450' title='bbox 3071 2930 3240 2985; x_wconf 81' lang='grc' dir='ltr'>ἔπαθε</span> <span class='ocrx_word' id='word_1_451' title='bbox 3279 2933 3378 3003; x_wconf 83' lang='grc' dir='ltr'>τὴν</span> <span class='ocrx_word' id='word_1_452' title='bbox 3407 2932 3605 3004; x_wconf 77' lang='grc' dir='ltr'>ψυχὴν,</span> <span class='ocrx_word' id='word_1_453' title='bbox 3641 2932 3766 2986; x_wconf 80' lang='grc' dir='ltr'>οὐδὲ</span> 
     </span>
    </p>
   </div>
   <div class='ocr_carea' id='block_1_70' title="bbox 2169 3018 3765 3094">
    <p class='ocr_par' dir='ltr' id='par_1_70' title="bbox 2169 3018 3765 3094">
     <span class='ocr_line' id='line_1_71' title="bbox 2169 3018 3765 3094; baseline 0.006 -24"><span class='ocrx_word' id='word_1_454' title='bbox 2169 3018 2296 3081; x_wconf 80' lang='grc' dir='ltr'>τοὺς</span> <span class='ocrx_word' id='word_1_455' title='bbox 2327 3019 2667 3083; x_wconf 72' lang='grc' dir='ltr'>ἱκετεύοντας</span> <span class='ocrx_word' id='word_1_456' title='bbox 2700 3021 2930 3092; x_wconf 74' lang='grc' dir='ltr'>ἠλέησεν</span> <span class='ocrx_word' id='word_1_457' title='bbox 2946 3038 2958 3052; x_wconf 83' lang='grc'><em>’</em></span> <span class='ocrx_word' id='word_1_458' title='bbox 2988 3023 3103 3076; x_wconf 89' lang='grc' dir='ltr'>ἀλλ’</span> <span class='ocrx_word' id='word_1_459' title='bbox 3122 3025 3241 3078; x_wconf 82' lang='grc' dir='ltr'>οὐδὲ</span> <span class='ocrx_word' id='word_1_460' title='bbox 3256 3024 3315 3078; x_wconf 85' lang='grc' dir='ltr'><strong>τὸ</strong></span> <span class='ocrx_word' id='word_1_461' title='bbox 3330 3024 3424 3079; x_wconf 84' lang='grc' dir='ltr'>τοῦ</span> <span class='ocrx_word' id='word_1_462' title='bbox 3440 3025 3602 3094; x_wconf 83' lang='grc' dir='ltr'>λόγου</span> <span class='ocrx_word' id='word_1_463' title='bbox 3621 3026 3765 3080; x_wconf 74' lang='grc' dir='ltr'>κατὰ</span> 
     </span>
    </p>
   </div>
   <div class='ocr_carea' id='block_1_71' title="bbox 2174 3110 3766 3194">
    <p class='ocr_par' dir='ltr' id='par_1_71' title="bbox 2174 3110 3766 3194">
     <span class='ocr_line' id='line_1_72' title="bbox 2174 3110 3766 3194; baseline 0.007 -31"><span class='ocrx_word' id='word_1_464' title='bbox 2174 3110 2299 3164; x_wconf 79' lang='grc' dir='ltr'>νοῦν</span> <span class='ocrx_word' id='word_1_465' title='bbox 2326 3110 2535 3176; x_wconf 74' lang='grc' dir='ltr'>ἔλαϐεν,</span> <span class='ocrx_word' id='word_1_466' title='bbox 2569 3112 2644 3176; x_wconf 86' lang='grc' dir='ltr'>ὡς</span> <span class='ocrx_word' id='word_1_467' title='bbox 2690 3113 2799 3185; x_wconf 81' lang='grc' dir='ltr'>ἄρα</span> <span class='ocrx_word' id='word_1_468' title='bbox 2846 3117 3002 3186; x_wconf 82' lang='grc' dir='ltr'>νικᾷν</span> <span class='ocrx_word' id='word_1_469' title='bbox 3036 3117 3133 3188; x_wconf 82' lang='grc' dir='ltr'><strong>μὲν</strong></span> <span class='ocrx_word' id='word_1_470' title='bbox 3160 3119 3369 3181; x_wconf 72' lang='grc' dir='ltr'>,καλόν</span> <span class='ocrx_word' id='word_1_471' title='bbox 3409 3135 3424 3150; x_wconf 84' lang='grc'>⁶</span> <span class='ocrx_word' id='word_1_472' title='bbox 3457 3121 3766 3194; x_wconf 80' lang='grc' dir='ltr'>ὑπερνικᾷν</span> 
     </span>
    </p>
   </div>
   <div class='ocr_carea' id='block_1_72' title="bbox 2643 3207 3763 3280">
    <p class='ocr_par' dir='ltr' id='par_1_72' title="bbox 2643 3207 3763 3280">
     <span class='ocr_line' id='line_1_73' title="bbox 2643 3207 3763 3280; baseline 0.01 -24"><span class='ocrx_word' id='word_1_473' title='bbox 2643 3221 2658 3236; x_wconf 78' lang='grc' dir='ltr'><strong>ο</strong></span> <span class='ocrx_word' id='word_1_474' title='bbox 2696 3207 3080 3272; x_wconf 85' lang='grc' dir='ltr'>πεπιστευκὼς</span> <span class='ocrx_word' id='word_1_475' title='bbox 3124 3208 3180 3262; x_wconf 83' lang='grc' dir='ltr'>δὲ</span> <span class='ocrx_word' id='word_1_476' title='bbox 3235 3210 3484 3280; x_wconf 87' lang='grc' dir='ltr'>μαντίαις</span> <span class='ocrx_word' id='word_1_477' title='bbox 3510 3221 3550 3243; x_wconf 69' lang='grc' dir='ltr'>ιι</span> <span class='ocrx_word' id='word_1_478' title='bbox 3585 3215 3763 3276; x_wconf 80' lang='grc' dir='ltr'>τισὶν,</span> 
     </span>
    </p>
   </div>
   <div class='ocr_carea' id='block_1_73' title="bbox 2173 3291 3765 3371">
    <p class='ocr_par' dir='ltr' id='par_1_73' title="bbox 2173 3291 3765 3371">
     <span class='ocr_line' id='line_1_74' title="bbox 2173 3291 3765 3371; baseline 0.005 -24"><span class='ocrx_word' id='word_1_479' title='bbox 2173 3291 2240 3354; x_wconf 72' lang='grc' dir='ltr'>ἃς</span> <span class='ocrx_word' id='word_1_480' title='bbox 2267 3293 2415 3362; x_wconf 81' lang='grc' dir='ltr'>αὐτῷ</span> <span class='ocrx_word' id='word_1_481' title='bbox 2452 3294 2755 3366; x_wconf 89' lang='grc' dir='ltr'>συμπαρὼν</span> <span class='ocrx_word' id='word_1_482' title='bbox 2783 3297 2811 3348; x_wconf 91' lang='grc' dir='ltr'><strong>ό</strong></span> <span class='ocrx_word' id='word_1_483' title='bbox 2841 3297 3127 3368; x_wconf 78' lang='grc' dir='ltr'>φιλόσοφος</span> <span class='ocrx_word' id='word_1_484' title='bbox 3167 3300 3418 3371; x_wconf 77' lang='grc' dir='ltr'>Μάξιμος</span> <span class='ocrx_word' id='word_1_485' title='bbox 3450 3302 3765 3368; x_wconf 80' lang='grc' dir='ltr'>ὑπετίθετο,</span> 
     </span>
    </p>
   </div>
   <div class='ocr_carea' id='block_1_74' title="bbox 2172 3385 3769 3460">
    <p class='ocr_par' dir='ltr' id='par_1_74' title="bbox 2172 3385 3769 3460">
     <span class='ocr_line' id='line_1_75' title="bbox 2172 3385 3769 3460; baseline 0.006 -22"><span class='ocrx_word' id='word_1_486' title='bbox 2172 3385 2268 3438; x_wconf 79' lang='grc' dir='ltr'><strong>καὶ</strong></span> <span class='ocrx_word' id='word_1_487' title='bbox 2315 3386 2735 3459; x_wconf 80' lang='grc' dir='ltr'>ὀνειροπολήσας</span> <span class='ocrx_word' id='word_1_488' title='bbox 2770 3389 2869 3460; x_wconf 82' lang='grc' dir='ltr'>τὴν</span> <span class='ocrx_word' id='word_1_489' title='bbox 2916 3390 3264 3460; x_wconf 80' lang='grc' dir='ltr'>Ἀλεξάνδρου</span> <span class='ocrx_word' id='word_1_490' title='bbox 3307 3393 3400 3446; x_wconf 81' lang='grc' dir='ltr'>τοῦ</span> <span class='ocrx_word' id='word_1_491' title='bbox 3449 3394 3769 3458; x_wconf 86' lang='grc' dir='ltr'>Μακεδόνος</span> 
     </span>
    </p>
   </div>
   <div class='ocr_carea' id='block_1_75' title="bbox 2170 3477 3768 3554">
    <p class='ocr_par' dir='ltr' id='par_1_75' title="bbox 2170 3477 3768 3554">
     <span class='ocr_line' id='line_1_76' title="bbox 2170 3477 3768 3554; baseline 0.005 -23"><span class='ocrx_word' id='word_1_492' title='bbox 2170 3477 2331 3544; x_wconf 74' lang='grc' dir='ltr'>δόξαν</span> <span class='ocrx_word' id='word_1_493' title='bbox 2354 3477 2612 3550; x_wconf 81' lang='grc' dir='ltr'>λαϐεῖν,ἢ</span> <span class='ocrx_word' id='word_1_494' title='bbox 2644 3479 2737 3534; x_wconf 74' lang='grc' dir='ltr'><strong>καὶ</strong></span> <span class='ocrx_word' id='word_1_495' title='bbox 2788 3481 2986 3549; x_wconf 76' lang='grc' dir='ltr'>μᾶλλον</span> <span class='ocrx_word' id='word_1_496' title='bbox 3038 3483 3407 3554; x_wconf 78' lang='grc' dir='ltr'>ὑπερϐαίνειν,</span> <span class='ocrx_word' id='word_1_497' title='bbox 3431 3483 3529 3548; x_wconf 81' lang='grc' dir='ltr'>τὰς</span> <span class='ocrx_word' id='word_1_498' title='bbox 3551 3485 3768 3549; x_wconf 76' lang='grc' dir='ltr'>ἱκεσίας</span> 
     </span>
    </p>
   </div>
   <div class='ocr_carea' id='block_1_76' title="bbox 2172 3565 3766 3644">
    <p class='ocr_par' dir='ltr' id='par_1_76' title="bbox 2172 3565 3766 3644">
     <span class='ocr_line' id='line_1_77' title="bbox 2172 3565 3766 3644; baseline 0.006 -27"><span class='ocrx_word' id='word_1_499' title='bbox 2172 3565 2395 3636; x_wconf 86' lang='grc' dir='ltr'>Περσῶν</span> <span class='ocrx_word' id='word_1_500' title='bbox 2415 3568 2796 3640; x_wconf 82' lang='grc' dir='ltr'>ἀπεκρούσατο</span> <span class='ocrx_word' id='word_1_501' title='bbox 2815 3586 2828 3599; x_wconf 92' lang='grc'><strong>·</strong></span> <span class='ocrx_word' id='word_1_502' title='bbox 2860 3571 2953 3623; x_wconf 80' lang='grc' dir='ltr'>καὶ</span> <span class='ocrx_word' id='word_1_503' title='bbox 2976 3571 3190 3642; x_wconf 81' lang='grc' dir='ltr'>ἐνόμιζε</span> <span class='ocrx_word' id='word_1_504' title='bbox 3215 3573 3354 3627; x_wconf 87' lang='grc' dir='ltr'>κατὰ</span> <span class='ocrx_word' id='word_1_505' title='bbox 3381 3573 3480 3644; x_wconf 86' lang='grc' dir='ltr'><strong>τὴν</strong></span> <span class='ocrx_word' id='word_1_506' title='bbox 3512 3573 3766 3643; x_wconf 84' lang='grc' dir='ltr'>Πυθαγό-</span> 
     </span>
    </p>
   </div>
   <div class='ocr_carea' id='block_1_77' title="bbox 2179 3658 3767 3734">
    <p class='ocr_par' dir='ltr' id='par_1_77' title="bbox 2179 3658 3767 3734">
     <span class='ocr_line' id='line_1_78' title="bbox 2179 3658 3767 3734; baseline 0.006 -25"><span class='ocrx_word' id='word_1_507' title='bbox 2179 3674 2270 3726; x_wconf 91' lang='grc' dir='ltr'><strong>ρου</strong></span> <span class='ocrx_word' id='word_1_508' title='bbox 2304 3658 2399 3711; x_wconf 77' lang='grc' dir='ltr'><strong>καὶ</strong></span> <span class='ocrx_word' id='word_1_509' title='bbox 2431 3660 2719 3725; x_wconf 86' lang='grc' dir='ltr'>Πλάτωνος</span> <span class='ocrx_word' id='word_1_510' title='bbox 2758 3660 2937 3729; x_wconf 81' lang='grc' dir='ltr'>δόξαν,</span> <span class='ocrx_word' id='word_1_511' title='bbox 2965 3664 3029 3716; x_wconf 80' lang='grc' dir='ltr'>ὲκ</span> <span class='ocrx_word' id='word_1_512' title='bbox 3085 3663 3633 3734; x_wconf 84' lang='grc' dir='ltr'>μετενσωματώσεως</span> <span class='ocrx_word' id='word_1_513' title='bbox 3666 3665 3767 3734; x_wconf 80' lang='grc' dir='ltr'>τὴν</span> 
     </span>
    </p>
   </div>
   <div class='ocr_carea' id='block_1_78' title="bbox 2188 3748 3767 3826">
    <p class='ocr_par' dir='ltr' id='par_1_78' title="bbox 2188 3748 3767 3826">
     <span class='ocr_line' id='line_1_79' title="bbox 2188 3748 3767 3826; baseline 0.005 -26"><span class='ocrx_word' id='word_1_514' title='bbox 2188 3748 2533 3822; x_wconf 83' lang='grc' dir='ltr'>Ἀλεξάνδρου</span> <span class='ocrx_word' id='word_1_515' title='bbox 2558 3752 2645 3822; x_wconf 73' lang='grc' dir='ltr'>ἔχε</span> <span class='ocrx_word' id='word_1_516' title='bbox 2655 3771 2701 3806; x_wconf 90' lang='grc' dir='ltr'><strong>ιν</strong></span> <span class='ocrx_word' id='word_1_517' title='bbox 2717 3753 2913 3826; x_wconf 76' lang='grc' dir='ltr'>ψυχήνο</span> <span class='ocrx_word' id='word_1_518' title='bbox 2940 3754 3138 3826; x_wconf 85' lang='grc' dir='ltr'>μᾶλλον</span> <span class='ocrx_word' id='word_1_519' title='bbox 3160 3755 3215 3809; x_wconf 81' lang='grc' dir='ltr'>δὲ</span> <span class='ocrx_word' id='word_1_520' title='bbox 3244 3756 3404 3819; x_wconf 78' lang='grc' dir='ltr'>αὐτὸς</span> <span class='ocrx_word' id='word_1_521' title='bbox 3425 3750 3563 3810; x_wconf 74' lang='grc' dir='ltr'>εἷναι</span> <span class='ocrx_word' id='word_1_522' title='bbox 3584 3755 3767 3823; x_wconf 78' lang='grc' dir='ltr'>Ἀλέξ-</span> 
     </span>
    </p>
   </div>
   <div class='ocr_carea' id='block_1_79' title="bbox 2176 3842 3765 3919">
    <p class='ocr_par' dir='ltr' id='par_1_79' title="bbox 2176 3842 3765 3919">
     <span class='ocr_line' id='line_1_80' title="bbox 2176 3842 3765 3919; baseline 0.004 -25"><span class='ocrx_word' id='word_1_523' title='bbox 2176 3842 2367 3914; x_wconf 86' lang='grc' dir='ltr'>ανδρος</span> <span class='ocrx_word' id='word_1_524' title='bbox 2409 3845 2466 3898; x_wconf 83' lang='grc' dir='ltr'>ὲν</span> <span class='ocrx_word' id='word_1_525' title='bbox 2510 3844 2682 3915; x_wconf 79' lang='grc' dir='ltr'>ἑτέρῳ</span> <span class='ocrx_word' id='word_1_526' title='bbox 2731 3845 2963 3918; x_wconf 86' lang='grc' dir='ltr'>σώματι.</span> <span class='ocrx_word' id='word_1_527' title='bbox 2994 3847 3140 3918; x_wconf 79' lang='grc' dir='ltr'>Αὕτη</span> <span class='ocrx_word' id='word_1_528' title='bbox 3171 3849 3203 3919; x_wconf 81' lang='grc' dir='ltr'><strong>ἡ</strong></span> <span class='ocrx_word' id='word_1_529' title='bbox 3231 3848 3405 3918; x_wconf 75' lang='grc' dir='ltr'>οἴησις</span> <span class='ocrx_word' id='word_1_530' title='bbox 3433 3847 3594 3902; x_wconf 81' lang='grc' dir='ltr'>αὐτὸν</span> <span class='ocrx_word' id='word_1_531' title='bbox 3638 3849 3765 3919; x_wconf 78' lang='grc' dir='ltr'><strong>ἐξη-</strong></span> 
     </span>
    </p>
   </div>
   <div class='ocr_carea' id='block_1_80' title="bbox 2175 3934 3763 4009">
    <p class='ocr_par' dir='ltr' id='par_1_80' title="bbox 2175 3934 3763 4009">
     <span class='ocr_line' id='line_1_81' title="bbox 2175 3934 3763 4009; baseline 0.003 -23"><span class='ocrx_word' id='word_1_532' title='bbox 2175 3934 2407 4006; x_wconf 78' lang='grc' dir='ltr'>πάτησε,</span> <span class='ocrx_word' id='word_1_533' title='bbox 2434 3935 2530 3989; x_wconf 80' lang='grc' dir='ltr'><strong>καὶ</strong></span> <span class='ocrx_word' id='word_1_534' title='bbox 2567 3939 2949 4009; x_wconf 86' lang='grc' dir='ltr'>παρεσκεύασε</span> <span class='ocrx_word' id='word_1_535' title='bbox 2986 3941 3108 3993; x_wconf 84' lang='grc' dir='ltr'>τότε</span> <span class='ocrx_word' id='word_1_536' title='bbox 3137 3939 3235 4009; x_wconf 78' lang='grc' dir='ltr'><strong>τὴν</strong></span> <span class='ocrx_word' id='word_1_537' title='bbox 3268 3940 3478 3992; x_wconf 77' lang='grc' dir='ltr'>ἱκεσίαν</span> <span class='ocrx_word' id='word_1_538' title='bbox 3498 3938 3596 3992; x_wconf 79' lang='grc' dir='ltr'>τοῦ</span> <span class='ocrx_word' id='word_1_539' title='bbox 3621 3939 3763 4008; x_wconf 75' lang='grc' dir='ltr'><strong>Πέρ-</strong></span> 
     </span>
    </p>
   </div>
   <div class='ocr_carea' id='block_1_81' title="bbox 2179 4027 3761 4103">
    <p class='ocr_par' dir='ltr' id='par_1_81' title="bbox 2179 4027 3761 4103">
     <span class='ocr_line' id='line_1_82' title="bbox 2179 4027 3761 4103; baseline 0.003 -26"><span class='ocrx_word' id='word_1_540' title='bbox 2179 4044 2271 4078; x_wconf 89' lang='grc' dir='ltr'><strong>σου</strong></span> <span class='ocrx_word' id='word_1_541' title='bbox 2300 4027 2374 4097; x_wconf 86' lang='grc' dir='ltr'><strong>μὴ</strong></span> <span class='ocrx_word' id='word_1_542' title='bbox 2405 4027 2829 4097; x_wconf 79' lang='grc' dir='ltr'>παραδέξασθαι.</span> <span class='ocrx_word' id='word_1_543' title='bbox 2858 4031 3055 4102; x_wconf 88' lang='grc' dir='ltr'>Διόπερ</span> <span class='ocrx_word' id='word_1_544' title='bbox 3083 4033 3284 4095; x_wconf 76' lang='grc' dir='ltr'>ἐκεῖνος</span> <span class='ocrx_word' id='word_1_545' title='bbox 3326 4031 3489 4100; x_wconf 73' lang='grc' dir='ltr'>γνοὺς</span> <span class='ocrx_word' id='word_1_546' title='bbox 3519 4030 3761 4103; x_wconf 80' lang='grc' dir='ltr'>ἀνήνυτα</span> 
     </span>
    </p>
   </div>
   <div class='ocr_carea' id='block_1_82' title="bbox 2178 4116 3759 4193">
    <p class='ocr_par' dir='ltr' id='par_1_82' title="bbox 2178 4116 3759 4193">
     <span class='ocr_line' id='line_1_83' title="bbox 2178 4116 3759 4193; baseline 0.001 -23"><span class='ocrx_word' id='word_1_547' title='bbox 2178 4116 2323 4188; x_wconf 77' lang='grc' dir='ltr'>αὐτῷ</span> <span class='ocrx_word' id='word_1_548' title='bbox 2348 4118 2414 4172; x_wconf 81' lang='grc' dir='ltr'>τὰ</span> <span class='ocrx_word' id='word_1_549' title='bbox 2442 4119 2538 4189; x_wconf 82' lang='grc' dir='ltr'>τῆς</span> <span class='ocrx_word' id='word_1_550' title='bbox 2566 4120 2863 4190; x_wconf 81' lang='grc' dir='ltr'>πρεσϐείας</span> <span class='ocrx_word' id='word_1_551' title='bbox 2906 4122 3192 4193; x_wconf 85' lang='grc' dir='ltr'>γενόμενα,</span> <span class='ocrx_word' id='word_1_552' title='bbox 3227 4122 3306 4186; x_wconf 86' lang='grc' dir='ltr'><strong>είς</strong></span> <span class='ocrx_word' id='word_1_553' title='bbox 3339 4121 3587 4192; x_wconf 82' lang='grc' dir='ltr'>ἀνάγκην</span> <span class='ocrx_word' id='word_1_554' title='bbox 3625 4119 3759 4173; x_wconf 84' lang='grc' dir='ltr'>καθ-</span> 
     </span>
    </p>
   </div>
   <div class='ocr_carea' id='block_1_83' title="bbox 1655 4298 2600 4359">
    <p class='ocr_par' dir='ltr' id='par_1_83' title="bbox 1655 4298 2600 4359">
     <span class='ocr_line' id='line_1_84' title="bbox 1655 4298 2600 4359; baseline 0.004 -5"><span class='ocrx_word' id='word_1_555' title='bbox 1655 4298 2017 4356; x_wconf 79' lang='lat' dir='ltr'><strong>VARIORUM</strong></span> <span class='ocrx_word' id='word_1_556' title='bbox 2053 4300 2600 4359; x_wconf 48' lang='lat' dir='ltr'><strong>ANNOTATIORES.</strong></span> 
     </span>
    </p>
   </div>
   <div class='ocr_carea' id='block_1_84' title="bbox 573 4402 2077 4488">
    <p class='ocr_par' dir='ltr' id='par_1_84' title="bbox 573 4402 2077 4488">
     <span class='ocr_line' id='line_1_85' title="bbox 573 4402 2077 4488; baseline 0.001 -16"><span class='ocrx_word' id='word_1_557' title='bbox 573 4418 601 4459; x_wconf 81' lang='grc' dir='ltr'>Ιι</span> <span class='ocrx_word' id='word_1_558' title='bbox 656 4417 983 4488; x_wconf 71' lang='grc' dir='ltr'>Σφραγῖδες</span> <span class='ocrx_word' id='word_1_559' title='bbox 1027 4402 1315 4487; x_wconf 26' lang='grc' dir='ltr'>’σταυροῦ</span> <span class='ocrx_word' id='word_1_560' title='bbox 1370 4418 1495 4483; x_wconf 77' lang='grc' dir='ltr'>τοῖς</span> <span class='ocrx_word' id='word_1_561' title='bbox 1557 4420 1809 4487; x_wconf 71' lang='grc' dir='ltr'>ἱματίοις</span> <span class='ocrx_word' id='word_1_562' title='bbox 1878 4420 2077 4474; x_wconf 71' lang='grc' dir='ltr'>αὐτῶν</span> 
     </span>
    </p>
   </div>
   <div class='ocr_carea' id='block_1_85' title="bbox 499 4488 2068 4558">
    <p class='ocr_par' dir='ltr' id='par_1_85' title="bbox 499 4488 2068 4558">
     <span class='ocr_line' id='line_1_86' title="bbox 499 4488 2068 4558; baseline 0 -14"><span class='ocrx_word' id='word_1_563' title='bbox 499 4490 979 4558; x_wconf 61' lang='grc' dir='ltr'>ἐκτετυπωμέναι</span> <span class='ocrx_word' id='word_1_564' title='bbox 1010 4489 1345 4557; x_wconf 63' lang='grc' dir='ltr'>ἐφάνησαν.</span> <span class='ocrx_word' id='word_1_565' title='bbox 1402 4488 1526 4542; x_wconf 71' lang='grc' dir='ltr'>Ηιυε</span> <span class='ocrx_word' id='word_1_566' title='bbox 1568 4491 1796 4543; x_wconf 83' lang='lat' dir='ltr'><strong>historia</strong></span> <span class='ocrx_word' id='word_1_567' title='bbox 1829 4490 2068 4544; x_wconf 76' lang='lat' dir='ltr'><strong>conferri</strong></span> 
     </span>
    </p>
   </div>
   <div class='ocr_carea' id='block_1_86' title="bbox 500 4558 2067 4629">
    <p class='ocr_par' dir='ltr' id='par_1_86' title="bbox 500 4558 2067 4629">
     <span class='ocr_line' id='line_1_87' title="bbox 500 4558 2067 4629; baseline 0 -16"><span class='ocrx_word' id='word_1_568' title='bbox 500 4568 740 4613; x_wconf 74' lang='lat' dir='ltr'><strong>llll‘J‘Cllll‘</strong></span> <span class='ocrx_word' id='word_1_569' title='bbox 787 4560 1119 4629; x_wconf 79' lang='lat' dir='ltr'><strong>eumsimili</strong></span> <span class='ocrx_word' id='word_1_570' title='bbox 1177 4576 1235 4613; x_wconf 84' lang='lat' dir='ltr'><strong>re</strong></span> <span class='ocrx_word' id='word_1_571' title='bbox 1274 4576 1396 4626; x_wconf 60' lang='lat' dir='ltr'><strong>qua}</strong></span> <span class='ocrx_word' id='word_1_572' title='bbox 1448 4558 1648 4611; x_wconf 68' lang='lat' dir='ltr'><strong>accidit</strong></span> <span class='ocrx_word' id='word_1_573' title='bbox 1714 4560 1767 4612; x_wconf 89' lang='lat' dir='ltr'><strong>in</strong></span> <span class='ocrx_word' id='word_1_574' title='bbox 1836 4563 2067 4629; x_wconf 73' lang='lat' dir='ltr'><strong>ecclesia</strong></span> 
     </span>
    </p>
   </div>
   <div class='ocr_carea' id='block_1_87' title="bbox 500 4628 2066 4698">
    <p class='ocr_par' dir='ltr' id='par_1_87' title="bbox 500 4628 2066 4698">
     <span class='ocr_line' id='line_1_88' title="bbox 500 4628 2066 4698; baseline 0 -15"><span class='ocrx_word' id='word_1_575' title='bbox 500 4630 765 4683; x_wconf 79' lang='lat' dir='ltr'><strong>Wellcnsi</strong></span> <span class='ocrx_word' id='word_1_576' title='bbox 803 4628 945 4697; x_wconf 85' lang='lat' dir='ltr'><strong>apud</strong></span> <span class='ocrx_word' id='word_1_577' title='bbox 977 4632 1203 4698; x_wconf 72' lang='lat' dir='ltr'><strong>Anglos,</strong></span> <span class='ocrx_word' id='word_1_578' title='bbox 1230 4645 1395 4698; x_wconf 88' lang='lat' dir='ltr'><strong>quam</strong></span> <span class='ocrx_word' id='word_1_579' title='bbox 1446 4644 1511 4681; x_wconf 79' lang='lat' dir='ltr'><strong>ex</strong></span> <span class='ocrx_word' id='word_1_580' title='bbox 1555 4642 1652 4681; x_wconf 84' lang='lat' dir='ltr'><strong>ore</strong></span> <span class='ocrx_word' id='word_1_581' title='bbox 1695 4631 2066 4685; x_wconf 85' lang='lat' dir='ltr'><strong>reverendiss.</strong></span> 
     </span>
    </p>
   </div>
   <div class='ocr_carea' id='block_1_88' title="bbox 496 4698 2070 4767">
    <p class='ocr_par' dir='ltr' id='par_1_88' title="bbox 496 4698 2070 4767">
     <span class='ocr_line' id='line_1_89' title="bbox 496 4698 2070 4767; baseline 0.001 -15"><span class='ocrx_word' id='word_1_582' title='bbox 496 4699 805 4753; x_wconf 80' lang='lat' dir='ltr'><strong>Andrcwsii</strong></span> <span class='ocrx_word' id='word_1_583' title='bbox 847 4699 1089 4767; x_wconf 89' lang='lat' dir='ltr'><strong>episcopi</strong></span> <span class='ocrx_word' id='word_1_584' title='bbox 1127 4698 1522 4752; x_wconf 83' lang='lat' dir='ltr'><strong>Wintoniensis</strong></span> <span class='ocrx_word' id='word_1_585' title='bbox 1576 4698 1947 4762; x_wconf 73' lang='grc' dir='ltr'>ουιοὺοιτίιιιί,</span> <span class='ocrx_word' id='word_1_586' title='bbox 1980 4716 2070 4754; x_wconf 89' lang='lat' dir='ltr'><strong>ac-</strong></span> 
     </span>
    </p>
   </div>
   <div class='ocr_carea' id='block_1_89' title="bbox 498 4769 2069 4837">
    <p class='ocr_par' dir='ltr' id='par_1_89' title="bbox 498 4769 2069 4837">
     <span class='ocr_line' id='line_1_90' title="bbox 498 4769 2069 4837; baseline 0.001 -16"><span class='ocrx_word' id='word_1_587' title='bbox 498 4777 712 4837; x_wconf 81' lang='lat' dir='ltr'><strong>ceptam</strong></span> <span class='ocrx_word' id='word_1_588' title='bbox 755 4772 942 4822; x_wconf 80' lang='lat' dir='ltr'><strong>retulit</strong></span> <span class='ocrx_word' id='word_1_589' title='bbox 969 4769 1190 4822; x_wconf 80' lang='lat' dir='ltr'><strong>lsaarus</strong></span> <span class='ocrx_word' id='word_1_590' title='bbox 1220 4770 1579 4837; x_wconf 74' lang='lat' dir='ltr'><strong>Casauhouus</strong></span> <span class='ocrx_word' id='word_1_591' title='bbox 1619 4787 1631 4819; x_wconf 90' lang='lat'><strong>:</strong></span> <span class='ocrx_word' id='word_1_592' title='bbox 1663 4783 1891 4837; x_wconf 62' lang='lat' dir='ltr'><strong>qnaaque</strong></span> <span class='ocrx_word' id='word_1_593' title='bbox 1926 4771 2069 4823; x_wconf 84' lang='lat' dir='ltr'><strong>reci-</strong></span> 
     </span>
    </p>
   </div>
   <div class='ocr_carea' id='block_1_90' title="bbox 503 4835 2070 4893">
    <p class='ocr_par' dir='ltr' id='par_1_90' title="bbox 503 4835 2070 4893">
     <span class='ocr_line' id='line_1_91' title="bbox 503 4835 2070 4893; baseline -0.003 -2"><span class='ocrx_word' id='word_1_594' title='bbox 503 4835 652 4892; x_wconf 84' lang='lat' dir='ltr'><strong>tatur</strong></span> <span class='ocrx_word' id='word_1_595' title='bbox 685 4853 713 4889; x_wconf 88' lang='lat' dir='ltr'><strong>a</strong></span> <span class='ocrx_word' id='word_1_596' title='bbox 767 4837 970 4891; x_wconf 83' lang='lat' dir='ltr'><strong>Mcrico</strong></span> <span class='ocrx_word' id='word_1_597' title='bbox 1012 4839 1343 4891; x_wconf 86' lang='lat' dir='ltr'><strong>Casaubono</strong></span> <span class='ocrx_word' id='word_1_598' title='bbox 1407 4835 1443 4890; x_wconf 88' lang='lat' dir='ltr'><strong>l.</strong></span> <span class='ocrx_word' id='word_1_599' title='bbox 1486 4837 1544 4890; x_wconf 57' lang='lat' dir='ltr'><strong>l“.</strong></span> <span class='ocrx_word' id='word_1_600' title='bbox 1583 4838 1634 4890; x_wconf 91' lang='lat' dir='ltr'><strong>in</strong></span> <span class='ocrx_word' id='word_1_601' title='bbox 1686 4835 1943 4893; x_wconf 77' lang='lat' dir='ltr'><strong>Tl&#39;actatu</strong></span> <span class='ocrx_word' id='word_1_602' title='bbox 1996 4840 2070 4892; x_wconf 79' lang='lat' dir='ltr'><strong>De</strong></span> 
     </span>
    </p>
   </div>
   <div class='ocr_carea' id='block_1_91' title="bbox 500 4906 2068 4976">
    <p class='ocr_par' dir='ltr' id='par_1_91' title="bbox 500 4906 2068 4976">
     <span class='ocr_line' id='line_1_92' title="bbox 500 4906 2068 4976; baseline 0 -15"><span class='ocrx_word' id='word_1_603' title='bbox 500 4908 849 4972; x_wconf 82' lang='lat' dir='ltr'><strong>credulitate,</strong></span> <span class='ocrx_word' id='word_1_604' title='bbox 876 4924 926 4975; x_wconf 91' lang='lat' dir='ltr'><strong>p.</strong></span> <span class='ocrx_word' id='word_1_605' title='bbox 963 4908 1085 4971; x_wconf 85' lang='grc'><strong>118,</strong></span> <span class='ocrx_word' id='word_1_606' title='bbox 1125 4910 1270 4962; x_wconf 88' lang='lat' dir='ltr'><strong>hunc</strong></span> <span class='ocrx_word' id='word_1_607' title='bbox 1304 4908 1357 4961; x_wconf 91' lang='lat' dir='ltr'><strong>in</strong></span> <span class='ocrx_word' id='word_1_608' title='bbox 1386 4915 1605 4976; x_wconf 73' lang='lat' dir='ltr'><strong>inodum</strong></span> <span class='ocrx_word' id='word_1_609' title='bbox 1632 4927 1644 4960; x_wconf 90' lang='lat'><strong>:</strong></span> <span class='ocrx_word' id='word_1_610' title='bbox 1675 4906 1738 4961; x_wconf 85' lang='grc' dir='ltr'><strong>Ι).</strong></span> <span class='ocrx_word' id='word_1_611' title='bbox 1774 4906 2068 4976; x_wconf 75' lang='lat' dir='ltr'><strong>Episcopus</strong></span> 
     </span>
    </p>
   </div>
   <div class='ocr_carea' id='block_1_92' title="bbox 503 4974 2070 5046">
    <p class='ocr_par' dir='ltr' id='par_1_92' title="bbox 503 4974 2070 5046">
     <span class='ocr_line' id='line_1_93' title="bbox 503 4974 2070 5046; baseline 0.003 -16"><span class='ocrx_word' id='word_1_612' title='bbox 503 4978 734 5031; x_wconf 75' lang='lat' dir='ltr'><strong>Eliensis</strong></span> <span class='ocrx_word' id='word_1_613' title='bbox 759 4980 827 5042; x_wconf 88' lang='lat' dir='ltr'><strong>(is</strong></span> <span class='ocrx_word' id='word_1_614' title='bbox 861 4974 1047 5046; x_wconf 86' lang='lat' dir='ltr'><strong>postea</strong></span> <span class='ocrx_word' id='word_1_615' title='bbox 1079 4979 1144 5031; x_wconf 90' lang='lat' dir='ltr'><strong>ad</strong></span> <span class='ocrx_word' id='word_1_616' title='bbox 1194 4978 1376 5033; x_wconf 88' lang='lat' dir='ltr'><strong>sedem</strong></span> <span class='ocrx_word' id='word_1_617' title='bbox 1420 4974 1791 5033; x_wconf 86' lang='lat' dir='ltr'><strong>Wintoniens.</strong></span> <span class='ocrx_word' id='word_1_618' title='bbox 1824 4974 2070 5034; x_wconf 78' lang='lat' dir='ltr'><strong>evectus</strong></span> 
     </span>
    </p>
   </div>
   <div class='ocr_carea' id='block_1_93' title="bbox 501 5046 2070 5117">
    <p class='ocr_par' dir='ltr' id='par_1_93' title="bbox 501 5046 2070 5117">
     <span class='ocr_line' id='line_1_94' title="bbox 501 5046 2070 5117; baseline 0.001 -16"><span class='ocrx_word' id='word_1_619' title='bbox 501 5051 605 5117; x_wconf 84' lang='lat' dir='ltr'><strong>est)</strong></span> <span class='ocrx_word' id='word_1_620' title='bbox 658 5047 950 5117; x_wconf 21' lang='lat' dir='ltr'><strong>dicebatise</strong></span> <span class='ocrx_word' id='word_1_621' title='bbox 985 5049 1245 5116; x_wconf 82' lang='lat' dir='ltr'><strong>accepisse</strong></span> <span class='ocrx_word' id='word_1_622' title='bbox 1280 5064 1313 5102; x_wconf 90' lang='lat' dir='ltr'><strong>a</strong></span> <span class='ocrx_word' id='word_1_623' title='bbox 1339 5048 1543 5113; x_wconf 87' lang='lat' dir='ltr'><strong>multis,</strong></span> <span class='ocrx_word' id='word_1_624' title='bbox 1590 5046 1681 5101; x_wconf 82' lang='lat' dir='ltr'><strong>sed</strong></span> <span class='ocrx_word' id='word_1_625' title='bbox 1736 5049 1999 5116; x_wconf 70' lang='lat' dir='ltr'><strong>prazcipue</strong></span> <span class='ocrx_word' id='word_1_626' title='bbox 2038 5067 2070 5102; x_wconf 94' lang='lat' dir='ltr'><strong>a</strong></span> 
     </span>
    </p>
   </div>
   <div class='ocr_carea' id='block_1_94' title="bbox 505 5116 2070 5186">
    <p class='ocr_par' dir='ltr' id='par_1_94' title="bbox 505 5116 2070 5186">
     <span class='ocr_line' id='line_1_95' title="bbox 505 5116 2070 5186; baseline 0.003 -17"><span class='ocrx_word' id='word_1_627' title='bbox 505 5117 569 5173; x_wconf 82' lang='grc' dir='ltr'><strong>Ι).</strong></span> <span class='ocrx_word' id='word_1_628' title='bbox 600 5118 840 5186; x_wconf 85' lang='lat' dir='ltr'><strong>episcopo</strong></span> <span class='ocrx_word' id='word_1_629' title='bbox 877 5116 1131 5172; x_wconf 84' lang='lat' dir='ltr'><strong>Wellensi</strong></span> <span class='ocrx_word' id='word_1_630' title='bbox 1160 5133 1323 5185; x_wconf 87' lang='lat' dir='ltr'><strong>nuper</strong></span> <span class='ocrx_word' id='word_1_631' title='bbox 1351 5128 1558 5170; x_wconf 87' lang='lat' dir='ltr'><strong>mortuo</strong></span> <span class='ocrx_word' id='word_1_632' title='bbox 1589 5118 1658 5186; x_wconf 85' lang='lat' dir='ltr'><strong>(is</strong></span> <span class='ocrx_word' id='word_1_633' title='bbox 1693 5130 1807 5172; x_wconf 92' lang='lat' dir='ltr'><strong>erat</strong></span> <span class='ocrx_word' id='word_1_634' title='bbox 1831 5116 2070 5176; x_wconf 81' lang='lat' dir='ltr'><strong>Joannes</strong></span> 
     </span>
    </p>
   </div>
   <div class='ocr_carea' id='block_1_95' title="bbox 503 5188 2071 5257">
    <p class='ocr_par' dir='ltr' id='par_1_95' title="bbox 503 5188 2071 5257">
     <span class='ocr_line' id='line_1_96' title="bbox 503 5188 2071 5257; baseline 0.002 -17"><span class='ocrx_word' id='word_1_635' title='bbox 503 5188 652 5255; x_wconf 78' lang='lat' dir='ltr'><strong>Still)</strong></span> <span class='ocrx_word' id='word_1_636' title='bbox 678 5188 906 5241; x_wconf 81' lang='lat' dir='ltr'><strong>evenisse</strong></span> <span class='ocrx_word' id='word_1_637' title='bbox 951 5197 1073 5241; x_wconf 86' lang='lat' dir='ltr'><strong>ante</strong></span> <span class='ocrx_word' id='word_1_638' title='bbox 1138 5204 1303 5242; x_wconf 89' lang='lat' dir='ltr'><strong>annos</strong></span> <span class='ocrx_word' id='word_1_639' title='bbox 1357 5189 1583 5257; x_wconf 80' lang='lat' dir='ltr'><strong>circiter</strong></span> <span class='ocrx_word' id='word_1_640' title='bbox 1618 5203 1685 5239; x_wconf 83' lang='lat' dir='ltr'><strong>xv</strong></span> <span class='ocrx_word' id='word_1_641' title='bbox 1722 5189 1925 5257; x_wconf 86' lang='lat' dir='ltr'><strong>(annus</strong></span> <span class='ocrx_word' id='word_1_642' title='bbox 1950 5200 2071 5243; x_wconf 85' lang='lat' dir='ltr'><strong>erat</strong></span> 
     </span>
    </p>
   </div>
   <div class='ocr_carea' id='block_1_96' title="bbox 502 5256 2068 5325">
    <p class='ocr_par' dir='ltr' id='par_1_96' title="bbox 502 5256 2068 5325">
     <span class='ocr_line' id='line_1_97' title="bbox 502 5256 2068 5325; baseline 0.001 -15"><span class='ocrx_word' id='word_1_643' title='bbox 502 5257 642 5311; x_wconf 81' lang='grc'><strong>1610</strong></span> <span class='ocrx_word' id='word_1_644' title='bbox 672 5258 754 5311; x_wconf 89' lang='lat' dir='ltr'><strong>vel</strong></span> <span class='ocrx_word' id='word_1_645' title='bbox 793 5257 950 5318; x_wconf 79' lang='lat' dir='ltr'><strong>16H,</strong></span> <span class='ocrx_word' id='word_1_646' title='bbox 995 5271 1120 5310; x_wconf 89' lang='lat' dir='ltr'><strong>cum</strong></span> <span class='ocrx_word' id='word_1_647' title='bbox 1160 5258 1271 5311; x_wconf 63' lang='lat' dir='ltr'><strong>haec</strong></span> <span class='ocrx_word' id='word_1_648' title='bbox 1308 5256 1595 5325; x_wconf 83' lang='lat' dir='ltr'><strong>scriberet)</strong></span> <span class='ocrx_word' id='word_1_649' title='bbox 1636 5259 1688 5309; x_wconf 85' lang='lat' dir='ltr'><strong>in</strong></span> <span class='ocrx_word' id='word_1_650' title='bbox 1723 5256 1847 5311; x_wconf 84' lang='lat' dir='ltr'><strong>urbe</strong></span> <span class='ocrx_word' id='word_1_651' title='bbox 1871 5257 2068 5321; x_wconf 88' lang='lat' dir='ltr'><strong>Wella,</strong></span> 
     </span>
    </p>
   </div>
   <div class='ocr_carea' id='block_1_97' title="bbox 500 5327 2071 5396">
    <p class='ocr_par' dir='ltr' id='par_1_97' title="bbox 500 5327 2071 5396">
     <span class='ocr_line' id='line_1_98' title="bbox 500 5327 2071 5396; baseline 0.001 -18"><span class='ocrx_word' id='word_1_652' title='bbox 500 5330 587 5380; x_wconf 81' lang='lat' dir='ltr'><strong>die</strong></span> <span class='ocrx_word' id='word_1_653' title='bbox 624 5332 859 5396; x_wconf 81' lang='lat' dir='ltr'><strong>quadam</strong></span> <span class='ocrx_word' id='word_1_654' title='bbox 903 5330 1109 5387; x_wconf 60' lang='lat' dir='ltr'><strong>aestiva,</strong></span> <span class='ocrx_word' id='word_1_655' title='bbox 1144 5338 1201 5379; x_wconf 87' lang='lat' dir='ltr'><strong>ut</strong></span> <span class='ocrx_word' id='word_1_656' title='bbox 1241 5327 1366 5379; x_wconf 80' lang='lat' dir='ltr'><strong>(lunt</strong></span> <span class='ocrx_word' id='word_1_657' title='bbox 1424 5329 1477 5379; x_wconf 87' lang='lat' dir='ltr'><strong>in</strong></span> <span class='ocrx_word' id='word_1_658' title='bbox 1529 5329 1747 5380; x_wconf 76' lang='lat' dir='ltr'><strong>ecclesia</strong></span> <span class='ocrx_word' id='word_1_659' title='bbox 1776 5328 2071 5381; x_wconf 83' lang='lat' dir='ltr'><strong>cathedrali</strong></span> 
     </span>
    </p>
   </div>
   <div class='ocr_carea' id='block_1_98' title="bbox 502 5396 2073 5467">
    <p class='ocr_par' dir='ltr' id='par_1_98' title="bbox 502 5396 2073 5467">
     <span class='ocr_line' id='line_1_99' title="bbox 502 5396 2073 5467; baseline 0 -17"><span class='ocrx_word' id='word_1_660' title='bbox 502 5398 720 5467; x_wconf 79' lang='lat' dir='ltr'><strong>populus</strong></span> <span class='ocrx_word' id='word_1_661' title='bbox 768 5398 934 5450; x_wconf 85' lang='lat' dir='ltr'><strong>sacris</strong></span> <span class='ocrx_word' id='word_1_662' title='bbox 968 5408 1197 5459; x_wconf 83' lang='lat' dir='ltr'><strong>vacaret,</strong></span> <span class='ocrx_word' id='word_1_663' title='bbox 1242 5399 1345 5448; x_wconf 88' lang='lat' dir='ltr'><strong>duo</strong></span> <span class='ocrx_word' id='word_1_664' title='bbox 1391 5396 1467 5467; x_wconf 78' lang='lat' dir='ltr'><strong>rel</strong></span> <span class='ocrx_word' id='word_1_665' title='bbox 1518 5398 1624 5467; x_wconf 84' lang='lat' dir='ltr'><strong>tria</strong></span> <span class='ocrx_word' id='word_1_666' title='bbox 1660 5398 1911 5457; x_wconf 83' lang='lat' dir='ltr'><strong>tonitrua,</strong></span> <span class='ocrx_word' id='word_1_667' title='bbox 1937 5400 2073 5451; x_wconf 85' lang='lat' dir='ltr'><strong>inter</strong></span> 
     </span>
    </p>
   </div>
   <div class='ocr_carea' id='block_1_99' title="bbox 501 5466 2071 5535">
    <p class='ocr_par' dir='ltr' id='par_1_99' title="bbox 501 5466 2071 5535">
     <span class='ocr_line' id='line_1_100' title="bbox 501 5466 2071 5535; baseline 0.001 -17"><span class='ocrx_word' id='word_1_668' title='bbox 501 5468 679 5533; x_wconf 87' lang='lat' dir='ltr'><strong>plura,</strong></span> <span class='ocrx_word' id='word_1_669' title='bbox 740 5468 1060 5520; x_wconf 78' lang='lat' dir='ltr'><strong>audirentur</strong></span> <span class='ocrx_word' id='word_1_670' title='bbox 1100 5482 1263 5535; x_wconf 81' lang='lat' dir='ltr'><strong>supra</strong></span> <span class='ocrx_word' id='word_1_671' title='bbox 1318 5466 1528 5518; x_wconf 85' lang='lat' dir='ltr'><strong>modum</strong></span> <span class='ocrx_word' id='word_1_672' title='bbox 1577 5466 1862 5526; x_wconf 83' lang='lat' dir='ltr'><strong>horrenda,</strong></span> <span class='ocrx_word' id='word_1_673' title='bbox 1900 5469 1974 5519; x_wconf 89' lang='lat' dir='ltr'><strong>ita</strong></span> <span class='ocrx_word' id='word_1_674' title='bbox 2015 5476 2071 5520; x_wconf 87' lang='lat' dir='ltr'><strong>ut</strong></span> 
     </span>
    </p>
   </div>
   <div class='ocr_carea' id='block_1_100' title="bbox 500 5536 2073 5610">
    <p class='ocr_par' dir='ltr' id='par_1_100' title="bbox 500 5536 2073 5610">
     <span class='ocr_line' id='line_1_101' title="bbox 500 5536 2073 5610; baseline -0.001 -19"><span class='ocrx_word' id='word_1_675' title='bbox 500 5539 723 5610; x_wconf 78' lang='lat' dir='ltr'><strong>populus</strong></span> <span class='ocrx_word' id='word_1_676' title='bbox 760 5538 1032 5591; x_wconf 82' lang='lat' dir='ltr'><strong>universus</strong></span> <span class='ocrx_word' id='word_1_677' title='bbox 1080 5536 1340 5610; x_wconf 58' lang='lat' dir='ltr'><strong>ingenua</strong></span> <span class='ocrx_word' id='word_1_678' title='bbox 1373 5538 1487 5610; x_wconf 65' lang='grc' dir='ltr'><strong>Δμιᾷ</strong></span> <span class='ocrx_word' id='word_1_679' title='bbox 1529 5538 1680 5610; x_wconf 68' lang='grc' dir='ltr'><strong>όρμῇΔ</strong></span> <span class='ocrx_word' id='word_1_680' title='bbox 1717 5539 2073 5610; x_wconf 74' lang='lat' dir='ltr'><strong>procumberet</strong></span> 
     </span>
    </p>
   </div>
   <div class='ocr_carea' id='block_1_101' title="bbox 500 5605 2074 5673">
    <p class='ocr_par' dir='ltr' id='par_1_101' title="bbox 500 5605 2074 5673">
     <span class='ocr_line' id='line_1_102' title="bbox 500 5605 2074 5673; baseline 0.001 -14"><span class='ocrx_word' id='word_1_681' title='bbox 500 5605 568 5660; x_wconf 76' lang='lat' dir='ltr'><strong>ad</strong></span> <span class='ocrx_word' id='word_1_682' title='bbox 599 5608 751 5661; x_wconf 86' lang='lat' dir='ltr'><strong>illum</strong></span> <span class='ocrx_word' id='word_1_683' title='bbox 779 5624 966 5661; x_wconf 84' lang='lat' dir='ltr'><strong>sonum</strong></span> <span class='ocrx_word' id='word_1_684' title='bbox 1009 5607 1312 5659; x_wconf 85' lang='lat' dir='ltr'><strong>terribilem.</strong></span> <span class='ocrx_word' id='word_1_685' title='bbox 1362 5605 1609 5658; x_wconf 82' lang='lat' dir='ltr'><strong>Constitit</strong></span> <span class='ocrx_word' id='word_1_686' title='bbox 1654 5606 1850 5673; x_wconf 80' lang='lat' dir='ltr'><strong>fulmen</strong></span> <span class='ocrx_word' id='word_1_687' title='bbox 1912 5608 2074 5660; x_wconf 83' lang='lat' dir='ltr'><strong>simul</strong></span> 
     </span>
    </p>
   </div>
   <div class='ocr_carea' id='block_1_102' title="bbox 499 5676 2072 5745">
    <p class='ocr_par' dir='ltr' id='par_1_102' title="bbox 499 5676 2072 5745">
     <span class='ocr_line' id='line_1_103' title="bbox 499 5676 2072 5745; baseline -0.001 -13"><span class='ocrx_word' id='word_1_688' title='bbox 499 5679 768 5741; x_wconf 69' lang='lat' dir='ltr'><strong>cecidisse,</strong></span> <span class='ocrx_word' id='word_1_689' title='bbox 799 5680 911 5731; x_wconf 86' lang='lat' dir='ltr'><strong>sine</strong></span> <span class='ocrx_word' id='word_1_690' title='bbox 944 5676 1257 5745; x_wconf 76' lang='lat' dir='ltr'><strong>cuiusquam</strong></span> <span class='ocrx_word' id='word_1_691' title='bbox 1304 5677 1499 5728; x_wconf 82' lang='lat' dir='ltr'><strong>damno</strong></span> <span class='ocrx_word' id='word_1_692' title='bbox 1537 5684 1729 5729; x_wconf 84' lang='lat' dir='ltr'><strong>tamen.</strong></span> <span class='ocrx_word' id='word_1_693' title='bbox 1772 5679 1934 5745; x_wconf 75' lang='lat' dir='ltr'><strong>Atque</strong></span> <span class='ocrx_word' id='word_1_694' title='bbox 1964 5677 2072 5730; x_wconf 79' lang='lat' dir='ltr'><strong>lia&#39;c</strong></span> 
     </span>
    </p>
   </div>
   <div class='ocr_carea' id='block_1_103' title="bbox 504 5744 2073 5815">
    <p class='ocr_par' dir='ltr' id='par_1_103' title="bbox 504 5744 2073 5815">
     <span class='ocr_line' id='line_1_104' title="bbox 504 5744 2073 5815; baseline 0.001 -16"><span class='ocrx_word' id='word_1_695' title='bbox 504 5748 767 5815; x_wconf 76' lang='lat' dir='ltr'><strong>uulgaria.</strong></span> <span class='ocrx_word' id='word_1_696' title='bbox 815 5746 963 5801; x_wconf 83' lang='lat' dir='ltr'><strong>Illud</strong></span> <span class='ocrx_word' id='word_1_697' title='bbox 994 5744 1390 5807; x_wconf 82' lang='lat' dir='ltr'><strong>admirandum,</strong></span> <span class='ocrx_word' id='word_1_698' title='bbox 1442 5744 1581 5815; x_wconf 83' lang='lat' dir='ltr'><strong>quod</strong></span> <span class='ocrx_word' id='word_1_699' title='bbox 1607 5758 1789 5812; x_wconf 82' lang='lat' dir='ltr'><strong>postea</strong></span> <span class='ocrx_word' id='word_1_700' title='bbox 1829 5744 2073 5800; x_wconf 74' lang='lat' dir='ltr'><strong>Observa-</strong></span> 
     </span>
    </p>
   </div>
   <div class='ocr_carea' id='block_1_104' title="bbox 508 5817 2068 5900">
    <p class='ocr_par' dir='ltr' id='par_1_104' title="bbox 508 5817 2068 5900">
     <span class='ocr_line' id='line_1_105' title="bbox 508 5817 2068 5900; baseline 0.002 -32"><span class='ocrx_word' id='word_1_701' title='bbox 508 5822 609 5868; x_wconf 81' lang='lat' dir='ltr'><strong>tum</strong></span> <span class='ocrx_word' id='word_1_702' title='bbox 633 5827 709 5871; x_wconf 87' lang='lat' dir='ltr'><strong>est</strong></span> <span class='ocrx_word' id='word_1_703' title='bbox 727 5836 757 5871; x_wconf 83' lang='grc' dir='ltr'><strong>α</strong></span> <span class='ocrx_word' id='word_1_704' title='bbox 781 5819 1236 5900; x_wconf 43' lang='grc' dir='ltr'>ηιιιίιίδινρρενιαδ</span> <span class='ocrx_word' id='word_1_705' title='bbox 1260 5833 1369 5871; x_wconf 78' lang='lat' dir='ltr'><strong>esse</strong></span> <span class='ocrx_word' id='word_1_706' title='bbox 1390 5817 1559 5869; x_wconf 85' lang='lat' dir='ltr'><strong>crucis</strong></span> <span class='ocrx_word' id='word_1_707' title='bbox 1579 5818 1831 5887; x_wconf 64' lang='lat' dir='ltr'><strong>imagines</strong></span> <span class='ocrx_word' id='word_1_708' title='bbox 1852 5818 2068 5884; x_wconf 77' lang='lat' dir='ltr'><strong>impres-</strong></span> 
     </span>
    </p>
   </div>
   <div class='ocr_carea' id='block_1_105' title="bbox 2185 4421 3752 4491">
    <p class='ocr_par' dir='ltr' id='par_1_105' title="bbox 2185 4421 3752 4491">
     <span class='ocr_line' id='line_1_106' title="bbox 2185 4421 3752 4491; baseline -0.001 -14"><span class='ocrx_word' id='word_1_709' title='bbox 2185 4441 2273 4477; x_wconf 86' lang='lat' dir='ltr'><strong>sas</strong></span> <span class='ocrx_word' id='word_1_710' title='bbox 2305 4422 2612 4490; x_wconf 82' lang='lat' dir='ltr'><strong>corporibus</strong></span> <span class='ocrx_word' id='word_1_711' title='bbox 2633 4438 2810 4475; x_wconf 83' lang='lat' dir='ltr'><strong>eorum</strong></span> <span class='ocrx_word' id='word_1_712' title='bbox 2838 4422 2925 4491; x_wconf 89' lang='lat' dir='ltr'><strong>qui</strong></span> <span class='ocrx_word' id='word_1_713' title='bbox 2958 4422 3011 4475; x_wconf 83' lang='lat' dir='ltr'><strong>in</strong></span> <span class='ocrx_word' id='word_1_714' title='bbox 3040 4421 3152 4476; x_wconf 74' lang='lat' dir='ltr'><strong>(ede</strong></span> <span class='ocrx_word' id='word_1_715' title='bbox 3193 4437 3350 4475; x_wconf 84' lang='lat' dir='ltr'><strong>sacra</strong></span> <span class='ocrx_word' id='word_1_716' title='bbox 3378 4428 3488 4474; x_wconf 84' lang='lat' dir='ltr'><strong>tum</strong></span> <span class='ocrx_word' id='word_1_717' title='bbox 3519 4422 3752 4491; x_wconf 78' lang='lat' dir='ltr'><strong>fuerunt.</strong></span> 
     </span>
    </p>
   </div>
   <div class='ocr_carea' id='block_1_106' title="bbox 2181 4491 3755 4561">
    <p class='ocr_par' dir='ltr' id='par_1_106' title="bbox 2181 4491 3755 4561">
     <span class='ocr_line' id='line_1_107' title="bbox 2181 4491 3755 4561; baseline -0.001 -15"><span class='ocrx_word' id='word_1_718' title='bbox 2181 4493 2404 4546; x_wconf 85' lang='lat' dir='ltr'><strong>Dicebat</strong></span> <span class='ocrx_word' id='word_1_719' title='bbox 2432 4491 2725 4561; x_wconf 80' lang='lat' dir='ltr'><strong>Episcopus</strong></span> <span class='ocrx_word' id='word_1_720' title='bbox 2776 4491 3056 4545; x_wconf 76' lang='lat' dir='ltr'><strong>Wellensis</strong></span> <span class='ocrx_word' id='word_1_721' title='bbox 3099 4493 3314 4545; x_wconf 84' lang='lat' dir='ltr'><strong>domino</strong></span> <span class='ocrx_word' id='word_1_722' title='bbox 3357 4491 3586 4555; x_wconf 79' lang='lat' dir='ltr'><strong>Eliensi,</strong></span> <span class='ocrx_word' id='word_1_723' title='bbox 3618 4510 3755 4546; x_wconf 74' lang='lat' dir='ltr'><strong>uxo-</strong></span> 
     </span>
    </p>
   </div>
   <div class='ocr_carea' id='block_1_107' title="bbox 2174 4562 3756 4633">
    <p class='ocr_par' dir='ltr' id='par_1_107' title="bbox 2174 4562 3756 4633">
     <span class='ocr_line' id='line_1_108' title="bbox 2174 4562 3756 4633; baseline -0.002 -17"><span class='ocrx_word' id='word_1_724' title='bbox 2174 4580 2284 4616; x_wconf 87' lang='lat' dir='ltr'><strong>rem</strong></span> <span class='ocrx_word' id='word_1_725' title='bbox 2315 4580 2467 4617; x_wconf 87' lang='lat' dir='ltr'><strong>suam</strong></span> <span class='ocrx_word' id='word_1_726' title='bbox 2501 4563 2892 4633; x_wconf 78' lang='lat' dir='ltr'><strong>(honestissima</strong></span> <span class='ocrx_word' id='word_1_727' title='bbox 2926 4579 2989 4615; x_wconf 89' lang='lat' dir='ltr'><strong>ea</strong></span> <span class='ocrx_word' id='word_1_728' title='bbox 3026 4563 3244 4633; x_wconf 75' lang='lat' dir='ltr'><strong>femina</strong></span> <span class='ocrx_word' id='word_1_729' title='bbox 3281 4562 3408 4627; x_wconf 74' lang='lat' dir='ltr'><strong>fuit)</strong></span> <span class='ocrx_word' id='word_1_730' title='bbox 3452 4563 3658 4633; x_wconf 74' lang='lat' dir='ltr'><strong>uenisse</strong></span> <span class='ocrx_word' id='word_1_731' title='bbox 3689 4562 3756 4616; x_wconf 85' lang='lat' dir='ltr'><strong>ad</strong></span> 
     </span>
    </p>
   </div>
   <div class='ocr_carea' id='block_1_108' title="bbox 2171 4630 3755 4700">
    <p class='ocr_par' dir='ltr' id='par_1_108' title="bbox 2171 4630 3755 4700">
     <span class='ocr_line' id='line_1_109' title="bbox 2171 4630 3755 4700; baseline 0 -14"><span class='ocrx_word' id='word_1_732' title='bbox 2171 4650 2247 4695; x_wconf 89' lang='lat' dir='ltr'><strong>se,</strong></span> <span class='ocrx_word' id='word_1_733' title='bbox 2276 4643 2325 4686; x_wconf 86' lang='lat' dir='ltr'><strong>et</strong></span> <span class='ocrx_word' id='word_1_734' title='bbox 2364 4636 2411 4687; x_wconf 91' lang='lat' dir='ltr'><strong>ei</strong></span> <span class='ocrx_word' id='word_1_735' title='bbox 2440 4630 2692 4687; x_wconf 81' lang='lat' dir='ltr'><strong>narrasse</strong></span> <span class='ocrx_word' id='word_1_736' title='bbox 2737 4648 2832 4699; x_wconf 88' lang='lat' dir='ltr'><strong>pro</strong></span> <span class='ocrx_word' id='word_1_737' title='bbox 2865 4630 3055 4700; x_wconf 83' lang='lat' dir='ltr'><strong>grandi</strong></span> <span class='ocrx_word' id='word_1_738' title='bbox 3093 4632 3376 4694; x_wconf 83' lang='lat' dir='ltr'><strong>miraculo,</strong></span> <span class='ocrx_word' id='word_1_739' title='bbox 3401 4632 3502 4685; x_wconf 85' lang='lat' dir='ltr'><strong>sibi</strong></span> <span class='ocrx_word' id='word_1_740' title='bbox 3548 4634 3605 4685; x_wconf 83' lang='lat' dir='ltr'><strong>in</strong></span> <span class='ocrx_word' id='word_1_741' title='bbox 3637 4650 3755 4686; x_wconf 85' lang='lat' dir='ltr'><strong>cor-</strong></span> 
     </span>
    </p>
   </div>
   <div class='ocr_carea' id='block_1_109' title="bbox 2170 4701 3752 4771">
    <p class='ocr_par' dir='ltr' id='par_1_109' title="bbox 2170 4701 3752 4771">
     <span class='ocr_line' id='line_1_110' title="bbox 2170 4701 3752 4771; baseline 0 -16"><span class='ocrx_word' id='word_1_742' title='bbox 2170 4720 2299 4771; x_wconf 83' lang='lat' dir='ltr'><strong>pore</strong></span> <span class='ocrx_word' id='word_1_743' title='bbox 2337 4705 2597 4770; x_wconf 84' lang='lat' dir='ltr'><strong>impressa</strong></span> <span class='ocrx_word' id='word_1_744' title='bbox 2626 4705 2799 4756; x_wconf 88' lang='lat' dir='ltr'><strong>crucis</strong></span> <span class='ocrx_word' id='word_1_745' title='bbox 2833 4707 2984 4769; x_wconf 85' lang='lat' dir='ltr'><strong>signa</strong></span> <span class='ocrx_word' id='word_1_746' title='bbox 3017 4712 3245 4755; x_wconf 71' lang='lat' dir='ltr'><strong>exstare.</strong></span> <span class='ocrx_word' id='word_1_747' title='bbox 3286 4701 3440 4768; x_wconf 82' lang='lat' dir='ltr'><strong>Quod</strong></span> <span class='ocrx_word' id='word_1_748' title='bbox 3489 4719 3610 4754; x_wconf 83' lang='lat' dir='ltr'><strong>cum</strong></span> <span class='ocrx_word' id='word_1_749' title='bbox 3644 4706 3752 4756; x_wconf 85' lang='lat' dir='ltr'><strong>risu</strong></span> 
     </span>
    </p>
   </div>
   <div class='ocr_carea' id='block_1_110' title="bbox 2170 4773 3753 4842">
    <p class='ocr_par' dir='ltr' id='par_1_110' title="bbox 2170 4773 3753 4842">
     <span class='ocr_line' id='line_1_111' title="bbox 2170 4773 3753 4842; baseline -0.002 -16"><span class='ocrx_word' id='word_1_750' title='bbox 2170 4774 2427 4841; x_wconf 70' lang='lat' dir='ltr'><strong>exciperet</strong></span> <span class='ocrx_word' id='word_1_751' title='bbox 2461 4775 2754 4842; x_wconf 84' lang='lat' dir='ltr'><strong>episcopus,</strong></span> <span class='ocrx_word' id='word_1_752' title='bbox 2778 4787 2913 4826; x_wconf 72' lang='lat' dir='ltr'><strong>uxor</strong></span> <span class='ocrx_word' id='word_1_753' title='bbox 2932 4773 3130 4824; x_wconf 87' lang='lat' dir='ltr'><strong>nudato</strong></span> <span class='ocrx_word' id='word_1_754' title='bbox 3163 4788 3403 4840; x_wconf 85' lang='lat' dir='ltr'><strong>corpore,</strong></span> <span class='ocrx_word' id='word_1_755' title='bbox 3433 4773 3481 4825; x_wconf 82' lang='lat' dir='ltr'><strong>ei</strong></span> <span class='ocrx_word' id='word_1_756' title='bbox 3517 4775 3753 4839; x_wconf 81' lang='lat' dir='ltr'><strong>probarit</strong></span> 
     </span>
    </p>
   </div>
   <div class='ocr_carea' id='block_1_111' title="bbox 2171 4842 3753 4911">
    <p class='ocr_par' dir='ltr' id='par_1_111' title="bbox 2171 4842 3753 4911">
     <span class='ocr_line' id='line_1_112' title="bbox 2171 4842 3753 4911; baseline -0.001 -16"><span class='ocrx_word' id='word_1_757' title='bbox 2171 4859 2351 4896; x_wconf 83' lang='lat' dir='ltr'><strong>rerum</strong></span> <span class='ocrx_word' id='word_1_758' title='bbox 2390 4859 2502 4897; x_wconf 87' lang='lat' dir='ltr'><strong>esse</strong></span> <span class='ocrx_word' id='word_1_759' title='bbox 2533 4843 2670 4911; x_wconf 86' lang='lat' dir='ltr'><strong>quod</strong></span> <span class='ocrx_word' id='word_1_760' title='bbox 2699 4844 2932 4895; x_wconf 68' lang='lat' dir='ltr'><strong>dixerat.</strong></span> <span class='ocrx_word' id='word_1_761' title='bbox 2969 4842 3166 4895; x_wconf 82' lang='lat' dir='ltr'><strong>Deinde</strong></span> <span class='ocrx_word' id='word_1_762' title='bbox 3204 4844 3310 4909; x_wconf 77' lang='lat' dir='ltr'><strong>ipse</strong></span> <span class='ocrx_word' id='word_1_763' title='bbox 3334 4842 3630 4895; x_wconf 69' lang='lat' dir='ltr'><strong>observavit</strong></span> <span class='ocrx_word' id='word_1_764' title='bbox 3657 4845 3753 4895; x_wconf 83' lang='lat' dir='ltr'><strong>sibi</strong></span> 
     </span>
    </p>
   </div>
   <div class='ocr_carea' id='block_1_112' title="bbox 2178 4912 3753 4981">
    <p class='ocr_par' dir='ltr' id='par_1_112' title="bbox 2178 4912 3753 4981">
     <span class='ocr_line' id='line_1_113' title="bbox 2178 4912 3753 4981; baseline -0.001 -17"><span class='ocrx_word' id='word_1_765' title='bbox 2178 4928 2381 4981; x_wconf 85' lang='lat' dir='ltr'><strong>quoque</strong></span> <span class='ocrx_word' id='word_1_766' title='bbox 2435 4913 2667 4981; x_wconf 83' lang='lat' dir='ltr'><strong>ejusdem</strong></span> <span class='ocrx_word' id='word_1_767' title='bbox 2702 4913 2873 4966; x_wconf 85' lang='lat' dir='ltr'><strong>crucis</strong></span> <span class='ocrx_word' id='word_1_768' title='bbox 2924 4912 3417 4979; x_wconf 77' lang='lat' dir='ltr'><strong>manifestissimum</strong></span> <span class='ocrx_word' id='word_1_769' title='bbox 3466 4913 3753 4981; x_wconf 83' lang='lat' dir='ltr'><strong>imaginem</strong></span> 
     </span>
    </p>
   </div>
   <div class='ocr_carea' id='block_1_113' title="bbox 2171 4981 3757 5065">
    <p class='ocr_par' dir='ltr' id='par_1_113' title="bbox 2171 4981 3757 5065">
     <span class='ocr_line' id='line_1_114' title="bbox 2171 4981 3757 5065; baseline -0.001 -31"><span class='ocrx_word' id='word_1_770' title='bbox 2171 4982 2485 5065; x_wconf 68' lang='lat' dir='ltr'><strong>impressam</strong></span> <span class='ocrx_word' id='word_1_771' title='bbox 2558 4998 2669 5036; x_wconf 85' lang='lat' dir='ltr'><strong>esse</strong></span> <span class='ocrx_word' id='word_1_772' title='bbox 2742 4983 2797 5063; x_wconf 72' lang='lat' dir='ltr'><strong>in</strong></span> <span class='ocrx_word' id='word_1_773' title='bbox 2874 4981 3130 5065; x_wconf 72' lang='lat' dir='ltr'><strong>liracltio,</strong></span> <span class='ocrx_word' id='word_1_774' title='bbox 3211 4982 3437 5065; x_wconf 74' lang='lat' dir='ltr'><strong>opinor;</strong></span> <span class='ocrx_word' id='word_1_775' title='bbox 3520 4983 3647 5063; x_wconf 76' lang='lat' dir='ltr'><strong>aliis</strong></span> <span class='ocrx_word' id='word_1_776' title='bbox 3704 4983 3757 5033; x_wconf 86' lang='lat' dir='ltr'><strong>in</strong></span> 
     </span>
    </p>
   </div>
   <div class='ocr_carea' id='block_1_114' title="bbox 2171 5051 3750 5177">
    <p class='ocr_par' dir='ltr' id='par_1_114' title="bbox 2171 5051 3750 5177">
     <span class='ocr_line' id='line_1_115' title="bbox 2171 5051 3750 5177; baseline -0.002 -73"><span class='ocrx_word' id='word_1_777' title='bbox 2171 5052 2409 5177; x_wconf 38' lang='lat' dir='ltr'><strong>(tamira,</strong></span> <span class='ocrx_word' id='word_1_778' title='bbox 2441 5053 2495 5173; x_wconf 57' lang='lat' dir='ltr'><strong>iln</strong></span> <span class='ocrx_word' id='word_1_779' title='bbox 2516 5062 2742 5121; x_wconf 85' lang='lat' dir='ltr'><strong>pectore,</strong></span> <span class='ocrx_word' id='word_1_780' title='bbox 2766 5052 2821 5106; x_wconf 85' lang='lat' dir='ltr'><strong>in</strong></span> <span class='ocrx_word' id='word_1_781' title='bbox 2853 5051 3032 5118; x_wconf 87' lang='lat' dir='ltr'><strong>dorso,</strong></span> <span class='ocrx_word' id='word_1_782' title='bbox 3058 5060 3149 5106; x_wconf 85' lang='lat' dir='ltr'><strong>aut</strong></span> <span class='ocrx_word' id='word_1_783' title='bbox 3179 5051 3289 5106; x_wconf 86' lang='lat' dir='ltr'><strong>alia</strong></span> <span class='ocrx_word' id='word_1_784' title='bbox 3322 5053 3562 5121; x_wconf 87' lang='lat' dir='ltr'><strong>corporis</strong></span> <span class='ocrx_word' id='word_1_785' title='bbox 3585 5063 3750 5121; x_wconf 83' lang='lat' dir='ltr'><strong>parte.</strong></span> 
     </span>
     <span class='ocr_line' id='line_1_116' title="bbox 2250 5130 2515 5175; baseline 0 0"><span class='ocrx_word' id='word_1_786' title='bbox 2250 5162 2263 5175; x_wconf 93' lang='lat'><strong>.</strong></span> <span class='ocrx_word' id='word_1_787' title='bbox 2346 5130 2454 5175; x_wconf 89' lang='lat' dir='ltr'><strong>owt</strong></span> <span class='ocrx_word' id='word_1_788' title='bbox 2478 5139 2515 5175; x_wconf 79' lang='grc' dir='ltr'>ι.</span> 
     </span>
    </p>
   </div>
   <div class='ocr_carea' id='block_1_115' title="bbox 2250 5130 2515 5175">
    <p class='ocr_par' dir='ltr' id='par_1_115' title="bbox 2250 5130 2515 5175">
     <span class='ocr_line' id='line_1_117' title="bbox 2250 5130 2515 5175; baseline 0 0"><span class='ocrx_word' id='word_1_789' title='bbox 2250 5162 2263 5175; x_wconf 91' lang='grc'><strong>.</strong></span> <span class='ocrx_word' id='word_1_790' title='bbox 2302 5130 2515 5175; x_wconf 88' lang='lat' dir='ltr'><strong>Lowth.</strong></span> 
     </span>
    </p>
   </div>
   <div class='ocr_carea' id='block_1_116' title="bbox 2250 5189 3757 5259">
    <p class='ocr_par' dir='ltr' id='par_1_116' title="bbox 2250 5189 3757 5259">
     <span class='ocr_line' id='line_1_118' title="bbox 2250 5189 3757 5259; baseline -0.002 -14"><span class='ocrx_word' id='word_1_791' title='bbox 2250 5190 2267 5231; x_wconf 81' lang='grc' dir='ltr'><strong>ι</strong></span> <span class='ocrx_word' id='word_1_792' title='bbox 2312 5195 2414 5256; x_wconf 80' lang='grc' dir='ltr'><strong>Εἰς</strong></span> <span class='ocrx_word' id='word_1_793' title='bbox 2433 5191 2547 5259; x_wconf 77' lang='grc' dir='ltr'>τὴν</span> <span class='ocrx_word' id='word_1_794' title='bbox 2577 5190 2696 5244; x_wconf 79' lang='grc' dir='ltr'>τῶν</span> <span class='ocrx_word' id='word_1_795' title='bbox 2726 5190 2994 5259; x_wconf 81' lang='grc' dir='ltr'>Περσῶν.</span> <span class='ocrx_word' id='word_1_796' title='bbox 3043 5189 3315 5247; x_wconf 86' lang='lat' dir='ltr'><strong>Aecurate</strong></span> <span class='ocrx_word' id='word_1_797' title='bbox 3375 5190 3670 5247; x_wconf 87' lang='lat' dir='ltr'><strong>admodum</strong></span> <span class='ocrx_word' id='word_1_798' title='bbox 3701 5197 3757 5243; x_wconf 83' lang='lat' dir='ltr'><strong>et</strong></span> 
     </span>
    </p>
   </div>
   <div class='ocr_carea' id='block_1_117' title="bbox 2174 5261 3753 5333">
    <p class='ocr_par' dir='ltr' id='par_1_117' title="bbox 2174 5261 3753 5333">
     <span class='ocr_line' id='line_1_119' title="bbox 2174 5261 3753 5333; baseline -0.001 -19"><span class='ocrx_word' id='word_1_799' title='bbox 2174 5262 2429 5333; x_wconf 75' lang='lat' dir='ltr'><strong>pluribus</strong></span> <span class='ocrx_word' id='word_1_800' title='bbox 2458 5263 2617 5317; x_wconf 87' lang='lat' dir='ltr'><strong>libris</strong></span> <span class='ocrx_word' id='word_1_801' title='bbox 2657 5263 2796 5316; x_wconf 87' lang='lat' dir='ltr'><strong>hanc</strong></span> <span class='ocrx_word' id='word_1_802' title='bbox 2830 5261 3235 5333; x_wconf 76' lang='lat' dir='ltr'><strong>expeditionem</strong></span> <span class='ocrx_word' id='word_1_803' title='bbox 3281 5269 3476 5316; x_wconf 87' lang='lat' dir='ltr'><strong>narrat</strong></span> <span class='ocrx_word' id='word_1_804' title='bbox 3508 5261 3753 5315; x_wconf 79' lang='lat' dir='ltr'><strong>Ammia-</strong></span> 
     </span>
    </p>
   </div>
   <div class='ocr_carea' id='block_1_118' title="bbox 2175 5332 2691 5386">
    <p class='ocr_par' dir='ltr' id='par_1_118' title="bbox 2175 5332 2691 5386">
     <span class='ocr_line' id='line_1_120' title="bbox 2175 5332 2691 5386; baseline -0.002 0"><span class='ocrx_word' id='word_1_805' title='bbox 2175 5347 2280 5386; x_wconf 87' lang='lat' dir='ltr'><strong>nus</strong></span> <span class='ocrx_word' id='word_1_806' title='bbox 2320 5332 2691 5386; x_wconf 83' lang='lat' dir='ltr'><strong>Marcellinus.</strong></span> 
     </span>
    </p>
   </div>
   <div class='ocr_carea' id='block_1_119' title="bbox 2244 5399 3757 5470">
    <p class='ocr_par' dir='ltr' id='par_1_119' title="bbox 2244 5399 3757 5470">
     <span class='ocr_line' id='line_1_121' title="bbox 2244 5399 3757 5470; baseline -0.001 -16"><span class='ocrx_word' id='word_1_807' title='bbox 2244 5409 2282 5433; x_wconf 76' lang='grc'><strong>’⁸³</strong></span> <span class='ocrx_word' id='word_1_808' title='bbox 2310 5401 2729 5466; x_wconf 76' lang='grc' dir='ltr'>Πεπιστευκὼς</span> <span class='ocrx_word' id='word_1_809' title='bbox 2754 5400 2821 5453; x_wconf 76' lang='grc' dir='ltr'>δὲ</span> <span class='ocrx_word' id='word_1_810' title='bbox 2838 5400 3170 5469; x_wconf 76' lang='grc' dir='ltr'>μαντείαις.</span> <span class='ocrx_word' id='word_1_811' title='bbox 3187 5399 3358 5466; x_wconf 86' lang='lat' dir='ltr'><strong>Quam</strong></span> <span class='ocrx_word' id='word_1_812' title='bbox 3385 5400 3633 5470; x_wconf 86' lang='lat' dir='ltr'><strong>impense</strong></span> <span class='ocrx_word' id='word_1_813' title='bbox 3661 5401 3757 5455; x_wconf 80' lang='lat' dir='ltr'><strong>de-</strong></span> 
     </span>
    </p>
   </div>
   <div class='ocr_carea' id='block_1_120' title="bbox 2175 5469 3761 5539">
    <p class='ocr_par' dir='ltr' id='par_1_120' title="bbox 2175 5469 3761 5539">
     <span class='ocr_line' id='line_1_122' title="bbox 2175 5469 3761 5539; baseline -0.001 -16"><span class='ocrx_word' id='word_1_814' title='bbox 2175 5469 2324 5524; x_wconf 85' lang='lat' dir='ltr'><strong>ditus</strong></span> <span class='ocrx_word' id='word_1_815' title='bbox 2360 5472 2460 5524; x_wconf 84' lang='lat' dir='ltr'><strong>luit</strong></span> <span class='ocrx_word' id='word_1_816' title='bbox 2501 5471 2756 5526; x_wconf 82' lang='lat' dir='ltr'><strong>Julianus</strong></span> <span class='ocrx_word' id='word_1_817' title='bbox 2804 5473 3196 5539; x_wconf 72' lang='lat' dir='ltr'><strong>przesagiorum</strong></span> <span class='ocrx_word' id='word_1_818' title='bbox 3256 5469 3652 5537; x_wconf 84' lang='lat' dir='ltr'><strong>sciscitationi,</strong></span> <span class='ocrx_word' id='word_1_819' title='bbox 3696 5478 3761 5524; x_wconf 77' lang='lat' dir='ltr'><strong>el.</strong></span> 
     </span>
    </p>
   </div>
   <div class='ocr_carea' id='block_1_121' title="bbox 2177 5540 3751 5610">
    <p class='ocr_par' dir='ltr' id='par_1_121' title="bbox 2177 5540 3751 5610">
     <span class='ocr_line' id='line_1_123' title="bbox 2177 5540 3751 5610; baseline -0.001 -18"><span class='ocrx_word' id='word_1_820' title='bbox 2177 5541 2469 5593; x_wconf 78' lang='lat' dir='ltr'><strong>Occultiori</strong></span> <span class='ocrx_word' id='word_1_821' title='bbox 2529 5541 2748 5594; x_wconf 88' lang='lat' dir='ltr'><strong>cuidam</strong></span> <span class='ocrx_word' id='word_1_822' title='bbox 2800 5541 3110 5610; x_wconf 66' lang='lat' dir='ltr'><strong>theologize,</strong></span> <span class='ocrx_word' id='word_1_823' title='bbox 3172 5556 3335 5608; x_wconf 90' lang='lat' dir='ltr'><strong>quam</strong></span> <span class='ocrx_word' id='word_1_824' title='bbox 3398 5555 3428 5593; x_wconf 90' lang='lat' dir='ltr'><strong>a</strong></span> <span class='ocrx_word' id='word_1_825' title='bbox 3490 5540 3751 5601; x_wconf 80' lang='lat' dir='ltr'><strong>Maximo,</strong></span> 
     </span>
    </p>
   </div>
   <div class='ocr_carea' id='block_1_122' title="bbox 2178 5611 3755 5681">
    <p class='ocr_par' dir='ltr' id='par_1_122' title="bbox 2178 5611 3755 5681">
     <span class='ocr_line' id='line_1_124' title="bbox 2178 5611 3755 5681; baseline -0.002 -17"><span class='ocrx_word' id='word_1_826' title='bbox 2178 5612 2496 5672; x_wconf 81' lang='lat' dir='ltr'><strong>Iauihlicho,</strong></span> <span class='ocrx_word' id='word_1_827' title='bbox 2533 5612 2770 5679; x_wconf 82' lang='lat' dir='ltr'><strong>aliisque</strong></span> <span class='ocrx_word' id='word_1_828' title='bbox 2806 5612 3056 5681; x_wconf 75' lang='lat' dir='ltr'><strong>mysticis</strong></span> <span class='ocrx_word' id='word_1_829' title='bbox 3089 5611 3433 5680; x_wconf 88' lang='lat' dir='ltr'><strong>philosophis</strong></span> <span class='ocrx_word' id='word_1_830' title='bbox 3466 5611 3755 5671; x_wconf 87' lang='lat' dir='ltr'><strong>hauserat,</strong></span> 
     </span>
    </p>
   </div>
   <div class='ocr_carea' id='block_1_123' title="bbox 2178 5681 3755 5752">
    <p class='ocr_par' dir='ltr' id='par_1_123' title="bbox 2178 5681 3755 5752">
     <span class='ocr_line' id='line_1_125' title="bbox 2178 5681 3755 5752; baseline -0.001 -20"><span class='ocrx_word' id='word_1_831' title='bbox 2178 5681 2394 5752; x_wconf 80' lang='lat' dir='ltr'><strong>alumde</strong></span> <span class='ocrx_word' id='word_1_832' title='bbox 2453 5681 2833 5752; x_wconf 83' lang='lat' dir='ltr'><strong>prodiderunt,</strong></span> <span class='ocrx_word' id='word_1_833' title='bbox 2864 5691 3080 5752; x_wconf 68' lang='lat' dir='ltr'><strong>praeter</strong></span> <span class='ocrx_word' id='word_1_834' title='bbox 3140 5682 3316 5752; x_wconf 82' lang='lat' dir='ltr'><strong>ipsius</strong></span> <span class='ocrx_word' id='word_1_835' title='bbox 3365 5682 3599 5752; x_wconf 72' lang='lat' dir='ltr'><strong>scripta,</strong></span> <span class='ocrx_word' id='word_1_836' title='bbox 3630 5682 3755 5752; x_wconf 80' lang='lat' dir='ltr'><strong>Am-</strong></span> 
     </span>
    </p>
   </div>
   <div class='ocr_carea' id='block_1_124' title="bbox 2178 5749 3760 5819">
    <p class='ocr_par' dir='ltr' id='par_1_124' title="bbox 2178 5749 3760 5819">
     <span class='ocr_line' id='line_1_126' title="bbox 2178 5749 3760 5819; baseline 0.001 -15"><span class='ocrx_word' id='word_1_837' title='bbox 2178 5749 2793 5819; x_wconf 56' lang='lat' dir='ltr'><strong>Marce-IL,Eunapitts,</strong></span> <span class='ocrx_word' id='word_1_838' title='bbox 2860 5749 3249 5815; x_wconf 54' lang='lat' dir='ltr'><strong>Lihanius,&#39;ut</strong></span> <span class='ocrx_word' id='word_1_839' title='bbox 3304 5752 3373 5806; x_wconf 88' lang='lat' dir='ltr'><strong>de</strong></span> <span class='ocrx_word' id='word_1_840' title='bbox 3421 5749 3760 5807; x_wconf 83' lang='lat' dir='ltr'><strong>Christianis</strong></span> 
     </span>
    </p>
   </div>
   <div class='ocr_carea' id='block_1_125' title="bbox 2179 5820 2945 5891">
    <p class='ocr_par' dir='ltr' id='par_1_125' title="bbox 2179 5820 2945 5891">
     <span class='ocr_line' id='line_1_127' title="bbox 2179 5820 2945 5891; baseline -0.001 -17"><span class='ocrx_word' id='word_1_841' title='bbox 2179 5823 2544 5891; x_wconf 87' lang='lat' dir='ltr'><strong>scriptoribus</strong></span> <span class='ocrx_word' id='word_1_842' title='bbox 2579 5821 2713 5874; x_wconf 88' lang='lat' dir='ltr'><strong>nihil</strong></span> <span class='ocrx_word' id='word_1_843' title='bbox 2746 5820 2945 5874; x_wconf 85' lang='lat' dir='ltr'><strong>dicam.</strong></span> 
     </span>
    </p>
   </div>
  </div>
