4016 6350
298 383 392 439 633

1253 392 1575 448 HISTORIA
1613 391 2174 449 ECCLESIASTICA.
2197 426 2262 437 ——
2287 395 2417 452 LIB.
2455 394 2540 451 III.

3447 388 3551 446 .ιῦιί

301 498 499 552 ίσταται
524 516 540 532 ο
580 500 674 555 καὶ
697 504 762 573 τῇ
791 502 1025 576 ἐχομένῃ
1056 505 1191 575 μετὰ
1216 505 1313 577 τὴν
1340 508 1633 579 πρεσϐείαν
1661 507 1864 579 ἡμέρᾳ,

1992 522 2119 572 tem,
2179 507 2473 564 Alexandri
2525 510 2763 562 animam
2812 524 2871 563 se
2905 506 3129 571 habere,
3194 508 3304 559 into
3369 506 3550 573 ipsum

300 592 474 645 πᾶσαν
532 594 600 665 ἢν
660 587 776 666 εἶχε
834 596 1064 668 δύναμιν
1121 598 1424 654 amcam;
1471 600 1551 672 τῷ
1616 599 1874 674 Ῥωμαίῳ

302 685 529 755 στρατῷ.
560 688 931 758 Διεμέμφοντο
967 690 1064 759 μὲν
1084 684 1183 744 οὖν
1209 691 1301 744 τὸν
1328 692 1551 762 βασιλέα
1589 694 1873 763 Ῥωμαῖοι,

299 770 423 824 διότι
458 773 535 842 μὴ
564 775 870 845 ἐπικερδῶς
894 777 1073 848 ὑφῆκε
1120 778 1219 850 τῆς
1261 780 1472 851 μάχης’
1509 781 1659 851 ὅμως
1681 782 1737 834 δὲ
1764 785 1876 847 τοῖς

302 859 558 931 παροῦσιν
585 863 1020 935 ἀντεπράττοντο
1045 881 1061 898 ⁶
1099 867 1197 921 καὶ
1234 866 1389 933 αὖθις
1418 870 1547 934 τοὺς
1585 872 1877 942 πολεμίους

298 951 586 1023 τρέπουσιν
626 955 708 1019 είς
742 957 939 1028 φυγήν.
983 955 1041 1012 Ὅ
1065 958 1122 1013 δὲ
1149 958 1402 1031 βασιλεὺς
1432 961 1613 1033 παρῆν
1643 963 1878 1034 ἱππότης

304 1041 416 1111 μὲν,
467 1042 565 1095 καὶ
603 1044 949 1116 ἑπερῤὡννυε
998 1045 1089 1101 τὸν
1133 1049 1383 1121 στρατόν*
1424 1049 1624 1116 ἄοπλος
1659 1051 1717 1106 δὲ
1748 1062 1777 1090 ιι
1810 1055 1874 1124 τῇ

299 1134 390 1204 τῆς
426 1134 684 1207 εὐτυχίας
721 1137 896 1191 ἐλπίδι
950 1139 1087 1211 μόνῃ
1129 1139 1368 1212 θαρῤὦν.
1411 1143 1501 1210 Ἐξ
1545 1144 1783 1215 ἀφανοῦς
1819 1145 1877 1200 δὲ

300 1224 544 1279 ἀκόντιον
578 1227 805 1299 φέρεται
834 1230 954 1283 κατ’
976 1219 1164 1298 αὐτοῦ,
1205 1233 1301 1287 καὶ
1328 1233 1416 1288 διὰ
1449 1235 1735 1308 βραχίονος
1764 1230 1878 1292 δια-

301 1313 524 1387 δραμὸν,
547 1317 628 1381 είς
655 1315 753 1388 τὴν
782 1316 1025 1390 πλευρὰν
1076 1319 1274 1375 εἰσεδυ.
1319 1321 1417 1375 Ἐκ
1442 1323 1646 1395 ταύτης
1672 1323 1730 1378 δὲ
1778 1326 1878 1395 τῆς

304 1405 516 1477 πληγῆς
542 1406 634 1461 τὸν
662 1406 775 1477 βίον
800 1410 1192 1481 κατέστρεψεν,
1227 1411 1423 1483 ἀδήλου
1460 1414 1755 1485 γενομένου
1782 1415 1875 1470 τοῦ

305 1496 579 1561 ἀνελόντος
600 1499 764 1554 αὐτόν
778 1506 826 1554 ο.
845 1502 907 1554 Ol
936 1502 1036 1571 μὲν
1053 1503 1181 1574 γὰρ,
1198 1503 1305 1557 ὑπό
1325 1520 1470 1568 τινος
1492 1505 1703 1576 Πέρσου
1721 1507 1879 1561 αὐτο-

306 1588 463 1658 μόλου
494 1588 759 1662 βληθῆναι
782 1609 945 1662 φασιν
967 1605 982 1621 ⁶
1001 1595 1049 1649 ol
1076 1594 1155 1658 δὲ,
1179 1595 1283 1649 ὑπὸ
1301 1595 1499 1650 οἰκείου
1521 1599 1877 1669 στρατιώτου,

305 1681 373 1744 ὡς
396 1683 426 1735 ὁ
455 1681 625 1745 πολὺς
669 1682 825 1752 λόγος
852 1687 1065 1757 κρατεῖ.
1100 1686 1400 1753 Κάλλιστος
1427 1688 1484 1741 δὲ
1511 1689 1541 1742 ὁ
1567 1690 1626 1742 ὲν
1653 1692 1768 1754 τοῖς
1801 1691 1880 1743 ol-

302 1773 465 1837 κιίοις
494 1774 592 1828 τοῦ
632 1775 894 1846 βασιλέως
944 1781 1372 1851 στρατευόμενος
1403 1781 1540 1852 (72),
1589 1784 1879 1855 ἱστορήσας

1975 611 2099 651 esse
2122 597 2231 650 alio
2261 597 2314 651 in
2343 612 2571 666 corpore
2605 597 3001 652 Alexandrum.
3038 594 3163 650 Hinc
3183 595 3337 650 illum
3366 594 3556 664 opinio

1958 687 2143 758 1198
2162 688 2392 758 decepit,
2421 686 2710 760 ellecitque
2745 704 2813 743 ne
2840 690 2982 759 regis
3003 687 3294 742 Persarum
3314 686 3557 755 postula-

1977 781 2180 834 tionem
2210 788 2342 834 tunc
2370 781 2702 835 admitteret.
2734 781 2919 851 Itaque
2950 796 3046 836 rex
3080 796 3203 835 cum
3230 778 3557 849 legationem

1977 883 2131 922 suam
2171 869 2303 924 nihil
2336 869 2638 940 profecisse
2666 871 3128 925 animadverteret
3146 910 3160 931 ,
3181 868 3248 921 ad
3274 864 3558 936 przeliaudi

1977 959 2362 1015 necessitatem
2388 961 2646 1017 redactus
2677 971 2781 1016 est.
2808 960 2875 1013 Et
2902 969 3123 1031 postero
3153 967 3317 1029 quam
3355 957 3559 1027 legatos

1978 1051 2205 1106 miserat
2225 1052 2332 1114 die,
2356 1053 2642 1109 universas
2663 1068 2802 1123 quas
2829 1053 3066 1107 habebat
3098 1051 3286 1119 capias
3311 1050 3363 1102 in
3382 1049 3556 1102 aciem

1978 1145 2163 1200 educit
2183 1143 2447 1199 adversus
2465 1143 2762 1199 Romanos.
2787 1148 2854 1197 At
2871 1142 3099 1199 Romani
3114 1140 3416 1213 principem
3433 1139 3558 1209 qui-

1979 1234 2102 1290 dem
2136 1236 2313 1304 ipsuin
2343 1234 2815 1304 reprehendebant
2836 1276 2851 1295 .
2883 1233 3030 1302 quod
3061 1248 3185 1288 cum
3221 1229 3563 1287 lucroabsti-

1980 1340 2113 1381 nere
2136 1340 2167 1379 a
2191 1324 2681 1396 pradionoluisset.
2703 1322 2883 1378 Nihilo
2903 1332 3084 1379 tamen
3110 1324 3293 1378 minus
3315 1322 3568 1377 instanti-

1978 1420 2082 1475 bus
2102 1418 2432 1475 resistebant
2452 1437 2465 1474 :
2493 1433 2798 1488 rursusque
2820 1417 3029 1472 hostem
3054 1416 3107 1469 iu
3127 1413 3311 1484 fugam
3325 1421 3563 1467 vertunt.

1978 1508 2179 1564 Aderat
2200 1508 2421 1577 quidem
2447 1508 2744 1578 imperator
2773 1522 2916 1578 equo
2939 1505 3208 1563 insidens.
3241 1512 3298 1561 et
3329 1503 3562 1556 militum

1980 1601 2193 1655 animos
2218 1598 2611 1654 conﬁrmabat:
2649 1598 2875 1654 inermis
2898 1608 3101 1661 tamen,
3130 1596 3245 1651 sola
3274 1610 3368 1664 Spe
3397 1594 3567 1649 fclici-

1980 1692 2113 1747 tatis
2135 1691 2397 1748 conlisus.
2425 1692 2559 1746 Cum
2589 1692 2773 1748 subito
2792 1690 3034 1761 jaculum
3056 1704 3120 1742 ex
3138 1688 3355 1743 occulto
3372 1686 3425 1740 in
3444 1700 3567 1740 cum

1988 1784 2307 1854 conjicitur,
2339 1790 2394 1839 et
2435 1783 2730 1854 perstricto
2766 1780 2996 1836 brachio
3033 1779 3258 1834 inlatus
3287 1777 3407 1846 ejus
3446 1776 3569 1829 inti-

303 1866 366 1919 τὰ
391 1865 515 1919 κατ’
542 1845 708 1921 αὐτὸν
735 1870 796 1922 ὲν
833 1845 1061 1942 ἡρωῖκῷ
1083 1845 1291 1943 μέτρῳ,
1345 1845 1436 1926 τὸν
1478 1845 1601 1927 τότε
1649 1845 1886 1947 πόλεμον

1993 1876 2159 1948 gitur.
2193 1875 2271 1930 Ex
2298 1876 2402 1931 hoc
2435 1875 2660 1929 vulnere
2691 1874 2999 1944 imperator
3024 1872 3190 1924 vitam
3222 1868 3429 1929 amisit,
3489 1867 3573 1921 in-

300 1956 670 2029 διηγούμενος,
685 1960 791 2015 ὑπὸ
816 1961 1069 2034 δαίμονος
1090 1961 1351 2038 βληθέντα
1366 1965 1682 2038 τελευτῆσαί
1699 1984 1883 2039 φησιν.

306 2048 475 2120 Ὅπερ
507 2050 671 2121 τυχὸν
707 2052 807 2122 μὲν
835 2052 913 2118 ὡς
956 2056 1190 2127 ποιητὴς
1237 2055 1462 2122 ἔπλασε,
1492 2058 1655 2130 τυχὸν
1701 2058 1758 2113 δὲ
1792 2060 1885 2114 καὶ

302 2138 468 2205 οὕτως
489 2141 625 2213 ἔχει.
656 2143 893 2209 Πολλοὺς
915 2146 1024 2217 γὰρ
1057 2147 1302 2220 ὲριννύες
1325 2149 1614 2220 μετῆλθον.
1636 2151 1706 2204 Ἦ
1735 2151 1882 2216 ὅπως

300 2228 344 2281 δ’
390 2226 458 2283 ἂν
509 2229 628 2301 ἔχοι
658 2230 730 2284 τὰ
781 2233 901 2286 κατ’
934 2234 1118 2299 αὐτὸν,
1150 2234 1266 2288 ἀλλ’
1305 2230 1399 2289 οὖν
1456 2237 1640 2293 ἐκεῖνά
1670 2255 1733 2307 γε
1780 2239 1881 2293 οὐκ

301 2318 610 2385 ἐλάνθανεν,
629 2320 707 2385 ὡς
738 2317 804 2393 ἦν
829 2324 858 2376 ὁ
881 2324 1020 2395 ἀνὴρ
1052 2324 1140 2379 διὰ
1155 2325 1462 2399 προθυμίαν
1491 2330 1591 2382 οὐκ
1611 2331 1880 2401 ἀσφαλὴς,

298 2409 362 2463 δι’
394 2412 781 2468 εὐπαιδευσίαν
806 2415 1105 2482 κενόδοξος,
1145 2418 1210 2472 δι’
1235 2421 1535 2474 ἐπιείκειαν
1565 2422 1883 2494 πεπλασμέ-

300 2518 393 2572 νην
446 2503 947 2578 εὐκαταφρόνητος.
988 2509 1275 2575 Ἰουλιανὸς
1310 2511 1408 2582 μὲν
1461 2508 1554 2567 οὖν
1581 2514 1641 2567 ὲν
1677 2518 1745 2587 τῇ
1794 2533 1885 2568 τε·

299 2593 469 2666 τάρτῃ
517 2596 713 2650 ἑαυτοῦ
744 2598 998 2671 ὑπατείᾳ,
1030 2602 1097 2672 ἢν
1131 2601 1247 2673 ἅμα
1281 2603 1590 2677 Σαλουστίῳ
1617 2606 1888 2674 ἐδεδώκει,

301 2687 426 2757 περὶ
457 2687 558 2758 τὴν
585 2688 753 2761 ἕκτην
778 2692 871 2745 καὶ
896 2693 1084 2748 εἰκάδα
1128 2695 1222 2748 τοῦ
1262 2697 1482 2751 Ἰουνίου
1519 2700 1688 2770 μηνὸς
1725 2701 1782 2754 ὲν
1823 2704 1888 2773 τῇ

301 2775 527 2845 Περσῶν
554 2777 728 2850 χώρᾳ,
751 2780 827 2845 ὡς
859 2780 1018 2851 ἔφην,
1043 2783 1135 2837 τὸν
1170 2785 1283 2854 βίον
1310 2787 1624 2842 κατέλυσεν.
1650 2788 1819 2843 Τοῦτο
1835 2791 1890 2844 δὲ

302 2865 421 2930 ἔτος
449 2863 520 2938 ἦν
572 2871 757 2941 τρίτον
789 2872 887 2943 τῆς
946 2873 1227 2943 βασιλείας
1276 2878 1441 2931 αὑτοῦ
1461 2889 1487 2929 P
1509 2898 1524 2911 ν
1560 2880 1786 2951 ἕϐδομον
1810 2881 1887 2948 δὲ,

301 2958 394 3028 ἀφ’
436 2955 498 3015 οὗ
546 2962 767 3034 Καῖσαρ
815 2964 922 3018 ἀπὸ
974 2968 1356 3022 Κωνσταντίου
1393 2970 1699 3043 προεϐλήθη
1741 2974 1887 3045 (75)]

302 3053 622 3122 τριακοστὸν
647 3054 705 3108 δὲ
731 3054 827 3110 καὶ
857 3057 1075 3128 πρῶτον
1103 3068 1130 3109 ll
1161 3055 1229 3131 ἦν
1255 3061 1353 3131 τῆς
1389 3060 1536 3130 ζωῆς
1567 3062 1752 3117 αὐτοῦ.

1995 1976 2148 2023 certo
2180 1966 2347 2023 caédis
2381 1966 2535 2022 illius
2559 1972 2805 2021 auctore.
2862 1963 2967 2018 Alii
2998 1961 3145 2018 enim
3195 1975 3227 2015 a
3283 1956 3569 2028 transfuga

1992 2058 2229 2130 quodam
2258 2057 2425 2114 Persa
2450 2059 2798 2113 vulneratum
2862 2055 3135 2128 produnt;
3188 2054 3281 2109 alii
3341 2055 3409 2109 ab
3457 2067 3568 2107 uno

1990 2166 2057 2207 ex
2108 2151 2376 2207 militibus
2419 2150 2717 2217 Romanis;
2780 2164 2903 2220 qua:
2950 2149 3172 2220 quidem
3230 2146 3572 2203 constantior

1988 2241 2132 2297 fama
2185 2250 2290 2297 est.
2328 2240 2529 2297 Verum
2564 2241 2845 2307 Callistus,
2897 2241 2991 2311 qui
3037 2241 3182 2294 inter
3236 2248 3574 2308 protectores

1988 2337 2333 2408 imperatoris
2359 2337 2689 2393 domesticos
2744 2320 3035 2399 militabat,
3062 2342 3116 2389 et
3162 2333 3259 2404 qui
3320 2347 3409 2387 res
3449 2331 3570 2400 ejus

1987 2439 2168 2501 gestas
2218 2429 2443 2485 heroico
2504 2430 2749 2485 carmine
2796 2425 3163 2497 conscripsit,
3220 2424 3417 2480 bellum
3471 2423 3576 2477 hoc

1990 2537 2278 2585 enarrans,
2311 2522 2617 2593 principem
2649 2522 2941 2577 adaamone
2959 2532 3283 2592 percussum
3315 2514 3575 2570 interisse

1989 2612 2174 2667 tradit.
2206 2611 2367 2678 Quod
2396 2611 2617 2684 quidem
2650 2612 2763 2677 ille,
2799 2610 3037 2666 fortasse
3066 2616 3127 2663 ut
3167 2614 3328 2679 poeta
3377 2603 3572 2659 ﬁnxit:

1991 2702 2231 2759 fortasse
2257 2718 2390 2759 vero
2418 2706 2494 2759 ita
2530 2720 2588 2761 se
2622 2720 2710 2759 res
2752 2704 2940 2759 nabet.
2964 2701 3152 2757 Multis
3180 2700 3325 2756 enim
3351 2698 3577 2753 ultrices

1996 2792 2155 2850 furia:
2186 2797 2351 2850 letmn
2379 2797 2636 2853 intulere.
2674 2796 2780 2851 Sed
2819 2804 3098 2865 utcunque
3130 2807 3189 2848 se
3218 2806 3309 2846 res
3356 2791 3577 2850 habeat,

1996 2886 2130 2941 illud
2167 2895 2315 2942 certe
2347 2889 2549 2942 nemini
2582 2889 2877 2944 obscurum
2911 2897 3018 2955 est,
3057 2888 3235 2941 virum
3270 2885 3419 2938 hunc
3467 2895 3577 2950 pm:

1999 2978 2169 3033 nimio
2214 2980 2382 3032 animi
2429 2980 2627 3033 ardore
2664 2979 3021 3033 incautiorem
3055 2977 3256 3040 fuisse;
3286 2976 3355 3027 ob
3396 2972 3578 3029 erudi-

1924 3062 1967 3121 C
1999 3070 2201 3124 tionem
2228 3085 2382 3136 vero,
2410 3070 2593 3126 inanis
2620 3071 2805 3141 gloria:
2840 3069 3097 3139 cupidum
3123 3087 3136 3124 :
3168 3069 3237 3121 ob
3266 3066 3575 3120 simulatam

301 3148 808 3215 mansuetudinem,
859 3156 1194 3226 contemptui
1275 3157 1594 3212 obnoxium.
1654 3157 1907 3217 Julianus
1946 3163 2114 3234 igitur
2171 3172 2371 3231 quarto
2425 3166 2717 3220 consulatu
2745 3181 2869 3231 suo,
2932 3179 3092 3234 quem
3151 3177 3276 3217 cum
3314 3158 3577 3214 Sallustio

303 3238 512 3311 collega
538 3250 806 3312 gesserat,
841 3243 930 3298 die
956 3255 1111 3301 sexto
1141 3246 1417 3303 Kalendas
1446 3244 1585 3302 Julii
1610 3246 1664 3303 in
1701 3248 1947 3317 Perside,
1983 3254 2128 3309 sicut
2159 3254 2425 3321 diximus,
2492 3264 2796 3311 extremum
2868 3254 3012 3309 diem
3080 3252 3296 3308 clausit.
3358 3249 3577 3305 Tertius

307 3334 397 3389 hic
424 3344 544 3390 erat
582 3353 762 3394 annus
789 3339 1002 3411 imperil
1040 3342 1223 3409 illius;
1253 3343 1520 3414 septimus
1548 3359 1678 3399 vero
1701 3361 1764 3399 ex
1785 3362 1894 3417 quo
1932 3348 2118 3404 Cassar
2145 3367 2174 3404 a
2200 3350 2526 3407 Constantio
2562 3349 2741 3404 fuerat
2789 3358 3176 3420 nuncupatus;
3258 3347 3383 3400 vita:
3450 3358 3582 3397 vero

311 3429 522 3500 primus
547 3446 613 3487 ac
642 3434 979 3491 tricesimus.

1478 3620 1751 3678 VALESII
1788 3622 2236 3679 ANNOTATION
2244 3622 2345 3678 ES.

381 3711 494 3783 (Ἰὲ)
533 3710 879 3779 Κάλλιστος
905 3711 972 3766 δὲ
1004 3716 1036 3768 ὀ
1083 3714 1153 3767 ἐν
1200 3714 1323 3780 τοῖς
1360 3716 1601 3782 οἵκείοις
1637 3717 1745 3770 τοῦ
1772 3718 1890 3781 βα·-

310 3784 526 3850 σιλέως
557 3787 1054 3852 στρατευόμενος.
1087 3783 1227 3840 Male
1271 3786 1610 3854 Epiphanius
1662 3786 1890 3841 Schola-

314 3855 485 3907 stieus
517 3855 666 3908 hunc
703 3854 878 3907 locum
910 3856 982 3908 ita
1024 3857 1191 3910 vertit
1219 3873 1232 3909 :
1261 3854 1519 3911 Callistus
1570 3867 1746 3911 autent
1800 3859 1889 3922 qui

315 3933 436 3977 tunc
461 3924 602 3978 inter
630 3922 928 3991 familiares
971 3926 1311 3992 imperatoris
1350 3927 1660 3981 militabat:
1702 3929 1891 3982 οἰκεῖοι

314 3992 419 4067 hoc
456 3994 578 4067 loco
626 4002 756 4049 sunt
792 4004 1144 4067 protectores
1206 3996 1523 4067 domestici,
1578 4002 1646 4049 de
1689 4001 1890 4067 quibus

315 4066 482 4116 uudta
511 4064 802 4119 observavi
839 4066 890 4118 in
943 4066 1394 4121 annotationibus
1444 4069 1508 4120 ad
1556 4064 1758 4122 librum
1800 4085 1890 4124 xw

315 4134 591 4189 Ammiani
654 4133 976 4190 Marcellini.
1044 4135 1136 4191 Sic
1191 4135 1448 4191 Socrates
1509 4139 1651 4192 hanc
1701 4154 1888 4193 vocem

1997 3725 2235 3787 usurpat
2269 3717 2323 3770 in
2357 3716 2452 3787 lib.
2484 3732 2558 3779 tv,
2606 3730 2731 3785 cap.
2772 3730 2808 3768 ι.
2854 3712 3166 3787 Hicautem
3201 3713 3491 3787 Callistus.
3525 3715 3579 3787 ui

1997 3785 2177 3851 fallor,
2214 3803 2374 3856 quem
2410 3786 2671 3841 Libanius
2698 3788 2752 3838 in
2782 3786 3014 3853 epistola
3054 3785 3175 3846 120,
3208 3786 3300 3839 lili.
3324 3801 3414 3856 iv,
3450 3785 3579 3839 Cal-

1998 3855 2274 3913 listionem
2314 3858 2575 3926 appellat,
2626 3858 2861 3926 amicum
2913 3856 3157 3910 Sallustii
3197 3855 3349 3926 przel'.
3386 3863 3583 3924 practo-

1998 3929 2101 3982 rio.
2134 3927 2267 3980 Nam
2299 3924 2363 3981 (δι’
2379 3924 2590 3996 poetam
2618 3942 2742 3979 eum
2770 3924 2940 3996 fuisse
2971 3924 3232 3980 Libauius
3266 3925 3380 3978 illic
3411 3935 3582 3979 testa-

1998 4009 2106 4059 tur,
2141 3995 2459 4065 periude’ac
2490 3997 2747 4049 Socrates
2779 3995 2880 4047 hoc
2908 3998 3049 4049 loco.

2069 4068 2181 4136 (75»)
2246 4067 2387 4121 Ἀπὸ
2440 4065 2865 4136 Κωνσταγτνίου
2905 4065 3267 4134 προεϐλήθη.
3327 4065 3583 4121 Ξειίὺρηρ

2002 4135 2129 4192 dum
2155 4144 2239 4192 est
2269 4138 2410 4199 ὑπό,
2436 4135 2865 4191 reclamantibus
2894 4136 3021 4190 licet
3046 4136 3226 4191 libris.

1749 4310 2140 4367 VARIORUM.

389 4420 416 4449 ιι
452 4413 719 4476 Ἀοπλος
747 4410 836 4464 δέ.
877 4410 1084 4465 Oblitus
1124 4414 1319 4476 loricw,
1359 4419 1505 4465 scuto
1530 4412 1668 4465 inter
1703 4409 1893 4463 tinnul-

1999 4417 2171 4481 otura:
2205 4416 2662 4481 consentaneum,
2688 4425 2811 4479 quae
2861 4412 2913 4464 in
2966 4410 3161 4466 codice
3199 4427 3300 4466 ms.
3351 4428 3580 4481 opcrtun

319 4493 428 4536 tum
456 4494 694 4550 arrepto,
730 4481 908 4550 inquit
935 4480 1291 4552 Marcellinus
1324 4500 1337 4537 :
1365 4485 1572 4551 quippe,
1619 4490 1677 4534 ut
1712 4481 1892 4533 Zona-
1928 4488 1973 4546 ι)
2001 4478 2250 4547 Gregorii
2289 4478 2575 4552 iNazianz.
2642 4480 2843 4552 Basilio
2916 4480 3211 4535 Macedone
3254 4478 3583 4552 imperante

318 4569 407 4607 ras
437 4553 628 4617 tradit,
668 4552 889 4605 loricam
917 4551 976 4603 ob
1015 4551 1216 4620 pondus
1260 4563 1310 4606 et
1342 4554 1472 4605 solis
1501 4552 1742 4605 ardorem
1765 4552 1893 4617 (mer

316 4624 457 4677 dium
488 4625 630 4676 enim
657 4631 778 4675 tunc
808 4624 1050 4687 temporis
1078 4632 1192 4675 erat
1224 4623 1453 4690 tralatis)
1482 4630 1816 4689 deposuerat.

387 4703 416 4731 ⁸
487 4692 749 4758 Ἀδήλου
819 4692 1141 4761 γενομένου
1222 4694 1328 4745 τοῦ
1391 4694 1718 4755 ἀνελόντος
1782 4694 1892 4744 (τὺ-

271 4776 276 4780 ”
312 4766 437 4819 τόν.
464 4763 737 4818 Libanius
765 4762 988 4831 quidem
1010 4762 1131 4830 ejus
1152 4764 1319 4816 caulis
1342 4771 1598 4816 auctores
1620 4761 1893 4817 Christia-

315 4851 417 4889 nos
448 4835 625 4889 fuisse
660 4832 968 4893 contendit,
1004 4848 1055 4902 p.
1085 4834 1210 4895 5:23,
1249 4849 1411 4901 quem
1459 4834 1632 4885 locum
1662 4832 1895 4902 proli-rt

316 4903 663 4960 Sozomenus
694 4903 788 4957 lib.
814 4919 887 4955 Vl.
929 4900 1034 4956 Sed
1064 4900 1361 4971 Eutropius
1390 4904 1480 4967 qui
1507 4904 1635 4956 huic
1661 4900 1895 4955 Persicae

312 4974 652 5044 expeditioni
688 4973 964 5044 interfuit,
1000 4983 1055 5026 et
1089 4971 1264 5028 liuius
1292 4972 1511 5035 Festus,
1555 4989 1615 5026 ac
1652 4971 1895 5044 Victoris

312 5042 577 5115 epitome,
612 5044 681 5098 ab
725 5042 967 5098 hostiqu
1024 5046 1228 5111 equite,
1275 5054 1328 5097 et
1366 5044 1584 5112 quidem
1631 5043 1893 5115 fugiente,

312 5114 480 5170 ιοοιιιο
503 5128 834 5183 percussum
866 5129 988 5183 esse
1014 5123 1343 5168 memorant.
1372 5116 1599 5169 Christo
1622 5114 1896 5183 dirigetth

313 5188 482 5242 telum
507 5181 581 5240 se
645 5184 919 5239 occidisse
949 5181 1203 5238 Julianus
1254 5187 1433 5239 lassus
1487 5194 1589 5249 est,
1641 5181 1798 5253 juxta
1822 5199 1896 5253 ea

311 5274 433 5325 quae
459 5254 837 5309 Theodoritus
900 5254 1161 5324 prodidit,
1209 5256 1304 5308 lib.
1340 5271 1396 5307 ιιι
1445 5257 1583 5309 Hist.
1638 5252 1759 5322 cap.
1803 5252 1896 5307 25.

311 5327 421 5382 Nec
455 5327 668 5380 referre
700 5325 950 5378 omittam
992 5340 1057 5377 ex
1086 5325 1326 5378 Antmiio
1372 5326 1500 5394 Pagi
1534 5326 1676 5393 quod
1714 5325 1898 5393 Euty-

311 5400 553 5453 chianus
604 5397 1085 5463 chronographus,
1146 5396 1241 5463 qui
1285 5396 1411 5449 huic
1455 5397 1595 5449 bello
1623 5396 1897 5456 interluit,

314 5470 458 5539 apud
482 5467 756 5524 Joannem
786 5464 1057 5539 M_alelam,
1089 5474 1142 5520 et
1164 5478 1353 5519 auctor
1370 5465 1898 5539 ChroniclAlexan-

311 5534 459 5596 driui
508 5545 764 5601 narrant,
819 5534 1100 5591 Julianqu
1146 5551 1342 5606 nempe
1388 5538 1577 5590 lancea
1628 5535 1899 5590 divinitus

311 5611 647 5667 transﬁxum
710 5608 881 5677 fuisse
923 5624 952 5660 a
1011 5607 1070 5661 S.
1125 5607 1396 5660 Mercurio
1449 5615 1709 5677 martyre,
1752 5606 1901 5672 quod

318 5681 376 5736 S.
413 5681 709 5736 ’Basilium
744 5676 1109 5733 Seleuccnum
1162 5678 1484 5747 episcopum
1541 5676 1749 5731 veneno
1798 5692 1901 5747 3x-

313 5753 607 5808 stinxisset
639 5768 656 5805 :
693 5748 865 5819 quod,
898 5748 1076 5817 inquit
1127 5744 1373 5817 Ca'ngius
1404 5748 1456 5798 in
1502 5762 1666 5819 opere
1689 5748 1755 5800 de
1794 5744 1899 5819 Fa-

314 5824 479 5880 tttiliis
528 5817 797 5892 Augustis
854 5818 1193 5890 Byzantinis,
1233 5835 1354 5888 pag.
1408 5819 1494 5879 Pii,
1552 5817 1791 5883 antiqua:
1824 5818 1902 5884 pi-

1996 4557 2246 4621 cxarato,
2287 4551 2351 4621 in!
2396 4550 2727 4604 bibliotheca
2760 4549 2925 4621 Regia
2954 4559 3220 4605 cernitur.
3253 4550 3308 4606 In
3356 4549 3421 4607 ea
3486 4555 3583 4608 dc-

1995 4620 2181 4688 pictus
2214 4630 2297 4673 est
2327 4619 2587 4675 Julianus
2649 4622 2713 4675 ad
2753 4619 2954 4675 terram
2996 4630 3345 4688 prostratus;
3396 4625 3581 4691 equite

1994 4705 2118 4762 cum
2147 4692 2336 4762 lancea
2372 4692 2628 4762 instante,
2663 4707 2827 4761 supra
2855 4692 3017 4755 cujus
3047 4700 3212 4759 caput
3244 4694 3579 4762 inscriptum

1994 4761 2197 4842 A'I‘IOE
2253 4760 2747 4828 ΜΕΡΚΟΥΡΙΟΣ,
2795 4762 2851 4817 id
2900 4771 3007 4828 est,
3077 4764 3308 4817 Sanctus
3368 4760 3581 4817 Mercu-

1995 4848 2325 4956 mIf’Toﬁto
2355 4901 2423 4954 δὲ
2456 4903 2590 4966 ἔτος
2621 4897 2699 4970 ἦν
2729 4901 2930 4968 τρίτον
2956 4901 3068 4967 τῆς
3106 4902 3435 4968 ,βασιλείας
3471 4904 3584 4957 αὺ-

2000 4972 2131 5027 τοῦ,
2177 4972 2430 5024 Nondum
2463 4980 2647 5024 tanien
2682 4973 2923 5037 integros
2958 4987 3026 5024 xv
3083 4989 3303 5027 menses
3340 4978 3583 5035 impera»
3666 5002 3673 5005 -

1997 5052 2184 5100 verat,
2236 5044 2441 5095 Sl'IIICCI
2503 5057 2531 5092 a
2587 5043 2750 5093 tertio
2799 5040 2938 5094 Non.
3002 5041 3267 5100 Novemb.
3328 5059 3420 5097 an.
3451 5044 3578 5108 561,

1997 5112 2065 5164 ad
2096 5111 2128 5165 6
2158 5111 2277 5165 Kal.
2309 5110 2482 5164 Julias
2509 5127 2597 5164 an.
2637 5113 2760 5164 565.
2787 5110 2873 5163 W.
2896 5111 3118 5166 Lowru.

2069 5194 2095 5231 ίι
2142 5183 2506 5249 nitatem/reor
2533 5182 2629 5233 καὶ
2657 5181 2911 5249 πρῶτον.
2968 5181 3298 5239 lntcrl'ettus
3363 5191 3447 5237 est
3481 5182 3582 5236 Ju-

1999 5253 2181 5306 lianus
2211 5268 2348 5306 mmo
2378 5254 2552 5305 (etatis
2591 5252 2756 5305 altero
2790 5262 2839 5305 et
2876 5253 3164 5317 tricesimo,
3209 5255 3393 5322 inquit
3452 5254 3582 5305 Am-

1999 5324 2170 5377 niian.
2210 5325 2304 5376 lib.
2343 5339 2434 5382 xv,
2474 5322 2527 5374 id
2584 5330 2688 5384 est,
2752 5338 2897 5376 anno
2941 5326 3120 5379 multis
3178 5327 3461 5378 tricesimo
3497 5339 3582 5374 se-

1999 5392 2300 5463 cuudotut
2351 5398 2516 5463 recte
2554 5392 2957 5463 Hieronymus,
2998 5396 3306 5447 Hcrmanus
3347 5392 3582 5463 Contra-

2000 5472 2147 5523 ctus,
2186 5461 2465 5516 Marianos
2495 5461 2694 5518 St‘OltlS
2738 5461 3120 5529 inChronicis,
3156 5472 3207 5516 et
3241 5463 3493 5516 Valesius
3526 5462 3578 5512 in

2002 5536 2149 5587 uotis
2187 5535 2251 5586 ad
2280 5534 2630 5586 Ammiauum
2684 5536 2982 5601 scripsere.
3027 5535 3118 5588 Sic
3155 5536 3370 5592 Cicero,
3405 5533 3582 5596 Quin-

2002 5605 2255 5664 tilianus,
2285 5604 2487 5671 aliique
2525 5605 2861 5671 loquuntur;
2901 5613 2954 5657 et
2986 5607 3040 5658 in
3087 5605 3462 5658 numeralibus
3487 5617 3581 5651 vo-

2002 5688 2119 5728 cem
2155 5675 2292 5726 alter
2330 5690 2476 5743 saepe
2522 5690 2619 5742 pro
2675 5675 2919 5728 secundo
2967 5675 3249 5743 usurpari,
3306 5673 3581 5724 llohcrtus

2006 5744 2321 5812 Stephanus
2353 5746 2404 5797 iu
2442 5744 2728 5797 Thesauro
2776 5748 2968 5811 linguae
3011 5743 3125 5796 Lat.
3165 5745 3369 5808 aliquot
3398 5758 3583 5795 exem-

2008 5817 2110 5883 plis
2143 5816 2501 5869 demonstrat.
2546 5813 2776 5882 lpsemi-l
2824 5812 3078 5867 Julianus
3137 5815 3187 5865 in
3230 5814 3389 5881 epist.
3427 5812 3459 5866 5
3512 5815 3577 5863 ad
