4016 6350
481 322 592 379 455

1013 428 1170 509 199
1203 439 1354 494 CAP.
1409 437 1567 492 xxu.

716 529 788 583 De
819 531 1200 599 nuncupatione
1227 532 1559 598 imperatoris
1594 528 1830 586 Joviani‘.

548 608 749 678 Milites
787 637 914 678 vero
949 623 1002 677 in
1055 637 1271 678 summa
1317 623 1634 678 dillicultate
1673 623 1862 694 positi,
1905 624 2055 679 nulla

476 715 799 786 interposita
835 731 1014 782 mora,
1046 715 1339 772 Jovianum
1377 718 1638 788 postridie
1668 719 2056 790 imperatorem

474 807 784 877 designant,
816 806 992 860 virum
1029 815 1318 863 stremtum
1357 825 1423 864 ac
1469 809 1729 866 nobilem.
1774 809 1878 878 Qui
1929 825 2054 865 cum

473 905 624 952 esset
687 897 942 952 tribunus
991 899 1248 964 militum,
1326 915 1437 970 quo
1493 909 1738 972 tempore
1800 901 2056 958 Julianus

474 989 660 1044 edicto
719 990 998 1059 proposito
1055 991 1330 1060 Optionem
1381 992 1646 1050 militibus
1692 993 1840 1049 dedit
1872 1002 1930 1048 ut
1962 1003 2058 1048 aut

382 1128 400 1146 ,
475 1080 893 1146 sacriﬁcarent,
963 1090 1057 1136 aut
1120 1083 1369 1138 militiam
1447 1086 1795 1155 abjicerent,
1869 1087 2059 1157 cingu-

363 1180 376 1188 '
475 1177 586 1225 lum
663 1171 939 1242 deponere
1013 1174 1240 1239 tnaluit,

1324 1191 1487 1246 quam
1563 1177 1714 1246 impii
1795 1177 2060 1247 principis

475 1261 734 1316 mandato
764 1263 1164 1334 obtemperare.
1205 1265 1458 1322 Julianus
1509 1276 1689 1322 tamen
1725 1267 2061 1322 imminentis

479 1352 592 1405 tum
625 1351 747 1406 belli
780 1353 1106 1410 necessitate
1143 1356 1504 1419 constrictus,
1564 1372 1688 1411 eum
1724 1359 1866 1412 inter
1894 1355 2060 1411 duces

477 1441 798 1496 retinuerat.
863 1442 1017 1498 Tunc
1067 1446 1331 1514 temporis
1395 1461 1525 1500 vero
1580 1461 1706 1500 cum
1761 1446 2062 1515 imperator

480 1541 630 1587 esset
655 1542 1030 1604 nuncupatus,
1067 1534 1354 1606 imperium
1388 1539 1670 1608 suscipere
1698 1540 2058 1597 detrectabat.

485 1622 551 1678 Et
587 1625 853 1682 militibus
919 1641 1014 1697 per
1067 1629 1174 1682 vim
1225 1644 1348 1684 eum
1406 1630 1748 1686 trahentibus
1788 1631 2060 1687 vocifera-

484 1714 650 1768 batur
695 1715 842 1772 nolle
899 1731 981 1779 se.
1015 1717 1107 1787 qui
1143 1718 1492 1775 Christianus
1544 1730 1712 1784 esset,
1749 1721 2064 1776 hominibus

481 1806 865 1876 superstitioni
931 1808 1224 1864 Gentilium
1262 1810 1464 1866 deditis
1501 1812 1791 1882 imperare.
1857 1811 2059 1867 Verum

485 1905 678 1966 postea
728 1913 897 1969 quam
935 1915 1128 1956 omnes
1188 1917 1297 1956 una
1356 1917 1488 1957 voce
1549 1903 1787 1972 professi
1845 1913 2061 1961 suntse

483 2005 706 2062 quoque
740 1991 1090 2048 Chrisﬁanos
1146 2009 1291 2062 esse,
1334 1995 1451 2063 ipse
1509 1995 1733 2066 quidem
1768 1997 2060 2068 imperium

485 2085 753 2155 suscepit.
785 2083 1057 2139 Caeterum
1089 2086 1144 2140 in
1178 2101 1393 2142 summa
1450 2087 1774 2143 dillicultate
1838 2097 2062 2160 repente

485 2175 782 2231 derelictus
808 2174 864 2229 in
891 2175 1132 2241 hostico,
1181 2177 1447 2234 militibus
1499 2179 1638 2235 fame
1680 2181 2060 2250 pereuntibus,

489 2268 688 2322 bellum
719 2268 890 2323 certis
944 2268 1359 2326 conditionibus
1403 2272 1739 2327 terminavit.
1776 2271 1908 2340 Quae
1937 2272 2064 2328 licet

489 2359 736 2415 Romano
762 2359 974 2415 nomini
1005 2361 1299 2426 indecoras,
1332 2378 1430 2432 pro
1466 2369 1714 2436 tempore
1754 2375 1935 2420 tamen
1969 2381 2064 2421 ne-

486 2451 747 2508 cessaria!
781 2450 952 2506 fuere.
989 2452 1207 2507 Etenim
1265 2453 1468 2509 ﬁnibus
1526 2455 1741 2526 imperii
1777 2457 2060 2521 multatus,

487 2552 543 2600 et
568 2542 742 2600 Nisibi
774 2541 1181 2614 Mesopotamiae
1221 2545 1357 2600 urbe
1389 2544 1574 2602 Persis
1617 2547 1838 2611 tradita,
1868 2563 1898 2602 e
1935 2547 2065 2603 Per-

489 2634 615 2693 side
653 2634 932 2691 discessit.
967 2633 1063 2690 His
1091 2636 1256 2692 rebus
1286 2638 1577 2702 nuntiatis,
1613 2639 1912 2694 Christiani
1941 2640 2065 2709 qui-

490 2726 613 2783 dem
647 2727 862 2782 animos
906 2735 1320 2796 resumpserunt
1357 2747 1370 2781 :
1413 2729 1608 2798 pagani
1666 2744 1795 2783 vero
1831 2731 2067 2785 maximo

488 2816 682 2873 dolore
725 2813 906 2870 allecti
969 2823 1096 2870 sunt
1135 2815 1206 2870 ob
1265 2816 1545 2874 iuuaritum
1609 2816 1833 2872 Juliani.
1895 2818 2068 2875 Porro

491 2907 693 2962 milites
719 2905 964 2961 universi
996 2905 1359 2977 improvidam
1391 2908 1659 2978 principis
1702 2909 2065 2965 temeritatem

488 2998 841 3064 accusabant,
871 3007 925 3054 et
964 2997 1238 3068 iacturam
1315 2999 1505 3054 linium
1552 3000 1603 3055 ei
1657 3001 1752 3054 uni
1783 3007 2064 3070 acceptam

557 323 592 376 5
1903 323 2250 380 ΒΟΟΒΑΤΙΞ

2075 451 2128 502 Α

3636 315 3750 380 436

2754 433 3001 495 ΚΕΦΑΛ.
3031 439 3160 494 KB’.

2370 529 2508 597 Περὶ
2558 528 2678 598 τῆςι
2721 530 3171 600 ἀναγορεύσεως
3213 531 3523 587 ἰοσιανοῦ.

2230 623 2293 675 Ol
2335 613 2394 676 δὲ
2427 621 2755 694 στρατιῶται
2785 623 2845 677 ἐν
2895 623 3126 697 μεγίστῃ
3167 624 3483 694 περιστάσει
3518 626 3750 695 γενόμε-

2158 726 2241 763 νοι
2274 719 2326 775 ι’,
2361 710 2526 781 μηδὲν
2567 711 2928 783 ὑπερθέμενοι
2962 751 2976 776 ,
3004 714 3071 783 τῇ
3124 711 3254 782 ἑξῆς
3303 713 3487 784 ἡμέρᾳ
3540 714 3756 768 ἀναδει-

2161 801 2381 856 κνύουσι
2435 801 2662 872 βασιλέα
2706 803 2991 871 ’1ο6ιανδν,
3021 804 3189 876 ἄνδρα
3239 807 3485 872 γενναῖον
3527 807 3623 859 καὶ
3654 807 3748 859 εὐ-

2159 894 2311 964 γενῆ.
2339 893 2526 957 Ὅστις
2582 893 2860 965 χιλίαρχος
2888 893 2965 948 ὢν
2989 893 3154 964 ἡνίκα
3202 893 3486 958 Ἰουλιανὸς
3531 895 3748 966 αἵρεσιν

2160 987 2275 1048 τοῖς
2302 985 2752 1056 στρατευομένοις
2781 985 2928 1056 νόμῳ
2974 985 3276 1054 προύτίθει,
3303 985 3336 1056 ἦ
3367 985 3514 1039 θύειν
3545 985 3578 1056 ἢ
3605 987 3748 1038 ἀπο-

2162 1077 2592 1147 στρατεύεσθαι,
2637 1079 2837 1148 μᾱλλον
2883 1079 2980 1150 τὴν
3032 1077 3210 1148 ζώνην
3253 1078 3552 1132 ἀποθέσθαι
3610 1095 3752 1149 προ-

2162 1168 2417 1240 ῃρεῖτο,ἤ
2443 1169 2681 1222 ἐκτελεῖν
2703 1168 2933 1232 ἀσεϐοῦς
2957 1169 3223 1238 βασιλέως
3249 1170 3548 1240 ἐπίταγμα.
3583 1169 3752 1223 Ἀλλὰ

2174 1259 2462 1321 Ἰουλιανὸς
2489 1259 2586 1330 μὲν
2627 1262 2696 1331 τῇ
2730 1260 2942 1331 ἀνάγκῃ
2975 1261 3070 1313 τοῦ
3098 1260 3449 1332 ἐπικειμένου
3480 1259 3747 1330 πολέμου,

2164 1352 2221 1404 ἐν
2259 1353 2370 1416 τοῖς
2427 1354 2823 1422 στρατηγοῦσιν
2860 1350 2973 1424 εἶχε
3010 1362 3034 1390 ⁸
3069 1353 3163 1406 τὸν
3193 1354 3379 1422 ἄνδρα.
3411 1353 3543 1406 Τότε
3578 1353 3634 1405 δὲ
3664 1353 3752 1406 αε-

2166 1441 2343 1514 ρεθεὶς
2365 1444 2444 1508 εἰς
2479 1444 2538 1497 τὸ
2562 1443 2900 1514 βασιλεῦσαι,
2929 1448 3225 1516 παρῃτεῖτο
3248 1461 3261 1474 ’
3295 1445 3386 1516 βίᾳ
3413 1463 3471 1498 τε
3511 1446 3748 1513 ἑλκόμε-

2165 1550 2253 1597 νος
2288 1533 2392 1586 ὑπὸ
2414 1533 2520 1587 τῶν
2561 1534 2926 1604 στρατιωτῶν,
2953 1533 3102 1597 ἐϐόα,
3143 1535 3218 1606 μὴ
3249 1533 3533 1604 βούλεσθαι
3567 1535 3750 1602 λέγων

2169 1625 2475 1696 βασιλεύειν
2523 1627 2824 1698 ἀνθρώπων
2881 1628 3214 1698 Ἐλληνίζειν
3251 1626 3699 1698 προαιρουμένων
3731 1664 3750 1691 ,

2167 1718 2328 1782 αὐτὸς
2373 1717 2447 1771 ὢν
2493 1719 2836 1789 Χριστιανός.
2870 1720 2959 1782 Ὦς
2989 1715 3082 1774 οὖν
3131 1717 3284 1788 φωνὴ
3337 1721 3490 1788 κοινῇ
3525 1717 3752 1771 πάντων

2092 1783 2135 1838 Β
2164 1810 2402 1874 ίγὶνετο,
2428 1783 2765 1881 ὁμολογοῦσα
2807 1811 2902 1864 καὶ
2947 1783 3155 1872 αὐτοὺς
3176 1783 3314 1862 εἶναι
3359 1783 3745 1876 Χριστιανοὺς,

2161 1901 2372 1970 δέχεται
2423 1901 2520 1971 μὲν
2578 1900 2676 1972 τὴν
2730 1901 3026 1971 βασιλείαν,
3079 1903 3138 1955 έν
3175 1900 3344 1968 στενῷ
3383 1900 3441 1954 δὲ
3487 1899 3750 1967 ἐξαίφνης

2161 1991 2495 2061 ἀποληφθεὶς
2521 1991 2580 2044 ὲν
2603 1994 2667 2062 τῇ
2698 1985 2942 2062 Περσῶν,
2972 1991 3066 2043 καί
3091 1990 3197 2042 τῶν
3229 1988 3574 2060 στρατιωτῶν
3600 1987 3750 2058 λιμῷ

2165 2081 2559 2154 φθειρομένων,
2586 2081 2882 2135 κατέλυσεν
2903 2083 2996 2134 ἐπὶ
3029 2081 3322 2150 συνθήκαις
3354 2079 3444 2132 τὸν
3483 2079 3747 2148 πόλεμον.

2164 2176 2230 2228 Ai
2264 2174 2530 2244 συνθῆκαι
2553 2173 2630 2238 δὲ,
2667 2174 2804 2246 πρὸς
2832 2175 2930 2245 μὲν
2957 2172 3056 2245 τὴν
3083 2171 3242 2238 δόξαν
3291 2172 3577 2242 Ῥωμαίων
3604 2167 3752 2242 ἦσαν

2163 2267 2432 2337 ἀπρεπεῖς
2450 2283 2465 2298 ο
2488 2267 2624 2338 πρὸς
2668 2266 2724 2319 δὲ
2754 2267 2850 2319 τὸν
2877 2265 3065 2334 καιρὸν
3104 2265 3415 2332 ἀναγκαῖαι.
3439 2263 3751 2334 Ζημιωθεὶς

2163 2358 2272 2431 γὰρ
2297 2359 2420 2422 τοὺς
2452 2359 2657 2430 Σύρους
2686 2359 2787 2428 τῆς
2821 2358 2998 2429 ἀρχῆς
3032 2358 3167 2427 (Ἠ),
3195 2357 3290 2410 καὶ
3326 2357 3604 2428 παραδοὺς
3631 2359 3748 2421 τοῖς

2166 2450 2402 2521 Πέρσαις
2417 2451 2514 2520 τὴν
2531 2452 2588 2503 ὲν
2609 2449 3002 2520 Μεσοποταμίᾳ
3020 2449 3236 2503 Νίσισιν
3259 2448 3431 2514 πόλιν,
3453 2449 3752 2519 ἐξήλαυνεν

2165 2541 2395 2598 ἐκεῖθεν.
2471 2541 2688 2596 Τούτων
2750 2542 3215 2610 διαγγελθέντων,
3272 2543 3590 2613 Χριστιανοὶ
3647 2543 3752 2612 μὲν

2173 2632 2580 2704 ἀνερρώννυντο
2618 2633 2730 2702 (75)
2759 2649 2772 2663 ·
2803 2636 2851 2687 oi
2895 2633 2951 2687 δὲ
2981 2634 3083 2705 τὴν
3113 2633 3408 2705 θρησκείαν
3445 2634 3708 2705 ’Έλληνες
3732 2673 3749 2697 ,

2172 2724 2366 2788 πένθος
2395 2724 2674 2778 ἐποιοῦντο
2719 2725 2815 2796 τὴν
2857 2725 3144 2779 Ἰουλιανοῦ
3173 2725 3447 2796 τελευτήν.
3472 2725 3546 2778 Τὸ
3578 2743 3751 2796 στρα-

2165 2814 2418 2868 τιωτικὸν
2439 2814 2496 2867 δὲ
2521 2813 2584 2867 σύ
2593 2831 2762 2885 μπαν,
2789 2814 2889 2884 τὴν
2908 2814 3219 2884 ἁφύλαιῖτον
3248 2813 3413 2868 αὐτοῦ
3437 2814 3753 2885 θερμότητα

2167 2905 2546 2977 διεμέμφοντο,
2577 2906 2672 2960 καὶ
2695 2907 2793 2977 τὴν
2816 2907 2996 2961 αἰτίαν
3023 2907 3122 2976 τῆς
3143 2906 3346 2977 ζημίας
3368 2905 3476 2958 τῶν
3503 2907 3644 2977 ὅρων
3668 2907 3752 2970 είς

2169 2998 2330 3052 αὑτὸν
2356 2999 2618 3070 ἀνέφερον
2642 3039 2656 3062 ,
2692 2999 2774 3052 ὅτι
2810 2999 2915 3053 ὑπὸ
2956 2998 3254 3067 αὐτομόλου
3295 2997 3507 3069 Πέρσου
3536 2999 3753 3068 ἀπατη-

489 3089 804 3146 referebant
831 3107 845 3144 :
877 3089 1079 3160 quippe
1109 3090 1202 3160 qui
1237 3105 1268 3143 a
1317 3090 1602 3160 transfuga
1635 3089 1871 3160 quodam
1900 3089 2065 3144 Persa

2173 3089 2283 3153 θεὶς
2305 3127 2319 3152 ,
2355 3088 2422 3142 τὰ
2476 3087 2802 3158 σιτηγοῦντα
2851 3089 2938 3143 διὰ
2971 3089 3078 3141 τῶν
3108 3088 3368 3153 ποταμῶν
3420 3087 3579 3142 πλοῖα
3626 3104 3755 3141 κατ-

489 3183 549 3239 in
581 3180 831 3238 fraudem
867 3180 1148 3248 inductus,
1185 3183 1402 3255 navigia
1429 3182 1630 3253 quibus
1674 3196 1890 3238 annona
1935 3182 2068 3238 sub-

2177 3181 2374 3236 έκαυσε
2393 3184 2435 3246 ι,
2463 3179 2542 3236 διὸ
2568 3183 2660 3238 καὶ
2681 3180 2824 3254 λιμῷ
2845 3181 3168 3252 περιέπεσεν
3192 3183 3220 3235 ό
3251 3180 3499 3252 στρατός.
3522 3180 3654 3234 Τότε
3684 3180 3753 3251 δὴ

1671 3355 1938 3412 VALESII
1961 3356 2514 3414 ANNOTATIONES.

521 3512 524 3514 ν
567 3447 692 3520 (⁷4)
717 3444 1041 3520 Ζημιωθεὶς
1093 3448 1204 3518 τὰρ
1235 3447 1374 3520 τοὺς
1429 3447 1658 3520 Σύρους
1696 3447 1812 3520 τῆς
1858 3449 2072 3518 ἀρχῆς.

500 3517 1053 3589 Ιιιιίιιιὶἁειη-Ιθεὶιυιε
1088 3517 1141 3573 in
1185 3518 1657 3589 omnihuslibris.
1696 3518 1884 3589 Neque
1913 3521 2074 3572 aliter

502 3586 756 3659 legerunt
809 3586 1150 3659 Epiphanius
1192 3586 1571 3659 Scholasticus
1616 3596 1670 3642 et
1709 3586 2069 3659 Nicephorus.

502 3651 1012 3729 Epiphanius'enim
1041 3659 1112 3729 ita
1148 3657 1309 3729 vertit
1339 3675 1353 3712 ;
1386 3651 1861 3729 Antissanamqué
1887 3651 2068 3729 Syria,

501 3726 786 3814 citi-adita
806 3727 987 3814 Regis
1034 3727 1232 3810 Nisibj,
1275 3735 1396 3814 .etc.
1436 3726 1786 3814 l‘ijcep'l‘iorus.
1820 3726 1949 3783 vero
1987 3731 2071 3784 sic

503 3799 716 3870 babeti
738 3799 854 3870 Καὶ
882 3799 946 3870 δή
984 3816 1104 3854 τινα
1133 3799 1240 3870 τῶν
1267 3797 1542 3870 ὑποτελῶν
1578 3797 1870 3870 Ῥωμαίοις
1903 3814 2081 3870 παραυ

2183 3451 2539 3520 εοτὶιιεηᾶιιιῐι
2570 3449 2657 3520 sit,
2686 3451 2812 3514 τοὺς
2841 3451 3019 3520 ὄρους.
3053 3449 3172 3518 Qua
3205 3449 3592 3505 emendatione
3623 3464 3752 3503 cer-

2180 3523 2292 3590 tius
2322 3521 2478 3575 nihil.
2512 3519 2816 3576 Confirmat
2853 3519 2993 3575 hanc
3030 3521 3469 3576 emendationem
3521 3522 3755 3590 ipsemet

2181 3589 2458 3653 Socrates,
2490 3591 2582 3657 qui
2621 3591 2791 3658 paulo
2845 3590 2990 3645 infra
3026 3591 3094 3646 de
3127 3592 3227 3646 hac
3260 3607 3317 3646 re
3368 3588 3624 3660 loquens,
3652 3588 3750 3659 ζηο

2180 3662 2311 3732 μίαν
2340 3661 2447 3714 τῶν
2477 3660 2809 3732 ὂρωνᾼιιίοἰι.

2248 3732 2362 3794 (75)
2402 3730 2876 3796 Ἀνερῤώννυντο
2924 3729 3237 3796 τελευτήν.
3292 3730 3438 3784 Inter
3492 3731 3608 3784 haec
3641 3730 3758 3784 duo

2175 3803 2342 3854 verba
2372 3800 2562 3854 deerat
2622 3807 2834 3867 integra
2890 3801 3033 3856 linea
3086 3801 3138 3854 in
3172 3802 3392 3856 excusis
3440 3801 3754 3863 codicibus,

500 3868 625 3941 θοὺς
674 3867 944 3941 Πέρσαις
963 3871 1064 3941 τὴν
1098 3869 1285 3941 Σύρων
1327 3867 1702 3941 ἀρχήνέφημι
1733 3870 1827 3922 καὶ
1876 3867 2068 3941 τ-ὴνίὲι

2173 3886 2337 3941 quam
2398 3886 2499 3925 nos
2548 3885 2616 3924 ex
2652 3870 2876 3939 optimis
2929 3872 3334 3941 exemplaribus
3393 3869 3756 3926 Florentiano

498 3939 895 4010 Μεσοποταμίᾳ
915 3939 1152 4004 Νίσιϐιν,
1176 3939 1287 4010 etc.
1324 3939 1718 4010 Atqui__falsunt
1754 3947 1861 4003 est,
1889 3939 2073 3995 Jovia-

499 4025 630 4062 num
667 4005 882 4080 Syriam
918 4011 1215 4080 tradidisse
1246 4005 1451 4080 Persis.
1481 4005 1894 4080 Nisibimienim
1926 4011 2074 4080 ﬁdun-

497 4076 728 4150 tAaxatei
781 4083 1036 4149 regiones
1066 4079 1542 4150 Transtigritanas
1583 4076 1771 4134 Persis
1820 4079 2066 4135 tradidit.

500 4147 684 4216 Quare
713 4166 828 4206 non
848 4147 1050 4206 dubito
1085 4151 1217 4221 quin
1249 4147 1355 4206 hoc
1392 4150 1514 4205 loco
1569 4165 1666 4219 pro
1699 4151 1824 4214 τοὺς
1859 4151 2070 4221 Σύρους

2171 3956 2238 3995 ac
2271 3940 2557 3995 Sfortiano
2607 3941 3003 4009 supplevimus.
3050 3940 3224 3996 Porro
3278 3943 3752 4010 Christophorso-

2175 4027 2304 4064 num
2338 4011 2394 4064 in
2447 4011 2812 4066 translatione
2838 4012 3084 4067 Socratis
3118 4011 3285 4068 nullis
3343 4011 3755 4080 manuscriptis

2167 4082 2458 4136 codicibus
2491 4098 2652 4136 usum
2684 4095 2828 4146 esse,
2872 4082 2956 4137 vel
2995 4097 3140 4139 unus
3193 4083 3284 4138 hic
3330 4083 3490 4138 locus
3530 4081 3740 4151 perspi-

2177 4167 2277 4207 cue
2310 4153 2670 4208 demonstrat.

1931 4327 2312 4386 VARIORUM.

503 4431 927 4491 Alexandrinos.
965 4444 1116 4484 xxxn
1172 4442 1349 4482 annos
1398 4434 1585 4482 natum
1641 4441 1702 4482 sc
1740 4440 1864 4480 esse
1914 4423 2073 4488 dicit,

2184 4427 2391 4482 militia:
2416 4445 2605 4483 munus
2633 4428 2702 4482 ad
2731 4429 3109 4498 tranquilliora
3138 4426 3258 4498 vita!
3282 4425 3530 4498 digressi,
3569 4425 3754 4498 inquit

505 4505 652 4576 quod
679 4503 810 4576 etin
847 4500 1188 4576 Misopogune
1210 4497 1526 4576 significat;
1549 4497 1751 4576 [Seque
1765 4497 2078 4576 contrarius
2110 4497 2153 4553 D
2183 4497 2362 4576 5mm.
2393 4498 2663 4576 Marcell.,
2705 4500 2798 4576 lib.
2865 4496 2988 4560 ἤην,
3019 4513 3141 4566 cap.
3180 4497 3235 4552 5.
3272 4496 3404 4564 Ejus
3434 4496 3599 4575 patri.
3635 4514 3755 4550 cum

507 4564 595 4632 est
620 4584 703 4644 (ut
733 4573 855 4627 loco
877 4564 1449 4644 laudat'o__arbitratttr
1484 4564 1756 4644 Valesius)
1789 4564 2070 4644 Socrates.

507 4635 730 4717 quando
779 4640 978 4717 scribit
1035 4636 1313 4717 Julianum
1361 4653 1510 4717 anno
1567 4637 1743 4717 aetatis
1784 4635 2077 4715 tricesimo

509 4706 686 4783 primo
722 4712 972 4784 periisse,
998 4709 1098 4784 sed
1127 4716 1339 4784 tantum
1381 4707 1587 4784 indicat
1612 4706 1971 4784 tricesimum
1987 4719 2076 4757 se-

510 4774 752 4841 cundum
778 4780 1162 4850 incompletum
1180 4775 1355 4850 fuisse
1378 4777 1561 4850 :iquod
1584 4784 1902 4850 verumest.
1926 4774 2074 4844 (Ant.

513 4850 640 4923 Pagi
669 4855 736 4910 ad
762 4869 890 4908 ann.
927 4845 1066 4924 365;
1089 4866 1146 4904 ιι.
1174 4848 1251 4924 5.)
1284 4847 1357 4903 De
1378 4849 1466 4904 die
1503 4845 1795 4924 einortuali
1823 4859 2078 4924 annoque

511 4916 694 4980 artatis
717 4923 991 4996 consentit
1030 4916 1324 4996 Eutropius
1351 4919 1542 4996 {quod
1574 4934 1702 4972 vero
1735 4916 1925 4996 scribit
1953 4930 2076 4994 eum

514 4997 748 5065 septimo
774 4993 987 5065 imperii
1005 5006 1167 5065 anno
1214 4990 1585 5055 interfectum,
1620 5002 1795 5042 annos
1860 4990 2078 5054 imperii

514 5061 748 5120 Caesarei
792 5061 1065 5130 intelligit.

592 5144 614 5174 π
655 5135 758 5187 Ἐν
777 5128 1030 5202 μεγίστῃ
1063 5131 1408 5202 περιστάσει
1453 5132 1776 5202 γενόμενοι.
1805 5128 1919 5202 Non
1962 5137 2080 5182 tan-

516 5213 630 5258 tntn
660 5204 730 5257 ob
770 5199 1031 5256 amissum
1058 5201 1357 5266 lulianum,
1391 5199 1487 5257 sed
1543 5200 1688 5270 quod
1738 5217 1861 5256 cum
1909 5199 2080 5267 impe-

517 5277 658 5329 rium
685 5272 948 5328 Sallustio
963 5270 1310 5334 detulissent,
1344 5273 1390 5327 is
1417 5271 1636 5325 morbos
1661 5280 1714 5324 et
1740 5279 2078 5327 senectutem

514 5355 798 5407 causatus,
835 5344 1094 5397 honorem
1152 5342 1315 5396 istum
1349 5356 1378 5394 a
1412 5356 1471 5395 se
1519 5340 1748 5408 depulit.
1793 5339 1940 5392 Inter
1984 5339 2078 5389 has

515 5420 730 5484 exiguas
779 5411 848 5467 ad
906 5422 1108 5465 tantam
1173 5428 1282 5484 rem
1331 5427 1524 5484 moras,
1577 5410 1807 5484 nonduin
1849 5409 2079 5475 pensatis

515 5480 816 5550 seu—tentiis,
850 5482 1295 5537 tumultuantibus
1325 5483 1530 5548 paucis,
1558 5489 1614 5532 ut
1650 5481 1702 5532 in
1735 5480 1885 5532 rebus
1913 5489 2080 5531 extre-

519 5556 619 5610 mis
649 5571 783 5621 saepe
811 5562 888 5609 est
941 5555 1160 5621 factum,
1200 5551 1458 5606 Iovianus
1511 5551 1720 5621 cligitur
1768 5550 2077 5621 imperator.

519 5618 1161 5678 domesticorum-ordinis
1197 5623 1420 5681 primus,
1447 5620 1679 5688 paternis
1727 5618 1924 5670 meritis
1973 5634 2080 5670 nte-

520 5695 774 5748 diocriter
823 5692 1272 5748 commendabilis.
1337 5690 1470 5744 Erat
1539 5690 1676 5743 enim
1761 5689 2079 5741 Varroniani

526 5764 786 5820 notissimi
811 5764 1015 5819 comitis
1046 5763 1208 5832 ﬁlius,
1239 5761 1379 5817 haud
1413 5760 1610 5815 dudum
1640 5768 1753 5828 post
1790 5759 2080 5827 depasitum

2183 4567 2372 4621 liberos
2396 4570 2602 4622 crebros
2631 4571 2912 4632 amitteret,
2937 4576 3250 4636 prwceptum
3277 4567 3478 4636 somnio
3508 4576 3611 4636 est,
3636 4585 3754 4620 eun:

2178 4637 2267 4714 qui
2289 4637 2404 4714 jam
2439 4640 2675 4714 instante
2695 4635 3071 4714 uxorisparlu
3095 4635 3748 4714 edendus‘forettdiceret

2219 4708 2487 4780 ovianupt.
2517 4708 2622 4762 Hic
2649 4710 2749 4778 fuit
2797 4708 3019 4779 insignis
3060 4724 3295 4776 corpore.
3331 4709 3486 4762 larius
3519 4708 3750 4774 ingenio,

2181 4778 2479 4832 litterarum
2507 4778 2990 4834 studiosus.Vlctor
3013 4781 3064 4834 in
3099 4781 3356 4845 epitome.

2251 4859 2273 4886 ⁸
2327 4849 2429 4904 Ἐν
2454 4851 2578 4916 τοῖς
2626 4851 3072 4920 στρατηγοῦσιν
3107 4851 3253 4918 εἶχε.
3317 4848 3449 4903 Erat
3472 4848 3631 4920 enim
3657 4848 3754 4899 do.

2181 4921 2533 4990 ntcsticorum
2565 4922 2774 4974 ordinis
2801 4919 3026 4990 primus.
3055 4931 3114 4973 ut
3142 4935 3308 4989 supra
3335 4937 3397 4974 ex
3432 4919 3752 4990 Marcellino

2182 4989 2440 5044 vidimus.
2472 4988 2700 5044 Fallitur
2736 4986 2919 5059 itaque
2963 4986 3347 5052 Thcodoritus,
3386 5006 3512 5043 cum
3562 4989 3640 5059 ait
3669 4986 3754 5059 Joo

2182 5059 2402 5114 vianum
2435 5059 2604 5116 fuisse
2639 5060 2761 5114 οὔτε
2805 5055 3130 5130 στρατηγὸν,
3156 5059 3279 5115 οὔτε
3316 5060 3426 5114 τῶν
3466 5057 3585 5129 μετ’
3613 5055 3752 5109 ἐκείο

2181 5146 2324 5192 νους,
2359 5131 2452 5185 lib.
2488 5146 2560 5193 tv,
2591 5147 2711 5200 cap.
2741 5147 2779 5185 ι.
2803 5127 2893 5183 W.
2925 5127 3150 5185 Lo’wru.

2257 5204 2274 5239 ί
2302 5201 2489 5254 [Maia
2517 5198 2870 5277 κατέκαυσε.
2891 5201 3166 5277 Julianus,
3193 5207 3483 5271 postquam
3510 5198 3749 5277 Euphra-

2183 5279 2290 5326 tem
2319 5285 2443 5344 cum
2468 5273 2709 5344 exercitu
2774 5273 3084 5334 transierat,
3120 5287 3284 5326 naves
3339 5279 3547 5344 temere
3590 5273 3752 5344 nimis

2182 5339 2335 5412 exuri
2361 5340 2554 5409 jussit.
2588 5343 2691 5397 iter
2726 5350 2986 5396 terrestre
3013 5357 3344 5412 aggressus;
3370 5339 3516 5393 unde
3544 5339 3748 5412 paucis

2182 5406 2377 5467 diebus
2417 5421 2603 5467 tantus
2663 5413 2940 5466 exercitus
2972 5412 3024 5464 in
3051 5406 3280 5467 hostico
3324 5418 3379 5466 et
3423 5409 3596 5463 sterili
3637 5406 3749 5460 solo

2184 5483 2418 5550 positus,
2462 5481 2649 5550 inopia
2681 5484 2926 5535 omnium
2962 5497 3143 5535 rerum
3193 5482 3361 5550 premi
3393 5480 3588 5548 cmpit,
3635 5486 3746 5528 tau-

2183 5553 2414 5620 demque
2443 5552 2512 5605 ab
2541 5552 2792 5606 humanis
2813 5552 3069 5606 carnibus
3092 5552 3177 5604 vix
3208 5552 3542 5620 abstcntunt,
3565 5561 3746 5615 (pietu-

2183 5618 2475 5676 admodum
2530 5623 2721 5676 scribit
2775 5625 2952 5675 Amm.
3017 5621 3390 5677 Marcellinus.
3455 5618 3534 5674 De
3567 5627 3742 5671 trans.

2187 5691 2310 5762 fuga
2346 5701 2522 5747 autem
2554 5691 2718 5747 Persa
2746 5691 2903 5746 nihil.
