4016 6350
481 372 588 440 £59
666 445 674 453 _

1961 370 2303 437 SOCRATIS

3638 373 3751 438 ΜΟ

488 495 740 569 cognitos
763 488 1015 549 habebat.
1056 490 1211 549 Tunc
1250 500 1384 551 vero
1415 487 1686 553 adversus
1731 496 1857 553 illos
1888 496 2058 567 impe-

2183 512 2301 567 ττης
2353 496 2590 569 διέσυρε.
2621 498 2734 565 Πᾶς
2766 496 2875 568 γὰρ
2902 498 2934 550 6
2980 486 3286 569 μαχόμενός
3332 512 3461 563 τινι,
3490 496 3585 551 νῦν
3648 497 3755 567 μὲν

490 587 606 644 tum
635 585 765 642 fecit
799 604 811 640 :
846 587 1118 658 longaque
1175 586 1423 644 instituta
1475 590 1909 657 concertatione,
1945 600 2058 645 non

486 679 637 733 sicut
665 678 742 732 ait
780 676 1069 742 Libanius,
1100 686 1575 746 argumentorum
1617 679 1808 736 valido
1859 680 2061 736 robore

486 782 583 825 eos
621 769 980 840 oppugnavit,
1016 769 1112 825 sed
1156 785 1256 840 pro
1290 772 1541 829 veritatis
1572 773 1762 845 inopia
1803 772 1871 827 ad
1916 774 2061 829 sales

485 869 542 916 et
569 860 730 931 jocos
754 875 1078 927 conversus,
1123 863 1325 933 quibus
1373 863 1625 935 impense
1661 866 2059 930 delectabatur,

485 966 550 1007 ea
582 966 705 1022 quae
734 953 791 1007 in
848 952 961 1009 illis
992 953 1150 1009 libris
1183 965 1331 1011 recte
1381 957 1625 1011 stabilita
1658 965 1808 1021 sunt,
1859 957 2059 1013 irrisit.

486 1041 816 1113 Quicunque
857 1044 1005 1099 enim
1061 1056 1338 1102 certamen
1377 1049 1640 1105 adversus
1670 1050 1902 1106 alterum
1938 1065 2063 1106 sus-

409 1156 412 1161 ~
484 1133 671 1204 cepit,
709 1149 858 1189 nunc
888 1139 1257 1205 pervertendo
1306 1141 1616 1208 veritatem,
1675 1156 1825 1198 nunc
1874 1144 2064 1199 occul-

377 1247 396 1256 -
487 1224 675 1288 tando,
714 1229 938 1283 mentiri
986 1230 1130 1284 solet
1157 1230 1428 1288 adversus
1478 1248 1604 1289 eum
1658 1245 1850 1290 contra
1902 1250 2063 1306 quem

458 1317 743 1374 'institnta
818 1327 905 1374 est
994 1320 1323 1391 disputatio.
1419 1322 1484 1378 Et
1571 1326 1890 1398 quicunque
1982 1328 2032 1380 al

489 1414 670 1462 terum
730 1408 862 1464 odio
906 1412 1288 1482 prosequitur,
1337 1417 1524 1471 omnia
1586 1424 1847 1488 tanquam
1891 1418 2067 1474 hostis

370 1577 379 1584 ι
489 1498 648 1567 20],
685 1514 793 1554 non
820 1500 1001 1556 solum
1041 1517 1203 1574 agere
1228 1515 1422 1562 contra
1455 1506 1632 1575 illum,
1664 1523 1854 1565 verum
1900 1511 2065 1566 etiam

489 1589 643 1660 loqui
676 1590 862 1647 studet
891 1612 906 1648 :
957 1599 1013 1649 et
1045 1609 1167 1665 qua:
1205 1597 1263 1652 in
1294 1598 1417 1668 ipso
1447 1598 1638 1655 insunt
1677 1601 1842 1667 mala,
1909 1616 1976 1656 ea
2010 1602 2065 1656 in

493 1680 650 1735 illum
676 1697 916 1752 quocum
944 1684 1265 1742 inimicitias
1287 1696 1530 1755 exercet,
1576 1699 1795 1747 vertere
1832 1703 2068 1749 consue-

491 1772 594 1827 vit.
624 1771 930 1844 Utrumque
968 1790 1159 1847 porro,
1194 1776 1475 1834 Iulianum
1505 1783 1717 1839 scilicet
1739 1791 1906 1854 atque
1931 1783 2068 1839 Por-

494 1864 774 1935 phyrium,
820 1880 986 1936 quem
1015 1865 1242 1939 Tyrium
1270 1884 1455 1926 senem
1490 1874 1734 1944 appellat
1764 1873 2028 1932 Libanius
2048 1919 2062 1944 ,

498 1957 816 2012 sco‘mmatis
870 1957 1177 2017 delectatos
1235 1962 1429 2030 fuisse,
1492 1980 1559 2019 ex
1612 1967 1862 2037 ipsorum
1911 1969 2069 2024 libris

497 2047 865 2106 convincitur.
917 2049 1052 2105 Nam
1098 2051 1439 2126 Porphyrius
1499 2057 1724 2127 quidem
1784 2059 1840 2114 in
1910 2060 2069 2116 libris

499 2152 647 2210 quos
687 2140 916 2212 scripsit
954 2141 1023 2199 de
1071 2143 1304 2200 historia
1346 2147 1724 2218 philosophica
1749 2190 1766 2216 ,
1825 2150 2071 2208 Socratis

507 2229 964 2302 philosophorum
1021 2234 1266 2288 omnium
1303 2238 1747 2294 excellentissimi
1787 2239 1957 2293 vitam
1996 2240 2073 2294 ri-

503 2319 688 2376 dicule
730 2321 1016 2379 traduxit:
1061 2339 1239 2395 eaque
1268 2326 1336 2383 de
1382 2329 1478 2384 illo
1524 2330 1747 2402 scriptis
1795 2330 2070 2400 prodidit,

501 2425 624 2480 quae
649 2426 751 2466 nec
778 2410 1000 2468 Melitus
1019 2429 1258 2484 unquam
1295 2430 1397 2470 nec
1428 2415 1672 2489 Anytus,
1704 2416 1950 2475 Socratis
1977 2432 2074 2474 ac-

502 2511 821 2571 eusatores,
868 2516 1062 2560 contra
1100 2507 1253 2562 illum
1283 2507 1466 2565 dicere
1508 2509 1630 2565 ausi
1665 2509 1912 2578 fuerunt,
1968 2510 2073 2567 So—

503 2596 696 2662 cratis,
732 2597 981 2667 inquam,
1020 2611 1182 2669 quem
1229 2614 1421 2658 omnes
1455 2600 1628 2657 Graeci
1681 2604 1953 2660 mirantur
2005 2606 2076 2661 ob

503 2686 828 2747 modestiam
874 2696 930 2744 et
968 2690 1241 2759 justitiam
1292 2692 1544 2764 aliasque
1592 2694 1868 2765 virtutes;
1913 2713 2075 2768 quem

502 2776 662 2834 Plato
702 2782 1103 2841 celeberrimus
1149 2786 1294 2856 apud
1346 2786 1469 2843 illos
1495 2787 1879 2860 philosophus,
1913 2806 2076 2860 quem

506 2869 850 2943 Xenophon.
910 2882 967 2930 et
1036 2876 1288 2947 reliquus
1340 2878 1803 2951 philosophorum
1848 2882 2077 2947 chorus,

510 2979 620 3018 non
651 2965 829 3021 solum
877 2973 1138 3039 tanquam
1178 2968 1288 3025 Deo
1321 2970 1548 3027 charum
1592 2975 1924 3045 suspiciunt,
1985 2990 2081 3031 ve-

503 3069 627 3107 rum
661 3055 827 3110 etiam
845 3071 1012 3127 supra
1048 3058 1274 3113 humani
1306 3059 1511 3130 ingenii
1567 3072 1791 3134 captum
1827 3066 2082 3135 sapuisse

2161 587 2549 661 παρατρέπων,
2577 586 2671 642 νῦν
2691 586 2749 641 δὲ
2781 586 3133 659 ἐπικρύπτων
3163 587 3261 659 ιεὴν
3285 586 3757 659 άλήθειαν,καταδ

2159 678 2416 750 ψεύδεται
2444 678 2541 733 τοῦ
2569 679 2707 751 πρὸς
2736 679 2797 734 ὃν
2820 680 2854 749 ἡ
2880 678 3030 750 μάχη
3076 679 3413 734 συνίσταται.
3446 680 3558 734 Καὶ
3577 681 3608 733 6
3640 681 3754 734 ἁπ-

2160 771 2334 842 εχθῶς
2367 771 2506 842 ἔχων
2539 770 2679 842 πρός
2706 786 2855 836 τινα,
2882 769 3063 824 πάντα
3096 770 3173 833 ὡς
3207 770 3466 841 πολέμιος
3490 772 3553 825 οὐ
3586 771 3760 842 μόνον

2163 863 2426 935 πράττειν
2448 901 2463 927 ,
2495 861 2632 916 ἀλλὰ
2663 861 2757 917 καὶ
2797 861 2977 932 λέγειν
3003 861 3307 916 ἐσπούδακε
3327 877 3343 893 ·
3370 863 3465 916 καὶ
3495 861 3568 916 τὰ
3599 861 3757 932 αὐτῷ

2164 957 2433 1028 προσόντα
2470 954 2682 1026 φαῦλα,
2706 953 2786 1026 τῷ
2826 954 2963 1027 πρὸς
2999 954 3059 1009 ὃν
3099 955 3134 1027 ἡ
3176 953 3367 1026 ἔχθρα,
3395 954 3758 1025 περιτρέπειν

2166 1046 2327 1115 φιλεῖ.
2360 1045 2484 1099 Ὅτι
2521 1046 2620 1116 μὲν
2659 1039 2753 1099 οὖν
2784 1044 2882 1099 καὶ
2924 1044 3229 1112 Ἰουλιανὸς,
3275 1043 3371 1097 καὶ
3418 1043 3755 1116 Πορφύριος,

2164 1139 2224 1192 δν
2256 1137 2454 1209 Τύριον
2504 1136 2661 1191 καλεῖ
2689 1136 2942 1206 γέροντα,
2977 1135 3147 1206 ἄμφω
3174 1135 3555 1205 φιλοσκῶπται
3580 1130 3754 1206 ἦσαν,

2169 1229 2274 1283 ὑπὸ
2315 1229 2426 1283 τῶν
2470 1228 2684 1283 οἰκείων
2712 1228 2886 1297 λόγων
2924 1227 3260 1298 ἐλέγχονται.
3310 1225 3622 1298 Πορφύριος
3654 1227 3759 1297 μὲν

2166 1321 2276 1392 γὰρ
2325 1321 2422 1376 τοῦ
2470 1319 2900 1391 κορυφαιοτάτου
2943 1317 3052 1373 τῶν
3099 1317 3402 1388 φιλοσόφων
3430 1318 3760 1389 Σουκράτους

2166 1415 2258 1467 τὸν
2309 1413 2425 1485 βίον
2471 1413 2717 1486 διέσυρεν
2771 1415 2831 1467 ἐν
2872 1413 2941 1485 τῇ
2990 1410 3351 1483 γεγραμμένῃ
3405 1408 3557 1480 αὐτῷ
3606 1408 3761 1479 φιλο-

2169 1508 2319 1578 σόφῳ
2350 1504 2560 1577 ίστορία
2582 1521 2596 1536 ο
2633 1507 2729 1559 καὶ
2762 1503 2987 1558 τοιαῦτα
3018 1502 3148 1574 περ)⁵
3180 1501 3344 1556 αὑτοῦ
3363 1498 3583 1570 γράψας
3620 1517 3762 1552 κατ-

2171 1598 2414 1664 έλειπεν,
2443 1592 2532 1649 οἷα
2567 1595 2634 1650 ἂν
2668 1596 2807 1666 μήτε
2834 1593 3086 1657 Μέλιτος,
3120 1593 3258 1663 μήτε
3289 1591 3518 1652 ’Ἄνυτος
3541 1589 3592 1642 οἱ
3620 1605 3762 1659 γρα-

2167 1688 2400 1759 ψάμενοι
2440 1686 2759 1758 Σωκράτην,
2790 1685 2970 1738 εἰπεῖν
2992 1682 3358 1753 ἐπεχείρησαν
3382 1697 3396 1711 ·
3432 1679 3763 1752 Σωκράτους

2170 1782 2336 1853 φημὶ.
2373 1779 2468 1833 τοῦ
2498 1778 2629 1851 παρ’
2654 1777 2880 1848 Ἕλλησι
2902 1772 3315 1846 θαυμαζομένου
3337 1771 3429 1825 ἐπί
3456 1788 3518 1824 τε
3546 1788 3765 1841 σωφροο

2171 1871 2306 1945 σύνῃ
2335 1871 2430 1925 καὶ
2483 1868 2814 1941 δικαιοσύνῃ,
2846 1866 2940 1921 καὶ
2983 1867 3103 1929 ταῖς
3150 1863 3339 1927 ἄλλαις
3382 1863 3628 1933 ἀρεταῖς.

2167 1944 2393 2015 Πλάτων
2418 1961 2446 2014 6
2468 1956 2776 2029 θαυμαστὸς
2806 1955 2936 2025 παρ’
2976 1948 3162 2015 αὐτοῖς
3196 1949 3506 2020 φιλόσοφος,
3541 1946 3640 2000 καὶ
3664 1944 3765 1998 Ξεο

2167 2050 2366 2121 νοφῶν,
2402 2049 2496 2104 καὶ
2533 2049 2563 2101 6
2593 2046 2751 2110 ἄλλος
2779 2044 2890 2099 τῶν
2925 2041 3229 2113 φιλοσόφων
3260 2039 3478 2103 θίασος,
3504 2037 3577 2090 σύ
3599 2035 3765 2106 μόνον

2167 2145 2242 2209 ὡς
2288 2140 2510 2213 θεοφιλῆ
2551 2138 2786 2212 τιμῶσιν
2812 2179 2828 2205 ,
2855 2136 2992 2191 ἀλλὰ
3038 2134 3103 2207 δὴ
3151 2133 3249 2188 καὶ
3302 2130 3444 2201 ὑπὲρ
3472 2129 3766 2199 ἄνθρωπον

2171 2237 2388 2308 φρονεῖν
2415 2233 2781 2304 νενομίκασιν.
2811 2228 3095 2290 Ἰουλιανὸς
3120 2226 3176 2280 δὲ
3198 2224 3290 2278 τὸν
3323 2220 3537 2292 πατέρα
3558 2217 3762 2288 ζηλῶν,

2169 2327 2231 2381 τὸ
2266 2326 2397 2380 ἴδιον
2431 2322 2603 2385 πάθος
2644 2321 2726 2385 είς
2778 2320 2905 2383 τοὺς
2958 2317 3246 2388 Καίσαρας
3295 2310 3512 2385 ἤλεγξε,
3546 2310 3763 2369 πάντας

2175 2415 2579 2490 μωμησάμενος
2601 2413 2729 2475 τοὺς
2755 2410 2861 2482 πρὸ
2892 2406 3058 2463 αὐτοῦ
3101 2404 3336 2479 βασιλεῖς
3359 2443 3374 2466 ,
3396 2402 3494 2457 καὶ
3522 2399 3639 2453 οὐδὲ
3668 2396 3768 2452 τοῦ

2175 2508 2464 2579 φιλοσόφου
2503 2505 2732 2578 Μάρκου
2765 2501 3113 2573 φεισάμενος.
3146 2497 3348 2585 Κ-αὶότι
3371 2494 3469 2567 μὲν
3496 2489 3767 2585 φιλοσκςὺῖ

2175 2619 2306 2656 πται
2342 2601 2528 2671 ἄμφω.
2548 2597 2607 2664 ἐξ
2631 2595 2839 2651 ἑαυτῶν
2858 2592 2948 2649 τὸν
2976 2582 3197 2662 ἔλεγχον
3217 2588 3398 2661 ἔχουσι
3415 2604 3429 2618 ·
3462 2585 3559 2639 καὶ
3585 2583 3647 2637 ού
3685 2580 3772 2634 δεῖ

2180 2714 2270 2769 μοι
2299 2694 2509 2749 πολλῶν
2541 2693 2575 2765 ἢ
2616 2689 2806 2745 δεινῶν
2833 2688 3029 2756 λόγων,
3064 2684 3200 2740 ἀλλὰ
3239 2676 3654 2783 άπόὲ-ρηταῦτα
3685 2676 3768 2783 είς

2178 2768 2518 2862 παράστασιν
2557 2783 2652 2838 τοῦ
2710 2780 2877 2853 ῆθουξ
2921 2778 3101 2834 αὐτῶν
3149 2772 3315 2869 (79).-
3674 2768 3772 2869 σύν

2177 2860 2350 2936 ταύτα
2399 2880 2465 2932 ἐκ
2514 2875 2622 2931 τῶν
2668 2873 2945 2945 ἑκατέρων
2973 2869 3165 2958 λόγωνῌ
3197 2865 3329 2937 περὶ
3368 2863 3532 2958 ήθους
3583 2860 3774 2958 αὐτῶν

2179 2971 2629 3043 τεκμαιρόμενος,
2651 2965 2825 3020 ταῦτα
2842 2962 3060 3034 γράφω.
3095 2954 3198 3015 Οἷα
3227 2958 3286 3012 δέ
3312 2955 3440 3027 περὶ
3480 2951 3774 3006 ’ἰουλιανοῦ

2182 3068 2212 3119 6
2239 3061 2615 3132 Ναζιανζηνὸς
2655 3059 2958 3131 Γρηγόριος
2999 3057 3209 3127 είρηκε,
3235 3050 3346 3104 τῶν
3393 3045 3558 3101 αὐτοῦ
3595 3046 3776 3113 λόγων

507 3146 869 3203 arbitrantur.
899 3147 1152 3206 Julianus
1174 3165 1306 3206 vero
1351 3152 1525 3223 patris
1556 3156 1869 3225 exemplum
1909 3159 2079 3212 imita-

2187 3155 2444 3209 ἐπάκουε.
2480 3153 2619 3222 Φησὶ
2649 3151 2759 3222 γὰρ
2779 3151 2836 3203 ἐν
2867 3149 2946 3218 τῷ
2966 3146 3204 3216 δευτέρῳ
3227 3143 3373 3211 λόγῳ
3406 3139 3545 3211 πρὸς
3566 3135 3775 3205 ’Έλλη-

506 3247 619 3301 tus,
654 3240 822 3295 animi
864 3241 950 3296 sui
1012 3243 1264 3298 morbum
1305 3243 1548 3315 prodidit
1577 3246 1630 3299 in
1664 3246 1809 3301 libro
1837 3249 1933 3318 qui
1962 3248 2081 3304 Cte-

511 3341 669 3382 sares
696 3329 1022 3385 inscribitur
1054 3350 1068 3387 :
1103 3332 1158 3387 in
1196 3348 1308 3403 quo
1335 3346 1567 3395 cunctos
1600 3344 1728 3391 ante
1749 3353 1809 3391 se
1840 3339 2081 3409 impera-

510 3429 662 3475 tores
691 3421 1037 3490 perstrinxit,
1067 3437 1132 3479 ac
1162 3440 1229 3480 ne
1259 3427 1365 3495 ipsi
1420 3426 1639 3497 quidem
1675 3427 1861 3483 Marco
1908 3431 2086 3499 philo-

516 3510 694 3580 sopho
724 3513 990 3581 pepercit.
1045 3512 1352 3584 Utrumque
1410 3517 1581 3586 igitur
1621 3517 1838 3573 illorum
1863 3558 1878 3582 ,
1913 3519 2087 3575 dicte-

512 3601 618 3657 riis
664 3610 719 3657 et
784 3604 1109 3658 scom‘matis
1169 3604 1497 3661 delectatum
1550 3606 1747 3671 fuisse,
1800 3611 2087 3666 amborum

519 3693 728 3763 scripta
794 3695 929 3750 satis
961 3705 1292 3768 coarguunt.
1333 3698 1445 3754 Nec
1486 3700 1621 3755 mihi
1657 3715 1799 3770 opus
1828 3709 1915 3758 est
1950 3705 2091 3757 mul-

517 3786 590 3841 tis
620 3801 685 3841 ac
715 3785 914 3843 validis
935 3792 1314 3861 argumentis;
1338 3792 1433 3847 sed
1465 3792 1568 3847 ista
1609 3792 1889 3850 sulliciunt
1910 3794 1979 3850 ad
2007 3796 2091 3850 in-

515 3877 738 3948 genium
796 3880 1093 3951 utriusque
1148 3881 1388 3939 hominis
1440 3882 1853 3940 declarandum.
1911 3886 2092 3957 Atque

523 3986 625 4040 ego
665 3970 913 4042 quidem,
964 3988 1031 4030 ex
1089 3975 1382 4046 utriusque
1434 3976 1653 4046 scriptis
1715 3978 2090 4048 conjecturam

519 4065 748 4136 capiens
799 4067 1078 4138 quodnam
1130 4067 1295 4124 fuerit
1326 4070 1545 4123 illorum
1602 4071 1923 4140 ingenium,
1987 4073 2093 4128 ista

519 4159 726 4213 scribo.
756 4159 949 4224 Qualia
979 4175 1112 4214 vero
1141 4157 1443 4230 Gregorius
1477 4160 1856 4218 Nazianzenus
1900 4163 1968 4221 de
1996 4164 2097 4220 Ju-

522 4251 672 4305 liano
695 4249 920 4313 dixerit,
975 4250 1111 4320 ipsis
1146 4251 1493 4321 ejus-verbis
1524 4255 1755 4323 prolatis
1783 4256 2093 4314 audiamus.

524 4337 620 4394 Sic
646 4340 792 4393 enim
829 4339 906 4392 ait
937 4339 991 4393 in
1027 4340 1269 4395 secunda
1298 4343 1546 4399 oratione
1574 4345 1841 4400 adversus
1900 4345 2094 4402 Genti-

2187 3258 2284 3311 νας
2307 3245 2448 3301 κατὰ
2477 3244 2625 3310 λέξιν
2653 3242 2806 3297 τάδε·
2837 3260 2856 3294 ι
2881 3240 3067 3294 Ταῦτα
3100 3239 3210 3300 τοῖς
3237 3236 3334 3306 μὲν
3355 3233 3533 3293 ἄλλοις
3556 3231 3589 3300 ή
3609 3231 3778 3297 πεῖρα

2186 3339 2520 3410 παρέστησε,
2544 3336 2637 3389 καὶ
2663 3337 2702 3406 ἡ
2749 3330 3040 3388 δυναστεία
3082 3324 3468 3400 προσλαϐοῦσα
3490 3321 3589 3393 τὴν
3620 3319 3778 3410 ἐξουέ

2190 3409 2330 3483 σίαν.
2375 3428 2527 3498 Ἐμοὶ
2553 3426 2611 3479 δέ
2637 3425 2731 3479 καὶ
2765 3422 3043 3496 πόρρωθεν
3075 3419 3274 3490 τρόπον
3310 3414 3436 3469 τινὰ
3467 3409 3781 3484 έωρᾶτο,ὲξ

2189 3514 2251 3574 οὗ
2291 3519 2368 3590 τῷ
2397 3519 2551 3590 ἀνδρὶ
2581 3517 2948 3586 συνεγενόμην
2981 3512 3289 3584 Ἀθήνῃσιν.
3323 3502 3496 3560 Ἦλθε
3531 3503 3643 3575 γάρ
3678 3504 3781 3556 κάς

2153 3612 2173 3627 ⁸
2194 3613 2363 3674 κεῖσε,
2392 3610 2517 3682 ἄρτι
2544 3608 2652 3662 τῶν
2686 3606 2826 3662 κατὰ
2854 3606 2947 3659 τὸν
2995 3603 3221 3672 ἀδελφὸν
3244 3598 3408 3656 αὐτοῦ
3440 3606 3467 3636 ν
3487 3610 3783 3665 νεωτερισ-

2196 3703 2420 3765 θέντων,
2449 3702 2540 3755 τὸν
2566 3700 2790 3772 βασιλέα
2810 3698 2969 3753 τοῦτο
2992 3696 3124 3753 αὐτὸ
3147 3693 3645 3766 παραιτησάμενος.
3663 3690 3783 3739 Διτο

2197 3794 2288 3858 τὸς
2323 3794 2381 3848 δὲ
2402 3791 2567 3847 αὐτοῦ
2594 3791 2694 3861 τῆς
2744 3789 3040 3860 ἐπιδημίας
3063 3790 3092 3841 6
3117 3786 3300 3854 λόγος’
3325 3785 3356 3837 6
3386 3784 3483 3853 μὲν
3507 3777 3785 3851 εὐπρεπέ-

2199 3904 2410 3959 στερος,
2454 3886 2576 3940 καθ’
2606 3884 2847 3957 ἱστορίαν
2888 3884 2989 3954 τῆς
3035 3881 3302 3943 Ἑλλάδος,
3329 3877 3424 3932 καὶ
3457 3876 3569 3929 τῶν
3600 3874 3785 3926 ἐκεῖσε

2198 3978 2596 4049 παιδευτηρίων
2620 3995 2634 4009 ·
2665 3977 2694 4029 6
2721 3976 2778 4029 δὲ
2822 3974 3286 4046 άπορῤητότερος,
3337 3968 3433 4022 καὶ
3468 3965 3530 4019 οὐ
3563 3963 3785 4024 πολλοῖς

2200 4071 2493 4141 γνώριμος,
2520 4069 2661 4123 ὥστε
2688 4071 2800 4133 τοῖς
2828 4070 2944 4122 ἐκεῖ
2971 4067 3159 4130 θύταις
3183 4079 3208 4107 ι
3226 4063 3320 4120 καὶ
3344 4058 3627 4116 ἀπατεῶσι
3656 4056 3785 4129 περὶ

2200 4164 2310 4216 τῶν
2341 4162 2462 4217 καθ’
2475 4160 2668 4215 ἑαυτὸν
2697 4158 3080 4230 συγγενέσθαι,
3113 4156 3267 4210 οὔπω
3295 4152 3609 4225 παρρησίαν
3637 4148 3787 4220 ἐχού-

2205 4272 2304 4324 σης
2339 4255 2436 4324 τῆς
2492 4242 2765 4315 ἀσεϐείας.
2800 4250 2935 4304 Τότε
2975 4251 3152 4303 τοίνυν
3192 4246 3254 4300 οὐ
3294 4244 3497 4315 φαῦλος
3545 4239 3661 4310 ἐγὼ
3690 4236 3786 4292 τοῦ

2202 4345 2394 4416 ἀνδρὸς
2419 4344 2677 4413 εἰκαστὴς
2705 4338 2822 4397 οἶδα
2847 4341 3159 4412 γενόμενος,
3177 4337 3359 4392 καίτοι
3394 4334 3550 4405 γεόύ
3579 4333 3694 4387 τῶν
3725 4325 3782 4383 εὖ

526 4430 609 4486 les
642 4448 698 4485 τι
733 4428 858 4486 "ac
891 4431 1013 4485 aliis
1052 4432 1272 4502 quidem
1303 4435 1640 4504 experientia
1667 4437 1784 4505 ipsa
1815 4448 1869 4495 et
1890 4440 2079 4509 princi-

2207 4438 2524 4507 πεφυκότων
2553 4438 2684 4508 περὶ
2719 4436 2893 4491 ταῦτα
2925 4429 3005 4500 είς
3037 4431 3131 4487 ὧν.
3171 4430 3308 4485 Ἀλλ’
3337 4429 3513 4485 ἐποίει
3549 4443 3618 4499 με
3655 4439 3787 4496 μαν-

1690 4612 1960 4669 VALESII
1995 4614 2545 4673 ANNOTATIONES.

601 4742 710 4817 (79)
742 4744 839 4814 ΕἾς
869 4748 1250 4821 παράστασιν
1276 4747 1378 4803 τοῦ
1395 4748 1579 4817 ἤθους
1596 4751 1803 4806 αὐτῶν.
1835 4752 1963 4809 Post
1982 4753 2079 4806 hau

2183 4757 2298 4811 :rha
2330 4757 2387 4812 in
2413 4758 2633 4814 excusis
2669 4754 2955 4812 codicibus
2981 4756 3172 4812 deerat
3197 4753 3364 4818 linea,
3423 4762 3589 4821 quam
3657 4758 3787 4816 sup-

531 4820 671 4891 plevi
694 4836 761 4874 ex
789 4819 979 4874 codice
1010 4817 1314 4875 Sfortiano.

1961 4979 2052 5032 VA
2062 4977 2349 5036 NORUM.

605 5096 631 5130 ν
668 5091 830 5148 Κατὰ
848 5093 961 5162 τὸν
982 5092 1250 5162 ἀδελφὸν
1296 5094 1503 5149 αὐτοῦ.
1554 5093 1768 5150 Gallum
1832 5096 2108 5154 Cmsarem

413 5156 427 5167 ”
536 5163 811 5238 intelligit.
839 5161 978 5218 Vide
1009 5164 1104 5217 lib.
1134 5156 1226 5230 ἠ,
1257 5178 1379 5235 cap.
1407 5165 1520 5230 δίη
1571 5174 1626 5221 et
1669 5181 1788 5237 cap.
1828 5168 1881 5233 ί,
1943 5169 2107 5238 hujus

537 5237 634 5290 lib.

612 5318 638 5346 ι
671 5304 853 5362 Ὥστε
884 5302 1008 5369 τοῖς
1031 5300 1159 5357 ἐκεῖ
1184 5302 1405 5370 θύταις.
1441 5302 1556 5370 Qua
1588 5305 1656 5359 de
1708 5323 1764 5361 re
1805 5309 2109 5363 audiendus

539 5383 624 5430 est
666 5376 916 5436 idoneus,
979 5389 1081 5443 nec
1131 5382 1423 5441 suspectus
1478 5375 1667 5443 utique
1723 5389 1933 5441 auctor,
1964 5380 2104 5431 idem

542 5461 738 5513 nempe
762 5443 1003 5511 gentilis,
1033 5442 1350 5511 Euuapius;
1391 5444 1483 5507 qui
1540 5442 1628 5499 ubi
1683 5446 1956 5501 Julianuiu
2000 5448 2109 5500 bla-

541 5517 773 5585 ximoct
799 5513 1167 5585 Chrysanthin
1218 5515 1270 5585 in
1310 5513 1453 5585 lonia
1503 5516 1819 5584 aliquandiu
1867 5533 2106 5585 _vacasse

541 5583 862 5638 tradidisset
886 5582 926 5642 ,⁷
960 5582 1111 5635 addit
1138 5601 1167 5655 _:
1190 5652 1197 5655 _
1224 5583 1299 5645 ὡς
1330 5583 1411 5655 νδὲ-
1453 5586 1545 5655 καὶ
1597 5582 1782 5638 ’ταῦτα
1839 5582 1952 5655 εἶχε
2002 5605 2106 5655 κα-

541 5655 648 5718 λῶς
704 5682 773 5694 -
832 5662 889 5705 ut
917 5669 1035 5707 vero
1057 5652 1270 5718 pulchre
1322 5654 1574 5720 isticfuit
1623 5652 2108 5709 instructus'Julia—

545 5739 663 5781 ηαδ,
697 5722 784 5776 ubi
813 5724 1071 5777 intellexit
1104 5723 1219 5790 plus
1244 5723 1573 5791 aliquantum
1631 5725 1792 5778 latere
1824 5728 1875 5779 in
1906 5725 2111 5779 Gm'cia

550 5795 691 5861 apud
720 5793 1130 5863 Hicrophautam
1174 5793 1563 5847 lilcusiniorum
1597 5812 1869 5849 sacrorum
1908 5798 2110 5850 antisti-

2217 5107 2339 5161 tem,
2399 5098 2645 5153 velociter
2677 5099 2805 5152 illuc
2867 5097 3140 5159 accurrit;
3193 5095 3342 5157 dein,
3376 5092 3511 5147 Tum
3545 5092 3784 5161 temporis

2214 5159 2468 5224 Julianus
2504 5170 2826 5225 divinissimi
2875 5168 3133 5221 antistitis
3164 5164 3423 5236 familiari
3462 5178 3593 5236 usus
3624 5159 3787 5236 collo-

2218 5242 2361 5310 quio,
2394 5238 2697 5315 eteagplctus
2724 5239 3009 5315 sapientia,
3044 5230 3203 5315 quam
3225 5235 3434 5315 ρῆξᾳιὶιη
3479 5232 3615 5315 inde
3659 5230 3787 5315 (tau-

2216 5300 2378 5363 ierat.
2409 5300 2622 5376 Quibus
2657 5300 2819 5378 paulo
2842 5317 2964 5377 post
2996 5300 3167 5369 addit,
3223 5300 3445 5378 Juliano
3478 5305 3534 5357 in
3576 5300 3785 5362 Galliis,

2218 5379 2284 5432 ad
2316 5396 2452 5447 quas
2487 5377 2762 5448 pacandas
2818 5379 2996 5432 fuerat
3055 5393 3176 5430 cum
3219 5377 3458 5448 Catsaris
3518 5378 3787 5448 potestate

2215 5440 2437 5512 InissuS,
2467 5440 2723 5510 literente.
2748 5466 2778 5504 e
2800 5449 3008 5503 Graecia
3037 5448 3275 5501 accitum
3308 5446 3378 5499 ab
3405 5445 3499 5498 illo
3524 5440 3784 5517 eumdem

2214 5521 2601 5595 Atheniensem
2628 5535 2912 5595 sacrorum
2932 5517 3276 5595 antistitem,
3299 5531 3417 5567 cum
3453 5530 3558 5583 quo
3582 5520 3787 5595 reinom

2217 5588 2439 5643 arbitris
2478 5590 2734 5664 nonnulla
2763 5590 2894 5664 solis
2924 5590 3053 5657 ipsis
3102 5587 3311 5664 cognita
3361 5587 3642 5664 peregc_rit_,
3670 5596 3787 5664 funi

2216 5660 2529 5727 ratleroquin
2554 5677 2728 5713 omnes
2760 5652 2966 5722 lateret,
3002 5656 3139 5727 quod
3164 5652 3410 5709 'deornm
3465 5652 3635 5727 cultui
3663 5652 3787 5720 [om

2218 5730 2324 5795 ipse
2353 5725 2615 5785 addictus.
2652 5729 2926 5801 Eunapins
2957 5725 3289 5791 in‘Maximo,
3319 5741 3439 5796 pag.
3474 5725 3568 5791 90,
3598 5732 3705 5779 etc.
