4016 6350
307 445 401 502 441

1320 448 1649 508 HISTORIA
1682 449 2247 508 ECCLESIASTICA.
2286 480 2358 495 --
2395 450 2524 506 LIB.
2571 449 2660 506 lii.

3440 450 3553 510 442

301 554 514 628 τικὺνὴ
557 554 653 609 τοῦ
693 556 861 628 ἤθους
899 559 1201 629 ἀνωμαλία,
1244 565 1339 619 καὶ
1370 566 1431 618 τὸ
1477 567 1728 636 περιττὸν
1774 568 1867 637 τῆς

1973 579 2131 636 palus
2156 567 2433 621 licentiam
2477 575 2675 621 nactus
2708 564 3026 621 declaravit.
3057 561 3101 620 Α
3124 582 3208 621 me
3232 582 3362 622 vero
3387 567 3551 638 longe

302 647 623 712 ἐκστάσεως.
644 649 800 719 εἴπερ
823 650 1013 721 μάντις
1032 652 1247 724 ἀριστος
1267 655 1412 719 ὅστις
1439 656 1646 720 εἰκάζει
1675 656 1875 721 καλῶς·

305 738 516 802 οὐδενὸς
542 739 652 810 γὰρ
679 740 849 794 ἐδόκει
878 758 967 811 μοι
1001 746 1223 814 σημεῖον
1261 741 1402 799 εῖναι
1418 732 1674 817 χρηστοῦ,
1707 745 1878 817 αὐχὴν

301 828 517 898 ἀπαγὴς
539 836 590 893 1,
612 823 751 899 ὦμοι
774 831 1096 902 παλλόμενοι
1124 818 1216 888 καὶ
1263 836 1687 907 ἀνακοπτόμενοι
1726 838 1875 908 (80),

299 919 575 989 ὀφθαλμὸς
604 920 925 993 σοϐούμενος
953 925 1047 978 καὶ
1095 927 1560 998 περιφερόμενος,
1591 928 1686 981 καὶ
1719 946 1876 999 μανι-

299 1010 391 1064 κὸν
416 1010 634 1080 βλέταυν
657 1027 671 1039 ·
694 1012 852 1077 πόδες
875 1016 1256 1081 ἀπατοῦντες,
1283 1018 1378 1071 καὶ
1416 1018 1835 1090 μετοκλάζοντες
1857 1036 1872 1051 ⁸

301 1103 521 1172 μυκτὴρ
550 1100 709 1171 ὕϐριν
737 1103 914 1158 πνέων
966 1106 1060 1159 καὶ
1105 1109 1499 1179 περιφρόνησιν
1531 1124 1544 1139 °
1583 1108 1873 1180 προσώπου

299 1197 669 1267 σχηματισμοὶ
705 1196 1098 1265 καταγέλαστοι
1120 1214 1135 1229 ο
1178 1198 1236 1252 τδ
1265 1199 1397 1253 αὐτὸ
1437 1199 1760 1271 φρονοῦντες
1783 1200 1876 1268 γέ·-

298 1286 481 1350 λωτες,
514 1289 772 1360 ἀκρατεῖς
801 1288 895 1341 καὶ
928 1288 1354 1360 βρασματώδεις’
1387 1289 1598 1356 νεύσεις
1624 1293 1719 1345 καὶ
1745 1292 1875 1344 ἀναοι

300 1377 527 1443 νεύσεις,
602 1381 699 1433 σὺν
755 1380 929 1434 οὐδενὶ
982 1379 1125 1452 λόγῳ
1154 1398 1170 1414 ’
1220 1383 1378 1450 λόγος
1439 1385 1744 1455 ἱστάμενος,
1778 1384 1874 1437 καὶ

299 1469 625 1540 κοπτόμενος
649 1469 917 1541 πνεύματι
939 1488 953 1501 ’
992 1473 1288 1544 ἐρωτήσεις
1308 1473 1532 1528 ἄτακτοι
1563 1476 1658 1528 καὶ
1681 1474 1873 1529 ἀσύνε-

297 1565 418 1611 tow
469 1558 788 1630 ἀποκρίσεις
840 1559 993 1613 οὐδὲν
1034 1560 1240 1615 τούτων
1289 1563 1562 1633 ἀμείνους,
1617 1564 1873 1634 ἀλλήλαις

297 1649 743 1719 ἐπεμϐαίνουσαι,
770 1651 862 1704 καὶ
890 1652 988 1705 οὐκ
1009 1651 1309 1718 εὐσταθεῖς,
1333 1654 1452 1707 οὐδὲ
1473 1654 1621 1719 τάξει
1655 1654 1872 1728 προῖοῦ-

298 1757 387 1794 σαι
417 1740 774 1805 παιδεύσεως.
816 1740 882 1796 Τί
916 1742 981 1797 ἂν
1017 1744 1086 1798 τὰ
1128 1743 1248 1797 καθ’
1276 1745 1504 1800 ἕκαστον
1555 1747 1820 1818 γράφοιμι
1852 1765 1867 1815 ;

298 1829 551 1885 Τοιοῦτον
598 1832 705 1904 πρὸ
731 1833 838 1887 τῶν
871 1832 1049 1904 ἔργων
1096 1834 1408 1907 ἐθεασάμην
1430 1876 1444 1901 ,
1485 1831 1597 1891 οἷον
1638 1838 1733 1890 καὶ
1775 1837 1870 1890 ἐπὶ

1983 664 2110 713 ante
2160 666 2443 727 perspecta
2496 657 2737 723 fuerant,
2764 672 2828 710 ex
2861 672 2971 726 quo
3015 656 3245 714 Athenis
3279 673 3404 713 eum
3456 660 3553 714 illo

1979 755 2232 802 versatas
2262 763 2434 801 eram.
2481 744 2616 801 Nam
2649 755 2703 802 et
2732 748 2861 802 illuc
2904 746 3187 818 profectus
3250 760 3333 804 est
3365 751 3549 805 statim

1979 846 2100 906 post
2133 837 2278 892 illam
2314 853 2496 892 rerum
2530 836 2717 893 fratris
2762 839 2845 892 sui
2878 840 3391 904 commutationem,
3418 856 3546 895 cum

1975 928 2030 983 id
2060 930 2235 998 ipsum
2267 929 2335 982 ab
2356 930 2682 999 imperatore
2701 930 3117 998 postulavisset.
3151 930 3355 1001 Duplex
3381 947 3547 1002 porro

1976 1021 2024 1074 ei
2058 1035 2223 1074 causa
2284 1020 2388 1075 fuit
2435 1020 2843 1091 profectionis:
2903 1022 3075 1077 altera
3118 1023 3427 1087 honestior,
3491 1034 3551 1079 ut

1976 1106 2244 1165 Gi-zeciam
2273 1118 2328 1166 et
2378 1111 2602 1166 scholas
2631 1112 2753 1181 ejus
2777 1112 2981 1167 viseret
3009 1130 3025 1179 ;
3059 1114 3332 1169 occultior
3375 1115 3547 1169 altera

1976 1204 2275 1272 paucisque
2327 1202 2622 1257 admodum
2655 1213 2807 1267 nota,
2866 1213 2925 1259 ut
2959 1206 3304 1262 sacriﬁculos
3353 1214 3408 1262 ct
3445 1208 3549 1261 iiii-

1977 1300 2232 1361 postores
2264 1291 2359 1359 qui
2390 1292 2503 1345 illic
2527 1301 2707 1356 erant,
2738 1290 2806 1348 de
2840 1293 3006 1350 rebus
3034 1295 3152 1350 suis
3196 1297 3545 1365 consuleret;

1976 1381 2261 1450 impietate
2320 1380 2537 1436 scilicet
2563 1382 2809 1437 nondum
2841 1383 3151 1439 libertatem
3196 1399 3259 1439 ac
3295 1385 3546 1439 ﬁduciam

1973 1474 2189 1543 adepta.
2214 1473 2369 1527 Tunc
2398 1475 2566 1543 igitur
2612 1488 2718 1529 non
2778 1475 2983 1529 malum
3030 1492 3118 1531 me
3177 1476 3545 1545 conjectorcm

1972 1566 2039 1620 de
2063 1565 2166 1620 hoc
2213 1567 2339 1619 viro
2368 1563 2541 1621 fuisse
2590 1565 2834 1633 memini,
2884 1562 3013 1621 licet
3059 1567 3265 1637 alioqui
3297 1583 3406 1622 non
3443 1568 3547 1624 sim

1970 1668 2039 1712 ex
2065 1672 2253 1712 eorum
2281 1672 2533 1722 numero,
2565 1659 2661 1728 qui
2692 1658 2857 1728 hujus
2891 1660 2970 1713 rei
3006 1675 3169 1714 usum
3197 1674 3260 1715 ac
3291 1662 3542 1731 peritiam

1969 1749 2076 1804 sibi
2108 1758 2520 1819 compararunt.
2555 1747 2662 1804 Sed
2697 1765 2784 1805 me
2809 1750 3011 1821 ingenii
3055 1751 3547 1807 illiusinconstan-

1972 1840 2069 1897 tia.
2100 1850 2154 1893 et
2187 1840 2531 1895 incredibilis
2569 1841 2771 1896 mentis
2821 1856 3086 1897 excessus
3131 1850 3311 1897 vatem
3343 1843 3546 1897 eﬁicie-

296 1923 402 1976 τῶν
437 1922 615 1994 ἔργων
639 1923 929 1996 ἐγνώρισα.
957 1927 1068 1981 Καὶ
1100 1928 1154 1982 εῐ
1178 1946 1267 1998 μοι
1295 1928 1552 1999 παρῆσάν
1589 1946 1734 1993 τινες
1762 1928 1867 1982 τῶν

1974 1929 2065 1983 bat
2098 1946 2110 1981 :
2144 1929 2188 1983 si
2211 1930 2427 1998 quidem
2448 1936 2598 1985 vates
2628 1932 2871 2000 optimus
2901 1932 2948 1987 is
2976 1941 3061 1989 est
3085 1933 3177 2003 qui
3208 1943 3353 1989 recte
3369 1934 3547 2004 conji-

295 2013 597 2083 τηνικαῦτα
637 2016 903 2070 συνόντων
948 2018 1042 2071 καὶ
1087 2021 1461 2083 ἀκουσάντων,
1510 2021 1569 2073 οὐ
1621 2019 1872 2091 χαλεπῶς

297 2106 363 2159 ἂν
391 2107 786 2179 ἐμαρτύρησαν
825 2125 841 2141 ο
872 2104 954 2173 οἷς
984 2111 1169 2182 ἐπειδὴ
1211 2110 1381 2165 ταῦτα
1420 2112 1750 2183 ἐθεασάμην,
1785 2112 1873 2164 εύ-

298 2197 390 2262 05;
434 2198 811 2271 ἐφθεγξάμην,
866 2197 976 2255 οἷον
1025 2205 1194 2257 κακὸν
1245 2206 1278 2274 ἡ
1326 2204 1610 2274 Ῥωμαίων
1659 2203 1867 2275 τρέφει.

296 2289 404 2343 Καὶ
431 2293 863 2362 προαγορεύσας,
884 2294 978 2347 καὶ
999 2294 1248 2363 γενέσθαι
1275 2295 1632 2367 ψευδόμαντις
1652 2296 1872 2366 ἐμαυτῷ

297 2381 679 2454 κατηυξάμην.
718 2385 987 2455 Κρείσσον
1019 2386 1160 2457 γὰρ,
1188 2385 1220 2456 ἢ
1259 2385 1516 2439 τοιούτων
1562 2386 1869 2456 πλησθῆναι

293 2470 389 2543 τὴν
421 2473 748 2544 οἰκουμένην
772 2473 985 2537 κακῶν,
1009 2475 1103 2527 καὶ
1130 2475 1369 2528 τοιοῦτον
1404 2475 1742 2544 ἀναφανῆναι
1784 2474 1870 2527 τέ-

295 2582 415 2636 ρας,
461 2561 576 2619 οἷον
622 2564 774 2619 οὔπω
812 2565 1073 2637 πρότερον
1094 2583 1107 2597 ο
1142 2566 1348 2621 πολλῶν
1376 2568 1473 2637 μὲν
1520 2566 1869 2635 ἐπικλυσμῶν

293 2656 703 2729 θρυλλουμένων
723 2697 741 2723 ,
777 2656 986 2711 πολλῶν
1017 2657 1074 2710 δέ
1112 2659 1457 2730 ἐμπρησμῶν
1490 2660 1583 2712 καὶ
1608 2656 1868 2728 βρασμῶν

290 2749 391 2818 γῆς
411 2748 504 2802 καὶ
518 2749 812 2818 χασμάτων
833 2767 845 2780 ’
864 2747 944 2802 ἐτι
964 2749 1130 2802 δὲκαὶ
1153 2750 1362 2822 ἀνδρῶν
1385 2750 1739 2821 ἀπάνθρωποι
1754 2750 1866 2821 (81)

289 2841 383 2894 καὶ
438 2839 746 2911 θηριώδεις,
779 2839 1081 2893 ἀλλοκότων
1132 2846 1192 2894 ’σε
1240 2841 1335 2895 καὶ
1370 2842 1636 2896 συνθέτων
1678 2843 1868 2913 φύσεις

289 2930 784 3001 καινοτομηθεῖσαι.
820 2932 1086 3004 Ταύτῃτοι
1126 2933 1217 2985 καὶ
1244 2932 1394 2996 τέλος
1419 2934 1565 2998 ἄξιον
1597 2934 1867 3004 ἠνέγκατο

289 3024 385 3093 τῆς
422 3022 699 3084 ἀπονοίας.
736 3041 756 3075 ι
784 3022 1020 3076 Τοιαῦτα
1074 3023 1172 3093 μὲν
1220 3025 1520 3095 Γρηγόριος
1566 3025 1694 3096 περὶ
1738 3028 1867 3079 ἰου-

286 3113 467 3168 λιανοῦ
509 3114 805 3185 διεξῆλθεν.
837 3114 957 3167 Ὀτι
992 3114 1049 3168 δὲ
1091 3116 1185 3169 καὶ
1218 3116 1357 3168 κατά
1402 3115 1741 3187 Χριστιανῶν
1779 3117 1866 3170 λό-

287 3220 415 3274 γους
441 3205 670 3269 πολλοὺς
690 3204 1082 3274 ἀναλώσαντες,
1104 3205 1201 3278 τὴν
1231 3206 1483 3277 ἀλήθειαν
1506 3210 1865 3280 ἐπεχείρησαν
1891 3247 1933 3303 C

289 3296 611 3367 βιάσασθαι,
642 3299 766 3352 τινὰ
821 3298 919 3369 μὲν
958 3298 1067 3352 τῶν
1099 3297 1259 3369 ἱερῶν
1303 3299 1649 3370 Γραμμάτων
1679 3316 1860 3370 παρα-

287 3387 584 3459 τρέψαντες
609 3403 625 3418 ⁶
654 3388 722 3441 τὰ
749 3387 805 3440 δὲ
827 3384 1303 3456 ἐγκαταλέξαντες,
1326 3390 1503 3442 πάντα
1527 3389 1583 3442 δὲ
1611 3389 1745 3461 πρὸς
1773 3390 1863 3442 τὸν

287 3481 481 3533 οἰκεῖον
531 3479 853 3541 ἐκλαϐόντες
891 3480 1111 3546 σκοπὸν,
1145 3480 1326 3533 πολλοὶ
1369 3481 1465 3552 μὲν
1499 3481 1635 3551 πρὸς
1666 3481 1863 3545 αὐτοὺς

287 3573 701 3643 ἀπαντήσαντες
757 3571 871 3642 (βὲ)
931 3572 1173 3639 ἔδειξαν,
1210 3573 1611 3645 ἀνατρέψαντές
1664 3590 1725 3627 τε
1770 3574 1863 3628 καὶ

286 3658 665 3733 ἐξελέγξαντες
699 3664 878 3718 αὐτῶν
909 3663 977 3717 τὰ
1009 3664 1338 3735 σοφίσματα.
1371 3666 1483 3736 Πρὸ
1508 3666 1565 3719 δὲ
1606 3666 1864 3720 ἁπάντων

301 3757 580 3832 Ὠριγὲνης
610 3757 754 3841 (85),
788 3758 884 3812 καὶ
928 3756 1110 3827 πολλῷ
1156 3758 1266 3813 τῶν
1318 3758 1603 3813 Ἰουλιανοῦ
1656 3759 1865 3833 χρόνων

1974 2021 2073 2074 cit.
2104 2019 2293 2090 Neque
2334 2021 2478 2076 enim
2539 2023 2674 2077 mihi
2728 2024 2857 2080 boni
2901 2025 3197 2096 quidquam
3234 2024 3546 2096 signiﬁcare

1972 2112 2131 2182 202
2162 2112 2509 2178 videbantur,
2559 2114 2748 2171 cervix
2780 2116 3091 2183 instabilis,
3133 2117 3350 2172 humeri
3405 2132 3546 2187 quos

1970 2205 2206 2259 subinde
2237 2204 2485 2259 vibrabat
2509 2220 2573 2260 ac
2600 2206 2975 2275 reprimebat;
3011 2208 3156 2263 oculi
3193 2209 3312 2279 vagi
3354 2224 3417 2262 ac
3448 2223 3546 2263 vo-

1970 2294 2209 2362 lubiles;
2241 2296 2473 2352 insanus
2518 2310 2585 2352 ac
2620 2296 2865 2354 furiosus
2902 2300 3164 2367 obtutus;
3228 2304 3397 2371 pedes
3449 2300 3536 2355 in-

1970 2386 2196 2442 stabiles
2250 2395 2414 2457 atque
2457 2387 2790 2455 titubantes;
2840 2405 3012 2446 nasus
3061 2392 3448 2447 contumeliam
3482 2396 3537 2444 et

1969 2485 2340 2546 contemptum
2392 2479 2653 2548 spirans;
2721 2480 2905 2536 vultus
2946 2478 3415 2551 conﬁgurationes
3458 2480 3529 2533 ri-

1969 2565 2164 2622 diculae
2211 2568 2352 2623 idem
2400 2568 2820 2638 signiﬁcantes;
2883 2572 3028 2627 risus
3060 2571 3456 2627 immoderatus
3485 2578 3540 2626 et

1974 2666 2319 2720 exmstuans;
2381 2666 2550 2713 nutus
2599 2673 2661 2712 ac
2704 2667 2939 2716 renutus
2992 2660 3220 2714 rationis
3263 2667 3535 2728 expertes,

1969 2764 2149 2804 sermo
2200 2765 2487 2819 repressus
2538 2757 2592 2804 et
2638 2751 2836 2820 spiritu
2890 2752 3225 2811 intercisus:
3312 2751 3540 2805 interro-

1966 2842 2210 2914 gationes
2278 2841 2600 2895 inordinatus
2666 2849 2721 2896 et
2777 2843 3074 2911 imperitae;
3118 2856 3382 2912 responsa
3446 2841 3533 2894 liis

1966 2932 2138 2987 nihilo
2185 2932 2450 2995 meliora,
2498 2933 2603 2986 alia
2648 2948 2813 3000 super
2862 2934 2985 2989 aliis
3030 2942 3371 2997 coacervata,
3427 2948 3537 2986 non

1967 3024 2069 3078 sibi
2124 3024 2472 3089 constantia,
2532 3037 2632 3077 nec
2677 3023 3008 3078 eruditionis
3060 3024 3254 3077 ordine
3316 3037 3539 3091 progre-

1966 3114 2187 3168 dientia.
2241 3113 2380 3179 Quid
2438 3114 2633 3167 attinet
2688 3113 2904 3184 singula
2955 3113 3308 3169 describere?
3350 3112 3537 3165 Talem

1967 3216 2091 3259 ante
2152 3219 2322 3273 opera
2377 3204 2668 3274 perspexi,
2725 3204 2942 3273 qualem
3002 3205 3057 3258 in
3100 3204 3234 3274 ipsis
3280 3202 3540 3272 operibus

1971 3306 2158 3369 postea
2187 3296 2545 3366 deprehendi.
2577 3295 2734 3362 Quod
2760 3296 2803 3350 si
2837 3296 3006 3365 aliqui
3054 3310 3244 3349 eorum
3278 3295 3370 3365 qui
3410 3302 3539 3348 tunc

1971 3388 2201 3443 aderant
2229 3397 2283 3441 ct
2312 3388 2404 3457 qui
2437 3386 2719 3441 auditores
2744 3386 2985 3451 fuerunt,
3012 3385 3142 3439 mihi
3165 3402 3310 3439 nunc
3343 3394 3540 3456 praesto

1968 3490 2173 3541 essent.
2210 3479 2354 3533 haud
2387 3494 2529 3549 aegre
2562 3479 2940 3533 testimonium
2984 3478 3335 3548 perhiberent
3367 3492 3381 3529 :
3413 3478 3539 3546 qui-

1969 3573 2074 3628 bus
2121 3587 2253 3643 ego,
2313 3588 2437 3627 cum
2504 3572 2608 3625 ista
2667 3568 2955 3634 vidissem,
3010 3569 3085 3623 ita
3145 3568 3537 3639 pronuntiavi:

1969 3664 2246 3730 Quantum
2275 3663 2475 3716 malum
2509 3663 2610 3717 sibi
2644 3663 2741 3716 alit
2768 3662 2918 3717 orbis
2948 3660 3260 3717 Romanus!
3295 3662 3539 3728 Cumque

1970 3757 2023 3812 id
2079 3755 2474 3827 prrrdixissetn,
2533 3752 2704 3810 Deum
2752 3762 3007 3824 precatus
3069 3766 3211 3808 sum-
3253 3758 3315 3806 ut
3370 3742 3545 3804 falsus

1458 3896 1729 3952 VALESII
1766 3891 2327 3951 ANNOTATIONES.

358 3988 469 4058 (80)
513 3987 624 4043 Kal
650 3988 1148 4064 draxoxedyetfm.
1183 3990 1705 4064 ApudGrcgorium
1747 3991 1857 4045 Na—

291 4059 615 4130 zianzenum
648 4062 700 4113 in
730 4059 1033 4130 posteriore
1061 4059 1332 4117 invectiva
1361 4063 1415 4116 in
1455 4059 1753 4125 lulianum,
1791 4078 1860 4116 ex

291 4144 398 4199 qua
429 4129 744 4201 descriptus
770 4138 856 4185 est
881 4131 969 4185 hie
995 4132 1168 4201 locus,
1210 4133 1406 4201 legitur
1434 4133 1529 4185 καὶ
1555 4130 1860 4201 ἀνασηκούσ

293 4216 463 4270 μενοι.
491 4198 664 4270 Quod
706 4202 933 4255 verbum
990 4200 1182 4256 Billitts
1232 4198 1647 4270 interpretatur,
1700 4198 1861 4255 attol-

294 4268 454 4323 lebat.
489 4268 604 4338 Εεο
637 4285 789 4333 vero,
818 4270 1064 4329 libratos.
1098 4272 1281 4325 malim
1326 4268 1558 4326 vertere.
1579 4272 1858 4340 Nicepho-

292 4354 389 4393 rus
413 4340 687 4408 vulgatam
720 4341 1004 4409 lectionem
1031 4348 1233 4405 tuetur,
1275 4340 1434 4409 cujus
1485 4342 1756 4409 interpres
1787 4342 1860 4395 ita

288 4409 453 4462 vertit
482 4407 600 4463 hinc
628 4412 824 4463 verba:
857 4407 1076 4463 ﬂumeri
1113 4426 1241 4478 quos
1282 4407 1501 4464 subinde
1536 4407 1770 4478 jactaret
1797 4426 1860 4463 ac

289 4478 562 4533 reduceret
611 4479 849 4533 mobiles.
926 4478 1267 4548 Epiphanius
1331 4496 1462 4532 vero
1540 4483 1860 4548 posterioris

290 4549 442 4617 verbi
476 4549 875 4617 expositionem
906 4549 1113 4603 omisit.
1134 4548 1249 4604 lloc
1280 4549 1423 4604 enim
1453 4551 1630 4604 solum
1668 4550 1863 4604 habet:

291 4616 343 4671 Η
350 4619 522 4672 umeri
552 4616 858 4685 jactabiles.
1348 4654 1349 4657 η

362 4690 476 4756 «81)
511 4689 639 4741 Ἔτι
676 4688 745 4741 δὲ
768 4687 865 4741 καὶ
904 4687 1139 4754 ἀνδρῶν
1161 4688 1558 4754 ἀπάνθρωποι.
1595 4687 1691 4741 llic
1715 4688 1870 4743 locus

290 4773 354 4812 ex
386 4756 658 4827 Gregorio
689 4757 1035 4811 Nazianzeno
1092 4758 1467 4812 restituendus
1517 4767 1599 4812 cst
1633 4759 1684 4810 in
1727 4758 1869 4811 hunc

292 4829 562 4899 modum;
606 4828 686 4899 ἔτι
736 4828 793 4880 δὲ
817 4829 911 4881 καὶ
954 4827 1177 4899 ἀνδρῶν
1211 4827 1614 4899 ἀπανθρώπων,
1650 4828 1743 4880 καὶ
1771 4828 1866 4899 οη-

293 4896 426 5018 ρὲων
464 4898 768 4951 ἀλλοκότων
791 4915 850 4950 τε
881 4898 974 4950 καὶ
1003 4892 1292 4958 συνθέτων,
1313 4892 1446 4968 divi)
1478 4901 1637 4967 φύσις
1663 4892 1871 4952 ἐκαινο-

293 4983 319 5017 τ
358 4984 520 5018 unus.

288 4983 520 5034 τομησε.

357 4985 739 5105 ῗὲἕῖᾟολλοὶ
779 5036 897 5106 μὲν
920 5039 1068 5104 πρὸς
1123 5039 1345 5093 admitt-
1386 5037 1866 5104 ἀπαντήσαντες.

294 5102 585 5177 Porphyrii
620 5118 672 5178 et
695 5102 897 5161 Juliani
937 5102 1108 5162 libros
1159 5109 1299 5161 κατὰ
1322 5102 1682 5178 Χριστιανῶν,
1710 5102 1863 5160 multi

292 5176 540 5247 veterum
590 5176 836 5247 refellere
858 5178 1098 5247 aggressi
1135 5188 1282 5230 sunt.
1322 5176 1591 5233 Adversus
1625 5177 1865 5246 Porphy-

295 5246 435 5299 rium
466 5247 687 5317 quidem
749 5246 1079 5312 Methodius,
1126 5247 1395 5302 Eusebius
1433 5257 1487 5302 et
1528 5248 1861 5316 Apollinaris

1962 3990 2131 4045 libros
2161 3989 2522 4058 scripserunt.
2559 3988 2759 4058 Contra
2803 3984 3085 4040 Iulianum
3119 3999 3252 4040 vero
3292 3982 3537 4058 _Cyri_llus

1962 4061 2135 4114 libros
2165 4053 2493 4128 composuit,
2524 4058 2617 4128 qui
2649 4057 2811 4111 hodie
2831 4062 3070 4119 exstant,
3105 4070 3215 4108 non
3240 4053 3536 4108 admodum

1966 4130 2293 4203 elegantes.
2346 4195 2395 4203 -.
2480 4194 2493 4203 .
2568 4193 2579 4203 .
2783 4195 2833 4203 --
2951 4194 2963 4203 .
3130 4191 3167 4203 ,ι
3214 4192 3247 4203 ..
3387 4190 3401 4203 .
3475 4190 3508 4203 .-

2041 4191 2301 4267 (ξω-Πρὸ
2335 4195 2403 4246 δὲ
2460 4193 2741 4267 ἁπάντων
2783 4194 3097 4267 Epig-emo.
3126 4191 3335 4267 Quibus
3386 4191 3443 4243 in
3475 4191 3537 4243 li-

1966 4262 2084 4323 bris
2137 4262 2409 4334 Origenes
2458 4279 2522 4318 ea
2557 4280 2677 4332 qute
2732 4266 2783 4316 in
2818 4265 2992 4334 sai-ris
3032 4262 3250 4334 Litteris
3301 4262 3535 4334 lectores

1967 4338 2197 4391 tttrbare
2236 4328 2503 4404 poterant,
2536 4328 2875 4401 eiposuerit,
2919 4342 2972 4387 et
2994 4331 3323 4404 suphisticas
3347 4328 3535 4384 adver-

1967 4423 2065 4461 sus
2085 4400 2451 4458 Christianam
2471 4404 2780 4474 religionem
2806 4400 3307 4474 argumentationes
3329 4415 3535 4468 repres-

1970 4477 2128 4538 Serit,
2156 4474 2371 4529 diﬁicile
2423 4480 2508 4526 est
2566 4471 2829 4528 asserere.
2886 4472 3020 4525 Nam
3063 4472 3118 4524 in
3156 4471 3310 4524 libris
3346 4481 3535 4523 contra

1900 4518 1942 4571 Β
1971 4518 2191 4623 ἧοιςῦιιι
2236 4557 2605 4623 nequaquanr
2639 4543 2711 4623 id.
2742 4543 3011 4623 praestitit.
3035 4540 3256 4623 "Neque
3302 4540 3451 4623 enim
3485 4540 3535 4591 id

1967 4616 2087 4684 ejus
2122 4615 2412 4667 consilium
2463 4612 2561 4665 fuit
2595 4612 2747 4684 inpiis
2779 4612 3179 4684 voluminibus,
3215 4619 3271 4684 u_t
3302 4613 3417 4684 loca
3445 4626 3536 4664 sa-

1968 4679 2076 4738 era:
2107 4683 2421 4751 Scriptum,
2443 4698 2562 4749 qua:
2592 4682 2959 4735 (lillicultatem
2986 4682 3219 4751 aliquam
3245 4679 3533 4751 habebant,

1970 4749 2329 4824 explanaret,
2386 4755 2494 4824 sed
2539 4759 2753 4824 tantum
2809 4761 2868 4805 ut
2938 4750 3332 4824 uidet-tionibus
3377 4749 3534 4824 .Ceisi

1970 4818 2343 4893 responderet.
2374 4822 2452 4893 An
2484 4821 2649 4889 igitur
2698 4821 3064 4893 etprima-da;
3100 4818 3352 4893 Origenis
3376 4818 3534 4893 intel-

1969 4888 2085 4962 ligit
2116 4892 2409 4947 Socrates?
2431 4888 2487 4944 In
2514 4888 2599 4945 liis
2623 4888 2949 4945 enimlibris
2976 4888 3237 4962 Origenes
3260 4888 3538 4962 religionis

1975 4958 2178 5017 nostrae
2233 4962 2486 5030 dogmata
2559 4977 2683 5014 cum
2735 4961 3024 5012 sententiis
3078 4958 3533 5030 philosophorum

1975 4975 2178 5017 nostrae
2233 4975 2486 5030 dogmata
2559 4977 2683 5014 cum
2735 4975 3024 5012 sententiis
3076 4975 3533 5081 rilllosnpllttl‘llltt

1973 5034 2289 5087 consentire
2348 5032 2687 5099 ostendebat,
2755 5039 2812 5082 ut
2863 5031 3022 5082 dot-ct
3100 5026 3533 5099 lieronymus_in

1968 5105 2197 5171 cpistola
2225 5102 2288 5153 ad
2312 5098 2564 5168 Magnum
2592 5109 2884 5152 oratorem.
2923 5099 3087 5171 Quod
3107 5097 3324 5171 quidem
3351 5105 3409 5150 ut
3456 5097 3536 5147 fa-

1967 5170 2132 5234 ceret,
2167 5170 2485 5239 exponenda
2514 5177 2669 5222 erant
2716 5171 2831 5222 loca
2865 5185 3032 5223 sacra:
3059 5170 3374 5238 Srripturze,
3416 5182 3536 5235 qua:

1967 5243 2414 5310 philosophorum
2437 5240 2672 5293 decretis
2695 5242 2969 5293 contraria
3005 5240 3346 5293 videbantur.

1737 5348 2116 5405 VABIORUM.

364 5454 393 5492 7
424 5445 909 5514 Αὐχὴνάπαγής.
946 5447 1113 5500 Aliter
1161 5446 1377 5516 quidem
1408 5446 1653 5514 depingit
1680 5445 1855 5501 Julia-

296 5530 427 5586 num
478 5518 735 5586 egregius
797 5518 942 5586 illius
999 5517 1181 5569 fautor
1234 5519 1414 5569 Amm.
1473 5517 1855 5582 Marcellinus,

297 5585 388 5655 lib.
440 5585 564 5648 xxv,
589 5600 711 5654 cap.
767 5587 822 5639 ιιι
868 5585 1068 5655 Figura
1106 5587 1226 5639 talis
1268 5588 1441 5655 utique
1486 5587 1857 5640 membrorum.

301 5652 579 5708 Mediocris
638 5652 753 5707 erat
798 5652 1037 5717 statura,
1109 5656 1313 5723 capillis
1355 5652 1603 5725 tanquam
1636 5659 1861 5724 perisset

300 5726 561 5786 mollibus,
592 5727 802 5778 hirsuta
832 5725 989 5777 barba
1016 5727 1069 5777 in
1101 5736 1309 5778 acutum
1345 5727 1607 5780 (lesmente
1628 5729 1860 5791 restitns,

301 5805 562 5849 venustate
586 5795 862 5847 oculorum
898 5797 1203 5848 mirantium
1246 5796 1500 5863 ﬂagrans,
1552 5799 1639 5864 qui
1674 5798 1861 5850 utentis

301 5863 408 5925 eius
465 5867 740 5929 angustias
803 5865 1127 5929 indicabunt,
1185 5866 1478 5933 superciliis
1539 5867 1760 5928 (ἰδίω-ιδ,
1812 5878 1859 5920 et

1966 5463 2096 5499 naso
2130 5445 2440 5508 rectissimo,
2474 5461 2561 5498 ore
2608 5445 2766 5512 paulo
2820 5445 3040 5513 majore,
3096 5444 3242 5497 labro
3290 5442 3533 5504 inferiore

1967 5516 2212 5577 demisso,
2246 5517 2417 5581 opima
2441 5525 2488 5567 et
2539 5517 2755 5569 incurva
2791 5516 3002 5578 cervice,
3035 5515 3268 5567 humeris
3297 5514 3457 5564 vastis
3485 5521 3531 5562 et

1968 5585 2111 5648 latis,
2132 5586 2195 5636 ab
2223 5588 2333 5652 ipso
2358 5587 2528 5652 capite
2556 5602 2714 5654 usque
2738 5587 2981 5655 unguium
3011 5586 3335 5655 summitates
3372 5583 3531 5655 liuea-

1971 5666 2260 5708 mcutorum
2314 5665 2455 5707 recta
2509 5652 2772 5725 compage.
2809 5652 2965 5707 'untle
3000 5654 3195 5725 uiribus
3250 5652 3447 5725 nolebat
3484 5660 3528 5700 et

1972 5742 2149 5779 cursu.
2184 5727 2650 5778 Antiochensibus
2680 5718 2856 5777 autem
2902 5726 3039 5777 idem
3071 5722 3183 5776 fere
3216 5738 3278 5773 ac
3302 5718 3528 5771 Nazian-

1968 5794 2107 5848 '7.rno
2135 5798 2283 5847 visus
2316 5805 2395 5847 cst
2424 5795 2711 5859 Julianus;
2739 5794 2877 5863 quod
2911 5793 3069 5862 paulo
3101 5800 3224 5846 ante
3249 5807 3311 5844 ex
3344 5788 3528 5843 eodem

1973 5865 2287 5918 Marri-Iliun
2318 5867 2568 5917 vidimus.
