4016 6350
338 424 443 480 453
1293 422 1616 479 HISTORIA
1657 422 2222 483 ECCLESIASTICA.
2277 455 2348 466 —-—
2387 424 2514 481 LIB.
2550 428 2637 483 Ill.
3487 432 3595 491 454

334 541 425 592 καὶ
466 540 566 611 τὴν
599 538 658 592 ἐν
702 539 904 612 Nimia
952 539 1136 593 πίστιν
1183 539 1533 610 κυρώσαντες
1555 579 1568 600 ,
1599 538 1677 609 τῷ
1708 537 1881 609 βασιλε

1984 591 1988 600 ,
2021 540 2172 595 illum
2209 541 2279 597 ab
2327 542 2659 613 imperatore
2710 544 2801 614 qui
2834 551 2948 599 tum
2979 546 3033 601 in
3067 561 3131 603 ea
3171 548 3307 605 urbe
3346 552 3595 606 moraba-

334 631 809 701 προσκομίζουσιν.
841 632 997 685 Ἔστι
1024 631 1082 686 δὲ
1114 630 1174 685 τὸ
1203 631 1403 703 βιϐλίον
1437 632 1495 683 ὲν
1522 630 1696 683 τοῖσδε
1715 646 1727 660 ·

2019 640 2129 697 tur,
2162 647 2379 688 summo
2415 635 2472 689 in
2503 635 2681 706 pretio
2730 635 2922 692 haberi
2955 648 3265 697 cernerent.
3298 639 3592 699 Communi

331 738 466 793 ergo
515 726 754 780 consilio
792 726 1292 781 consubstantialis
1321 724 1630 781 doctrinam
1697 724 1954 796 amplexi,
2026 725 2298 783 Nicaenam
2358 729 2519 786 ﬁdem
2562 731 2986 799 confirmarunt,
3047 744 3095 789 et
3150 735 3389 791 libellum
3445 752 3475 790 a
3530 750 3591 793 se

334 816 696 884 compositum
725 817 1040 872 obtulerunt
1071 816 1388 887 imperatori
1421 815 1476 870 in
1522 814 1636 869 haec
1665 816 1868 870 verba:

336 908 420 974 Τῷ
442 910 859 981 ίεύσεϐεοντάτῳ
876 910 973 981 καὶ
1002 910 1437 981 θεοφιλεστάτη)
1451 910 1721 981 ᾼεσπότῃ
1750 908 1881 978 ήμῶ

2015 906 2506 981 Ρὶζεείιηοίυεοᾳιιε
2538 912 2876 979 charissima,
2916 912 3134 968 domino
3164 924 3341 970 nostra
3362 917 3589 975 Joviano

411 980 666 1053 Ἰοϐιανῷ
703 980 928 1053 Νικητῇ
960 977 1311 1053 Αὐγούστῳ,
1348 981 1387 1047 ἡ
1414 979 1542 1053 τῶν
1568 979 1657 1053 ,ἐν
1700 980 1881 1053 Ἀντιο

2094 977 2603 1053 γὶοιοτί-ᾼιιριιιιο,
2646 977 2880 1052 synodus
2923 985 3288 1053 episcoporum
3324 1004 3390 1043 ex
3424 994 3587 1046 variis

395 1049 531 1119 χείᾳ
557 1052 874 1117 παρόντων
901 1049 1250 1106 ἐπισκόπων
1288 1051 1361 1105 ἐκ
1398 1050 1699 1120 διαφόρων
1729 1050 1881 1120 saep

399 1117 549 1190 χιῶν
575 1120 860 1187 σύνοδος.

2078 1050 2364 1117 provinciis
2395 1049 2826 1122 congregatarum
2847 1049 3164 1110 Antiochiae.

398 1212 512 1284 Τὴν
538 1212 995 1285 ἐκκλησιαστικὴν
1028 1212 1250 1286 εἰρήνην
1290 1231 1351 1268 τε
1379 1214 1474 1269 καὶ
1506 1215 1758 1287 ὁμόνοιαν
1783 1255 1797 1282 ,
1821 1214 1881 1270 ὅτ

2082 1204 2239 1273 Quod
2296 1208 2724 1264 ecclesiasticam
2773 1223 2960 1280 pacem
3016 1219 3180 1281 atque
3229 1214 3580 1269 concordiam

328 1303 420 1357 σοῦ
452 1304 548 1357 xa't
599 1305 790 1376 πρώτη
840 1304 1164 1377 πρεσϐεύειν
1196 1306 1526 1362 ἐσπούδασεν
1566 1308 1599 1379 ἡ
1627 1308 1878 1362 εὐσέϐεια

2009 1305 2102 1353 tua
2132 1298 2370 1368 primum
2396 1300 2570 1370 pietas
2597 1301 2897 1372 prmdicare
2920 1302 3221 1369 studuerit,
3253 1305 3415 1360 nobis
3443 1322 3583 1376 quo-

324 1392 381 1451 εὖ
421 1397 581 1466 ίσμεν
617 1397 709 1451 καὶ
740 1396 929 1461 αὐτοὶ,
978 1395 1357 1465 θεοφιλέστατε
1408 1396 1653 1467 βασιλεῦ.
1679 1400 1801 1452 Ὅτι
1842 1396 1881 1452 δ]

2006 1405 2112 1461 que
2151 1391 2531 1461 exploratum,
2569 1393 2816 1462 piissime
2865 1393 3183 1465 imperator.
3242 1395 3399 1463 Quod
3455 1414 3585 1453 vero

323 1489 618 1557 κεφάλαιον
644 1490 741 1559 τῆς
781 1488 1037 1560 τοιαύτης
1082 1489 1363 1560 ὲνότητος,
1394 1489 1493 1560 τῆς
1531 1488 1764 1560 ἀληθοῦς
1804 1490 1881 1547 καί

2003 1493 2169 1554 caput
2207 1483 2371 1554 hujus
2408 1484 2634 1541 unitatis
2672 1493 2821 1541 recte
2849 1487 3089 1543 senseris
3128 1504 3236 1541 non
3278 1489 3424 1544 aliud
3459 1505 3583 1546 esse

318 1580 603 1651 όρθοδόξου
632 1579 867 1644 πίστεως
895 1580 1075 1645 καλῶς
1106 1580 1411 1651 ὑπείληφας
1436 1580 1527 1634 τὸν
1551 1580 1881 1652 χαρακτῆρα

2002 1589 2168 1644 quam
2213 1574 2448 1631 formam
2488 1591 2632 1633 vera:
2666 1584 2830 1647 atque
2861 1578 3177 1633 orthodoxae
3215 1578 3375 1644 ﬁdei,
3403 1596 3583 1651 neque

320 1671 438 1726 οὐδὶ
460 1670 623 1724 τοῦτο
647 1670 967 1742 ἀγνοοῦμεν.
997 1671 1117 1725 ’Ῑνα
1159 1670 1234 1742 μὴ
1267 1670 1448 1726 τοίνυν
1481 1671 1619 1742 μετὰ
1648 1671 1758 1724 τῶν
1794 1688 1881 1723 πα

2000 1662 2137 1719 illud
2157 1665 2402 1736 ignotum
2429 1674 2513 1723 est
2539 1666 2719 1722 nobis.
2752 1666 3023 1734 Quocirca
3056 1684 3125 1724 ne
3159 1669 3299 1725 inter
3326 1669 3450 1727 illos
3483 1671 3582 1742 qui

324 1762 780 1834 ραχαρασσόντων
807 1762 869 1815 τὸ
907 1761 1083 1833 δόγμα
1112 1762 1211 1833 τῆς
1240 1760 1494 1832 ἀληθείας
1519 1761 1778 1834 τετάχθαι
1808 1781 1881 1816 νει·

1999 1755 2306 1811 doctrinam
2335 1758 2583 1814 veritatis
2621 1759 2950 1827 adulteram,
2973 1775 3094 1816 esse
3123 1761 3423 1827 videamur,
3456 1763 3579 1817 reli-

322 1850 630 1922 μιζὼμεθα,
652 1851 999 1922 ἀναφέρομεν
1019 1854 1086 1924 τῇ
1115 1854 1180 1924 σῇ
1205 1851 1477 1923 εὐλαϐείᾳ,
1506 1853 1587 1906 ὅτι
1615 1853 1712 1924 τῆς
1732 1855 1881 1922 ἀγ“.,‹

1997 1848 2144 1916 gioni
2172 1856 2278 1903 tua:
2310 1865 2672 1921 suggerumus,
2700 1864 2801 1905 nos
2824 1861 3195 1906 sacrosanctae
3223 1852 3416 1923 synodi
3444 1852 3575 1908 olim

322 1920 541 1997 συνόδου
564 1943 664 2013 τῆς
695 1945 754 1997 ἐν
781 1920 983 2015 Νικαίᾳ
1009 1920 1180 1997 πάλαι
1206 1920 1469 2015 πρότερον
1507 1920 1881 2017 συγκροτηθει-

1994 1939 2136 2009 apud
2183 1920 2433 1995 Nieaaam
2466 1950 2812 2012 congregatae
2843 1980 2858 2007 ,
2910 1942 3067 1995 iidem
3108 1951 3160 1997 et
3205 1920 3485 2013 suscipere
3522 1952 3578 2000 et

321 2052 418 2106 σης
464 2035 567 2107 τὴν
601 2034 783 2089 πίστιν
825 2034 922 2089 καὶ
972 2034 1350 2107 ἀποδεχόμεθα
1375 2076 1390 2101 ,
1423 2036 1517 2089 καὶ
1568 2037 1881 2109 κατέχομεν.

1993 2040 2311 2087 constanter
2336 2034 2599 2088 retinere.“
2638 2033 2694 2087 Si
2721 2034 2940 2104 quidem
2974 2035 3303 2090 vocabulum
3335 2039 3578 2094 consub-

330 2126 520 2181 Ὁπότε
559 2127 655 2181 καὶ
687 2126 747 2180 τὸ
776 2125 966 2181 δοκοῦν
995 2129 1052 2182 ἐν
1080 2126 1217 2200 αὐτῇ
1253 2127 1400 2193 ξένον
1423 2129 1562 2182 τισὶν
1600 2129 1770 2201 ὄνομα
1790 2131 1881 2202 (5)1

1993 2123 2268 2177 slantialis
2319 2162 2335 2190 ,
2383 2123 2531 2195 quod
2584 2139 2781 2179 novum
2839 2125 3167 2194 quibusdam
3228 2134 3283 2182 et
3333 2127 3576 2185 insolens

317 2219 376 2272 τὸ
402 2217 496 2273 τοῦ
539 2219 823 2290 ὀμοουσίου
873 2220 1053 2291 φαμὲν
1079 2260 1094 2285 ,
1142 2219 1416 2289 ἀσφαλοῦς
1444 2221 1707 2295 τετύχηκε
1740 2224 1894 2297 παρά

315 2314 424 2375 τοῖς
461 2313 737 2381 πατράσιν
791 2313 1117 2384 ἑρμηνείας,
1151 2312 1522 2385 σημαινούσης
1565 2314 1647 2368 ὅτι
1684 2315 1750 2368 ἐκ
1792 2318 1893 2387 τῆς

316 2404 502 2467 οὐσίας
526 2402 625 2457 τοῦ
650 2403 864 2476 Πατρὸς
897 2404 926 2457 ὁ
946 2402 1073 2468 Υίδς
1123 2404 1385 2477 ἐγεννήθη
1407 2446 1423 2470 ,
1457 2407 1551 2460 καὶ
1595 2407 1677 2460 ὅτι
1708 2406 1893 2477 ὅμοιος

315 2500 435 2551 κατ’
457 2497 648 2550 οὐσίαν
672 2496 751 2568 τῷ
777 2497 972 2569 Πατρί.
1006 2495 1143 2551 Οὔτε
1167 2496 1224 2551 δὲ
1257 2496 1334 2562 ὡς
1364 2497 1570 2563 πάθους
1594 2499 1738 2563 τινὸς
1764 2499 1892 2571 περὶ

312 2585 409 2658 τὴν
428 2586 670 2659 ἄρρητον
693 2585 945 2657 γέννησιν
982 2585 1364 2657 ἐπινοουμένου
1390 2625 1407 2653 ,
1439 2586 1562 2641 οὐτε
1592 2589 1739 2642 κατά
1768 2606 1892 2643 τινα

313 2680 510 2747 χρῆσιν
536 2675 855 2748 Ἑλληνικὴν
876 2675 1209 2747 λαμϐάνεται
1233 2680 1345 2741 τοῖς
1367 2679 1612 2750 Πατράσι
1630 2680 1692 2734 τὸ
1721 2679 1891 2751 ὄνομα

309 2768 412 2838 τῆς
438 2767 630 2831 οὐσίας
651 2783 665 2798 ·
692 2769 773 2831 εἰς
800 2767 1114 2840 ἀνατροπὴν
1140 2767 1197 2823 δὲ
1221 2768 1314 2823 τοῦ
1342 2768 1402 2834 ἐξ
1420 2770 1520 2823 οὐκ
1543 2770 1732 2834 ὄντων,
1763 2772 1892 2844 περὶ

310 2859 406 2915 τοῦ
433 2857 677 2932 Χριστοῦ
708 2858 920 2924 ἀσεϐῶς
949 2860 1311 2933 τολμηθέντος
1339 2861 1492 2933 παρά
1520 2862 1615 2916 τοῦ
1654 2864 1886 2935 Ἄρειον,

309 2950 446 3022 ὅπερ
477 2952 573 3004 καὶ
603 2951 654 3005 οἱ
683 2948 778 3005 νῦν
807 2951 1254 3023 ὲπιφοιτήσαντες
1284 2950 1545 3022 ἀνόμοιοι,
1574 2949 1656 3004 ἔτι
1688 2950 1890 3021 θρασύ-

306 3059 463 3112 τερον
496 3043 593 3095 καὶ
623 3042 1022 3114 τολμηρότερον
1050 3042 1143 3095 ἐπὶ
1190 3041 1337 3113 λύμῃ
1372 3042 1472 3110 τῆς
1505 3041 1890 3113 ἑκκλησιαστιυ

306 3136 410 3205 κῆς
447 3134 699 3205 ὁμονοίας
725 3132 1097 3205 ἀναισχύντως
1134 3134 1622 3206 παῤῥησιάζονται.
1649 3133 1739 3187 Διὸ
1768 3150 1889 3187 συν-ν

1994 2213 2169 2269 visum
2219 2221 2337 2280 est,
2390 2222 2549 2270 cauta
2600 2216 3050 2286 interpretatione
3101 2231 3132 2272 a
3195 2216 3449 2275 Patribus
3491 2228 3577 2276 est

1990 2307 2383 2376 explanatum;
2415 2307 2491 2361 ita
2519 2315 2579 2361 ut
2604 2308 2873 2379 signiﬁcet
2907 2306 3104 2364 Filiqu
3137 2324 3204 2364 ex
3235 2308 3415 2367 Patris
3439 2313 3573 2367 sub-

1992 2397 2193 2452 stantia
2223 2397 2465 2469 genitum
2493 2413 2646 2466 esse,
2682 2408 2736 2453 et
2760 2399 2995 2455 similem
3033 2415 3158 2456 esse
3188 2398 3339 2455 Patri
3370 2417 3569 2457 secun-

1990 2488 2119 2545 dum
2160 2490 2549 2546 substantiam.
2587 2488 2775 2561 Neque
2800 2505 2931 2546 vero
2963 2490 3122 2561 quasi
3162 2492 3350 2561 passio
3389 2491 3571 2562 aliqua

1991 2583 2048 2638 in
2082 2583 2433 2654 generatione
2486 2584 2579 2638 illa
2633 2584 3003 2654 inexplicabili
3060 2583 3435 2663 intelligatur,
3477 2592 3573 2639 aut

1986 2675 2143 2745 juxta
2190 2673 2362 2731 Graeci
2414 2676 2684 2731 sermonis
2726 2690 2887 2731 usum
2920 2719 2936 2744 ,
2995 2677 3318 2733 substantiae
3372 2692 3570 2734 nomen

1992 2766 2304 2837 accipitur:
2349 2766 2447 2823 sed
2492 2766 2558 2821 ad
2596 2767 3013 2824 subversionem
3057 2768 3178 2837 ejus
3208 2768 3355 2838 quod
3401 2769 3569 2826 Arius

1989 2859 2058 2914 de
2090 2857 2309 2914 Christo
2345 2873 2513 2915 ausus
2541 2868 2623 2915 est
2653 2860 2836 2915 dicere
2857 2899 2874 2924 ,
2913 2859 3067 2914 illum
3109 2860 3319 2915 scilicet
3358 2876 3425 2915 ex
3458 2875 3568 2915 non

1989 2950 2336 3007 exstantibus
2356 2958 2537 3006 ortum
2580 2949 2737 3006 esse’:
2776 2953 2927 3022 quod
2964 2952 3182 3022 quidem
3222 2955 3383 3008 etiam
3420 2954 3571 3008 Ano-

1989 3042 2117 3096 mcei
2142 3042 2233 3096 isti
2260 3042 2351 3112 qui
2374 3058 2549 3113 nuper
2569 3044 2745 3098 exorti
2764 3050 2915 3109 sunt,
2940 3044 3102 3113 longe
3123 3044 3387 3099 audacius
3404 3053 3569 3116 atque

1989 3132 2362 3203 impudentius
2406 3133 2473 3187 ad
2513 3133 2874 3189 dirimendam
2917 3131 3177 3190 Ecclesia:
3213 3136 3566 3191 concordiam

305 3224 578 3296 ετάξαμεν
605 3224 733 3296 τῇδε
759 3222 916 3296 ἡμῶν
952 3226 1020 3296 τῇ
1053 3224 1303 3297 ἀναφορᾷ
1332 3225 1425 3279 καὶ
1462 3224 1531 3277 τὸ
1556 3224 1881 3300 ἀντίγραφον

1990 3231 2327 3280 asseverant.
2378 3224 2742 3290 Quamobrem
2798 3225 2926 3279 huic
2973 3233 3174 3280 nostra:
3224 3228 3566 3297 suggestioni

304 3314 407 3385 τῆς
432 3314 673 3379 πίστεως
697 3315 798 3386 τῆς
823 3317 883 3369 ἐν
902 3316 1107 3388 Νικαίᾳ
1133 3315 1239 3370 ὑπὸ
1268 3315 1377 3370 τῶν
1405 3314 1882 3387 συγκροτηθέντων

307 3407 622 3460 ἐπισκόπων
651 3406 966 3478 ὲκτεθείσης
988 3449 1003 3474 ,
1033 3408 1100 3479 ἧν
1134 3425 1253 3461 τινα
1290 3409 1383 3461 καὶ
1410 3406 1734 3479 ἀγαπῶμεν,
1760 3406 1882 3477 ἥτις

308 3496 484 3552 ἐστίν·
535 3498 873 3569 Πιστεύομεν
903 3501 985 3562 εἰς
1019 3499 1113 3552 ἕνα
1151 3499 1282 3553 Θεὸν
1318 3498 1538 3574 Πατέρα
1574 3498 1882 3570 παντοκρά-

306 3605 459 3660 τορα,
489 3590 587 3643 καὶ
610 3588 681 3643 τά
700 3589 864 3644 λοιπά
887 3590 981 3643 τοῦ
1006 3590 1326 3661 μαθήματος
1355 3590 1573 3661 πλήρης,
1591 3590 1692 3659 (4).
1716 3589 1880 3645 Μελί-

306 3694 418 3743 τιος
469 3679 768 3743 ἐπίσκοπος
819 3680 1146 3751 Ἀντιοχείας
1169 3721 1185 3747 ,
1232 3680 1409 3735 ἔδωκα
1454 3680 1717 3735 συναινῶν
1766 3682 1879 3744 τοῖς

306 3770 839 3843 προγεγραμμένοις.
902 3772 1158 3836 Εὐσέϐιος
1199 3773 1558 3843 Σαμοσάτων,
1613 3773 1881 3844 Εὐάγριος

307 3859 542 3915 Σικελῶν
566 3862 679 3930 (5),
706 3862 971 3933 Οὐράνιος
1013 3864 1315 3934 ’Δπαμείας
1339 3902 1353 3927 ,
1377 3862 1576 3926 Ζώῖλος
1602 3862 1876 3933 Λαρίσων,

318 3954 572 4017 ’Δκάκιος
598 3954 965 4026 Καισαρείας,
1010 3955 1362 4024 Ἀντίπατρος
1404 3954 1644 4019 Ῥώσου,
1684 3953 1880 4025 ’Δϐράο

308 4062 426 4116 μιος
455 4046 747 4119 οὐρίμων,
789 4046 1155 4118 Ἀριστόνικος
1199 4046 1591 4119 Σελευκοϐήλου
1613 4087 1627 4113 ,
1669 4045 1880 4116 Βαρλα-

306 4138 465 4207 μένος
512 4139 807 4208 Περγάμου
849 4137 948 4210 (6),
1002 4138 1263 4210 Οὐράνιος
1301 4139 1630 4209 Μελιτινῆς,
1656 4140 1878 4206 Μάγνος

303 4229 681 4299 Χαλκηδόνος,
736 4229 992 4300 Εὐτύχιο;
1057 4229 1547 4301 Ἐλευθεροπόλεως
1577 4269 1592 4292 ,
1657 4229 1875 4282 ἰσακό-

304 4336 385 4384 κις
416 4320 492 4391 (7)
541 4319 830 4392 Ἀρμενίας
864 4318 1137 4391 μεγάλης,
1170 4321 1325 4383 Τῖτος
1358 4318 1630 4390 Βόστρων,
1672 4319 1876 4389 Πέτρος

1989 3316 2341 3385 adjunximus
2368 3317 2676 3386 exemplum
2711 3315 2831 3372 tidei
2864 3316 2996 3371 olim
3030 3317 3100 3371 ab
3121 3317 3398 3388 episcopis
3418 3317 3563 3388 apud

1985 3406 2223 3463 Nicmam
2285 3408 2630 3478 congregatis
2679 3408 2974 3479 expositae,
3034 3424 3198 3480 quam
3244 3424 3346 3465 nos
3398 3410 3563 3465 etiam

1987 3499 2392 3568 amplectimur.
2436 3498 2531 3554 Est
2566 3507 2748 3555 autem
2797 3500 3138 3571 hujusmodi.
3172 3502 3464 3559 Credimus
3506 3503 3563 3557 in

1989 3605 2157 3644 unum
2183 3589 2353 3645 Deum
2388 3589 2603 3645 Patrem
2629 3592 3097 3661 omnipotentem;
3123 3602 3176 3647 et
3200 3594 3412 3664 reliqua
3441 3608 3563 3664 quae

1987 3690 2296 3752 sequuntur
2343 3683 2397 3736 in
2435 3680 2717 3754 Symbolo.
2770 3682 3007 3740 Melitius
3057 3686 3222 3756 208
3260 3686 3563 3741 Antiochia:

1983 3773 2273 3843 episcopus
2303 3775 2508 3839 obtuli,
2548 3776 2899 3832 consentiens
2945 3777 3355 3847 suprascriptis.
3385 3776 3560 3833 Euse-

1984 3865 2108 3921 bius
2154 3866 2580 3925 Samosatensis.
2630 3867 2898 3939 Evagrius
2944 3868 3271 3927 Sicelorum.
3319 3868 3560 3925 Uranias

1978 3958 2251 4027 Apameae.
2299 3957 2487 4015 Zoilus
2519 3959 2774 4015 Larissae.
2814 3961 3050 4017 Aeacius
3081 3961 3365 4015 Caasareaa.
3410 3962 3560 4015 Anti-

1980 4055 2133 4114 pater
2163 4044 2359 4102 Rhesi.
2395 4047 2688 4103 Abramius
2717 4048 3057 4103 Urimorum.
3091 4048 3436 4104 Aristonicus
3467 4049 3560 4105 Se-

1980 4133 2167 4187 leucize
2207 4135 2273 4188 ad
2333 4134 2539 4189 Belum.
2587 4136 2943 4192 Barlamenus
2997 4136 3261 4208 Pergami.
3316 4137 3555 4201 Urauius

1984 4222 2253 4279 Melitinaa.
2292 4225 2518 4297 Magnus
2555 4226 2931 4286 Chalcedonis.
2965 4227 3266 4300 Eutyehius
3297 4229 3554 4286 Eleuthe-

1980 4317 2204 4385 ropolis.
2255 4316 2505 4374 lsacoces
2538 4317 2810 4375 Armenize
2838 4319 3087 4391 majoris.
3131 4319 3288 4378 Titus
3319 4322 3548 4379 Bostrae.

1504 4493 1771 4550 VALESll
1812 4494 2366 4552 ANNOTATIONES.

373 4590 445 4660 ('5)
494 4591 566 4644 Τὸ
610 4589 834 4643 δοκοῦν
864 4590 947 4660 die
983 4588 1138 4657 αὐτῇ
1190 4589 1370 4653 ξένον
1437 4589 1599 4643 τισὶν
1649 4590 1855 4657 ὄνομα.

1984 4591 2235 4657 leguntur
2253 4631 2266 4651 ,
2296 4590 2419 4659 ἥτις
2443 4588 2606 4642 ἐστίν.
2639 4588 2983 4660 Nieephorus
3007 4606 3138 4645 vero
3158 4606 3258 4660 pro
3286 4591 3386 4646 hac
3413 4607 3551 4650 voce

300 4658 501 4716 Vocem
555 4660 703 4724 ξένον
746 4676 809 4714 ex
863 4658 1168 4729 Nicephoro
1205 4661 1430 4714 Callisto
1478 4660 1685 4713 addidit
1722 4661 1880 4713 Chri-

294 4733 724 4801 stophorsonus.
760 4729 893 4783 Nam
929 4731 983 4783 in
1035 4730 1222 4801 codice
1268 4729 1436 4801 Regio
1473 4746 1582 4799 quo
1610 4745 1758 4801 _usus
1796 4738 1882 4785 est

295 4799 578 4858 [iubemus
612 4801 945 4868 Stephanus,
976 4809 1027 4853 et
1062 4801 1111 4852 iu
1151 4799 1473 4853 Florentino
1506 4815 1569 4852 ac
1603 4799 1878 4854 Sfortiauo

288 4876 407 4928 haec
447 4889 551 4925 vox
582 4873 788 4924 deerat.
818 4870 923 4923 Sed
946 4886 1120 4939 neque
1146 4870 1486 4939 Epiphanius
1509 4870 1880 4926 Scholasticus

287 4947 341 5000 in
379 4960 488 4999 suo
523 4941 718 4994 codice
749 4955 866 4994 eam
906 4956 1091 5010 vocem
1119 4941 1364 5009 legerat,
1404 4949 1460 4993 ut
1499 4955 1562 4993 ex
1605 4940 1879 5010 interpre-

285 5016 503 5071 tatione
526 5011 651 5079 ejus
675 5019 920 5080 apparet.
959 5009 1048 5063 Sic
1072 5012 1216 5064 enim
1238 5012 1399 5063 vertit
1433 5010 1685 5075 τραπηάο
1715 5009 1878 5064 etiam

281 5082 878 5141 consubstantialitatis
901 5096 1109 5141 nomen,
1133 5082 1270 5148 quod
1297 5081 1455 5133 aliter
1484 5096 1537 5133 se
1557 5081 1879 5149 quibusdam

279 5157 483 5210 habere
519 5151 762 5211 videtur,
804 5148 1032 5203 dicimus
1069 5159 1280 5203 cautam
1322 5148 1806 5218 interpretationem
1848 5168 1880 5204 a

277 5223 557 5281 Patribus
603 5223 887 5290 excepisse.
940 5219 1166 5275 Videtur
1206 5222 1368 5274 etiam
1412 5220 1747 5289 Epiphanius
1790 5237 1880 5275 se-

274 5294 520 5367 quentia
546 5363 558 5367 _
577 5291 981 5367 aliter_legisse
1025 5305 1111 5367 ac_
1133 5290 1459 5367 distinxisse
1480 5328 1515 5367 ,_
1543 5290 1647 5367 hoc
1682 5290 1877 5367 modo,

275 5359 476 5437 ᾠαμὲν
511 5359 808 5437 ἀσφαλοῦς
842 5359 1204 5431 τετυχηκέναι
1257 5360 1407 5430 παρὰ
1432 5362 1545 5422 τοῖς
1599 5361 1880 5430 Πατράσιν

274 5434 610 5510 ἑρμηνείας·

347 5497 437 5577 μ)
472 5505 586 5577 Καὶ
628 5502 704 5556 τὰ
744 5497 1063 5577 λοιπίιτοῦ
1083 5497 1432 5577 μαθήματος
1469 5500 1734 5577 ξντλήρηςκ⁸
1758 5497 1878 5552 Jam

276 5570 462 5646 supra
501 5575 557 5628 in
588 5570 1039 5646 annotationibus
1055 5570 1134 5646 ad
1170 5570 1370 5646 librum
1408 5571 1640 5646 primum
1685 5571 1878 5622 obser-

276 5638 407 5703 vari
434 5688 451 5711 ,
494 5659 687 5697 vocent
725 5642 959 5713 μάθημα
990 5656 1018 5713 a_
1048 5638 1255 5713 Graecis
1288 5639 1690 5713 usurpari__pr0
1729 5654 1878 5709 sym-

280 5719 413 5772 bolo
438 5707 594 5778 iidei,
619 5707 768 5783 quod
795 5707 1111 5783 memoriter
1135 5709 1342 5783 add-isci
1371 5712 1527 5783 ξενιᾳ.
1552 5707 1669 5763 Vox
1698 5707 1876 5783 autem

286 5788 508 5856 πλήρης
542 5777 760 5840 nullum
800 5781 889 5832 hic
931 5778 1109 5832 locum
1152 5779 1336 5856 habet.
1374 5777 1565 5832 Melius
1603 5793 1721 5856 meo
1754 5780 1878 5846 qui-

289 5850 417 5911 den'i
441 5850 655 5925 judicio
681 5858 981 5922 poneretur
1013 5857 1130 5917 post
1170 5850 1331 5901 verba
1370 5864 1489 5915 ιμιςιε
1521 5850 1681 5916 paulo
1712 5865 1876 5917 supra

1982 4660 2400 4733 istasubstituit
2433 4678 2445 4714 :
2475 4661 2567 4733 καὶ
2598 4660 2664 4714 τὰ
2698 4660 2859 4733 λοιπά
2889 4661 3340 4733 τοῦ-*μαθήματος
3372 4663 3549 4733 ἀπαρ-

1979 4728 2259 4801 αλλάκτως
2304 4730 2401 4801 ὡς,
2437 4730 2616 4800 χρέων
2660 4731 2943 4801 εἰρημένα.
2982 4728 3061 4785 Ex
3095 4728 3294 4800 quibus
3325 4728 3549 4800 apparet

1978 4799 2342 4871 Nicephorum
2392 4799 2596 4871 legisse,
2618 4799 2820 4871 πλήρη.
2868 4799 2919 4853 Id
2956 4811 3070 4864 est,
3109 4799 3255 4869 plene
3280 4799 3444 4871 usque
3478 4804 3547 4855 ad

1980 4871 2170 4939 ﬁnem,
2204 4870 2350 4939 nullo
2384 4869 2533 4923 verba
2562 4869 2891 4939 demp’to'aut
2918 4872 3215 4923 immutata.

2052 4941 2129 5004 (5)
2161 4938 2441 5008 Εὐάγριος
2483 4941 2751 5005 Σικελός.
2796 4938 2852 4993 In
2887 4940 3076 4995 codice
3113 4940 3390 4995 Sfortiano
3416 4942 3547 5009 legi-

1981 5018 2071 5064 tur
2113 5009 2384 5071 Σικελῶν,
2426 5010 2570 5078 quod
2626 5011 2800 5079 magis
2844 5011 3042 5077 placet.
3104 5010 3195 5065 Est
3244 5012 3293 5063 id
3346 5025 3543 5064 nomen

1981 5081 2135 5152 urbis
2178 5079 2463 5152 cujusdam
2499 5080 2562 5152 _in
2611 5079 2832 5152 Oriente
2875 5081 3095 5149 posita,
3149 5082 3216 5135 de
3254 5096 3359 5152 qua
3410 5082 3545 5152 nihil

1981 5150 2160 5220 adhuc
2193 5147 2455 5220 comperi.
2497 5147 2641 5220 Inter
2679 5147 2963 5219 episcopos
3008 5154 3178 5220 partis
3205 5147 3419 5212 Acacii,
3447 5151 3545 5220 qui

1983 5219 2329 5274 Seleueiensi’
2366 5219 2577 5289 synodo
2624 5219 3095 5289 subscripserunt,
3133 5222 3371 5277 refertur
3407 5219 3545 5276 Era-

1980 5292 2132 5359 grius
2163 5288 2461 5359 Mitylenesi
2481 5290 2773 5358 previnciaa
2798 5288 3122 5346 insularum.

2053 5361 2129 5428 (6)
2188 5358 2571 5430 Βαρλαμένος
2638 5361 2965 5430 Περγάμου.
3036 5360 3241 5417 Nomen
3290 5361 3391 5414 hoc
3444 5377 3545 5415 nec

1981 5428 2227 5483 Graecum
2263 5439 2387 5500 est,
2415 5444 2514 5482 nec
2558 5428 2839 5485 Latinum.
2866 5432 2923 5485 lu
2969 5431 3209 5487 Historia
3244 5432 3542 5500 Tripartita

1981 5501 2244 5553 scribitur
2270 5499 2665 5554 Barbahentus.

2052 5570 2127 5639 (7)
2170 5571 2492 5634 'Io'axdmc.
2545 5566 2879 5639 Epiphanius
2908 5569 3280 5639 Scholasticus
3311 5568 3541 5620 lsaeium

1981 5638 2163 5694 vertit.
2219 5638 2359 5711 Idem
2386 5638 2617 5711 _videtur
2646 5638 2776 5696 esse
2818 5642 2910 5711 qui
2960 5641 3219 5708 Ἰωσάκης
3248 5638 3540 5711 diciturin

1980 5710 2209 5778 epistola
2260 5709 2328 5762 69
2386 5709 2617 5780 Basilii,
2670 5726 2790 5780 qua).
2837 5707 2924 5766 est
2989 5707 3260 5780 Synodica
3321 5707 3539 5780 concilii

1981 5775 2303 5831 Autiucheni
2348 5779 2453 5831 sub
2489 5775 2720 5833 Meletio.
2761 5775 3091 5835 Recensetur
3117 5788 3295 5831 autem
3329 5775 3540 5830 medius

1984 5850 2121 5903 inter
2151 5850 2410 5902 (losrucm
2440 5856 2491 5900 et
2529 5849 2769 5901 Narsem.
