4016 6350
341 485 440 547 885

1332 492 1665 552 HISTORIA
1685 490 2250 559 ECCLESIASTICA.
2293 529 2363 540 —
2402 497 2533 555 LIB.
2575 500 2664 557 iV.

3477 506 3581 563 466

342 609 608 681 δημοσίων
630 576 933 684 (πρόνοιαν,
962 610 1023 668 ἐν
1060 612 1204 686 ἀρχῇ
1246 615 1617 688 παραπλήσιοι
1653 616 1906 690 ᾁλλήλοις

2013 619 2154 676 sicut
2181 636 2361 693 neque
2389 621 2679 681 Jovianum
2702 624 2800 695 qui
2831 623 3017 697 ipsilin
3038 619 3273 697 imperio
3289 630 3578 687 successit.

346 700 490 765 δντες
508 700 805 773 ἐτύγχανον
826 718 841 735 ο
867 702 1064 775 περὶδὲ
1082 704 1172 761 τὸν
1193 706 1639 779 Χριστιανισμδν,
1658 708 1736 772 ὡς
1746 708 1906 781 ἔφην,

346 790 755 861 διαφωνοῦντες,
802 794 983 849 οὐκέθ’
1010 796 1181 867 ὁμοίῳ
1224 798 1411 869 τρόπῳ
1451 800 1593 855 κατὰ
1632 800 1741 856 τῶν
1773 803 1911 874 Χρι-

343 883 737 948 στιανιζὸντων·
758 884 1070 958 ἐκέχρηντο.
1139 888 1575 955 Οὐαλενιινιανδς
1628 892 1728 963 μὲν
1771 893 1904 966 γάρ,

340 975 464 1040 τοὺς
496 974 596 1045 μὲν
627 977 859 1041 οἶκείους
899 981 1211 1053 συνεκρότει
1236 998 1249 1012 ’
1278 984 1389 1047 τοῖς
1414 982 1471 1037 δὲ
1512 985 1907 1056 άρειανίξουσιν

337 1067 585 1137 οὐδαμῶς
605 1063 673 1138 ἦν
693 1068 940 1140 ὀχληρός.
982 1071 1195 1145 Οὐάλης
1225 1073 1285 1127 δὲ
1315 1073 1626 1145 ’Δρειανούς
1675 1074 1906 1145 αὐξῆσαι

338 1158 787 1231 προαιρούμενος,
817 1160 965 1216 δεινά
988 1163 1132 1217 κατὰ
1147 1163 1257 1217 τῶν
1285 1163 1360 1236 μὴ
1395 1165 1616 1219 τοιαῦτα
1646 1165 1906 1237 φρονούν-

336 1267 441 1304 των
484 1252 798 1323 εἰργάσατο,
851 1253 925 1315 ὡς
956 1253 1161 1327 προῖὼν
1201 1258 1230 1310 ὁ
1269 1256 1368 1326 τῆς
1390 1258 1632 1327 ἱστορίας
1677 1255 1907 1326 δηλώσει

337 1342 511 1412 λόγος.
534 1344 696 1398 Κατὰ
743 1344 808 1415 δὴ
834 1346 926 1401 τδν
955 1346 1145 1420 χρόνον
1173 1348 1343 1411 τόνδε.
1377 1347 1479 1419 τῆς
1508 1350 1604 1420 μὲν
1634 1348 1693 1402 ὲν
1719 1346 1905 1420 Ῥώμῃ

349 1430 671 1502 Ἑκκλησίας
708 1437 1035 1508 προεστήκει
1062 1437 1310 1507 Λιϐἐριος
1334 1454 1347 1468 °
1383 1438 1441 1493 ὲν
1467 1439 1524 1494 δὲ
1548 1441 1612 1510 τῇ
1657 1439 1908 1507 Ἀλεξαν-

336 1521 522 1594 δρείᾳ,
559 1524 659 1595 τῆς
703 1526 810 1596 μὲν
828 1529 1113 1598 ὁμοουσίου
1143 1530 1377 1595 πίστεως
1418 1530 1769 1597 Ἀθανάσιος,
1805 1535 1906 1604 τῆς

337 1613 389 1668 δὲ
431 1615 869 1690 Ἀρειανιζούσης
911 1620 1159 1686 Λούκιος,
1205 1622 1264 1677 ὃν
1306 1621 1444 1694 μετὰ
1478 1621 1749 1694 Γεώργιον
1780 1641 1910 1678 κατ-

338 1707 569 1779 έστησαν
608 1710 655 1763 oi
693 1710 1109 1783 άρειανίζοντες.
1141 1715 1263 1768 Τῶν
1306 1714 1363 1769 δὲ
1396 1715 1537 1770 κατὰ
1571 1713 1667 1786 τὴν
1703 1716 1906 1769 Ἀντιόο

339 1815 489 1870 χειαν
528 1801 822 1873 Ἀρειανῶν
847 1806 1029 1877 ἠγεῖτο
1062 1805 1316 1871 Εὐζώῖος.
1347 1807 1609 1879 Διῄρηντο
1649 1806 1705 1861 δὲ
1740 1807 1832 1861 καὶ
1856 1806 1908 1861 oi

335 1891 425 1945 τοῦ
452 1893 738 1963 δμοουσίου
757 1912 772 1928 ο
794 1896 903 1950 τῶν
934 1898 1033 1969 μὲν
1063 1897 1171 1970 γάρ
1198 1898 1479 1964 Παυλῖνος,
1517 1898 1627 1953 τῶν
1661 1900 1717 1953 δὲ
1743 1898 1910 1954 Μελί-

2012 710 2144 768 Post
2173 712 2291 769 hac
2333 729 2465 772 vero
2509 715 2578 771 ad
2611 714 2900 786 imperium
2940 719 3137 783 evecti,
3169 719 3226 775 in
3268 720 3581 791 reipublicae

2012 800 2234 871 quidem
2265 818 2394 858 cura
2445 819 2601 873 pares
2646 806 2788 860 inter
2820 820 2879 861 se
2920 806 3077 862 initio
3119 810 3449 865 exstiterunt
3479 830 3492 865 :
3525 812 3581 866 in

2012 888 2326 945 Christiana
2371 900 2550 948 autem
2596 894 2859 964 religione
2906 894 3303 966 discrepantes,
3341 905 3400 953 ut
3444 898 3579 963 dixi,

2013 980 2215 1052 dispari
2249 982 2412 1038 modo
2438 984 2703 1040 adversus
2733 987 3078 1045 Christianos
3108 1004 3165 1045 se
3186 1004 3427 1060 gessere.
3447 990 3579 1048 Nam

2013 1069 2432 1132 Valentinianus
2478 1092 2591 1132 suae
2636 1079 2855 1146 quidem
2898 1088 3063 1137 secta:
3100 1089 3264 1153 atque
3304 1083 3582 1153 opinionis
3615 1129 3622 1146 ,

2011 1159 2263 1218 homines
2312 1164 2525 1218 fovebat
2560 1184 2573 1220 :
2603 1166 2836 1222 Arianos
2886 1177 3068 1225 tamen
3116 1171 3268 1224 nulla
3315 1171 3619 1229 alliciebat.

2012 1252 2284 1307 molestia.
2314 1252 2516 1312 Valens
2557 1271 2685 1310 vero
2716 1258 2951 1314 Arianos
2974 1275 3297 1329 promovere
3330 1263 3583 1331 cupiens,
3615 1310 3622 1334 _.

2012 1358 2108 1401 eos
2162 1346 2255 1416 qui
2305 1346 2520 1403 diversa
2562 1348 2634 1403 ab
2685 1350 2792 1405 illis
2842 1351 3184 1420 sentiebant,
3228 1354 3585 1413 acerbissime

2015 1437 2245 1504 vexavit,
2282 1438 2425 1493 sicut
2467 1438 2522 1494 in
2569 1456 2865 1512 progressu
2906 1443 3152 1499 historias
3192 1442 3581 1502 declarabitur.

2010 1525 2118 1589 Per
2143 1528 2284 1584 idem
2316 1538 2529 1601 tempus
2560 1531 2817 1588 Romana
2848 1532 3105 1590 Ecclesiae
3152 1544 3383 1605 praeerat
3422 1536 3584 1592 Libe-

2016 1618 2167 1687 rius;
2192 1619 2531 1677 Alexandriae
2559 1638 2689 1678 vero
2729 1622 3110 1682 Ilomousianis
3166 1625 3388 1695 quidem
3419 1627 3586 1683 Atha-

2012 1711 2232 1779 nasius,
2293 1710 2513 1768 Arianis
2565 1729 2693 1769 vero
2749 1713 2951 1771 Lucius
3007 1716 3365 1786 praesidebat,
3421 1732 3582 1787 quem

2013 1802 2205 1857 Ariani
2253 1811 2377 1873 post
2431 1804 2673 1876 Gregorii
2726 1820 2919 1862 necem
2977 1807 3385 1862 ordinaverant.
3423 1807 3581 1877 Apud

2014 1892 2358 1949 Antiochiam
2394 1894 2610 1951 Arianae
2667 1893 2919 1952 factionis
2976 1896 3268 1968 episcopus
3310 1906 3427 1952 erat
3476 1884 3585 1951 Eu-

334 1988 461 2047 τιος
494 1986 963 2058 προειστήκεισαν.
1004 1988 1125 2043 Τῶν
1163 1989 1221 2043 δὲ
1266 1990 1493 2060 περὶτὰ
1540 1990 1908 2063 Ἱεροσόλυμα,

2013 1984 2187 2041 zoius.
2208 1985 2313 2052 Qui
2343 2000 2474 2040 vero
2500 1987 2993 2043 consubstantialis
3022 1987 3181 2043 ﬁdem
3209 1987 3323 2043 illic
3352 1988 3584 2042 tueban-

334 2074 602 2146 Κύριλλος
629 2073 787 2144 αὖθις
806 2079 1047 2151 ἐκράτει.
1081 2082 1171 2136 Ἐν
1200 2081 1257 2135 δὲ
1292 2084 1707 2139 Κωνσταντίνου
1730 2085 1906 2152 πόλει,

334 2163 586 2230 Εὐδὸξιος
625 2169 724 2238 μὲν
752 2167 861 2223 τῶν
906 2169 1214 2243 ἐκκλησιῶν
1262 2172 1503 2243 ἐκράτει,
1548 2172 1649 2244 τὴν
1695 2174 1907 2246 Ἀρείου

335 2254 488 2321 δόξαν
512 2257 785 2314 διδάσκων
805 2277 819 2293 ο
841 2262 889 2315 oi
920 2262 978 2317 δὲ
994 2262 1088 2317 τοῦ
1116 2263 1403 2335 δμοουσίου
1434 2266 1804 2338 φρονήματος,
1848 2267 1907 2320 ὲν

338 2344 517 2416 μικρῷ
544 2347 773 2420 οἰκίσκῳ
808 2347 908 2413 τὰς
951 2350 1273 2421 συναγωγάς
1326 2350 1606 2408 ἐποιοῦντο
1641 2352 1788 2409 ἔνδον
1808 2355 1908 2425 τῆς

344 2433 569 2498 πόλεως.
608 2437 722 2508 Τῆς
774 2436 831 2491 δὲ
868 2438 1271 2510 Μακεδονιανῆς
1296 2439 1616 2511 θρησκείας,
1649 2443 1731 2497 ἐτι
1767 2442 1910 2497 κατὰ

339 2526 436 2588 τὰς
484 2527 672 2593 πόλεις
724 2530 989 2600 ἐκράτουν
1037 2531 1147 2585 τῶν
1205 2532 1509 2606 εὐκτηρίων
1558 2534 1722 2588 οἴκων
1768 2535 1818 2588 οἱ
1849 2536 1908 2590 ὲν

273 2663 298 2687 ,
337 2615 629 2688 Σελευκείᾳ
668 2617 1004 2689 διδαχθέντες
1042 2620 1153 2690 (16)
1178 2624 1302 2686 τοὺς
1337 2620 1467 2694 περὶ
1505 2623 1779 2681 Ἀκάκιον.
1819 2625 1909 2678 Ἐν

335 2708 558 2782 τοιαύτῃ
591 2710 692 2781 μὲν
718 2711 781 2783 δὴ
802 2712 1155 2777 καταστάσει,
1172 2711 1241 2766 τά
1265 2713 1371 2768 τῶν
1406 2714 1740 2786 Ἐκκλησιῶν
1764 2709 1854 2787 ἦν.

2015 2084 2122 2139 tur,
2166 2077 2303 2133 duas
2347 2076 2403 2131 in
2452 2087 2639 2147 partes
2685 2078 2848 2135 divisi
2900 2085 3103 2134 erant:
3138 2093 3370 2149 quarum
3427 2077 3585 2134 alteri

2012 2168 2294 2235 Paulinus,
2332 2170 2489 2226 alteri
2526 2180 2755 2242 praeerat
2789 2171 3052 2227 Melitius.
3083 2170 3586 2239 Hierosolymorum

2013 2257 2319 2316 Ecclesiam
2356 2261 2594 2334 Cyrillus
2631 2263 2815 2319 denuo
2860 2262 3163 2318 obtinebat.
3194 2260 3586 2316 Constantino-

2014 2355 2124 2428 poli
2183 2355 2465 2413 Eudoxius
2532 2356 2782 2413 ecclesiis
2848 2357 3195 2427 potiebatur,
3254 2354 3586 2409 Arianorum

2015 2445 2211 2519 dogma
2244 2448 2420 2518 palam
2454 2447 2792 2518 praedicans;
2842 2444 3198 2503 Homousiani
3228 2458 3362 2501 vero
3385 2444 3440 2498 in
3467 2443 3586 2499 exi-

2014 2553 2121 2609 gua
2142 2540 2376 2609 quadam
2402 2539 2630 2595 aedicula
2657 2540 2802 2594 intra
2826 2540 3016 2595 urbem
3045 2538 3304 2592 collectas
3333 2535 3586 2606 agebant.

2014 2627 2186 2685 Porro
2217 2646 2283 2684 ex
2312 2629 2826 2688 Macedonianorum
2860 2640 3011 2689 secta
3039 2630 3075 2685 ii
3099 2630 3194 2700 qui
3225 2627 3490 2683 Seleuciae
3518 2626 3587 2680 ab

2017 2719 2216 2777 Acacio
2241 2721 2634 2785 dissenserant.
2655 2723 2920 2780 ecclesias
2943 2737 3075 2778 suas
3096 2722 3152 2776 in
3171 2718 3406 2792 singulis
3436 2716 3590 2773 urbi-

337 2801 439 2858 bus
462 2803 636 2857 etiam
667 2808 781 2857 tum
812 2803 1137 2859 retinebant.
1165 2801 1494 2874 Huiusmodi
1518 2804 1576 2861 in
1606 2813 1753 2863 statu
1782 2815 1916 2865 tunc
1945 2811 2207 2882 temporis
2233 2828 2322 2871 res
2347 2813 2605 2871 Ecclesia:
2631 2825 2810 2873 erant.

942 2896 1194 2951 ΚΕΦΑΛ.
1226 2897 1300 2952 B’.

339 2987 473 3063 'Ott_
501 2986 1004 3063 Οὐαλενζινιαιςοῦ
1022 2988 1155 3063 ﬂent
1188 2990 1262 3042 τὰ
1288 2988 1537 3063 ἐοςπέρια
1566 2992 1717 3063 μέρη
1747 3009 1915 3063 γενο-

397 3057 613 3131 μένου,
647 3057 976 3131 adding-er
1013 3057 1472 3131 Κωτσταντίνοὺ
1514 3057 1905 3131 πόλὲιέέροον-

402 3127 708 3187 ἐλθόντων
734 3127 1214 3192 Μακεδονίαν-ῶν,
1254 3128 1354 3183 καὶ
1393 3130 1719 3186 αἰτούντων
1760 3127 1912 3187 ’σύνο

404 3198 551 3254 odor
594 3197 894 3268 γενέσθαι,
928 3197 1222 3268 ἐπένευσε
1244 3215 1259 3230 ’
1314 3198 1414 3253 καὶ
1459 3200 1549 3256 ὅτι
1597 3202 1742 3268 τοὺς
1803 3203 1910 3258 τοῦ

403 3266 733 3338 ὀμοουσίου
757 3266 1050 3338 ἐπολέμει.

405 3360 527 3413 Τῶν
546 3359 606 3413 δὲ
630 3359 914 3431 βασιλέων,
958 3359 1400 3425 Οὐαλεντινιανδς
1451 3360 1550 3432 μὲν
1576 3361 1645 3416 τὰ
1682 3361 1913 3434 ἑσπέρια

340 3447 482 3519 μέρη
517 3445 532 3498 i
580 3446 792 3518 ταχέως
848 3446 1166 3504 κατέλαϐεν.
1218 3443 1384 3502 Είλκε
1432 3450 1538 3520 γὰρ
1563 3450 1724 3507 αὐτὸν
1751 3453 1784 3520 ἠ
1807 3450 1916 3504 τῶν

333 3539 452 3590 ἐκεῖ
464 3537 805 3608 πραγμάτων
833 3537 1067 3608 φροντίς.
1090 3538 1349 3593 Οὐάλεντι
1376 3540 1433 3594 δὲ
1460 3541 1652 3611 μικρὸν
1667 3540 1915 3612 κατὰτὴν

331 3629 747 3685 Κωνσταντίνου
768 3629 918 3683 πόλιν
941 3630 1301 3701 ὲπιμείναντις
1348 3633 1740 3705 προσέρχονται
1766 3633 1917 3688 πλεῖ-

333 3741 453 3779 στοι
503 3722 615 3777 τῶν
657 3722 968 3778 ἐπισκόπων
1004 3723 1102 3792 τῆς
1152 3723 1567 3782 Μακεδονιανῶν
1595 3723 1913 3796 θρησκείας,

328 3814 646 3884 ὲξαιτοῦσίν
677 3832 737 3870 τε
759 3814 923 3887 ἄλλην
974 3814 1226 3885 γενέσθαι
1257 3813 1472 3870 σύνοδον
1513 3816 1606 3870 ἐπὶ
1631 3816 1915 3888 διορθώσει

324 3910 430 3981 τῆς
472 3909 730 3973 πίστεως.
779 3908 839 3964 ’0
896 3908 954 3962 δὲ
1004 3908 1291 3978 βασιλεὺς,
1332 3907 1560 3980 νομίσας
1606 3909 1916 3965 συναινέσαι

322 3999 535 4063 αὐτοὺς
571 4001 684 4063 τοῖς
725 3999 852 4069 περὶ
902 3998 1155 4053 ’Δκάκιον
1211 3998 1306 4053 καὶ
1341 3996 1608 4065 Εὐδόξιον,
1664 3999 1914 4067 γενέσθαι

322 4091 633 4170 ἐπέτρεψε.
691 4091 803 4144 Kal.
849 4084 995 4144 οὗτοι
1025 4091 1122 4161 μὲν
1162 4091 1482 4160 συγκροτεῖν
1513 4088 1730 4143 σύνοδον
1758 4090 1815 4142 ὲν
1841 4092 1909 4161 τῇ

320 4181 626 4254 Λαμψάκῳ
650 4180 926 4234 ἔσπευδον.
957 4179 1169 4250 Οὐάλης
1206 4180 1262 4233 δὲ
1345 4180 1527 4250 τάχος,
1561 4179 1654 4232 ἐπὶ
1692 4178 1791 4249 τὴν
1815 4180 1916 4232 Συ-

2671 2907 2825 2964 CAP.
2855 2908 2919 2962 Il.

2016 2993 2311 3068 Quomodo,
2338 2997 2713 3054 Valentiniano
2747 3001 2801 3055 in
2826 3000 3156 3057 Occidentem
3191 2997 3446 3068 profecto,
3484 2995 3588 3050 Va-

2085 3066 2195 3140 lens
2239 3068 2700 3140 Constantinopoli
2737 3070 2945 3140 degens.
2977 3069 3031 3123 Μ
3039 3066 3381 3140 αεεάοηίαιιξε
3410 3068 3588 3140 ipsum

2087 3138 2397 3211 adeuntibus
2439 3153 2489 3192 et
2518 3141 2775 3211 synodum
2802 3137 2937 3208 ’βενε
2981 3140 3334 3211 poscentibus,
3366 3137 3418 3192 id
3464 3151 3587 3205 per-

2085 3209 2266 3273 misit;
2300 3218 2351 3262 et
2396 3210 2658 3280 quomodo
2704 3208 3097 3266 Homousianos
3139 3208 3441 3279 persecutus
3487 3217 3584 3279 est.

2086 3358 2626 3431 lmperatorum‘vero
2643 3360 2804 3427 alter,
2824 3359 3244 3416 Valentinianus
3265 3356 3497 3419 scilicet,
3520 3353 3588 3409 ad

2016 3449 2333 3508 Occidentis
2377 3460 2561 3521 partes
2606 3452 2869 3523 perrexit.
2900 3451 3037 3506 Illuc
3085 3450 3229 3506 enim
3277 3448 3589 3517 reipublicae

2016 3556 2145 3596 cura
2162 3556 2285 3597 eum
2304 3542 2585 3597 evocabat.
2601 3541 2965 3613 κιδναμένα
2987 3557 3111 3598 vero
3130 3555 3255 3596 cum
3271 3539 3585 3611 aliquandiu

2016 3632 2353 3689 substitisset
2409 3632 2927 3705 Constantinopoli,
2981 3631 3367 3702 interpellatus
3421 3637 3508 3686 est
3556 3647 3585 3681 n

2014 3724 2264 3794 plurimis
2317 3712 2720 3780 Macedonians:
2771 3732 2932 3780 sectae
2972 3722 3363 3796 episc0pis,.ut
3388 3735 3583 3776 novam

2016 3814 2285 3886 synodum
2325 3815 2394 3870 ad
2438 3816 2599 3871 ﬁdem
2642 3814 3024 3886 corrigendam
3065 3813 3181 3869 ﬁeri
3226 3811 3585 3882 permitteret.

2013 3906 2083 3960 At
2104 3907 2216 3972 ille,
2240 3920 2366 3960 cum
2397 3907 2737 3961 existimaret
2762 3920 2857 3961 eos
2880 3920 3006 3961 cum
3037 3904 3238 3960 Acacio
3262 3911 3316 3958 et
3342 3902 3588 3958 Eudoxio

2014 3995 2348 4060 consentire,
2379 3995 2435 4049 id
2464 3996 2580 4051 ﬁeri
2608 3995 2881 4066 permisit.
2910 3994 2976 4050 Et
3017 3996 3109 4050 isti
3148 3994 3370 4064 quidem
3399 3995 3588 4049 conci-

2014 4091 2146 4145 lium
2171 4093 2228 4146 in
2247 4091 2384 4147 urbe
2406 4089 2705 4161 Lampsaco
2720 4091 2999 4147 celebrare
3020 4091 3364 4161 satagebant.
3385 4088 3587 4144 Valens

2013 4194 2146 4235 vero
2170 4181 2319 4234 omni
2338 4179 2686 4235 festinatione
2706 4179 3053 4234 Antiochiam
3077 4177 3249 4248 Syriae
3268 4178 3584 4243 contendit,

2012 4273 2218 4327 veritus
2268 4271 2477 4328 scilicet
2506 4287 2574 4327 ne
2607 4271 2790 4327 Persae
2828 4272 3007 4341 ruptis
3052 4270 3275 4342 triginta
3318 4284 3585 4325 annorum

324 4276 460 4349 ρίας
498 4271 829 4343 Ἀντιόχειαν
854 4270 1133 4343 ὥρμησεν,
1150 4269 1501 4341 ὑφορώμενος
1536 4268 1613 4340 μὴ
1635 4270 1685 4321 οἱ
1706 4267 1922 4340 Πέρσαι

319 4369 430 4433 τὰς
458 4364 760 4435 γενομένας
788 4364 880 4417 ἐπὶ
920 4362 1178 4417 Ἰοδιανοῦ
1207 4359 1643 4434 τριακοντούτεις
1682 4360 1915 4424 σπονδὰς

314 4458 773 4533 παραλύσαντες,
805 4457 916 4518 τοῖς
943 4454 1231 4526 Ῥωμαίων
1259 4454 1404 4525 ὅροις
1430 4451 1722 4506 ἐπέλθοιεν.
1753 4448 1908 4505 Ἀλλά

2013 4454 2385 4511 Romanorum
2414 4457 2550 4512 ﬁnes
2580 4455 2916 4510 invaderent.
2945 4452 3143 4510 Verum
3169 4452 3347 4510 Persae
3368 4452 3586 4523 quidem

313 4555 391 4609 τά
422 4552 531 4625 μὲν
558 4549 806 4623 Περσικὰ
827 4547 1119 4619 ἡσύχασεν.
1156 4547 1327 4610 Αὐτὸς
1344 4546 1399 4600 δὲ
1425 4549 1492 4618 τῇ
1522 4544 1724 4617 ἠσυχίᾳ
1745 4560 1908 4597 κατα-

2014 4547 2289 4618 quievere.
2326 4546 2447 4618 Ipse
2479 4562 2629 4611 vero,
2666 4548 2773 4602 hac
2800 4562 2984 4602 rerum
3026 4547 3422 4617 tranquillitate
3447 4545 3589 4599 male

312 4645 640 4719 χρώμενος,
669 4642 811 4698 κατὰ
835 4641 944 4695 τῶν
959 4642 1021 4694 τὸ
1044 4639 1330 4712 ὁμοούσιον
1354 4636 1693 4709 φρονούντων
1715 4635 1908 4689 ἄσπον-

2018 4653 2172 4702 usus,
2207 4639 2407 4694 bellum
2456 4638 2789 4709 inexpiabile
2822 4645 3018 4693 contra
3051 4636 3452 4693 Homousianos
3491 4651 3588 4691 ex-

309 4739 411 4793 δον
457 4731 655 4808 ἤγειρε
692 4734 945 4806 πόλεμον.
989 4733 1097 4786 Καὶ
1138 4733 1399 4785 Παυλῖνον
1435 4730 1532 4803 μὲν
1576 4729 1666 4784 τὸν
1692 4729 1908 4807 ἐπίσκο-

2017 4729 2225 4784 citavit.
2246 4729 2321 4784 Ae
2343 4730 2627 4785 Paulinum
2659 4730 2878 4801 quidem
2907 4732 3223 4801 episcopum
3246 4728 3315 4784 ob
3333 4728 3589 4784 eximiam

308 4848 448 4894 πον,
483 4826 554 4881 δι’
601 4826 1047 4899 ὑπερϐάλλουσαν
1086 4824 1180 4878 τοῦ
1221 4824 1414 4894 ἀνδρὸς
1449 4822 1734 4878 εὐλάϐειαν
1760 4821 1908 4875 οὐδὲν

2016 4821 2136 4890 ejus
2168 4821 2271 4876 viri
2311 4822 2649 4892 religionem,
2682 4823 2836 4877 nullo
2865 4821 3048 4878 alfecit
3080 4818 3444 4876 incommodo.
3479 4816 3590 4872 Me—

307 4919 504 4975 κακδν
534 4917 817 4987 ἐποίησεν.
856 4914 1110 4970 Μελίτιον
1147 4914 1203 4969 δὲ
1230 4913 1415 4985 ὲξορίᾳ
1442 4913 1736 4984 ἐζημίωσε.
1773 4912 1908 4975 Τοὺς

2015 4913 2194 4968 litium
2228 4920 2408 4969 autem
2446 4915 2640 4970 exsilio
2674 4915 2944 4970 multavit.
2984 4913 3223 4969 Caeteros
3271 4927 3464 4968 omnes
3492 4911 3587 4981 qui

306 5012 373 5067 δὲ
395 5008 608 5071 ἄλλους
627 5008 741 5063 ὅσοι
773 5007 848 5081 μὴ
898 5005 1181 5061 ἐϐούλοντο
1228 5004 1453 5077 Εὐζωῖῳ
1481 5005 1775 5069 κοινωνεῖν,
1802 5002 1908 5058 τῶν

2018 5019 2143 5060 cum
2166 5003 2368 5060 Euzoio
2384 5006 2791 5061 communicare
2812 5004 3145 5069 renuissent,
3163 5004 3415 5088 ecclesiis
3436 5005 3588 5061 urbis

1532 5140 1806 5199 VALESII
1831 5140 2398 5200 ANNOTATIONES.

385 5241 515 5313 (i6)
562 5241 632 5313 οι
689 5239 760 5293 ἐν
810 5232 1133 5313 Σελευκείᾳ
1169 5237 1571 5313 διδαχθέντες.
1624 5236 1908 5313 ᾼεεοιιιίοι

2016 5237 2413 5313 διακριθέντεςξ
2438 5250 2504 5313 ac
2537 5235 2774 5313 fortasse
2806 5237 3046 5313 rectius.
3074 5234 3425 5313 Nicephorus
3450 5251 3590 5313 vero

301 5305 861 5381 Cb'risiophorsono,
891 5308 994 5381 qui
1027 5323 1127 5381 pro
1164 5305 1500 5381 διδαχθέντες
1539 5308 1679 5381 legit
1704 5308 1908 5378 διενεχ-

2016 5305 2168 5381 [tunc
2202 5307 2448 5381 Socratis
2465 5309 2658 5381 locum
2694 5309 2769 5381 ita
2815 5308 3167 5381 interpolavit
3199 5305 3225 5363 ί
3250 5305 3589 5381 διδαχθέντες

310 5388 517 5446 θέντες
555 5377 697 5449 πρὸς
714 5380 843 5444 τοὺς
878 5377 1346 5449 «septumme
1360 5378 1533 5443 Quam
1575 5377 1908 5449 scripturam

2015 5377 2053 5431 ὃ.
2084 5379 2135 5431 οἱ
2163 5378 2291 5449 περὶ
2351 5378 2651 5449 ᾏκάκιονι
2700 5378 2755 5433 id
2803 5387 2912 5445 est,
2957 5377 3161 5433 Eadem
3195 5394 3312 5448 qua:
3359 5377 3588 5432 Acacius

321 5455 369 5513 in
406 5445 686 5512 versione
715 5465 838 5506 mea
868 5445 1094 5505 secutus
1141 5464 1287 5505 sum.
1317 5445 1513 5504 Posset
1575 5445 1740 5504 etlam
1802 5447 1929 5517 legi,
2018 5445 2322 5503 sentientes.
2354 5447 2618 5503 Pessime.

1745 5563 1833 5620 VA
1845 5563 2138 5621 RIORUM.

2014 4363 2249 4419 induciis
2287 4378 2445 4434 quas,
2482 4370 2743 4433 regnante
2783 4361 3035 4429 Joviano,
3065 4362 3212 4433 pacti
3246 4360 3498 4429 fuerant,
3532 4362 3587 4417 in

386 5668 405 5723 ἰ
424 5658 942 5726 Οὐαλεντινιανὸς
959 5659 1033 5714 τὰ
1051 5657 1300 5728 ἑσπέρια
1321 5659 1493 5728 μέρη.
1520 5658 1665 5713 Inter
1680 5656 1908 5715 Valenti-

2023 5656 2231 5714 Theod.
2256 5657 2490 5723 Italiam,
2517 5656 2778 5719 Africam,
2800 5657 3023 5717 Gallias.
3048 5656 3358 5728 Hispanias.
3378 5653 3587 5728 Valenti

322 5741 554 5795 nianum
569 5724 1173 5805 etValent‘em—divisum
1192 5724 1476 5805 imperium
1496 5731 1549 5782 in
1564 5728 1919 5805 occidentale
2024 5745 2156 5805 vero
2190 5729 2341 5783 l‘ratri
2366 5730 2587 5805 reliquit
2618 5745 2832 5782 onmem
2859 5724 3162 5805 Orientem,
3189 5726 3333 5805 quod
3376 5724 3586 5805 laudata

322 5816 372 5863 et
425 5804 739 5875 Orientale.
793 5801 1212 5875 Valentinianus
1251 5799 1604 5875 occidentem
1634 5800 1919 5875 integrum
2018 5800 2394 5875 lextestatur,
2430 5797 2731 5875 [Egyplttlll
2776 5814 2951 5875 usque
2994 5807 3048 5875 et
3103 5797 3416 5875 Thraciam.
3453 5804 3587 5875 test:

325 5879 427 5933 sibi
459 5874 729 5938 servavit,
762 5872 859 5942 qui
884 5871 1252 5942 Constantino
1286 5868 1512 5942 Juniori
1533 5876 1585 5923 et
1627 5865 1912 5942 (imminuti
2018 5869 2242 5942 Zosimo
2288 5869 2382 5925 lib.
2418 5885 2491 5936 ιν,
2510 5865 2589 5941 '13:
2631 5870 2751 5923 755.
2789 5868 2946 5938 (Ant.
2995 5867 3144 5935 Pagi,
3181 5866 3246 5918 ad
3296 5881 3422 5920 ann.
3464 5865 3582 5930 564,

327 5953 578 6005 cesserat
603 5988 618 6009 ,
677 5939 815 6011 puta
856 5949 1035 5997 totum
1079 5940 1356 6008 Illyricum
1383 5954 1446 5995 ex
1505 5940 1617 6005 lege
1649 5940 1679 5992 7
1704 5939 1911 5996 codicis
2019 5940 2193 6004 11.4.)
