4016 6350
497 398 597 456 471
799 415 820 444 2‘-
842 406 902 476 {\p'

1940 402 2274 462 SOCRATIS

3637 411 3740 466 £72

502 526 697 570 rursus
729 513 1071 575 Christianos
1110 516 1384 588 exagitare
1413 519 1599 589 coepit,
1645 520 1776 577 dum
1832 531 2063 581 cunctos

2170 525 2274 583 τῶν
2301 524 2791 598 Χριστιανιζόντων
2825 525 3085 598 θορύϐους
3140 525 3326 590 ἐκίνει,
3371 528 3551 581 πᾶσαν
3601 528 3729 600 θρηο

500 602 569 656 ad
607 603 723 658 Arii
759 606 1081 660 sententiam
1110 610 1261 677 cupit
1301 610 1607 667 traducere.
1644 611 1748 668 Sed
1792 615 2066 684 praecipue

499 685 874 756 Lampsacena
904 689 1149 760 synodus
1180 705 1304 744 eum
1338 692 1404 745 ad
1434 695 1776 750 iracundiam
1801 713 2066 766 provoca-

497 776 616 842 bat,
647 793 757 830 non
788 779 858 832 ob
890 780 942 832 id
979 781 1152 835 solum
1195 784 1340 852 quod
1372 785 1606 842 Arianos
1636 789 1922 859 episcopos
1967 792 2064 847 de-

497 870 794 938 posuisset,
834 887 1018 927 verum
1071 875 1233 930 etiam
1288 877 1435 945 quod
1482 878 1641 934 ﬁdem
1689 881 1924 937 Arimini
1968 899 2065 938 ex-

499 969 731 1038 positam
766 971 1110 1028 anathemate
1141 973 1474 1030 damnasset.
1523 977 1658 1030 Cum
1693 976 1859 1046 igitur
1906 976 2067 1031 Nico-

497 1061 732 1114 mediam
765 1061 1030 1134 Bitliyniae
1074 1066 1340 1131 venisset,
1381 1067 1660 1122 Eleusium
1697 1067 1881 1138 Cyzici
1940 1068 2059 1138 epi-

496 1167 722 1222 se0pum
746 1155 813 1209 ad
837 1171 897 1212 se
925 1165 1084 1212 vocat
1103 1175 1116 1212 :
1135 1158 1226 1227 qui
1247 1159 1489 1228 opinioni
1522 1158 2068 1232 Macedonianaapra:

494 1245 708 1300 caeteris
734 1255 853 1300 erat
881 1247 1132 1306 addictus
1154 1290 1169 1313 ,
1208 1258 1266 1304 ut
1296 1266 1462 1320 supra
1520 1253 1827 1308 retulimus.
1878 1252 2066 1323 Itaque

495 1337 818 1405 imperator,
842 1337 1070 1393 collecto
1102 1340 1433 1395 Arianorum
1467 1342 1846 1412 episcoporum
1875 1345 2065 1399 conci-

495 1431 589 1495 lio,
627 1432 905 1488 Eleusium
928 1435 1147 1490 illorum
1182 1436 1304 1492 fidei
1335 1438 1590 1494 assentiri
1620 1439 1798 1508 jubet.
1854 1441 1925 1493 At
1975 1440 2066 1496 ille

495 1525 672 1593 primo
697 1527 916 1594 quidem
945 1526 999 1581 id
1020 1527 1292 1583 facturum
1321 1544 1381 1585 se
1404 1531 1620 1601 negavit
1647 1531 1900 1597 ;tandem
1937 1546 2067 1586 vero

494 1630 619 1668 cum
653 1617 906 1670 exsilium
946 1625 1001 1673 et
1032 1620 1300 1674 honorum
1340 1620 1637 1688 publicatio
1673 1623 1777 1692 ipsi
1827 1623 2067 1678 intenta-

495 1715 673 1773 ri-tur,
709 1709 1129 1776 perterrefactus
1162 1712 1488 1767 Arianorum
1544 1715 1788 1784 Opinioni
1835 1730 2065 1772 consen-

495 1797 587 1852 sit.
623 1796 728 1853 Sed
760 1815 888 1853 mox
927 1799 1054 1854 facti
1088 1801 1169 1856 sui
1192 1803 1342 1856 illum
1370 1805 1662 1873 pmnituit;
1698 1821 2062 1876 reversusque

494 1889 771 1958 Cyzicum.
807 1906 993 1946 coram
1022 1894 1168 1948 omni
1195 1895 1541 1951 multitudine
1597 1900 1703 1952 vim
1735 1897 2059 1952 sibiillatam
2099 1867 2142 1922 Β

495 1988 830 2049 conquestus
884 1992 1002 2049 est,
1069 1985 1296 2038 invitum
1352 2001 1410 2041 se
1462 2002 1735 2050 asserens,
1795 2002 1904 2050 oon
1962 2002 2062 2043 sua

495 2078 689 2140 sponte
735 2086 1064 2128 consensum
1111 2077 1430 2145 praebuisse.
1494 2075 1668 2130 Simul
1721 2078 1950 2141 monuit,
2003 2087 2064 2132 ut

495 2161 662 2216 alium
691 2163 792 2217 sibi
823 2165 1142 2236 episcopum
1182 2174 1506 2236 quaererent,
1532 2182 1598 2222 eo
1635 2169 1778 2238 quod
1843 2170 1960 2238 ipse
2011 2172 2062 2224 vi

495 2255 811 2321 compulsus
849 2257 1122 2324 pr0priam
1166 2255 1324 2312 ﬁdem
1354 2256 1751 2328 abnegavisset.
1804 2259 2061 2330 Cyziceni

500 2354 679 2398 tamen
712 2361 809 2417 pro
835 2347 1139 2402 incredibili
1172 2362 1358 2402 amore
1389 2363 1496 2418 quo
1554 2350 1705 2404 illum
1767 2367 2062 2421 proseque-

500 2429 724 2494 bantur,
757 2432 908 2487 alteri
933 2433 1190 2504 episcopo
1211 2435 1410 2505 subjici
1433 2445 1776 2504 recusarunt,
1811 2454 1910 2496 nec
1940 2449 2064 2510 per-

500 2519 768 2574 miserunt
816 2530 877 2576 ut
925 2523 972 2579 is
1025 2523 1264 2580 Ecclesia
1330 2541 1428 2582 sua
1459 2527 1694 2584 cederet.
1747 2529 2063 2586 Manserunt

497 2611 682 2681 itaque
713 2613 816 2667 sub
843 2613 962 2685 ejus
989 2615 1486 2684 administratione,
1512 2636 1612 2676 nec
1633 2637 1662 2674 a
1699 2621 1916 2692 propria
1952 2623 2064 2677 ha:-

497 2703 604 2759 resi
641 2704 913 2762 ullatenus
938 2707 1332 2765 discesserunt.

1009 2801 1176 2870 213
1205 2802 1353 2856 CAP.
1401 2801 1510 2859 vu.

496 2887 789 2964 Quomodo,
845 2893 999 2964 pulso
1049 2895 1264 2952 Eleusio
1314 2896 1728 2962 Macedonicae,
1769 2897 2060 2956 Eunomius

567 2959 749 3034 Cyzici
808 2959 1164 3034 episcopatum
1212 2969 1427 3034 adeptus
1478 2978 1594 3032 est;
1641 2979 1688 3022 et
1715 2959 1859 3024 'unde
1914 2981 2060 3025 ortus

561 3030 845 3109 {nerine}
870 3030 1010 3109 quod
1053 3052 1172 3109 cum
1214 3030 1455 3092 notarius
1490 3030 1624 3092 esset
1681 3038 1822 3093 Aelii
1872 3041 2059 3109 impii,

562 3100 712 3154 illum
735 3104 835 3158 sibi
864 3100 1178 3159 imitandum
1203 3111 1494 3176 proposuit.

2165 616 2351 671 σκείαν
2402 615 2751 686 Ἀρειανίξειν
2806 615 3144 687 βουλόμενος.
3180 617 3428 670 Μάλιστα
3475 618 3530 670 δὲ
3576 617 3736 673 αὐτὸν

2164 710 2244 771 είς
2267 706 2438 777 ὀργὴν
2467 702 2598 777 ἦγεν
2627 707 2660 775 ἡ
2695 707 2835 758 κατὰ
2861 707 2959 777 τὴν
2987 706 3287 777 Λάμψακον
3317 708 3578 778 γενομένη
3609 707 3734 762 σύν-

2163 800 2299 863 οδος,
2349 799 2411 851 ού
2460 799 2618 869 μόνον
2635 800 2715 852 ὅτι
2759 797 2885 860 τοὺς
2926 798 3356 870 Ἀρειανίζοντας
3393 799 3736 871 ἀπεκήρυξεν

2163 891 2510 952 ἐπισκόπους,
2530 889 2642 941 ἀλλ’
2659 890 2740 942 ὅτι
2764 889 2856 942 καὶ
2877 888 2974 958 τὴν
3000 889 3057 941 ὲν
3085 889 3362 959 Ἀριμήνῳ
3382 893 3478 959 τῆς
3503 889 3737 954 πίστεως

2163 982 2552 1050 ἀνεθεμάτισεν
2577 981 2809 1034 ἔκθεσιν.
2845 981 3136 1050 Γενόμενος
3179 977 3272 1033 οὖν
3313 981 3370 1032 ὲν
3402 981 3740 1052 Νικομηδείᾳ

2162 1070 2263 1140 τῆς
2294 1069 2566 1134 Βιθυνίας,
2601 1071 3019 1141 μεταπέμπεται
3061 1073 3189 1140 παρ’
3224 1069 3412 1123 ἑαυτὸν
3465 1071 3738 1124 Ἑλεύσιον

2165 1162 2255 1216 τὸν
2282 1162 2521 1227 Κυζίκου
2553 1163 2850 1215 ἐπίσκοπον
2871 1177 2884 1190 ·
2915 1153 3069 1224 οὗτος
3093 1162 3148 1214 δὲ
3166 1165 3229 1231 τῇ
3255 1162 3587 1214 Μακεδονίου
3609 1163 3738 1234 δόξῃ

2167 1252 2485 1322 προσέκειτο
2529 1253 2746 1323 μᾶλλον,
2790 1251 2867 1316 ὥς
2921 1269 3011 1323 μοι
3055 1253 3148 1305 καὶ
3185 1252 3449 1322 πρότερον
3497 1251 3735 1322 εἴρηται.

2165 1345 2409 1407 Καθίσας
2456 1342 2549 1396 οὖν
2595 1345 2622 1396 ὁ
2667 1343 2917 1412 βασιλεὺς
2963 1342 3233 1414 συνέδριον
3277 1342 3594 1395 ἐπισκόπων
3634 1343 3739 1412 τῆς

2178 1435 2462 1506 Ἀρειανῆς
2493 1434 2776 1506 αἱρέσεως,
2823 1433 3165 1487 συντίθεσθαι
3208 1432 3299 1485 τὸν
3351 1433 3624 1486 Ἐλεύσιον
3670 1435 3739 1504 τῇ

2167 1527 2346 1580 πίστει
2367 1527 2590 1581 ἐκείνων
2619 1525 2945 1595 ἠνάγκαζεν.
2964 1525 3020 1579 ’0
3046 1525 3125 1588 δὲ,
3157 1525 3416 1597 πρότερον
3439 1526 3535 1595 μὲν
3559 1526 3741 1596 ἀπηρ-

2166 1620 2307 1670 νεῖτο
2335 1633 2352 1650 ο
2386 1617 2601 1690 ὲξορίας
2628 1617 2684 1671 δὲ
2711 1617 2857 1687 αύτῷ
2874 1616 2968 1669 καὶ
2987 1616 3302 1688 δημεύσεως
3330 1615 3739 1685 ἀπειληθείσης,

2168 1710 2423 1781 περιδεὴς
2479 1711 2788 1780 γενόμενος,
2837 1713 2902 1780 τῇ
2949 1711 3195 1779 Ἀρειανῇ
3240 1707 3366 1778 δόξῃ
3413 1708 3738 1762 συντίθεται.

2171 1801 2501 1870 Συνθέμενος
2546 1801 2624 1860 δὲ,
2674 1801 2836 1862 εὐθὺς
2887 1800 3214 1870 μετεμέλετο
3241 1817 3256 1832 ·
3293 1800 3388 1852 καὶ¹
3415 1798 3741 1852 καταλαϐὼν

2170 1893 2266 1962 τὴν
2282 1891 2540 1956 Κύζικον,
2571 1893 2661 1945 ἐπὶ
2707 1893 2907 1955 παντὸς
2946 1892 3039 1944 τοῦ
3083 1891 3212 1945 λαοῦ
3245 1892 3342 1961 τὴν
3375 1891 3496 1960 βίαν
3522 1890 3742 1944 ἀπωδύ-

2173 1999 2323 2052 ρατο,
2349 1983 2572 2052 φάσκων
2605 1984 2704 2053 τὴν
2737 1982 3130 2051 συγκατάθεσιν
3168 1983 3232 2036 ἐκ
3271 1983 3410 2053 βίας,
3439 1983 3500 2035 ού
3538 1982 3646 2052 μὴν
3676 1983 3744 2034 ὲκ

2169 2074 2538 2144 προαιρέσεως
2591 2074 2941 2144 πεποιῆσθαι.
2986 2077 3176 2145 Ζητείν
3236 2093 3297 2128 τε
3331 2075 3531 2138 αὐτοὺς
3553 2077 3743 2144 ἓτερον

2168 2165 2485 2231 ἐπίσκοπον,
2509 2166 2643 2220 διότι
2661 2167 2865 2231 αὐτοὺς
2910 2170 2976 2238 τῇ
3013 2168 3225 2241 ἀνάγκῃ
3256 2167 3317 2221 τὸ
3345 2169 3542 2220 οἰκεῖον
3561 2167 3743 2237 δόγμα

2165 2257 2458 2327 ἠρνήσατο.
2489 2256 2784 2326 Κυζικηνοὶ
2828 2258 2886 2311 δὲ
2932 2258 3284 2329 φιλοστοργίᾳ
3297 2261 3364 2328 τῇ
3391 2258 3526 2330 πρὸς
3550 2259 3740 2324 αὐτὸν,

2170 2348 2262 2417 ὑφ’
2288 2348 2462 2419 ἑτέρῳ
2514 2349 2797 2420 ὲπισκόπῳ
2842 2349 3132 2404 τάττεσθαι
3157 2351 3257 2403 οὐκ
3289 2349 3589 2415 ἐϐούλοντο,
3613 2348 3742 2402 οὔτε

2171 2439 2277 2510 μὴν
2307 2440 2478 2510 ἑτέρῳ
2500 2441 2597 2512 τῆς
2622 2442 2948 2512 Ἐκκλησίας
2974 2443 3344 2513 παραχωρεῖν.
3371 2441 3603 2512 Ἐμενον
3643 2441 3742 2510 μὲν

2167 2529 2259 2586 οὖν
2288 2533 2379 2585 ὑπ’
2409 2532 2558 2603 αὐτῷ
2604 2533 2942 2605 ταττόμενοι,
2991 2534 3064 2607 μὴ
3101 2532 3508 2605 μετατιθέμενοι
3555 2531 3613 2585 δὲ
3641 2532 3743 2602 τῆς

2167 2623 2372 2688 οίκείας
2400 2623 2685 2696 αἱρέσεως.

2767 2801 2993 2856 ΚΕΦΛΛ
3004 2843 3018 2859 .
3065 2803 3137 2856 Ζ’.

2169 2891 2298 2946 Ὀτι
2321 2891 2614 2960 Εὐνόμιος
2633 2890 2886 2950 Κυζίκου
2906 2890 3154 3013 ίγέγονεν·
3167 2890 3516 2956 ἐπίσκοπος,
3534 2889 3747 2972 Ἔλεύε

2237 2977 2374 3013 mor
2400 2963 2508 3013 τὸν
2529 2961 2904 3013 Μακεδονίαν
2941 2979 2978 3013 ν
3013 2961 3311 3013 ἐκϐαλώνο
3336 2961 3432 3013 καί
3460 2961 3590 3013 πεοὶ
3633 2977 3745 3013 του

2237 2977 2374 3016 Utor
2400 2963 2508 3015 τὸν
2529 2960 2978 3016 Μακεδονιανὸν
3013 2961 3282 3015 ἐκϐαλών
3298 2979 3311 2994 ο
3336 2961 3432 3016 καί
3460 2961 3590 3028 περὶ
3633 2960 3745 3014 τοῦ

2239 3032 2422 3085 πόθεν
2446 3030 2698 3100 ὥρμητο,
2724 3031 2841 3084 καὶε
2864 3031 2953 3084 ὅτι
2995 3031 3211 3100 Ἀετίου
3247 3031 3352 3086 τοῦ
3385 3031 3562 3086 ἀθέου
3587 3032 3745 3085 ὑπο-

2239 3099 2500 3170 γραφεὺς
2527 3099 2633 3164 ὢν,
2659 3101 2730 3156 τὰ
2757 3102 2992 3154 ἐκείνου
3015 3099 3337 3168 ἐζήλωσεν.

574 3193 700 3250 llaec
728 3213 851 3251 cum
887 3199 1132 3254 audisset
1167 3199 1460 3269 episcopus
1505 3201 2064 3270 Constantinpolita-

2240 3191 2424 3246 Ταῦτα
2452 3191 2690 3254 ἀκούσας
2737 3193 2765 3243 ὁ
2818 3191 2917 3261 τῆς
2962 3191 3580 3254 Κωνσταντινουπόλεως
3613 3191 3748 3244 ὲπί-

491 3306 627 3355 nus,
659 3289 982 3344 Eunomiqu
1005 3291 1286 3361 Cyzicena:
1318 3292 1469 3346 urbis
1496 3292 1811 3362 episcopum
1853 3295 2061 3348 consti-

493 3383 618 3445 tuit,
655 3389 840 3451 utpote
869 3383 960 3452 qui
993 3383 1306 3454 eloquentia
1337 3399 1434 3438 sua
1453 3385 1816 3442 multitudinis
1847 3388 2059 3442 animos

493 3475 562 3527 ad
597 3489 656 3528 se
685 3475 904 3529 allicere
944 3483 1147 3544 posset.
1185 3474 1288 3540 Qui
1333 3491 1458 3529 cum
1501 3477 1737 3532 venisset
1780 3479 2059 3550 Cyzicum,

494 3565 796 3634 imperator
867 3564 1048 3619 edicto
1127 3567 1428 3636 proposito,
1489 3566 1766 3624 Eleusium
1842 3571 2062 3640 quidem

497 3650 762 3708 Ecclesiis
790 3651 1091 3716 exturbari,
1123 3651 1449 3709 Eunomium
1481 3665 1661 3712 autem
1696 3659 1748 3712 in
1781 3660 1905 3716 sede
1951 3663 2065 3716 col-

498 3741 668 3797 locari
703 3741 888 3812 jussit.
919 3743 1038 3809 Quo
1070 3743 1234 3808 facto,
1277 3745 1332 3800 hi
1368 3747 1459 3816 qui
1489 3763 1614 3802 eum
1647 3747 1865 3805 Eleusio
1884 3761 2060 3817 erant,

497 3839 652 3886 extra
683 3834 840 3889 urbis
871 3850 1057 3890 muros
1084 3837 1349 3892 aediﬁcata
1384 3840 1637 3906 ecclesia,
1670 3844 1928 3898 collectas
1954 3845 2065 3900 illic

499 3932 746 3994 egerunt.
773 3925 881 3981 Sed
907 3926 974 3982 de
1006 3925 1226 3984 Eleusio
1253 3929 1536 3986 hactenus.
1565 3930 1722 3987 Nune
1764 3935 1831 3990 de
1893 3935 2068 3990 Enno-

497 4017 931 4074 miodicendum.
956 4019 1257 4076 Eunomius
1288 4022 1537 4079 notarius
1563 4023 1663 4078 fuit
1692 4026 1828 4081 Aetii
1857 4042 2066 4098 cogno-

497 4117 680 4166 mento
706 4109 884 4176 Athei,
917 4112 1076 4181 cujus
1096 4129 1262 4183 supra
1295 4116 1625 4171 mentionem
1651 4117 1900 4173 fecimus.
1925 4121 2062 4174 Cum

499 4203 590 4257 illo
644 4204 808 4274 igitur
846 4205 938 4259 ditt
1000 4215 1272 4273 versatus,
1310 4208 1668 4277 50phisticum
1719 4208 1840 4280 ejus
1891 4211 2067 4267 disse-

498 4293 652 4348 rendi
681 4295 899 4349 modum
941 4295 1185 4354 imitatus
1212 4309 1324 4355 est:
1367 4309 1420 4355 et
1445 4301 1700 4358 inanibus
1739 4304 2063 4373 quibusdam

497 4388 708 4443 voculis
739 4389 966 4442 nimium
999 4391 1238 4453 deditus,
1289 4390 1509 4448 fallaces
1565 4395 2066 4465 argttn'tentationes

499 4482 554 4535 in
587 4496 745 4537 suum
775 4481 950 4550 ipsius
979 4482 1239 4536 damnum
1273 4479 1592 4551 imprudens
1627 4484 1929 4538 contexuit.
1985 4482 2068 4538 οι)

2169 3301 2388 3347 σκοπος,
2423 3285 2782 3356 προϐάλλεται
2811 3283 2950 3356 πρὸς
2979 3283 3078 3354 τὴν
3111 3284 3416 3355 ἐπισκοπὴν
3445 3285 3541 3354 τῆς
3567 3283 3698 3347 Κυζ
3705 3284 3750 3335 ί-

2166 3394 2264 3430 κου
2290 3377 2552 3445 Εὐνόμιον
2576 3387 2638 3439 nl,
2671 3375 2744 3438 ὡς
2773 3375 3068 3446 δυνάμενον
3106 3375 3368 3447 δεινότητι
3397 3375 3568 3443 λόγων
3600 3375 3750 3446 πρὸς

2166 3469 2354 3522 ἑαυτὸν
2382 3468 2607 3522 ὲλκῦσαι
2634 3467 2702 3520 τὰ
2725 3466 2924 3536 πλήθη.
2954 3465 3316 3529 Κατελθόντος
3349 3466 3404 3518 δὲ
3446 3465 3539 3519 τοῦ
3571 3465 3751 3518 Εύνο⁶

2169 3561 2312 3632 μίου,
2340 3560 2668 3633 πρόσταγμα
2695 3559 2788 3612 τοῦ
2822 3559 3083 3630 βασιλέως
3111 3558 3393 3612 ἐκέλευσεν
3417 3557 3752 3622 ἐξωθεῖσθαι

2170 3652 2266 3722 μὲν
2296 3651 2386 3705 τὸν
2426 3651 2715 3715 Ἐλεύσιον,
2767 3649 3160 3722 ὲνθρονίζεσθαι
3213 3649 3270 3702 δὲ
3312 3647 3404 3701 τὸν
3449 3648 3748 3718 Εὐνόμιον.

2167 3745 2277 3798 Καὶ⁸
2298 3744 2360 3816 δὴ
2380 3742 2568 3796 τούτου
2596 3740 2907 3813 γενομένου,
2939 3741 2987 3794 ot
3019 3741 3145 3814 περὶ
3187 3740 3277 3793 τὸν
3316 3738 3588 3794 Ἐλεύσιον
3643 3739 3754 3806 ἔξω

2165 3836 2264 3906 τῆς
2298 3836 2503 3898 πόλεως
2531 3835 2817 3904 εύκτήριον
2867 3829 3016 3885 οἷκον
3065 3831 3591 3894 κατασκευάσαντες,
3651 3833 3757 3895 τὰς

2169 3925 2488 3994 συναγωγὰς
2531 3926 2872 3996 ἐποιήσαντο.
2937 3925 3046 3978 Καὶ
3101 3923 3231 3994 περὶ
3268 3923 3366 3992 μὲν
3425 3921 3752 3985 Ἐλευσίου,

2166 4020 2401 4073 τοσαῦτα
2424 4018 2681 4089 εἰρήσθω.
2705 4018 2840 4089 Περὶ
2867 4017 2924 4071 δὲ
2961 4017 3244 4086 Εὐνομίου,
3287 4016 3469 4068 ἐκεῖνα
3496 4014 3752 4069 λεκτέον.

2169 4113 2428 4183 Εὑνόμιος
2453 4111 2802 4184 ὑπογραφεὺς
2841 4111 3061 4179 γέγονεν
3103 4110 3330 4170 Ἀετίου,
3383 4106 3476 4160 τοῦ
3523 4107 3757 4177 ἐπικλη-

2168 4207 2349 4270 θέντος
2390 4207 2595 4270 ’Δθέου,
2635 4199 2694 4258 οὗ
2724 4207 2818 4258 καὶ
2848 4203 3104 4275 ἀνωτέρω
3129 4200 3470 4273 πεποιήμεθα
3495 4201 3604 4270 μνὴ
3617 4218 3750 4269 μην,

2166 4297 2350 4352 Συνὼν
2381 4297 2436 4351 δὲ
2472 4296 2640 4367 αὐτῷ,
2666 4297 2757 4350 τὸν
2785 4296 2992 4349 ἐκείνου
3037 4295 3348 4364 σοφιστικὸν
3379 4292 3584 4364 τρόπον
3615 4293 3753 4362 ἐζή-

2168 4389 2341 4442 λωσε·
2405 4388 2680 4454 λεξειδίοις
2727 4405 2786 4440 τε
2840 4386 3133 4458 σχολάζων,
3197 4386 3290 4439 καὶ
3331 4383 3500 4437 ποιῶν
3568 4385 3757 4452 ἑαυτῳ

2170 4479 2499 4549 σοφίσματα,
2523 4479 2621 4532 οὐκ
2649 4477 2931 4548 ᾐσθάνετο.
2987 4478 3079 4531 Ἐκ
3112 4476 3314 4529 τούτων
3358 4491 3416 4527 τε
3472 4475 3757 4544 τυφωθεὶς

499 4573 616 4628 haec
648 4571 958 4642 arrogantia
989 4572 1186 4636 elatus,
1217 4571 1275 4626 in
1325 4571 1717 4641 blasphemiam
1775 4572 2062 4641 prolapsus

2170 4571 2245 4633 είς
2281 4569 2627 4640 βλασφημίαν
2660 4569 2882 4634 ἐξέπεσε
2931 4568 3064 4639 (22),
3099 4568 3160 4620 τὸ
3195 4566 3400 4638 ’Δρείου
3440 4565 3540 4636 μὲν
3569 4564 3759 4635 δόγμα

1700 4699 1976 4756 VALESII
2015 4699 2572 4757 ANNOTATIONES.

572 4799 684 4868 (Ξὲ)
748 4800 848 4863 Εἰς
901 4797 1327 4868 ,ϐλασφημίαν
1361 4795 1632 4868 ἐξέπεσε.
1697 4793 1883 4850 Codex
1931 4792 2065 4848 [·“Ιοι·‹

2175 4811 2278 4851 nus
2329 4795 2594 4866 scriptum
2645 4793 2808 4849 habet
2855 4794 2936 4856 είς
2975 4790 3338 4864 βλασφημίας.
3400 4790 3562 4857 Quod
3608 4805 3757 4845 con-

501 4866 681 4924 ﬁrmat
719 4869 898 4924 versio
927 4868 1216 4939 Epiphanii
1244 4866 1589 4923 Scholastiei.

1943 4953 2326 5012 VARIORUM.

573 5058 939 5124 ωΕὺνόμιονῖ,
970 5054 1293 5114 Eunomius,
1314 5049 1870 5124 natione‘Cappadox,
1892 5048 2066 5102 Daco-

503 5144 561 5182 ra
603 5121 860 5181 territorii
897 5123 1248 5179 Czrsaricnsis
1281 5123 1405 5176 vico
1433 5121 1498 5175 ad
1532 5121 1778 5189 Argntum
1827 5129 2063 5173 montem

501 5207 680 5260 ortus,
717 5194 1282 5266 parentibusquidem
1315 5191 1720 5266 qui_tnaj0t_'tttu
1759 5189 1944 5266 Basilii
1991 5189 2062 5242 Μ.

503 5259 681 5322 liberti
716 5259 946 5320 fuerant.
992 5259 1094 5316 Διί
1128 5259 1372 5318 Eudoxio
1406 5261 1748 5315 Antiocheno
1799 5259 2066 5314 diaconus

502 5339 703 5398 factus,
741 5351 861 5389 mox
895 5334 1022 5388 dtnn
1073 5335 1280 5402 legatus
1309 5349 1338 5386 τι
1381 5332 1498 5386 suis
1560 5335 1625 5385 ad
1679 5329 2065 5402 Constantium

504 5409 834 5469 mitteretur,
853 5420 900 5477 Aa
935 5399 1222 5477 Basilianis
1243 5404 1522 5477 -in_i_lincr_e
1538 5407 1771 5477 _captus,
1809 5399 2066 5477 Mida-iung

501 5477 751 5559 Bhrygim
791 5468 1080 5558 relegatur.
1112 5468 1890 5559 Annooﬁﬁtlrahzbludoaionet

501 5540 806 5620 Cyzic'ettus
857 5540 1147 5620 episcopus
1174 5543 1479 5620 ordinatur,
1521 5540 1649 5594 inde
1709 5555 1831 5593 mox
1868 5555 1898 5620 a_
1932 5540 2067 5620 ciri-

503 5607 604 5674 lius
638 5619 849 5688 pulsus.
885 5607 1012 5688 Scio
1040 5607 1320 5688 Socratem
1351 5619 1405 5664 et
1432 5611 1801 5688 Sgaontenum
1836 5609 1902 5661 ad
1958 5607 2064 5688 va-

500 5679 662 5744 lentis
688 5700 932 5756 tempora
952 5687 1066 5739 haec
1083 5682 1318 5756 referre;
1351 5681 1446 5756 sed
1475 5679 1857 5756 Philostorgio,
1883 5685 2068 5756 utpote

505 5759 557 5810 in
591 5759 752 5812 rebus
784 5747 1136 5811 liunomianis
1166 5747 1566 5811 oculatissimo,
1618 5749 1788 5818 magis
1812 5747 2064 5818 Erotion-

506 5825 670 5895 dutu;
696 5829 783 5882 cui
815 5829 978 5882 etiam
1011 5826 1111 5881 hac
1147 5824 1199 5878 in
1241 5829 1394 5895 parte
1423 5816 1756 5890 suffragatur
1809 5816 2062 5873 Theodo-

2173 5047 2330 5100 ritus.
2375 5043 2488 5098 Sub
2521 5044 2739 5098 Juliano
2763 5051 2817 5098 et
2848 5041 3076 5097 Joviano
3097 5040 3575 5111 Constantinopoli
3600 5044 3759 5112 egit,

2173 5118 2276 5172 Sttb
2317 5114 2541 5169 Valente
2574 5113 2626 5166 in
2663 5115 2882 5168 hortum
2918 5114 3419 5167 (lltztlccdonenscm
3484 5115 3764 5178 secessit,

2171 5188 2347 5241 donec
2379 5185 2592 5244 delatus
2625 5184 2765 5253 apud
2793 5185 3196 5252 imperatorem,
3230 5183 3372 5250 quod
3412 5179 3763 5253 Procopium

2173 5269 2462 5328 tyrannum
2484 5256 2551 5328 _in
2589 5251 2720 5321 agro
2753 5269 2854 5328 suo
2874 5251 3242 5328 occultasset,
3266 5253 3424 5305 exsul
3443 5255 3508 5328 in
3537 5251 3763 5328 Stagiri-

2173 5319 2376 5379 tuniam
2427 5319 2758 5378 missus'est.
2801 5323 2934 5392 llum
2971 5323 3112 5392 apud
3169 5321 3404 5374 Mursam
3441 5319 3655 5392 Illyrici
3704 5325 3764 5377 in

2171 5397 2365 5450 itinere
2399 5393 2743 5454 consisteret,
2772 5391 2838 5445 ab
2867 5389 3194 5462 imperatore
3224 5389 3768 5462 revocatur._'l‘lteo-

2169 5466 2360 5520 dosius
2393 5463 2461 5515 lli.
2506 5465 2688 5532 ipsum
2720 5478 2784 5516 ex
2816 5459 3162 5532 Chalcedone
3193 5460 3482 5532 abreptum
3531 5459 3770 5532 llalmy-

2168 5537 2342 5589 ridem
2374 5531 2552 5587 locum
2597 5532 2796 5585 Mmsiae
2832 5531 2897 5584 ad
2935 5532 3239 5585 Danubium
3292 5531 3486 5599 situm,
3513 5531 3770 5599 relegari

2164 5605 2348 5674 jussit.
2380 5602 2512 5674 lude
2545 5603 2858 5674 abarbaris
2873 5601 3108 5672 fugatus,
3131 5602 3441 5674 Caesaream
3458 5598 3770 5674 cappadm

2169 5669 2268 5731 cite
2299 5673 2568 5728 adductus
2594 5685 2704 5727 est:
2735 5669 2955 5727 civibus
2979 5687 3106 5726 vero
3129 5671 3360 5732 invisus,
3387 5669 3533 5737 quod
3554 5670 3770 5725 adver-

2170 5762 2264 5800 sus
2297 5744 2556 5800 Basiliutn
2591 5757 2779 5797 eorum
2798 5743 3112 5810 episcopum
3136 5740 3309 5794 libros
3335 5740 3466 5810 olim
3505 5753 3771 5793 consert-

2173 5827 2373 5892 pserat,
2409 5813 2550 5886 apud
2583 5809 2847 5868 Dacoram
2882 5810 3060 5867 vicum
3078 5810 3316 5866 natalem
3356 5809 3412 5865 in
3445 5812 3597 5880 agris
3641 5811 3773 5866 suis
