4016 6350
289 395 388 453 477

289 511 365 576 Ah
392 506 526 561 τότε
543 503 726 574 μυρία
744 501 920 576 φῦλα
951 501 1382 576 πολυσπερέων
1407 498 1750 576 ᾀνθρῴπφν,

291 567 509 646 'A'rpia.
527 567 956 646 ῥαρμαίροντα,
983 570 1182 646 κακὴν
1206 567 1508 646 ἐπιειμέιά
1529 567 1765 646 Magan

290 638 897 712 Ἰάξρουαὰλλιρόοιο
917 641 1104 712 πόρον
1129 638 1414 712 διαϐάντα
1431 638 1786 712 σὺν-αἰχμῇ.

290 705 957 778 ΚαΓΣκυθικήνῖόλέσει
989 705 1189 778 χώρην
1224 710 1320 762 καὶ
1347 705 1855 778 Μυσηΐδα-ταῖαν,

291 786 570 854 Θρηϊκίης
592 782 644 833 δ’
658 775 950 854 ἐπιϐάντα
971 775 1099 854 Δἁδὺν
1138 775 1353 854 suam
1399 775 1856 854 μαινομένῃσιν,

288 848 483 911 Α’ὺτοῦ
515 848 623 905 κεν
638 851 863 915 βιότοιο
881 848 1078 914 τέλος,
1107 849 1204 901 καὶ
1233 850 1462 917 πότμον
1481 848 1748 900 ἐπίσποι.

354 938 528 1006 Οὗτος
557 943 655 1012 μὲν
671 935 764 994 οὖν
801 943 830 1004 ῤ
873 939 1140 1010 χρησμός.
1165 937 1368 1008 Συνέϐη
1398 937 1454 991 δὲ
1481 937 1617 1008 μετὰ
1645 935 1857 1006 χρόνον,

285 1035 374 1090 τὸν
390 1035 549 1089 ὁλκὸν
567 1033 661 1086 τοῦ
699 1032 891 1094 ὓδατος
907 1030 1014 1083 ὑπὸ
1033 1029 1330 1092 Οὐάλεντος
1351 1026 1860 1082 κατασκευασθέντα

286 1127 502 1198 δαψιλὲς
525 1125 828 1196 παρασχεῖν
854 1125 921 1193 τῇ
955 1121 1367 1176 Κωνσταντίνου
1410 1119 1562 1172 πόλει
1596 1118 1657 1170 τὸ
1679 1117 1820 1191 ὕδωρ
1841 1131 1856 1146 ·

287 1220 379 1273 καὶ
398 1217 522 1270 τότε
551 1216 620 1268 τὰ
644 1212 957 1286 βαρϐαρικὰ
983 1211 1228 1282 ἐκινήθη,
1259 1209 1335 1270 ὡς
1358 1208 1584 1279 ὕστερον
1611 1206 1856 1278 λέξομεν.

286 1310 388 1364 Τὺν
435 1308 622 1380 μέντοι
671 1305 920 1378 χρησμὸν
966 1305 1060 1358 καὶ
1123 1302 1264 1357 κατὰ
1313 1299 1469 1356 ἄλλον
1505 1300 1704 1372 τρόπον
1736 1318 1860 1354 συν-

290 1400 484 1453 έπεσεν
520 1397 878 1468 ὲκληφθῆναι.
911 1395 954 1447 Τ
956 1394 1016 1447 οῦ
1037 1391 1352 1464 ὑδραγωγοῦ
1377 1391 1487 1462 γὰρ
1518 1390 1858 1460 εἰσαχθέντος

288 1492 368 1554 είς
397 1490 500 1561 τὴν
529 1489 706 1551 πόλιν,
728 1487 1008 1557 Κλέαρχος
1031 1484 1266 1555 ἔπαρχος
1294 1484 1371 1538 ὣν
1394 1485 1493 1554 τῆς
1508 1484 1715 1546 πόλεως
1744 1482 1856 1552 (29)

289 1581 496 1653 ὑδρεῖον
522 1580 777 1652 μέγιστον
817 1579 927 1649 (50)
956 1577 1380 1640 κατεσκεύασεν,
1410 1579 1467 1629 ὲν
1503 1578 1568 1646 τῇ
1607 1575 1702 1628 νῦν
1730 1574 1860 1628 Θεο-

285 1671 462 1725 δοσίου
491 1673 665 1741 ἀγορᾷ
694 1669 1032 1742 καλουμένῃο
1073 1667 1103 1720 δ
1130 1667 1408 1740 ἐφημίσθη
1441 1666 1658 1736 δαψιλὲς
1689 1665 1854 1737 ὕδωρ.

299 1763 414 1831 Ἐφ’
441 1754 487 1828 ᾧ
507 1761 699 1832 ἑορτὴν
715 1761 908 1832 ἱλαρὰν
934 1756 1068 1830 ἦγεν
1087 1761 1121 1830 ὴ
1143 1759 1296 1823 πόλις
1311 1775 1325 1789 ο
1350 1757 1617 1812 καὶτοῦτο
1645 1752 1782 1812 εῖναι
1798 1757 1858 1812 τὸ

286 1850 575 1922 λεγόμενον
597 1849 674 1920 τῷ
702 1848 934 1921 χρησμῷ
959 1865 972 1878 ·
993 1847 1058 1902 τὸ

750 2112 821 2166 Τὸ
850 2112 1090 2181 grape/nr
1114 2112 1464 2182 τερπόμεναι

426 2181 763 2249 Στήσονται
799 2183 1124 2251 ἐϋστεφέας
1151 2181 1274 2238 κατ’
1291 2181 1534 2253 ἀγυιάς.

369 2273 530 2328 Ἀλλὰ
553 2275 622 2328 τὰ
652 2273 751 2344 μὲν
779 2273 922 2327 κατὰ
949 2273 1041 2327 τὸν
1084 2273 1353 2345 χρησμὸν,
1400 2272 1594 2344 μικρὸν
1628 2271 1855 2344 ὕστερον

288 2363 519 2432 ἐγένετο.
535 2366 670 2418 Τότε
692 2365 749 2419 δὲ
764 2364 1048 2436 λυομένου,
1067 2366 1688 2420 Κωνσταντινουπολῖται
1715 2383 1856 2436 παρ-

287 2457 512 2510 εκάλουν
537 2459 628 2510 τὸν
659 2456 882 2527 βασιλέα
932 2456 1136 2510 παῦσαι
1183 2457 1279 2527 τὴν
1309 2455 1400 2508 τοῦ
1444 2457 1656 2525 τείχους
1684 2457 1854 2509 κατά-

286 2548 457 2603 λυσιν.
475 2547 941 2619 Συμπαρεκάλουν
969 2547 1026 2601 δὲ
1045 2547 1138 2601 καὶ
1167 2548 1214 2600 οί
1235 2549 1298 2600 ὲκ
1313 2546 1562 2609 Βιθυνίας
1594 2546 1856 2617 παρόντες

289 2639 344 2690 ὲν
387 2641 454 2708 τῇ
503 2637 915 2690 Κωνσταντίνου
971 2637 1123 2690 πόλει
1185 2636 1512 2707 Νικομηδεῖς
1569 2653 1628 2688 τε
1670 2636 1764 2689 καὶ
1807 2638 1856 2689 οἱ

286 2729 620 2792 ἐνοικοῦντες
663 2729 762 2800 τὴν
799 2727 1052 2782 Νίκαιαν.
1099 2727 1157 2782 '0
1186 2727 1244 2781 δὲ
1282 2727 1534 2798 βασιλεὺς
1561 2727 1858 2800 περιοργὴς

284 2821 378 2884 ὢν,
416 2820 568 2892 μόλις
598 2821 694 2890 μὲν
723 2820 935 2890 ἐδέχετο
971 2819 1081 2872 τῶν
1133 2820 1480 2872 ἱκετευόντων
1512 2819 1607 2890 τὴν
1650 2819 1854 2887 δέησιν.

298 2913 549 2984 Ἀφοσιού
558 2930 719 2982 μενος
749 2911 806 2964 δὲ
830 2911 1076 2982 τῷὸρκῳ,
1112 2910 1227 2982 ἅμα
1249 2926 1309 2963 τε
1338 2910 1485 2965 λύειν
1505 2911 1744 2977 ἐκέλευε,
1763 2911 1858 2964 καὶ

285 3004 401 3073 ἅμα
434 3003 674 3074 πληροῦν
701 3001 768 3055 τὰ
785 3002 1016 3073 λυόμενα
1049 3000 1257 3072 ἑτέροις
1281 2999 1450 3064 λίθοις
1482 3004 1716 3070 μικροῖς.
1749 3003 1859 3055 Καὶ

288 3094 378 3146 νῦν
421 3093 570 3147 ἔστιν
627 3092 754 3146 ἰδεῖν
791 3091 848 3146 ἕν
891 3109 999 3144 τισι
1033 3090 1126 3143 τοῦ
1167 3091 1380 3160 τείχους
1427 3091 1668 3161 μέρεσιν,
1712 3093 1859 3154 ὅπως

1196 347 1525 444 ιιιέτοιιιΑ
1559 370 2118 443 ECCLESIA‘STICA.
2153 417 2215 427 —
2257 385 2388 440 LIB.
2428 384 2516 440 Iv.

3413 359 3525 432 ιτε·

1884 506 1932 562 Α
1962 497 2106 550 Tunc
2129 497 2305 566 populi
2336 495 2597 551 innumeri
2625 495 2783 566 variis
2808 509 2835 547 e
2862 491 3100 566 gentibus
3123 491 3246 552 orti,

1959 562 2204 621 Immites
2237 568 2448 630 animis,
2470 578 2516 620 et
2542 581 2674 619 sa’vo
2698 562 2884 618 rabere
2906 562 3050 629 freti,

1961 636 2248 704 Trajicient
2280 639 2442 689 armis
2481 636 2619 704 lstri
2643 635 2875 704 speciosa
2901 633 3121 700 ﬂuenta,
3193 693 3230 704 __
3268 690 3272 694 ,

1969 683 2573 775 "v.1'.‘.;t;.‘;;u;.;.;";g;5;
2592 683 2800 758 usus
2818 683 3134 775 suam;
3183 683 3518 771 Scytharum.

1957 776 2054 844 Ast
2085 777 2173 829 ubi
2208 771 2502 829 Threicia—nt
2533 775 2824 844 attigerint,
2853 771 3360 844 majoraparantes,

1963 843 2068 898 Hic
2092 845 2212 900 illos
2249 843 2439 898 Fatum
2464 855 2512 898 et
2541 842 2733 897 Martis
2755 843 3005 895 violentia
3035 842 3203 896 sistet.

2032 932 2350 1002 Hujusmodi
2383 933 2484 988 fuit
2521 935 2824 988 oraCqum.
2874 931 3070 987 Postea
3123 938 3300 986 autem
3349 931 3529 986 conti-

1961 1023 2042 1094 git
2097 1030 2156 1076 ut
2190 1024 2540 1093 aquaeductus
2569 1022 2843 1078 aValente
2877 1022 3201 1086 wdiﬁcatus,
3235 1021 3526 1074 maximam

1959 1130 2222 1185 aquarum
2255 1116 2464 1184 copiam
2510 1115 2633 1169 urbi
2662 1114 3283 1185 Constantinopolitanm
3320 1112 3528 1182 praebe-

1958 1214 2092 1261 ret:
2151 1221 2216 1261 ac
2265 1213 2380 1260 tum
2430 1206 2646 1261 demum
2684 1214 2872 1276 gentes
2940 1206 3188 1261 barbarae
3244 1204 3528 1258 concitatas

1959 1304 2106 1362 sunt,
2134 1305 2191 1352 ut
2228 1298 2366 1351 inira
2394 1298 2590 1352 dicturi
2624 1311 2835 1356 sumus.
2863 1295 2968 1351 Sed
3001 1305 3054 1349 et
3095 1297 3203 1349 alio
3228 1295 3389 1348 modo
3423 1295 3528 1349 hoc

1957 1370 2241 1440 oraculum
2261 1400 2291 1439 a
2320 1384 2648 1456 quibusdam
2681 1384 2987 1455 expositum
3016 1399 3139 1440 esse
3187 1383 3522 1452 accepimus.

1957 1471 2094 1528 Cum
2140 1475 2286 1529 enim
2337 1476 2695 1546 aqumductus
2728 1477 2830 1542 ille
2880 1476 2935 1529 in
2975 1475 3167 1530 urbem
3228 1475 3527 1544 perductus

1956 1572 2130 1628 esset,
2165 1565 2485 1634 Clearchus,
2515 1567 2803 1636 praefectus
2859 1566 3034 1630 urbis,
3095 1566 3152 1620 in
3208 1565 3329 1619 foro
3380 1566 3528 1634 quod

1957 1672 2104 1713 nunc
2135 1655 2429 1714 Theodosii
2469 1659 2691 1723 dicitur,
2728 1659 2921 1730 ingens
2965 1659 3242 1713 lavacrum
3291 1657 3530 1712 aediﬁca-

1959 1752 2056 1819 vit,
2080 1753 2225 1823 quod
2247 1754 2461 1824 δαψιλὲς
2488 1752 2651 1825 ὕδωρ,
2686 1754 2739 1808 id
2774 1763 2855 1809 est
2883 1753 3107 1824 capiosa
3139 1768 3304 1822 aqua,
3341 1751 3530 1822 appel-

1889 1863 1931 1916 Β
1961 1843 2129 1897 latum
2182 1843 2302 1898 fuit.
2335 1845 2506 1914 Cujus
2547 1845 2624 1899 rei
2664 1846 2838 1916 gratia
2887 1843 3081 1898 civitas
3131 1843 3329 1898 festum
3383 1842 3527 1896 diem

1881 1993 1886 1999 ,
1957 1951 2172 1992 summa
2215 1937 2488 1992 hilaritate
2541 1935 2875 2003 celebravit;
2935 1941 3100 2005 atque
3143 1933 3246 1987 hoc
3302 1939 3407 1998 est,
3444 1932 3528 1986 in-

1957 2029 2174 2098 quiunt,
2207 2027 2352 2098 quod
2388 2028 2442 2081 in
2476 2028 2701 2082 oraculo
2723 2027 2924 2082 dicitur
2959 2043 2975 2080 :

2621 2146 2692 2155 ——
2727 2115 2998 2184 agitabunt
3021 2113 3148 2167 urbe
3179 2113 3418 2184 choreas,

2029 2184 2279 2254 Lwtaque
2315 2185 2591 2239 subsilient
2624 2181 2816 2239 hilares
2855 2200 2948 2254 per
2977 2185 3206 2251 compita
3237 2181 3494 2252 nymphe.

2031 2277 2229 2331 Verum
2281 2292 2346 2330 ea
2401 2292 2523 2346 qua:
2570 2277 2643 2330 ad
2700 2276 2905 2332 exitum
2965 2275 3174 2330 oraculi
3225 2274 3528 2344 pertinent,

1954 2367 2119 2436 paulo
2160 2376 2284 2436 post
2310 2383 2562 2422 evenere.
2585 2366 2742 2423 Tunc
2766 2368 3031 2437 temporis
3070 2382 3200 2421 vero
3226 2381 3350 2421 cum
3386 2363 3531 2420 muri

1957 2456 2402 2522 destruerentur,
2439 2459 2591 2514 cives
2622 2458 3231 2529 Constantinopolitani
3288 2459 3530 2528 impera-

1956 2555 2132 2602 torem
2163 2556 2426 2618 rogarunt
2481 2556 2542 2603 ut
2569 2549 2637 2603 ab
2667 2550 2888 2604 illorum
2947 2550 3327 2604 destructione
3357 2549 3532 2604 absti-

1957 2654 2088 2694 nere
2106 2640 2288 2695 vellet.
2309 2640 2455 2695 Idem
2474 2656 2691 2711 quoque
2707 2641 3061 2710 postulabant
3080 2641 3532 2696 Nicomedienses

1956 2741 2010 2786 et
2039 2730 2265 2796 Nicani,
2288 2732 2382 2802 qui
2413 2732 2577 2801 hujus
2611 2733 2684 2786 rei
2707 2747 2874 2786 causa
2905 2749 2969 2786 ex
2997 2732 3249 2802 Bithynia
3267 2733 3534 2787 Constan-

1960 2822 2243 2890 tinopolim
2280 2830 2570 2877 venerant.
2597 2821 2898 2894 Imperator
2927 2839 3058 2877 vero
3089 2831 3280 2893 utpote
3325 2823 3406 2876 ira
3449 2823 3534 2876 in-

1959 2911 2214 2966 credibili
2267 2927 2602 2980 succensus,
2651 2929 2795 2984 aegre
2836 2915 3055 2984 quidem
3099 2915 3533 2984 supplicantium

1958 3016 2151 3072 preces
2183 3000 2426 3058 admisit.
2462 3003 2663 3060 Verum
2703 3013 2762 3059 ut
2810 3005 3130 3075 juramento
3172 3021 3283 3076 quo
3335 3021 3398 3060 se
3433 3005 3534 3059 ob-

1960 3093 2281 3161 strinxerat,
2329 3094 2699 3161 satisl'aceret,
2745 3097 2913 3152 simul
2957 3097 3104 3152 dirui
3142 3097 3300 3165 221
3345 3110 3536 3151 muros

285 3187 396 3248 τοῖς
429 3184 709 3254 μεγίστοις
729 3185 822 3236 καὶ
841 3183 1166 3251 θαυμαστοῖς
1194 3181 1384 3245 λίθοις,
1403 3181 1570 3252 ἠτότε
1595 3184 1858 3252 γενομένη

1963 3184 2240 3254 praecepit,
2272 3195 2328 3240 et
2365 3187 2584 3240 ruinam
2617 3187 2838 3242 illorum
2868 3187 2992 3242 aliis
3037 3188 3228 3257 parvis
3261 3185 3538 3256 lapidibus

288 3275 506 3346 εὐτελὴς
545 3273 806 3344 οἰκοδομὴ
849 3272 1138 3326 ἐπίκειται.
1175 3269 1426 3326 Τοσαῦτα
1469 3271 1562 3324 καὶ
1610 3271 1854 3343 περὶτοῦ

290 3364 671 3436 Χαλκηδονίων
696 3363 906 3434 τείχους
932 3362 1170 3433 εἰρήσθω
1197 3378 1306 3432 μοι.

1964 3275 2285 3332 instaurari.
2319 3276 2510 3346 Itaque
2539 3293 2687 3332 nunc
2711 3293 2938 3334 cernere
2981 3285 3068 3334 est
3109 3277 3165 3332 in
3202 3275 3537 3348 quihusdam

1961 3367 2213 3437 partibus
2239 3384 2546 3434 murorum,
2583 3370 2898 3440 ingentibus
2925 3385 2990 3424 ac
3019 3370 3311 3440 stupendis
3337 3366 3541 3438 lapidi-

291 3462 389 3515 hus
431 3476 572 3530 opus
630 3459 757 3516 vilis
797 3466 1096 3513 structurae
1122 3471 1244 3526 qua:
1275 3465 1410 3511 tunc
1443 3453 1588 3509 facta
1613 3462 1722 3519 est,
1754 3454 2096 3527 impositum.
2118 3456 2225 3515 Sed
2248 3460 2318 3516 de
2365 3461 2540 3515 muris
2564 3461 3104 3531 _Chalcedoniorum
3162 3460 3280 3516 haec
3333 3459 3541 3514 dixisse

290 3553 540 3610 sufﬁciat.

890 3641 1142 3696 ΚΕΦΑΛ.
1171 3639 1250 3694 Θ’.

300 3733 396 3801 Ὧς
420 3737 452 3789 ὁ
473 3734 776 3801 ,ϐασιλεὺς
802 3733 1060 3799 οὐάλης,
1086 3733 1181 3785 καὶ
1210 3730 1622 3801 Ναυατιανοὺς
1651 3731 1864 3801 ὁμοίως

358 3799 483 3872 τοῖς
497 3799 840 3874 ὀρθοδόξοις
860 3803 927 3858 τὸ
949 3803 1273 3872 όμοούσιον
1283 3799 1656 3870 φρονοῦντας
1673 3799 1856 3869 ἤλαυ-

354 3892 483 3930 νεν.

364 3967 423 4021 Ὀ
455 3967 640 4038 μέντοι
665 3964 941 4036 βασιλεὺς,
967 3961 1061 4016 τοῦ
1081 3961 1296 4016 διώκειν
1320 3961 1445 4025 τοὺς
1465 3959 1556 4014 τοῦ
1577 3961 1862 4031 ὁμοουσίου

295 4061 663 4132 φρονήματος,
701 4060 800 4112 οὐκ
839 4055 1091 4112 ἐπαύετο·
1125 4054 1237 4109 ἀλλ’
1254 4055 1508 4126 ἐξήλαυνε
1544 4055 1642 4124 μὲν
1667 4054 1862 4116 αὐτοὺς

291 4155 385 4223 τῆς
406 4151 814 4205 Κωνσταντίνου
840 4149 1067 4212 πόλεως.
1098 4149 1203 4200 Σὺν
1225 4144 1421 4209 ἀὐτοῖς
1440 4145 1520 4211 δὲ,
1549 4145 1643 4198 καὶ
1675 4144 1862 4196 Ναυα-

290 4245 500 4307 τιανοὺς
550 4242 628 4305 ὡς
677 4242 1022 4311 ὁμόφροναςο
1063 4236 1157 4294 κα)⁸
1196 4235 1296 4297 τὰς
1337 4233 1657 4304 ἐκκλησίας
1683 4231 1863 4285 αὐτῶν

291 4336 600 4406 κλεισθῆναι
632 4335 900 4388 ἐκέλευσε.
933 4331 1044 4385 Καὶ
1075 4331 1166 4383 τὸν
1205 4328 1498 4381 ἐπίσκοπον
1538 4323 1735 4388 αὐτῶν,
1778 4323 1864 4390 ἐξ·

2601 3636 2756 3693 CAP.
2793 3636 2885 3693 IX.

1963 3730 2242 3800 Quomodo
2265 3731 2551 3800 imperator
2586 3729 2776 3784 Valens
2817 3729 2866 3782 Ν
2873 3731 3168 3793 ouatianos,
3194 3731 3285 3800 qui
3313 3732 3538 3785 consub-

2033 3802 2306 3857 stantialis
2322 3801 2620 3882 doctrinam
2641 3800 2857 3870 perinde
2872 3817 2934 3854 ac
2951 3801 3210 3856 Catholici
3237 3801 3540 3867 tuebantur,

2031 3881 2335 3940 persecutus
2369 3881 2460 3925 sit.

2033 3961 2310 4017 Caeterum
2379 3961 2683 4030 imperator
2729 3974 2827 4015 eos
2892 3961 2986 4030 qui
3045 3962 3543 4018 consubstantialis

1967 4051 2128 4107 fidem
2165 4053 2588 4120 proﬁtebantur,
2621 4053 2878 4122 persequi
2906 4069 3016 4108 non
3061 4054 3292 4109 destitit.
3333 4053 3540 4110 Verum

1965 4152 2020 4198 et
2053 4144 2180 4198 illos
2215 4143 2422 4214 expulit
2444 4143 2956 4213 Constantinopoli,
2985 4152 3039 4199 et
3072 4160 3195 4199 cum
3224 4145 3336 4200 illis
3373 4149 3542 4200 etiam

1965 4235 2329 4302 Novatianos,
2391 4244 2583 4308 utpote
2631 4236 2776 4290 idem
2837 4251 2961 4290 cum
3012 4236 3123 4293 illis
3184 4238 3538 4292 sentientes:

1968 4344 2201 4400 quorum
2232 4329 2501 4385 ecclesias
2545 4329 2714 4384 etiam
2748 4328 2931 4383 claudi
2957 4329 3146 4398 jussit.
3196 4329 3302 4384 Sed
3345 4339 3398 4386 et
3426 4332 3545 4400 epi-

290 4429 413 4499 ορίᾳ
430 4427 660 4498 ζημιοῦν
673 4425 1001 4497 προσέταττε
1024 4440 1038 4454 ·
1074 4421 1313 4490 Ἀγέλιος
1333 4419 1503 4489 ὄνομα
1524 4416 1672 4486 αὑτῷ
1693 4433 1706 4446 ·
1723 4416 1858 4487 ἀνὴρ

1971 4435 2201 4490 scopum
2231 4421 2504 4491 ipsorum,
2547 4421 2796 4492 Agelium
2829 4421 3073 4485 nomine,
3102 4422 3298 4476 exsilio
3321 4423 3542 4476 multari

290 4521 389 4592 ἤδη
418 4520 588 4572 πάλαι
612 4519 676 4572 ἐκ
702 4517 811 4570 τῶν
843 4514 1255 4571 Κωνσταντίνου
1276 4511 1500 4582 χρόνων,
1531 4509 1637 4562 τῶν
1669 4508 1858 4578 ἐκκλη-

1969 4511 2230 4580 praecepit
2263 4529 2278 4566 :
2315 4511 2492 4566 virum
2524 4512 2617 4582 qui
2645 4512 2758 4582 jam
2793 4511 2919 4567 inde
2949 4526 2979 4566 a
3018 4511 3373 4568 Constantini
3403 4523 3543 4567 tem-

289 4610 731 4684 σιῶνπροεστὼς,
779 4609 872 4662 καὶ
903 4608 1018 4678 βίον
1052 4603 1405 4660 ἀποστολικὸν
1440 4600 1606 4672 βιούς.
1634 4598 1858 4653 Ἀνυπό-

1961 4602 2192 4673 poribus
2235 4603 2489 4660 ecclesiis
2519 4605 2741 4659 illorum
2766 4603 3164 4675 praefuerat,;et
3184 4605 3353 4659 vitam
3379 4605 3546 4675 plane

287 4704 443 4773 δητος
469 4703 578 4773 γὰρ
611 4702 785 4755 διόλου
826 4701 998 4770 διῆγε,
1030 4697 1121 4751 καὶ
1155 4697 1234 4749 ἐνὶ
1258 4693 1446 4765 χιτῶνι
1488 4690 1774 4761 ἐκέχρητο,
1803 4688 1858 4743 τὸ

1963 4694 2326 4763 apostolicam
2357 4695 2611 4751 duxerat.
2645 4696 2780 4751 Nam
2812 4695 2975 4752 nudis
3007 4696 3240 4766 pedibus
3273 4706 3540 4766 perpetuo

287 4791 379 4844 τοῦ
422 4792 755 4860 Εὐαγγελίου
797 4789 1076 4859 φυλάττων
1130 4786 1310 4857 ῥητόν.
1379 4781 1605 4850 Ἐπέσχε
1672 4780 1728 4833 δὲ
1764 4779 1858 4850 τὴν

1961 4786 2223 4842 incedere
2259 4789 2460 4845 solitus
2490 4797 2633 4854 erat,
2667 4798 2722 4846 et
2769 4805 2877 4844 una
2928 4799 3139 4844 tantum
3175 4791 3362 4843 tunica
3416 4796 3538 4845 ute-

288 4884 430 4938 κατὰ
451 4883 808 4938 Ναυατιανῶν
834 4881 926 4935 τοῦ
953 4877 1216 4951 βασιλέως
1244 4875 1435 4946 ὀργὴν,
1462 4873 1600 4943 ἀνὴρ
1631 4871 1858 4941 εὐλαϐὴς

1963 4876 2148 4944 batur,
2179 4893 2409 4936 servans
2444 4891 2772 4953 praeceptum
2820 4881 3118 4953 Evangelii.
3160 4881 3334 4937 Porro
3385 4885 3541 4954 prius

1441 5064 1712 5119 VALESII
1749 5065 2306 5123 ANNOTATIONES.

360 5159 471 5228 (29)
491 5159 810 5231 Κλέαρχος
839 5155 1100 5225 ἔπαρχος
1119 5154 1204 5231 ὢν
1224 5154 1334 5231 τῆς
1355 5156 1622 5231 πόλεως.-
1645 5155 1743 5210 llic
1778 5165 1858 5212 est

1965 5159 2254 5231 praefuisse
2294 5158 2590 5231 significat.
2640 5155 2765 5212 Fuit
2818 5165 2999 5231 autem
3041 5158 3334 5231 prml’ectus
3363 5161 3537 5227 urbis,

360 5175 471 5228 (zu)
508 5175 810 5226 κνιεαρχος
839 5175 1100 5225 επαρχος
1119 5175 1204 5208 ων
1224 5175 1334 5221 της
1355 5175 1606 5222 armeme.
1645 5175 1743 5210 mc
1778 5175 1864 5212 εει
2007 5175 2254 5214 raetutsse
2294 5175 2590 5227 sugmncat.
2644 5175 2765 5212 run.
2818 5175 2999 5212 antem
3041 5175 3334 5231 praelectus
3363 5175 3537 5227 urnis,

290 5230 614 5292 Clearchus,
648 5231 740 5296 qui
776 5235 960 5296 postea
977 5226 1181 5296 _consu|
1222 5225 1326 5278 fuit
1354 5241 1476 5279 cum
1512 5227 1860 5290 Richomere,
1965 5175 2214 5284 Riodesto
2261 5237 2313 5283 et
2360 5229 2644 5282 Arinthaeo
2686 5230 3030 5293 consulibus,
3069 5238 3127 5284 ut
3174 5231 3442 5287 discimus
3475 5248 3541 5286 ex

292 5301 599 5368 principatu
624 5294 1049 5368 T'IieodosiiLDe
1086 5296 1275 5368 eodem
1311 5296 1553 5368 loquitur
1581 5296 1863 5368 Eunapius
1966 5300 2157 5354 codice
2195 5297 2600 5368 Thcodosiano.

293 5363 345 5423 in
405 5363 529 5422 Vita
578 5368 819 5439 Maximi
851 5365 1188 5439 Philosophi.
1239 5363 1300 5417 Et
1353 5366 1604 5439 primurn
1643 5365 1858 5439 quidem

1983 5438 1992 5439 ί
2038 5369 2149 5438 (50)
2196 5367 2452 5439 Ὑδρλεῖον
2481 5368 2786 5439 μέγιστον.
2836 5368 3189 5439 Nymphaeum
3229 5377 3389 5423 vocat
3436 5368 3542 5424 Cc-

291 5439 433 5492 Asia:
477 5439 740 5491 vicarium
802 5437 974 5490 fuisse
1010 5435 1141 5488 dicit
1194 5442 1440 5508 tempore
1483 5435 1611 5508 belli
1659 5435 1864 5508 Progo-
1965 5435 2174 5493 drcnus
2209 5454 2272 5492 ac
2309 5435 2575 5494 Zonaras.
2633 5435 2900 5492 Dillerunt
2947 5435 3126 5492 autem
3180 5441 3461 5508 nymphaea
3511 5454 3540 5491 a

293 5510 438 5578 piani
463 5548 476 5566 .
521 5517 711 5578 postea
746 5521 884 5578 vero
912 5505 1296 5578 proconsulem
1326 5506 1493 5559 totius
1523 5506 1668 5578 Asia;
1697 5503 1866 5578 a_Va-
1964 5509 2195 5562 thermis
2214 5549 2229 5573 ,
2267 5517 2325 5562 ut
2377 5515 2526 5578 patet
2557 5523 2622 5562 ex
2652 5508 3024 5577 Descriptione
3054 5503 3232 5578 ,urbis'
3267 5503 3542 5578 constan-

294 5572 435 5632 lenle
459 5572 778 5636 factum,ob
805 5572 1078 5648 egregiam
1111 5588 1333 5648 operam
1359 5589 1521 5648 quam
1555 5575 1699 5648 bello
1726 5572 1861 5648 Pro-
1965 5572 2355 5647 tinopolitanm.
2377 5572 2549 5631 —Nam
2601 5572 2881 5648 nymphafa
2940 5577 3155 5648 quidem
3202 5586 3330 5630 sum,
3378 5576 3542 5648 Nym.

296 5649 430 5716 mpii
465 5654 784 5702 navaverat.
818 5642 959 5717 Sunt
990 5645 1073 5717 ad
1105 5642 1356 5717 eumdem
1388 5643 1863 5717 Clearchumepi-
1967 5642 2198 5716 pharum
2237 5647 2458 5716 templa,
2495 5642 2747 5702 fontibus
2782 5642 3013 5701 amoenis
3045 5646 3272 5717 irrigua,
3306 5653 3363 5699 ut
3407 5642 3540 5700 olim

298 5713 444 5772 stolae
473 5717 688 5771 Libanii
717 5715 1030 5783 complures
1062 5714 1115 5766 in
1157 5713 1297 5765 libro
1323 5719 1524 5783 quarto
1552 5722 1605 5766 et
1642 5715 1861 5782 quinto,
1967 5713 2154 5775 notavi
2187 5717 2254 5772 ad
2285 5713 2640 5773 Ammianum
2670 5717 3070 5772 Marcellinum.

299 5788 488 5855 quibus
509 5803 636 5844 eum
664 5781 998 5854 magnopere
1017 5783 1222 5847 laudat,
1242 5789 1293 5837 et
1320 5781 1463 5837 Asia:
1489 5797 1611 5838 cum
1635 5781 1865 5849 imperio
