4016 6350
479 453 588 512 479

1926 451 2266 510 SOCRATIS

3645 443 3754 501 (80

482 575 629 647 cipis
658 575 796 630 iram
831 572 1098 630 adversus
1131 570 1466 630 Novatianos
1505 571 1774 643 repressit
1826 571 1910 627 vir
1938 571 2057 643 qui-

2191 589 2217 628 ν
2261 569 2445 642 ταύτῷ
2493 569 2586 624 καὶ
2640 567 2948 640 ἐλλόγιμος,
2998 563 3316 638 Μαρκιανὸς
3354 561 3631 634 τοῦνομα·
3691 562 3754 626 ὃς

484 666 636 732 dam,
688 664 982 735 religiosus
1033 663 1196 718 simul
1251 677 1318 717 ac
1394 661 1662 726 disertus,
1751 659 2062 719 Marcianus

482 756 708 812 nomine
739 773 754 822 ;
789 755 883 824 qui
910 754 1062 824 prius
1087 752 1311 822 quidem
1341 752 1395 806 in
1431 753 1637 822 palatio
1687 751 2017 807 militaverat
2046 791 2062 817 ,

485 853 621 900 tunc
647 860 776 900 vero
807 843 1061 899 ecclesiae
1087 842 1524 897 Novatianorum
1549 842 1837 914 presbyter
1859 840 2063 906 factus,

492 937 868 1008 grammatica:
909 936 1047 990 artis
1083 941 1354 1004 praecepta
1383 934 1637 989 tradebat
1675 933 1984 989 Anastasiaa
2014 941 2069 989 et

486 1028 708 1081 Carosaa
743 1024 990 1080 Valentis
1025 1025 1246 1080 ﬁliabus
1283 1043 1297 1079 :
1333 1039 1564 1093 quarum
1611 1024 1835 1079 nomine
1860 1023 2070 1080 balnea:

485 1117 724 1188 publica:
750 1131 778 1168 a
801 1113 1032 1170 Valente
1061 1121 1360 1169 exstructa:
1379 1112 1854 1188 Constantinopoli
1877 1113 2069 1168 etiam-

486 1222 618 1261 num
655 1216 979 1262 cernuntur.
1028 1204 1204 1275 Hujus
1235 1205 1404 1276 igitur
1452 1205 1554 1259 viri
1614 1203 1943 1258 auctoritate
2000 1217 2067 1258 ac

485 1296 816 1358 reverentia,
852 1293 1286 1350 Novatianorum
1311 1296 1558 1352 ecclesia;
1583 1309 1706 1350 cum
1738 1293 2064 1365 aliquandiu

486 1391 688 1445 clausae
720 1389 976 1456 fuissent,
1014 1389 1196 1445 denuo
1239 1399 1498 1444 reseratae
1537 1397 1684 1444 sunt.
1719 1387 1829 1444 Nec
1881 1397 2064 1442 tamen

487 1480 555 1536 ab
611 1481 1079 1537 insectationibus
1131 1481 1460 1535 Arianorum
1505 1481 1725 1550 penitus
1788 1482 2063 1535 immunes

487 1578 809 1624 manserunt
841 1569 1156 1625 Novatiani.
1217 1570 1458 1625 Oderaut
1497 1571 1642 1625 enim
1697 1569 1822 1624 illos
1851 1568 2062 1634 Ariani,

488 1668 776 1731 propterea
828 1661 976 1732 quod
1025 1660 1455 1728 llomousianos,
1509 1669 1695 1731 utpote
1745 1661 1887 1716 idem
1938 1674 2066 1715 cum

2161 662 2332 716 πάλαι
2370 659 2468 732 μὲν
2502 659 2642 714 κατὰ
2682 659 2750 714 τὰ
2790 657 3039 730 βασίλεια
3077 652 3439 727 ἐστρατεύετο
3462 669 3478 684 ο
3521 653 3646 706 τότε
3695 651 3755 705 δὲ

2161 755 2254 810 καὶ
2285 753 2653 824 πρεσόύτερος
2680 752 2781 823 τῆς
2823 748 3184 806 Ναυατιανῶν
3202 747 3524 817 ,ἐκκλησίας
3550 743 3757 814 τυγχά-

2163 864 2292 912 νων,
2320 845 2744 919 γραμματικοὺς
2793 844 2984 914 λόγους
3028 842 3392 898 Ἀναστασίαν
3422 840 3517 894 καὶ
3546 840 3758 910 Κάρω-

2168 955 2269 992 σαν
2291 936 2390 1002 τὰς
2415 936 2508 991 τοῦ
2545 934 2810 1007 βασιλέως
2857 933 3161 1005 Θυγατὲρας
3197 932 3475 986 ἐδίδασκεν
3498 969 3514 994 ,
3563 924 3640 984 ὧν
3667 931 3756 983 ἐπ’

2169 1029 2394 1100 ὀνόματι
2432 1028 2526 1082 καὶ
2555 1028 2792 1099 δημόσια
2816 1027 3017 1098 λουτρὰ
3055 1027 3168 1091 (51)
3209 1027 3266 1078 ὲν
3297 1027 3365 1096 τῇ
3405 1020 3761 1077 Κωνσταντί-

2171 1137 2262 1175 νου
2291 1120 2444 1174 πόλει
2475 1119 2959 1190 κατεσκευασμένα
2987 1117 3092 1170 ὑπὸ
3130 1117 3429 1178 Οὐάλεντος
3454 1115 3756 1167 δείκνυται.

2171 1211 2321 1266 Αἰδοῖ
2352 1208 2444 1266 οὖν
2464 1215 2530 1285 τῇ
2559 1212 2696 1284 πρὸς
2711 1211 2802 1266 τὸν
2835 1210 3022 1282 ἄνδρα,
3052 1210 3187 1280 πρὸς
3217 1209 3395 1278 ὀλίγον
3421 1206 3758 1261 κλεισθεῖσαι

2169 1305 2226 1357 αι
2258 1304 2366 1358 τῶν
2391 1303 2745 1358 Ναυατιανῶν
2791 1302 3102 1374 ἐκκλησίαι,
3143 1297 3297 1363 αὖθις
3346 1297 3644 1368 ὴνοίγοντο.
3678 1297 3754 1350 Οὐ

2173 1395 2355 1466 μέντοι
2397 1396 2639 1467 ταραχῆς
2672 1395 2770 1460 τῆς
2801 1395 2952 1464 παρὰ
2983 1391 3274 1463 Ἀρειανῶν
3328 1388 3754 1459 ἐπιφερομένης,

2168 1485 2363 1549 τελέως
2388 1482 2527 1560 ἦσαν
2568 1485 2864 1556 ἐλεύθεροι.
2909 1482 3227 1554 Ἐμισοῦντο
3266 1479 3377 1552 γὰρ
3415 1481 3507 1534 ὐπ’
3548 1479 3754 1542 αὐτῶν,

2169 1579 2250 1632 ὅτι
2271 1579 2395 1642 τοὺς
2426 1577 2734 1648 ὁμόφρονας
2787 1577 3017 1647 ἠγάπων
3057 1574 3152 1628 καὶ
3200 1573 3477 1644 ἔστεργον.
3525 1572 3608 1625 Τὰ
3654 1569 3758 1641 μὲν

2169 1663 2261 1721 οὖν
2287 1669 2416 1740 περὶ
2444 1667 2594 1722 τόνδε
2625 1668 2716 1721 τὸν
2752 1667 2941 1738 χρόνον
2970 1665 3112 1719 οὕτω
3145 1665 3393 1718 διέκειτο.
3440 1662 3636 1716 ’ἰστέον
3673 1661 3756 1726 δὲ,

489 1753 626 1822 ipsis
666 1752 990 1820 sentientes,
1023 1767 1209 1807 amore
1241 1761 1296 1807 et
1335 1753 1714 1808 benevolentia
1760 1767 2062 1822 proseque-

2191 1761 2249 1814 ἑτι
2283 1760 2310 1812 ὁ
2358 1759 2456 1830 μὲν
2513 1759 2649 1830 πρὸς
2699 1758 2790 1812 τὸν
2839 1758 3098 1829 τύραννον
3158 1755 3466 1828 Προκόπιον
3516 1753 3761 1824 πόλεμος

490 1851 700 1898 rentur.
748 1841 848 1897 Hic
882 1858 978 1913 per
1009 1843 1099 1896 illa
1143 1851 1395 1913 tempora
1452 1858 1636 1898 rerum
1705 1851 1884 1898 status
1943 1843 2069 1898 fuit.

491 1933 786 1989 Sciendum
843 1949 1010 2005 porro
1059 1943 1144 1990 est
1187 1935 1391 1990 bellum
1438 1935 1704 1990 adversus
1742 1935 2074 2004 ProcOpium

493 2032 786 2095 tyrannum
810 2024 1106 2080 consulatu
1145 2023 1400 2078 Gratiani
1422 2031 1477 2080 et
1502 2022 1762 2096 Dagalaiﬁ
1783 2023 1888 2080 sub
1910 2023 2074 2080 linem

494 2115 703 2172 mensis
739 2107 866 2170 Maii
890 2115 1204 2171 confectum
1234 2116 1427 2170 fuisse.

1057 2231 1218 2299 222
1253 2229 1404 2285 CAP.
1440 2228 1510 2284 Χ.

495 2323 649 2390 Quod
695 2324 984 2392 imperator
1039 2319 1443 2392 Valentinianus
1499 2321 1672 2391 ﬁlium
1731 2319 1931 2392 genuit_
1961 2317 2074 2374 Va-

568 2390 941 2475 lentinianum,
972 2407 1092 2445 cum
1145 2390 1683 2475 Gratianum‘ﬁlium
1736 2390 1864 2446 ante
1913 2390 2077 2460 impe-

565 2469 707 2516 rium
736 2469 1070 2532 suscepisset.
1461 2469 1476 2478 ‘

567 2552 672 2608 Sed
707 2556 868 2624 paulo
887 2526 1020 2624 post
1055 2553 1160 2608 hoc
1207 2552 1434 2617 bellum,
1471 2550 1664 2608 iisdem
1724 2526 2142 2642 consulibusd;

499 2642 883 2700 Valentiniano
921 2645 1172 2717 Augusto
1210 2643 1268 2698 in
1296 2641 1614 2700 Occidentis
1645 2643 1895 2714 partibus
1917 2652 2077 2698 natus

2177 1853 2234 1904 ὲν
2253 1851 2486 1922 ὑπατείᾳ
2503 1849 2800 1921 Γρατιανοῦ
2823 1850 2918 1902 καὶ
2933 1848 3278 1918 Δαγαλαίφου
3304 1856 3333 1897 ιι
3368 1845 3605 1914 ἐγένετο,
3629 1843 3772 1914 περὶ·

2175 1943 2244 1996 τὰ
2277 1943 2560 1996 τελευταῖα
2582 1941 2677 1996 τοῦ
2705 1941 2881 1996 Μαΐου
2909 1940 3107 2013 μηνός,

2795 2222 3048 2276 ΚΕΦΑΔ.
3073 2218 3133 2275 l'.

2187 2315 2288 2382 Ὠς
2320 2316 2354 2369 ό
2372 2313 2676 2380 βασιλεὺς
2702 2313 3202 2379 Domni-tarde
3230 2311 3546 2381 ὁμώνυμον
3577 2310 3764 2382 παῖδα

2245 2380 2626 2456 γεγέννηκεν,
2644 2383 2975 2454 Γρατιανοῦ
2991 2383 3105 2454 πρὸ
3120 2380 3562 2454 τῆςβασιλειας
3571 2380 3764 2436 αὐτοῦ

2246 2453 2705 2525 γεγεννημένου.

2260 2547 2470 2617 Ὀλίγον
2487 2547 2545 2601 δὲ
2593 2546 2818 2619 ὕστερον
2848 2545 3004 2600 τοῦδε
3053 2545 3147 2599 τοῦ
3195 2545 3455 2615 πολέμου,
3487 2542 3630 2597 κατά
3663 2542 3766 2614 τὴν

2178 2639 2346 2711 αὐτὴν
2374 2639 2662 2704 ὑπατείαν,
2713 2637 3144 2709 Οὑαλεντινιανῷ
3185 2637 3264 2709 τῷ
3309 2636 3519 2708 βασιλεῖ
3559 2635 3674 2707 (52)
3705 2636 3766 2689 ὲν

1662 2795 1932 2855 VALESII
1968 2793 2528 2852 ANNOTATIONES.

569 2935 682 3007 ('51)
709 2925 823 2991 Ὧν
849 2933 940 3007 ἐπ’
967 2933 1210 3007 ὀνόματι
1236 2931 1334 2987 καὶ
1372 2931 1637 3007 δημοσίᾳ
1654 2931 1928 3007 λουτρά.-
1947 2929 2076 2984 Fal-

501 3001 623 3063 sum
658 3001 740 3060 est
770 3003 915 3075 quod
967 3005 1044 3058 ait
1074 3001 1374 3075 Socrates,
1406 3001 1810 3075 Anastasianas
1845 3001 2077 3075 balneas

544 3090 626 3130 ua:
673 3071 832 3130 erant
873 3073 1385 3142 Constantinopoli,
1441 3073 1532 3142 ita
1567 3071 1744 3126 dictas
1785 3071 1958 3142 fuisse
2008 3071 2078 3126 ab

544 3092 626 3130 118
673 3092 832 3130 erant
873 3092 1385 3142 ιοηειξηιῑιῐιοροιι,
1442 3092 1516 3126 lla
1567 3092 1744 3126 UlClaS
1785 3092 1958 3125 11115813
2008 3092 2075 3126 au

501 3092 798 3200 inastasia
846 3143 1090 3198 Valentis
1139 3143 1271 3209 lilia,
1319 3151 1372 3198 et
1421 3156 1452 3196 a
1487 3139 1717 3196 Valente
1754 3141 2075 3196 adiﬁcatas.

2191 2931 2578 3010 a_ssumpserit,
2609 2929 2755 3001 quod
2793 2927 3270 3010 constantinusei
3300 2929 3433 3010 dare
3461 2928 3766 3010 cogitabat,

2186 3003 2234 3060 si
2291 2999 2599 3058 consensus
2628 2999 2978 3057 accessisset
3030 2999 3251 3055 Licinii.
3305 2999 3403 3056 His
3454 2999 3769 3055 rationibus

2184 3071 2478 3143 impulsus,
2533 3070 2859 3152 Bassianum
2909 3069 3182 3152 Caesarem
3227 3071 3541 3152 appellavi“,
3600 3083 3770 3140 quem

2184 3139 2369 3196 tamen
2402 3149 2696 3213 tyrannum
2717 3141 2944 3213 Apotius.
2979 3154 3100 3213 _nec
3137 3139 3438 3213 legitimum
3489 3139 3770 3213 Caesarem

503 3215 622 3270 lmo
651 3231 680 3269 a
715 3213 1081 3270 Constantino
1111 3208 1347 3267 Maximo
1395 3211 1679 3282 aediﬁcata:
1727 3219 1878 3282 sunt,
1915 3217 2074 3282 etAex
2103 3219 2147 3277 ο
2180 3208 2438 3282 unquam‘
2469 3211 2652 3282 luisse
2713 3208 2911 3282 fateor.
2978 3209 3148 3264 Porro
3178 3208 3333 3282 ficum
3387 3211 3772 3282 Anastasianas

505 3285 715 3340 sororis
743 3285 916 3347 iusius
963 3283 1187 3336 nomine
1225 3281 1606 3335 Anastasianas
1631 3276 2075 3349 appellatarDo-

504 3361 593 3409 cet
623 3353 676 3407 id
707 3353 1032 3406 Ammianus
1065 3350 1416 3405 Marcellinus
1466 3351 1520 3403 in
1551 3349 1647 3403 lib.
1671 3348 1831 3415 ’xxw,
1860 3348 1954 3403 ubi
1994 3356 2080 3415 ty-

505 3425 790 3478 rannidem
831 3421 1081 3489 Proc0pii
1127 3420 1422 3474 describit:
1471 3418 1621 3489 Idem
1667 3418 1954 3489 Procopius
1995 3418 2083 3471 di-

505 3493 694 3546 ductus
730 3493 782 3544 in
828 3487 1168 3558 cogitationes
1209 3490 1412 3554 varias,
1443 3487 1843 3542 Anastasianas
1867 3487 2084 3542 balneas

541 3563 658 3626 etit,
691 3579 722 3613 a
751 3576 932 3614 sorore
961 3559 1298 3614 Constantini
1336 3559 1756 3627 cognominatas.
1809 3558 1888 3611 Ad
1921 3573 2085 3626 quem

541 3578 658 3626 ειη,
691 3579 722 3613 a
751 3578 932 3614 δονοτε
961 3578 1298 3614 υοιιδιαηιιηῑ
1336 3578 1756 3627 cognominatas.
1809 3578 1888 3611 au
1921 3578 2085 3626 (IUBIII

506 3578 691 3685 focum
719 3629 832 3694 jam
865 3629 1074 3697 pridem
1111 3629 1293 3683 notavi
1355 3627 1704 3697 Anastasiam
1736 3627 2086 3697 Constantini

510 3713 757 3758 sororem
787 3695 1011 3767 nuptam
1052 3696 1223 3753 fuisse
1271 3697 1537 3752 Bassiano
1585 3695 1812 3752 Caesari.
1863 3696 2088 3752 Evstitit

509 3778 700 3842 postea
733 3767 1103 3842 inAliritannia
1144 3767 1228 3821 vir
1254 3767 1714 3842 quidamnobilis
1760 3777 1924 3842 atque
1962 3782 2089 3842 eru-

510 3837 682 3904 ditus,
710 3839 802 3907 qui
839 3838 979 3907 hanc
1027 3852 1200 3891 meam
1249 3837 1663 3892 a’nnotationem
1707 3837 2083 3906 reprehendit,

511 3917 566 3965 et
599 3905 920 3964 Bassianum
942 3905 1212 3962 Caesarem
1249 3907 1421 3962 fuisse
1455 3905 1808 3976 pertinaciter
1842 3907 2083 3977 negavit.

512 3981 762 4048 Quanam
816 3979 984 4049 igitur
1033 3978 1248 4049 ratione
1307 3989 1499 4049 motus
1547 3977 1598 4032 id
1656 3977 2040 4049 allirmaverim
2070 4015 2085 4039 ,

511 4046 703 4120 paucis
754 4046 860 4104 hoc
896 4048 1018 4120 loco
1069 4047 1273 4120 dicam.
1317 4046 1454 4102 Cum
1489 4047 1788 4120 imperator
1820 4047 2091 4101 Constan—

511 4117 684 4182 tinus,
713 4123 858 4174 victo
891 4117 1184 4183 Maxentio,
1219 4117 1602 4172 Constantiam
1652 4131 1896 4171 sororem
1933 4132 2089 4172 suam

511 4192 705 4257 nuptui
765 4188 1084 4244 tradidisset
1114 4187 1344 4250 Licinio,
1383 4188 1547 4257 paulo
1589 4195 1714 4256 post
1753 4201 2010 4257 reversus
2035 4187 2090 4239 in

512 4256 739 4323 Gallias,
789 4260 1169 4314 Constantium
1207 4256 1430 4312 fratrem
1483 4272 1642 4312 suum
1699 4258 1764 4310 ad
1816 4256 2089 4310 Licinium

512 4334 686 4395 misit,
721 4330 959 4386 suadens
987 4338 1046 4382 ut
1075 4328 1370 4382 Bassianus
1405 4327 1586 4382 Caesar
1626 4329 1818 4391 lieret;
1873 4327 1960 4380 cui
1993 4341 2094 4395 nu—_

513 4412 604 4470 pta
640 4393 762 4456 erat
813 4399 979 4470 altera
1028 4397 1380 4451 Constantini
1417 4413 1583 4470 soror,
1613 4397 1933 4470 Anastasia.
1987 4393 2092 4470 _Sed_

514 4465 717 4526 Licinio
772 4469 904 4522 talia
950 4465 1261 4534 frustrante,
1321 4482 1412 4534 per
1460 4468 1790 4522 Senicionem
1844 4465 2094 4518 Bassiani

515 4543 759 4612 fratrem,
795 4538 883 4607 qui
905 4537 1004 4603 ipsi
1053 4537 1194 4612 [idus
1233 4549 1370 4599 erat,
1402 4540 1456 4612 in
1502 4536 1911 4612 Constantinum
1957 4535 2095 4588 Bas-

515 4605 700 4666 sianus
733 4605 995 4663 armatur.
1040 4607 1142 4672 Qui
1185 4616 1359 4660 tamen
1400 4608 1456 4658 in
1495 4617 1689 4659 conatu
1719 4605 2091 4674 deprehensus,

517 4681 866 4738 Constantino
906 4677 1122 4746 jubente
1158 4678 1428 4746 convictus
1475 4685 1525 4729 et
1573 4687 1773 4729 stratus
1817 4688 1918 4746 est.
1958 4674 2092 4728 Cum

517 4752 753 4808 Sinicius
793 4745 980 4801 auctor
1023 4745 1344 4799 insidiarum
1389 4758 1691 4814 posceretur
1756 4745 1824 4797 ad
1865 4760 2092 4812 poenam,

518 4833 738 4891 negante
771 4819 976 4891 Licinio
1012 4817 1186 4891 fra_cta
1233 4817 1518 4891 concordia
1562 4826 1660 4870 est.
1697 4815 1772 4891 _l_ta
1807 4815 2004 4891 legitur
2038 4817 2093 4891 in

519 4885 794 4961 ex't'erptis
823 4889 891 4942 de
925 4887 1047 4961 Vita
1074 4886 1619 4961 Constantini,_quw
1662 4886 1789 4961 olim
1837 4885 1979 4961 edidi
2029 4885 2093 4936 ad

520 4955 725 5016 calcem
778 4959 1049 5012 Ammiani
1093 4957 1421 5011 Marcellini.
1470 4956 1543 5009 Ex
1587 4957 1788 5026 quibus
1837 4955 1912 5008 ita
1958 4970 2097 5026 con-

521 5033 708 5093 cludo,
751 5031 984 5099 primum
1033 5028 1256 5099 quidem
1311 5025 1733 5099 Constantinum
1773 5026 1930 5099 apud
1955 5025 2098 5099 Lici-

523 5103 674 5156 nium
735 5095 913 5170 egisse
963 5106 1022 5170 ut
1051 5095 1385 5170 Bassianus
1425 5099 1610 5152 Cmsar
1662 5097 1846 5162 lieret;
1901 5095 2099 5150 deinde

522 5168 849 5226 Bassianum
887 5184 914 5221 a
966 5168 1178 5223 Licinio
1213 5169 1589 5232 sollicitatum,
1628 5181 1735 5222 non
1768 5170 1944 5220 Solum
1975 5181 2099 5220 eon-

524 5242 770 5312 spirasse
796 5239 1060 5312 adversus
1085 5239 1536 5312 constantinum,
1570 5239 1665 5312 sed
1696 5239 1862 5292 etiam
1895 5237 2097 5312 bellum

521 5305 573 5367 ei
610 5311 885 5364 intulisse.
917 5306 1288 5380 Tyrannident
1318 5325 1449 5380 ergo
1476 5306 1776 5363 Bassianus
1804 5305 2100 5380 arripuerit

522 5396 750 5440 necesse
794 5389 902 5446 est,
939 5377 1004 5435 ac
1051 5379 1285 5450 proinde
1322 5377 1559 5436 Caesaris
1607 5393 1810 5434 nomen
1862 5393 1958 5449 per
1985 5377 2098 5430 vim

2183 3281 2395 3336 balneae
2460 3281 2666 3336 fuerint
2729 3281 3214 3348 Constantinopoli
3276 3288 3406 3336 ante
3463 3281 3770 3335 tumultum

2182 3349 2463 3420 Procopii,
2515 3352 2663 3406 sicut
2701 3365 2768 3404 ex
2816 3350 3108 3403 Ammiano
3154 3349 3474 3420 Marcellino
3522 3349 3772 3405 ostendi-

2184 3436 2330 3484 mus,
2364 3418 2500 3476 satis
2531 3421 2661 3475 inde
2689 3420 2970 3491 colligitur
3000 3434 3096 3475 eas
3125 3435 3152 3473 a
3190 3418 3421 3474 Valente
3451 3428 3774 3491 exstructas

2182 3506 2295 3546 non
2345 3505 2490 3554 esse,
2541 3492 2744 3614 ﬂuippe
2795 3489 2887 3560 qui
2928 3503 2998 3544 eo
3046 3497 3294 3560 tempore
3341 3505 3535 3546 recens
3587 3489 3774 3544 adhuc

2187 3561 2478 3614 imperium
2509 3576 2537 3614 a
2582 3561 2946 3614 ministraret.
2975 3557 3245 3614 Caeterum
3283 3561 3338 3614 in
3384 3561 3490 3614 hoc
3521 3560 3774 3614 Socratis

2187 3561 2478 3630 imperium
2509 3557 2946 3630 administraret.
2975 3557 3245 3630 Caeterum
3283 3561 3338 3614 in
3384 3561 3490 3615 hoc
3521 3560 3776 3616 Socratis

2185 3629 2309 3685 loco
2341 3629 2695 3701 scribendum
2731 3638 2818 3685 est
2855 3629 3091 3701 δημόσια
3121 3629 3344 3701 λουτρά.

2256 3699 2370 3772 (52)
2403 3700 2566 3754 Κατὰ
2589 3699 2704 3772 ζῆν
2728 3698 3263 3772 αὑτὴκὺπα-τειαῖ,
3289 3698 3777 3772 Οὐαλενεινξιανῷ

2185 3767 2274 3836 τῷ
2293 3767 2563 3835 βασιλεῖ.
2604 3768 2768 3823 Errat
2796 3770 2886 3824 hic
2931 3769 3174 3839 graviter
3200 3767 3482 3826 Socrates.
3519 3768 3777 3824 Valenti-

2188 3841 2394 3896 nianus
2427 3841 2574 3895 enim
2617 3840 2804 3908 junior
2837 3841 2929 3908 qui
2954 3848 3132 3908 gnatus
3161 3849 3245 3895 est
3277 3839 3543 3895 Gratiano
3577 3849 3634 3894 et
3671 3839 3776 3892 Da-

2225 3912 2395 3965 alail'o
2429 3907 2772 3971 consulibus.
2808 3907 2918 3964 neu
2953 3907 3347 3971 Valentiniani,
3381 3911 3478 3965 sed
3519 3909 3776 3964 Valentis

2240 3983 2420 4050 ugusti
2455 3980 2597 4050 illius
2623 3981 2748 4034 luit.
2774 3979 2828 4050 id
2853 3981 3222 4050 docetaperte
3245 3979 3452 4035 ldatius
3483 3981 3536 4033 in
3563 3978 3776 4033 Fastis:

2191 4048 2449 4104 Gratiano
2486 4049 2624 4105 Nob.
2668 4059 2726 4119 et
2763 4048 3050 4119 Dagalaifo
3091 4050 3414 4104 consulibus.
3460 4049 3558 4103 His
3589 4066 3776 4104 consu-

2189 4121 2328 4174 libus
2380 4129 2535 4172 nalus
2569 4130 2645 4174 est
2688 4118 3092 4189 Valentinianus
3119 4119 3324 4188 junior,
3359 4121 3503 4189 ﬁlius
3544 4120 3777 4189 Augusti

2210 4189 2466 4248 Valentis,
2501 4189 2596 4259 diei
2618 4190 2682 4244 15
2731 4187 2961 4242 Kalend.
2997 4187 3366 4243 Februarium
3391 4190 3517 4243 Scio
3553 4187 3776 4259 quidem

2194 4259 2251 4312 in
2289 4261 2530 4331 editione
2573 4258 2760 4331 Jacobi
2805 4259 3082 4331 _S_irmondi
3119 4260 3280 4326 vulgo
3319 4261 3443 4331 legi,
3478 4258 3624 4328 ﬁlius
3667 4260 3777 4331 Au-

2192 4330 2334 4398 gusti
2389 4327 2770 4383 Valentiniani.
2805 4329 3007 4382 Verum
3058 4330 3113 4382 in
3162 4327 3536 4385 vetustissimo
3586 4329 3775 4383 codice

2199 4400 2580 4468 manuscripto
2619 4398 3293 4468 collegiijllaromontani.
3315 4417 3379 4453 ex
3404 4415 3514 4468 quo
3535 4399 3775 4453 lacubus

2199 4467 2524 4522 Sirmondus
2548 4470 2676 4522 olim
2713 4471 2810 4522 hos
2838 4467 3036 4538 Fastos
3062 4469 3254 4529 edidit,
3281 4467 3483 4523 diserte
3504 4471 3774 4538 scriptum

2125 4539 2416 4620 Dinveni,
2475 4539 2620 4620 ﬁlius
2669 4538 2893 4620 Augusti
2932 4536 3572 4620 Valentis..Sed.praater
3617 4536 3781 4620 testi-

2202 4609 2444 4662 monium
2482 4608 3020 4679 I10i‘um_Fastorum,
3051 4610 3240 4662 multis
3269 4610 3390 4664 aliis
3433 4613 3776 4679 argumentis

2201 4679 2374 4731 evinci
2419 4687 2616 4748 potest,
2658 4677 3098 4732 Valentinianum
3154 4680 3298 4733 hunc
3346 4677 3651 4747 iuniorem,
3683 4679 3775 4748 qui

2200 4758 2360 4802 natus
2379 4762 2459 4802 est
2481 4747 2742 4803 Gratiano
2768 4758 2820 4803 et
2844 4748 3122 4817 Dagalaifo
3149 4751 3468 4805 coosulihus
3491 4766 3637 4804 anno
3669 4747 3786 4803 tre-

2204 4820 2512 4872 centesimo
2563 4820 2905 4886 sexagesimo
2940 4826 3096 4872 sexto
3140 4821 3335 4874 natalis
3381 4821 3678 4880 Dominici,
3717 4819 3775 4872 li-

2203 4887 2334 4958 lium
2367 4889 2536 4943 fuisse
2557 4887 2803 4943 Valentis
2830 4888 3083 4958 Augusti.
3118 4887 3220 4943 Hic
3247 4891 3390 4943 enim
3425 4892 3540 4958 ipse
3572 4899 3680 4954 est,
3719 4897 3774 4942 ut

2203 4957 2346 5026 inter
2377 4974 2568 5013 omnes
2608 4967 2845 5022 constat,
2896 4957 2988 5025 qui
3041 4969 3226 5026 postea
3267 4957 3460 5014 consul
3514 4960 3617 5013 luit
3653 4974 3777 5013 cum

2204 5025 2444 5093 Victore,
2475 5044 2622 5082 anno
2659 5028 2865 5082 Christi
2899 5028 3002 5082 569
3023 5025 3126 5093 {et
3165 5029 3250 5082 cui
3281 5029 3618 5085 Themistius
3649 5045 3774 5083 ora-

2204 5097 2408 5167 tionem
2448 5099 2794 5154 consularem
2829 5099 2989 5161 dixit,
3017 5113 3138 5166 qua:
3169 5097 3437 5167 hodieque
3465 5107 3645 5155 exstat
3676 5099 3775 5153 sub

2201 5165 2493 5240 hoc_titulo
2517 5187 2530 5223 :
2563 5169 2966 5240 Προτρεπτικὸς
2995 5165 3420 5238 Οὖαλεντινιανῷ
3450 5171 3576 5238 νέῳ.
3604 5168 3774 5240 Porro

2197 5237 2259 5308 in
2309 5237 2411 5291 hac
2443 5237 3068 5295 oratione'Themistius
3109 5241 3313 5308 passim
3361 5237 3644 5294 Valentem
3674 5238 3773 5308 Va:

2201 5306 2488 5362 lentiniani
2519 5311 2685 5378 hujus
2716 5319 2944 5378 patrem,
2982 5317 3036 5362 et
3064 5306 3386 5363 Gratianum
3439 5310 3685 5378 ἀνεψιόν.
3721 5306 3773 5361 id

2201 5385 2287 5432 est
2332 5381 2633 5448 patruelem
2680 5379 2936 5449 appellat.
2989 5379 3235 5449 Exempli
3268 5379 3464 5451 gratia,
3497 5395 3623 5450 pag.
3649 5378 3773 5440 255.

1955 5555 2347 5615 VARIORUM.

594 5720 626 5764 ει
671 5710 774 5766 Ἑν
829 5709 1084 5777 ὑπατείᾳ
1144 5707 1478 5779 Γρατιανοῦ
1542 5707 1642 5762 καὶ
1695 5709 2096 5779 Δαγαλαίφου.

525 5782 833 5853 Procopius
863 5793 1130 5853 tyrannus
1157 5783 1244 5836 his
1280 5780 1604 5853 consulibus
1630 5781 1890 5853 victusin
1921 5780 2098 5853 Phry-

529 5853 618 5922 gia
655 5849 902 5907 salutari
924 5852 992 5907 ad
1018 5850 1322 5919 Nacoliam,
1339 5849 2097 5922 interfectusque,Ammiano

533 5919 631 5979 lib.
666 5937 816 5985 sxw,
857 5937 976 5985 can.
1010 5923 1080 5986 9;
1127 5923 1371 5984 Zosimo.
1421 5921 1516 5980 lib.
1545 5937 1618 5981 tv.
1646 5919 1700 5982 υἱ
1731 5921 1856 5981 759.
1889 5929 1940 5980 et
1968 5919 2095 5978 llic-

2198 5721 2433 5778 ronymo
2464 5705 2518 5762 in
2543 5705 2815 5762 Chronico
2838 5706 3102 5778 testihus.
3153 5705 3334 5778 datius
3363 5705 3418 5778 in
3443 5702 3630 5778 Fastis
3653 5717 3770 5757 eum

2196 5775 2523 5848 Oppi-essum
2557 5779 2754 5833 scribit
2794 5789 2948 5832 sexto
2987 5777 3261 5846 Kalendas
3299 5776 3535 5848 lunias:
3573 5775 3627 5828 in
3648 5787 3770 5848 _qu_o

2196 5844 2322 5972 cui;
2351 5847 2606 5976 )Socratc
2649 5851 2947 5906 consentit.
2981 5844 3152 5921 (Aut.
3179 5849 3329 5918 Pagi,
3356 5845 3424 5901 ad
3462 5860 3597 5902 ann.
3647 5844 3771 5907 566,

2196 5935 2247 5976 ιι.
2329 5960 2340 5974 .
3320 5960 3324 5963 ,

2193 5935 2247 5976 ll.
2287 5935 2368 5976 ‘ZJ
3320 5960 3324 5963 .
