4016 6350
295 343 384 400 881

1169 340 1498 401 HISTORIA
1533 335 2103 396 ECCLESIASTICA.
2137 364 2208 379 -—
2235 336 2366 392 LIB.
2408 337 2501 391 ιν.

3421 339 3530 390 ιὸἳ

284 454 390 516 τοῖς
413 448 691 523 ἑσπερίοις
713 447 952 520 μέρεσιν.
986 448 1182 520 ἐτέχθη
1206 451 1322 514 υίὸς
1349 449 1640 520 ὁμώνυμος
1669 447 1816 518 αὐτῷ
1834 464 1850 481 ο

1954 453 2042 502 est
2063 446 2228 510 ﬁlius.
2265 449 2408 519 patri
2469 446 2837 520 cognominis.
2902 446 3038 504 Nam
3085 446 3384 503 Gratianus
3435 447 3530 504 diu

286 539 574 612 Γρατιανὸς
599 537 708 608 γὰρ
737 537 839 608 ήδη
861 536 1123 610 πρότερον
1139 537 1246 611 πρδ
1275 539 1376 609 τῆς
1405 536 1678 609 βασιλείας
1704 533 1856 605 αὐτῷ

285 629 590 700 γεγέννητα.

878 719 1131 774 ΚΕΦΑΛ.
1151 720 1257 774 ιΑν.

284 812 421 881 Περὶ
459 811 570 880 τῆς
599 812 1061 881 κατενεχθείσης
1089 813 1414 880 οὐρανόθεν
1442 810 1716 874 ἐξαισίου
1751 825 1857 878 χα-

346 880 548 948 λάζης,
583 883 684 935 καὶ
739 883 875 948 περὶ
921 880 1036 935 τῶν
1073 882 1144 935 ἐν
1175 883 1423 948 Βιθυνίᾳ
1449 881 1549 935 καὶ
1596 881 1854 940 Ἑλλησ-

349 954 552 1018 πόντῳ
582 950 868 1022 σεισμῶν.

350 1041 432 1113 Τῇ
459 1041 516 1094 δὲ
543 1040 667 1112 ἑξῆς
694 1039 950 1110 ὑπατείᾳ,
997 1040 1120 1109 ἦτις
1148 1033 1216 1110 ἦν
1249 1038 1576 1093 Λουπικίνου
1617 1038 1709 1092 καὶ
1759 1039 1856 1092 Ἰο-

283 1132 464 1186 διανοῦ
519 1141 565 1196 ι’,
625 1131 984 1202 χειροπληθὴς
1043 1130 1347 1201 κατηνέχθη
1412 1129 1622 1200 χάλαζα
1677 1131 1736 1182 ὲν
1786 1131 1851 1200 τῇ

282 1224 690 1281 Κωνσταντίνου
719 1223 891 1288 πόλει,
919 1225 983 1293 τῇ
1027 1223 1255 1293 δευτέρᾳ
1279 1223 1372 1275 τοῦ
1411 1222 1629 1276 Ἰουλίου
1663 1221 1850 1292 μηνὸς,

279 1313 443 1379 λίθοις
463 1315 733 1386 ἐμφερής.
758 1314 867 1386 Τὴν
899 1314 957 1367 δὲ
973 1313 1210 1384 χάλαζαν
1236 1314 1420 1366 πολλοὶ
1442 1314 1677 1380 ἔφασκον
1717 1312 1855 1366 κατὰ

281 1408 438 1478 μῆνιν
476 1405 612 1458 Θεοῦ
659 1404 1070 1474 κατενηιδέχθαι,
1104 1405 1185 1457 ὅτι
1215 1403 1442 1467 πολλοὺς
1483 1404 1590 1457 τῶν
1625 1403 1854 1475 ἱερωμέ-

281 1515 379 1554 νων
411 1496 623 1568 ἀνδρῶν
651 1494 956 1566 ἐξορίστους
986 1498 1014 1548 ὁ
1047 1496 1298 1566 βασιλεὺς
1331 1495 1523 1559 ἐποίει,
1558 1495 1634 1566 μὴ
1666 1494 1852 1564 βουλο-

279 1594 474 1664 μένους
509 1595 784 1646 κοινωνεῖν
811 1589 1066 1660 Εὐδοξίῳ.
1111 1589 1317 1656 Ὀλίγον
1339 1588 1395 1642 δὲ
1425 1588 1562 1658 μετὰ
1594 1587 1743 1640 τόνδε
1761 1587 1851 1639 τὸν

279 1687 465 1758 χρόνον
522 1685 666 1740 κατὰ
720 1686 818 1756 τὴν
841 1686 1010 1755 αὐτὴν
1031 1683 1314 1748 ὑπατείαν,
1353 1680 1792 1744 Οὐαλεντινιανὺς
1821 1680 1851 1731 ὁ

1957 545 2252 609 antequam
2298 540 2590 611 imperium
2633 540 2986 611 suscepisset,
3018 541 3068 595 ei
3114 546 3279 595 natus
3327 536 3531 593 fuerat.

2625 712 2776 768 CAP.
2802 711 2895 768 XI.

1955 804 2035 860 De
2083 805 2354 859 inusitata:
2401 805 2782 875 magnitudinis
2823 803 3077 875 grandine
3119 820 3238 875 qua:
3277 805 3462 858 cecidit
3504 823 3534 861 ε

2025 875 2174 939 caelo,
2202 877 2343 929 etde
2393 874 2551 930 terra:
2609 875 2834 929 motibus
2887 890 2979 945 per
3025 874 3421 943 Hellespontum
3470 891 3533 929 ac

2025 946 2354 1016 Bithyniam.

2028 1036 2306 1108 Sequente
2335 1051 2516 1101 anno,
2559 1036 2828 1107 Lupicino
2861 1045 2916 1092 et
2954 1034 3153 1092 Jovino
3181 1036 3530 1102 consulibus,

1956 1138 2114 1182 sexto
2139 1125 2324 1181 Nonas
2351 1124 2507 1192 Julii,
2544 1125 2754 1196 grando
2785 1127 3070 1182 immensa'
3112 1127 3528 1196 magnitudinis,

1955 1219 2132 1274 instar
2170 1218 2412 1289 lapidum
2435 1219 2638 1273 cecidit
2658 1219 3154 1289 Constantinopoli.
3179 1218 3330 1274 Hanc
3349 1227 3532 1272 autem

1955 1309 2277 1380 grandinem
2309 1311 2390 1364 ira
2424 1308 2519 1364 Dei
2549 1309 2852 1364 immissam
2878 1325 3002 1365 esse
3055 1310 3215 1364 multi
3253 1309 3531 1375 dicebant,

1954 1417 2020 1458 eo
2059 1403 2205 1472 quod
2238 1401 2539 1472 imperator
2585 1402 2898 1472 complures
2939 1402 3258 1458 sacerdotes
3290 1401 3387 1472 qui
3422 1400 3534 1456 Eu-

1953 1496 2115 1549 doxio
2141 1495 2556 1550 communicare
2600 1495 2830 1557 nollent,
2879 1494 2935 1547 in
2977 1493 3233 1548 exsilium
3277 1494 3530 1550 miserat.

1951 1585 2072 1643 Non
2128 1586 2300 1641 multo
2347 1596 2493 1656 post,
2548 1585 2738 1640 iisdem
2767 1584 3091 1639 consulibus
3114 1583 3535 1640 Valentinianus

1955 1680 2125 1733 ﬁlium
2155 1693 2316 1734 suum
2360 1677 2678 1731 Gratianum
2715 1677 3100 1746 imperatorem
3151 1676 3532 1742 renuntiavit,

279 1777 534 1848 βασιλεὺς
571 1777 662 1832 τὸν
700 1779 814 1830 υἱὸν
838 1775 1132 1847 Γρατιανδν
1174 1774 1395 1846 βασιλέα
1425 1773 1746 1842 κατέστησε,
1784 1773 1849 1842 τῇ

1954 1769 2041 1824 die
2065 1784 2211 1823 nono
2256 1767 2528 1822 Kalendas
2595 1766 2966 1836 Septembres.
3026 1765 3300 1836 Sequente
3351 1773 3534 1821 autem

280 1869 512 1942 τετάρτῃ
543 1868 639 1922 καὶ
665 1867 840 1922 είκάδι
862 1866 955 1920 τοῦ
985 1867 1294 1935 Αὐγούστου
1321 1867 1506 1937 μηνός.
1538 1866 1616 1936 Τῇ
1650 1865 1706 1917 δὲ
1726 1863 1852 1932 ἑξῆς

273 1959 530 2030 ὑπατείᾳ,
580 1960 702 2028 ἥτις
759 1954 828 2028 ἦν
887 1954 1334 2011 Οὐαλεντινιανοῦ
1371 1955 1438 2009 τὸ
1476 1953 1725 2026 δεύτερον
1759 1954 1856 2008 καὶ

280 2050 576 2113 Οὐάλεντος
619 2051 680 2102 τὸ
743 2048 1012 2119 δεύτερον,
1070 2047 1293 2117 σεισμὸς
1320 2047 1450 2118 περὶ
1476 2046 1573 2118 τὴν
1603 2045 1854 2100 Βιθυνίαν

274 2143 587 2213 γενόμενος,
609 2140 842 2194 Νίκαιαν
880 2139 978 2210 τὴν
1026 2137 1180 2191 πόλιν
1220 2137 1585 2209 κατέστρεψεν
1618 2139 1682 2207 τῇ
1709 2137 1854 2190 ἑνδε-

275 2235 416 2307 κάτῃ
465 2232 567 2287 ’τοῦ
619 2233 789 2305 μηνὸς
827 2230 1176 2301 Ὀκτωϐρίου.
1215 2229 1388 2284 Τοῦτο
1435 2225 1502 2300 ἦν
1550 2228 1851 2282 δωδέκατον

272 2332 392 2391 ἔτος
423 2335 446 2364 ⁸
485 2327 624 2398 μετὰ
667 2326 767 2398 τὴν
820 2324 1186 2395 Νικομηδείας
1242 2323 1468 2378 πτῶσιν.
1541 2320 1751 2389 Ὀλίγον
1793 2321 1850 2375 δὲ

277 2421 413 2491 μετὰ
435 2418 584 2472 τόνδε
613 2417 704 2471 τὸν
740 2415 981 2486 σεισμὸν,
1010 2414 1106 2468 καὶ
1135 2414 1351 2486 Γέρμης
1385 2412 1484 2482 τῆς
1525 2411 1852 2482 Ἑλλησπόν-

279 2527 366 2564 του
382 2510 450 2564 τά
474 2508 646 2562 πολλὰ
678 2507 818 2579 μέρη
837 2506 940 2560 ὑπὸ
953 2505 1046 2560 τοῦ
1075 2505 1161 2559 ὲτέ
1171 2523 1262 2578 ρου
1283 2504 1506 2574 σεισμοῦ
1519 2505 1848 2576 κατηνέχθη.

276 2602 382 2655 Καὶ
412 2600 620 2666 τούτων
655 2597 974 2668 γινομένων,
1003 2595 1226 2667 οὐδεμία
1259 2594 1511 2650 εὐλάϐεια
1540 2594 1662 2648 οὔτε
1686 2594 1850 2648 Εὐδό-

274 2693 384 2756 ξιον
410 2691 664 2762 ὐπεισῄει
691 2688 782 2742 τὸν
812 2688 920 2742 τῶν
952 2686 1246 2760 Ἀρειανῶν
1269 2686 1582 2752 ἐπίσκοπον,
1599 2684 1722 2740 οὔτε
1745 2686 1852 2758 μὴν

1961 1876 2126 1924 anno,
2157 1875 2267 1930 quo
2301 1858 2719 1914 Valentinianus
2744 1865 2798 1912 et
2828 1855 3029 1913 Valens
3052 1857 3249 1913 iterum
3279 1857 3537 1913 consules

1959 1953 2131 2016 fuere,
2168 1960 2330 2006 terra:
2358 1959 2543 2006 motus
2581 1951 2637 2005 in
2668 1950 2921 2021 Bithynia
2953 1949 3128 2005 factus
3167 1947 3404 2004 Nicaeam
3436 1965 3536 2003 ur-

1958 2044 2080 2099 bem
2116 2043 2408 2110 subvertit,
2437 2042 2526 2096 die
2550 2042 2742 2110 quinto
2771 2041 2896 2097 ldus
2929 2037 3208 2096 Octobris.
3229 2040 3422 2096 Annus
3444 2040 3536 2094 hic

1957 2141 2076 2191 erat
2097 2133 2454 2188 duodecimus
2479 2147 2508 2185 a
2532 2132 2690 2186 ruina
2709 2132 2862 2186 urbis
2879 2131 3040 2201 223
3060 2131 3407 2186 Nicomediae.
3424 2130 3536 2186 Nec

1959 2228 2133 2281 multo
2164 2233 2287 2296 post
2325 2225 2434 2278 alio
2462 2233 2622 2278 terra:
2651 2233 2804 2278 motu
2834 2239 3033 2295 magna
3062 2240 3190 2295 pars
3217 2224 3373 2281 urbis
3406 2224 3537 2280 Ger-

1957 2332 2062 2372 mte
2095 2317 2148 2371 in
2167 2314 2519 2386 Hellesponto
2543 2315 2773 2368 corruit.
2796 2312 2927 2380 Qua:
2952 2314 3083 2368 licet
3107 2313 3318 2380 ﬁerent,
3344 2315 3535 2372 nullus

1954 2416 2138 2464 tamen
2163 2417 2361 2474 metus,
2381 2423 2480 2462 nec
2500 2405 2802 2461 Eudoxium
2824 2406 3151 2462 Arianorum
3187 2411 3531 2480 episcopum,

1957 2515 2062 2556 nec
2120 2497 2413 2555 Valentem
2461 2498 2842 2568 imperatorem
2907 2499 3094 2555 subiit.
3142 2497 3330 2570 Neque
3387 2501 3535 2555 enim

1957 2592 2288 2648 destiterunt
2339 2607 2367 2644 a
2399 2589 2789 2660 persecutione
2815 2606 3006 2646 eorum
3032 2591 3124 2661 qui
3151 2591 3222 2646 ab
3249 2591 3389 2662 ipsis
3418 2589 3534 2647 dis-

1960 2683 2295 2740 sentiebant.
2330 2682 2394 2739 lli
2424 2700 2589 2757 porro
2630 2695 2795 2742 terra:
2845 2691 3031 2740 motus
3084 2684 3241 2756 signa
3281 2685 3532 2756 quaedam

1435 2861 1712 2920 VALESII
1746 2859 2307 2919 ANNOTATIONES.

269 2978 396 3030 Ἔτι
427 2976 486 3030 δὲ
517 2980 576 3030 ὲν
602 2975 870 3046 ἀγκάλαις
901 2974 1332 3046 περιφερόμενος
1365 2973 1759 3046 συστρατεύειςί
1775 2973 1853 3044 τῷ

267 3047 440 3118 πατρὶ
466 3048 562 3100 καὶ
585 3044 999 3118 συστρατηγείς,
1024 3053 1078 3118 et
1097 3044 1347 3118 reliqua.
1365 3044 1852 3118 Praeterea‘caedem

1960 2976 2118 3045 Δεῦρ’
2158 2976 2252 3041 ῐθι,
2285 2979 2404 3041 παῖ,
2443 2976 2669 3031 ἐπὶτῶν
2701 2977 2850 3047 ἐμῶν
2880 2975 3102 3040 καθίζου
3148 2976 3412 3044 γονάτων.
3466 2975 3534 3032 Ει

1961 3050 2126 3116 paulo
2147 3055 2271 3117 post
2299 3063 2310 3098 :
2342 3049 2946 3118 Συμπαιδαγωγήσουσι
2978 3047 3034 3100 δέ
3063 3063 3118 3099 σε
3142 3048 3273 3118 ,ἐμοὶ
3310 3047 3534 3101 Πλάτων

257 3113 768 3200 avique-interitum
811 3113 1044 3200 tyranni
1095 3113 1373 3200 Procop'i‘i,
1422 3123 1544 3200 ortu
1596 3114 1850 3200 ejusdem

1954 3113 2044 3200 καὶ
2073 3113 2472 3200 ςΑριστοττ-έλης,
2494 3117 2544 3170 οἳ
2567 3113 2661 3171 καὶ
2681 3113 2788 3200 τόν
2804 3118 2976 3186 μέγαν
3006 3113 3358 3200 Ἀλέξανδρον
3379 3119 3535 3170 ὲπαι-

269 3183 642 3242 Valentiniani
681 3183 1046 3256 signiﬁcatam
1076 3183 1403 3256 esse__a:Deo
1431 3184 1674 3256 afﬁrmat
1699 3183 1846 3256 The-

265 3259 524 3319 ntistius,
582 3252 778 3326 pagina
822 3256 1152 3326 254._(‘.erte
1197 3252 1615 3326 Valentinianus
1658 3254 1850 3326 junior

263 3339 433 3382 natus
465 3336 552 3382 est
585 3323 849 3382 Gratiano
875 3335 929 3379 et
967 3324 1250 3394 Dagalaifo
1290 3324 1754 3394 consulibus,die
1782 3323 1851 3376 15

263 3397 504 3453 Kalend.
543 3394 896 3460 Februarias,
936 3405 998 3449 ut
1049 3392 1246 3463 legitur
1286 3393 1339 3447 in
1377 3393 1570 3463 Fastis,
1600 3392 1756 3447 ldatii
1793 3399 1848 3447 et

263 3469 318 3522 in
382 3467 666 3522 Chronico
723 3462 1120 3520 Alexandrino.
1172 3464 1293 3529 Quo
1353 3462 1849 3534 annoiPirocopi’us

251 3549 545 3603 tyrannus
585 3552 616 3590 a
668 3535 892 3590 Valente
933 3545 1223 3603 superatus
1252 3543 1336 3587 est
1384 3535 1474 3588 die
1506 3533 1539 3586 6
1573 3532 1850 3603 Kalendas

144 3599 167 3616 ⁸
259 3599 490 3672 Iunias,
531 3617 592 3661 ut
631 3607 684 3660 in
717 3609 908 3661 iisdem
935 3599 1114 3660 Fastis
1143 3604 1396 3658 habetur.
1429 3605 1497 3656 At
1527 3605 1571 3659 si
1609 3601 1850 3657 Valenti-

255 3680 474 3732 nianus
526 3679 617 3732 hic
658 3677 848 3746 junior
881 3673 1244 3730 Valentiniani
1278 3675 1512 3746 senioris
1559 3673 1756 3746 inisset
1785 3675 1850 3746 li-

262 3749 400 3813 litts,
427 3749 550 3817 ejus
601 3743 755 3800 ortus
791 3746 923 3800 nihil
955 3746 1322 3817 signiﬁcasset
1359 3744 1592 3817 Valenti.
1647 3743 1850 3798 Deinde

264 3821 312 3871 si
366 3815 470 3872 hic’
503 3817 930 3870 Valentinianus
966 3815 1329 3868 Valentiniani
1376 3816 1612 3869 senioris
1662 3829 1848 3868 revera

264 3889 418 3943 ﬁlius
464 3887 588 3950 fuit,
637 3902 736 3940 cur
770 3888 824 3939 in
856 3887 1082 3940 Oriente
1117 3892 1368 3939 versatus
1397 3885 1514 3939 est?
1562 3884 1852 3950 Quomodo

266 3957 324 4010 in
372 3965 484 4010 tam
520 3958 875 4025 longinquam
909 3956 1406 4025 peregrinationem
1443 3971 1469 4006 a
1518 3966 1672 4024 patre
1705 3953 1849 4006 mitti

267 4029 450 4094 potuit
481 4023 664 4080 adhuc
697 4023 921 4080 infans?
951 4023 1082 4078 Nam
1115 4023 1390 4077 Valentem
1421 4025 1473 4076 in
1499 4023 1852 4092 exttcditione

269 4097 504 4151 Gothica
540 4098 839 4150 comitatus
865 4105 969 4155 est,
1004 4102 1144 4150 teste
1178 4094 1482 4148 Themistio
1515 4109 1622 4147 non
1660 4094 1852 4163 procul

274 4169 346 4220 ab
375 4169 531 4220 initio
571 4165 740 4234 hujus
773 4165 1062 4218 orationis.
1109 4164 1351 4232 Denique
1379 4173 1597 4217 constat
1623 4180 1688 4234 ei:
1727 4179 1853 4234 oraf

273 4238 422 4292 tione
459 4233 857 4306 quinquennali
909 4234 1196 4288 Tltemistii
1254 4236 1357 4288 sub
1407 4236 1598 4306 linem,
1640 4233 1852 4306 Valenti

275 4307 443 4359 tilium
477 4304 684 4361 inisse
735 4307 1002 4365 unicum,
1060 4311 1190 4356 tunc
1246 4320 1370 4358 cum
1420 4304 1851 4372 quinquennalia

276 4384 482 4443 ageret,
525 4377 629 4429 hoc
663 4384 748 4430 est
797 4389 943 4427 anno
996 4373 1262 4426 Dominici
1319 4375 1516 4426 natalis
1556 4373 1680 4427 568.
1712 4372 1850 4425 Cum

277 4445 446 4513 igitur
488 4461 636 4498 anno
689 4454 953 4512 sequente
1009 4444 1425 4513 valentinianus
1471 4444 1853 4496 nobilissimus

277 4512 470 4568 consul
516 4514 695 4568 iactus
731 4516 897 4566 fuerit
946 4515 998 4566 in
1049 4512 1289 4575 Oriente,
1340 4529 1449 4566 non
1483 4515 1623 4565 alius
1672 4518 1852 4581 potest

279 4583 367 4637 hic
400 4601 522 4639 esse
558 4599 722 4653 quam
759 4583 1000 4637 Valentis
1033 4583 1194 4636 ﬁlius.
1237 4583 1300 4634 Et
1343 4582 1680 4636 Tltemistius
1732 4581 1853 4648 qui-

280 4654 400 4706 dem
446 4657 499 4708 in
553 4655 1017 4722 calceorationis
1058 4654 1506 4722 quinquennalis,
1561 4660 1850 4722 postquam

279 4723 346 4775 de
379 4726 467 4777 illo
493 4725 657 4778 unico
688 4721 932 4776 Valentis
966 4721 1320 4775 liliolocutus
1348 4733 1450 4783 est,
1485 4722 1598 4774 haec
1626 4721 1852 4789 subjicit

284 4795 442 4862 verba
492 4815 504 4848 :
566 4796 663 4862 :Ov
729 4792 840 4862 ἐγὼ
914 4792 1256 4862 Ἀλέξανδρον
1312 4792 1686 4862 ποιησαίμην,
1726 4790 1852 4862 Ῠκαὶ

288 4861 500 4932 θρέμμα
523 4859 679 4924 αὖθις
699 4859 938 4914 τοιοῦτον
962 4859 1216 4935 αὐχήσειε
1245 4859 1558 4935 φιλοσοφ-ίριί
1576 4859 1630 4913 ln
1653 4861 1850 4935 exhor-

290 4929 484 5002 tatione
525 4948 656 4987 vero
684 4949 848 5002 quant
877 4948 1018 4985 anno
1036 4929 1282 5000 sequenti
1314 4929 1847 5002 dixitValeminiano

287 5001 515 5070 jumori,
569 5001 766 5059 iisdem
815 5017 956 5072 pene
1009 5003 1188 5057 verbis
1237 5016 1469 5072 puerum
1514 5001 1841 5071 alloquitur:

1951 3187 2296 3257 δαγώγησαν.
2327 3189 2400 3241 Ex
2427 3204 2537 3255 quo
2559 3195 2783 3256 apparet
2809 3203 2978 3241 unum
3014 3187 3374 3256 eumdemque
3409 3202 3534 3243 esse

1951 3259 2018 3312 de
2047 3256 2169 3326 quo
2193 3256 2532 3312 Tltemistius
2575 3259 2868 3326 utrobique
2897 3258 3171 3326 loquitur;
3208 3271 3272 3309 ac
3303 3259 3534 3326 proinde

1952 3326 2395 3382 Valentinianum
2423 3329 2720 3395 iuniorem,
2745 3343 2905 3396 quem
2933 3329 2987 3380 in
3021 3327 3404 3396 exhortatione
3436 3327 3531 3380 illa

1951 3396 2288 3452 Thetnistius
2335 3398 2658 3460 alloquitur,
2695 3395 2818 3451 eum
2872 3399 3048 3460 ipsum
3104 3413 3226 3452 esse
3283 3395 3532 3453 Valentis

1951 3469 2174 3522 unicum
2224 3467 2414 3521 ﬁlium.
2449 3467 2714 3523 Caeterum
2747 3468 2838 3520 hic
2877 3467 3298 3522 Valentinianus
3339 3467 3533 3535 junior

1951 3539 2058 3592 alio
2084 3539 2303 3592 nomine
2330 3539 2492 3591 etiam
2514 3537 2734 3592 Galales
2761 3538 2946 3591 dictus
2966 3546 3071 3592 est.
3107 3535 3199 3590 Sic
3227 3535 3372 3590 enim
3401 3551 3529 3592 eum

1951 3610 2225 3679 appellant
2257 3610 2713 3679 Socratesatque
2747 3608 3111 3679 Sozomenus.
3153 3607 3230 3679 Ac
3273 3605 3532 3679 Sozome-

1953 3676 2054 3732 nus
2105 3679 2325 3746 quidem
2377 3680 2429 3732 in
2484 3678 2622 3732 libro
2662 3688 2817 3733 sexto
2855 3679 3032 3746 capite
3077 3677 3290 3746 decimo
3337 3676 3532 3745 quinto

1951 3745 2154 3803 diserte
2203 3749 2439 3801 afﬁrmat
2485 3747 2700 3802 Valenti
2757 3745 2976 3800 unicum
3026 3747 3197 3800 fuisse
3242 3745 3413 3800 ﬁlium
3461 3761 3529 3801 ex

1951 3818 2234 3872 Dominica
2266 3833 2459 3879 uxore.
2490 3819 2711 3873 nomine
2739 3817 2986 3871 Galaten.
3019 3817 3156 3870 Cum
3201 3817 3367 3886 igitur
3397 3830 3528 3869 con-

1952 3899 2058 3942 stet
2091 3905 2155 3943 ει
2188 3890 2254 3942 iis
2283 3904 2404 3958 qua:
2434 3891 2682 3957 proxime
2712 3888 2846 3948 dixi,
2884 3885 3326 3958 Valentinianum
3369 3886 3530 3958 nobi-

1953 3959 2221 4014 lissimum
2262 3956 2504 4013 Valentis
2536 3959 2706 4011 ﬁlium
2741 3959 2931 4020 fuisse,
2965 3972 3106 4010 unus
3150 3956 3404 4024 idemque
3454 3957 3528 4010 sit

1954 4043 2179 4084 necesse
2204 4037 2289 4082 est
2320 4028 2737 4082 Valentinianus
2762 4034 2816 4080 et
2849 4026 3088 4080 Galates.
3114 4024 3375 4093 Equidem
3405 4038 3526 4078 cre-

1954 4099 2185 4152 diderim
2235 4097 2440 4152 Galatae
2505 4105 2926 4166 cognomentum
2995 4110 3220 4164 puerum
3291 4093 3524 4146 inditum

1955 4167 2130 4223 fuisse
2183 4185 2248 4222 ex
2294 4184 2360 4222 eo
2403 4170 2546 4236 quod
2587 4170 2640 4221 in
2680 4166 2890 4219 Galatia
2922 4173 3083 4220 natus
3113 4166 3206 4228 sit,
3236 4171 3524 4236 tunc_cum

1955 4237 2152 4294 Valens
2189 4230 2454 4293 adversus
2485 4236 2814 4306 Procopium
2844 4236 3039 4289 bellum
3072 4241 3302 4305 gereret.
3351 4230 3526 4306 Porro

1956 4308 2240 4362 Sozomeni
2287 4323 2351 4361 ac
2405 4301 2837 4362 Socratis—error
2881 4321 2945 4359 ex
2989 4301 3344 4358 eo‘manasse
3390 4301 3525 4354 mihi

1953 4378 2190 4440 videtur,
2212 4377 2354 4446 quod
2388 4378 2527 4431 duos
2542 4375 2954 4446 Valentinianos
2985 4374 3254 4446 juniores,
3287 4373 3526 4446 alterum

1888 4471 1930 4524 ι)
1958 4440 2476 4524 νθΙειιιίε,ξθΙιει·ιιιῐι
2509 4444 2876 4524 Valentiniani
2905 4440 3141 4524 senioris
3178 4443 3352 4524 lilium
3381 4440 3526 4524 inter

1956 4533 2015 4572 se
2047 4508 2435 4578 confuderunt,
2469 4527 2517 4570 et
2554 4533 2618 4570 ex
2651 4517 2867 4570 duobus
2909 4529 3075 4566 unum
3112 4512 3380 4566 fecerunt.
3417 4508 3526 4562 Pu-

1955 4596 2140 4640 tarunt
2166 4589 2309 4642 enim
2342 4587 2780 4639 Valentinianum
2817 4584 3241 4644 nobilissimum,
3262 4581 3355 4650 qui
3387 4596 3525 4633 con-

1955 4658 2038 4710 sul
2089 4657 2191 4710 fuit
2233 4672 2358 4710 eum
2391 4655 2629 4720 Victore,
2659 4654 2912 4710 eumdem
2949 4668 3070 4707 esse
3117 4667 3244 4705 cum
3282 4650 3525 4720 Valenti-

1953 4728 2119 4781 niano
2145 4727 2388 4796 juniore,
2422 4727 2514 4795 qui
2563 4719 2686 4795 past
2716 4733 2943 4796 mortem
2978 4722 3150 4796 patri_s
3193 4722 3278 4796 sui
3319 4719 3524 4796 Valent-

1952 4789 2410 4852 tiniani'senioris
2435 4789 2720 4865 imperium
2755 4789 3072 4865 tenuitenui
3098 4790 3394 4865 Gratiano.
3415 4789 3522 4865 Sed

1954 4867 2101 4920 hunc
2130 4882 2370 4921 errorem
2404 4860 2528 4934 jam'
2550 4867 2755 4935 pridem
2794 4862 3110 4935 refutaviin
3136 4860 3530 4935 _annotationi-

1957 4937 2060 4992 bus
2087 4937 2156 4991 ad
2186 4937 2382 4992 librum
2404 4930 2520 4991 ἰη
2545 4930 2820 4989 Ἁωωίδηί
2852 4930 3171 4987 Marcellini.

1654 5177 2040 5234 VABIORUM.

364 5280 386 5308 τ
421 5275 786 5327 Λουπικίνου
833 5272 928 5326 καί
974 5272 1282 5326 Ἰοϐιανοῦ.
1336 5274 1545 5326 Auctor
1590 5270 1855 5324 Chronici

299 5343 630 5397 Alexandrini
659 5343 766 5397 sub
787 5344 880 5395 his
919 5343 1241 5396 consulibus
1273 5343 1491 5408 scribit,
1524 5342 1687 5394 Deum
1717 5341 1856 5393 Con-

298 5415 628 5484 stantinopoli
664 5413 975 5484 grandinem
1005 5429 1218 5464 saxeam
1252 5413 1512 5484 depulisse
1546 5428 1718 5484 mense
1756 5411 1856 5464 De-

297 5486 388 5543 sio,
417 5482 880 5548 hoc‘est,'Junio.
916 5482 1124 5536 ldatius
1157 5484 1210 5534 in
1256 5483 1432 5537 Fastis
1463 5484 1598 5535 dicit
1633 5483 1683 5535 id
1723 5497 1855 5534 eon-

298 5557 470 5622 tigisse
516 5557 620 5608 sub
656 5555 824 5623 hujus
857 5554 994 5623 anui
1032 5553 1389 5617 consulibus,
1442 5553 1527 5605 die
1571 5553 1605 5623 1i
1667 5551 1853 5623 Nonas

293 5621 466 5677 Julius.
515 5625 694 5679 Porro
731 5621 917 5677 ruratio
959 5621 1202 5690 Gregorii
1255 5624 1535 5683 Nazianz.,
1572 5622 1648 5674 De
1689 5621 1850 5690 plaga

293 5696 568 5760 grandinis,
625 5710 792 5764 quam
847 5692 1132 5762 Baronius:
1182 5708 1303 5746 iane
1353 5696 1404 5745 in
1456 5708 1566 5764 rem
1620 5693 1845 5764 citat,ja

293 5765 539 5838 Gregorio
577 5761 692 5838 jain
726 5765 993 5834 episcopo
1039 5761 1362 5834 composita,
1406 5771 1462 5816 ut
1501 5761 1719 5817 Nicetas
1753 5762 1848 5818 ob-

1953 5271 2430 5358 servat,nideoque\
2456 5268 2562 5323 alia
2583 5265 2880 5323 occasione
2904 5265 3073 5321 dicta.
3099 5264 3246 5334 (Ant.
3278 5263 3431 5334 Pagi,
3459 5265 3524 5318 ad

1952 5356 2083 5396 ann.
2114 5342 2239 5403 567,
2274 5358 2326 5395 n.
2357 5343 2435 5410 4.)

2023 5423 2044 5450 ε
2093 5412 2270 5465 Τοῦτο
2313 5407 2390 5480 ἦν
2422 5409 2760 5480 δωδέκατον
2799 5407 2955 5472 ἔτος.
3000 5403 3329 5480 Nicomedia_
3355 5412 3522 5480 terra

1952 5490 2100 5536 tnotu
2133 5474 2451 5536 cecidit'die
2488 5482 2520 5536 9
2553 5480 2671 5533 Kal.
2706 5478 2886 5547 Sept.,
2925 5485 2984 5530 ut
3035 5484 3271 5530 testatur
3310 5474 3522 5528 ldatius

1953 5554 2006 5606 in
2055 5551 2256 5617 Fastis,
2293 5560 2345 5604 et
2378 5552 2724 5614 Ammianus,
2759 5551 2854 5604 lib.
2891 5562 3021 5610 xvu,
3053 5561 3172 5614 cap.
3196 5546 3290 5617 _'Z,_
3323 5559 3520 5596 consu-

1955 5625 2071 5676 latu
2104 5613 2316 5674 Datiani
2343 5630 2396 5675 et
2423 5621 2692 5686 Cerealis,
2723 5634 2867 5674 anno
2888 5617 3016 5674 Chr.
3050 5613 3328 5672 558.Vide
3353 5626 3522 5686 supra

1956 5693 2050 5749 lib.
2086 5708 2148 5762 ll,
2175 5706 2294 5762 cap.
2326 5691 2414 5746 59.
