4016 6350
517 355 623 406 485

1941 338 2278 395 δυωὶΛῙΙὸ

3652 340 3754 392 484

517 482 643 525 esse
691 462 1015 519 videbantur
1067 437 1493 528 perturbationis
1552 453 1942 510 Ecclesiarum.
2000 455 2081 538 A\c

2201 455 2273 506 ξὺν
2303 451 2525 524 βασιλέα
2547 452 2820 507 Οὐάλεντα
2841 469 2855 484 ·
2903 451 2995 508 τοῦ
3041 452 3150 524 γάρ
3181 451 3397 508 διώκειν
3424 453 3552 517 τούς
3586 454 3662 526 μὴ
3689 460 3764 515 τά

526 556 684 612 multi
725 552 940 623 quidem
991 545 1304 600 sacerdotes
1332 560 1387 598 in
1437 543 1692 598 exsilium
1739 543 1901 614 ejecti
1931 551 2081 608 sunt,

524 648 670 702 sicut
692 653 849 697 antea
879 637 1010 692 dixi.
1057 635 1168 690 Soli
1212 644 1394 689 tamen
1449 635 1630 688 divina
1685 635 1920 705 quadam
1957 650 2085 705 pro-

522 736 784 795 videntia,
837 737 1062 801 propter
1111 712 1366 780 eximiam
1426 729 1510 781 sui
1543 727 1896 782 reverentiam
1939 726 2086 782 exsi-

522 829 656 883 lium
705 823 848 894 passi
885 834 993 874 non
1043 826 1176 875 sunt
1230 818 1468 874 Basilius
1519 823 1683 886 atque
1735 815 2081 888 Gregorius:

523 929 756 987 quorum
783 911 873 965 ille
901 908 1162 964 Caesarea:
1213 909 1569 980 Cappadocia:
1611 917 1727 964 erat
1750 909 2082 978 episcopus:

524 1009 614 1063 hic
645 1000 1089 1067 Nazianzi,urbis
1121 1002 1331 1072 exiguae
1362 1017 1484 1073 quae
1510 1003 1565 1057 in
1597 1002 1796 1058 vicinia
1821 1001 2087 1057 Caesareae

522 1104 624 1156 sita
657 1104 760 1152 est.
799 1093 907 1149 Sed
934 1094 999 1149 de
1024 1091 1232 1151 Basilio
1265 1105 1317 1151 et
1344 1095 1610 1168 Gregorio
1647 1094 1868 1150 uberius
1895 1101 2085 1164 postea

520 1195 787 1250 dicemus.

1188 1449 1294 1505 AP.
1333 1447 1453 1506 XII.

1188 1451 1294 1505 AP.
1333 1451 1453 1506 Xll.

522 1548 795 1616 Quomodo
823 1451 1194 1601 Macedoniafi
1218 1554 1432 1616 propter
1468 1540 1801 1616 imperatoris
1837 1537 2085 1616 adversus

593 1621 730 1682 ipso:
775 1617 1078 1672 violentiam
1113 1615 1168 1668 in
1212 1609 1486 1682 angustias
1538 1609 1769 1682 redacti,
1802 1609 2087 1682 missaAud

593 1637 610 1673 ι
647 1636 730 1673 808
775 1635 1078 1672 vtotenuam
1113 1635 1168 1668 ιη
1212 1635 1486 1682 angusuas
1538 1635 1761 1674 reuacu,
1802 1635 1964 1663 "una
2018 1635 2085 1661 uu

591 1635 856 1744 [iberium
919 1683 1216 1738 Romanum
1269 1683 1565 1750 episcopum
1617 1681 1911 1750 legatione,
1962 1679 2088 1749 ﬁdei

593 1755 1061 1812 cousubstantialis
1088 1753 1532 1820 subscripserunt.

591 1850 862 1906 Cazterum
914 1864 1037 1903 cum
1087 1844 1442 1900 llomousiani
1486 1835 1629 1896 tune'
1667 1843 1926 1912 temporis
1959 1856 2088 1913 gra-

524 1943 746 1999 vissime
788 1939 965 1996 vexati
1012 1938 1294 2008 fugatique
1345 1942 1559 2000 essent,
1607 1933 1790 1989 denuo
1830 1949 2092 2003 persecu-

525 2044 674 2089 tores
709 2033 975 2086 adversus
998 2028 1418 2084 Macedonianos
1453 2027 1692 2097 grassari
1724 2040 1959 2095 coepere.
1985 2025 2090 2091 Qui

524 2131 673 2179 metu
705 2123 876 2192 magis
909 2135 1072 2190 quam
1101 2118 1355 2173 violentia
1389 2115 1694 2180 constricti,
1719 2131 1816 2186 per
1848 2116 2090 2187 singulas

525 2213 774 2269 civitates
811 2212 955 2266 ultro
992 2214 1243 2278 citroque
1287 2208 1492 2277 legatos
1529 2207 1672 2262 inter
1707 2223 1766 2262 se
1787 2207 2052 2262 miserunt
2081 2250 2094 2274 ,

527 2305 907 2376 signiﬁcantes
938 2301 1255 2357 necessario
1284 2297 1710 2370 confugiendum
1735 2313 1859 2354 esse
1894 2309 2006 2352 tum
2032 2299 2099 2354 ad

527 2396 754 2453 fratrem
805 2393 1178 2466 imperatoris,
1221 2397 1338 2444 tum
1393 2391 1459 2444 ad
1507 2389 1787 2445 Liberium
1839 2389 2102 2446 Romanae.

527 2490 680 2546 urbis
719 2489 1056 2559 episcopum,
1110 2497 1412 2550 eorumque
1465 2483 1626 2538 fidem
1668 2485 2099 2553 amplectendam

527 2582 714 2652 potius
764 2593 930 2649 quam
1003 2583 1065 2630 ut
1122 2589 1249 2629 cum
1304 2571 1550 2630 Eudoxio
1599 2575 2090 2630 communicarent.

2187 545 2366 599 αὐτῶν
2389 543 2718 615 φρονοῦντας
2751 543 2851 598 οὐκ
2881 543 3167 599 ἐπαύοντο.
3198 545 3484 616 Τεκμήρια
3505 545 3565 600 δὲ
3585 547 3762 601 ἐδόκει.

2186 631 2324 690 εἴναι
2350 635 2418 689 τὰ
2443 635 2550 688 τῶν
2580 635 2834 704 σεισμῶν,
2865 639 2964 707 τῆς
2983 634 3092 690 τῶν
3125 633 3459 706 Ἐκκλησιῶν
3492 638 3758 708 ταραχῆς.

2198 728 2468 794 Ἐγίνοντο
2495 723 2608 792 οὖν,
2643 727 2716 791 ὡς
2747 728 2900 798 ἔφην,
2943 728 3206 798 ὲξόριστοι
3229 727 3413 781 πολλοὶ
3448 728 3560 782 τῶν
3600 729 3742 800 lepra»

2191 818 2368 890 μένων
2396 820 2604 890 ἀνδρῶν
2631 837 2654 850 “
2678 819 2828 891 μόνοι
2855 820 2911 873 δὲ
2934 820 2998 874 ἐκ
3033 837 3177 883 τινος
3208 819 3343 872 Θεοῦ
3381 821 3658 889 προνοίας,
3689 819 3763 876 δι’

2189 912 2625 984 ὑπερϐάλλουσαν
2654 912 2938 967 εὐλάϐειαν
2967 912 3066 965 οὐκ
3097 912 3474 986 ὑπεϐλήθησαν
3499 912 3758 985 ἐξορίαις,

2185 1003 2464 1068 Βασίλειος
2491 1005 2584 1057 καὶ
2613 1004 2932 1076 Γρηγόριος.
2959 995 3058 1057 Ὧν
3089 1005 3118 1058 ὁ
3144 1003 3243 1076 μὲν
3266 1005 3599 1074 Καισαρείας
3645 1006 3762 1077 (55)

2185 1095 2286 1166 τῆς
2341 1096 2400 1149 ὲν
2444 1096 2808 1166 Καππαδοκίᾳ
2861 1095 3155 1160 ἐπίσκοπος
3200 1091 3305 1168 ἦν·
3359 1096 3657 1167 Γρηγόριος
3703 1097 3762 1151 δὲ

2187 1184 2492 1250 Ναζιανξοῦ
2514 1185 2720 1251 πόλεως
2760 1185 3011 1251 εὐτελοῦς
3054 1185 3462 1258 γειτνιαζούσης
3513 1191 3580 1259 τῇ
3625 1189 3762 1242 Και·

2187 1277 2400 1348 σαρείᾳ.
2429 1277 2564 1348 Περὶ
2585 1278 2682 1348 μὲν
2714 1273 2806 1332 οὖν
2824 1278 3102 1333 Βασιλείου
3127 1279 3222 1334 καὶ
3268 1280 3593 1352 Γρηγορῑου,
3629 1296 3762 1352 προ-

2185 1366 2361 1430 ’ἰόντες
2385 1367 2637 1439 ἐροῦμεν.

2779 1459 3034 1517 ΚΕΦΑΛ.
3058 1459 3160 1517 1Β’.

2199 1549 2296 1616 Ὠς
2345 1551 2400 1605 οι
2441 1549 2512 1603 τὰ
2564 1550 2934 1606 Μακεδονίου
2977 1552 3360 1620 φρονοῦντες,
3388 1550 3485 1604 διὰ
3513 1550 3630 1618 τὴν
3655 1551 3764 1606 τοῦ

2252 1620 2558 1685 ,ϐασιλέως
2582 1621 2712 1689 περὶ
2744 1621 2965 1688 αὐτοὺς
2999 1623 3150 1686 ,βίαν
3193 1622 3766 1690 στενοχωρούμενοι,

2259 1690 2408 1762 πρὸς
2443 1690 2712 1762 Λιϐἐριον
2730 1693 2851 1762 τὸνι
2873 1691 3090 1761 Ῥώμης
3126 1690 3766 1762 διαπρεσϐευσάμενοι,

2121 1794 2163 1849 Β
2259 1755 2339 1824 τῷ
2361 1755 2658 1828 ὀμοουοίίῳ
2678 1755 2987 1830 armciwa
3001 1755 3288 1831 προσέθεθ
3298 1778 3384 1816 το.

2264 1853 2384 1905 Τῶν
2427 1852 2484 1906 δὲ
2533 1852 2874 1924 φρονούντων
2911 1853 2972 1906 τὸ
3019 1853 3303 1923 ὁμοούσιον
3351 1852 3596 1924 σφοδρῶς
3641 1854 3768 1908 τότε

2198 1941 2617 2002 συνελαθέντων.
2655 1939 2812 2006 αὖθις
2834 1945 2884 1996 οἱ
2922 1942 3208 2008 διώκοντες
3226 1944 3365 2000 κατὰ
3389 1945 3496 1999 τῶν
3520 1945 3768 1999 Μακεδο-

2195 2028 2390 2086 νιανῶν
2421 2033 2658 2105 ἐχώρουν
2676 2027 2696 2066 θ’
2726 2035 2775 2086 οἱ
2797 2033 2873 2098 δὲ,
2911 2035 3059 2104 φόϐῳ
3105 2033 3300 2106 μᾶλλον
3335 2035 3428 2088 κα)⁸
3459 2035 3550 2106 βία
3585 2053 3769 2088 στενοο

2198 2123 2551 2193 χωρούμενοι,
2601 2123 2740 2178 κατὰ
2770 2124 2950 2187 πόλεις
2973 2123 3413 2194 διεπρεσϐεύοντο
3436 2124 3569 2196 πρὸς
3603 2125 3770 2195 άλλή-

2194 2211 2322 2275 λους
2347 2230 2360 2243 ·
2390 2213 2680 2283 δηλοῦντες
2725 2214 2833 2267 δεῖν
2883 2214 2940 2281 ἐξ
2981 2214 3224 2286 ἀνάγκης
3262 2212 3649 2284 καταφεύγειν,
3677 2215 3771 2268 ὲπί

2195 2320 2252 2357 τε
2278 2303 2369 2356 τὸν
2405 2302 2629 2372 ἀδελφὸν
2681 2303 2773 2356 τοῦ
2810 2303 3090 2373 βασιλέως,
3133 2306 3225 2357 καὶ¹
3258 2304 3350 2357 ἐπὶ
3391 2303 3649 2373 Λιϐἐριον
3679 2303 3770 2356 τὸν

2207 2394 2422 2464 Ῥώμης
2494 2395 2810 2448 ἐπίσκοπον.
2885 2395 3250 2460 Ἀσπάζεσθαί
3303 2413 3362 2449 τε
3400 2395 3499 2466 τὴν
3546 2395 3770 2450 ἐκείνων

2199 2487 2380 2540 πίστιν
2407 2486 2627 2556 μᾶλλον,
2652 2486 2684 2557 ἢ
2715 2488 2989 2540 κοινωνεῖν
3016 2489 3128 2548 τοῖς
3155 2487 3283 2558 περὶ
3320 2486 3587 2551 Εὐδόξιον.
3619 2488 3772 2558 Πέμ-

2202 2593 2394 2630 πουσιν
2415 2571 2507 2631 οῦν
2533 2577 2828 2632 Εὐστάθιον
2847 2578 2958 2648 (54)
2977 2578 3067 2633 τὸν
3095 2579 3158 2632 ἐκ
3183 2577 3526 2644 Σεϐαστείας,
3556 2577 3616 2642 δς
3643 2579 3771 2631 πολ-

1689 2751 1957 2809 VALESll
1999 2753 2549 2816 ANNOTATIONES.

601 2850 712 2919 (55)
748 2841 858 2902 Ὧν
885 2849 919 2902 ὁ
950 2846 1065 2919 μὲν
1103 2850 1478 2918 Καισαρείας.
1526 2847 1762 2902 Basilius
1807 2847 2101 2919 episcopus

531 2916 795 2977 Caesarem
847 2919 900 2972 in
941 2916 1305 2988 Cappadocia
1346 2920 1523 2975 factus
1571 2926 1655 2973 est
1709 2933 1853 2970 anno
1893 2916 2102 2971 Christi

533 2989 920 3058 trecentesimo
949 2989 1289 3058 sexagesimo
1320 3005 1488 3055 nono,
1524 2998 1583 3042 ut
1608 2997 1753 3058 recte
1791 2988 2104 3058 observavit

529 3062 818 3116 Baronius.
851 3057 1108 3112 Socrates
1133 3069 1314 3114 tamen
1336 3061 1708 3129 episcopatum
1732 3057 1917 3129 Basilii
1945 3057 2102 3125 paulo

529 3132 888 3186 vetustioretn
927 3128 1107 3182 facere
1135 3127 1386 3184 videturf
1406 3127 1540 3183 Cum
1571 3129 1715 3181 enim
1761 3129 1862 3180 hoc
1893 3127 2012 3180 loco
2039 3141 2102 3180 ea

530 3202 734 3256 referat
786 3213 909 3268 quae
967 3206 1119 3267 gesta
1178 3208 1307 3253 sunt
1357 3197 1747 3268 Valentiniano
1795 3197 2102 3268 iterumiet

535 3271 768 3324 Valente
799 3264 996 3322 iterum
1038 3268 1385 3332 consulibus,
1420 3269 1513 3335 qui
1549 3267 1652 3319 fuit
1681 3280 1861 3319 annus
1889 3264 2098 3335 Christi

531 3339 954 3394 trecentesimus
989 3339 1368 3404 sexagesimus
1412 3333 1659 3396 octavus,
1700 3335 1960 3388 Basiliutn
1986 3333 2099 3402 jam

533 3421 648 3462 tum
689 3408 1006 3476 epiSCOputn
1051 3406 1313 3460 Caesareae
1359 3406 1622 3476 agnoscit,
1675 3412 1730 3476 et
1777 3404 2100 3472 Gregorium

532 3472 815 3532 Nazianzi.
858 3472 1127 3544 Caeterum
1168 3477 1312 3544 quod
1371 3472 1436 3529 ad
1486 3472 1819 3544 Gregorium
1855 3483 2099 3544 spectat,

534 3547 821 3600 manifeste
845 3545 1050 3598 fallitur
1078 3541 1357 3600 Socrates.
1385 3545 1503 3598 Non
1526 3541 1974 3606 enintNazianzi,
2007 3543 2102 3598 scd

537 3616 879 3684 Sasiutorum
922 3613 1217 3682 episcopus
1247 3631 1312 3668 eo
1339 3625 1584 3684 tempore
1616 3630 1646 3668 a
1694 3614 1891 3667 Basilio
1925 3613 2103 3668 factus

535 3695 619 3740 est
646 3682 945 3755 Gregorius
971 3697 986 3747 ;
1020 3699 1179 3750 quem
1209 3693 1402 3755 tamen
1419 3682 2102 3755 episcopatumnunquain

537 3755 729 3822 gessit,
763 3752 830 3806 ἰιι
860 3753 1092 3823 ipseutct
1119 3761 1350 3808 testatur
1391 3752 1468 3806 in‘
1495 3752 1764 3823 epistolis.
1797 3752 1858 3823 lu
1882 3752 2102 3823 Carmi-

536 3819 701 3878 nibus
731 3837 860 3877 vero
885 3819 958 3876 de
991 3819 1112 3893 Vita
1149 3839 1245 3878 sua
1279 3831 1463 3893 aperte
1501 3819 1748 3892 queritur
1785 3821 1850 3893 de
1881 3821 2102 3887 Basilio,

537 3897 628 3963 qui
687 3907 810 3946 cum
862 3892 1144 3963 sexaginta
1200 3892 1328 3963 sub:
1351 3909 1410 3963 se
1449 3892 1670 3947 haberet
1711 3892 2100 3963 episcopatus,

535 3961 662 4020 vilis
704 3961 1260 4032 oppiduliEcclesiam
1304 3961 1408 4032 ipsi
1440 3961 2107 4032 commendavisset,tani-

536 4036 641 4089 etsi
675 4029 793 4103 ἰρέὲ
821 4032 995 4103 nihilo
1027 4029 1252 4103 inferior
1284 4029 1431 4087 esset
1463 4031 1686 4103 Basilio.

609 4097 717 4175 (54)
761 4102 1108 4175 ῌέμπουσιγ
1156 4098 1659 4175 οὗν-Εὐστᾴθιον.
1717 4101 1982 4175 Baronius
2037 4097 2105 4154 ad

536 4170 955 4226 annuntChristi
989 4171 1094 4226 565
1121 4172 1469 4242 reprehendit
1483 4170 1948 4242 Socratem,quod
1966 4171 2107 4224 hanc

536 4241 1051 4296 Macedonianorum
1100 4243 1419 4310 legationem
1467 4241 1545 4310 ad
1566 4241 1840 4295 Liberium
1887 4254 2102 4310 papam,

537 4312 696 4379 cujus
732 4311 1128 4380 princepsifuit
1156 4308 1486 4365 Eustathius
1523 4308 2108 4380 Sebastenusfconfe-

538 4378 956 4448 ratio—annum
979 4379 1186 4434 Christi
1216 4380 1341 4442 568,
1375 4395 1483 4448 quo
1510 4395 1655 4434 anno
1689 4378 2106 4434 Valentinianus

538 4458 594 4504 et
625 4447 824 4502 Valens
858 4450 1056 4501 iterum
1101 4449 1355 4505 consules
1397 4447 1566 4503 fuere.
1605 4449 1724 4518 Ipse
1765 4449 1980 4503 duobus
2009 4463 2106 4517 po-

538 4519 816 4572 tissimum
845 4520 1186 4585 argumentis
1218 4519 1459 4581 innixus,
1498 4519 1718 4572 missam
1753 4534 1875 4573 esse
1914 4523 2106 4572 censet

541 4601 686 4640 anno
714 4572 939 4640 Christi
970 4585 1094 4639 565.
1122 4589 1365 4640 Primum
1414 4572 1557 4642 enim
1606 4572 1925 4642 Eustathius
1975 4603 2102 4640 cum
2133 4572 2178 4627 Β

541 4657 767 4726 collegis
808 4656 1012 4726 missus
1041 4664 1130 4726 est
1159 4656 1369 4725 legatus
1395 4671 1424 4709 a
1460 4658 1669 4726 synodo
1705 4655 2101 4726 Lampsacena.

541 4723 707 4795 Atqui
755 4725 997 4795 synodus
1041 4723 1410 4794 Lampsacena
1457 4723 1786 4795 congregata
1831 4723 1915 4781 est
1955 4739 2101 4780 anno

541 4794 746 4849 Christi
776 4794 900 4857 565,
931 4802 1136 4864 septeni
1163 4796 1322 4848 annis
1345 4803 1465 4864 post
1494 4794 1761 4862 synodum
1784 4795 2102 4850 Seleucien-

543 4880 678 4928 sent,
730 4872 790 4917 ut
829 4871 1066 4934 testatur
1099 4863 1371 4934 Socrates.
1425 4863 1582 4934 Certe
1636 4865 1797 4934 legati
1835 4865 1890 4918 in
1922 4865 2106 4920 libello

543 4934 664 4988 fi-lei
699 4947 862 5001 quem
908 4933 1228 4986 obtulerunt
1272 4931 1511 5004 Liberio,
1539 4931 1739 4989 diserte
1779 4935 2106 5004 profitentur

542 5018 602 5057 se
650 5003 858 5074 legatos
913 5017 1036 5057 esse
1068 5017 1129 5074 ua
1163 5003 1370 5074 synodo
1417 5003 1822 5074 Lampsacena,
1876 5004 2105 5074 ejusque

543 5073 738 5141 synodi
777 5072 987 5141 litteras
1019 5071 1084 5126 ad
1111 5071 1387 5127 Liberium
1425 5071 1640 5127 afferre.
1685 5075 1884 5128 Deinde
1907 5071 1960 5128 si
1991 5071 2106 5128 haec

542 5137 740 5210 legatio
791 5137 1300 5196 Macedonianorum
1355 5143 1523 5197 missa
1579 5151 1724 5198 esset
1778 5159 1922 5197 anno
1945 5143 2106 5198 Chri-

542 5209 613 5267 sti
636 5209 760 5275 568,
794 5227 903 5264 non
934 5211 1002 5265 ad
1024 5209 1298 5268 Liberium
1326 5227 1522 5282 papam
1558 5213 1730 5270 missa
1756 5213 1970 5280 fuisset,
2007 5221 2105 5271 sed

2201 2849 2266 2902 ad
2323 2849 2634 2905 Damasum.
2679 2849 2929 2916 Liberius
2956 2847 3098 2903 enim
3134 2863 3198 2902 ex
3232 2847 3334 2902 hac
3375 2847 3482 2902 vita
3515 2846 3774 2916 migravit

2199 2933 2346 2974 anno
2389 2918 2588 2974 Christi
2620 2920 2744 2981 567,
2778 2911 3046 2988 Lup‘icino
3078 2926 3132 2972 et
3166 2915 3362 2972 Jovino
3396 2911 3726 2988 consuli—bus
3756 2938 3769 2973 :

2199 2989 2502 3058 eodemque
2543 3003 2687 3042 anno
2736 2987 3002 3058 Damasus
3045 2988 3235 3042 sedere
3277 2988 3464 3058 cmpit.
3497 2987 3660 3055 Atqui
3697 2989 3774 3043 le-

2199 3061 2307 3128 gati
2348 3057 2907 3128 Macedonianornm,
2935 3057 3058 3128 fidei
3109 3073 3222 3128 suae
3268 3057 3510 3112 libellum
3556 3059 3776 3128 obtule—

2201 3137 2330 3182 runt
2363 3128 2600 3193 Liberio,
2625 3139 2678 3182 et
2707 3129 2777 3182 ab
2813 3127 3001 3183 eodem
3037 3127 3252 3181 Liberio
3288 3129 3497 3182 litteras
3525 3127 3590 3179 ad
3641 3143 3776 3184 suos

2203 3208 2556 3267 acceperunt,
2607 3208 2666 3251 ut
2698 3198 2863 3252 refert
2901 3198 3156 3251 Socrates
3200 3198 3301 3250 hoc
3330 3198 3467 3267 loco.
3507 3195 3627 3250 Non
3669 3198 3779 3267 igi-

2129 3247 2171 3304 C
2203 3247 2293 3338 at;
2307 3247 2592 3324 amastis
2612 3247 2925 3323 aegrest
2941 3247 3306 3338 assistant:
3331 3247 3779 3338 egessisse

2204 3337 2527 3406 legationem
2583 3339 2843 3391 libentius
2895 3336 3220 3390 contulerim
3268 3337 3321 3390 in
3354 3352 3559 3389 annum
3604 3336 3778 3392 Chri-

2204 3411 2272 3460 sti
2304 3407 2440 3471 567,
2463 3408 2625 3476 idque
2655 3409 2915 3461 adversus
2948 3407 3239 3461 Baronium
3273 3407 3373 3460 hac
3400 3409 3614 3461 ratione
3638 3423 3780 3463 con-

2203 3476 2439 3530 clttdam.
2494 3478 2719 3532 Fatetur
2753 3476 3020 3532 Baronius
3075 3476 3347 3546 Elpidium
3390 3480 3776 3546 presbyterum

2202 3547 2354 3601 urbis
2394 3546 2579 3602 Romae
2631 3563 2737 3601 una
2777 3562 2898 3600 cum
2952 3546 3237 3602 Eustathio
3278 3559 3333 3616 et
3385 3545 3611 3615 collegis
3651 3547 3778 3616 ejus

2204 3616 2430 3687 missum
2471 3632 2594 3672 esse
2628 3615 3089 3687 adjllyricianam
3118 3615 3408 3687 synodum.
3441 3616 3601 3684 cujus
3646 3615 3780 3687 syn-

2205 3685 2421 3739 odicam
2486 3687 2650 3742 refert
2702 3685 3072 3740 Theodoritus
3122 3685 3176 3740 in
3230 3685 3366 3738 libro
3416 3701 3465 3737 iv
3513 3685 3778 3741 Historia:

2201 3756 2589 3827 ecclesiasticae.
2647 3756 2813 3827 Atqui
2846 3755 3168 3827 illlyriciana
3207 3754 3451 3827 syuodus
3493 3758 3581 3827 cui
3628 3757 3780 3826 Elpi-

2203 3826 2329 3880 dios
2350 3838 2405 3880 et
2429 3824 2749 3881 Eustathius
2771 3824 3105 3879 Sebastenus
3132 3824 3264 3878 inter
3277 3824 3400 3889 fuit,
3437 3826 3668 3881 collecta
3691 3824 3780 3883 est

2209 3909 2356 3949 anno
2383 3896 2585 3950 Christi
2616 3897 2742 3966 567,
2765 3903 2860 3948 aut
2887 3895 3017 3960 568,
3045 3903 3104 3948 nt
3130 3902 3276 3964 patet
3319 3910 3383 3948 ex
3413 3894 3782 3966 inscriptione

2203 3966 2448 4033 epistola:
2474 3982 2635 4034 quam
2680 3963 3093 4019 Valentinianus
3129 3963 3423 4032 imperator
3451 3963 3677 4034 scripsit
3707 3967 3778 4022 ad

2203 4035 2496 4105 episcopos
2547 4035 2710 4094 Asiae.
2776 4045 2833 4089 ut
2877 4034 3141 4105 synodum
3195 4035 3342 4105 illam
3395 4035 3775 4105 confirmaret.

2206 4102 2363 4158 llunc
2385 4102 2526 4158 énim
2558 4106 2773 4158 titulum
2817 4102 2981 4158 habet
3026 4103 3325 4172 imperialis
3359 4104 3590 4171 epistola
3620 4124 3632 4159 :
3674 4106 3778 4161 Va-

2205 4174 2554 4236 lentinianus,
2606 4173 2818 4236 Valens,
2875 4183 2924 4227 et
2961 4173 3249 4243 Gratianus
3299 4172 3522 4242 Augusti
3572 4178 3782 4243 episco-

2203 4245 2306 4311 pis,
2343 4252 2471 4306 etc.,
2505 4252 2564 4297 ut
2593 4246 2774 4313 legere
2804 4252 2889 4297 est
2925 4246 3064 4313 apud
3111 4242 3502 4297 Theodoritum
3531 4242 3782 4302 indicto

2208 4313 2368 4366 libro.
2396 4313 2886 4387 At_qui_Gratianus
2923 4329 2952 4387 a
2985 4323 3140 4382 patre
3173 4315 3454 4387 Augustus
3483 4329 3781 4387 nuncupa-

2207 4390 2296 4453 t_us
2321 4390 2425 4447 est,
2449 4381 2717 4453 Lupicino
2744 4393 2797 4436 et
2827 4381 3022 4437 Jovino
3048 4383 3390 4443 consulibus,
3418 4398 3468 4435 ix
3503 4381 3783 4442 Kalendas

2209 4449 2566 4520 Septembris,
2609 4462 2667 4506 ut
2710 4462 2906 4520 prteter
2952 4453 3231 4507 Socratem
3273 4453 3431 4506 docet
3466 4453 3676 4512 ldalius
3724 4459 3782 4512 in

2208 4519 2405 4583 Fastis,
2451 4534 2504 4577 et
2537 4519 2730 4575 auctor
2761 4522 3015 4576 Clironiri
3051 4523 3430 4577 Alexandrini.
3470 4523 3708 4581 Proinde
3733 4528 3782 4581 si

2207 4589 2822 4666 illyricianausynodus
2875 4591 3066 4648 eodem
3136 4606 3280 4666 anno
3337 4595 3606 4666 contigit,
3671 4613 3784 4666 quo

2207 4660 2406 4728 legatio
2429 4662 2517 4714 illa
2543 4660 3083 4725 Macedonianoruin,
3107 4665 3330 4718 omnino
3353 4660 3785 4720 Macedonian-io-

2207 4745 2327 4783 rum
2353 4731 2548 4800 legatio
2569 4731 2898 4802 conferenda
2929 4733 3036 4786 erit
3055 4732 3110 4787 in
3133 4750 3335 4788 annum
3359 4735 3563 4788 Christi
3584 4736 3690 4792 567
3711 4745 3783 4802 ’⁸,

2207 4815 2318 4867 quo
2378 4816 2522 4855 anno
2576 4801 2826 4857 Liberius
2874 4802 2927 4855 in
2983 4804 3120 4858 vivis
3169 4819 3293 4858 esse
3343 4803 3507 4859 desiit
3557 4806 3788 4862 ineunte

2209 4869 2535 4942 Septembri.
2599 4869 2786 4927 Potuit
2857 4873 3022 4942 igitur
3077 4873 3398 4928 Eustathius
3448 4890 3574 4928 eum
3632 4877 3788 4931 adire

2206 4954 2393 5013 mense
2419 4940 2603 5004 Junio,
2638 4951 2691 4996 et
2730 4943 2799 4996 ab
2829 4940 3020 4997 eodem
3060 4944 3275 4999 litteras
3307 4944 3561 5013 accipere
3591 4961 3787 5002 mense

2206 5011 2472 5084 Augusto.
2505 5012 2865 5084 Illyricianatn
2906 5021 3085 5084 autem
3118 5015 3386 5084 synodum
3408 5011 3604 5069 eodem
3634 5031 3784 5071 anno

2208 5077 2395 5168 mense
2435 5077 2741 5162 Septembri
2784 5082 3119 5168 celebratam
3147 5077 3300 5163 '_esse
3349 5084 3566 5168 opinor,
3616 5101 3781 5168 quam

2208 5148 2548 5228 confirmavit
2580 5152 2876 5228 imperator
2905 5150 3344 5217 Valentinianus,
3372 5148 3650 5211 Gratiano
3668 5156 3782 5228 jam

2206 5217 2275 5271 ad
2303 5219 2606 5290 Augustum
2641 5217 2856 5276 culmen
2895 5230 3101 5276 evecto.

1974 5370 2358 5428 VARIORUM.

613 5462 661 5495 ν
705 5455 956 5529 Valesius
989 5456 1058 5529 in
1105 5458 1250 5512 notis
1308 5458 1372 5529 ad
1436 5459 1798 5529 Sozomenum
1858 5461 1955 5515 lib.
2007 5477 2093 5529 vi,

546 5543 663 5601 cap.
717 5527 1119 5601 ll,_existimat
1151 5541 1272 5581 cum
1318 5527 1908 5601 Baronio_,__Socratein
1952 5527 2097 5601 legaé

547 5596 744 5654 tio—nem
817 5596 1329 5651 Maccdonianoruin
1408 5597 1475 5649 ad
1544 5596 1816 5651 Liberium
1892 5596 2096 5655 referre

548 5683 667 5721 cuin
709 5667 1001 5720 consulatu
1051 5671 1292 5721 secundo
1334 5665 1700 5721 Valentiniani
1743 5675 1797 5721 et
1837 5665 2102 5733 Valentis,

551 5750 690 5792 anno
735 5736 840 5793 568
873 5745 1061 5808 gesto;
1093 5737 1180 5793 hic
1241 5745 1422 5793 autem
1475 5751 1595 5794 eam
1645 5736 1700 5791 in
1750 5753 1954 5792 annum
2003 5739 2105 5794 567

2201 5465 2588 5544 conferendam
2641 5483 2783 5544 esse.
2832 5469 2936 5524 Sed
2968 5471 3269 5544 utrobique
3316 5487 3633 5544 perperam.
3689 5474 3788 5529 So-

2202 5542 2383 5588 crates
2417 5537 2562 5589 enim
2593 5537 2760 5593 refert
2789 5542 3136 5596 consulatum
3177 5537 3335 5596 illuni
3378 5537 3685 5600 sécundum
3715 5548 3784 5598 ad

2203 5617 2265 5656 ea
2297 5618 2580 5684 quarcap.
2624 5607 2686 5662 ll
2738 5618 2952 5684 narrat,
2992 5627 3102 5684 quo
3152 5611 3398 5684 ejusdem
3432 5616 3787 5684 consulatus

2211 5679 2482 5736 meminit,
2511 5691 2619 5756 non
2642 5693 2772 5732 vero
2801 5679 2868 5756 ad
2903 5679 3226 5756 legationem
3255 5681 3783 5756 Maccdonianoruui

2214 5757 2377 5810 quam
2412 5749 2588 5815 capite
2619 5749 2872 5821 praesenti
2897 5749 3107 5809 narrat.
3136 5751 3321 5819 Quare
3359 5769 3485 5809 cum
3527 5754 3791 5827 Lampsa-
