4016 6350
2640 207 2755 219 --ίείν

442 324 548 383 J87
1909 314 2026 372 SOC

2135 316 2247 374 TIS
3586 310 3694 368 488

440 444 744 516 gnitatein,
798 448 914 498 tum
967 439 1031 495 ad
1081 439 1371 496 universos
1419 434 1592 492 Italiae
1638 444 1692 498 et
1739 434 2010 492 Occiden-

2130 436 2323 496 πάντας
2364 431 2489 496 τοὺς
2532 430 2766 496 Ἰταλούς
2810 446 2871 485 τε
2921 429 3015 484 καὶ
3049 429 3312 495 Δυτικούς
3360 430 3700 496 ἐπισκόπους

451 532 525 588 ιίε
559 531 723 602 225
757 532 1046 602 episcopos
1092 529 1304 583 litteras
1337 520 2016 592 all‘erimus,‘catbolicam

2130 527 2358 598 γράμμα
2414 522 2734 595 κομίζομεν,
2774 523 2874 593 τὴν
2905 521 3213 592 Καθολικὴν
3253 521 3435 576 πίστιν
3472 523 3696 592 κρατεῖν

445 622 610 677 ﬁdem
641 631 826 678 tenere
855 629 911 678 et
935 619 1241 685 custodire,
1275 633 1397 689 qua:
1429 618 1486 672 in
1514 625 1868 672 sacrosancta
1891 631 2017 688 syn-

443 714 551 769 odo
607 713 870 777 Nicaena,
925 712 1269 781 temporibus
1321 712 1494 765 beata:
1545 710 1824 764 memoriis
1874 708 2017 762 Con-

445 805 713 870 stantini,
749 821 779 857 a
815 805 1082 860 trecentis
1112 804 1300 857 decem
1334 809 1386 856 ct
1409 809 1533 856 octo
1565 801 1839 870 episc0pis
1865 815 2017 853 com-

444 898 674 966 probata
695 937 710 960 ,
750 896 1021 958 hactenus
1057 895 1268 963 integra
1300 901 1354 946 et
1385 893 1712 946 inconcussa
1754 898 2017 960 perpetuo

446 988 783 1058 permansit:
818 988 869 1039 in
901 1001 1007 1054 qua
1038 985 1530 1040 consubstantialis
1563 983 1886 1037 vocabulum
1921 983 2016 1037 ad-

443 1093 639 1130 versus
673 1092 896 1146 pravam
931 1077 1042 1129 Arii
1075 1076 1384 1128 doctrinam
1423 1075 1509 1142 pie
1541 1080 1836 1141 sancteque
1870 1072 2017 1140 posi-

327 1160 335 1170 ”
446 1178 559 1220 tum
613 1176 737 1233 est;
787 1167 1038 1220 similiter
1089 1173 1143 1218 et
1192 1180 1291 1218 nos
1343 1177 1449 1217 una
1497 1179 1623 1217 cum
1679 1162 2016 1232 supradictis

444 1260 688 1312 eamdem
749 1257 906 1311 ﬁdem
959 1256 1206 1310 tenuisse
1249 1269 1312 1308 ac
1360 1262 1580 1320 tenere,
1629 1263 1684 1310 et
1730 1269 1905 1323 usque
1947 1253 2015 1307 ad

444 1356 748 1401 extremum
797 1347 1053 1415 spiritum
1107 1353 1427 1400 servaturos
1474 1360 1634 1409 esse,
1691 1345 1799 1413 ipsi
1848 1359 2014 1398 manu

448 1447 638 1491 nostra
671 1436 1031 1504 proﬁtemur;
1070 1437 1258 1489 Arium
1291 1443 1345 1486 et
1383 1434 1605 1503 impiam
1646 1433 1768 1502 ejus
1807 1433 2016 1487 doctri-

445 1545 568 1580 nam
618 1544 722 1580 una
762 1543 883 1581 cum
925 1529 1218 1596 discipulis
1254 1527 1403 1581 illius
1437 1533 1490 1580 et
1527 1525 1717 1580 eadem
1761 1540 1885 1579 cum
1920 1525 2016 1579 illo

445 1619 812 1674 Senticntibus
837 1619 1301 1683 condemnantcs;
1324 1632 1542 1687 omnem
1564 1624 1826 1686 prieterea
1846 1617 2017 1670 haere-

445 1713 547 1764 sim
588 1708 809 1763 Sabellii
835 1749 849 1770 .
885 1709 1346 1778 Patropassianos
1369 1748 1384 1774 ,
1417 1707 1831 1769 Marcionistas,
1871 1704 2016 1760 Plio-

2122 617 2217 670 καὶ
2251 615 2558 685 φυλάττειν,
2582 615 2703 684 ἥτις
2745 615 2803 666 ὲν
2847 615 2914 685 τῇ
2944 613 3074 682 ἁγίᾳ
3098 611 3349 666 Νικαέων
3375 613 3579 685 συνόδῳ
3600 614 3700 666 ἐπὶ

2121 707 2216 760 τοῦ
2261 705 2533 777 μακαρίου
2573 706 3016 767 Κωνσταντίνου,
3063 705 3168 758 ὐπὸ
3200 705 3528 774 τριακοσίων
3565 705 3700 759 δέκα

2123 799 2218 852 καὶ⁴
2243 797 2384 850 ὁκτὼ
2406 797 2718 850 ἐπισκόπων
2759 795 3132 866 βεϐαιωθεῖσα,
3179 797 3416 868 ἀκεραίᾳ
3442 798 3535 850 καὶ
3559 800 3702 852 ἀσα-

2119 888 2293 959 λεύτῳ
2337 890 2668 942 καταστάσει
2717 888 2822 951 ἕως
2859 887 2954 941 νῦν
2983 888 3076 940 καὶ
3103 887 3365 959 διηνεκῶς
3413 889 3697 960 διαμένειο

2122 981 2180 1032 ὲν
2262 979 2322 1032 τὸ
2347 980 2630 1049 ὁμοούσιον
2658 980 2829 1046 ἀγίως
2859 979 2950 1032 καὶ
2983 980 3224 1043 εὐσεϐῶς
3255 983 3430 1035 κεῖται
3461 983 3701 1036 ὑπεναν-

2120 1072 2250 1134 τίως
2278 1073 2376 1142 τῆς
2413 1072 2620 1143 ’Λρείου
2650 1071 2980 1142 διαστροφῆς
2999 1089 3013 1104 ο
3042 1073 3242 1142 ὁμοίως
3268 1075 3363 1128 καὶ
3406 1076 3554 1144 ἡμᾶς
3607 1074 3704 1128 καὶΙ

2119 1160 2188 1213 τὰ
2216 1160 2322 1213 τῶν
2351 1161 2758 1232 προειρημένων
2795 1161 2904 1230 (58)
2952 1161 3050 1232 τὴν
3080 1162 3246 1232 αὐτὴν
3287 1163 3468 1215 πίστιν
3499 1180 3706 1233 κεκρα-

2119 1251 2368 1320 τηκέναι,
2394 1253 2486 1304 καὶ
2516 1255 2756 1322 κρατεῖν,
2789 1253 2882 1305 καὶ
2905 1253 3030 1325 ἄχρι
3053 1255 3238 1317 τέλους
3256 1256 3570 1323 φυλάσσειν,
3597 1257 3706 1327 ἰδίᾳ

2121 1343 2265 1411 χειρὶ
2297 1341 2684 1413 ὁμολογοῦμεν,
2729 1345 3147 1415 κατακρίνοντες
3180 1347 3416 1415 Ἀρειον,
3451 1348 3544 1400 καὶ
3601 1348 3706 1418 τὴν

2121 1428 2290 1499 ἀσεϐῆ
2327 1428 2543 1500 διδαχὴν
2584 1431 2774 1495 αὐτοῦ,
2817 1434 2912 1486 σὺν
2960 1435 3070 1495 τοῖς
3104 1435 3368 1505 μαθηταῖς
3402 1436 3707 1499 αὐτοῦ,καὶ

2120 1519 2246 1581 τοὺς
2274 1519 2578 1589 ὁμόφρονας
2615 1521 2802 1584 αὐτοῦ,
2832 1522 2926 1576 καὶ
2947 1523 3126 1576 πᾶσαν
3157 1525 3366 1593 αἵρεσιν
3386 1526 3702 1591 Σαϐελλίου,

2121 1609 2636 1677 Πατροπασσιανοὺς
2674 1613 2820 1681 (59),
2870 1615 3326 1684 Μαρκιωνιστάς,
3371 1619 3702 1683 Φωτιανοὺς,

2121 1701 2584 1770 Μαρκελλιανοὸς,
2601 1705 2696 1757 καὶ
2714 1705 2924 1758 Παύλου
2941 1705 3034 1758 τοῦ
3056 1708 3435 1778 Σαμοσατέως,
3460 1711 3556 1764 καὶ
3576 1711 3706 1775 τού-

446 1801 686 1855 tinianos
706 1841 720 1866 ,
747 1800 1128 1856 Marcellianos
1151 1839 1165 1863 ,
1195 1798 1346 1854 Pauli
1375 1799 1611 1868 denique
1637 1797 1981 1852 Samosateni
1999 1839 2015 1864 ,

2130 1808 2226 1845 των
2245 1793 2344 1862 τὴν
2356 1792 2574 1864 διδαχὴν
2590 1797 2694 1849 καῖ’
2706 1796 2910 1860 πάντας
2925 1797 3051 1861 τοὺς
3066 1799 3368 1870 ὁμόφρονας
3387 1801 3586 1865 αὐτῶν,
3609 1802 3707 1856 καὶ

447 1893 640 1946 borum
682 1893 927 1946 omnium
968 1893 1318 1959 doctrinam,
1356 1899 1411 1945 et
1453 1899 1684 1946 cunctos
1722 1891 1816 1960 qui
1871 1890 2014 1945 idem

449 1999 570 2038 cum
600 1985 710 2038 illis
741 1985 1024 2050 sentiunt,
1059 1999 1252 2038 omnes
1283 1982 1520 2053 denique
1551 1981 1791 2037 haereses
1822 1981 2016 2036 adver-

449 2078 635 2124 santes
663 2079 870 2125 sanctae
903 2071 1027 2125 ﬁdei
1065 2072 1424 2141 supradictae,
1463 2087 1586 2142 qua:
1616 2073 1705 2141 pie
1732 2081 1786 2126 et
1822 2071 2011 2124 catho-

450 2161 551 2215 lice
591 2176 620 2214 a
660 2165 869 2216 sanctis
922 2163 1176 2217 l’atribus
1219 2161 1412 2218 Nicaea
1457 2164 1709 2234 exposita
1749 2170 1851 2218 est.
1911 2161 2018 2218 Sed

451 2253 725 2322 ριέεείρυε
765 2252 1114 2307 anathemate
1153 2253 1481 2309 damnantes
1520 2253 1680 2308 ﬁdem
1719 2253 1868 2308 illam
1899 2268 2022 2324 quae

451 2343 506 2395 in
543 2343 881 2400 Ariminensi
915 2344 1127 2414 synodo
1160 2343 1391 2398 recitata
1421 2351 1538 2410 est,
1579 2350 1773 2416 utpote
1803 2351 2022 2398 contra-

450 2434 590 2487 riam
636 2433 967 2502 supradiclze
1006 2433 1132 2489 ﬂdei
1175 2435 1351 2491 sancti
1392 2435 1616 2490 concilii
1656 2435 1711 2488 in
1757 2435 1893 2489 urbe
1927 2432 2022 2488 Ni-

452 2539 602 2578 caena
636 2525 935 2580 celebrati:
974 2527 1066 2581 cui
1103 2541 1170 2581 ex
1215 2527 1416 2597 oppido
1466 2525 1716 2582 Thracia:
1755 2525 1887 2582 Nice
1942 2527 2023 2581 al-

453 2619 612 2682 latae,
649 2617 777 2673 dolo
810 2633 875 2672 ac
907 2615 1153 2688 perjurio
1189 2615 1552 2673 circumventi
1591 2617 1837 2689 episcopi
1876 2617 2024 2672 Con-

454 2710 811 2780 stantinopoli
853 2710 1255 2780 subscripsere.
1300 2709 1461 2766 Fides
1490 2717 1674 2765 autem
1705 2716 1901 2766 nostra
1927 2747 1942 2774 ,
1968 2717 2025 2766 et

454 2816 645 2856 eorum
673 2817 815 2871 quos
844 2816 1012 2872 supra
1060 2801 1336 2867 diximus,
1384 2809 1439 2857 et
1477 2817 1710 2872 quorum
1749 2804 2026 2873 legatione

456 2889 758 2959 fungimur,
795 2897 880 2944 est
909 2890 1024 2944 haec
1051 2907 1063 2943 :
1097 2888 1384 2946 Credimus
1417 2891 1474 2945 in
1501 2906 1668 2945 unum
1694 2890 1862 2948 Deum
1881 2933 1897 2960 ,
1927 2893 2028 2947 Pa-

457 2989 599 3035 trem
627 2981 1057 3050 omnipotentem
1078 3019 1094 3045 ,
1127 2981 1368 3036 omnium
1404 2982 1709 3038 visibilium
1741 2991 1796 3038 et
1830 2983 2026 3040 invisi-

455 3073 646 3126 bilium
683 3071 947 3128 factorem
974 3089 988 3141 ;
1019 3079 1074 3126 et
1113 3071 1168 3127 in
1210 3086 1384 3127 unum
1430 3073 1772 3144 unigenitum
1820 3071 2024 3138 Deum,

2118 1884 2296 1948 πάσας
2311 1883 2408 1949 τὰς
2427 1886 2666 1956 αἱρέσεις
2680 1887 2777 1951 τὰς
2799 1889 3214 1960 ὲναντιουμένας
3237 1894 3302 1962 τῇ
3327 1896 3702 1966 προειρημένῃ

2117 1975 2248 2045 ἁγίᾳ
2283 1976 2502 2040 πίστει,
2533 1977 2654 2047 ἥτις
2688 1979 2926 2044 εὐσεϐῶς
2969 1982 3062 2034 καὶ
3103 1983 3404 2048 καθολικῶς
3436 1986 3540 2040 ὑπὸ
3587 1987 3702 2040 τῶν

2118 2065 2287 2132 ἁγίων
2318 2065 2536 2136 ἐξετέθη
2559 2067 2818 2139 Πατέρων
2859 2073 2918 2123 ὲν
2944 2071 3168 2143 Νικαίᾳ.
3187 2074 3702 2144 Ἀναθεματίζοντες

2117 2156 2406 2227 ἐξαιρέτως
2422 2159 2515 2211 καὶ
2528 2158 2624 2230 τὴν
2640 2161 2697 2214 ὲν
2712 2159 2828 2232 Ἀρι
2835 2162 2986 2232 μήνῳ
3003 2163 3206 2229 συνόδῳ
3225 2164 3333 2235 (40)
3347 2167 3707 2234 ἀναγνωσθεῖ-

2120 2265 2217 2302 σαν
2241 2247 2474 2313 ἔκθεσιν,
2497 2251 2572 2315 ὡς
2593 2253 2923 2318 ὑπεναντίως
2938 2255 3034 2326 τῆς
3065 2257 3468 2328 προειρημένης
3496 2259 3704 2329 ταύτης

2118 2339 2354 2404 πίστεως
2370 2341 2469 2410 τῆς
2488 2342 2648 2411 ἁγίας
2667 2344 2885 2398 συνόδου
2909 2345 3008 2416 τῆς
3029 2347 3086 2400 ὲν
3108 2347 3314 2418 Νικαία
3338 2349 3701 2420 πραχθεῖσανο

2119 2428 2200 2496 οἷς
2216 2432 2352 2504 δόλῳ
2376 2434 2469 2487 καὶ
2493 2435 2748 2508 ἐπιορκία
2768 2436 3189 2501 ὑποπεισθέντες
3211 2439 3269 2494 ὲν
3286 2440 3704 2494 Κωνσταντίνου

2122 2527 2273 2580 πόλει
2301 2528 2320 2563 ⁸
2352 2527 2703 2597 κομισθεῖσαν
2725 2528 2830 2582 ἀπὸ
2847 2529 3021 2600 Νίκης
3043 2541 3072 2569 ιι
3094 2529 3193 2600 τῆς
3217 2530 3436 2602 Θρᾴκης
3456 2531 3709 2604 ὑπέγρα-

2121 2619 2252 2691 ψαν.
2286 2622 2442 2675 Ἔστι
2494 2622 2551 2675 δὲ
2591 2625 2624 2694 ἡ
2655 2623 2838 2688 πίστις
2866 2623 3042 2694 ἡμῶν,
3080 2625 3176 2678 καὶ
3209 2624 3387 2680 αὐτῶν
3413 2620 3488 2680 ὧν
3522 2627 3711 2698 προεί-

2127 2705 2411 2784 ρηται,’ὧν
2448 2712 2541 2766 καὶ
2574 2712 2671 2784 τὴν
2703 2714 2995 2784 πρεσϐείαν
3036 2715 3360 2786 ποιούμεθα,
3405 2718 3567 2790 αῦτη·
3612 2720 3715 2773 Πι-

2126 2797 2387 2868 στεύομεν
2408 2800 2486 2863 είς
2506 2798 2600 2852 ἕνα
2621 2799 2773 2866 Θεὸν,
2792 2802 3010 2873 Πατέρα
3023 2804 3458 2877 παντοκράτορα,
3481 2806 3712 2862 πάντων

2124 2889 2336 2961 ὁρατῶν
2366 2891 2459 2944 καὶ
2491 2892 2737 2962 ἀοράτων
2769 2896 2997 2965 ποιητήν
3016 2909 3029 2925 ⁸
3055 2896 3150 2949 καὶ
3193 2899 3272 2960 είς
3312 2898 3406 2951 ἕνα
3441 2901 3714 2972 μονογενῆ

2125 2981 2277 3048 Θεὸν,
2325 2981 2529 3053 Κύριον
2583 2984 2790 3055 Ἰησοῦν
2820 2985 3074 3058 Χριστὸν,
3121 2987 3213 3042 τὸν
3246 2988 3375 3044 Υίὸν
3397 2990 3492 3043 τοῦ
3521 2990 3664 3044 Θεοῦ
3694 3003 3712 3022 δ

2128 3071 2454 3141 γεννηθέντα
2470 3073 2534 3126 ἐκ
2548 3071 2642 3125 τοῦ
2661 3074 2889 3145 Πατρὸς,
2912 3079 3188 3130 τουτέστιν
3208 3079 3272 3131 ὲκ
3283 3077 3384 3148 τῆς
3400 3079 3590 3142 οὐσίας
3611 3079 3713 3132 τοῦ

460 3165 744 3219 Dominum
789 3162 975 3219 Jesum
1013 3162 1330 3228 Christum,
1359 3141 1555 3218 Filium
1608 3163 1739 3227 Dei,
1783 3168 2024 3234 genitum

2132 3162 2364 3233 Πατρὸς,
2381 3163 2511 3217 Θεὸν
2527 3165 2591 3217 ὲκ
2612 3141 2902 3235 Θεοῦξφῶς
2914 3168 2978 3220 ὲκ
2999 3168 3195 3236 φωτὸς,
3225 3141 3356 3223 Θεὸν
3373 3169 3628 3241 ἀληθινὸν
3647 3173 3718 3225 ὲκ

459 3269 526 3310 ex
561 3253 760 3321 Patre,
791 3256 843 3309 id
899 3263 983 3312 est
1029 3270 1097 3310 ex
1127 3254 1308 3310 Patris
1353 3255 1665 3310 substantia
1691 3297 1706 3322 ,
1751 3255 1920 3310 Deum
1958 3272 2028 3312 ex

459 3344 570 3400 Deo
588 3385 604 3411 ,
633 3346 816 3400 lumen
842 3361 909 3400 ex
937 3346 1164 3412 lumine,
1197 3345 1368 3400 Deum
1394 3360 1583 3400 verum
1611 3359 1680 3400 ex
1715 3344 1827 3400 Deo
1855 3361 2025 3412 vero;

460 3437 737 3507 genitum,
788 3450 899 3490 non
954 3437 1203 3501 factum,
1252 3436 1794 3492 consubstantialem
1837 3437 2026 3501 Patri,

461 3543 560 3597 per
591 3543 754 3597 quem
786 3528 973 3581 omnia
1007 3527 1150 3582 facta
1179 3535 1308 3581 sunt
1336 3543 1460 3597 quae
1489 3528 1545 3582 in
1571 3528 1715 3583 caelo
1742 3535 1796 3584 et
1823 3544 1945 3598 qua:
1974 3530 2031 3584 in

461 3627 633 3673 terra.
661 3618 764 3684 Qui
793 3627 1018 3688 propter
1045 3634 1146 3674 nos
1176 3619 1427 3674 homines
1456 3627 1512 3674 et
1541 3629 1766 3690 propter
1791 3628 2039 3676 nostrain

465 3707 701 3762 salutem
737 3707 1023 3762 descendit
1054 3723 1086 3763 e
1118 3708 1289 3772 caelo,
1323 3716 1378 3764 et
1409 3709 1732 3766 incarnatus
1765 3710 2041 3780 homoque

469 3795 650 3851 factus
693 3803 816 3850 est:
863 3811 1064 3865 passus
1111 3805 1198 3852 est
1230 3800 1396 3852 etiam
1429 3806 1484 3852 et
1525 3801 1829 3854 resurrexit
1874 3802 2039 3856 tertia

468 3887 558 3942 die
577 3878 602 3952 ,λ
626 3895 680 3942 ει
732 3887 982 3942 ascendit
1029 3889 1086 3942 in
1135 3889 1370 3954 caelum,
1423 3897 1800 3961 venturusque
1843 3900 1928 3946 est
1980 3901 2039 3948 ut

461 3975 672 4046 judicet
698 3978 850 4032 vivos
878 3986 933 4032 et
963 3986 1234 4034 mortuos.
1269 3977 1335 4031 Et
1367 3979 1421 4033 in
1459 3977 1724 4049 Spiritum
1756 3988 2032 4035 sanctum.

465 4067 573 4125 Eos
595 4077 776 4124 autem
809 4071 902 4140 qui
926 4069 1121 4124 dicunt
1149 4087 1162 4122 :
1192 4069 1318 4123 Fuit
1345 4079 1560 4139 tempus
1584 4086 1707 4124 cum
1735 4086 1842 4126 non
1865 4082 2032 4136 esset,

464 4168 540 4226 et,
558 4159 863 4230 Antequam
879 4162 1196 4232 gigneretur
1213 4175 1321 4216 non
1337 4170 1477 4228 erat;
1495 4170 1572 4227 et,
1592 4159 1666 4216 De
1682 4177 1790 4216 non
1810 4169 2036 4218 exstan-

466 4251 618 4305 tibus
648 4251 829 4307 factus
863 4259 949 4306 est
977 4270 990 4306 ε
1024 4261 1118 4306 aut
1149 4253 1242 4322 qui
1276 4253 1470 4306 dicunt
1502 4267 1566 4306 ex
1600 4253 1707 4306 alia
1750 4253 2036 4323 hypostasi

467 4341 896 4426 vel_§ubstantia
931 4342 1211 4399 exstitisse
1232 4341 1431 4397 Filium
1464 4341 1577 4411 Dei,
1617 4349 1712 4398 aut
1745 4343 2040 4399 mutationi

2132 3251 2264 3305 Θεοῦ
2306 3251 2590 3323 ἀληθινοῦ·
2611 3255 2958 3325 γεννηθέντα,
3000 3257 3062 3309 οὐ
3092 3258 3407 3328 ποιηθέντα,
3425 3259 3720 3330 ὁμοούσιον

2131 3343 2209 3413 τῷ
2226 3343 2422 3415 Πατρὶ,
2444 3344 2509 3397 δι’
2521 3336 2582 3396 οὗ
2595 3345 2662 3398 τὰ
2680 3346 2858 3400 πάντα
2878 3347 3111 3421 ἐγένετο,
3131 3349 3200 3402 τά
3209 3367 3269 3402 τε
3303 3351 3361 3402 ὲν
3378 3350 3456 3421 τῷ
3472 3351 3719 3422 οὐρανῷ,

2133 3436 2228 3488 καὶ
2249 3434 2317 3486 τά
2337 3435 2432 3488 ἐπὶ
2455 3435 2556 3507 τῆς
2583 3437 2706 3507 γῆς.
2737 3438 2841 3491 Τὸν
2889 3439 2956 3492 δι’
2999 3440 3146 3510 ἡμᾶς
3187 3442 3314 3505 τοὺς
3363 3440 3721 3512 ἀνθρώπους,

2136 3527 2232 3579 καὶ
2287 3525 2376 3580 διὰ
2426 3527 2526 3598 τὴν
2581 3530 2854 3601 ἡμετέραν
2879 3532 3154 3603 σωτηρίαν
3213 3534 3572 3588 κατελθόνταο
3618 3537 3726 3590 καὶ

2135 3616 2508 3688 σαρκωθέντα,
2535 3620 2630 3673 καὶ
2658 3621 3155 3694 ὲνανθρωπήσαντα
3178 3641 3191 3655 ·
3215 3625 3309 3678 καὶ
3325 3625 3589 3692 παθόντα,
3623 3629 3726 3681 καὶ

2135 3707 2444 3762 ἀναστάντα
2473 3717 2501 3748 τ
2527 3711 2593 3780 τῇ
2620 3710 2775 3781 τρίτῃ
2819 3712 3031 3784 ἡμέρᾳ·
3087 3713 3380 3769 ἀνελθόντα
3427 3717 3508 3780 είς
3549 3716 3728 3789 οὐρα-

2133 3799 2256 3862 νούς
2284 3815 2298 3830 ο
2331 3799 2424 3854 καὶ
2448 3801 2738 3872 ἐρχόμενον
2765 3807 2946 3874 κρῖναι
2971 3799 3179 3869 ζῶντας
3205 3807 3298 3860 καὶ
3320 3807 3568 3876 νεκρούς.
3603 3811 3728 3863 Καὶ

2134 3891 2214 3954 είς
2240 3891 2299 3943 τὸ
2333 3891 2556 3961 Πνεῦμα
2597 3893 2657 3946 τὸ
2704 3893 2876 3964 ἅγιον.
2909 3896 3046 3960 Τοὺς
3065 3897 3121 3950 δὲ
3147 3898 3419 3968 λέγοντας,
3447 3893 3557 3972 ’Ἡν
3584 3918 3727 3955 ποτε

2140 3981 2229 4035 ὅτε
2254 3983 2354 4036 οὐκ
2391 3982 2478 4056 ἦν,
2510 3985 2602 4038 καὶ
2629 3986 2764 4057 Πρὶν
2802 3988 3129 4061 γεννηθῆναι
3166 3992 3266 4044 οὐκ
3297 3987 3387 4063 ἦν,
3422 3993 3517 4047 καὶ
3549 3995 3638 4048 ὅτι
3664 3996 3728 4062 ἐξ

2139 4073 2239 4126 οὐκ
2266 4073 2434 4128 ὄντων
2460 4076 2744 4148 ἐγένετο,ἢ
2772 4079 2861 4143 Ἐξ
2881 4079 3073 4152 ἐτέρας
3099 4082 3500 4156 ὑποστάσεωςῆ
3529 4085 3730 4150 οὐσίας

2142 4164 2449 4232 φάσκοντας
2498 4161 2657 4232 εῖναι,
2711 4168 3024 4241 ἢτρεπτὸν,
3072 4172 3106 4242 ἢ
3139 4173 3424 4228 ἀλλοιωτὸν
3459 4176 3553 4229 τὸν
3589 4177 3731 4231 Υίὸν

2141 4255 2236 4307 τοῦ
2258 4254 2415 4320 Θεοῦ,
2443 4257 2663 4322 τούτους
2688 4261 3072 4331 ἀναθεματίζει
3099 4265 3130 4333 ή
3153 4264 3425 4338 Καθολικὴ
3447 4269 3542 4321 καὶ
3580 4268 3731 4323 ἀπο-

2147 4347 2368 4421 στολικὴ
2406 4351 2704 4422 Ἐκκλησία
2723 4354 2816 4408 τοῦ
2844 4355 3000 4412 Θεοῦ.
3047 4359 3186 4428 Ἐγὼ
3217 4361 3276 4414 δὲ
3303 4359 3605 4428 Εὐστάθιος
3630 4366 3730 4418 ἐπί

1658 4519 1931 4576 VALESll
1967 4519 2514 4584 ANNOTATIONES.

546 4610 655 4683 (38)
685 4612 795 4683 Kal
829 4612 902 4667 τὰ
919 4611 1038 4666 τῶν
1067 4613 1531 4683 προειρημένων.
1563 4611 1925 4669 Scribendum
1949 4623 2034 4669 est

519 4682 613 4736 ετὰ
634 4682 740 4736 τῶν
772 4682 1209 4754 προειρημένων,
1239 4693 1297 4738 ιιι
1313 4682 1454 4755 legit
1486 4683 1825 4754 Epiphanius
1859 4683 2033 4740 Scho-

497 4762 724 4809 aSUCUS.

543 4823 658 4892 ('59)
714 4824 1312 4891 Πατροπασσιανούς.
1374 4822 1818 4892 Patripassianos
1872 4825 2038 4878 vertit

473 4893 812 4963 Epiphanius
850 4894 1244 4964 Scholasticus,
1278 4892 1577 4964 recte._pe
1606 4893 1691 4948 his
1729 4893 1856 4950 vide
1917 4909 2040 4964 quae

472 4961 657 5019 notavi
686 4977 853 5032 supra
884 4962 951 5016 ad
976 4965 1173 5018 librum
1209 4979 1245 5018 ιι
1273 4963 1439 5032 hujus
1474 4961 1747 5019 Historiae.

545 5032 656 5103 (40)
702 5032 820 5101 Τὴν
859 5032 929 5087 ἐν
972 5033 1250 5102 Ἅριμήνῳ
1297 5033 1552 5100 συνόδῳ.
1608 5033 1846 5102 Apparet
1881 5032 2044 5103 scri-

469 5101 714 5161 bendum
752 5117 879 5159 esse
913 5101 1110 5174 τὴνεν
1133 5106 1200 5174 τῇ
1263 5105 1538 5176 Ἀριμήνῳ
1603 5101 1826 5174 συνόδῳ.
1871 5102 2041 5159 Paulo

2142 4625 2266 4700 post
2323 4621 2680 4700 scribendum
2723 4633 2856 4700 puto
2897 4620 2979 4689 οἷς
3026 4643 3084 4680 τε
3117 4625 3253 4700 δόλῳ
3308 4629 3402 4681 καὶ
3458 4628 3734 4700 ἐπιορκία

2142 4689 2565 4768 ὐποπεισθέντες
2627 4695 2683 4768 ὲν
2723 4689 3302 4768 ’Κωνσταντινουπὸλει
3377 4689 3732 4768 κομισθεῖσιῦ

2073 4731 2562 4788 D-..-..-...--..-,
2627 4731 2680 4745 ..ν
2734 4731 3302 4778 ..νινυητηνυυηυηξι
3378 4731 3732 4768 ..νμιυνςιυιν

2145 4760 2254 4832 ἀπὸ
2273 4760 2468 4832 Νίκης,
2500 4769 2607 4816 etc.
2643 4763 3123 4819 Anathematizant
3174 4782 3321 4821 enim
3368 4783 3476 4821 non
3534 4771 3732 4823 solum

2147 4830 2439 4903 formulam
2485 4832 2610 4903 fidei
2637 4849 2759 4903 qua:
2788 4835 3222 4903 recitatafuerat
3247 4837 3301 4890 in
3326 4838 3566 4892 concilio
3594 4839 3734 4892 Ari-

2145 4901 2528 4977 min_en_si,__sed
2562 4911 2615 4957 et
2639 4899 2759 4977 acta
2791 4905 2937 4977 apud
2990 4899 3480 4977 Nicen.Tliracia:,
3513 4909 3734 4977 quibus

2147 4972 2372 5039 perlatis
2400 4972 2958 5045 Constantinopolim,
2983 4976 3227 5045 episcopi
3253 4975 3449 5032 fraude
3481 4972 3731 5044 inducti,

2148 5049 2413 5112 tanquam
2442 5043 2582 5099 actis
2611 5045 2806 5113 synodi
2837 5043 3072 5099 Nicanae
3103 5043 3577 5117 subscripserant.

1841 5276 2148 5340 VAlllORU
2159 5282 2225 5337 Μ.

550 5377 570 5412 ί
612 5375 716 5430 Ἐν
742 5375 1198 5430 Κωνσταντίνου
1221 5375 1410 5428 πόλει.
1425 5373 1560 5431 Vide
1585 5375 1681 5432 lib.
1713 5391 1772 5442 ιι,
1804 5391 1924 5445 cap.
1949 5374 2039 5428 M.

473 5444 564 5500 W.
599 5445 822 5501 Lowrn.
1873 5444 1878 5445 ⁷

545 5523 574 5553 υ
607 5515 1011 5585 Κομισθεῖσαν
1031 5514 1146 5585 dm)
1181 5515 1390 5582 Νίκης.
1416 5515 1551 5570 Vide
1581 5515 1676 5569 lib.
1716 5530 1776 5579 ll,
1804 5529 1925 5584 cap.
1951 5514 2040 5580 57,

477 5587 545 5642 ad
579 5587 668 5642 lin.
689 5583 858 5643 Prius
888 5600 1017 5655 ergo
1048 5583 1193 5640 Nicaa
1221 5586 1428 5640 editum
1459 5595 1544 5641 est
1567 5583 1887 5655 symbolum
1907 5586 2040 5639 illud

478 5671 641 5725 quam
697 5657 1196 5726 Constantinopoli.
1245 5656 1381 5710 Acta
1436 5659 1580 5726 enim
1634 5655 2040 5726 pseudosynodi

479 5726 708 5782 Nicaeum
738 5733 1007 5784 testantur
1033 5725 1317 5797 episcopos
1350 5741 1403 5783 v1
1437 5725 1515 5781 ld.
1546 5725 1739 5815 Octob.
1886 5739 2041 5814 con-

2146 5381 2426 5445 gregatos;
2454 5373 2698 5445 synodus
2720 5381 2900 5428 autem
2925 5374 3542 5445 Constantinopolitana
3571 5375 3740 5430 circa

2147 5443 2269 5516 Kal.
2299 5443 2419 5516 Jan.
2460 5443 2586 5516 anni
2640 5445 3001 5516 insequentis,
3039 5447 3177 5516 scil.
3215 5443 3336 5510 560,
3359 5455 3578 5516 _c_oacta
3615 5455 3736 5500 est.

2145 5515 2278 5570 Vide
2320 5514 2537 5568 Sozom.
2570 5515 2665 5568 lib.
2703 5514 2788 5579 iv,
2815 5531 2937 5584 cap.
2972 5517 3072 5582 23,
3117 5515 3186 5571 ad
3227 5521 3320 5571 lin.
3358 5514 3444 5570 W.
3471 5514 3740 5584 ,Low-m.

2213 5593 2241 5622 ν
2279 5585 2553 5639 Παθόντα
2578 5585 2675 5637 καὶ
2696 5583 3062 5642 ἀναστάντα.
3085 5586 3226 5640 Nihil
3249 5587 3337 5641 hic
3361 5587 3428 5640 de
3451 5583 3741 5640 descensu

2143 5656 2210 5710 ad
2248 5657 2456 5730 inferos
2479 5693 2494 5718 ,
2533 5662 2590 5707 ut
2621 5656 2936 5730 observavit
2967 5658 3197 5715 doctiss.
3235 5658 3571 5722 Pearsonus,
3613 5653 3750 5730 Ex-_

2141 5742 2257 5794 pos.
2290 5723 2496 5791 sigma,
2532 5739 2588 5795 p.
2619 5724 2746 5779 225.
