4016 6350
387 369 492 427 ι93

1379 374 1700 431 HISTORIA
1734 377 2290 436 ECCLESIASTICA.
2332 410 2398 420 --
2424 378 2550 436 Lill.
2591 382 2680 437 IV.

3521 388 3627 446 49$.

386 502 567 556 τησεν,
595 485 743 550 ὅπως
771 486 805 558 ἢ
830 486 920 541 διὰ
946 488 1168 554 πειθοῦς
1190 507 1355 555 τινος,
1389 494 1447 564 ἢ,
1483 494 1570 547 ἵνα
1599 494 1948 566 ἀληθέστεροι

2068 504 2189 551 ieut
2219 508 2316 551 aut
2343 498 2562 568 oblique
2607 507 2901 569 negarent:
2939 499 3073 555 nihil
3128 501 3359 571 profecit
3410 504 3626 562 illorum

387 575 524 628 εἴπω
544 613 560 638 ,
590 575 862 647 κοσμικῆς
892 575 1205 643 δυναστείας
1227 618 1244 643 ,
1276 581 1422 634 τοῦθ’
1449 583 1588 653 ὅπερ
1628 585 1961 654 ἀσφαλέστα-

385 682 475 719 τον
503 662 571 736 ἦν
599 666 658 719 έν
687 668 754 736 τῇ
802 666 983 720 πίστει
1033 669 1284 740 κείμενον
1319 671 1556 728 ἀνέλοιεν
1577 714 1592 735 ,
1629 674 1662 744 ἢ
1712 674 1958 744 πλαγίως

386 756 727 827 ἁρνήσωνται
752 796 769 822 ,
810 758 962 812 οὐδὲν
1006 760 1213 815 τούτων
1258 762 1542 835 ὠφέλησεν
1570 766 1605 835 ἡ
1635 769 1957 838 πανουργία.

385 848 492 901 Kal
523 849 629 920 γὰρ
681 849 866 918 σχεδον
907 850 1105 914 πάντες
1143 853 1339 907 ἐκείνοι
1382 856 1431 908 οί
1478 857 1537 908 ὲν
1572 858 1639 927 τῇ
1682 858 1958 930 ’Δριμήνῳ

385 937 682 1007 γενόμενοι,
715 938 810 991 xal
832 938 1208 1006 δελεασθέντες
1243 943 1276 1013 ἢ
1308 943 1640 1015 ὑπαχθέντες
1680 947 1834 1012 τότε,
1862 948 1956 1002 νῦν

384 1031 855 1101 ἀναφρονήσαντες
880 1070 897 1096 ,
945 1035 1041 1089 καὶ
1083 1037 1572 1107 ἀναθεματίσαντες
1615 1040 1713 1112 τὴν
1741 1042 1958 1098 ἔκθεσιν

381 1123 488 1175 τῶν
515 1124 573 1175 ἐν
610 1124 667 1178 Ἀ
677 1126 886 1197 ριμήνῳ
912 1127 1293 1196 συνελθόντων,
1327 1131 1423 1186 καὶ
1450 1133 1864 1204 ὑπογράψαντες
1888 1139 1955 1208 τῇ

383 1213 641 1285 καθολικῇ
693 1217 785 1269 καὶ
817 1217 1146 1291 ἀποστολικῇ
1207 1219 1386 1275 πίστει
1438 1225 1505 1294 τῇ
1553 1226 1696 1281 κατὰ
1722 1225 1957 1282 Νίκαιαν

330 1315 335 1320 “
382 1305 732 1379 θεσπισθείσῃ
752 1323 767 1339 ⁸
796 1307 848 1360 0!
875 1309 971 1362 καὶ
998 1311 1134 1380 ἡμῖν
1169 1313 1626 1383 κοινωνήσαντες,
1663 1314 1960 1386 ἐκθυμότεο

384 1408 474 1465 ρον
500 1397 641 1451 κατὰ
663 1396 758 1450 τοῦ
796 1398 1004 1470 Ἀρείου
1029 1400 1295 1471 δόγματος
1318 1443 1334 1466 ,
1365 1403 1462 1456 καὶ
1484 1405 1623 1459 κατὰ
1654 1405 1762 1458 τῶν
1790 1407 1953 1461 αὑτοῦ

384 1481 639 1553 μαθητῶν
692 1485 1108 1556 χαλεπαίνουσιν
1127 1506 1141 1521 ο
1174 1483 1236 1543 οὗ
1289 1508 1431 1555 τινος
1486 1494 1809 1564 πράγματος
1862 1496 1956 1550 τον

381 1574 597 1643 ἔλεγχον
628 1577 721 1629 καὶ
746 1578 900 1631 αὐτοὶ
934 1580 983 1631 οί
1010 1580 1268 1650 πρέσϐεις
1299 1583 1399 1652 τῆς
1426 1584 1696 1657 ὑμετέρας
1736 1586 1956 1659 ἀγάπης

342 1700 351 1706 -
380 1665 725 1732 ἐπιγνόντες,
762 1668 907 1739 ὑμᾶς
932 1670 1129 1734 αὑτοὺς
1160 1675 1228 1743 τῇ
1275 1673 1451 1744 οἰκείᾳ
1477 1676 1767 1749 ὑπογραφῇ
1827 1696 1955 1733 συν-

380 1755 637 1819 έζευξανο
686 1758 781 1811 καὶ
836 1760 1321 1829 ἀναθεματίζοντες
1365 1766 1616 1836 Ἀρειον,
1643 1770 1734 1821 καὶ
1788 1769 1856 1822 τὰ
1897 1772 1954 1824 ὲν

392 1846 669 1916 ’Λριμήνῳ
701 1850 1016 1919 πραχθέντα
1051 1853 1191 1906 κατὰ
1235 1855 1332 1923 τῆς
1365 1835 1600 1921 πίστεως
1629 1860 1726 1929 τῆς
1754 1862 1814 1914 ὲν
1852 1862 1952 1915 Νι·-
1986 1835 2026 1889 Β

381 1938 505 2008 ml;
533 1939 921 2012 θεσπισθείσης
939 1958 953 1973 ⁸
983 1940 1062 2007 οἷς
1091 1946 1189 1998 καὶ
1215 1946 1371 2016 ὑμεῖς
1390 1949 1544 2001 αὐτοὶ
1579 1951 1951 2017 δελεασθέντες

378 2031 440 2085 δι’
492 2033 849 2102 ὁρκωμοσιῶν
894 2035 1246 2105 ὑπεγράψατε
1292 2037 1419 2108 (49).
1456 2040 1617 2094 Ὅθεν
1661 2043 1951 2097 ἀκόλουθον

380 2124 506 2192 ἡμῖν
530 2125 723 2195 ἐφάνη,
755 2126 959 2193 γράψαι
986 2127 1122 2197 πρὸς
1145 2128 1244 2199 τὴν
1274 2130 1544 2201 ὑμετέραν
1580 2132 1824 2204 ἀγάπην,
1861 2135 1953 2187 καὶ

380 2213 637 2283 βοηθῆσαι
695 2218 806 2278 τοῖς
860 2216 1042 2269 δίκαια
1106 2219 1444 2289 αἰτουμένοις
1482 2237 1497 2251 ο
1556 2222 1790 2292 μάλιστα
1850 2223 1950 2289 δὲ,

376 2307 462 2359 ὅτε
492 2305 603 2377 (30;
630 2306 717 2359 διὰ
742 2307 840 2378 τῆς
861 2307 1150 2377 ὁμολογίας
1175 2307 1282 2363 τῶν
1321 2310 1600 2382 ὑμετέρων
1623 2314 1946 2384 πρεσϐειῶν,

377 2396 863 2467 ἀναφρονήσαντας
901 2400 1026 2462 τοὺς
1057 2400 1408 2464 ἀνατολικοὺς
1461 2406 1771 2472 συμφωνεῖν
1814 2406 1950 2475 πρὸς

377 2489 498 2549 τοὺς
524 2486 837 2558 ὀρθοδόξους
865 2488 976 2541 τῶν
1001 2488 1229 2544 δυτικῶν
1259 2491 1594 2562 ἐπέγνωμεν.
1625 2496 1735 2547 Καὶ
1763 2495 1951 2565 δηλοῦ-

379 2594 476 2646 μεν
505 2578 652 2641 ὅπως
679 2578 875 2632 εἰδέναι
932 2579 1105 2651 ἔχοιτε
1144 2580 1241 2645 τὰς
1270 2584 1327 2635 έν
1363 2586 1429 2655 τῇ
1476 2586 1751 2657 Ἀριμήνῳ
1786 2587 1948 2657 βλασ-

376 2668 615 2737 φημίας,
650 2670 744 2721 καὶ
772 2669 876 2722 ὑπὸ
902 2670 1008 2722 τῶν
1034 2671 1371 2735 δοξασάντων
1399 2672 1518 2726 τότε
1587 2674 1728 2728 κατὰ
1754 2693 1949 2749 συναρ-

376 2761 554 2830 παγὴν
604 2762 1058 2831 παραϐεϐλὰφθαι
1110 2763 1203 2817 νῦν
1254 2765 1815 2835 ἀναθεματισθείσας,
1853 2772 1949 2823 καὶ

374 2851 581 2915 πάντας
609 2853 744 2923 πρδς
785 2851 883 2924 τὴν
933 2854 1073 2908 κατὰ
1111 2855 1342 2909 Νίκαιαν
1388 2856 1569 2909 πίστιν
1602 2873 1949 2928 συμπεπνευ-

374 2942 550 2994 κέναι.
604 2943 717 2996 Kal
770 2942 874 3015 χρὴ
932 2944 999 2997 δι’
1050 2945 1205 3014 ὑμῶν
1261 2944 1420 2998 τοῦτο
1455 2949 1587 3000 πᾶσι
1620 2949 1945 3019 γνωσθῆναι,

370 3033 518 3096 ὅπως
546 3033 823 3102 δυνηθεῖεν
866 3035 959 3088 καὶ
992 3037 1040 3088 οί
1094 3037 1213 3089 κατ’
1242 3037 1505 3107 ἐπήρειαν
1533 3039 1947 3110 παραδλαφθέν-

2061 590 2320 644 versutia.
2364 588 2578 644 Etenim
2610 604 2800 645 omnes
2829 592 3219 661 propemodum
3252 595 3330 649 illi
3363 598 3454 665 qui
3497 605 3628 653 tunc

2059 680 2203 747 apud
2230 679 2537 735 Ariminum
2579 682 2818 749 collecti,
2852 682 3052 754 partim
3100 684 3393 752 illecebris,
3428 689 3626 758 partim

2059 770 2187 825 dolo
2214 772 2426 844 decepti
2463 772 2702 837 fuerant,
2738 789 2887 830 nunc
2931 776 3000 831 ad
3036 790 3227 832 sanam
3263 788 3500 834 mentem
3536 768 3624 836 rc—

2058 864 2226 930 versi,
2259 864 2547 920 l‘ormulain
2574 865 2698 921 ﬁdei
2722 866 2791 921 ab
2814 865 3146 924 Ariminensi
3173 869 3409 925 concilio
3428 872 3626 926 editani

2060 955 2412 1010 anathemate
2442 959 2794 1022 damnarunt,
2824 968 2877 1014 et
2905 959 3188 1016 catholica:
3212 969 3375 1026 alque
3408 973 3628 1034 apesto-

2060 1044 2178 1100 lica:
2219 1045 2343 1102 ﬁdei
2372 1047 2503 1102 olim
2535 1050 2677 1118 apud
2708 1047 2941 1105 Nicaeam
2988 1052 3346 1123 promulgata:
3381 1055 3625 1110 subseri.

2058 1149 2310 1208 pserunt.
2345 1138 2410 1193 Et
2441 1140 2727 1195 nobiscum
2757 1141 2895 1198 inita
2928 1145 3339 1212 communione,
3365 1147 3630 1204 adversus

2056 1231 2175 1285 Arii
2206 1230 2518 1286 doctrinam
2555 1230 2787 1302 ejusque
2835 1233 3138 1304 discipulos
3190 1238 3433 1306 graviori
3487 1238 3629 1293 indi-
3708 1248 3715 1255 ‘

2055 1323 2315 1394 gnatione
2369 1334 2803 1379 commoventur.
2874 1323 3047 1396 Cujus
3061 1328 3187 1417 pei
3247 1339 3627 1399 argumentum

2059 1415 2222 1485 legati
2248 1414 2538 1471 charitatis
2582 1425 2778 1473 vestra:
2810 1431 2935 1471 cum
2971 1414 3237 1485 viderent,
3282 1435 3380 1475 vos
3411 1436 3629 1494 quoque

2057 1505 2211 1575 ipsos
2253 1507 2308 1562 in
2348 1507 2760 1578 subscriptione
2815 1524 2915 1565 sua
2971 1511 3380 1579 adiunxerunt:
3436 1513 3626 1571 Arium

2056 1596 2404 1652 anathemate
2438 1596 2784 1661 damnantes,
2815 1606 2869 1654 et
2898 1614 2962 1654 ea
2984 1615 3105 1667 qua:
3127 1609 3320 1655 contra
3350 1598 3625 1659 Nicaenani

2058 1686 2218 1742 ﬁdem
2252 1688 2485 1742 Arimini
2522 1697 2676 1758 gesta
2699 1699 2865 1745 sunt:
2894 1690 3063 1760 228
3090 1692 3293 1761 quibus
3324 1687 3490 1748 etiam
3529 1703 3627 1750 vos

2057 1779 2302 1848 perjurio
2337 1781 2391 1833 in
2430 1779 2673 1836 fraudem
2707 1781 2914 1836 inducti
2950 1783 3379 1853 suliscripsistis.
3417 1784 3623 1851 Quam-

2056 1870 2244 1925 obrem
2274 1886 2577 1941 congruum
2607 1873 2766 1927 nobis
2799 1873 2975 1928 visum
3018 1881 3123 1938 cst,
3159 1874 3226 1929 ad
3290 1876 3622 1931 eliai-itatem

2054 1970 2291 2017 vestram
2337 1964 2545 2019 litteras
2582 1965 2846 2030 scribere,
2886 1964 3108 2035 ctjusta
3152 1969 3461 2037 petentibus
3494 1970 3621 2026 sub~

2054 2054 2282 2109 venire:
2317 2057 2618 2124 praesertim
2651 2071 2778 2111 eum
2816 2072 2882 2111 ex
2920 2058 3264 2125 professione
3318 2060 3621 2130 legatorum

2054 2153 2365 2199 vestrorum
2422 2147 2849 2215 cognoverimus
2872 2185 2887 2209 ,
2918 2164 2921 2167 ·
2948 2145 3277 2215 Orientales,
3306 2150 3372 2204 ad
3425 2166 3620 2205 sanam

2053 2246 2288 2291 mentem
2327 2252 2600 2299 reversos,
2649 2253 2776 2293 cum
2806 2239 3134 2295 orthodoxis
3168 2238 3483 2299 Occidentis
3516 2247 3623 2313 epi-

2052 2328 2235 2397 scopis
2268 2329 2601 2385 consentire.
2648 2329 3030 2399 Signiﬁcamus
3087 2342 3294 2386 autein-
3326 2335 3521 2396 vobis,.
3554 2351 3624 2390 ne

2051 2417 2176 2471 sitis
2224 2418 2421 2480 nescii,
2466 2433 2656 2473 omnes
2700 2419 3064 2474 Ariminensis
3110 2422 3325 2475 concilii
3368 2422 3620 2494 blasphe-

2051 2508 2193 2564 mias
2240 2508 2311 2561 ab
2353 2508 2465 2564 illis
2510 2509 2647 2579 ipsis
2702 2509 2949 2579 quitunc
2975 2526 3072 2579 per
3105 2508 3349 2564 fraudein
3411 2512 3620 2582 decepti

2053 2599 2227 2654 fuisse
2279 2600 2566 2666 videntur,
2623 2602 2969 2655 anathemate
3019 2601 3311 2656 damnatas
3356 2617 3519 2665 esse,
3567 2613 3622 2657 et

2052 2692 2341 2747 universos
2375 2692 2428 2745 in
2453 2690 2729 2746 Nicaniain
2757 2691 2916 2747 ﬁdem
2941 2691 3394 2760 eouspirantibus
3422 2692 3621 2746 animis

2048 2784 2424 2839 consensisse.
2463 2783 2569 2848 Sed
2601 2791 2655 2837 et
2689 2796 2787 2838 vos
2833 2783 2885 2836 id
2927 2783 3189 2838 omnibus
3240 2783 3488 2837 indicare
3525 2782 3624 2836 de-

2048 2874 2212 2939 betis,
2269 2874 2453 2942 utqui
2514 2889 2609 2943 per
2666 2874 2775 2926 vim
2828 2889 2893 2927 ac
2949 2872 3197 2928 fraudem
3228 2874 3620 2929 detrimentum

2049 2964 2272 3033 aliquod
2329 2964 2449 3018 ﬁdei
2510 2979 2624 3018 sua:
2663 2965 2813 3033 passi
2869 2972 3020 3030 sunt,
3060 2979 3209 3019 nunc
3266 2965 3486 3019 tandem
3550 2980 3619 3021 ex

2051 3053 2310 3106 liarrctica
2346 3053 2582 3122 caligine
2615 3055 2682 3106 ad
2733 3053 2972 3107 divinam
3019 3054 3302 3107 catholica:
3354 3053 3622 3109 libertatis

368 3138 502 3186 τες,
557 3123 658 3194 ἠδη
694 3124 823 3177 ποτὲ
872 3125 935 3178 ἐκ
983 3125 1076 3178 τοῦ
1126 3126 1401 3195 αἱρετικοῦ
1447 3128 1672 3193 σκότους
1722 3131 1856 3201 πρὸς
1887 3132 1948 3186 τὸ

2052 3144 2229 3199 lucem
2266 3145 2485 3214 possint
2512 3159 2827 3215 emergere;
2872 3144 2964 3213 qui
2997 3145 3217 3213 quidem
3254 3147 3299 3198 si
3353 3151 3473 3213 post
3518 3144 3622 3198 hoc

370 3214 515 3269 θεῖον
559 3216 677 3285 φῶς
735 3216 835 3284 τῆς
891 3217 1181 3289 καθολικῆς
1239 3220 1549 3292 ἐλευθερίας
1598 3222 1944 3291 ἀνακάμψαιο

365 3306 597 3368 οἵτινες
633 3307 773 3376 μετὰ
804 3308 1006 3379 ταύτην
1030 3308 1128 3379 τὴν
1168 3311 1386 3363 σύνοδον
1409 3352 1423 3376 ,
1479 3315 1527 3366 εἰ
1560 3313 1634 3383 μὴ
1665 3313 1948 3385 θελήσειαν

361 3400 685 3455 ἀποπτύσαι
716 3400 805 3453 τὸν
838 3401 936 3470 τῆς
970 3402 1286 3467 κακοδοξίας
1322 3403 1418 3464 ἰὸν,
1452 3404 1672 3467 καὶτὰς
1704 3404 1949 3477 βλασφη-

362 3490 503 3561 μίας
540 3491 750 3563 Ἀρείου
782 3492 959 3556 πάσας
987 3494 1193 3546 ἀνελεῖν
1217 3534 1231 3555 .
1281 3495 1483 3557 ταύτας
1525 3513 1584 3548 τε
1617 3496 1947 3566 ἀναθεματί-

361 3601 502 3647 σαι,
557 3585 972 3652 γινωσκέτωσαν
1029 3587 1254 3648 ἑαυτοὺς
1299 3589 1435 3655 μετὰ
1470 3586 1561 3639 τοῦ
1616 3588 1823 3658 Ἀρείου
1854 3591 1948 3642 καὶ

360 3674 477 3727 τῶν
505 3674 697 3728 τούτου
749 3674 1039 3746 μαθητῶν,
1088 3676 1181 3728 καί¹
1215 3675 1325 3728 τῶν
1362 3676 1562 3729 λοιπῶν
1589 3676 1797 3746 δρεων,
1831 3680 1947 3748 ἦτοι

360 3763 748 3818 Σαϐελλιανῶν
768 3803 782 3827 ,
817 3764 850 3832 ἢ
880 3766 1408 3834 Πατροπασσιανῶν,
1438 3766 1470 3836 ἢ
1512 3766 1830 3838 οίασδήποτε
1855 3769 1949 3823 ἆλ-

358 3855 469 3925 λης
522 3855 819 3924 αἱρέσεως,
852 3855 1181 3919 ἐκσπόνδους
1227 3854 1363 3910 εἶναι
1408 3858 1502 3910 καὶ
1551 3859 1948 3929 ἀκοινωνήτους

355 3945 477 3997 τῶν
503 3945 973 4015 ὲκκλησιαστικῶν
996 3945 1286 4009 συνάξεων,
1307 3948 1426 4017 ἥτις
1455 3948 1581 4011 τοὺς
1607 3948 1669 4001 ὲκ
1704 3949 1946 4020 μοιχείας

355 4034 521 4098 υἱοὺς
557 4035 621 4088 οὑ
649 4036 949 4105 προσίεται.
992 4035 1050 4087 '0
1081 4036 1210 4099 Θεὸς
1258 4037 1403 4108 ὑμᾶς
1435 4038 1778 4109 ἐρρωμένους
1828 4038 1945 4094 δια-

352 4126 622 4194 φυλάξοι,
665 4128 883 4196 ἀδελφοὶ
930 4129 1224 4200 ἀγαπητοί.

2051 3234 2368 3296 concilium,
2402 3247 2676 3302 perversae
2726 3233 2997 3287 doctrina:
3044 3234 3198 3288 virus
3263 3247 3536 3297 evomere,
3568 3245 3623 3289 et

2050 3341 2240 3380 omnes
2270 3325 2386 3379 Arii
2423 3324 2801 3394 blaspheniias
2855 3322 3105 3393 rejicere,
3153 3310 3359 3392 easque
3396 3325 3620 3381 anathe-

2050 3423 2196 3470 mate
2239 3413 2504 3468 damnare
2560 3411 2871 3475 noluerint,
2922 3413 3101 3465 sciant
3144 3424 3204 3464 se
3249 3412 3451 3473 pariter
3497 3426 3622 3466 cum

2050 3504 2182 3559 Ario
2221 3502 2454 3575 ejusque
2505 3501 2796 3571 discipulis
2844 3507 2899 3555 et
2948 3500 3178 3570 reliquis
3236 3501 3619 3570 serpentibus,

2051 3593 2384 3649 Sabelliaiiis
2400 3590 3109 3661 scilicet,Patropassianis,
3126 3597 3222 3643 :ut
3240 3590 3367 3644 aliis
3391 3591 3623 3658 quihus-

2050 3685 2178 3740 libet
2194 3683 2489 3747 haereticis,
2515 3690 2809 3737 extraneos
2837 3694 2961 3736 esse
2977 3687 3031 3734 et
3064 3678 3278 3734 alienos
3310 3693 3341 3732 a
3365 3693 3621 3731 cominu-

2048 3778 2214 3831 nione
2236 3774 2511 3838 Ecclesiae,
2540 3788 2661 3842 qum
2678 3770 3025 3826 adulterinos
3048 3769 3192 3825 ﬁlios
3224 3784 3333 3823 non
3355 3768 3617 3823 admittit.

2050 3866 2357 3921 Ini-oluines
2393 3882 2487 3922 vos
2519 3864 2662 3919 Deus
2714 3869 2917 3927 servet,
2963 3860 3162 3916 fratres
3202 3860 3541 3915 charissiini.

2118 4130 2213 4186 llis
2250 4131 2448 4185 litteris
2483 4130 2725 4199 acceptis
2748 4170 2762 4191 ,
2790 4130 2886 4199 qui
2941 4144 3065 4183 cum
3120 4128 3407 4183 Eustatliio
3437 4141 3614 4193 erant,

2048 4225 2102 4277 in
2154 4223 2396 4278 Siciliain
2455 4222 2905 4292 proﬁciscuntur.
2972 4220 3221 4290 Cumque
3279 4222 3393 4275 illic
3453 4239 3621 4293 syno-

2047 4316 2177 4368 dum
2238 4312 2626 4381 episroporum
2706 4309 2911 4365 Sicilia:
2976 4310 3089 4363 ﬁeri
3160 4321 3490 4375 curassent,
3561 4320 3615 4363 ιιι

2047 4402 2535 4459 consubstantialis
2566 4403 2724 4459 ﬁdem
2753 4418 2940 4458 coram
2972 4401 3109 4472 ipsis
3139 4402 3375 4458 confessi
3404 4411 3614 4468 essent,

430 4217 630 4271 Ταῦτα
659 4217 728 4272 τὰ
754 4219 1057 4290 γράμματα
1086 4224 1133 4274 οί
1170 4222 1293 4293 περῖ
1322 4224 1618 4278 Εὑστάθιον
1641 4222 1943 4294 δεξάμενοι,

344 4307 459 4364 αὗθ
470 4328 525 4373 ις
552 4311 647 4363 ἐπὶ
667 4311 766 4379 τὴν
799 4312 1044 4364 Σικελίαν
1064 4314 1328 4383 ὥρμησαν
1355 4332 1368 4346 ·
1390 4316 1506 4366 ἐκεῖ
1521 4333 1578 4368 τε
1600 4315 1945 4385 παρασκευά-

343 4420 562 4467 σαντες
584 4402 834 4471 γενέσθαι
854 4402 1064 4457 σύνοδον
1081 4405 1188 4457 τῶν
1210 4405 1443 4458 Σικελῶν
1469 4406 1781 4459 ἐπισκόπων
1797 4417 1840 4469 ι,
1858 4408 1943 4459 ἐπ’

1542 4576 1809 4631 γιιιλιεβιι
1844 4575 2391 4635 ANNOTATIONES.

2047 4715 2236 4783 positae
2252 4712 2670 4783 subscripsisse.
2704 4714 2887 4765 Ariani
2922 4713 3067 4765 enim
3096 4729 3218 4765 l‘lllll
3265 4713 3403 4780 apud
3446 4711 3612 4768 Nicen

2045 4786 2291 4839 Thracia:
2351 4785 2562 4854 synodo
2626 4784 3247 4854 celebrata,loriiiulziui
3315 4783 3435 4835 ﬁdei
3474 4801 3609 4854 i-oii-

2042 4853 2421 4923 scripsissent,
2454 4853 2714 4924 jiirahant
2770 4868 2888 4908 eam
2945 4853 3102 4905 ﬁdem
3142 4868 3263 4906 esse
3296 4855 3485 4922 synodi
3518 4853 3613 4905 Ni-

2042 4941 2230 4979 0331ιὲ13.

2115 4995 2227 5065 (50)
2260 4993 2541 5065 Μάλιστα
2583 4994 2670 5058 δὲ,
2709 4993 2827 5046 ὅτε.
2860 4992 3222 5065 scribendum
3267 4991 3481 5065 videtur
3507 4992 3609 5043 ὅτι.

2042 5067 2222 5133 Atque
2244 5066 2319 5118 ita
2351 5066 2479 5134 legit
2507 5064 2893 5134 Epiphanius.
2925 5064 3094 5117 Paulo
3144 5073 3267 5134 post
3321 5064 3611 5134 legendum

2044 5131 2270 5188 omnino
2327 5131 2422 5187 est
2466 5131 2570 5186 ὑπδ
2613 5131 2724 5186 τῶν
2780 5133 3047 5197 δοξάντων
3100 5133 3219 5185 τότε
3274 5131 3613 5199 παραϐεϐλά-

2045 5207 2195 5272 φθαι,
2230 5213 2289 5258 ιιι
2315 5205 2562 5272 legerunt
2591 5218 2780 5258 omnes
2816 5206 3163 5272 interpretes,
3197 5218 3303 5255 non
3355 5200 3613 5263 δοξασάν--

2042 5293 2172 5338 των,
2195 5283 2252 5328 ιιι
2284 5274 2481 5327 habent
2515 5273 2784 5329 editiones
2806 5282 2857 5329 et
2889 5274 3076 5343 scripti
3109 5273 3352 5327 codices.

415 4717 552 4788 (49)
590 4713 692 4783 Οἷς
732 4717 827 4770 καί
866 4718 1028 4788 ὑμεῖς
1059 4717 1506 4788 δελεαγσθέντες.
1557 4716 1632 4767 δι’
1684 4718 1936 4788 ὁρκωμο-

328 4786 965 4855 σιῶνύπεγγνὰιεηατε.
994 4787 1165 4839 l’rava
1211 4787 1492 4840 distinctio
1542 4802 1664 4853 qua:
1709 4786 1941 4839 habetur

328 4864 390 4915 in
423 4860 694 4915 editione
733 4856 952 4910 Roherli
1002 4856 1283 4925 Stephani,
1320 4856 1495 4908 fraudi
1550 4855 1650 4908 fuit
1693 4856 1938 4909 Christo-

329 4933 668 5002 pliorsono.
698 4927 998 5002 Siccium“
1012 4928 1177 5002 vertit
1218 4925 1756 5002 :_cumjnrejurando
1782 4925 1905 5002 girl/ii
1925 4956 1939 4964 -

327 4996 451 5054 ὖὶιο
498 4998 926 5063 subscrips‘stis.
964 4996 1189 5049 Rectius
1238 4996 1479 5064 Longus,
1513 5004 1566 5049 et
1627 5003 1752 5047 ante
1784 4996 1934 5046 illuin

325 5070 712 5141 Epiphanius
738 5067 1114 5141 Scholasticus
1142 5072 1467 5141 vei-tierunt;
1491 5065 1681 5141 quibus
1707 5081 1793 5141 eos
1822 5080 1940 5141 per-

313 5134 485 5210 ju'ri'o
510 5139 669 5203 capti
692 5137 1101 5210 subscripsistis.
1131 5136 1294 5210 (Ii-rte
1330 5136 1382 5187 in
1415 5136 1600 5210 libello
1653 5134 1776 5210 ﬁdei
1821 5134 1936 5210 Ma-

322 5205 797 5265 eeilonianorum
844 5208 1050 5259 diserte
1079 5206 1366 5266 scribitur,
1402 5206 1693 5273 episcopos
1747 5205 1937 5256 fraude

324 5298 393 5335 ac
424 5279 701 5351 perjiirio
732 5277 1016 5345 deceptos,
1044 5275 1163 5330 lidei
1191 5275 1336 5345 apud
1366 5274 1534 5329 Nicen
1567 5273 1815 5329 Thraciae
1844 5291 1938 5326 cx-

1768 5450 2158 5506 V’ARIORUM.

399 5584 427 5613 ³
466 5567 766 5625 Σύνυδον
804 5567 922 5619 τῶν
950 5566 1216 5621 Σικελῶν
1240 5568 1614 5620 ἐπισκόπων.
1672 5565 1930 5635 Synodus

322 5647 531 5702 Sicula
573 5654 730 5691 anno
757 5638 862 5690 566
886 5648 1073 5689 coacta
1128 5638 1385 5690 Testatur
1414 5640 1553 5687 enim
1590 5637 1931 5688 Sozumi-nus

322 5719 424 5772 lib.
468 5732 549 5772 Vt,
582 5725 711 5775 cap.
752 5708 804 5765 2,
844 5709 1046 5772 legnIOs
1086 5707 1594 5759 Μ,ιιίηίιιιὶιςιιιιιιῚΗη
1627 5709 1924 5758 mlum“)-

323 5800 459 5844 nem
494 5796 675 5838 suam
708 5780 927 5845 scriptis
971 5780 1236 5845 proditam
1278 5777 1494 5829 LtiM'l'lO
1529 5777 1838 5835 tradidisse,
1875 5785 1930 5828 et

317 5876 375 5913 ιη
396 5856 592 5925 cepas
656 5846 860 5901 Libeiii
898 5849 1094 5900 litteris
1130 5848 1195 5900 de
1253 5849 1416 5901 rebus
1449 5863 1567 5915 qua:
1604 5858 1764 5914 gesta:
1813 5846 1931 5900 t‘uc-

2045 5572 2186 5629 rant,
2214 5566 2266 5615 in
2305 5561 2547 5615 Siciliam
2579 5562 2887 5631 navigasse.
2922 5560 3119 5627 Siibilit
3155 5561 3491 5631 Sozomcniis
3522 5574 3613 5612 ea-

2042 5637 2150 5699 pite
2182 5635 2465 5702 sequenti:
2504 5631 2581 5683 Ibi
2609 5629 2922 5700 cmiqregum
2949 5632 3194 5689 conm/2'0,
3230 5645 3346 5681 cum
3379 5629 3611 5702 episcopi

2043 5696 2184 5756 illius
2213 5696 2398 5755 insula:
2430 5702 2609 5755 eodem
2642 5696 3007 5759 decreuissent,
3039 5704 3115 5750 liis
3150 5702 3299 5751 rebus
3334 5696 3606 5763 confertis,

2041 5776 2093 5826 in
2135 5777 2363 5839 patriam
2404 5775 2595 5827 reversi
2629 5782 2769 5826 stmt.
2814 5774 2965 5841 (Ant.
3004 5770 3158 5837 Pagi,
3192 5769 3258 5823 ad
3312 5782 3449 5821 ann.
3479 5767 3606 5832 565,

2038 5858 2093 5898 n.
2131 5844 2203 5916 6.)
