4016 6350
323 419 417 474 SOI
1242 418 1563 477 HISTORIA
1605 415 2180 477 ECCLESIASTICA.
2219 446 2283 459 —-
2318 413 2444 469 LIB.
2487 412 2576 470 ιγ.

3487 407 3595 465 502

320 534 398 604 τῷ
430 531 652 605 φανερῷ
682 532 922 619 φονεύων
953 534 1149 598 αὐτοὺς
1170 576 1184 600 ,
1224 519 1517 590 πλάττεῖαι
1559 537 1639 599 είς
1689 534 1906 605 ἐξορίαν

2019 532 2259 591 homines
2289 532 2415 587 illos
2456 530 2561 587 sub
2584 527 2763 585 oculis
2798 526 3041 583 omnium
3077 523 3431 593 interﬁceret,
3458 524 3595 581 sedi-

324 625 560 695 πέμπειν
593 626 719 689 τοὺς
752 625 972 697 ἀνδρας.
1008 626 1130 680 Τῶν
1172 626 1229 680 δέ
1266 627 1502 697 εὐγενῶς
1540 625 1909 697 καταδεξαμέ-

323 733 464 779 νων,
523 719 553 770 ὁ
599 716 843 788 ὕπαρχος
890 717 1136 783 κελεύει,
1187 719 1358 791 πλοίῳ
1411 717 1780 791 ἐμϐληθέντας
1828 717 1907 783 ὡς

322 809 414 862 ἐπὶ
440 808 538 876 τὴν
571 808 784 880 ἑξορίαν
813 809 973 879 δῆθεν
1014 809 1359 878 ἀπάγεσθαι·
1389 810 1767 881 ἐντειλάμενος
1791 812 1906 875 τοῖς

322 899 581 963 ναύταις,
630 899 849 952 ἐπειδὰν
892 899 1033 953 κατά
1081 901 1248 970 μέσου
1293 901 1556 970 γένωνται
1593 903 1688 958 τοῦ
1734 904 1906 958 πελά-

324 1008 453 1057 γους
471 1033 485 1056 ,
522 988 729 1061 ὑφάψαι
766 992 827 1045 τὸ
848 992 1029 1047 πλοῖον
1051 1009 1065 1024 ο
1098 993 1185 1048 ἵνα
1207 994 1299 1048 τὸν
1329 994 1527 1067 τρόπον
1558 996 1746 1052 τοῦτον
1774 998 1909 1051 ἀπο-
1933 983 1936 986 ’

327 1082 577 1148 θανόντες
606 1083 681 1154 μὴ
709 1083 871 1149 ἓξωσι
921 1085 1046 1147 τοὺς
1070 1084 1418 1156 κηδεύοντας.
1439 1086 1624 1142 Ταῦτα
1645 1089 1904 1158 ἐγίνοντο.

328 1174 433 1227 Καὶ
464 1174 824 1244 ἀναχθέντες,
855 1168 1188 1249 κατάμέσον
1210 1194 1269 1231 τε
1316 1178 1410 1232 τοῦ
1446 1180 1780 1251 Ἀστακηνοῦ
1816 1199 1908 1235 πε-

327 1265 523 1334 λάγους
572 1266 600 1308 δ
655 1269 966 1339 γενόμενοι,
1027 1271 1239 1325 ποιοῦσι
1291 1272 1353 1326 τὸ
1404 1273 1780 1343 προσταχθέν·
1827 1275 1907 1338 είς

327 1360 513 1430 ἔτερόν
548 1377 610 1413 τε
647 1362 1027 1432 παρεπόμενον
1066 1364 1289 1418 ἀκάτιον
1324 1365 1657 1435 μεταϐάντες
1690 1365 1906 1437 ἀπεχώ-

330 1466 499 1522 ρησαν
519 1490 534 1511 .
562 1451 623 1505 τὸ
646 1451 827 1505 πλοῖον
850 1452 1181 1522 ὑφάψαντες.
1214 1455 1285 1507 Συ
1294 1455 1436 1525 μϐἀν
1455 1455 1510 1509 δέ
1534 1456 1733 1527 ἄνεμον
1757 1459 1909 1511 πνεῖν

328 1541 641 1614 ἀφηλιώτην
694 1544 957 1616 σφοδρὸν,
998 1542 1278 1609 ἐξωθεῖται
1311 1545 1542 1600 ἐπιπολὺ
1556 1547 1838 1620 κκαιομένη
1874 1550 1908 1619 ὴ

327 1633 453 1697 ναῦς
476 1651 490 1664 ·
526 1632 668 1688 ὥστε
714 1635 900 1706 τάχιον
934 1637 1033 1706 μὲν
1072 1637 1171 1707 τὴν
1206 1638 1382 1710 ὁρμὴν
1428 1639 1719 1705 ποιεῖσθαι,
1756 1639 1909 1711 διαρ-

329 1727 484 1783 κέσαι
518 1729 575 1782 δέ
607 1728 734 1800 ἀχρι
784 1729 878 1783 τοῦ
932 1731 1169 1785 ἐπινείου
1197 1771 1211 1795 ,
1240 1725 1285 1798 ᾧ
1315 1732 1672 1803 προσωνυμία
1696 1732 1912 1787 Δακίδι-

330 1822 420 1885 Coc
447 1821 570 1923 (571
588 1861 604 1885 ,
633 1823 795 1876 κάκεῖ
836 1823 1035 1888 τελέως
1064 1825 1163 1878 σὺν
1194 1827 1307 1888 τοῖς
1334 1824 1595 1896 ἀνδράσιν
1630 1824 1909 1895 ἀναλωθῆ-
1942 1875 1983 1935 Β

332 1927 436 1965 ναι.
465 1910 637 1965 Τοῦτο
676 1913 779 1966 οὐκ
810 1912 1165 1985 ἀτιμώρητον
1207 1915 1391 1986 ελεγον
1426 1915 1759 1997 γεγενῆσθαι
1781 1916 1911 1970 πολ-

334 1999 411 2053 λοί
434 2016 448 2031 ·
493 2000 654 2069 λιμὸν
702 2002 811 2073 γὰρ
867 2003 1118 2058 σύντονον
1158 2005 1271 2075 (5'8)
1312 2007 1607 2077 ἐπισυνέϐη
1654 2007 1909 2076 γενέσθαι

336 2092 456 2162 περὶ
482 2092 550 2146 τά
581 2094 808 2163 ⁴Ιιρυγῶν
836 2094 985 2164 ἔθνη,
1022 2096 1097 2159 ὡς
1118 2097 1364 2167 ἀνάγκην
1394 2097 1538 2169 ἔχειν
1564 2098 1700 2170 πρὸς
1729 2097 1910 2167 ὀλίγον

337 2185 426 2254 τῆς
487 2184 673 2257 χώρας
740 2186 1138 2242 ἀπανίστασθαι
1199 2189 1308 2243 τῶν
1366 2190 1721 2245 ἐνοικούντων
1781 2191 1912 2255 τοὺς

339 2277 617 2344 πλείονας,
648 2279 741 2332 καὶ
768 2280 1133 2349 καταφεύγειν
1161 2282 1255 2338 ἐπί
1290 2300 1350 2335 τε
1393 2283 1900 2338 Κωνσταντινούπο-

337 2368 415 2420 λιν
455 2371 550 2424 καὶ
596 2370 757 2433 ἀλλοις
808 2372 1093 2442 ἐπαρχίας.
1138 2373 1252 2427 Ἀεὶ
1304 2375 1412 2443 γὰρ
1460 2374 1524 2445 δὴ
1569 2376 1909 2429 Κωνσταντι-

336 2461 612 2524 νούπολις,
665 2462 759 2516 καὶ
796 2464 1000 2536 ἀπειρα
1049 2464 1324 2537 τρέφουσα
1359 2466 1576 2539 πλήθη,
1624 2465 1693 2521 τὰ
1741 2465 1910 2519 πολλά

332 2551 653 2621 εύθηνεῖται,
678 2553 755 2624 τῷ
777 2571 835 2607 τε
864 2554 953 2608 διὰ
980 2554 1258 2627 θαλάσσης
1278 2555 1422 2627 ἔχειν
1441 2558 1549 2609 τῶν
1575 2556 1910 2627 πανταχόθεν

332 2642 656 2715 ἐπιτηδείων
684 2646 783 2717 τὴν
812 2648 1201 2720 προσκομιδὴν,
1232 2651 1327 2702 καὶ
1348 2650 1429 2702 ’ὁτι
1461 2649 1489 2700 ὁ
1512 2649 1757 2713 Εὔξεινος
1786 2649 1912 2702 Πόν-

329 2751 419 2798 τος
468 2737 876 2808 παρακείμενος
921 2738 1152 2808 ἄφθονον
1187 2741 1321 2812 αὐτῇ
1348 2782 1362 2807 ,
1391 2740 1552 2811 ἡνίκα
1575 2738 1905 2812 προσδεηθῇ,

330 2827 557 2897 παρέχει
584 2827 675 2881 τὸν
704 2830 867 2884 σῖτον.

2011 625 2216 681 tionem
2241 632 2437 682 contra
2466 639 2527 683 se
2570 621 2837 694 imperita:
2865 617 3230 675 multitudinis
3266 617 3594 679 concitaret.

2011 718 2167 791 lingit
2211 734 2272 777 se
2304 720 2427 775 illos
2467 719 2523 775 in
2556 716 2815 774 exsilium
2866 715 3175 771 missurum
3235 727 3381 768 esse.
3437 710 3598 777 Quod

2011 828 2137 868 cum
2167 812 2244 867 illi
2272 810 2551 868 constanti
2578 810 2765 864 animo
2793 807 3161 879 excepissent,
3186 803 3478 877 praefectus
3501 819 3599 858 eos

2009 905 2067 958 in
2119 901 2397 973 navigium
2447 899 2653 969 imponi
2702 898 2884 968 jubet,
2943 905 3209 966 tanquam
3244 896 3299 949 in
3340 893 3599 949 exsilium

2009 992 2365 1049 abducendos
2404 991 2603 1062 :232
2647 990 2972 1062 praecipiens
3009 988 3195 1043 nautis
3242 997 3324 1051 ut,
3377 992 3599 1056 postea-

2007 1099 2173 1156 quam
2213 1084 2267 1139 in
2326 1083 2565 1139 medium
2597 1083 2824 1152 pelagus
2858 1082 3264 1152 pervenissent,
3319 1079 3598 1149 navigium

2010 1176 2363 1233 incenderent
2399 1196 2415 1231 :
2451 1183 2511 1229 ut
2539 1175 2644 1229 hoc
2700 1190 2898 1244 genere
2941 1173 3135 1228 mortis
3190 1173 3474 1237 exstincti,
3513 1185 3601 1227 sc-

2010 1272 2230 1343 pultura
2280 1269 2446 1325 etiam
2476 1269 2842 1338 privarentur.
2881 1267 2974 1321 Sic
3007 1266 3176 1337 igitur
3228 1266 3435 1320 factum
3490 1272 3598 1320 est.

2009 1361 2198 1418 Nauta:
2222 1377 2288 1418 ex
2326 1368 2488 1431 portu
2532 1358 2781 1429 profecti,
2817 1373 2937 1412 cum
2972 1358 3037 1412 ad
3070 1358 3307 1411 medium
3343 1357 3601 1411 Astaceui

2010 1454 2168 1511 sinus
2200 1454 2508 1516 venissent,
2548 1449 2752 1506 iaciunt
2776 1449 2828 1503 id
2849 1451 2995 1519 quod
3020 1450 3351 1520 imperatum
3386 1450 3561 1505 fuerat
3582 1467 3601 1503 τ

2009 1558 2065 1604 et
2094 1562 2362 1604 succensa
2391 1545 2612 1609 nave,in
2649 1544 2910 1615 scapham
2938 1560 3061 1614 qua:
3094 1560 3236 1615 pone
3267 1544 3604 1613 sequebatur

2012 1638 2365 1711 transgressi,
2391 1637 2931 1694 discesserunt.Cum
2964 1645 3150 1691 autem
3183 1645 3382 1692 ventus
3411 1637 3603 1693 subso-

2012 1730 2174 1786 lanus
2205 1730 2505 1785 vehemens
2546 1729 2866 1800 ingruisset,
2920 1728 3074 1783 navis
3122 1744 3243 1797 qua:
3297 1727 3605 1797 eoullagrzv

2012 1823 2125 1887 bat,
2170 1821 2461 1877 violentius
2506 1821 2712 1890 impelli
2766 1821 2935 1890 erepit
2978 1838 2991 1875 :
3050 1820 3187 1874 adeo
3233 1830 3291 1874 ut
3343 1820 3602 1875 velociori

2010 1913 2231 1985 quidem
2265 1927 2428 1967 cursu
2456 1911 2715 1975 ferretur,
2742 1911 2952 1980 integra
2981 1918 3164 1965 autem
3197 1911 3509 1980 pervenerit
3532 1910 3609 1964 ad-

2012 2006 2205 2061 navale
2234 2004 2322 2059 cui
2359 2018 2557 2058 nomen
2606 2012 2690 2057 est
2738 2001 3021 2070 Dacidizo,
3074 2003 3257 2073 ibique
3303 2019 3430 2058 cum
3468 2004 3603 2058 viris

2014 2097 2151 2167 ipsis
2182 2097 2399 2167 penitus
2433 2102 2759 2165 consumpta
2795 2095 2888 2150 sit.
2928 2097 3112 2166 Atque
3159 2097 3262 2149 boe
3288 2096 3472 2152 scelus
3506 2111 3604 2152 ne-

2012 2203 2288 2259 quaquam
2360 2187 2594 2242 inultum
2664 2188 2936 2244 mansisse
3004 2188 3253 2258 plerique
3334 2188 3599 2249 referunt.

2016 2279 2213 2334 Statim
2244 2278 2390 2335 enim
2416 2286 2604 2333 secuta
2633 2286 2719 2333 est
2750 2275 2922 2333 fames
2956 2291 3053 2347 per
3085 2278 3398 2332 universam
3428 2276 3605 2349 Phry-

2010 2372 2154 2442 giam
2202 2370 2339 2425 adeo
2387 2370 2595 2441 gravis,
2659 2380 2716 2422 ut
2757 2369 3006 2439 plerique
3056 2368 3357 2424 incolarum
3388 2383 3454 2423 ex
3484 2368 3603 2424 suis

2012 2462 2236 2517 sedibus
2270 2460 2335 2513 ad
2379 2467 2594 2530 tempus
2630 2459 2866 2529 migrare
2924 2473 3154 2513 necesse
3201 2460 3513 2537 habuerint,
3548 2468 3605 2514 et

2012 2556 2211 2626 partim
2244 2554 2808 2625 ConstantinOpolim,
2841 2557 3041 2625 partim
3079 2555 3147 2609 ad
3192 2556 3329 2610 alias
3379 2555 3605 2625 provin-

2011 2648 2128 2704 cius
2171 2662 2230 2703 se
2250 2647 2579 2716 receperint.
2607 2646 2823 2700 Etenim
2856 2646 3372 2717 Constantinopolis
3407 2663 3603 2719 quan:-

2012 2738 2098 2793 vis
2127 2736 2584 2793 innumerabilem
2624 2738 2808 2807 populi
2841 2739 3248 2795 multitudinem
3292 2739 3425 2802 alat,
3461 2754 3606 2794 scm-

2015 2845 2114 2901 per
2143 2840 2325 2885 tamen
2361 2843 2596 2883 annonae
2648 2828 2892 2885 abundat
2929 2832 3114 2901 copia,
3162 2840 3276 2885 tum
3325 2831 3472 2900 quod
3512 2846 3605 2885 res

327 2936 519 2975 omnes
577 2921 645 2976 ad
686 2922 890 2977 victum
969 2925 1294 2981 necessaria:
1333 2926 1470 2981 mari
1524 2926 1590 2981 ad
1636 2941 1753 2981 eam
1825 2927 2225 2993 importantur;
2298 2934 2411 2981 tum
2464 2924 2609 2997 quod
2653 2924 2858 2981 Pontus
2913 2925 3158 2983 Euxinus
3212 2926 3261 2983 ei
3314 2927 3604 2996 adiacens,

328 3008 590 3065 frumenti
650 3012 888 3083 cepiam,
950 3016 1386 3088 quotiescunque
1441 3033 1579 3087 opus
1628 3016 1814 3080 fuerit,
1856 3018 1905 3072 ei
1946 3016 2280 3088 suppeditat.
2370 3094 2373 3097 _

926 3150 1176 3206 ΚΕΦΔΛ.
1211 3153 1306 3208 ΙΖ’.

337 3259 435 3327 Ὡς
468 3262 504 3314 ὁ
523 3261 846 3335 βασιιλεὺς,
981 3263 1310 3333 Ἀντιοχείᾳ
1344 3266 1684 3335 γενόμενος,
1722 3266 1910 3323 πάλιν

486 3331 633 3398 τοὺς
670 3332 735 3386 τὸ
766 3334 1092 3402 όμοούονιον
1121 3331 1494 3404 φρονοῦντας
1532 3331 1763 3393 ἐδίωκε.

401 3446 618 3515 Οὐάλης
648 3447 708 3500 δέ
756 3449 786 3500 ὁ
814 3447 1067 3517 βασιλεὺς
1093 3489 1108 3513 ,
1170 3451 1340 3522 μικρᾶ
1368 3450 1477 3504 τῶν
1506 3452 1571 3505 ἐκ
1604 3451 1698 3506 τοῦ
1749 3452 1907 3525 λιμοῦ

327 3538 641 3607 γενομένων
674 3541 966 3609 φροντίσας
993 3578 1009 3604 ,
1041 3540 1134 3593 ἐπὶ
1180 3541 1279 3610 τὴν
1326 3542 1525 3611 Συρίας
1582 3543 1910 3615 Ἀντιόχειαν

330 3630 697 3700 παραγίνεται
732 3642 757 3669 ο
781 3650 796 3665 θ
840 3631 1131 3703 διατρίϐων
1186 3650 1245 3684 τε
1276 3634 1397 3686 κατ’
1427 3633 1597 3703 αὐτὴν
1623 3674 1638 3697 ,
1692 3636 1913 3706 ἐπόρθει

326 3723 461 3785 τοὺς
498 3723 572 3791 μὴ
617 3723 1071 3793 ’Λρειανίζοντας.
1108 3723 1303 3776 Τέλεον
1350 3724 1460 3796 γάρ
1498 3724 1759 3789 ἐξελάσας
1786 3728 1913 3791 τοὺς

324 3815 393 3868 τὸ
419 3814 703 3885 ὁμοούσιον
738 3814 1067 3886 φρονοῦντας
1096 3816 1204 3871 τῶν
1238 3815 1574 3886 Ἐκκλησιῶν
1600 3818 1784 3887 σχεδὸν
1805 3819 1913 3871 τῶν

324 3906 669 3961 ἀνατολικῶν
712 3908 952 3971 πόλεων,
983 3909 1084 3962 οὐκ
1129 3910 1352 3978 ἠρκεῖτο
1395 3908 1567 3980 τούτῳ
1595 3949 1609 3971 ,
1655 3910 1791 3964 ἀλλὰ
1820 3911 1912 3963 καὶ

320 3999 610 4068 διαφόροις
674 3998 1049 4071 κολαστηρίοις
1106 3999 1401 4054 ὑπέϐαλλεν
1442 4016 1458 4031 ο
1522 4000 1803 4056 ἀπώλλυεν
1857 4002 1912 4055 δὲ

325 4090 518 4161 πολλῴ
546 4088 767 4154 πλείους
790 4090 899 4144 τῶν
937 4092 1234 4164 πρότερον,
1269 4092 1545 4163 διαφόροις
1597 4094 1699 4163 μὲν
1746 4094 1908 4149 Θανά-

322 4196 447 4244 tot;
478 4178 835 4251 παραδιδοὺς,
864 4179 1157 4251 ἐξαιρέτως
1193 4180 1251 4234 δέ
1281 4180 1361 4252 τῷ
1392 4181 1639 4254 ποταμῷ.

2630 3152 2783 3207 CAP.
2822 3150 2987 3206 XVII.

2013 3262 2291 3330 Quomodo
2322 3264 2612 3332 imperator
2636 3262 2760 3316 dum
2794 3262 3091 3318 Antiochia:
3119 3274 3438 3329 rersaretur,
3487 3262 3604 3318 llo-

2398 3338 2701 3389 mousianos
2729 3345 3029 3402 persecutus
3062 3334 3240 3402 fuerit.

2085 3443 2286 3499 Verum
2353 3444 2655 3514 imperator
2706 3443 2928 3512 Valens,
2974 3446 3119 3501 mala
3178 3462 3300 3517 qua:
3346 3462 3413 3503 ex
3461 3445 3604 3502 fatue

2013 3537 2338 3592 oriebantur
2362 3537 2793 3608 parvipendens,
2832 3537 3178 3592 Antiochiam
3215 3538 3483 3609 pervenit.
3524 3537 3603 3594 lbi

2017 3630 2145 3682 dum
2197 3636 2465 3695 moratur,
2502 3645 2601 3685 eos
2633 3629 2728 3699 qui
2776 3630 3037 3684 Arianam
3070 3629 3389 3700 opinionem
3446 3645 3603 3686 avt-r-

2018 3722 2311 3787 sabantur,
2360 3722 2639 3777 hostiliter
2685 3722 2923 3776 vexavit.
2962 3719 3115 3775 .Nam
3178 3737 3302 3778 cum
3363 3722 3603 3777 Hornou-

2023 3814 2215 3869 sianos
2248 3829 2347 3885 per
2390 3815 2679 3871 universas
2715 3813 2826 3870 fere
2851 3814 3095 3869 Orientis
3142 3815 3453 3885 provincias
3504 3814 3604 3870 Ec-

2016 3906 2205 3961 clesiis
2252 3906 2580 3975 expulisset,
2617 3920 2680 3960 ea
2717 3921 2776 3960 re
2816 3906 3041 3961 minime
3074 3914 3394 3971 contentus,
3439 3907 3603 3964 variis

2021 3999 2311 4069 suppliciis
2347 4015 2445 4055 eos
2483 3999 2703 4055 aﬂeeit:
2732 3999 3011 4068 multoque
3051 4012 3182 4054 tunc
3223 4000 3408 4068 plures
3436 4017 3603 4069 quam

2026 4100 2189 4144 antea
2216 4108 2247 4144 e
2272 4089 2452 4144 medio
2479 4087 2726 4151 sustulit,
2755 4096 2869 4141 tum
2915 4088 3039 4143 aliis
3064 4088 3256 4143 mortis
3285 4089 3602 4159 generibus.

2022 4191 2135 4238 tum
2176 4180 2448 4252 praecipue
2481 4180 2538 4235 in
2578 4179 2744 4235 ﬂuvio
2765 4194 2859 4236 eos
2889 4181 3157 4237 necando.

1540 4356 1813 4413 VALESII
1858 4358 2307 4417 ANNUTATION
2317 4359 2418 4415 ES.

399 4495 523 4567 (57)
564 4494 883 4562 Δακίδιζος.
938 4496 1279 4553 Sozomenus
1312 4497 1370 4552 in
1403 4492 1544 4553 libro
1578 4507 1736 4555 sexto
1767 4513 1913 4553 eam-

2099 4501 2212 4567 (58)
2246 4500 2431 4565 Λιμόν
2464 4500 2573 4568 γὰρ
2593 4502 2911 4555 σύντονον.
2948 4500 3023 4555 De
3047 4501 3148 4553 hac
3189 4499 3332 4553 fame
3364 4500 3437 4553 ita
3467 4499 3603 4554 scri-

317 4571 459 4623 dem
502 4580 617 4621 rem
650 4580 1107 4634 commemorans,
1145 4568 1455 4622 Dacibizam
1518 4579 1677 4623 vocat
1727 4572 1917 4624 urbem

315 4636 680 4709 maritimam
732 4637 1017 4709 Bithyniae.
1047 4638 1332 4709 Cctlrenus
1365 4654 1585 4709 quoque
1632 4651 1791 4693 vocat
1817 4639 1919 4692 Da-

312 4710 551 4781 ciblsa,
590 4705 751 4777 μέχρι
775 4705 1109 4781 Δακιὸύ-ζων.
1142 4705 1660 4781 Sed'l‘l_ieopltanes,
1694 4711 1918 4781 perinde

316 4794 391 4833 ac
428 4776 707 4835 Socrates
732 4785 941 4843 noster,
971 4778 1135 4835 habet
1171 4776 1450 4835 Dacidiza‘.

2030 4571 2179 4624 bitur
2208 4573 2263 4624 in
2294 4571 2472 4625 Fastis
2535 4573 2834 4631 veteribus.
2871 4588 3010 4640 quos
3051 4573 3159 4625 sub
3193 4570 3350 4624 Matii
3379 4572 3604 4625 nomine

2028 4643 2329 4708 publicavrt
2378 4641 2752 4696 Sirmondus:
2825 4642 3197 4695 Valentiniano
3227 4656 3309 4702 ιιι,
3375 4651 3426 4695 et
3496 4640 3609 4694 Va:

2026 4712 2171 4783 (ante
2188 4728 2281 4783 in;
2311 4711 2393 4783 Itis
2424 4713 2734 4767 consulibus
2781 4730 2973 4783 magna
3006 4713 3175 4782 [antes
3210 4713 3312 4781 fuit
3344 4713 3399 4766 in
3432 4713 3604 4780 parti-

2026 4781 2118 4835 bus
2140 4781 2404 4854 Phryyiw.

1767 4956 2152 5015 VARIORUM.

386 5096 421 5138 δ
463 5094 581 5150 Τοῦ
613 5095 1000 5167 ΔξΑοῖτιυιηνόῦ
1034 5098 1353 5167 πελάγους.
1399 5099 1707 5155 Astacenus
1734 5101 1914 5161 sinus,

309 5184 485 5224 nunc
514 5167 563 5221 le
596 5164 753 5240 Qolfe
778 5167 848 5240 γάρ
876 5164 1159 5240 ροηείάία.
1198 5164 1335 5223 teste
1381 5170 1571 5236 Gillio,
1628 5187 1755 5240 pars
1832 5180 1918 5225 est

312 5237 697 5310 Propontidis
774 5238 850 5310 in_
888 5237 1221 5310 Bithyniam“
1252 5256 1552 5294 excurrens
1605 5237 1671 5294 ad
1718 5249 1919 5305 ortmn,

310 5305 534 5363 versus
591 5305 1137 5363 NicomediamXSic
1174 5307 1354 5364 dictus
1405 5311 1473 5364 ab
1524 5310 1726 5365 Astaeo
1789 5310 1925 5364 urbe

308 5377 630 5449 Bithyniae.
668 5378 990 5449 quaedistat
1026 5394 1053 5430 ιι
1116 5377 1429 5433 Nicomedia
1483 5380 1547 5434 l5
1596 5381 1925 5434 milliaribns

310 5452 370 5503 in
390 5448 671 5520 occasum
694 5448 964 5512 testivum,
994 5456 1047 5503 et
1070 5449 1137 5502 50
1168 5449 1279 5505 lere
1307 5468 1335 5503 a
1370 5449 1844 5520 ConstantinOpoli
1875 5450 1929 5503 in

308 5532 543 5576 ortum.
567 5518 869 5571 Baunnaxo.

399 5600 428 5630 ο
505 5588 641 5641 Ἐπὶ
689 5588 802 5658 τὴν
838 5588 1053 5654 Συρίας
1098 5591 1452 5656 Ἀντιόχειαν
1512 5591 1916 5659 παραγίνεται.

310 5658 731 5729 Valens‘initio
766 5660 896 5711 anni
936 5660 1041 5729 Ζῆν).
1087 5662 1436 5714 Antiochiam
1490 5658 1774 5729 ingresSus
1809 5670 1913 5715 est.

307 5733 497 5785 Certe
518 5726 807 5799 ,Libanius
847 5730 900 5781 in
963 5728 1080 5782 Vita
1116 5747 1215 5785 sua
1264 5746 1323 5782 se
1382 5726 1915 5799 quinquagenarium

312 5796 773 5854 fuissc'Joviano
806 5800 1112 5867 imperante
1152 5796 1409 5857 testatur.
1434 5796 1557 5868 pag.
1607 5800 1690 5854 Illi.
1723 5801 1916 5854 Postea

316 5888 454 5943 pag.
483 5869 585 5934 48,
606 5884 808 5924 anitum
841 5870 1018 5925 {etatis
1041 5880 1290 5925 octavum
1321 5883 1370 5925 et
1399 5871 1913 5941 quinquagesimum

2024 5099 2204 5168 egisse
2233 5114 2291 5151 se
2324 5098 2481 5159 dicit,
2508 5106 2624 5150 tmn
2659 5096 3014 5168 cmnValcns
3035 5095 3405 5168 Antiochiam
3431 5094 3598 5168 venit.

2027 5164 2293 5224 Iovianus
2330 5177 2511 5221 autem
2543 5167 2892 5221 Antiochiam
2941 5166 3222 5236 profectus
3253 5164 3480 5236 estsub
3540 5164 3602 5236 ll-_-

2033 5256 2155 5294 neut
2191 5239 2317 5292 anni
2350 5239 2476 5298 565,
2515 5247 2653 5293 teste
2682 5233 2989 5296 Ammiano.
3017 5236 3111 5289 lib.
3170 5252 3294 5289 xxv.
3331 5233 3513 5301 Quare
3554 5233 3599 5286 si

2032 5326 2099 5364 eo
2128 5322 2275 5361 anno
2312 5308 2573 5362 Libanius
2599 5308 3107 5378 quinquagenarius
3138 5315 3280 5368 erat,
3319 5320 3466 5378 anno
3499 5303 3602 5357 572

2037 5379 2556 5448 quinquagesimum
2611 5374 2871 5432 octavuni
2926 5378 3314 5446 compleverat,
3357 5374 3603 5448 ideoque

2040 5444 2147 5503 non
2180 5444 2462 5503 :ilio'anno
2487 5449 2684 5504 Valens
2712 5444 3396 5501 Antiochiamadventavit
3444 5444 3598 5508 Quod

2026 5521 2072 5574 si
2100 5519 2212 5593 jam
2272 5530 2431 5593 antea
2473 5521 2537 5574 ad
2571 5519 2816 5575 eamdem
2874 5520 3063 5593 urbem
3117 5520 3167 5593 is_
3195 5514 3597 5593 “aet'cssifsij-l.

2030 5583 2230 5659 prioris
2270 5591 2414 5643 illius
2447 5592 2716 5659 adventus
2778 5590 3111 5659 mentionem
3151 5585 3410 5640 Libanins
3435 5583 3598 5635 fecis—

2029 5646 2133 5714 set.
2178 5659 2399 5714 Interim
2421 5661 2598 5714 obiter
2618 5646 3046 5720 observandum,
3074 5658 3430 5725 imperatores
3459 5667 3597 5703 non.

2031 5731 2132 5783 nisi
2171 5746 2266 5797 per
2321 5732 2550 5784 hiemem
2581 5732 2633 5782 in
2671 5729 2864 5784 Cilicia
2902 5731 3005 5782 iter
3056 5726 3333 5797 habuisse,
3376 5733 3596 5797 propter

2030 5791 2351 5853 immodicos
2385 5801 2437 5853 in
2464 5802 2655 5852 :estivo
2712 5809 2954 5867 tempore
2986 5797 3115 5853 solis
3166 5792 3411 5847 ardores.
3444 5791 3593 5861 (Ant.

2028 5868 2177 5938 Pagi,
2203 5871 2266 5924 ad
2307 5870 2583 5933 ann.37‘2,
2626 5886 2675 5923 ιι.
2716 5870 2793 5933 6η)
