4016 6350
237 378 312 436 509
1051 366 1376 423 HISTORIA
1419 361 1973 421 ECCLESIASTICA.
2008 393 2076 403 —
2109 361 2237 417 LIB.
2264 359 2356 416 IV.

3319 347 3423 402 510

236 494 414 570 manu
447 494 550 548 ὅσα
578 491 718 547 κατὰ
744 491 850 546 τῶν
875 490 1292 557 ὲξωθισθέντων,
1318 490 1376 544 ἐν
1406 506 1466 543 τε
1495 489 1752 556 δικαστη-

1852 485 1983 549 sint,
2013 492 2069 540 et
2102 499 2233 555 quae
2274 482 2541 537 adversus
2577 477 2700 532 illos
2742 473 2837 544 qui
2870 469 3086 542 expulsi
3122 476 3274 530 sunt,
3310 475 3425 521 tum

231 589 330 659 ρίοις
377 585 470 637 καὶ
501 582 657 647 ἐκτὸς
697 583 1059 656 δικαστηρίων
1102 581 1372 653 ἐπράχθη,
1418 582 1565 644 ὅπως
1592 596 1652 632 τε
1697 578 1751 630 oi

230 681 302 752 μὲν
317 676 550 746 βασάνοις
580 676 846 739 ποικίλαις
874 674 1278 745 ὑπεϐλήθησαν,
1305 674 1357 727 oi
1385 674 1441 727 δὲ
1494 673 1587 727 καὶ
1615 671 1755 742 μετὰ

227 774 295 835 τὰς
315 768 561 840 βασάνους
583 768 981 840 ἐξωρίσθησανο
1016 766 1238 829 Σαϐῖνος
1274 765 1372 836 μὲν
1400 764 1507 819 οὐδ’
1539 766 1752 834 ἡντινα-

224 861 290 915 οὖν
322 860 601 930 πεποίηται
650 859 890 929 μνήμην.
931 855 1280 928 Ἀρειανίζων
1326 855 1437 924 γὰρ
1479 855 1541 909 τὸ
1581 854 1753 923 ἥμισυ

226 951 400 1024 κρύπτει
451 950 523 1004 τὰ
576 949 686 1004 τῶν
738 948 906 1018 φίλων
957 949 1286 1019 ἀδικήματα.
1357 946 1561 1017 Πέτρος
1586 945 1642 999 δέ
1669 961 1753 998 τοι

223 1040 493 1110 γράμμαστν
510 1037 749 1100 οἰκείοις,
765 1035 803 1090 ἃ.
828 1035 965 1106 μετὰ
989 1036 1087 1107 τὴν
1113 1038 1176 1089 ὲκ
1202 1035 1311 1088 τῶν
1335 1034 1549 1105 δεσμῶν
1575 1032 1752 1105 φυγὴν

160 1166 167 1173 -
221 1134 305 1195 ταῖς
332 1130 602 1201 πανταχοῦ
662 1128 979 1199 ἐκκλησίαις
1005 1126 1363 1197 διεπέμψατο,
1399 1125 1605 1196 φανερὰ
1640 1128 1755 1187 τοῖς

221 1223 314 1276 πᾶσι
340 1220 693 1283 κατέστησεν.
733 1215 902 1285 Οὗτος
935 1223 1036 1294 μὲν
1064 1219 1179 1290 οὖν,
1203 1222 1482 1293 διαδρᾶσαι
1515 1222 1612 1293 τῆς
1637 1222 1751 1294 εἱρ-

222 1314 316 1383 κτῆς
346 1312 593 1383 ἰσχύσας,
630 1313 766 1383 πρὸς
798 1316 1049 1385 Δάμασον
1077 1315 1167 1368 τὸν
1200 1316 1495 1369 ἐπίσκοπον
1534 1314 1752 1385 Ῥώμης

217 1404 462 1475 ἀνέδραμε.
496 1404 666 1459 Πάλιν
711 1404 769 1459 δὲ
811 1404 860 1458 οί
905 1406 1170 1477 Ἀρειανοὶ
1208 1406 1303 1460 καὶ
1342 1406 1510 1474 ὀλίγοι
1553 1406 1753 1477 τυγχά-

218 1511 373 1558 νοντες,
400 1495 511 1549 τῶν
539 1496 679 1549 κατά
704 1495 802 1568 τὴν
839 1496 1243 1566 ’Δλεξάνδρειαν
1272 1497 1576 1567 ἐκκλησιῶν
1604 1499 1753 1568 ὅμως

214 1586 499 1656 ἐκράτησαν.
523 1586 598 1640 Οὐ
630 1586 794 1651 πολὺς
815 1587 873 1640 δὲ
907 1588 965 1641 ὲν
996 1588 1145 1660 μέσῳ
1189 1588 1377 1660 χρόνος
1400 1589 1630 1657 ἐγίνετο,
1659 1591 1753 1644 καὶ

216 1676 436 1745 βασιλέως
463 1677 716 1731 ἐκέλευσε
746 1680 1091 1750 πρόσταγμα,
1122 1681 1219 1751 τῆς
1257 1697 1317 1733 τε
1354 1679 1753 1751 Ἀλεξανδρείας

214 1769 281 1822 καὶ
302 1769 630 1838 πανταχόθεν
656 1773 755 1842 τῆς
782 1770 1059 1844 ᾼίγύπτου
1107 1770 1425 1825 ἐλαύνεσθαι
1452 1774 1580 1836 τοὺς
1617 1790 1751 1844 φρο-

212 1857 391 1923 νοῦντας
428 1860 491 1913 τὸ
527 1860 834 1931 ὁμοούσιον.
878 1853 1239 1917 Ἐπετέτακτο
1282 1861 1340 1915 δὲ
1369 1862 1463 1915 κα)⁵
1488 1863 1517 1915 ό
1543 1862 1749 1933 ἄρχων,

212 1951 282 2005 σὺν
301 1950 476 2021 πολλῷ
502 1951 697 2022 πλήθει
741 1951 1087 2024 στρατιωτῶν
1131 1951 1346 2006 διώκειν
1394 1952 1749 2022 πανταχόθεν,

208 2042 326 2105 ὅσους
356 2036 576 2094 ἐκέλευε
603 2041 852 2105 Λούκιος.
887 2042 1157 2096 Ἔσκυλαν
1201 2043 1260 2097 δὲ
1307 2043 1608 2112 τηνικαῦτα
1656 2043 1752 2097 καὶ

208 2127 438 2199 ίτάραξαν
458 2169 474 2196 ,
533 2129 625 2183 καὶ
679 2129 871 2193 δεινῶς
936 2131 1388 2202 κατεπολέμησαν
1447 2131 1517 2185 τὰ
1567 2134 1626 2186 ἐν
1681 2135 1748 2204 τῇ

208 2215 363 2286 ἐρήμῳ
423 2216 782 2286 μοναστήρια.
827 2217 1176 2281 Ἐπελθόντες
1224 2218 1334 2290 γάρ
1392 2218 1603 2275 ἔνοπλοι
1647 2237 1750 2289 γυ-

209 2308 324 2374 μνοῖς
351 2306 601 2377 ἀνδράσι,
631 2308 724 2361 καὶ
774 2308 896 2362 οὐδὲ
942 2310 1040 2381 τὴν
1092 2313 1250 2381 χεῖρα
1280 2312 1450 2382 αὐτὴν
1490 2312 1752 2366 ἐκτείνειν

206 2396 308 2464 πρὸς
343 2398 555 2467 πληγὴν
605 2400 970 2472 αἱρουμένοις,
1023 2400 1195 2465 οὕτως
1239 2402 1486 2466 ἐλεεινῶς
1524 2392 1751 2474 ἐξεπόριξ

206 2484 366 2581 θησαν,
416 2490 490 2553 ὡς
548 2487 689 2544 εἶναι
740 2491 899 2562 λόγου
952 2491 1241 2564 κρείσσονα
1292 2492 1360 2547 τὰ
1405 2493 1526 2548 κατ’
1574 2493 1752 2549 αὐτῶν

206 2580 320 2653 πάθη
356 2583 642 2653 γενόμενα.

759 2760 1009 2815 ΚΕΦᾹΛ.
1046 2761 1172 2817 Kl".

203 2849 521 2922 Κατὰλογος
581 2850 699 2905 τῶν
749 2851 821 2906 ἐν
862 2852 939 2923 τῇ
982 2853 1408 2939 ἐρήμῳργἰων
1445 2855 1747 2926 μοναχῶν.

257 3030 473 3101 Ἐπειδὴ
502 3030 561 3084 δὲ
592 3031 701 3085 τῶν
732 3032 792 3083 ὲν
834 3030 1095 3104 Αίγύπτῳ
1126 3032 1500 3103 μοναστηρίων
1531 3033 1750 3105 μνήμην

1852 575 1907 629 in
1926 574 2151 643 iudiciis
2187 581 2305 628 tum
2346 583 2499 626 extra
2526 566 2800 637 judicium
2831 570 2962 619 sunt
2995 567 3183 630 gesta;
3212 565 3265 611 ct
3289 570 3430 625 quo-

1852 664 2013 719 modo
2044 664 2139 718 alii
2172 662 2395 733 quidem
2446 656 2739 712 tormentis
2786 648 3124 709 excruciati,
3153 650 3246 702 alii
3296 661 3429 702 vero

1851 764 1978 826 post
2001 755 2284 811 cruciatus
2310 753 2478 807 etiam
2504 749 2699 805 exsilio
2718 743 2963 800 damnati
2994 742 3107 797 sint
3137 758 3151 794 :
3187 737 3428 793 Sabinus

1851 846 2075 917 quidem
2122 846 2437 900 nullatenus
2480 836 2955 897 commemoravit.
2981 833 3115 887 Nam
3152 846 3276 885 cum
3311 831 3430 898 ipse

1853 938 2234 993 Semiarianus
2274 941 2445 999 esset,
2478 932 2785 986 amicorum
2828 942 3055 981 suorum
3094 923 3300 978 scelera
3331 920 3428 974 ob-

1853 1031 2004 1086 texit.
2031 1028 2231 1083 Petrus
2277 1042 2408 1081 vero
2457 1040 2552 1094 per
2587 1024 2799 1077 litteras
2847 1033 3001 1077 suas,
3027 1030 3167 1086 quas
3197 1030 3262 1068 ex
3310 1012 3429 1064 \‘iu-

1851 1123 1995 1176 culis
2034 1122 2255 1190 elapsus
2289 1119 2355 1171 ad
2398 1131 2589 1171 omnes
2630 1113 2833 1180 ubique
2863 1109 3135 1164 ecclesias
3177 1104 3428 1173 scripsit,

1850 1211 2106 1266 omnibus
2153 1225 2217 1264 ea
2251 1207 2526 1278 patefecit.
2572 1204 2635 1257 Et
2682 1203 2771 1256 hic
2816 1201 3035 1270 quidem
3081 1213 3205 1250 cum
3255 1210 3312 1249 se
3361 1208 3428 1247 ex

1852 1320 2077 1359 carcere
2112 1303 2497 1373 proripuisset,
2532 1298 2597 1352 ad
2634 1296 2926 1349 Damasum
2972 1291 3230 1344 Romana:
3274 1287 3429 1342 urhis

1850 1398 2173 1466 episcopum
2227 1391 2533 1448 contendit.
2578 1387 2764 1444 Ariani
2816 1400 2968 1448 vero,
3024 1384 3151 1436 licet
3202 1392 3431 1434 numero

1852 1486 2040 1556 pauci,
2088 1482 2451 1539 nihilominus
2505 1476 2905 1532 Alexandrinas
2952 1470 3228 1525 Eerlesias
3280 1467 3430 1520 obti-

1853 1585 2112 1632 nuerunt.
2147 1573 2259 1629 Nec
2294 1573 2651 1641 mult0‘post,
2681 1584 2745 1622 ex
2777 1564 3128 1635 imperatoris
3156 1559 3431 1627 rescripto

1854 1668 2094 1722 universi
2130 1666 2222 1734 qui
2259 1665 2415 1718 Iidem
2463 1657 2955 1718 cousuhstantialis
3003 1653 3431 1726 ptoﬁtchantur,

1855 1768 1968 1813 tum
1999 1775 2063 1814 ex
2094 1758 2230 1812 urbe
2260 1753 2609 1817 Alexandria,
2645 1762 2757 1807 tum
2795 1764 2860 1803 ex
2889 1747 3145 1800 universa
3189 1742 3434 1811 undique

1785 1827 1823 1882 Β
1855 1851 2088 1921 Ᾱίίςγριο
2140 1848 2266 1919 pelli
2317 1847 2601 1917 juheutur.
2658 1841 2835 1895 Simul
2891 1835 3150 1907 praefecto
3214 1831 3433 1903 :Egypti

1853 1942 2173 1996 mandatum
2207 1948 2291 1994 est
2341 1945 2400 1991 ut
2431 1933 2654 1989 militari
2691 1946 2853 1985 manu
2887 1929 3090 1996 ultique
3130 1939 3433 1996 persequev

1853 2042 2005 2085 retur
2036 2044 2134 2086 eos
2161 2043 2301 2101 quos
2330 2025 2533 2080 Lucius
2574 2021 2700 2093 pelli
2732 2020 3020 2088 jussisset.
3055 2015 3258 2069 Eodem
3296 2021 3435 2067 tem-

1852 2136 1987 2192 pore
2017 2118 2352 2174 ntonasteria
2376 2118 2429 2170 in
2462 2113 2761 2168 solitudine
2790 2116 2982 2163 vexata
3008 2108 3075 2159 ah
3105 2107 3237 2165 IIIIS.
3262 2112 3433 2174 atque

1850 2212 2130 2281 exagitata
2184 2218 2240 2264 et
2294 2206 2593 2262 crudeliter
2644 2207 2962 2272 oppugnata
3018 2204 3168 2253 sunt.
3213 2193 3431 2248 Armati

1850 2304 1997 2360 enim
2045 2302 2318 2355 irruentes
2360 2299 2415 2352 in
2465 2297 2610 2350 viros
2657 2294 2917 2355 inermes,
2948 2290 3043 2360 qui
3099 2303 3167 2343 ne
3204 2300 3428 2341 manum

1852 2390 2071 2462 quidem
2130 2387 2427 2443 extendere
2478 2384 2542 2437 ad
2599 2379 2907 2437 feriendum
2965 2378 3254 2440 volebant,
3292 2376 3453 2430 adeo'

1851 2481 2112 2535 atrociter
2156 2494 2255 2535 eos
2296 2477 2678 2538 devaStarunt,
2728 2484 2785 2528 ut
2828 2487 2950 2541 quae
2993 2471 3260 2525 adversus
3306 2468 3430 2523 illos

1854 2579 2159 2644 perpetrata
2211 2579 2362 2635 sunt,
2408 2582 2627 2625 omnem
2679 2564 2896 2622 dicendi
2943 2569 3205 2633 superent
3255 2560 3431 2614 facul-

1854 2672 2044 2719 tatem.

2436 2766 2590 2823 CAP.
2626 2764 2813 2822 XXIII.

1853 2862 2145 2934 Catalogus
2179 2871 2489 2917 sanctorum
2526 2859 2906 2940 monachorum
2946 2857 3036 2927 qui
3064 2856 3117 2911 in
3145 2853 3431 2911 solitudine

2512 2937 2775 2982 vixerunt.

1923 3024 2030 3080 Sed
2058 3024 2321 3095 quoniam
2353 3021 2815 3076 monasteriorum
2846 3016 3063 3088 Egypti
3094 3015 3425 3069 mentionem

198 3121 540 3193 ἐποιησάμην,
559 3122 710 3175 οὐδὲν
736 3122 935 3177 κωλύει
959 3123 1091 3195 περὶ
1115 3122 1293 3176 αὐτῶν
1321 3123 1527 3196 βραχέα
1553 3124 1751 3190 διεξελ-

1857 3117 2109 3179 fecimus,
2155 3115 2291 3170 nihil
2342 3122 2489 3168 vetat
2540 3112 2834 3183 quominus
2888 3109 2954 3163 de
3008 3108 3204 3162 iisdem
3254 3120 3427 3176 pauca

197 3212 307 3268 θεῖν.
363 3215 444 3268 Τὰ
497 3216 556 3268 ὲν
592 3215 852 3287 Αἰγύπτῳ
897 3216 1234 3287 άσκητήρια“
1257 3217 1386 3278 ἴσως
1422 3216 1520 3287 μὲν
1560 3218 1624 3270 ἐκ
1651 3235 1752 3287 μα-

196 3305 324 3376 κρῶν
347 3307 454 3359 τῶν
480 3307 690 3377 χρόνων
715 3307 872 3361 ἔλαϐε
898 3306 997 3377 τὴν
1028 3308 1224 3378 ἀρχήν.
1262 3306 1600 3379 Ἑπλατύνθη
1629 3307 1756 3378 μέν·

194 3411 258 3450 τοι
292 3398 387 3449 καὶ
436 3398 527 3450 ἐπὶ
568 3396 751 3467 μεῖζον
782 3398 1083 3468 προέκοψεν
1123 3398 1184 3463 ἐξ
1228 3398 1420 3468 ἀνδρὸς
1454 3397 1752 3467 θεοφιλοῦς,

193 3479 423 3557 ᾧδνομα
462 3483 533 3559 ἦν
573 3488 818 3559 Ἀμμοῠν
864 3499 910 3543 t.
964 3482 1131 3551 Οὗτος
1177 3489 1294 3550 νέος
1345 3489 1420 3542 ῶν
1462 3492 1756 3559 παρῃτεῖτο

194 3579 269 3633 τὸν
298 3584 494 3652 γάμον.
535 3582 623 3644 Ὠς
658 3581 717 3635 δέ
755 3598 898 3644 τινες
929 3580 1038 3634 τῶν
1065 3582 1445 3652 προσηκόντων
1478 3581 1754 3652 παρῄνουν

194 3675 257 3749 μὴ
306 3676 654 3746 καθυϐρίζειν
692 3675 782 3729 τὸν
817 3676 1018 3745 γάμον,
1053 3674 1191 3729 ἀλλὰ
1234 3676 1465 3744 γυναῖκα
1502 3674 1751 3743 ἄγεσθαι,

192 3769 421 3823 πείθεται
458 3770 577 3839 μὲν,
622 3769 716 3822 καὶ
753 3768 972 3840 ἔρχεται
1000 3767 1092 3822 ἐπὶ
1116 3767 1312 3838 γάμον.
1345 3767 1519 3831 Εὐθὺς
1561 3767 1617 3820 δὲ
1646 3768 1755 3820 ἀπὸ

189 3861 278 3929 τῆς
302 3859 570 3922 παστάδος
598 3857 926 3930 παραλαϐὼν
958 3858 1057 3928 τὴν
1088 3855 1375 3926 παρθένον,
1407 3855 1500 3908 καὶ
1531 3855 1753 3924 ἀγαγὼν

189 3952 275 4004 ἐπὶ
297 3952 393 4023 τὴν
421 3950 652 4007 κοιτῶνα
693 3951 829 4022 μετὰ
870 3952 973 4022 τῆς
1017 3952 1270 4015 εἰωθυίας
1310 3951 1553 4020 πομπῆς,
1600 3950 1753 4014 τέλος

187 4043 644 4115 ἀναχωρησάντων
685 4043 794 4096 τῶν
840 4043 1181 4114 ἐπιτηδείων,
1207 4044 1366 4107 αὐτὸς
1416 4043 1617 4113 βιϐλίον
1661 4043 1755 4097 λα-

188 4132 292 4186 ϐὼν
339 4134 710 4196 ἁποστολικὸν,
751 4130 856 4201 τὴν
878 4134 1013 4205 πρὸς
1041 4134 1358 4206 Κορινθίους
1387 4134 1599 4187 Παύλου
1628 4137 1750 4188 ἐπι-

188 4223 372 4296 στολὴν
414 4224 746 4293 ἀνεγίνωσκε
769 4262 786 4289 ,
832 4226 926 4277 καὶ
968 4224 1105 4295 πρὸς
1146 4225 1246 4295 τὴν
1289 4225 1533 4295 γαμετὴν
1564 4227 1633 4279 τὰ
1661 4226 1754 4279 τοῦ

194 4313 509 4370 Ἀποστόλου
558 4316 696 4387 πρὸς
740 4317 866 4379 τοὺς
914 4317 1296 4388 γεγαμηκότας
1324 4318 1757 4388 παραγγέλματα

185 4406 503 4480 διεξήρχετο.
547 4409 729 4463 Πολλὰ
773 4409 831 4462 δὲ
867 4409 962 4463 καὶ
1010 4408 1206 4476 ἔξωθεν
1249 4411 1410 4475 αὐτὸς
1446 4411 1754 4481 προστιθεὶς

1856 3211 2127 3266 dicamus.
2153 3206 2481 3262 Monasteria
2511 3220 2634 3275 quae
2665 3206 2717 3259 in
2752 3202 2985 3274 [Egypto
3017 3204 3173 3268 sunt,
3197 3199 3425 3253 forsitan

1856 3302 2075 3373 quidem
2105 3301 2174 3355 ab
2212 3300 2404 3353 ultima
2434 3297 2765 3367 antiquitate
2805 3301 3095 3350 traxerunt
3131 3291 3424 3361 originem.

1856 3398 2028 3451 Aucta
2064 3401 2249 3447 tamen
2281 3399 2336 3447 et
2375 3390 2706 3459 ampliﬁcata
2732 3397 2861 3443 sunt
2885 3387 3083 3440 mirum
3115 3387 3170 3439 in
3206 3383 3426 3438 modum

1855 3504 1886 3543 a
1927 3488 2043 3542 viro
2095 3485 2470 3547 sanctissimo,
2501 3484 2589 3537 ctti
2643 3497 2842 3536 nomen
2876 3486 2997 3534 erat
3031 3479 3285 3530 Ammon.
3319 3472 3425 3541 Qui

1855 3593 1983 3632 cum
2031 3583 2179 3630 esset
2233 3574 2581 3637 adolescens,
2631 3572 2853 3642 nuptias
2908 3568 3285 3624 aversabatur.
3317 3564 3425 3621 Sed

1865 3682 1990 3721 cum
2025 3663 2273 3720 nonnulli
2327 3680 2391 3718 ex
2425 3663 2747 3733 propinquis
2795 3676 2918 3716 eum
2976 3659 3331 3712 hortarentur
3370 3665 3429 3708 ut

1856 3772 2081 3813 uxorem
2108 3756 2357 3819 duceret,
2386 3769 2485 3809 nec
2517 3752 2836 3824 coniugium
2862 3748 3213 3804 contumeliis
3249 3746 3426 3800 allice~

1855 3858 1959 3914 ret,
2008 3848 2189 3919 paruit
2236 3848 2343 3912 ille,
2395 3858 2449 3901 et
2475 3845 2698 3915 nuptias
2754 3841 3074 3899 celebravit.
3110 3838 3424 3906 Statimque

1854 3959 1977 3998 eum
2004 3942 2270 4006 virginem
2295 3955 2325 3993 e
2346 3938 2588 3992 thalamo
2610 3933 3005 4006 apprehensam
3037 3946 3162 3984 cum
3195 3927 3428 3983 solemni

1856 4051 2050 4107 pompa
2085 4034 2336 4088 duxisset
2380 4032 2434 4084 in
2479 4030 2815 4090 cubiculum,
2843 4026 3063 4080 tandem
3108 4022 3429 4093 propinquis

1854 4142 1919 4181 ac
1942 4125 2306 4180 familiaribus
2326 4122 2607 4193 digressis.
2632 4121 2749 4189 ipse
2769 4117 3132 4187 apostolicum
3153 4115 3351 4168 librum
3373 4112 3427 4166 in

1854 4233 2050 4273 manus
2069 4230 2315 4279 sumens,
2334 4213 2636 4283 Epistulam
2662 4211 2809 4265 Pauli
2830 4210 2896 4264 ad
2916 4206 3231 4263 Corinthios
3249 4207 3429 4272 legere

1855 4309 2041 4379 coepit,
2060 4315 2115 4362 et
2133 4321 2255 4376 qua:
2273 4305 2370 4360 ille
2391 4302 2701 4372 coniugatis
2724 4300 3060 4372 praeciperet.
3077 4295 3298 4365 coniugi
3318 4308 3430 4348 sua:

1869 4414 2157 4470 exponere.
2183 4396 2349 4451 Multa
2373 4408 2633 4466 praeterea
2651 4394 2768 4463 ipse
2785 4390 3003 4445 aliunde
3034 4387 3319 4457 adjiciens,
3338 4385 3430 4439 do-

185 4475 473 4564 εδιδάέτὲεν,
509 4500 610 4553 ὅσα
640 4501 669 4551 ὁ
696 4499 873 4570 γάμος
905 4498 1019 4569 ἔχει
1076 4500 1329 4570 φορτικὰ,
1362 4475 1509 4563 ὅπως
1540 4517 1601 4552 τε
1651 4500 1747 4553 ἐπ-

1853 4499 1941 4547 cet
1989 4487 2151 4559 237
2194 4494 2397 4558 quanta
2435 4484 2748 4554 coniugium
2793 4482 2992 4536 habeat
3041 4475 3426 4537 incommoda,

186 4585 381 4652 ὠδυνος
408 4589 443 4660 ἡ
475 4588 681 4660 μεταξὺ
715 4588 906 4658 ἀνδρὸς
925 4587 1020 4641 καὶ
1034 4588 1292 4656 γυναικὸς
1320 4586 1639 4657 συμϐίωσις,
1661 4589 1755 4642 καὶ

185 4671 289 4731 οἷαι
313 4679 500 4744 ὠδῖνες
521 4680 624 4750 τὴν
666 4679 1038 4750 κυοφοροῦσαν
1068 4678 1377 4748 ἐκδέχονται
1403 4694 1416 4709 ο
1469 4678 1563 4732 καὶ
1590 4677 1658 4732 τὰ
1689 4680 1754 4733 ὲκ

185 4767 278 4838 τῆς
306 4771 697 4841 παιδοτροφίας
724 4769 1036 4841 προσετίθει
1068 4768 1334 4840 μοχθηρά.
1378 4768 1581 4838 Ἐπῆγε
1606 4768 1663 4823 δὲ
1685 4769 1753 4823 τὰ

186 4858 248 4911 ὲκ
276 4860 375 4929 τῆς
419 4862 640 4931 ἁγνείας
677 4859 924 4932 χρηστὰ,
973 4860 1068 4913 καὶ
1102 4861 1249 4921 ὅπως
1289 4859 1318 4912 ό
1358 4859 1600 4931 καθαρὸς
1639 4859 1753 4931 βίος

188 4948 331 5002 ἐστὶν
358 4952 662 5023 ἐλεύθερος,
710 4952 804 5005 καὶ
844 4951 1164 5020 ἁμόλυντος,
1192 4951 1288 5003 καὶ
1333 4951 1534 5015 παντὸς
1574 4950 1748 5024 ῥύπου

188 5039 339 5105 ἐκτός
364 5059 379 5074 ·
421 5044 517 5098 καὶ
555 5044 639 5097 ὅτι
684 5045 717 5113 ή
767 5042 1032 5113 παρθενία
1075 5042 1225 5111 παρὰ
1253 5041 1386 5097 Θεὸν
1415 5039 1555 5098 εἶναι
1585 5045 1748 5097 ποιεῖ.

187 5131 368 5186 Ταῦτα
386 5135 477 5188 καὶ
497 5133 666 5187 πολλὰ
685 5133 909 5187 τοιαῦτα
934 5134 1070 5206 πρὸς
1093 5133 1190 5205 τὴν
1215 5132 1457 5207 γαμετὴν
1484 5135 1750 5206 παρθένον

186 5217 349 5277 οὖσαν
378 5223 618 5290 διελθὼν,
647 5224 825 5278 πείθει
851 5225 1022 5296 αὐτὴν
1048 5226 1146 5279 σὺν
1172 5225 1341 5296 αὐτῷ,
1373 5226 1483 5295 πρὸ
1506 5226 1600 5280 τοῦ
1629 5244 1751 5280 συν-

186 5309 378 5379 ελθεῖν,
416 5313 789 5381 ἀποτάξασθαι
821 5311 900 5384 τῷ
935 5312 1035 5383 βίῳ
1068 5312 1144 5383 τῷ
1175 5314 1442 5385 κοσμικῷ.
1484 5316 1595 5369 Καὶ
1621 5316 1753 5370 ταύ-

185 5415 278 5465 τας
316 5402 481 5474 ἄμφω
517 5404 619 5468 τὰς
662 5403 936 5474 συνθήκας
981 5402 1229 5474 θέμενοι,
1278 5406 1370 5458 ἐπὶ
1412 5405 1473 5457 τὸ
1504 5406 1630 5489 ὅρος
1655 5407 1755 5476 τῆς

1853 4584 2180 4651 quantisque
2229 4576 2500 4633 molestiis
2549 4576 2743 4644 plenus
2802 4572 2874 4627 sit
2914 4571 3015 4624 viri
3063 4582 3128 4623 ac
3179 4565 3428 4622 mulieris

1851 4674 2182 4729 convictus:
2228 4685 2392 4740 quam
2426 4668 2610 4723 acet-hi
2669 4667 2890 4722 dolores
2938 4663 3219 4717 mulierem
3249 4658 3429 4728 gravi-

1851 4765 1977 4820 dam
2026 4761 2347 4832 excipiant:
2395 4759 2605 4814 addens
2649 4757 2815 4814 etiam
2866 4752 3144 4808 molestias
3190 4764 3311 4818 qua:
3359 4763 3428 4801 ex

1852 4859 2150 4915 liberorum
2187 4853 2512 4910 educatione
2563 4848 2717 4905 nasci
2761 4848 2958 4902 solent.
2992 4842 3148 4897 Tune
3185 4840 3426 4896 vicissim

1854 4949 2124 5006 castitatis
2157 4944 2441 5001 commoda
2471 4942 2638 5011 empit
2695 4953 2981 4993 recensere
3014 4952 3026 4988 :
3065 4950 3226 5004 quam
3259 4933 3428 4987 libera

1854 5045 1927 5099 sit
1949 5044 2057 5097 vita
2088 5056 2241 5110 pura,
2279 5054 2440 5106 quam
2473 5038 2787 5104 incorrupta
2816 5041 2871 5088 et
2900 5032 2968 5085 ab
3000 5030 3145 5083 omni
3178 5028 3301 5082 labe
3330 5042 3425 5081 va-

1855 5151 2005 5189 cua:
2067 5142 2120 5187 et
2175 5130 2319 5202 quod
2360 5129 2645 5199 virginitas
2703 5126 2953 5181 homines
3000 5122 3109 5177 Deo
3150 5121 3428 5191 proximos

1860 5226 2043 5280 faciat.
2088 5223 2211 5278 llaec
2240 5232 2296 5279 et
2326 5222 2432 5276 alia
2460 5217 2729 5290 ejusmodi
2761 5216 2997 5289 plurima
3031 5213 3170 5283 apud
3201 5226 3426 5265 uxorem

1860 5331 2013 5372 suam
2080 5315 2351 5386 virginem
2403 5314 2661 5375 locutus,
2711 5307 2984 5378 persuasit
3031 5304 3105 5358 illi
3171 5311 3231 5357 ut
3265 5300 3425 5355 simul

1861 5407 2022 5461 ambo
2067 5414 2358 5474 antequam
2391 5400 2873 5473 congrederentur,
2910 5397 3227 5452 sateularem
3265 5393 3427 5446 vitam

1310 5578 1670 5637 VARIORUM
1711 5576 2268 5637 ANNOTATIONES.

260 5717 276 5766 ί
329 5725 599 5793 ’ᾼμμοῦικ
632 5725 889 5785 Ammon,
926 5722 1042 5793 sive
1073 5720 1415 5793 Ammonius.
1450 5722 1748 5773 monacho-

188 5797 312 5844 rum
348 5790 691 5852 Nitriensium
738 5793 921 5859 Pater,
965 5791 1166 5846 claruit
1209 5790 1311 5846 sub
1358 5790 1739 5856 Constantino

1855 5722 2179 5843 circleaoauu.
2223 5715 2349 5779 530,
2399 5715 2573 5785 inquit
2616 5712 2761 5769 Guil.
2810 5709 2973 5773 Cave,
3022 5702 3191 5769 llist.,
3224 5700 3331 5756 vol.
3380 5701 3424 5768 Ι,

1858 5809 1908 5843 ι).
1972 5810 2002 5843 Ο
2047 5833 2058 5843 .

1857 5809 1908 5861 p.
1945 5809 2058 5846 IOU.
