4016 6350
539 356 645 413 5l5

1987 339 2327 397 SOCRATIS

3706 335 3811 392 516

544 471 690 525 mine
723 468 1056 537 num-upati:
1090 477 1319 537 uterque
1347 466 1490 520 enim
1515 463 1787 518 Macarius
1816 461 2124 518 dicebatur.

2240 461 2512 532 Μακάριος
2540 470 2566 497 η
2617 458 2758 513 κατὰ
2787 461 2967 512 πάντα
3007 456 3392 529 παραπλήσιος
3424 455 3498 510 ὢν
3531 455 3608 526 τῷ
3647 456 3813 524 Δίγυ-

541 558 786 624 Quoruni
817 557 955 610 alter
991 573 1056 610 ex
1089 557 1371 626 superiore
1401 553 1639 624 {Egypto
1661 593 1676 618 ,
1715 553 1854 606 alter
1886 568 1952 608 ex
1990 552 2124 606 urbe

541 647 866 703 Alexandria
905 658 1020 702 erat
1053 646 1341 701 oriundus.
1373 647 1642 701 Cancrum
1681 645 1843 698 ambo.
1875 660 1983 714 pra:
2017 659 2123 699 ca:-

539 744 675 796 teris
715 741 960 795 illustres
996 738 1216 793 fuerunt
1239 777 1254 802 ,
1293 746 1406 792 tum
1440 744 1664 808 propter
1696 736 2119 802 abstinentiam,

541 839 656 884 tum
701 831 771 884 ob
821 843 1003 882 mores
1052 838 1105 882 et
1148 827 1662 890 conversationem,
1707 835 1820 880 tum
1849 826 1921 880 ob
1963 826 2125 882 mira-

539 922 659 975 cula
679 937 798 991 quae
819 937 912 991 per
926 936 1113 975 eorum
1136 935 1328 974 manus
1347 919 1819 989 perpetrabantur.
1836 918 1972 988 [Egy
1983 919 2124 987 ptius

539 1011 705 1082 239
741 1011 960 1081 quidem
1002 1011 1275 1065 Macarius
1319 1019 1401 1065 tot
1431 1010 1650 1064 sanavit
1679 1024 1879 1079 aegros,
1911 1017 1992 1063 tot
2026 1009 2124 1064 ob-

539 1118 731 1158 seSsos
763 1119 794 1155 a
822 1102 1167 1156 daemonibus
1206 1100 1484 1163 liberavit,
1509 1109 1570 1154 ut
1605 1115 1729 1170 quae
1771 1115 1870 1169 per
1887 1099 2122 1169 gratiam

541 1193 634 1248 Dei
673 1193 866 1264 gessit,
901 1200 1218 1262 separatum
1241 1205 1387 1261 opus
1426 1189 1764 1246 desiderent.
1803 1189 1932 1243 Erat
1955 1203 2125 1258 porro

538 1282 880 1338 reverendus
921 1283 1128 1351 pariter
1167 1295 1232 1335 ac
1259 1296 1490 1338 severus
1515 1296 1644 1351 erga
1671 1280 1795 1334 illos
1815 1281 1910 1350 qui
1945 1282 2123 1350 ipsum

539 1376 790 1431 adibant.
832 1374 1105 1430 Macarius
1134 1390 1266 1430 vero
1292 1374 1705 1429 Alexandrinus
1725 1416 1740 1440 ,
1767 1388 1892 1428 cum
1923 1387 2125 1442 usque-

540 1486 760 1540 quaque
780 1469 982 1524 similis
1023 1478 1171 1524 esset
1207 1467 1490 1539 A‘ngptio,
1546 1467 1601 1521 in
1637 1469 1741 1523 hoc
1770 1482 1880 1522 uno
1910 1468 2125 1522 discre-

542 1561 729 1633 pabat,
771 1559 918 1630 quod
958 1559 1151 1615 hilaris
1191 1567 1342 1615 esset
1381 1573 1510 1628 erga
1554 1573 1652 1613 eos
1703 1558 1798 1628 qui
1835 1559 1900 1612 ad
1940 1559 2122 1628 ipsum

543 1662 919 1715 accesserant,
949 1661 1004 1705 et
1027 1651 1342 1706 urbanitate
1376 1649 1616 1719 quadam
1645 1649 1899 1716 juniores
1935 1649 2002 1701 ad
2039 1647 2120 1702 di-

543 1743 837 1813 sciplinam
874 1741 1239 1795 monasticam
1282 1741 1550 1794 alliceret.
1583 1738 1788 1792 llorum
1811 1737 2123 1806 disripulus

546 1837 854 1906 Evagrius,
897 1850 1022 1888 cum
1066 1844 1223 1888 antea
1260 1833 1447 1887 verbis
1488 1832 1666 1888 solum
1708 1830 2130 1900 philosophatus
2162 1827 2206 1882 Β

543 1937 712 1992 esset,
750 1927 819 1981 ab
851 1927 920 1980 iis
944 1941 1113 1994 opere
1152 1926 1273 1994 ipso
1308 1923 1697 1994 philosophari
1747 1921 1961 1976 didicit.
2021 1920 2127 1986 Qui

548 2020 788 2091 primum
848 2034 878 2073 a
919 2017 1192 2089 Gregorio
1245 2017 1596 2070 Nazianzeno
1651 2014 2129 2083 Constantinopoli

547 2113 816 2166 diaconus
847 2109 1162 2173 ordinatus,
1206 2109 1561 2178 postmodum
1617 2123 1728 2160 una
1769 2121 1896 2160 cum
1939 2107 2032 2160 illo
2076 2107 2130 2159 in

550 2203 848 2274 sﬁgyptum
891 2203 1179 2271 profectus
1229 2209 1364 2256 est:
1426 2202 1611 2270 ibique
1650 2216 1773 2255 cum
1819 2215 1985 2269 supra
2021 2215 2134 2254 me-

551 2296 781 2349 moratis
825 2294 957 2349 viris
994 2307 1355 2364 congressus,
1420 2306 1612 2346 eorum
1668 2291 1889 2345 vivendi
1955 2306 2132 2360 genus

546 2386 835 2441 aemulatus
873 2393 978 2439 est.
1017 2382 1128 2438 Nec
1154 2382 1417 2453 pauciora
1457 2390 1552 2435 aut
1587 2383 1805 2435 minora
1867 2379 2133 2433 miracula

549 2478 617 2532 ab
644 2477 762 2538 illo,
800 2491 964 2545 quam
1007 2475 1077 2528 ab
1130 2475 1252 2544 ejus
1313 2473 1754 2543 praeceptoribus
1801 2480 1932 2526 sunt
1965 2471 2130 2525 edita.

551 2569 650 2623 llic
690 2569 861 2622 libros
892 2567 1230 2635 conscripsit
1261 2566 1423 2620 valde
1461 2565 1626 2619 utiles
1664 2583 1677 2619 :
1724 2579 1959 2633 quorum
1989 2578 2133 2617 unus

560 2659 1231 2721 Monachusinscribitur,
1263 2670 1373 2713 ‘seu
1406 2658 1473 2711 de
1493 2655 1697 2711 virtute
1736 2657 1910 2711 activa
1947 2674 1961 2711 :
1997 2656 2136 2710 alter

549 2752 868 2818 Gnosticus,
904 2751 986 2804 vel
1012 2750 1077 2804 ad
1117 2765 1244 2804 eum
1269 2750 1365 2820 qui
1398 2749 1684 2803 scientiam
1726 2749 1994 2817 consequi
2029 2763 2136 2801 tne-

552 2843 688 2898 ruit.
730 2841 830 2895 llic
863 2842 1002 2895 liber
1041 2840 1095 2893 in
1125 2839 1531 2910 quinquaginta
1565 2838 1900 2892 distributus
1927 2845 2012 2892 est
2051 2853 2136 2892 ca-

554 2933 688 3003 pita.
731 2931 955 2986 Tertius
996 2931 1409 2984 Antirrhcticus
1448 2930 1798 2992 inscribitur,
1839 2945 1904 2984 ex
1930 2929 2134 2984 divinis

553 3024 860 3094 Scripturis
902 3023 1174 3076 collectus
1214 3029 1415 3106 conLra
1449 3020 1729 3076 dzemoues
1772 3030 2082 3076 lentatorcs
2119 3041 2131 3076 :

2231 555 2395 626 πτίῳ,
2443 558 2500 607 ἐν
2529 554 2704 623 τούτῳ
2731 554 3072 624 διήλλασσεν,
3107 552 3192 604 ὅτι
3228 551 3363 620 πρὸς
3391 551 3516 613 τοὺς
3549 548 3813 620 ἐντυγχά-

2231 663 2422 708 νοντας
2473 645 2655 716 ἱλαρός
2705 661 2762 698 τε
2807 639 2910 714 ἦν,
2961 643 3055 697 καὶ
3086 642 3163 712 τῷ
3193 640 3632 713 χαριεντίζεσθαι
3688 641 3812 703 τοὺς

2231 735 2382 796 νέους
2403 731 2535 803 ἦγεν
2560 734 2695 804 πρὸς
2715 733 2968 803 ἄσκησιν.
2991 733 3208 786 Τούτων
3232 733 3498 803 Εὐάγριος
3523 732 3813 800 γενόμενος

2234 827 2501 898 μαθητὴς,
2537 827 2635 897 τὴν
2663 826 2730 879 δι’
2758 825 2936 896 ἔργων
2965 824 3286 894 φιλοσοφίαν
3330 825 3600 894 ἐκτήσατο
3619 865 3632 887 ,
3681 823 3816 894 πρό-

2229 936 2384 988 τερον
2412 918 2554 988 λόγῳ
2585 917 2730 988 μόνῳ
2763 916 3050 986 φιλόσοφος
3075 915 3171 969 ῶν.
3207 916 3303 977 Ὃς
3339 917 3397 966 ὲν
3421 917 3489 985 τῇ
3520 916 3816 968 Κωνσταν-

2230 1015 2373 1067 τίνου
2420 1013 2571 1065 πόλει
2603 1011 2708 1064 ὑπὸ
2736 1009 3039 1080 Γρηγορίου
3066 1006 3161 1060 τοῦ
3194 1005 3568 1076 Ναζιανζηνοῦ
3607 1005 3814 1074 εἰςστὴν

2229 1107 2321 1160 τοῦ
2351 1106 2597 1160 διακόνου
2626 1103 3028 1176 προχειρισθεὶς
3057 1100 3232 1165 τάξιν,
3262 1097 3380 1153 εἶτα
3409 1100 3526 1170 ἅμα
3554 1099 3706 1170 αὐτῷ
3737 1100 3814 1162 εἰς

2229 1199 2327 1268 τὴν
2361 1197 2637 1265 Αἴγυπτον
2671 1193 2968 1261 κατελθὼν,
2998 1193 3091 1246 καὶ
3116 1195 3228 1255 τοῖς
3259 1190 3635 1264 προλεχθεῖσιν
3665 1191 3816 1242 ἐντυ-

2230 1289 2340 1360 χὼν
2371 1288 2619 1360 ἀνδράσι,
2645 1288 2737 1340 τὸν
2762 1285 2984 1340 ἐκείνων
3012 1285 3124 1354 βίον
3150 1283 3411 1354 ἐζήλωσε.
3447 1284 3555 1335 Καὶ
3578 1280 3820 1336 τοσαῦτα

2229 1382 2490 1452 τεράστια
2541 1382 2598 1433 ἐν
2631 1381 2752 1442 ταῖς
2800 1377 2988 1450 χερσὶν
3018 1377 3181 1430 αὐτοῦ
3207 1377 3448 1446 γέγονεν,
3487 1377 3589 1428 ὅσα.
3635 1376 3728 1427 καὶ
3759 1375 3818 1425 ὲν

2230 1474 2351 1536 ταῖς
2377 1472 2486 1525 τῶν
2512 1469 2677 1524 αὐτοῦ
2708 1470 3059 1540 καθηγητῶν.
3106 1469 3293 1540 Τούτῳ
3321 1469 3414 1520 καὶ
3459 1467 3640 1538 βιϐλία
3676 1466 3817 1534 ἄγαν

2241 1564 2506 1617 σπουδαῖα
2542 1563 2974 1635 συγγέγραπται.
3007 1555 3107 1614 Ὦν
3136 1563 3197 1614 τὺ
3245 1562 3366 1632 μὲν,
3405 1561 3646 1630 Μοναχὸς
3677 1559 3815 1630 (67),

2230 1657 2264 1728 ἢ
2298 1657 2426 1727 περὶ
2458 1657 2766 1727 πρακτικῆς
2807 1654 3209 1724 ἐπιγέγραπται
3233 1669 3246 1681 ·
3287 1652 3346 1709 τὸ
3371 1652 3448 1716 δὲ,
3486 1651 3816 1714 Γνωστικὸς.

2231 1749 2264 1818 ἢ
2319 1749 2455 1819 πρὸς
2504 1745 2596 1799 τὸν
2644 1745 3048 1811 καταξιωθέντα
3099 1743 3374 1813 γνώσεως.
3423 1742 3713 1811 Κεφάλαια
3761 1741 3817 1794 δὲ

2233 1837 2396 1892 αὐτοῦ
2444 1837 2803 1907 πεντήκοντα.
2852 1835 2924 1888 Τὸ
2972 1834 3050 1897 δὲ,
3101 1835 3538 1907 ’Λντιρῤητικὸς,
3576 1834 3686 1887 ἀπὸ
3710 1832 3817 1886 τῶν

2234 1927 2391 1979 θείων
2426 1925 2655 1998 Γραφῶν
2707 1926 2844 1997 πρὸς
2881 1927 3007 1987 τοὺς
3041 1925 3398 1997 πειράζοντας
3443 1925 3723 1995 δαίμονας,
3762 1928 3817 1977 ἐν

2232 2019 2378 2073 ὀκτὼ
2406 2019 2737 2090 διῃρημένον
2769 2018 2979 2089 μέρεσι,
3010 2019 3153 2072 κατὰ
3174 2018 3263 2070 τὸν
3287 2017 3518 2089 ἀριθμὸν
3545 2018 3654 2069 τῶν
3677 2016 3818 2070 όκτὼ

2241 2110 2537 2180 λογισμῶν.
2569 2111 2678 2164 Καὶ
2708 2109 2964 2174 ἑξακόσια
3001 2110 3384 2180 προγνωστικὰ
3410 2109 3776 2180 προϐλήματα
3802 2126 3814 2138 ’

2235 2203 2316 2256 ἔτι
2363 2204 2471 2273 μὴν
2520 2205 2615 2256 καὶ
2666 2205 2900 2274 στιχηρὰ
2946 2203 3076 2256 δύο·
3139 2204 3197 2255 ἒν
3245 2203 3382 2273 πρὸς
3426 2204 3554 2264 τοὺς
3599 2204 3660 2255 ἐν
3708 2203 3816 2264 τοῖς

2235 2294 2524 2358 κοινοϐίοις
2552 2294 2584 2364 ἣ
2611 2297 2670 2346 ἐν
2706 2295 2971 2357 συνοδίαις
3007 2293 3276 2364 μοναχούς
3301 2311 3315 2324 ο
3358 2293 3452 2347 καὶ
3481 2294 3538 2346 ἓν
3565 2292 3704 2364 πρὸς
3724 2293 3816 2363 τὴν

2237 2386 2525 2456 παρθένον.
2559 2387 2632 2439 "A
2676 2402 2797 2438 τινα
2841 2385 2988 2448 ὅπως
3021 2385 3137 2438 ἐστὶ
3175 2383 3484 2455 θαυμαστὰ,
3536 2385 3584 2436 οἱ
3629 2385 3819 2450 ἐντυγ-

2236 2479 2488 2549 χάνοντες
2514 2479 2772 2531 εἴσονται.
2821 2477 3089 2548 Εὖκαιρον
3120 2477 3198 2542 δὲ,
3230 2479 3304 2540 ὡς
3345 2477 3604 2547 ἠγοῦμαι,
3650 2475 3820 2546 μικρᾷ

2237 2571 2343 2624 τῶν
2378 2571 2526 2642 αὐτῷ
2576 2571 3056 2642 μνημονευθέντων
3092 2571 3220 2640 περὶ
3247 2570 3357 2622 τῶν
3408 2569 3657 2638 μοναχῶν
3697 2568 3821 2620 τού-

2235 2680 2348 2725 τοις
2377 2661 2632 2730 συνάψαι.
2655 2661 2793 2731 Φησὶ
2818 2660 2928 2730 γὰρ
2959 2659 3098 2713 κατὰ
3125 2660 3268 2725 λέξιν
3299 2659 3422 2712 τάδε
3446 2675 3460 2688 ·
3503 2659 3821 2725 Ἀναγκαῖον

2237 2751 2332 2804 καὶ
2376 2752 2474 2814 τὰς
2519 2752 2670 2814 ὁδοὺς
2721 2750 2828 2803 τῶν
2864 2749 3306 2820 προοδεύσάντων
3355 2749 3606 2819 μοναχῶν
3649 2747 3823 2818 ὀρθῶς

2240 2844 2526 2915 διερωτᾷν,
2555 2844 2648 2896 καὶ
2680 2843 2816 2913 πρὸς
2846 2844 3015 2906 αὑτὰς
3049 2841 3466 2912 κατορθοῦσθαι.
3508 2840 3691 2893 Πολλὰ
3716 2841 3824 2910 γάρ

2238 2936 2385 2988 ἐστιν
2415 2936 2506 2988 ὑπ’
2547 2934 2731 2988 αὐτῶν
2770 2933 3003 3005 ρηθέντα
3047 2950 3107 2986 τε
3149 2935 3244 2986 καὶ
3273 2933 3590 3003 πραχθέντα
3619 2931 3820 2993 καλῶς.

2251 3029 2339 3080 Ἐν
2373 3021 2452 3090 οἷς
2485 3027 2578 3080 καὶ
2609 3025 2768 3078 τοῦτό
2800 3043 2884 3088 τις
2913 3025 3134 3096 ἔφησεν,
3171 3025 3250 3077 ὅτι
3285 3023 3381 3095 τὴν
3410 3023 3707 3094 ξηροτέραν
3733 3025 3827 3077 καὶ

551 3118 697 3174 etin
753 3127 879 3171 octo
922 3123 1110 3186 partes
1168 3097 1407 3177 divisu‘s,
1439 3113 1596 3183 juxta
1646 3130 1933 3168 numerum
2006 3123 2134 3167 octo

661 3210 692 3225 ..
864 3223 890 3225 __
923 3223 942 3225 η
1044 3205 1275 3225 σημηε.
1324 3213 1584 3225 ,ψη-η
1629 3205 1870 3225 -___._.,_-
1916 3205 2102 3225 __-._.-_

2242 3119 2317 3190 μὴ
2364 3118 2648 3188 ἀνώμαλον
2695 3118 2906 3171 δίαιταν
2953 3117 3141 3188 ἀγάπῃ
3175 3115 3588 3187 συζευχθεῖσαν,
3633 3113 3826 3168 θᾶττον

552 3210 980 3279 cogitationum.
1044 3205 1282 3275 Scripsit
1323 3213 1591 3273 prtetcrea
1625 3205 1874 3274 gnostica
1916 3205 2134 3273 proble-

552 3316 701 3360 mata
732 3310 1016 3358 sexcenta.
1068 3300 1314 3370 Denique
1338 3301 1480 3355 duos
1533 3302 1850 3353 carminum
1908 3299 2128 3353 libros:

555 3398 784 3450 alterum
810 3395 875 3447 ad
909 3393 1210 3446 monachos
1240 3392 1332 3462 qui
1375 3393 1429 3445 in
1463 3391 1736 3445 etenobiis
1761 3407 1858 3446 seu
1902 3406 2134 3461 congre-

557 3484 878 3556 gationibus
937 3483 1146 3551 degunt
1197 3502 1209 3536 :
1271 3484 1504 3536 alterum
1556 3483 1622 3535 ad
1691 3483 1977 3552 virginem.
2032 3481 2136 3548 Qui

559 3574 783 3645 quidem
846 3589 1008 3642 quam
1044 3573 1230 3626 eximii
1285 3573 1398 3627 sint
1443 3583 1496 3626 et
1542 3572 1907 3626 admiratione
1961 3573 2136 3642 digiti,

559 3666 819 3735 quisquis
843 3681 939 3720 eos
970 3664 1181 3733 legerit,
1211 3662 1376 3718 facile
1403 3673 1724 3732 cognoscet.
1749 3663 1865 3718 Non
1896 3665 2138 3718 alienum

560 3769 742 3814 autem
778 3759 962 3819 fuerit,
999 3769 1058 3812 ut
1083 3759 1304 3826 opinor,
1341 3757 1504 3812 exiis
1541 3772 1664 3826 qua:
1709 3757 1778 3811 ab
1805 3757 1896 3810 illo
1925 3757 1993 3812 de
2023 3773 2141 3812 mo-

561 3851 757 3905 nachis
787 3858 1319 3913 commemorantur,
1379 3864 1553 3918 pauca
1603 3847 1853 3919 quaedam
1891 3851 2146 3920 superio-

560 3945 713 3998 ribus
749 3953 1016 3998 attexere.
1046 3941 1138 3996 Sic
1168 3942 1317 3996 enim
1349 3941 1441 3995 ille
1475 3940 1612 3995 dicit
1643 3942 1707 3996 ad
1748 3943 1969 3996 verbum
2000 3931 2142 3997 :Ne-

561 4035 866 4090 cessat-ium
917 4036 1087 4088 etiam
1118 4043 1203 4088 est
1249 4032 1652 4088 monachorum
1703 4036 1795 4104 qui
1858 4045 1986 4090 ante
2039 4051 2143 4090 nos

558 4138 709 4183 recte
741 4128 1167 4183 ambulaverunt
1220 4127 1339 4182 vias
1393 4127 1694 4196 inquirere,
1759 4133 1812 4178 et
1845 4129 1910 4179 ad
1945 4141 2136 4181 earum

507 4202 528 4216 Ι
560 4222 841 4290 exemplar
875 4235 976 4275 nos
1001 4221 1301 4289 corrigere.
1338 4217 1506 4274 Multa
1532 4219 1682 4274 enim
1717 4218 1784 4274 ab
1806 4220 1912 4274 illis
1939 4228 2068 4274 sunt
2090 4229 2143 4274 et

2237 3213 2446 3281 διάγειν
2476 3211 2568 3264 τὸν
2600 3210 2834 3281 μοναχὸν
2860 3212 2938 3272 εἰς
2969 3209 3060 3263 τὸν
3087 3211 3187 3281 τῆς
3217 3210 3484 3272 ἀπαθείας
3511 3209 3730 3280 λιμένα.
3771 3208 3826 3260 '0

2228 3303 2299 3382 ,δὲ
2346 3303 2506 3365 αὐτὸς
2551 3302 2955 3372 ταρασσόμενόν
3001 3319 3124 3356 τινα
3161 3301 3377 3372 νύκτωρ
3412 3300 3526 3353 τῶν
3582 3300 3826 3370 ἀδελφῶν

2242 3394 2349 3446 τῶν
2381 3393 2686 3460 φασμάτων
2719 3392 3046 3462 ἀπήλλαξεν,
3091 3391 3376 3446 ἀσθενοῦσι
3408 3390 3547 3462 μετὰ
3573 3397 3828 3464 νηστείας

2245 3485 2585 3554 ὑπηρετῆσαι
2614 3482 2942 3553 προστάξας.
2976 3481 3163 3534 υύδενὶ
3191 3480 3300 3552 γὰρ
3319 3481 3512 3544 οὕτως,
3535 3481 3828 3551 ἐρωτηθεὶς

2246 3575 2468 3644 ἔφησεν,
2496 3575 2569 3637 ὡς
2598 3575 2731 3643 ἐλέῳ
2758 3573 2824 3627 τὰ
2853 3572 3075 3626 τοιαῦτα
3099 3575 3525 3627 κατασὸέννυται
3548 3573 3718 3643 πάθη.
3741 3571 3828 3641 Τῷ

2245 3668 2437 3737 δικαίῳ
2471 3668 2741 3738 ’Δντωνίῳ
2774 3666 3076 3739 προσῆλθέν
3105 3684 3189 3729 τις
3217 3666 3325 3718 τῶν
3358 3667 3476 3718 τότε
3511 3664 3711 3734 σοφῶν,
3736 3665 3828 3716 καὶ

2240 3759 2364 3822 Πῶς
2397 3760 2795 3830 διακαρτερεῖς,
2825 3754 2997 3824 εἶπεν,
3047 3753 3091 3811 ὦ
3125 3759 3330 3829 Πάτερ,
3375 3758 3474 3827 τῆς
3503 3759 3565 3809 ἐκ
3611 3758 3720 3808 τῶν
3753 3755 3828 3824 βι-

2240 3852 2403 3904 ϐλίων
2451 3851 2805 3922 παραμυθίας
2852 3851 3252 3922 ἐστερημένος;
3308 3849 3381 3901 Τὸ
3423 3849 3554 3919 ἐμὸν
3602 3847 3823 3918 βιϐλίον,

2239 3943 2342 4013 ἔφη
2377 3945 2405 3996 ό
2446 3943 2724 4007 Ἀντώνιος
2749 3983 2762 4005 ,
2794 3943 2838 3996 ὦ
2865 3943 3119 4012 φιλόσοφε
3141 3983 3155 4007 ,
3207 3944 3240 4012 ἡ
3286 3942 3444 4010 φύσις
3474 3942 3582 3994 τῶν
3613 3940 3826 4009 γεγονό-

2238 4051 2348 4088 των
2400 4037 2536 4098 ὲστὶ,
2587 4036 2681 4087 καὶ
2726 4036 2991 4104 πάρεστιν
3037 4035 3125 4086 ὅτε
3163 4033 3423 4102 βούλομαι
3462 4033 3590 4095 τοὺς
3640 4031 3826 4096 λόγους

2249 4125 2641 4192 ἀναγινώσκειν
2676 4127 2800 4190 τοὺς
2830 4125 2923 4178 τοῦ
2949 4126 3105 4180 Θεοῦ.
3138 4124 3419 4196 Ἦρὼτησέ
3451 4141 3515 4194 με
3547 4125 3608 4176 τὸ
3639 4121 3825 4183 6x560;

2249 4221 2347 4289 τῆς
2381 4219 2631 4288 ἐκλογῆς,
2684 4219 2713 4270 ό
2756 4218 3053 4287 Αἰγύπτιος
3095 4220 3271 4289 γέρων
3312 4217 3633 4288 Μακάριος,
3680 4216 3731 4268 τί
3760 4215 3822 4283 δή

1759 4393 2032 4448 VALESII
2063 4393 2614 4449 ANNOTATIONES.

636 4509 759 4576 (67)
799 4501 911 4560 Ὧν
949 4509 1013 4559 τὸ
1035 4506 1171 4576 μὲν.
1212 4510 1511 4574 Μοναχός.
1545 4509 1879 4578 Epiphanius
1913 4511 2135 4566 Schola-

2249 4512 2338 4563 τὸν
2391 4509 2794 4573 καταξιωθέντα
2840 4509 3110 4574 γνώσεως,
3168 4525 3330 4578 quam
3389 4513 3715 4578 seripturam
3767 4508 3821 4559 in

565 4584 735 4634 sticus
779 4581 832 4630 in
863 4595 986 4648 suo
1026 4579 1212 4629 codice
1261 4579 1464 4646 legerat
1507 4580 1816 4648 μοναχικός.
1865 4584 1954 4634 hic
1997 4585 2141 4636 enini

564 4653 725 4704 vertit
775 4669 785 4700 :
843 4646 1272 4714 Conscripsitque
1315 4646 1695 4702 ﬁbras—valde
1752 4655 2073 4705 necessarios
2128 4669 2143 4705 :

564 4737 786 4787 quorum
819 4734 952 4770 unus
1001 4717 1210 4784 quidem
1242 4721 1584 4785 Μοναχικός
1613 4721 1942 4784 inscribitur,
1983 4734 2026 4774 et
2071 4733 2145 4773 ρςι

565 4795 629 4842 de
682 4789 883 4841 (πριιιιίί
932 4805 948 4839 .·
1009 4788 1149 4861 ulius
1206 4789 1606 4861 Cognitionalis,
1665 4794 1950 4842 secundum
2009 4796 2147 4861 quod

579 4861 828 4930 guispiam
867 4859 1160 4925 cognitione
1207 4861 1272 4930 sit
1319 4858 1528 4926 dignus.
1578 4859 1918 4927 Nicephorus
1963 4858 2142 4914 tamen

571 4928 622 4982 in
662 4932 802 4984 libro
830 4945 904 4991 χι,
943 4931 1122 4999 capite
1167 4928 1257 4989 42,
1307 4931 1579 4999 vulgatam
1623 4931 1908 4983 lectionem
1941 4933 2144 4984 ii'onl'ir-

569 5009 702 5071 mat.
732 5000 837 5071 Sed
871 4997 1013 5071 quod
1046 5000 1280 5071 pertinet
1311 4999 1376 5071 ad
1408 4997 1638 5071 alterum
1667 4999 1876 5071 Evagrii
1917 5002 2137 5062 librum,

567 5069 688 5138 cjus
718 5069 944 5142 titulqu
991 5070 1064 5121 ita
1107 5068 1354 5142 _coneipi_l.
1392 5087 1404 5121 :
1443 5068 1837 5142 Γνωστικὺςβῆ
1881 5073 2008 5142 περὶ
2047 5075 2140 5124 τοῦ

569 5137 996 5204 καταξιωθέντος
1019 5137 1290 5205 γνώσεως.
1319 5137 1511 5195 Posset
1536 5141 1698 5194 etiam
1731 5137 1919 5205 scribi,
2004 5143 2141 5211 πρὸς

2253 4583 2503 4634 versione
2540 4598 2652 4632 mea
2688 4590 2911 4632 secutus
2941 4598 3080 4632 sunt.
3118 4579 3188 4630 De
3223 4581 3382 4645 hujus
3419 4579 3631 4647 Evagrii
3671 4579 3822 4630 libris

2252 4653 2378 4718 quid
2411 4654 2640 4702 senserit
2671 4650 3050 4716 Hieronymus.
3092 4651 3210 4704 vide
3252 4653 3302 4701 in
3333 4650 3562 4716 epistola
3606 4649 3670 4699 ad
3697 4649 3820 4700 (Ite-

2253 4724 2558 4786 sipliontem
2589 4721 2850 4770 adversus
2884 4719 3203 4779 Pelagianos
3237 4738 3250 4771 :
3288 4721 3377 4771 ubi
3418 4735 3541 4771 eum
3577 4718 3820 4780 Origeni-

2255 4802 2392 4845 Slzltll
2424 4795 2590 4842 luisse
2613 4791 2791 4841 docet.
2820 4789 3095 4843 Palladius
3126 4792 3175 4840 in
3217 4789 3482 4842 Lausiaea
3527 4801 3638 4840 tres
3661 4791 3724 4839 ab
3753 4802 3821 4838 eo

2255 4862 2424 4914 liltros
2470 4863 2707 4928 scriptos
2753 4878 2872 4912 esse
2917 4861 3069 4913 dicit.
3122 4861 3325 4913 lloruui
3389 4862 3620 4927 primum
3669 4866 3822 4928 vocat

2264 4931 2452 4999 Ἱερόνς
2483 4926 2784 4984 δυυίιιιιιιιιιι
2831 4931 3093 4998 Μοναχὸν,
3130 4934 3350 4983 tertium
3391 4926 3819 4999 ⁷’Λντιρῤητικόςῃ

2252 4991 2351 5070 qui
2393 5010 2478 5052 est
2519 5000 2783 5053 adversus
2833 4991 3336 5054 l'raud'es'diaboli.
3386 4991 3667 5070 Συντᾶττέι
3717 4991 3823 5070 odii

2253 5065 2379 5141 τρία
2404 5071 2604 5140 βιϐλία,
2643 5070 2824 5138 Ἱερὸν,
2851 5070 3118 5141 Μοναχὸν,
3140 5069 3574 5141 Ἀντιρῤητικόν,
3592 5079 3689 5122 etc.
3717 5065 3821 5119 Chi

2268 5142 2435 5212 Ἱερόν
2467 5151 2623 5194 vocat
2657 5157 2820 5210 quem
2864 5140 3118 5197 Socrates
3161 5140 3483 5194 Γνωςτικύν.

1979 5318 2372 5375 ΥΛΙὶΙΟΙὶυΜ.

638 5443 666 5471 ιι
719 5432 1146 5499 Ἀλεξανδρεὺς
1185 5433 1498 5502 Μακάριος.
1546 5433 1839 5500 Macarius,
1880 5436 2062 5503 junior
2093 5444 2145 5488 et

569 5505 842 5566 πολιτικός
890 5505 1093 5568 dictus,
1143 5505 1306 5558 domo
1361 5505 1787 5568 Alexandrinus,
1838 5509 1927 5556 ubi
1984 5518 2144 5558 :etate

571 5579 744 5644 prima
817 5576 1037 5627 bellaria
1102 5575 1385 5629 vendendo
1453 5584 1719 5642 qualstuui
1799 5580 2138 5638 exercebat;

571 5659 754 5714 postea
808 5645 1031 5698 Antonii
1079 5645 1381 5714 discipulus
1428 5648 1592 5697 vitam
1631 5645 1987 5697 monasticam
2030 5663 2139 5696 am-

573 5721 760 5781 plexus
828 5724 978 5785 est“:
1043 5716 1166 5768 dein
1234 5716 1518 5785 presbyter
1589 5726 1642 5768 et
1707 5716 2138 5768 aia-hinmudrita

575 5787 883 5839 .‘iitrieusis.
905 5783 1039 5852 Vide
1068 5783 1311 5854 Solone,
1335 5783 1427 5840 lib.
1458 5801 1539 5852 ιιι,
1572 5799 1690 5854 cap.
1730 5786 1882 5850 14,οι
1908 5785 2091 5839 'l'heod
2123 5828 2136 5852 ,

2257 5437 2346 5486 lib.
2385 5453 2454 5496 iv,
2495 5452 2614 5505 cap.
2659 5438 2748 5492 2|.
2781 5439 2925 5491 Obiit
2974 5438 3347 5500 centenarias,
3383 5439 3528 5490 circa
3573 5451 3658 5489 au.
3692 5430 3817 5484 ιο-ι.

2254 5507 2527 5564 (lave,ubi
2551 5525 2711 5574 supra
2739 5525 2755 5561 .'
2789 5511 2879 5576 qui
2911 5510 3039 5561 ibid.
3081 5524 3142 5561 ex
3176 5524 3277 5560 ius.
3324 5509 3492 5559 edidit
3528 5505 3821 5576 Sermonem

2252 5577 2313 5626 de
2373 5580 2515 5628 eritn
2562 5572 2818 5643 si‘ntm/ue'
2845 5580 3146 5631 animarum
3183 5591 3298 5644 post
3359 5578 3496 5630 hanc
3535 5579 3684 5630 vitam
3713 5572 3822 5644 5.1!?

2251 5648 2474 5699 nomine
2512 5651 2673 5715 hujus
2708 5640 2927 5701 Macarii
2956 5650 3072 5711 Gr.,
3111 5640 3226 5699 Lat.
3259 5665 3419 5712 quem
3455 5661 3629 5700 tamen
3668 5640 3824 5710 plll'Vi

2251 5718 2468 5783 pendet.
2507 5728 2557 5771 et
2596 5724 2919 5774 recentioris
2951 5720 3239 5788 cujusdam
3271 5717 3505 5774 Graeculi
3547 5724 3818 5774 continen-

2248 5796 2359 5839 tuui
2399 5806 2522 5842 esse
2561 5801 2768 5845 censet.
