4016 6350
291 329 389 386 517

1260 319 1587 379 HISTORIA
1627 315 2195 377 ECCLESIASTICA.
2232 345 2305 360 -—
2337 314 2467 371 LIB.
2513 315 2599 395 ly.

289 455 409 494 ποτε
438 435 899 509 μνησικακοῦντες
930 435 1030 506 μὲν
1059 435 1175 498 τοῖς
1204 433 1536 505 ἀνθρώποις,
1573 432 1677 505 τὴν
1709 449 1848 503 μνη-

1956 429 2109 485 dicta
2138 438 2193 486 et
2227 428 2375 486 facta
2416 429 2703 500 praeclare.
2737 427 3063 501 Cuiusmodi
3104 432 3239 489 illud
3267 436 3520 505 estquod

290 527 594 599 μονευτικὴν
617 526 850 597 δύναμιν
871 525 967 595 τῆς
994 523 1174 594 ψυχῆς
1203 524 1543 594 ἀφανίζομεν
1566 538 1580 553 ·
1627 521 1845 591 δαίμοσι

285 621 336 673 δὲ
378 617 834 691 μνησικακοῦντες
859 656 876 684 ,
929 614 1190 679 ἁϐλαῦεἶς
1242 616 1590 688 διαμένομεν.
1647 611 1845 683 Mite?)

284 711 412 781 πρὸς
441 709 538 780 τὴν
576 709 870 780 ἀπόκρισιν
896 709 1300 778 ἀπορήσαντος,
1339 708 1436 762 καὶ
1463 700 1848 778 παρακαλοῦν-

280 819 364 863 τος
395 801 484 855 τὸν
511 801 665 870 λόγον
702 799 896 870 μαθεῖν
922 814 938 831 ·
991 799 1160 865 Διότι,
1200 798 1364 869 φησιν
1394 798 1621 861 ἐκεῖνος,
1657 794 1720 850 τὸ
1750 795 1848 866 μὲν

281 893 534 964 πρότερον
558 890 729 957 πάθος
759 891 912 963 παρὰ
958 890 1123 961 φύσιν
1146 929 1164 957 ,
1215 889 1279 943 τὸ
1320 888 1380 943 δὲ
1408 887 1661 958 δεύτερον
1706 884 1850 940 κατὰ

278 983 431 1052 φύσιν
462 984 580 1037 ἐστὶ
605 981 701 1038 τοῦ
746 981 942 1053 θυμοῦ.
989 980 1336 1053 Παρέὸαλλον
1367 980 1491 1035 κατ’
1535 980 1708 1051 αὐτὴν
1748 979 1848 1049 τὴν

278 1072 546 1143 σταθηράν
578 1071 929 1144 μεσημϐρίαν
951 1072 1028 1143 τῷ
1054 1071 1196 1142 ἁγίῳ
1227 1071 1403 1140 Πατρὶ
1426 1070 1724 1143 Μακαρίῳ,
1752 1071 1849 1124 καὶ

276 1162 388 1214 λίαν
413 1160 518 1214 ὑπὸ
541 1160 642 1231 τῆς
685 1159 848 1231 δίψης
885 1160 1250 1231 φλεγόμενος,
1296 1160 1460 1232 ᾔτουν
1498 1159 1645 1231 ὕδωρ
1680 1163 1845 1215 πιεῖν.

286 1254 342 1306 '0
370 1250 426 1306 δέ
453 1267 638 1323 φησιν,
686 1252 1014 1325 ’Δρκέσθητι
1043 1253 1111 1323 τῇ
1139 1252 1269 1323 σκιᾷ
1294 1267 1309 1282 ·
1338 1252 1523 1307 πολλοὶ
1550 1252 1660 1323 γὰρ
1704 1253 1840 1307 ὁδοι-

276 1342 563 1415 ποροῦντες
581 1341 678 1396 νῦν
694 1342 729 1413 ἢ
748 1342 844 1397 καὶ
865 1342 1118 1406 πλέοντες
1163 1345 1260 1398 καὶ
1277 1343 1481 1414 ταύτης
1504 1343 1846 1415 ἐστέρηνται.

276 1432 401 1489 Εἶτα
426 1433 621 1499 λόγους
646 1450 749 1505 μου
776 1434 914 1506 πρὸς
940 1435 1106 1489 αὐτὸν
1136 1436 1266 1508 περὶ
1288 1436 1615 1507 ἐγκρατείας
1640 1436 1849 1507 γυμνά-

275 1526 472 1590 ζοντος,
509 1524 742 1596 Θάρσει,
770 1524 958 1596 φησὶν,
982 1518 1028 1580 ὦ
1064 1525 1255 1580 τέκνον
1281 1543 1296 1557 ·
1345 1528 1403 1580 ἑν
1433 1527 1576 1590 ὅλοις
1619 1525 1845 1593 εἴκοσιν,

273 1616 390 1670 οὔτε
414 1615 606 1686 ἄρτου,
650 1614 775 1669 οὔτε
805 1614 1024 1683 ὓδατος,
1073 1616 1199 1671 οὔτε
1230 1616 1399 1671 ὕπνου
1428 1619 1588 1689 κόρον
1626 1618 1842 1688 εῑληφα.

275 1708 373 1760 Τὸν
403 1707 502 1779 μὲν
533 1708 644 1779 γάρ
673 1707 837 1780 ἄρτον
867 1724 971 1778 μου
1010 1709 1196 1779 ἥσθιον
1227 1708 1452 1780 σταθμῷ
1479 1724 1494 1740 ο
1532 1708 1591 1762 τὸ
1618 1708 1677 1762 δὲ
1705 1709 1846 1781 ὕδωρ

275 1799 448 1853 ἔπινον
478 1799 672 1870 μέτρῳ
693 1815 709 1831 ο
743 1802 857 1864 τοῖς
879 1800 1081 1871 τοίχοις
1132 1801 1189 1855 δὲ
1241 1802 1478 1873 ἐμαυτὸν
1511 1780 1849 1875 παρανακλίέ
1881 1780 1920 1835 Β

274 1905 406 1957 νων,
438 1890 641 1962 μικρόν
687 1907 741 1945 τι
773 1889 867 1945 τοῦ
920 1892 1089 1947 ὕπνου
1142 1893 1307 1966 μέρος
1336 1895 1450 1966 (68)
1503 1894 1847 1966 ἀφήρπαζον.

285 1980 559 2051 Ἐμηνύθη
604 1980 713 2034 τινὶ
742 1980 854 2035 τῶν
903 1984 1153 2054 μοναχῶν
1199 1982 1427 2048 θάνατος
1472 1984 1570 2038 τοῦ
1622 1985 1845 2056 πατρός.

244 2084 247 2091 ·
284 2073 338 2125 '0
360 2071 415 2125 δὲ
440 2071 585 2142 πρὸς
606 2072 700 2125 τὸν
727 2072 1410 2142 ἀπαγγείλαντανηαῧσαιν
1426 2076 1589 2146 φησιν
1609 2074 1850 2145 mam-“1'

276 2161 385 2234 μῶν
408 2179 423 2194 °
471 2165 501 2217 ὀ
534 2163 649 2235 γάρ
677 2165 808 2234 ἐμὸς
839 2163 1021 2236 πατὴρ
1049 2164 1316 2229 ἀθάνατός
1348 2168 1518 2221 ἐστιν.
1559 2167 1851 2236 Ἐκέκτητό

272 2271 349 2319 τις
372 2253 480 2308 τῶν
504 2254 756 2325 ἀδελφῶν
779 2255 1113 2325 Εὐαγγέλιον
1134 2256 1312 2326 μόνον.
1343 2257 1452 2310 Καὶ
1477 2258 1637 2312 τοῦτο
1668 2258 1852 2329 πωλή-

274 2363 387 2411 σας,
413 2344 624 2400 έδωκεν
654 2347 735 2409 εις
762 2347 969 2418 τροφὴν
991 2351 1104 2410 τοῖς
1140 2348 1421 2416 πεινῶσιν,
1450 2349 1600 2413 ἄξιον
1628 2350 1850 2420 μνήμης

273 2438 737 2509 ἐπιφθεγξάμενος
771 2440 923 2509 ῥῆμα
946 2452 961 2471 ⁸
1007 2440 1178 2494 Αὑτὸν
1206 2442 1336 2513 γὰρ,
1368 2442 1522 2513 φησὶ,
1563 2444 1657 2497 τὸν
1692 2443 1850 2512 λόγον

273 2528 577 2600 πεπώληκα
595 2529 688 2584 τὴν
713 2530 959 2599 λέγονταο
996 2531 1264 2603 Πὼλησόν
1295 2551 1392 2588 σου
1419 2536 1488 2589 τὰ
1515 2535 1845 2605 ὑπάρχοντα,

273 2624 362 2677 καὶ
390 2624 479 2689 δὸς
535 2628 793 2696 πτωχοῖς.
842 2626 1000 2680 Ἔστι
1054 2625 1112 2680 δέ
1159 2641 1241 2689 τις
1289 2625 1415 2696 περὶ
1461 2625 1561 2697 τὴν
1603 2625 1849 2689 Ἀλεξᾶν·

273 2717 447 2788 δρειαν
467 2717 658 2789 νῆσος,
683 2720 802 2772 κατ’
831 2717 966 2773 αὐτὸ
989 2718 1050 2772 τὸ
1080 2717 1310 2790 βόρειον,
1336 2718 1513 2787 πέραν
1535 2717 1636 2787 τῆς
1655 2717 1848 2788 λίμνης

276 2808 489 2879 κειμένη
518 2808 624 2878 τῆς
653 2808 994 2879 καλουμένης
1027 2808 1265 2878 Μαρίας.
1313 2807 1602 2878 Προσοικετ
1623 2807 1679 2859 δὲ
1705 2808 1845 2878 αὐτῇ

275 2899 526 2971 μοναχὸς,
575 2901 676 2971 τῆς
726 2899 1084 2971 Παρεμϐολῆς
1131 2898 1241 2952 τῶν
1290 2898 1611 2952 Γνωστικῶν
1660 2897 1772 2967 (69)
1821 2901 1848 2951 ὁ

272 2988 663 3060 δοκιμώτατος,
683 2990 833 3054 ὅστις
852 2988 1166 3059 ἀπεφήνατο
1196 2988 1374 3042 πάντα
1401 2987 1472 3040 τά
1501 2988 1849 3058 πραττόμενα

274 3081 371 3135 ὑπὸ
398 3083 511 3135 τῶν
551 3082 807 3153 μοναχῶν
839 3080 1175 3153 πράττεσθαι
1220 3080 1287 3133 δι’
1320 3080 1498 3143 αἰτίας
1531 3079 1692 3132 πέντε
1717 3095 1730 3110 ο
1762 3079 1848 3155 διὰ
1876 3110 1918 3168 C

273 3172 417 3237 Θεὸν,
459 3174 561 3229 διὰ
603 3174 785 3245 φύσιν,
832 3175 921 3229 διὰ
962 3174 1104 3238 ἔθος,
1152 3173 1219 3226 δι’
1253 3173 1523 3242 ἀνάγκην,
1566 3170 1655 3224 διὰ
1685 3170 1844 3242 ἔργον

271 3267 479 3338 χειρῶν.
530 3267 593 3321 Ὀ
624 3266 679 3320 δὲ
705 3267 865 3330 αὐτὸς
906 3266 1056 3335 ελεγε
1099 3265 1280 3329 πάλιν,
1321 3265 1449 3334 μίαν
1485 3264 1581 3335 μὲν
1611 3261 1747 3319 εἶναι
1778 3266 1845 3335 τῇ

275 3358 423 3426 φύσει
453 3357 566 3430 τὴν
615 3359 818 3430 ἀρετήν
843 3374 858 3390 ’
904 3357 1283 3412 είδοποιεῖσθαι
1319 3356 1378 3410 δὲ
1425 3354 1597 3427 αὐτὴν
1640 3356 1703 3408 ὲν
1727 3357 1846 3416 ταῖς

273 3447 537 3520 δυνάμεσι
567 3448 669 3519 τῆς
691 3448 890 3519 ψυχῆς.
919 3449 1027 3501 Καὶ
1052 3448 1159 3519 γὰρ
1189 3447 1282 3501 καὶ
1304 3447 1364 3500 τὸ
1389 3448 1505 3515 φῶς
1524 3446 1584 3499 τὸ
1603 3445 1842 3517 ἡλιακὸν,

275 3540 681 3611 ἀσχημάτιστον
705 3540 826 3609 μὲν,
854 3540 1039 3611 φησὶν,
1063 3541 1198 3593 ἐστί’
1226 3543 1341 3603 ταῖς
1364 3539 1420 3592 δὲ
1441 3539 1508 3592 δι’
1532 3532 1609 3592 ὧν
1631 3536 1846 3591 εἰσϐάλ-

273 3628 349 3684 λει
370 3630 562 3705 θυρίσι
591 3631 1018 3701 σχηματίζεσθαι
1046 3630 1304 3699 πέφυκεν.
1331 3629 1522 3693 Ἀλλος
1549 3629 1607 3683 δέ
1630 3647 1714 3693 τις
1734 3628 1844 3683 τῶν

277 3722 549 3794 μοναχῶν,
581 3720 681 3775 Διὲι
702 3722 858 3776 τοῦτο
885 3721 1153 3793 περιαιρῶ
1183 3721 1279 3784 τὰς
1313 3719 1524 3792 ἡδονὰς,
1554 3717 1725 3787 εἶπεν,
1760 3720 1847 3773 ἵνα

272 3814 364 3878 τὰς
387 3814 482 3868 τοῦ
517 3813 694 3884 Θυμοῦ
724 3814 1006 3886 περικόψω
1032 3817 1355 3884 προφάσεις.
1388 3809 1519 3867 Οἶδα
1542 3812 1653 3884 γὰρ
1685 3812 1848 3866 αὐτὸν

272 3905 355 3957 ἀεὶ
385 3904 701 3975 μαχόμενον
745 3904 885 3975 ὑπὲρ
916 3903 1025 3958 τῶν
1056 3903 1276 3974 ἡδονῶν,
1315 3904 1409 3957 καὶ
1440 3902 1849 3974 ὲκταράσσοντά

277 4013 374 4066 μου
400 3997 495 4051 τὸν
530 3996 678 4061 νοῦν,
716 3996 810 4051 καὶ
840 3997 939 4070 τὴν
973 3997 1175 4066 γνῶσιν
1222 3995 1614 4051 ἀποδιώκοντοι.
1648 3995 1844 4063 Ἔλεγε

272 4086 325 4141 δέ
352 4105 436 4152 τις
467 4086 589 4141 τῶν
619 4088 908 4159 γερόντων,
936 4087 1017 4142 ὅτι
1050 4088 1085 4158 ή
1130 4086 1319 4157 ἀγάπη
1352 4086 1680 4157 παραθήκας
1711 4085 1854 4157 βρωο

279 4179 467 4248 μάτων
486 4181 525 4252 ἦ
558 4182 857 4252 χρημάτων
883 4182 1071 4252 τηρεῖν
1099 4180 1199 4234 οὐκ
1227 4180 1535 4233 ἐπίσταται.
1586 4178 1645 4232 Ὀ
1670 4179 1726 4230 δὲ
1753 4178 1853 4231 αὐ-

273 4275 379 4340 τὸς,
426 4275 554 4329 Οὐκ
595 4267 748 4342 οἶδα,
792 4275 979 4345 φησὶν,
1023 4274 1103 4338 είς
1146 4273 1313 4327 ταύτὸ
1336 4272 1415 4336 δὶς
1449 4270 1554 4326 ὑπὸ
1585 4270 1853 4341 δαιμόνων

1945 521 2168 589 quidam
2200 535 2395 577 eorum
2421 519 2608 577 dicere
2640 520 2884 587 solebat,
2921 522 3221 579 aridior-em
3249 532 3305 580 et
3334 541 3522 596 mqua-

1937 612 2111 668 bilem
2154 617 2362 668 victum
2394 628 2521 667 cum
2564 611 2832 668 charitate
2881 612 3265 683 coniunctum,
3328 631 3521 674 mona-

1946 702 2114 758 chum
2142 703 2294 759 brevi
2338 702 2738 773 perducturum
2767 718 2891 760 esse
2914 705 2980 759 ad
3017 713 3236 774 portum
3268 707 3336 761 ab
3368 710 3519 764 omni

1944 793 2361 866 perturbatione
2400 794 2568 849 animi
2597 809 2853 850 vacuum.
2880 794 3027 851 ldem
3071 812 3199 851 eum
3227 800 3519 870 quemdam

1946 888 2172 942 fratrem
2193 887 2484 943 nocturnis
2516 888 2655 944 visis
2684 888 2995 958 perturbari
3027 890 3250 944 solitum
3286 891 3519 960 videret,

1945 991 2072 1031 eum
2106 976 2386 1039 liberavit,
2427 977 2753 1047 praecipiens
2784 986 2842 1032 ut
2866 979 3264 1048 azgrotantibus
3295 980 3522 1051 jejunus

1945 1067 2311 1124 ministraret.
2355 1066 2422 1122 Et
2477 1068 2877 1138 interrogatus,
2915 1084 3019 1124 cur
3056 1070 3110 1125 id
3151 1073 3518 1143 praeciperet:

1946 1157 2106 1213 Nulla
2136 1174 2218 1224 re,
2252 1159 2451 1229 inquit,
2481 1159 2801 1228 huiusmodi
2826 1161 3273 1230 perturbationes
3301 1163 3523 1220 facilius

1944 1251 2375 1322 exstinguuntur
2437 1266 2601 1321 quam
2670 1251 3078 1310 misericordia.
3148 1254 3231 1309 Ad
3307 1256 3521 1326 iustum

1945 1342 2247 1397 Antonium
2279 1341 2504 1412 quidam
2551 1342 2676 1412 ejus
2741 1344 3009 1413 temporis
3039 1345 3396 1418 philosophus
3430 1362 3522 1404 ac—

1946 1434 2148 1489 cedens
2180 1454 2194 1489 :
2248 1432 2561 1499 Quomodo,
2604 1433 2769 1506 25,0
2797 1435 2994 1504 inquit,
3030 1445 3205 1505 pater,
3248 1447 3406 1509 potes
3436 1438 3522 1494 vi-

1946 1539 2093 1587 vere,
2124 1524 2394 1579 librorum
2429 1524 2627 1578 solatio
2663 1524 3004 1581 destitutus?
3043 1526 3145 1580 Cui
3193 1526 3287 1582 ille
3323 1545 3339 1582 :
3371 1527 3524 1583 Meus
3606 1562 3616 1575 ι

1947 1616 2047 1679 ait,
2082 1615 2246 1678 liber,
2275 1630 2309 1669 ο
2333 1614 2689 1685 philosophe,
2726 1623 2814 1670 est
2844 1624 3043 1671 natura
3098 1631 3282 1672 rerum
3323 1636 3336 1673 :
3400 1634 3524 1690 quae

1948 1710 2168 1781 quidem
2209 1716 2412 1778 praesto
2444 1715 2551 1772 est,
2584 1708 2805 1778 quoties
2848 1707 2945 1763 Dei
2976 1709 3142 1763 verba
3200 1710 3379 1781 legere
3423 1726 3521 1768 vo-

1950 1802 2125 1856 luero.
2150 1798 2442 1871 Egyptius
2459 1798 2943 1865 senexMacarius,
2983 1801 3228 1856 vasillud
3262 1804 3522 1867 electum,
3594 1851 3601 1855 .

1952 1894 2310 1960 interrogavit
2335 1907 2422 1947 me
2466 1906 2632 1962 quam
2671 1891 2744 1947 ob
2773 1907 2996 1949 causam
3019 1906 3368 1964 acceptarum
3401 1898 3525 1966 qui-

1950 1983 2074 2038 dem
2106 1982 2174 2036 ab
2201 1982 2520 2037 hominibus
2545 1982 2877 2053 iniuriarum
2930 1984 3357 2053 reminiscendo,
3410 2002 3526 2042 me-

1955 2075 2147 2128 moriae
2174 2073 2281 2128 vim
2311 2089 2376 2128 ac
2415 2072 2730 2129 facultatem
2761 2075 2815 2128 in
2843 2077 3026 2130 animo
3059 2091 3481 2149 corrumpamus
3507 2098 3521 2133 :

1950 2177 2206 2236 aeceptas
2287 2183 2420 2222 vero
2471 2182 2501 2220 a
2566 2167 2914 2225 dtemonibus
2964 2168 3203 2240 iniurias
3247 2173 3526 2226 memoria:

1949 2260 2424 2323 commendantes,
2487 2259 2644 2314 illa-si
2708 2276 3051 2318 maneamus.
3120 2263 3369 2334 Cumque
3424 2280 3527 2335 ego

1951 2350 2234 2405 haesissem
2282 2351 2514 2420 ignarus
2543 2350 2676 2420 quid
2730 2352 3181 2422 respondendum
3230 2362 3401 2419 esset,
3433 2370 3525 2425 pe-

1950 2442 2269 2509 tiissemque
2309 2444 2378 2495 ab
2441 2440 2535 2494 illo
2576 2448 2634 2494 ut
2666 2439 2784 2510 ipse
2839 2443 2972 2496 mihi
2998 2442 3123 2512 eius
3182 2445 3263 2499 rei
3301 2460 3525 2500 causam

1949 2540 2248 2603 exponeret
2281 2551 2295 2587 :
2321 2533 2484 2599 Quia,
2504 2533 2700 2603 inquit.
2730 2535 2879 2604 prior
2926 2537 3146 2605 quidem
3163 2536 3379 2592 affectio
3401 2540 3525 2594 aui-

1950 2625 2237 2678 miconlra
2281 2634 2531 2679 naturam
2561 2634 2670 2691 est,
2708 2628 2985 2695 posterior
3025 2643 3158 2684 vero
3221 2631 3524 2685 secundum

1951 2726 2228 2769 naturam.
2290 2715 2514 2771 Accessi
2559 2716 2855 2785 aliquando
2881 2718 2947 2772 ad
2982 2721 3396 2775 sanctissimum
3427 2720 3529 2774 Pa-

1949 2820 2087 2864 trem
2118 2809 2442 2872 Macarium,
2466 2825 2590 2863 cum
2636 2810 2873 2865 ferveret
2907 2812 3193 2874 meridies.
3229 2823 3283 2867 et
3317 2815 3409 2868 siti
3435 2829 3527 2869 ve-

1951 2899 2237 2952 hementer
2282 2912 2609 2968 oppressus,
2635 2914 2832 2969 aquam
2883 2899 3017 2969 petii
3084 2903 3150 2955 ad
3204 2902 3525 2957 bibendum.

1949 2989 2018 3042 At
2070 2987 2195 3043 ille:
2254 2985 2483 3051 Umbra,
2565 2986 2766 3058 inquit,
2818 2996 3114 3043 contentus
3165 2996 3306 3043 esto.
3375 2988 3529 3044 Multi

1952 3081 2097 3135 enim
2131 3079 2226 3149 qui
2278 3093 2429 3132 nunc
2457 3080 2560 3132 iter
2614 3078 2825 3132 faciunt
2861 3087 2957 3132 aut
3011 3079 3297 3149 navigant,
3359 3080 3529 3150 huius

1950 3177 2139 3224 carent
2160 3168 2380 3222 solatio.
2408 3165 2610 3223 Deinde
2636 3168 2941 3238 disputanti
2974 3169 3105 3222 mihi
3134 3177 3190 3224 et
3222 3169 3529 3226 conferenti

1944 3275 2070 3316 cum
2102 3261 2199 3315 illo
2219 3259 2286 3314 de
2319 3260 2650 3315 abstinentia
2680 3277 2693 3313 :
2727 3259 2976 3323 Confide,
3000 3261 3101 3323 ait,
3135 3275 3170 3315 o
3193 3261 3289 3315 fili.
3320 3262 3530 3333 Viginti

1946 3361 2091 3410 ιοιοε
2116 3367 2289 3407 annos
2319 3367 2419 3406 nec
2450 3366 2588 3420 pane
2614 3366 2883 3421 nec‘aqua
2905 3366 3006 3406 IICC
3029 3367 3225 3408 somno
3249 3370 3384 3410 llSllS
3406 3371 3529 3410 sum

1946 3445 2014 3499 ad
2061 3445 2388 3500 satietatem.
2441 3441 2575 3496 Nam
2629 3458 2821 3513 panem
2870 3444 3092 3512 quidem
3147 3461 3329 3502 meum
3375 3456 3530 3503 certo

1947 3536 2183 3606 pondere
2214 3550 2430 3604 semper
2456 3534 2670 3589 comedi
2699 3553 2713 3589 :
2737 3549 2936 3605 aquam
2962 3553 3091 3592 vero
3111 3554 3236 3592 cum
3262 3554 3527 3596 mensura

1949 3628 2099 3683 bibi:
2150 3628 2329 3684 somni
2371 3626 2609 3696 denique
2654 3626 2909 3697 exiguam
2958 3639 3167 3699 partem
3224 3630 3530 3689 sulfuratus

1947 3731 2093 3779 sum,
2123 3717 2189 3770 ad
2214 3716 2475 3786 parietem
2512 3732 2598 3769 me
2625 3715 2964 3787 iliciinaitdo.
2994 3716 3229 3789 Cuidam
3260 3724 3532 3777 monacho

1949 3824 2099 3862 mors
2129 3809 2301 3877 patris
2324 3806 2410 3859 sui
2440 3807 2689 3860 nuntiata
2715 3814 2819 3862 est.
2840 3808 2909 3860 At
2934 3808 3026 3863 ille
3051 3811 3328 3866 nuntianti
3356 3815 3527 3870 dixit:

1948 3897 2067 3952 Noli
2102 3895 2266 3966 impie
2295 3897 2441 3965 loqui
2477 3914 2490 3950 :
2526 3905 2681 3964 pater
2707 3896 2852 3951 enim
2887 3912 3042 3953 meus
3069 3900 3395 3959 immortalis
3423 3914 3529 3960 est.

1952 3988 2182 4055 Quidam
2208 4002 2271 4041 ex
2309 3986 2573 4040 fratribus
2600 3987 2737 4040 nihil
2770 3998 2967 4057 praeter
2999 4005 3165 4044 unum
3208 3992 3533 4064 Evangelio-

1953 4095 2074 4134 rmn
2115 4080 2360 4133 codicem
2411 4077 2751 4145 possidebat.
2786 4076 2942 4134 Hunc
2981 4096 3106 4134 Clllll
3149 4084 3530 4153 vendidisset,

1953 4171 2244 4242 pecuniam
2289 4170 2357 4223 ad
2399 4170 2633 4223 alendos
2676 4184 2946 4239 pauperes
2988 4175 3272 4243 erogavit,
3322 4178 3531 4235 addens

1953 4267 2119 4321 verba
2149 4272 2455 4319 memoratu
2487 4264 2813 4335 dignissima
2844 4282 2859 4319 :
2894 4263 3030 4320 Eum
3066 4267 3248 4338 ipsum
3269 4310 3284 4335 ,
3315 4269 3529 4340 inquit,

1468 4446 1741 4505 VALESII
1775 4438 2331 4500 ANNOTATIONES.

343 4548 459 4617 (68)
500 4548 732 4615 Μικρόν
778 4563 835 4600 τι
880 4547 1224 4617 τοῦῌῦπνου
1271 4546 1512 4615 μέρους.
1566 4544 1622 4599 1η
1672 4544 1851 4617 codice

1957 4540 2087 4617 ξολή
2132 4535 2561 4617 no_n_signilicat
2603 4548 2809 4591 sectam
2858 4554 3033 4606 neque
3088 4539 3334 4617 ordinem
3372 4557 3387 4591 :
3421 4556 3533 4617 _nec

276 4614 714 4687 Florentino’et
779 4618 922 4687 apud
985 4614 1351 4687 Nicephorum
1420 4617 1618 4686 legitur
1668 4614 1855 4687 μέρος.

278 4685 463 4743 Somni
512 4688 660 4758 enim
707 4685 832 4758 pars
881 4689 1061 4758 potius
1108 4685 1228 4741 erat
1277 4700 1439 4758 quam
1484 4685 1736 4758 somnus.
1771 4685 1859 4758 ille

277 4773 434 4827 quem
467 4754 727 4828 rapiebat
760 4754 1057 4828 Macarius,
1091 4759 1271 4827 capite
1299 4754 1365 4810 ad
1396 4757 1657 4828 parietem
1692 4754 1857 4828 incli-

279 4825 424 4882 nato.
455 4825 594 4881 Nam
629 4828 776 4881 brevi
808 4827 1103 4881 admodum
1137 4825 1380 4896 tempore
1421 4826 1492 4878 ita
1531 4825 1853 4878 dormiebat.

277 4896 455 4962 Quare
483 4912 740 4953 somnum
764 4897 918 4951 illum
956 4899 1207 4967 rapuisse
1232 4913 1289 4953 se
1320 4897 1502 4966 potius
1530 4896 1665 4950 dicit
1692 4910 1854 4963 quam

278 4982 516 5022 CBDISSO.

343 4985 625 5108 ῗὲῗῧαΤῆς
662 5034 1064 5108 Παρεμϐογῖῆς-
1086 5035 1203 5089 τῶν
1240 5034 1616 5089 Γνωστικῶν.
1658 5033 1851 5108 Turpi-

281 5103 367 5162 ter'
412 5107 522 5161 hoc
576 5103 694 5160 loco
749 5103 1067 5159 hallucinati
1125 5115 1255 5161 sunt
1309 5107 1659 5172 interpretes.
1720 5103 1853 5156 Nam

279 5177 821 5245 Christophorsonus
855 5175 1076 5245 quidem
1112 5176 1185 5229 ita
1226 5177 1387 5229 vertit
1416 5193 1426 5225 :
1458 5174 1521 5226 In
1557 5191 1618 5226 ea
1664 5190 1854 5245 mona-

281 5249 406 5302 chus
440 5243 526 5301 ea:—
542 5256 683 5301 secta
712 5243 1085 5300 Cnosiicorum
1125 5247 1204 5298 t-ir
1246 5245 1665 5313 spectatissimus
1704 5243 1855 5313 ligabi-

285 5319 432 5371 taeit.
476 5317 693 5387 Laugus
726 5332 858 5369 vero
896 5317 1171 5387 interpres
1217 5312 1503 5387 Nicephori
1540 5315 1684 5368 hunc
1718 5312 1856 5387 Eva-

285 5389 385 5455 grii
426 5383 617 5439 locum
642 5388 715 5439 ita
745 5386 1026 5440 transtulit
1068 5399 1081 5437 :
1128 5384 1345 5438 Habitat
1379 5387 1434 5437 in
1471 5402 1533 5439 ea
1567 5383 1854 5455 monac/ius

218 5472 235 5477 "
289 5452 665 5537 Guertigoruut
692 5456 892 5508 ordinis
935 5456 1335 5537 celeberrimus._
1363 5455 1468 5509 Sed
1499 5455 1710 5537 'pripim
1732 5452 1855 5537 qui-

288 5527 408 5580 dem
475 5525 739 5595 Evagrius
788 5541 895 5578 non
947 5526 1081 5579 dicit
1123 5526 1451 5595 monachum
1497 5522 1648 5577 illuin
1698 5522 1852 5595 habi:

290 5606 438 5650 tasse
490 5599 540 5649 in
590 5591 653 5646 ea
704 5595 885 5648 insula
935 5604 1083 5649 trans
1130 5594 1353 5647 Mariam
1406 5595 1652 5662 paludem
1697 5613 1708 5645 :
1758 5591 1852 5645 sed

294 5675 498 5718 tantum
530 5666 662 5718 dicit
707 5665 863 5733 iuxta
912 5666 1058 5719 illam
1098 5666 1334 5719 insulam
1377 5679 1499 5716 eum
1544 5663 1846 5716 habitasse.

295 5733 346 5788 ω
382 5736 522 5790 enim
573 5746 733 5790 sonat
780 5737 1005 5789 verbum
1045 5737 1340 5806 προσοικεῖ.
1385 5733 1584 5789 Deinde
1640 5750 1852 5803 παρεμ-

1965 4607 2212 4677 Guostici
2258 4607 2362 4660 hoc
2414 4608 2536 4660 loco
2588 4617 2885 4677 sumuntur
2920 4624 3019 4677 pro
3064 4618 3210 4663 set-ta
3250 4611 3534 4664 haeretico-

1963 4695 2106 4748 rum,
2123 4676 2215 4731 sed
2235 4686 2508 4748 estgenus
2527 4676 2799 4748 quoddam
2820 4676 3238 4748 mpnachorum,
3253 4679 3318 4733 de
3334 4681 3534 4748 quibus

1963 4746 2474 4817 Evagriuslibrum
2520 4747 2839 4815 scripserat.
2864 4745 3188 4802 Parembolc
3232 4745 3401 4817 igitur
3446 4751 3533 4804 hic

1961 4820 2115 4872 vicus
2139 4826 2222 4872 est
2250 4816 2391 4869 haud
2425 4818 2616 4885 procul
2639 4817 2968 4870 Alexandria
2993 4818 3148 4885 juxta
3177 4816 3531 4873 Mareoticum

1965 4889 2170 4942 lacum.
2214 4885 2389 4954 Hujus
2429 4888 2676 4958 meminit
2717 4887 3054 4942 Athanasius
3091 4888 3143 4958 in
3179 4890 3535 4958 Apologetico

1965 4959 2207 5013 secunde
2248 4958 2514 5011 adversus
2566 4956 2826 5021 Arianos,
2866 4958 2956 5011 ubi
3010 4956 3310 5012 indiculum
3366 4956 3537 5015 refert

1964 5028 2296 5083 clericorum
2337 5042 2474 5095 quos
2515 5026 2763 5080 Mclelius
2811 5028 3045 5081 habebat
3089 5030 3144 5081 in
3192 5030 3327 5082 urbe
3379 5038 3435 5083 et
3478 5031 3534 5083 in

1963 5097 2247 5154 territorio
2283 5096 2672 5150 Alexandrino.
2706 5095 2836 5151 Post
2878 5110 3336 5153 commemoratos
3371 5098 3538 5163 igitur

1965 5168 2317 5237 presbyteros
2351 5174 2412 5237 et~
2441 5166 2707 5237 diaconos
2752 5168 2924 5231 partis
2964 5182 3076 5221 suae
3119 5185 3261 5235 quos
3308 5169 3538 5222 habebat

1962 5235 2323 5309 Alexandriae.
2348 5235 2498 5289 addit
2528 5246 2835 5309 postremo:
2863 5238 2955 5289 καὶ
2997 5239 3282 5309 Μακάριος
3309 5238 3537 5309 πρεσϐύ-

1960 5323 2117 5378 τερος
2141 5308 2240 5378 τῆς
2271 5305 2653 5378 Παρεμὸολῆς.
2688 5306 3009 5361 Parembole
3040 5305 3177 5361 item‘
3202 5305 3538 5362 memoratur

1961 5376 2039 5428 iu‘
2070 5376 2275 5429 Notitia
2324 5377 2533 5443 imperii
2590 5376 2846 5437 Romani,
2894 5378 2946 5429 in
3007 5394 3115 5446 qua
3174 5380 3330 5433 sedes
3382 5390 3538 5430 eram

1963 5447 2195 5516 legionis
2225 5446 2481 5500 secunda:
2511 5447 2762 5516 Trajauze
2787 5448 2890 5502 sub
2921 5448 3284 5516 dispositione
3317 5450 3538 5502 comitis

1963 5521 2038 5570 rei
2078 5518 2336 5571 militaris
2378 5531 2475 5581 per
2511 5515 2826 5585 Egyptian.
2862 5515 3186 5571 Ptoleinmus
3229 5533 3445 5584 quoque
3483 5520 3534 5567 in

1962 5587 2322 5639 Ammoniaca
2385 5586 2540 5650 juxta
2606 5588 2956 5640 Mareoticum
3032 5588 3180 5655 potiit
3243 5586 3536 5638 Alexandri

1960 5655 2336 5710 Parembolen.
2359 5656 2458 5708 llic
2484 5658 2650 5726 igitur
2674 5658 2949 5711 habitabat
2972 5657 3270 5711 monachus
3291 5655 3380 5710 ille
3399 5658 3537 5710 inter

1960 5726 2253 5782 Gnosticos
2286 5728 2738 5796 probatissimus.

3415 320 3518 378 5l8
3586 329 3610 343 ‘
