4016 6350
324 403 407 462 821
1255 397 1581 454 HISTORIA
1619 397 1887 455 ECCLESl

1996 396 2168 451 TICA.
2210 427 2276 436 ο-
2316 394 2442 449 LIB.
2485 393 2573 450 IV.
3442 389 3546 446 529

322 520 502 590 τύριον.
533 512 702 579 Οὗτος
735 516 763 569 ὁ
799 513 1106 586 ’Δμμώνιος
1129 516 1208 577 είς
1227 513 1534 585 ἐπισκοπὴν
1560 514 1867 582 ἑλκόμενος.

1996 527 2092 564 um
2135 518 2361 566 sanctus
2399 507 2772 563 Athanasius:
2802 505 3169 577 Praeceptum,
3209 504 3386 575 inquit
3411 544 3427 569 ,
3464 513 3550 562 est

324 613 401 666 καὶ
439 606 734 677 διαφυγὼν,
767 607 830 660 τὸ
859 606 1028 670 δεξιὸν
1076 601 1169 668 οὖς
1201 603 1366 659 αὐτοῦ
1411 602 1688 672 ἐξέκοψεν,
1723 604 1870 665 ὅπως

1996 601 2187 672 rloysi,
2250 609 2311 654 ut
2363 600 2430 654 ad
2482 599 2912 669 septentrionem
2961 611 3209 654 mensam
3259 604 3547 654 statueret.

320 703 376 756 ἂν
400 701 468 770 τῷ
495 702 726 770 ἁσχήμῳ
750 697 842 752 τοῦ
870 695 1119 767 σώματος
1145 697 1243 766 τὴν
1271 694 1604 766 χειροτονίαν
1635 692 1868 763 ἐκφύγῃ.

1999 694 2280 764 ntelligant
2313 693 2483 762 igitur
2510 691 2761 746 Gnostici
2792 691 3051 762 quisnam
3092 691 3165 746 sit
3199 690 3247 746 is
3280 690 3375 760 qui
3416 703 3554 744 co-
3602 715 3616 776 (

334 788 528 857 Ἐπειδὴ
556 788 614 840 δὲ
644 787 820 858 χρόνῳ
851 785 1074 856 ὕστερον
1105 785 1202 838 καὶ
1248 784 1518 854 Εὐάγριος
1547 781 1652 836 ὑπὸ
1677 783 1872 850 Θεοφί-

2001 799 2058 838 ra
2106 785 2230 839 illos
2267 785 2480 855 spirat,
2519 797 2847 852 omnemque
2885 781 3245 837 tcntationem
3281 794 3555 850 generoso
3603 777 3608 785 ’

321 880 401 932 λου
445 877 536 930 τοῦ
585 877 884 930 ἐπισκόπου
937 873 1344 945 Ἀλεξανδρείας
1392 875 1530 945 πρὸς
1568 873 1875 943 ἐπισκοπὴν

1996 879 2157 932 mimo
2196 879 2504 933 sustineant
2533 915 2546 940 ,
2599 885 2655 930 et
2694 890 2791 930 eos
2829 875 2922 945 qui
2958 873 3026 928 ad
3074 874 3224 944 ipsos
3257 872 3552 938 venerint,

322 968 628 1038 συλληφθεὶς
659 968 960 1035 ἀπέφυγεν,
1010 965 1163 1019 οὐδὲν
1189 964 1611 1036 ἀκρωτηριάσας
1641 963 1737 1017 τοῦ
1772 961 1878 1015 σώ-

1996 969 2143 1022 ilacri
2173 969 2356 1022 animo
2386 976 2636 1036 pascant.
2665 965 3054 1022 Thmuitarum
3098 964 3358 1020 Ecclesiae
3387 963 3559 1034 Ange-

322 1077 504 1132 ματος,
551 1058 858 1130 περιτυχὼν
912 1057 991 1127 τῷ
1062 1057 1358 1128 Ἀμμωνίῳ
1405 1055 1878 1126 χαριεντιζόμενος

320 1154 509 1219 ἔλεγεν,
543 1151 619 1212 ὡς
663 1151 846 1212 κακῶς
880 1150 962 1219 εἴη
1000 1148 1229 1219 πράξας,
1267 1147 1504 1217 ὶκκόψας
1547 1146 1645 1218 τὴν
1686 1145 1877 1217 ἀκοὴν,

320 1243 405 1297 καὶ
435 1242 615 1311 ἔνοχος
644 1235 783 1293 εἶναι
812 1239 946 1293 Θεοῦ
988 1238 1147 1292 τοῦτο
1181 1239 1435 1309 ποιήσας.
1477 1238 1534 1290 '0
1566 1237 1622 1292 δὲ
1661 1236 1879 1308 Ἀμμώ-

321 1351 419 1396 νιος
462 1334 597 1402 πρὸς
626 1331 787 1385 αὐτόν
815 1346 828 1359 ⁸
874 1329 1029 1382 Ἀλλὰ
1059 1330 1144 1392 σὺ,
1177 1328 1298 1398 ἔφη,
1349 1328 1605 1398 Εὐάγριε,
1649 1328 1748 1382 οὐκ
1779 1328 1880 1381 οἴει

309 1425 496 1524 1δώσειν
523 1423 701 1489 δίκην,
732 1421 830 1490 τὴν
873 1419 1122 1484 γλῶσσαν
1148 1419 1459 1488 ἀποτεμὼν,
1484 1417 1571 1472 διὰ
1597 1418 1882 1488 φιλαυτίαν

322 1524 378 1590 τῇ
419 1519 637 1590 δοθείσῃ
678 1519 862 1588 χάριτι
914 1517 988 1587 μὴ
1035 1516 1422 1588 χρησάμενος;
1475 1515 1754 1582 Ἐγένοντο
1786 1515 1883 1583 μὲν

319 1607 404 1664 οὖν
436 1612 576 1663 κατὰ
607 1610 693 1662 τδν
720 1609 880 1662 αὐτὸν
909 1608 1097 1678 χρόνον
1142 1609 1200 1660 ὲν
1235 1609 1346 1670 τοῖς
1381 1607 1761 1677 μοναστηρίοις
1791 1605 1886 1659 καὶ

317 1702 457 1756 ἄλλοι
489 1702 731 1755 πλεῖστοι
759 1701 948 1770 ἄνδρες
997 1700 1300 1768 θαυμαστοὶ
1345 1699 1438 1752 καὶ
1479 1697 1762 1766 Θεοφιλεῖς,
1806 1692 1884 1751 ὧν

317 1795 371 1845 ὲν
397 1795 459 1861 τῇ
490 1788 830 1860 προκειμένῃ
860 1791 1148 1858 συγγραφῇ
1188 1787 1544 1858 μνημονεύειν
1577 1787 1783 1859 μακρὸν
1819 1788 1888 1840 ἂν

314 1884 394 1950 εἴη
421 1899 432 1911 ·
461 1881 641 1944 ἄλλως
667 1897 724 1931 τε
746 1881 840 1932 καὶ
867 1878 1135 1931 ἐκϐαίνειν
1153 1877 1247 1930 τοῦ
1269 1878 1627 1947 προκειμένου
1650 1879 1884 1947 ἀνάγκη,

314 1971 360 2023 εἰ
394 1967 722 2038 βουλοίμεθα
771 1966 1105 2020 καθέκαστον
1148 1966 1257 2020 τῶν
1303 1967 1513 2038 ἀνδρῶν
1558 1969 1683 2031 τοὺς
1715 1966 1883 2037 βίους,

311 2063 398 2114 καὶ
425 2063 529 2113 ὅσα
565 2059 824 2129 ἐποίησαν
852 2057 1104 2128 θαύματα
1135 2057 1221 2111 διὰ
1246 2057 1342 2128 τὴν
1374 2057 1678 2130 προσοῦσαν
1706 2060 1886 2123 αὐτοῖς

312 2154 574 2223 ἁγιότητα
601 2151 801 2221 λέγειν.
852 2152 914 2204 Εἰ
953 2151 1010 2204 δέ
1052 2168 1134 2213 τις
1165 2150 1405 2220 βούλοιτο
1449 2150 1516 2204 τὰ
1550 2152 1676 2223 περὶ
1710 2151 1887 2206 αὐτῶν

307 2245 628 2313 μανθάνειν,
673 2237 747 2298 ὧν
777 2261 836 2295 τε
869 2242 1150 2312 ἐποίησαν,
1197 2234 1272 2296 ὧν
1297 2260 1355 2295 τε
1385 2242 1648 2312 ἔπραξαν,
1681 2243 1774 2296 καὶ
1813 2238 1887 2296 ὧν

306 2338 440 2409 πρὸς
469 2337 748 2406 ὠφέλειαν
771 2336 881 2388 τῶν
903 2335 1251 2388 ἀκουσάντων
1277 2333 1627 2402 ἐφθέγξαντο,
1656 2335 1802 2398 ὅπως
1828 2353 1887 2390 τε

301 2432 484 2493 αὐτοῖς
535 2431 610 2482 τὰ
643 2429 806 2499 θηρία
838 2429 1132 2496 ὑπήκουον,
1179 2427 1477 2496 πεπόνηται
1507 2427 1788 2498 Παλλαδίῳ
1813 2428 1890 2498 τῷ

302 2520 526 2592 μοναχῷ
579 2520 706 2574 ἴδιον
743 2519 1077 2590 μονόϐιῦλον,
1127 2518 1184 2582 ὃς
1224 2519 1491 2589 Εὐαγρίου
1543 2519 1640 2588 μὲν
1676 2515 1742 2589 ἦν
1790 2535 1893 2590 μα-

297 2614 468 2685 θητής
496 2632 510 2644 ·
563 2614 740 2667 πάντα
763 2612 819 2666 δὲ
844 2611 1086 2682 ἀκριϐῶς
1115 2611 1243 2682 περὶ
1269 2611 1447 2664 αὐτῶν
1475 2611 1762 2682 διεξῆλθεν.
1805 2613 1892 2667 Ἑν

295 2700 341 2776 ᾧ
385 2706 484 2760 καὶ
532 2705 818 2774 γυναικῶν
863 2704 1159 2775 ἐφάμιλλον
1204 2706 1315 2767 τοῖς
1357 2704 1770 2775 προειρημένοις
1797 2706 1891 2760 ἀν·

289 2796 488 2868 δράσιν
526 2795 952 2866 ὲπανελομένων
989 2796 1120 2864 βίον,
1157 2799 1374 2867 μνήμην
1409 2797 1720 2865 πεποίηται.
1752 2798 1890 2853 Eiid-

290 2906 447 2959 γριος
493 2896 522 2926 ο
590 2889 686 2957 μὲν
747 2884 840 2939 οὖν
888 2887 982 2940 καὶ
1025 2888 1320 2952 Παλλάδιος
1361 2898 1386 2938 ιι
1438 2889 1630 2959 μικρὸν
1667 2890 1890 2962 ὔστερον

286 2980 434 3051 μετὰ
469 2981 592 3050 τὴν
627 2980 922 3042 Οὐάλεντος
956 2980 1209 3050 τελευτὴν
1252 2982 1514 3051 ἤνθησαν.
1555 2984 1892 3039 Ἐπανέλθω-

286 3091 388 3142 μεν
418 3071 482 3126 δὲ
510 3073 654 3126 ὅθεν
687 3071 971 3142 ἐξέϐημεν.

1979 1059 2064 1114 lus
2129 1057 2359 1127 Serapio
2412 1057 2670 1123 dicebat,
2727 1067 2961 1112 mentem
3018 1056 3238 1126 quidem
3286 1054 3556 1126 spiritalis

1979 1151 2222 1206 scientias
2265 1150 2463 1203 haustu
2499 1149 2657 1218 plene
2713 1147 2958 1217 purgari,
2987 1153 3172 1216 partes
3204 1155 3384 1200 autem
3437 1144 3557 1198 ani-

1981 1247 2177 1299 maeira
2204 1242 2622 1300 eﬂ'ervescentes
2644 1240 2915 1295 charitate
2943 1239 3131 1296 sanari
3157 1258 3170 1294 :
3203 1253 3398 1308 pravas
3429 1251 3560 1291 vero

1982 1337 2450 1407 cupiditatesquee
2488 1336 2543 1390 in
2578 1335 2823 1388 animum
2866 1331 3126 1398 inﬂuunt,
3155 1330 3398 1388 coerceri
3430 1329 3562 1383 abs-

1984 1430 2236 1484 tinentia.
2284 1430 2578 1483 Sermones
2623 1425 2690 1482 de
2728 1424 3072 1496 providentia
3119 1432 3174 1479 et
3232 1424 3300 1479 de
3345 1421 3562 1492 judicio

1985 1522 2077 1578 Dei
2134 1521 2358 1577 assidua
2409 1519 2768 1574 meditatione
2833 1525 3016 1572 tecum
3067 1517 3183 1586 ipse
3221 1515 3435 1578 recole,
3486 1513 3565 1567 ait

1987 1629 2218 1685 magnus
2258 1614 2348 1668 ille
2377 1613 2570 1667 doctor
2607 1618 2661 1667 et
2695 1609 2930 1680 spiritali
2975 1608 3209 1664 scientia
3255 1608 3564 1663 instructus

1987 1705 2280 1775 Didymus,
2329 1718 2631 1774 eorumque
2677 1716 2996 1758 sermonum
3043 1697 3308 1754 materias
3367 1697 3454 1752 fac
3507 1699 3566 1752 in

1989 1800 2251 1853 memoria
2304 1796 2687 1852 circumferas.
2739 1795 2944 1850 Omnes
2999 1793 3146 1848 enim
3207 1790 3320 1846 fere
3367 1790 3423 1844 in
3480 1790 3568 1844 bis

1995 1892 2270 1944 labuntur.
2313 1891 2377 1943 Et
2410 1903 2694 1945 sermones
2730 1886 2951 1957 quidem
2984 1900 3049 1940 ac
3090 1885 3335 1938 rationes
3369 1882 3438 1936 de
3468 1881 3565 1950 ju-

1993 1982 2142 2036 dicio
2201 1982 2256 2036 in
2281 1979 2589 2035 differentia
2617 1992 2911 2048 corporum
2939 1985 2995 2032 et
3025 1976 3080 2030 in
3106 1974 3354 2044 partibus
3378 1971 3568 2026 mundi

1992 2073 2254 2143 reperies.
2281 2071 2575 2126 Sermones
2599 2076 2781 2124 autem
2809 2069 2878 2125 de
2901 2067 3244 2139 providentia
3281 2066 3337 2120 in
3385 2065 3568 2120 modis

1995 2167 2107 2220 illis
2151 2165 2358 2235 quibus
2406 2179 2436 2218 a
2477 2164 2612 2218 vitio
2655 2172 2708 2219 et
2749 2162 3058 2232 ignorantia
3095 2158 3163 2214 ad
3208 2159 3468 2214 virtutem
3513 2164 3570 2214 et

1989 2258 2358 2328 cognitionem
2391 2257 2682 2321 ducimur,
2715 2252 3114 2325 deprehendes.
3139 2252 3321 2322 Atque
3348 2251 3462 2306 haec
3495 2266 3566 2306 ex

1991 2349 2211 2420 Evagrii
2266 2349 2422 2403 libris
2479 2348 2767 2418 desumpta
2839 2345 3001 2418 242
3065 2345 3158 2400 hic
3205 2345 3570 2400 inseruimus.

1994 2439 2116 2495 Fuit
2145 2441 2309 2496 etiam
2343 2440 2484 2493 alius
2507 2440 2724 2509 quidam
2763 2438 2904 2492 inter
2942 2437 3248 2492 monachos
3280 2437 3367 2492 vir
3401 2437 3570 2490 mira-

1991 2529 2117 2586 bilis
2142 2571 2155 2596 ,
2191 2530 2412 2584 nomine
2439 2527 2783 2582 Ammonius.
2809 2526 2916 2592 Qui
2946 2526 3168 2595 quidem
3209 2525 3348 2580 adeo
3376 2540 3570 2594 parum

1999 2621 2257 2677 curiosus
2281 2621 2518 2683 exstitit,
2544 2629 2604 2673 ut
2631 2634 2755 2672 eum
2787 2616 3014 2672 Romam
3044 2618 3287 2673 venisset
3315 2633 3422 2672 una
3445 2633 3568 2672 cunt

1999 2714 2336 2779 Athanasio,
2381 2729 2445 2767 ex
2506 2711 2813 2782 magniﬁcis
2859 2710 3014 2765 urbis
3057 2711 3320 2780 operibus
3362 2711 3572 2765 nullum

1996 2805 2183 2860 videre
2207 2802 2627 2865 desideraverit,
2656 2801 2750 2856 sed
2785 2801 2930 2857 solas
2962 2799 3109 2855 Petri
3144 2811 3198 2857 et
3235 2800 3388 2856 Pauli
3426 2801 3572 2856 basi-

2001 2896 2134 2948 licas
2157 2895 2374 2948 viderit.
2408 2892 2556 2946 Idem
2587 2891 2914 2946 Ammoaius
2949 2907 3073 2945 cum
3103 2893 3170 2946 ad
3197 2894 3573 2964 episcopatum

2000 2986 2343 3048 traheretur,
2404 2983 2530 3054 fuga
2593 2983 2861 3052 dilapsus,
2917 2983 3165 3037 dextram
3221 2984 3326 3039 sibi
3383 3000 3574 3042 aurem

1920 3073 1958 3126 C
1996 3076 2341 3146 amputavit,
2404 3083 2462 3128 ut
2515 3075 2770 3144 corporis
2818 3076 3162 3130 mutilatione
3205 3077 3576 3134 ordinationis

280 3170 586 3225 honorem
624 3168 904 3239 eﬂ‘ugeret.
948 3167 1145 3224 Postea
1180 3183 1313 3222 vero
1374 3167 1638 3238 Evagrius
1665 3211 1678 3235 ,
1721 3185 1844 3225 cum
1883 3181 1936 3228 et
1977 3174 2093 3242 ipse
2156 3172 2222 3226 ad
2266 3172 2640 3240 episcopatum
2666 3177 2857 3240 raptus
2901 3185 2931 3223 a
2982 3168 3306 3240 Theophila,
3343 3171 3576 3226 Alexan-

283 3267 469 3322 drinae
529 3266 704 3321 urbis
751 3266 1032 3335 episeopo,
1095 3262 1406 3332 aufugisset
1458 3265 1608 3318 nulla
1661 3267 1910 3335 corporis
1982 3268 2065 3322 sui
2113 3274 2267 3336 parte
2317 3266 2564 3318 mutilata
2594 3305 2610 3330 ,
2658 3264 2951 3320 Ammonio
2997 3266 3311 3321 oecurrenti
3387 3266 3576 3322 festive

282 3359 463 3424 dixit,
495 3360 656 3414 male
681 3358 831 3412 illum
863 3358 1058 3413 teeisse
1080 3356 1173 3426 qui
1197 3370 1383 3409 aurem
1443 3355 1546 3408 sibi
1577 3357 1937 3425 prmcidisset,
1981 3367 2144 3427 atque
2195 3358 2266 3412 ob
2302 3357 2355 3410 id
2398 3357 2601 3411 factum
2667 3356 2722 3410 in
2783 3357 2946 3426 culpa
3006 3373 3132 3412 esse
3190 3373 3376 3412 coram
3444 3359 3576 3416 Deo.

279 3449 640 3502 Ammonius
682 3455 872 3501 contra
898 3448 947 3503 ci
984 3446 1304 3518 respondit:
1348 3446 1427 3502 'I'u
1464 3463 1590 3501 vero
1616 3487 1630 3508 ,
1664 3447 1892 3520 Evagri,
1925 3466 1994 3505 an
2034 3467 2142 3504 non
2188 3456 2347 3521 putas
2397 3459 2448 3504 te
2497 3464 2690 3519 pmnas
2723 3448 3015 3515 daturum,
3071 3452 3165 3520 qui
3216 3452 3453 3522 linguam
3477 3451 3578 3507 tibi

278 3538 672 3599 abscindens,
691 3551 953 3592 concessa
992 3538 1089 3591 tibi
1118 3538 1288 3607 gratia
1312 3553 1421 3606 pra:
1460 3539 1630 3592 nimio
1649 3540 1726 3592 tui
1791 3540 1963 3609 ipsius
2008 3556 2193 3594 amore
2221 3540 2296 3593 uti
2327 3540 2601 3594 nolueris?
2621 3538 2723 3594 Per
2746 3540 2888 3595 idem
2917 3547 3132 3611 tempus
3155 3542 3341 3611 plures
3363 3559 3579 3614 quoque

275 3629 374 3682 alii
425 3630 486 3684 in
545 3629 912 3683 monasteriis
968 3630 1117 3684 fuere
1180 3631 1282 3684 viri
1331 3630 1688 3686 admirabiles
1736 3640 1790 3687 et
1861 3632 1972 3687 Deo
2010 3634 2197 3697 chari,
2235 3649 2377 3704 quos
2413 3633 2633 3702 quidem
2679 3633 2736 3687 in
2783 3635 2888 3688 hoc
2941 3649 3110 3704 opere
3143 3650 3580 3691 commemorare

271 3723 459 3778 nimis
503 3722 750 3791 longum
784 3727 952 3775 esset.
991 3721 1142 3776 Adde
1169 3723 1313 3790 quod
1385 3736 1414 3776 a
1481 3725 1764 3793 proposito
1807 3726 1966 3780 nobis
1995 3741 2163 3797 scopo
2194 3725 2404 3796 digredi
2445 3729 2670 3782 omnino
2703 3743 2930 3784 necesse
2970 3728 3141 3796 foret,
3183 3730 3228 3784 si
3265 3731 3431 3784 vitam
3467 3732 3582 3786 sin-

270 3817 558 3884 gnlorum
628 3820 691 3866 et
728 3811 990 3865 miracula
1020 3826 1140 3880 quae
1170 3812 1240 3866 ob
1267 3811 1544 3876 eximiam,
1611 3827 1716 3881 qua
1753 3815 1960 3883 praediti
2002 3825 2190 3878 erant,
2238 3818 2588 3872 sanctitatem
2621 3827 2949 3888 gesserunt,
2998 3820 3251 3890 persequi
3291 3822 3578 3878 vellemus.

269 3911 442 3978 Quod
501 3909 555 3964 si
599 3906 733 3978 quis
771 3914 1024 3961 accurate
1051 3907 1178 3962 velit
1212 3921 1543 3976 cognoscere
1607 3923 1671 3962 ea
1711 3925 1832 3979 qua:
1868 3911 1934 3964 ab
1967 3912 2076 3966 illis
2112 3912 2252 3965 facta
2280 3921 2334 3967 et
2356 3913 2421 3966 ad
2461 3913 2799 3966 audientium
2825 3913 3116 3967 utilitatem
3139 3914 3282 3968 dicta
3317 3925 3468 3978 sunt,
3525 3924 3581 3970 et

267 4001 592 4073 quomodo
656 3997 787 4052 ferte
830 3998 937 4052 illis
1006 3998 1504 4068 obtemperaverint
1537 4039 1550 4062 ,
1611 4007 1786 4053 exstat
1827 4001 1964 4055 liber
2001 4001 2297 4071 singularis
2345 4017 2374 4055 a
2429 4001 2671 4056 Palladio
2717 4002 2991 4056 monacho
3044 4001 3259 4072 Evagrii
3305 4004 3581 4074 discipulo

260 4099 697 4159 elucubratus,
730 4096 782 4148 in
815 4109 925 4164 quo
957 4101 1154 4149 cuneta
1211 4109 1334 4164 quae
1359 4095 1426 4149 ad
1467 4093 1594 4150 illos
1617 4097 1935 4165 pertinent,
1978 4098 2396 4153 accuratissime
2431 4105 2802 4165 exponuntur.
2838 4097 2895 4149 In
2929 4096 3119 4152 eodem
3171 4099 3313 4153 libro
3341 4101 3578 4155 mentio-

259 4206 400 4247 nem
461 4189 666 4244 etiam
745 4183 876 4238 facit
946 4185 1237 4240 mulierum
1295 4200 1417 4253 quae
1489 4200 1676 4254 parem
1751 4203 1877 4242 cum
1928 4189 2064 4242 viris
2108 4189 2217 4243 illis
2271 4189 2491 4243 vivendi
2547 4189 2811 4242 rationem
2876 4202 2939 4242 ac
2992 4189 3338 4258 disciplinam
3385 4207 3580 4248 cense-

259 4295 440 4342 elatae
487 4288 670 4340 sunt.
714 4279 886 4334 Porro
915 4278 1181 4351 Evagrius
1209 4289 1263 4335 et
1287 4279 1566 4334 Palladius
1588 4281 1751 4350 paulo
1771 4290 1895 4352 post
1909 4283 2114 4338 obitum
2154 4283 2398 4340 Valentis
2419 4284 2647 4355 Augusti
2672 4281 2997 4338 ﬂoruerunt.
3041 4282 3144 4339 Sed
3167 4285 3280 4354 jam
3302 4300 3368 4341 eo
3392 4302 3576 4344 rever-

253 4389 462 4434 tamur
506 4375 686 4432 unde
713 4373 946 4441 digressi
978 4388 1186 4429 sumus.

907 4489 1156 4542 ΚΕΦΑΛ.
1199 4491 1326 4544 ΚΔ’.

2592 4480 2746 4537 CAP.
2798 4479 2990 4535 XXIV.

244 4585 402 4653 Περὶ
449 4580 600 4636 τῶν
635 4578 1073 4653 ἔξορᾲισρέντων
1109 4580 1292 4650 ἁγίων
1318 4581 1626 4653 μοναχῷν,
1674 4581 1887 4653 ὅπως*γά

2003 4578 2311 4653 De_sanclis
2337 4577 2608 4653 monachis
2643 4577 2695 4629 in
2723 4574 3172 4653 essiliumhpulsis
3193 4613 3206 4636 ,
3232 4582 3281 4628 et
3319 4579 3577 4653 quomodo

327 4648 504 4719 Θεὸς
538 4650 696 4711 ταῖς
726 4648 922 4720 αὐτῶν
969 4648 1454 4719 θαυματοποιίαις
1485 4651 1715 4717 πάντας
1750 4652 1898 4720 πρὸς

317 4724 594 4779 ἑαυτὸν
629 4719 1059 4786 ἐφειλκύσατο.

315 4818 440 4870 Τοῦ
474 4815 704 4868 τοίνυν
749 4809 1006 4879 βασιλέως
1038 4813 1518 4884 Οὑάλεντος-νόμῳ
1552 4812 1903 4876 κελεύσαντος

230 4909 586 4964 διώκεσθαι
621 4902 760 4965 τούς
797 4906 842 4956 τ’
877 4907 934 4957 ὲν
980 4905 1350 4976 Ἀλεξανδρείᾳ
1382 4907 1476 4959 καὶ
1512 4907 1638 4969 τοὺς
1660 4905 1778 4960 κατ’
1807 4904 1904 4957 At-

231 5021 506 5074 γυπτον,
563 4999 772 5052 πάντα
814 4997 1092 5066 ἐπορθεῖτο
1137 4999 1229 5051 καὶ
1274 4999 1627 5068 ἀνετρέπετο’
1669 4998 1778 5050 τῶν
1807 4996 1908 5067 μὲν

2073 4648 2218 4730 Deus
2275 4649 2550 4730 miraculis
2606 4663 2696 4716 per
2748 4647 2870 4700 illos
2918 4645 3072 4699 editis
3127 4654 3340 4698 cunctos
3395 4645 3464 4698 ad
3521 4661 3579 4701 se

2075 4728 2380 4773 attraxerit.

2076 4808 2213 4863 Cum
2266 4809 2432 4878 igitur
2476 4807 2774 4877 imperator
2797 4804 2997 4860 Valens
3038 4805 3153 4874 lege
3211 4805 3317 4858 lata
3371 4820 3578 4875 praece—

2007 4903 2180 4972 pisset
2233 4910 2292 4956 ut
2345 4900 2661 4963 orthodoxi,
2713 4908 2821 4952 tam
2876 4899 2970 4968 qui
3010 4897 3378 4962 Alexandriae,
3414 4912 3580 4966 quam

2011 4995 2106 5064 qui
2137 4995 2192 5048 in
2225 4994 2440 5063 reliqua
2478 4991 2715 5063 Egypto
2757 4997 2937 5054 erant,
2982 4987 3330 5059 l‘ngarentur,
3365 4998 3579 5044 vastata

1454 5152 1818 5208 VARIORUM
1855 5147 2415 5208 ANNOTATIONES.

309 5261 341 5290 ο
389 5249 776 5318 Εὺάιηοιος.
809 5245 1098 5318 Ενοετῑυᾉε,
1127 5245 1432 5318 presbyteri
1485 5247 1746 5318 lilius,ex
1781 5246 1897 5300 Ibe-

227 5340 453 5382 rorum
500 5315 684 5374 nube
729 5331 848 5384 qme
900 5318 966 5369 ad
1027 5315 1298 5369 Euxinum
1351 5315 1584 5368 Pontum
1635 5317 1743 5370 sita
1786 5324 1892 5379 est,

225 5393 594 5451 oriundus,
643 5401 684 5439 ει
721 5385 776 5438 S.
812 5385 1015 5439 Basilio
1050 5385 1307 5440 Ecclesiae
1332 5386 1690 5441 Ctesariensis
1726 5386 1897 5439 lector

221 5467 618 5523 ordinatus,
671 5464 806 5526 post
834 5455 956 5523 ejus
1003 5465 1231 5509 mortem
1279 5470 1306 5507 a
1338 5455 1603 5524 Gregorio
1646 5454 1896 5525 Nysseno

219 5541 556 5592 diaconus
615 5528 838 5590 factus,
877 5527 1074 5578 claruit
1114 5527 1180 5578 ab
1220 5540 1363 5577 anno
1395 5527 1518 5578 380.
1556 5527 1597 5577 A
1631 5527 1896 5593 Gregorio

220 5608 594 5661 Naz.sacra
609 5611 752 5650 rum
774 5595 1097 5648 Litterarum
1123 5595 1406 5649 scientiam
1435 5597 1636 5654 hausit.
1653 5596 1718 5648 ab
1735 5611 1800 5649 e0
1830 5595 1896 5648 ad

220 5677 542 5734 Ecclesia:
570 5665 1226 5733 (Ionstantinopolitanm
1248 5665 1745 5718 archidiaconatum
1767 5681 1892 5733 pro-

219 5760 479 5804 vectus.
517 5741 676 5805 Qua
719 5735 1008 5789 occasione
1035 5735 1197 5786 vitam
1224 5735 1590 5805 monasticam;
1608 5737 1890 5805 amplexus

216 5802 340 5888 est,
369 5802 578 5872 docet
620 5807 864 5860 Sozom.
888 5805 981 5857 lib.
1008 5818 1081 5866 γι,
1105 5819 1225 5871 cap.
1257 5805 1342 5857 50.
1369 5802 1529 5874 (Vide
1555 5802 1700 5860 Guil.
1724 5804 1888 5868 Cave,

632 5906 929 5966 ΡΑτιιοι..
972 5900 1085 5961 Gn.
1144 5902 1390 5962 LXVII.

2002 5245 2171 5309 Ilist.,
2207 5247 2312 5299 vol.
2350 5261 2388 5308 ι,

2001 5315 2202 5385 n.16.)

2071 5397 2097 5435 r
2153 5380 2518 5450 Παλλάδιος.
2581 5383 2884 5448 Palladius,
2941 5391 3098 5454 gente
3146 5380 3359 5443 Galata,
3414 5387 3578 5454 natus

2001 5470 2144 5509 anno
2182 5456 2307 5519 568,
2340 5456 2531 5523 viginti
2575 5471 2752 5509 annos
2786 5451 3034 5508 natus'in
3057 5461 3292 5523 exteras
3323 5451 3576 5518 regiones

2001 5526 2341 5595 peregrinari
2392 5521 2581 5594 empit.
2615 5527 2773 5578 Anno
2805 5525 2902 5579 591
2956 5525 3008 5577 in
3053 5521 3285 5576 Nitriam
3335 5527 3579 5572 montem

2003 5598 2231 5650 secessit
2254 5638 2267 5661 ,
2300 5596 2387 5648 ubi
2426 5595 2718 5665 Evagrium
2757 5605 3146 5666 praeceptorem
3180 5599 3376 5666 nactus
3413 5597 3580 5666 estha

2002 5681 2111 5733 quo
2139 5654 2470 5735 Origenismi
2508 5654 3162 5735 antorem'hausit.Q’ide
3181 5659 3324 5735 Cave
3348 5669 3400 5710 et
3417 5654 3578 5723 Pagi,

2003 5729 2092 5790 ubi
2137 5729 2328 5803 supra;
2379 5735 2589 5788 Soet-at.
2627 5735 2719 5788 lib.
2764 5751 2860 5798 vn,
2903 5748 2950 5786 c.
2988 5732 3078 5794 26,
3129 5729 3400 5798 praecipue
3448 5737 3582 5779 vero

2001 5806 2174 5874 ipsius
2203 5806 2435 5860 Palladii
2461 5803 2760 5859 Historiam
2788 5803 3154 5868 Lausiacam.)

3187 5895 3252 5956 17

2422 5260 2475 5314 p.
2511 5242 2643 5310 227,
2689 5250 2744 5298 et
2788 5244 2915 5297 Ant.
2964 5241 3117 5312 Pagi,
3165 5239 3232 5295 ad
3284 5254 3413 5296 ann.
3449 5239 3577 5308 388,
