4016 6350
446 326 556 391 sas
620 356 623 357 ί
1894 306 2029 366 εοο

2129 309 2235 363 TiS
2541 324 2548 331 ·
3601 319 3708 375 524

448 451 699 523 protinus
731 460 792 502 ac
815 444 1080 501 subversa
1104 446 1235 496 sunt
1269 436 1490 494 omnia:
1520 433 1650 489 dum
1686 428 1777 483 alii
1803 422 2021 496 quidem

2122 420 2434 523 Σἑλκομένων
2485 426 2563 487 εἰς
2607 425 2961 496 δικαστήρια,
2997 426 3107 480 τῶν
3146 425 3202 480 δὲ
3246 426 3589 499 βαλλομένων
3621 441 3704 497 εἰς

444 512 514 597 ad
565 537 861 596 tribunalia
929 534 1300 596 traherentur,
1350 528 1444 583 alii
1500 523 1911 594 conjicerentur
1960 516 2014 569 in

2126 512 2487 585 δεσμωτήρια,
2531 516 2706 570 ἄλλων
2750 535 2811 570 τε
2857 518 3033 582 ἄλλως
3081 520 3545 593 στρεϐλουμένων.
3580 529 3712 582 Διά-

444 633 687 694 vincula,
716 630 807 683 alii
835 628 959 681 aliis
1001 622 1192 679 .modis
1230 625 1645 690 torquerentur.
1674 612 1834 666 Varia
1869 609 2016 665 enim

2123 622 2271 677 φοροι
2314 607 2420 678 γὰρ
2470 609 2735 680 τιμωρίαι
2780 612 2924 665 κατὰ
2950 612 3061 666 τῶν
3085 613 3380 685 ἡσυχάζειν
3410 617 3709 685 φιλούντων

418 694 431 750 ί
443 723 840 794 suppliciorum
865 731 1067 789 genera
1095 714 1303 785 pacatis
1322 709 1640 765 hominibus
1689 716 1746 762 et
1770 703 2004 775 quietem

2126 696 2550 794 liftVOY1OZ'llZ-ﬂet
2571 699 2628 752 δὲ
2652 699 2827 755 ταῦτα
2857 704 2914 756 ὲν
2948 705 3014 774 τῇ
3060 703 3439 778 Ἀλεξανδρείᾳ
3463 702 3496 783 ᾖ
3530 709 3712 765 ἐδόκει

442 784 762 885 optantibus
810 784 1209 864 inferebantur.
1245 801 1572 871 'Postqttam
1623 797 1739 851 haec
1779 793 2015 848 Alexan-

2124 784 2330 856 Λουκίῳ
2353 786 2697 885 ἐπέπρακτο,
2730 788 2965 855 Εὐζώῖος
2990 792 3047 845 δὲ
3079 793 3191 864 (7!)
3225 796 3318 850 ἐπὶ
3355 799 3454 864 τὴν
3504 800 3710 854 Ἀντιό-

442 874 576 963 tlriae
610 904 769 978 253
811 916 913 974 pro
950 900 1194 956 arbitrio
1226 896 1381 951 Lucii
1442 901 1595 966 gesta
1621 933 1635 956 ,
1676 897 1734 946 et
1774 885 2015 943 Euzoius

2316 874 2470 943 αὖθις
2519 880 2889 953 ὑπέστρεψενυ
2941 886 2990 937 oi
3036 884 3093 938 δὲ
3146 886 3309 952 εὐθὺς
3354 890 3447 942 ἐπὶ
3495 891 3565 944 τὰ
3605 891 3710 961 τῆς

440 968 793 1053 Αιιιίοῶιῖοἶη
815 968 1085 1047 reversus
1113 997 1281 1049 esset,
1335 985 1521 1040 statim
1558 982 1649 1037 isti
1693 980 1762 1035 ad
1791 976 2012 1048 Egypti

2122 968 2391 1038 Αἰγύπτου
2422 974 2759 1044 μοναστήρια
2804 971 3044 1044 ἐχώρουν
3063 995 3078 1011 ο
3109 977 3138 1030 ό
3173 976 3231 1030 δὲ
3260 980 3566 1049 στρατηγὸς
3594 980 3708 1050 (72)

443 1085 779 1143 monasteria
806 1065 1171 1141 contendunt:
1209 1078 1320 1131 dux
1364 1073 1619 1128 videlicet
1651 1084 1775 1124 cum
1806 1062 2013 1136 ingenti

2126 1064 2214 1117 σὺν
2243 1063 2436 1133 πλήθει
2467 1065 2677 1119 πολλῶν
2704 1066 3072 1138 στρατιωτῶν,
3094 1069 3188 1121 καὶ
3211 1069 3240 1121 6
3280 1069 3557 1141 Ἀρειανὸς
3578 1072 3712 1126 Δού-

440 1180 673 1234 militum
718 1172 1095 1235 multitudine,
1140 1180 1196 1224 et
1239 1165 1447 1221 Lucius
1479 1163 1742 1217 Arianus.
1785 1157 1920 1213 Nam
1960 1161 2015 1210 et

2144 1174 2254 1222 ειος.
2285 1128 2420 1210 Οῦδὲ
2450 1156 2558 1228 γὰρ
2583 1157 2741 1221 αὐτὸς
2772 1128 3116 1222 άπελείπετο,
3151 1159 3286 1214 ἀλλὰ
3316 1128 3505 1231 στίφος
3536 1128 3730 1231 ιὶγίιιιιν1

441 1273 544 1327 iste
572 1281 703 1323 tunc
749 1265 945 1329 adluit,
999 1270 1055 1318 et
1102 1269 1420 1316 sanctorum
1475 1254 1758 1311 hominum
1808 1256 2012 1305 cmtum

2120 1250 2324 1321 ἀνδρῶν
2354 1250 2604 1321 οὐδαμῶς
2655 1248 3041 1321 οἰκτιζομένων
3067 1263 3117 1320 ιι,
3143 1253 3359 1324 χείρονα
3398 1254 3508 1308 τῶν
3535 1272 3706 1326 στρα-

442 1362 595 1418 nulla
632 1356 991 1415 miseratione
1043 1362 1394 1424 prosecutus,
1430 1348 1654 1420 gravius
1705 1358 1870 1415 quam
1907 1340 2014 1412 ipsi

2119 1342 2324 1396 τιωτῶν
2352 1342 2724 1414 διεπράττετο.
2768 1343 2854 1405 Ὠς
2889 1342 2947 1396 δὲ
2991 1343 3083 1399 ἐπὶ
3113 1345 3206 1399 τὸν
3247 1347 3411 1401 τόπον
3441 1348 3705 1417 ἐγίνοντο,

441 1455 645 1510 milites
679 1449 894 1505 afﬂixit.
932 1447 1182 1514 Cumque
1211 1442 1279 1497 ad
1308 1442 1486 1496 locum
1522 1441 1698 1509 ipsum
1734 1433 2014 1506 pertenis-

2119 1434 2526 1507 κατελάμϐανον
2557 1437 2683 1500 τοὺς
2716 1435 2914 1508 ἄνδρας
2956 1436 3027 1490 τὰ
3072 1438 3278 1509 συνήθη
3330 1440 3674 1511 πράττοντας
3693 1459 3705 1472 ·

439 1554 584 1609 sent,
614 1544 764 1598 viros
796 1539 974 1594 solitis
1019 1536 1223 1591 studiis
1251 1545 1303 1590 et
1322 1529 1816 1588 exercitationibus
1844 1541 2013 1580 occu-

2125 1528 2462 1598 εὐχομένους,
2524 1528 2672 1598 πάθη
2722 1527 3147 1601 θεραπεύοντας,
3195 1531 3451 1602 δαίμονας
3484 1532 3711 1600 ἐξελαύ-

441 1643 600 1704 patos
655 1627 1179 1702 deprehenderunt,
1230 1635 1456 1679 orantes
1503 1620 1738 1684 scilicet,
1807 1617 2015 1673 morbis

2127 1636 2325 1683 νοντας.
2357 1621 2420 1673 Οἱ
2445 1620 2522 1685 δὲ,
2547 1620 2723 1692 μικρὰ
2751 1622 2860 1676 τῶν
2887 1622 2981 1676 τοῦ
3029 1619 3166 1678 Θεοῦ
3207 1621 3503 1694 θαυμάτων
3542 1641 3713 1697 φρον-

442 1726 746 1790 medentes,
811 1720 1083 1776 daemonia
1134 1717 1440 1788 ejicieutes.
1505 1712 1709 1770 Verum
1763 1710 1855 1767 isti
1919 1712 2012 1780 qui

2124 1710 2383 1777 τίσαντες,
2406 1710 2528 1765 οὐδὲ
2553 1711 2652 1776 τὰς
2680 1713 2932 1784 συνήθεις
2967 1714 3132 1784 εὐχὰς
3166 1715 3224 1769 ὲν
3248 1719 3359 1781 τοῖς
3398 1718 3710 1788 εὐκτηρίοις

443 1767 746 1790 ...νυυηηη
814 1767 1083 1776 -.η----η
1523 1767 1574 1770 ν,
1937 1767 1952 1780 ,

441 1819 640 1874 divinae
697 1814 957 1886 potentiae
1019 1809 1280 1864 miracula
1328 1806 1481 1878 parvi
1516 1804 1889 1869 aestimabant,
1947 1817 2016 1856 ne

2126 1800 2301 1864 τόποις
2344 1767 2681 1874 συνεχώρούν
2734 1767 3138 1861 ιτέιτείεῖάθᾏέό
3191 1767 3595 1872 “liciis-cii:

440 1911 715 1971 solemnes
738 1906 959 1976 quidem
993 1916 1183 1972 preces
1214 1901 1269 1954 in
1301 1897 1558 1953 oratoriis
1586 1895 1702 1951 ﬁeri
1750 1893 2014 1965 permise-

2124 1892 2321 1947 τούτων
2347 1892 2648 1960 ἐξέϐαλλον.
2684 1897 2794 1950 Καὶ
2842 1897 2942 1953 οὐκ
2991 1898 3085 1953 ἐπὶ
3119 1899 3327 1955 τούτων
3359 1901 3516 1972 μόνον
3544 1900 3710 1972 έστη-

443 2011 614 2058 runt:
654 2001 747 2056 sed
791 1997 953 2053 exiis
981 1995 1146 2049 etiam
1184 1991 1326 2047 locis
1352 2000 1577 2045 sanctos
1606 1988 1758 2042 viros
1789 1985 2017 2055 expule-

2124 2002 2237 2050 σαν,
2275 1984 2409 2041 ἀλλὰ
2443 1987 2741 2057 προϊόντες,
2769 1992 2881 2053 τοῖς
2906 1990 3083 2061 ϐχλοις
3107 1991 3406 2063 ἐκέχρηντο
3439 1991 3551 2063 (75)
3580 1993 3710 2047 κατ’

444 2102 592 2152 runt.
611 2092 723 2149 Nec
750 2092 835 2146 his
864 2087 1131 2150 contenti,
1154 2086 1385 2141 ulterius
1399 2083 1561 2139 etiam
1579 2078 2014 2152 progredientes,

2125 2077 2315 2134 αὐτῶν.
2368 2078 2555 2134 Ταῦτα
2592 2081 2686 2135 καὶ
2730 2081 2759 2134 6
2797 2082 3073 2153 Ῥουφῖνος
3100 2084 3404 2155 ἑωρακέναι
3452 2084 3585 2154 παρ’
3630 2077 3711 2138 ὧν

442 2188 612 2244 annis
643 2189 910 2240 adversus
937 2181 1064 2236 illos
1103 2187 1234 2234 sunt
1264 2177 1372 2233 usi.
1423 2174 1550 2232 Haec
1578 2172 1814 2229 Ruﬁnus
1846 2176 1903 2227 et
1930 2170 2014 2224 vi-

2126 2171 2213 2224 ital.
2253 2170 2582 2227 πεπονθέναι
2619 2180 2803 2243 φησιν.
2840 2175 3176 2229 ’Δνενεοῦντό
3196 2193 3257 2229 τε
3296 2176 3389 2229 καὶ
3421 2174 3712 2232 ὲπ⁹αὐτῶν

442 2282 592 2337 disse
620 2294 681 2334 se
705 2290 920 2340 coram,
958 2279 1015 2329 et
1043 2284 1169 2326 cum
1197 2270 1308 2326 illis
1341 2280 1661 2340 perpessum
1691 2279 1816 2321 esse
1856 2261 2013 2319 dicit.

2126 2260 2185 2315 τὰ
2217 2260 2311 2316 τοῦ
2358 2263 2680 2320 ’Δποστόλου
2718 2264 2985 2338 λεγόμενα
3002 2281 3017 2299 ·
3057 2266 3403 2331 ὲνεπαίζοντο
3442 2268 3573 2341 γὰρ,
3614 2269 3712 2322 καὶ

444 2371 678 2428 Proinde
703 2367 1118 2422 renovabantur
1144 2363 1200 2418 in
1251 2362 1363 2416 illis
1394 2376 1459 2416 ea
1491 2374 1613 2430 qua:
1652 2358 1720 2413 ab
1749 2355 2016 2428 Apostolo

2122 2355 2400 2426 μαστίγων
2419 2359 2615 2429 πεῖραν
2644 2358 2968 2430 ἐλάμϐανον,
2988 2360 3084 2428 ὲγυ
3093 2359 3339 2431 μνοῦντο,
3361 2359 3708 2431 ὲδεσμοῦντο,

442 2470 575 2520 sunt
627 2459 796 2515 dicta.
836 2454 1215 2511 llludebantur
1263 2451 1411 2506 enim
1454 2459 1509 2505 et
1539 2447 1891 2504 caedebantur
1915 2444 2015 2499 lla-

2127 2448 2458 2514 ὲλιθάζοντο,
2507 2451 2565 2503 ὲν
2602 2450 2747 2521 φόνῳ
2795 2450 3067 2524 μαχαίρας
3112 2451 3475 2524 ἀπέθνησκον,
3516 2450 3713 2524 ἄνδρες

442 2556 603 2628 gris:
677 2549 1071 2611 nudabantur,
1127 2543 1545 2606 vinciebantur,
1603 2538 2012 2611 lapidabantur,

2127 2541 2496 2613 περιεχόμενοι
2533 2542 2646 2614 (74)
2678 2544 2817 2598 κατὰ
2843 2544 2944 2617 τὴν
2979 2544 3183 2617 ἔρημον
3223 2544 3282 2598 ὲν
3325 2542 3622 2616 μηλωταῖς,
3654 2545 3713 2597 ὲν

441 2646 623 2717 gladio
668 2641 1144 2698 interﬁciebantur
1185 2635 1287 2692 viri
1339 2635 1665 2690 oberrantes
1710 2631 1766 2686 in
1811 2630 2013 2686 solitu-

2129 2634 2346 2703 αἰγείοις
2391 2634 2677 2707 δέρμασιν,
2726 2637 3130 2710 ὑστερούμενοι,
3177 2636 3501 2709 θλιϐόμενοι,
3544 2652 3715 2691 κακο-

443 2737 593 2802 dine,
648 2734 832 2789 ovillis
880 2739 935 2787 et
965 2727 1212 2800 caprinis
1256 2725 1492 2798 pellibus
1531 2725 1686 2789 tecti,
1737 2721 2013 2783 destituti,

2130 2722 2391 2796 χούμενοι,
2437 2720 2513 2778 ὧν
2548 2726 2650 2780 οὐκ
2691 2721 2760 2799 ἦν
2798 2725 2946 2793 ἄξιος
2990 2727 3019 2780 6
3065 2727 3288 2799 κόσμος,
3337 2729 3423 2782 ἐπ’
3454 2725 3716 2799 ἐρημίαις

442 2828 643 2900 pressi,
671 2824 876 2890 aﬂlicti,
907 2822 1109 2893 quibus
1128 2818 1330 2889 dignus
1362 2833 1470 2873 non
1494 2823 1615 2872 erat
1636 2813 1877 2869 mundus
1910 2831 1925 2867 :
1959 2813 2017 2866 in

2127 2815 2481 2887 πλανώμενοι,
2504 2818 2598 2871 καὶ
2627 2817 2797 2890 ὄρεσι,
2819 2819 2915 2873 καὶ
2945 2817 3252 2891 σπηλαίοις,
3285 2820 3377 2873 καὶ
3404 2821 3525 2882 ταῖς
3549 2818 3713 2883 ὀπαῖς

441 2920 677 2976 desertis
714 2916 865 2971 locis
901 2920 1176 2977 errantes,
1223 2910 1278 2965 in
1313 2908 1615 2971 montibus,
1646 2906 1700 2961 in
1735 2904 2017 2976 speluncis

2131 2908 2218 2978 τῆς
2249 2908 2382 2978 γῆς’
2417 2908 2511 2961 καὶ
2541 2907 2713 2963 ταῦτα
2756 2910 3196 2982 μαρτυρηθέντες
3225 2910 3328 2964 ύπό
3375 2927 3437 2964 τε
3481 2910 3584 2982 τῆς
3622 2911 3717 2964 πί-

441 3017 495 3065 et
518 3008 776 3064 cavernis
817 3014 1022 3060 terrae:
1079 2998 1300 3055 tametsi
1342 2996 1718 3053 testimonium
1750 2995 2016 3049 haberent

2134 3019 2291 3066 ττεως
2313 3002 2409 3058 καὶ
2437 3002 2543 3058 τῶν
2577 3003 2753 3076 ἔργων
2794 3005 2887 3058 καὶ
2921 3004 3029 3058 τῶν
3058 3005 3321 3077 ἰαμάτων,
3356 3005 3457 3058 ὅσα
3492 3006 3551 3058 ὲν
3591 3006 3720 3069 ταῖς

440 3110 558 3156 tum
583 3114 614 3153 a
644 3097 769 3160 ﬁde,
809 3106 923 3151 tum
959 3095 1029 3148 ab
1068 3092 1332 3162 operibus
1359 3098 1413 3143 et
1444 3087 1830 3143 curationibus
1874 3100 2015 3156 quas

2130 3098 2307 3170 χερσὶν
2337 3098 2572 3168 αὑτῶνὴ
2611 3095 2704 3150 τοῦ
2749 3094 2983 3168 Χριστοῦ
3034 3097 3191 3166 χάρις
3224 3095 3531 3167 εἰργάξετο.
3571 3094 3716 3148 Ἀλλ’

442 3206 541 3260 per
606 3189 854 3259 ipsorum
927 3198 1125 3239 manus
1186 3180 1375 3235 divina
1434 3179 1609 3249 gratia
1671 3176 2012 3247 perﬁciebat.

2134 3189 2197 3253 ii;
2247 3190 2441 3253 ἔοικεν,
2486 3191 2518 3259 ἡ
2553 3187 2646 3242 τοῦ
2691 3188 2826 3242 Θεοῦ
2873 3189 3097 3258 πρόνοια
3135 3187 3310 3241 ταῦτα
3348 3188 3542 3242 παθεῖν
3586 3189 3720 3251 τοὺς

447 3278 649 3337 Verum
673 3277 769 3332 Dei
806 3273 1170 3347 providentia,
1199 3279 1259 3326 ut
1279 3270 1578 3326 verisimile
1604 3278 1711 3336 est,
1758 3268 1872 3324 haec
1893 3268 2018 3324 illos

2136 3282 2323 3352 ἱνδρας
2350 3279 2746 3352 συνεχώρησεν,
2774 3280 3018 3352 κρεῖττόν
3059 3297 3112 3333 τι
3157 3277 3604 3351 προϐλεψαμένη,
3627 3278 3722 3332 ἵνα

443 3372 554 3442 pati
588 3370 711 3426 ideo
742 3364 1014 3438 permisit,
1046 3371 1106 3417 ut
1131 3378 1227 3433 per
1250 3361 1393 3416 mala
1420 3376 1543 3431 quae
1572 3362 1661 3416 isti
1686 3359 2015 3425 tolerabant,

2132 3374 2190 3427 δι’
2218 3367 2293 3427 ὧν
2325 3373 2476 3426 αύτοί
2505 3371 2691 3437 κακῶς
2721 3371 2975 3442 ἔπασχον,
3008 3372 3186 3442 ἕτεροι
3212 3370 3312 3443 τὴν
3339 3372 3397 3423 ὲν
3443 3369 3566 3441 Θεῷ
3607 3386 3718 3424 ato-

442 3461 543 3516 alii
574 3458 809 3515 salutem
851 3456 908 3509 in
936 3453 1167 3508 Domino
1194 3459 1686 3522 consequerentur.
1720 3448 1889 3519 quue
1941 3453 2017 3502 ita

2134 3466 2318 3536 τηρίαν
2344 3464 2596 3536 εὕρωσιν.
2653 3461 2762 3517 Καὶ
2808 3462 2966 3517 τοῦτο
2995 3465 3028 3535 ἡ
3061 3462 3324 3526 ἀπόϐασις
3364 3461 3586 3529 ἔδειξεν.
3626 3461 3720 3524 Ὠς

444 3566 594 3617 esse,
625 3548 808 3604 exitus
839 3547 922 3602 rei
978 3554 1167 3616 postea
1208 3543 1609 3615 comprobavit.
1655 3543 1793 3599 Cum
1846 3542 2018 3612 igitur
2123 3555 2173 3608 οε
2199 3553 2491 3625 θαυμάσιοι
2544 3555 2737 3606 ἐκεῖνοι
2773 3552 2962 3623 ἄνδρες
3000 3552 3306 3624 κρείττονες
3329 3551 3431 3621 τῆς
3456 3552 3724 3622 ἐπιφερο.

444 3640 802 3701 admirabiles
829 3638 910 3692 illi
948 3636 1053 3693 viri
1102 3636 1254 3692 omni
1291 3636 1550 3691 violentia
1579 3650 1702 3705 quae
1745 3634 1884 3706 ipsis
1932 3634 2020 3687 iu-

2140 3647 2295 3716 ιένης
2328 3646 2571 3714 ἀνάγκης
2601 3643 2861 3712 ἐγίνοντο,
2891 3644 3209 3715 ἀποκνήσας
3247 3645 3277 3697 6
3314 3642 3546 3706 Λούκιος
3579 3640 3726 3712 γνὼ-

448 3734 750 3795 lerebatur,
782 3729 1099 3801 superiores
1129 3728 1483 3790 exsisterent,
1525 3727 1770 3783 animum
1800 3726 2020 3781 tandem

2136 3753 2234 3808 μην
2261 3736 2443 3790 δίδωσι
2467 3734 2545 3806 τῷ
2568 3735 2853 3807 ἡγουμένῳ
2877 3733 2970 3789 τοῦ
2995 3735 3388 3807 στρατιωτικοῦ
3409 3734 3722 3806 τάγματος.

445 3825 798 3898 despondens
842 3822 1050 3878 Lucius
1098 3819 1393 3875 consilium
1423 3818 1517 3874 dat
1546 3818 1673 3874 duci
1729 3828 1787 3874 ut
1825 3817 2020 3875 Patres

2139 3828 2444 3884 ὅποϐάλλειν
2471 3827 2655 3900 ὲξορίᾳ
2682 3829 2809 3892 τοὺς
2841 3828 3091 3901 Πατέρας
3117 3826 3227 3883 τῶν
3256 3827 3528 3899 μοναχῶν.
3557 3827 3725 3880 Αὐτοὶ

446 3918 844 3975 monachorum
878 3916 933 3971 in
963 3913 1219 3970 exsilium
1248 3911 1454 3970 mittat.
1491 3911 1661 3966 Erant
1682 3918 1864 3966 autem
1889 3919 2021 3966 tunc

2141 3923 2180 3976 ῑὲ
2207 3917 2368 3994 ἦσαν,
2388 3923 2417 3974 6
2452 3920 2747 3991 Αἰγύπτιος
2790 3921 3096 3993 Μακάριος,
3127 3920 3221 3973 καὶ
3248 3922 3277 3974 ό
3311 3918 3727 3989 Ἀλεξανδρεὺς,

442 4008 638 4067 Patres
691 4005 912 4062 Macarii
964 4004 1100 4069 duo,
1152 4001 1450 4074 Egyptius
1501 4009 1553 4057 et
1583 4000 2017 4057 Alexandrinus.

2140 4014 2375 4068 5τούτου
2417 4012 2720 4084 ἐπώνυμος.
2768 4010 3118 4082 Ἐξωρίξοντο
3152 4006 3246 4065 οῦν
3298 4010 3349 4063 οἱ
3395 4009 3591 4081 ἄνδρες
3637 4009 3726 4072 εἰς

446 4100 540 4155 lsti
574 4112 704 4169 ergo
742 4094 1017 4167 deportati
1053 4100 1185 4149 sunt
1228 4095 1286 4149 in
1320 4092 1556 4148 insulam
1611 4092 1803 4163 inqua
1831 4093 2020 4147 nullus

2137 4102 2290 4173 νῆσόν
2331 4118 2473 4165 τινα,
2496 4101 2618 4172 ἥτις
2641 4100 2831 4155 οὐδένα
2861 4099 2972 4155 τῶν
3003 4099 3342 4169 Χριστιανῶν
3383 4094 3532 4169 εῖχεν
3566 4098 3723 4170 οἰκή-

445 4200 566 4245 crat
608 4188 982 4244 Christianus.
1020 4183 1080 4240 In
1106 4182 1295 4242 eadem
1339 4183 1523 4240 insula
1557 4183 1821 4254 templum
1875 4191 2018 4247 erat,

2137 4212 2280 4269 τορα.
2310 4195 2449 4249 Κατ’
2481 4193 2652 4263 αὐτήν
2672 4209 2732 4245 τε
2774 4191 2872 4262 τὴν
2922 4191 3084 4261 νῆσον
3129 4189 3425 4260 ἐτύγχανεν
3453 4188 3516 4243 ὃν
3553 4189 3723 4261 ἰερὺν,

445 4290 500 4337 et
524 4280 786 4336 sacerdos
819 4278 1042 4349 quidam
1075 4290 1235 4349 quem
1280 4275 1473 4330 incolae
1512 4277 1692 4331 instar
1715 4276 1801 4331 dei
1827 4274 2019 4346 cujus-

2138 4288 2223 4342 καὶ
2244 4286 2421 4358 ίερεὺς
2442 4287 2499 4338 ὲν
2524 4282 2691 4354 αὐτῷ,
2711 4282 2770 4337 ὃν
2794 4282 2994 4347 πάντες
3019 4284 3068 4336 οἰ
3088 4283 3204 4336 ἐκεῖ
3231 4279 3324 4336 ἶσα
3355 4281 3463 4353 θεῷ
3509 4280 3724 4335 ἔσεϐον.

445 4375 572 4429 dam
605 4370 1032 4425 venerabantur.
1067 4366 1274 4424 Verum
1319 4367 1413 4424 ubi
1453 4370 1556 4424 viri
1585 4370 1763 4426 sancti
1797 4384 1862 4425 ac
1911 4369 2023 4423 Deo

2144 4378 2444 4452 Γενομένων
2467 4377 2524 4431 δὲ
2548 4375 2658 4430 τῶν
2683 4375 2946 4445 θεοφιλῶν
2962 4374 3169 4447 ἀνδρῶν
3189 4375 3246 4429 ὲν
3266 4376 3331 4445 τῇ
3350 4374 3519 4445 νήσῳ,
3540 4372 3730 4426 πάντα.

449 4465 601 4522 chari
659 4464 724 4519 ad
768 4478 891 4518 eam
953 4461 1188 4518 insulam
1245 4463 1593 4531 appulerunt,
1652 4471 1830 4519 metus
1877 4464 2025 4520 illico

2138 4473 2233 4547 μὲν
2255 4472 2324 4526 τά
2351 4472 2468 4525 ἐκεῖ
2510 4469 2761 4541 δαιμόνια
2799 4469 2857 4523 ὲν
2892 4466 3105 4538 θορύϐῳ
3145 4465 3239 4521 καὶ
3270 4465 3419 4536 φόϐῳ
3453 4465 3724 4534 ἐγίνοντο.

450 4573 517 4614 ac
548 4556 846 4628 trepidatio
874 4555 996 4627 ejus
1054 4553 1158 4611 loci
1213 4553 1488 4610 daemones
1536 4554 1759 4611 invasit.
1817 4554 2022 4612 Eodem

2142 4564 2422 4620 Συνέϐαινε
2452 4562 2511 4618 δὲ
2551 4563 2669 4617 κατ’
2696 4560 2848 4626 αὐτὸ,
2877 4560 2970 4614 καὶ
3007 4557 3248 4612 τοιοῦτόν
3278 4574 3331 4611 τι
3362 4559 3594 4627 πρᾶγμα
3619 4571 3728 4624 γε·

452 4663 697 4723 tetnpore
747 4650 897 4707 aliud
946 4649 1227 4722 quidpiam
1271 4649 1520 4721 contigit.
1555 4648 1875 4709 Sacerdotis
1913 4651 2024 4709 lilia

2148 4657 2339 4713 θέσθαι.
2381 4655 2444 4709 Ἠ
2482 4652 2574 4708 τοῦ
2620 4652 2809 4724 ἱερέως
2859 4649 3104 4721 θυγάτηρ
3144 4648 3299 4718 ἄφνω
3326 4649 3434 4703 ὑπὸ
3468 4649 3734 4721 δαίμονος

1656 4829 1927 4891 VALESII
1967 4836 2522 4895 ANNOTATIONES.

520 4925 636 5000 gl)
674 4922 938 5000 Ebg’dit'oe
964 4920 1051 5000 δέ.
1086 4920 1448 5000 scribendum
1492 4932 1580 5000 est
1629 4927 1822 5000 procul
1855 4927 2030 5000 dubio
2136 4930 2482 5000 Epiphanius
2519 4927 2922 5000 Scholasticus.

451 4987 691 5073 βύζῴῗος
716 4994 823 5073 ,μὲν
860 4994 952 5044 ἐπὶ
982 4992 1079 5073 τὴν
1114 4991 1451 5073 Ἀντιόχειαν
1475 4987 1644 5073 αὖθις
1666 4996 2026 5073 ὑπέστρεψεν,
2142 5071 2156 5073 _
2185 4987 2323 5071 '(75)
2369 5000 2497 5073 T075-
2534 5000 2740 5073 éxxgq
2754 4997 3121 5073 “éxémrgo.
3173 4992 3319 5062 Lego
3362 4993 3482 5073 τοῖς
3510 4987 3732 5073 ὅπλοις.

452 5060 989 5134 t2hristuphorsouus
1019 5060 1247 5140 tamen,
1296 5060 1660 5140 Epiphanium
1726 5060 2033 5140 scholasti-
2139 5060 2988 5140 ldjue'conli’rma'tﬁdlipuéwin
3033 5065 3141 5140 ηιξ.-
3172 5060 3418 5140 si,'cap.
3450 5061 3504 5140 δε
3544 5060 3736 5124 Quem

454 5151 576 5189 cum
635 5131 859 5211 secutus
880 5174 901 5211 ,_
942 5131 1217 5211 vulgatam
1275 5133 1614 5211 scripturam
1674 5139 1912 5199 retinet.
1979 5148 2034 5195 et
2143 5131 2324 5196 locum
2366 5133 3214 5211 designat_hic_Socrates_._Mox
3247 5132 3597 5188 scribendum
3630 5136 3738 5183 est

455 5212 577 5275 post
616 5205 841 5280 verbum
881 5201 1214 5280 ὑπέστρεψεν
1265 5201 1780 5280 subdistinctionem
1820 5217 2032 5263 tantum

1549 5204 1780 5260 ct'ronem
1820 5217 2032 5263 tantum
2142 5210 2450 5280 ἑωρακέναι
2482 5201 2682 5280 ίῖταρών
2713 5208 2921 5280 absque
2946 5206 3135 5280 dubio.

453 5269 681 5349 apponit
703 5293 755 5349 _:‘
777 5272 922 5349 quod
960 5269 1212 5349 equidem
1243 5274 1478 5349 probare
1506 5288 1613 5349 non
1643 5290 1909 5349 possunt,

2214 5269 2330 5349 (74)
2355 5269 2605 5348 Ἀνδρεξε
2644 5269 3245 5349 περιεχόμενοιηῐιεεο
3281 5269 3736 5349 περιερχόμενοι,

527 5342 637 5417 (72)
703 5343 765 5423 '_0
792 5342 858 5423 δέ
908 5342 1682 5423 στρατηγός.Αὸοιπιίιιεηὰμιίι
1741 5353 1826 5400 est
1867 5347 1914 5423 ’ὃ
1968 5364 2028 5400 τε

2151 5359 2201 5423 et
2223 5342 2395 5421 ‘paulo
2431 5342 2551 5423 post
2582 5342 2781 5423 scribo
2811 5342 3277 5423 ’κακομχο-ύμενοι.
3323 5342 3539 5423 Aliud“.
3566 5342 3737 5391 enim

453 5409 779 5502 στρατηγός,
809 5419 860 5468 ct
897 5409 1155 5494 mutanda
1187 5412 1469 5496 distinctio
1499 5414 1553 5467 in
1585 5414 1729 5470 hunc
1755 5416 1978 5470 modum
2011 5433 2025 5470 :
2138 5421 2205 5474 ad
2235 5409 2446 5475 'locunf
2495 5418 2646 5474 Pauli
2682 5417 2915 5489 apostoli
2961 5409 3286 5484 in'Epistola
3340 5414 3411 5467 ad
3443 5409 3743 5473 Hebraea,

452 5488 517 5539 (li.
554 5487 611 5540 δὲ
648 5486 807 5540 εὐθυς
846 5482 937 5536 ἐπὶ
975 5483 1043 5535 τὰ
1079 5498 1178 5540 της
1215 5483 1487 5540 Αἰγύπτου
1523 5486 1856 5540 μοναστὴοια
1890 5485 2026 5540 ἐγώ·
2138 5506 2259 5540 can.
2297 5507 2372 5540 in.

458 5486 531 5539 [η
554 5487 611 5540 δὲ
648 5486 807 5548 εὐθὺς
846 5486 937 5536 ἐπὶ
975 5486 1043 5535 τὰ
1079 5486 1178 5550 τῆς
1215 5486 1487 5549 Αἰγύπτου
1522 5486 1856 5556 μοναστήρια
1890 5486 2026 5559 ὲχώ·
2138 5506 2259 5561 cap.
2297 5507 2372 5545 χι,

458 5574 604 5626 ρουν,
644 5557 672 5609 ὃ
722 5571 782 5607 τε
837 5552 1162 5623 στρατηγός,
1207 5560 1340 5617 etc.,
1390 5554 1852 5623 quemadmodum
1903 5555 2037 5625 legit

1903 5666 2294 5724 VARIORUM.

527 5774 556 5816 ιι
629 5762 1062 5833 Οἰκτιζομένων.
1109 5760 1249 5832 Lege
1321 5758 1707 5829 οἰκτιζόμενος.
1778 5761 1868 5816 W.
1934 5761 2156 5816 Lowm.
