4016 6350
368 5553 411 5611 ζμ

435 360 544 421 εδδ
1896 367 2021 427 SOC

2128 370 2234 427 TIS
3589 371 3702 429 536

435 479 573 535 sint.
632 477 805 536 Porro
864 490 1094 555 uterque
1144 499 1336 542 eorum
1387 485 1591 544 multos
1648 494 1704 543 et
1765 486 2003 544 eximios

2128 489 2321 562 ιονήρη
2380 487 2491 559 βίον
2541 490 2822 545 Βασιλείου
2874 488 3143 561 ἐζήλωσε·
3196 487 3495 560 Γρηγόριθς
3541 484 3597 541 δὲ
3640 487 3703 540 τδ

433 574 608 631 libros
631 577 962 649 conscripsit
988 591 1153 650 atque
1179 581 1490 652 evulgavit;
1525 597 1592 638 ex
1622 581 1827 653 quibus
1859 597 2004 638 non-

2128 581 2487 637 διδασκαλικὸν
2512 580 2607 635 τοῦ
2635 582 2797 651 λόγου
2816 599 2830 614 υ
2861 581 2918 646 ὃς
2947 581 3041 635 καὶ
3067 579 3165 651 τὴν
3190 576 3515 651 πονηθεϊσαν
3539 574 3703 632 Bast-

431 667 618 721 nullos
656 681 686 720 a
721 683 781 722 se
810 669 865 722 in
906 668 1165 725 Latinum
1203 660 1515 729 sennonem
1543 689 1847 732 conversos
1881 688 2007 731 esse

2128 673 2241 744 ιείῳ
2295 673 2618 746 ἑξαήμερον,
2663 674 2760 729 ἆτε
2812 671 2877 744 δὴ
2933 669 3384 739 καταλειφθεῖσαν
3423 681 3473 734 κ,
3531 684 3701 740 προο-

432 765 666 812 testatur
712 757 966 818 Ruﬁnus.
1008 762 1279 819 Caeterum
1335 764 1577 821 Basilius
1629 766 1770 822 duos
1814 766 2008 822 habuit

2128 756 2469 838 ινεπλήρωσε
2520 768 2657 837 μετὰ
2704 765 2931 821 θάνατον
2968 762 3063 819 τοῦ
3120 762 3385 832 ἀδεὶιφοῦυ
3436 761 3530 816 καὶ
3581 763 3703 815 ἑπι-

430 847 656 915 fratres,
695 849 918 907 Petrum
951 861 1006 908 et
1035 854 1385 927 Gregorium.
1419 856 1526 913 Sed
1557 857 1752 914 Petrus
1782 857 2006 928 quidem

2128 859 2306 926 εάφιον
2331 860 2411 923 είς
2447 858 2708 913 Μελέτιον
2742 857 2833 911 τὸν
2869 856 3199 928 Ἀντιοχείας
3225 855 3519 908 ἐπίσκοπον
3544 855 3601 909 έν
3631 855 3700 925 τῇ

430 939 794 996 monasticam
843 942 1032 1001 Basilii
1084 946 1253 1002 vitam
1306 950 1602 1006 aemulatus
1651 960 1760 1019 est,
1814 948 2010 1020 Grego-

2128 950 2527 1004 Κωνσταντίνου
2585 950 2741 1002 πόλει
2792 944 3054 1017 διεξῆλθε.
3106 946 3366 1018 Φέρονται
3421 943 3477 997 δὲ
3533 941 3701 998 αὑτοῦ

429 1028 551 1084 rius
594 1045 728 1088 vero
780 1033 904 1104 ejus
953 1036 1008 1092 in
1060 1036 1310 1095 docendo
1360 1041 1762 1112 eloquentiam;
1808 1041 1903 1112 qui
1953 1048 2009 1096 et

2128 1042 2211 1095 tati.
2240 1040 2388 1094 ἄλλοι
2420 1040 2568 1109 λόγοι
2598 1040 2866 1110 διάφοροι,

431 1124 636 1184 librum
689 1127 879 1185 Basilii
929 1130 1006 1187 De
1061 1148 1231 1203 opere
1287 1151 1386 1191 sex
1445 1135 1681 1201 dierum,
1730 1150 1896 1206 quem
1947 1135 2039 1189 ille
2077 1133 2461 1205 imperfectum
2540 1134 2872 1204 reliquerat,
2920 1140 3045 1204 post
3078 1132 3287 1188 obitum
3331 1131 3519 1188 fratris
3566 1141 3702 1200 sup-

431 1218 625 1288 plevit,
683 1228 741 1277 et
768 1218 1091 1279 Orationem
1134 1223 1421 1282 funebrem
1463 1228 1519 1282 in
1591 1226 1810 1283 laudem
1851 1225 2056 1281 Meletii
2129 1226 2522 1283 Antiochensis
2586 1226 2833 1297 episcopi
2892 1225 3373 1297 Constantinopoli
3425 1220 3699 1281 recitavit.

433 1311 669 1371 Exstant
693 1323 751 1373 et
782 1317 904 1374 alia:
930 1320 1117 1389 plures
1151 1323 1434 1379 orationes
1468 1323 1539 1378 ab
1571 1337 1639 1379 eo
1666 1323 2014 1392 conscriptae.

1005 1409 1159 1465 CAP.
1212 1411 1431 1468 χχιιι.
1891 1380 1907 1392 ’

2697 1401 2946 1458 ΚΕΦΑΛ.
2987 1402 3114 1459 KZ'.
3719 1380 3728 1485 ξ

808 1499 888 1556 Ds
926 1501 1180 1572 Gregorio
1220 1502 1638 1574 Thaumaturgo.

2344 1498 2485 1568 Περὶ
2512 1497 2849 1567 Γρηγορίου
2879 1494 2986 1550 τοῦ
3011 1491 3492 1564 Θαυματουργοῦ.

507 1586 618 1646 Sed
663 1593 927 1663 quoniam
981 1609 1049 1651 ex
1106 1594 1348 1651 nominis
1402 1596 1791 1662 similitudine,
1847 1603 1903 1651 et
1942 1611 2011 1651 ex

2192 1589 2409 1660 Ἐπειδὴ
2437 1589 2493 1642 δέ
2519 1604 2661 1652 τινες
2688 1589 2753 1642 ὲκ
2780 1588 2877 1658 τῆς
2906 1585 3221 1658 ὁμωνυμίας
3251 1584 3579 1650 πλανῶνται,
3609 1584 3706 1640 καὶ

435 1682 596 1741 libris
626 1685 720 1754 qui
746 1684 1000 1755 Gregorii
1045 1685 1269 1741 titulum
1303 1685 1620 1756 praeferunt,
1664 1686 1916 1740 nonnulli
1953 1686 2011 1743 in

2128 1699 2173 1735 :x
2202 1680 2311 1735 τῶν
2344 1679 2801 1751 ἐπιγραφομένων
2832 1678 3134 1750 Γρηγορίου
3172 1676 3412 1748 βιϐλίων,
3445 1676 3525 1730 δεῖ
3567 1677 3708 1731 ειδέ-

438 1789 680 1831 errorom
720 1775 1025 1842 ducuntur,
1073 1776 1360 1833 sciendum
1406 1784 1491 1832 est
1516 1777 1685 1830 alium
1718 1789 1842 1831 esse
1873 1775 2012 1830 Pon-

2128 1789 2200 1827 tat
2229 1773 2311 1826 δτι
2344 1771 2503 1835 ἄλλος
2544 1772 2690 1826 ἐστὶν
2716 1773 2745 1825 ό
2771 1768 3030 1833 Ποντικὸς
3053 1768 3348 1840 Γρηγόριος
3375 1777 3424 1835 γ,
3459 1769 3613 1833 ὅστις
3642 1770 3708 1823 ὲκ

436 1863 609 1919 ticum
656 1864 1000 1934 Gregorium,
1043 1865 1137 1935 qui
1161 1880 1229 1921 ex
1278 1865 1417 1920 urbe
1450 1864 1610 1920 Ponti
1658 1862 2013 1920 Neocaasarea

440 1952 733 2019 oriundus,
762 1954 886 2011 istis
906 1953 1187 2025 antiquior
1218 1953 1348 2021 fuit,
1374 1955 1574 2026 quippe
1590 1957 1684 2026 qui
1706 1955 2014 2025 discipulus

441 2044 609 2100 fuerit
639 2044 913 2116 Origenis.
954 2044 1131 2115 Hujus
1172 2044 1426 2115 Gregorii
1459 2046 1697 2103 celebris
1747 2046 1891 2099 fama
1930 2052 2016 2100 est

443 2136 678 2192 Athenis
733 2151 799 2191 ac
846 2136 1055 2210 Beryti,
1109 2146 1164 2193 et
1216 2152 1315 2209 per
1359 2138 1679 2193 universam
1727 2135 2014 2192 Ponticam

444 2226 752 2293 ditecesim,
798 2241 865 2283 ac
894 2243 994 2298 per
1020 2230 1341 2285 universum
1373 2243 1542 2299 prope
1580 2227 1811 2283 dixerim
1841 2238 2018 2282 terra-

445 2330 569 2370 rum
613 2316 829 2372 orbem.
875 2315 1011 2370 Nam
1050 2332 1175 2371 cum
1224 2332 1292 2372 ex
1344 2316 1761 2385 Atheniensium
1811 2314 2018 2371 scholis

444 2405 821 2472 diatessisset,
860 2406 1007 2478 juris
1038 2406 1219 2463 civilis
1249 2407 1499 2463 discendi
1546 2420 1719 2462 causa
1759 2405 2016 2477 Berytum

444 2496 729 2568 profectus
757 2507 862 2556 est.
896 2498 1005 2554 Ubi
1027 2511 1154 2553 cum
1179 2498 1482 2568 accepisset
1507 2494 1798 2569 Origenem
1827 2510 2017 2553 sacras

444 2586 688 2644 Litteras
741 2589 1008 2646 Caesarea:
1066 2590 1458 2660 interpretari,
1511 2589 1681 2645 celeri
1734 2603 1902 2646 cursu
1959 2589 2017 2644 in

446 2695 573 2737 eam
607 2681 807 2736 urbem
839 2681 1150 2738 contendit.
1181 2681 1432 2753 Cumque
1457 2681 1804 2752 magnificam
1830 2695 2019 2737 sacro-

447 2785 571 2825 rum
593 2768 884 2826 Librorum
905 2771 1304 2842 expositionem
1331 2773 1722 2839 auscultasset,
1741 2771 2019 2844 25.930-

446 2862 631 2919 manis
662 2863 874 2934 legibus
923 2863 1259 2931 valedicens,
1298 2863 1522 2936 Origeni
1553 2879 1616 2921 se
1652 2873 1826 2919 totum
1860 2864 2018 2920 dedi-

324 2998 343 3011 .
446 2952 548 3009 dit.
591 2954 640 3008 A
690 2969 800 3026 quo
844 2971 967 3012 cum
1017 2970 1200 3012 veram
1258 2956 1665 3027 philosophiam
1704 2956 2016 3023 didicisset,

448 3052 641 3114 postea
675 3062 708 3101 a
737 3048 1064 3118 parentibus
1106 3058 1418 3115 revocatus,
1454 3048 1620 3104 rediit
1665 3048 1724 3102 in
1759 3048 2015 3118 patriam.

450 3134 552 3193 Ubi
586 3139 769 3210 primo
800 3140 1046 3211 quidem,
1081 3140 1212 3196 dum
1251 3140 1432 3197 adhuc
1456 3139 1632 3195 laicus
1654 3146 1819 3204 esset,
1850 3138 2018 3193 multa

448 3228 584 3285 fecit
631 3231 901 3286 miracula
935 3250 948 3287 :
987 3247 1138 3288 nunc
1180 3240 1423 3302 aegrotos
1469 3245 1698 3294 sanans,
1735 3244 1888 3284 nunc
1918 3229 2023 3285 da}~

448 3335 644 3377 mones
699 3335 799 3391 per
845 3322 1136 3392 epistolam
1186 3322 1428 3393 fugans,
1494 3322 1728 3391 gentiles
1785 3321 2024 3391 denique

449 3427 564 3468 non
593 3413 778 3468 verbis
812 3420 1050 3479 tantum,
1099 3413 1199 3468 sed
1234 3413 1408 3468 multo
1453 3413 1631 3482 magis
1660 3411 1920 3482 operibus
1956 3411 2024 3465 ad

451 3502 615 3558 ﬁdem
673 3503 946 3560 alliciens.
1016 3502 1194 3573 Hujus
1251 3503 1588 3559 mentionem
1659 3502 1794 3557 facit
1858 3503 2022 3556 etiam

454 3592 775 3664 Pamphilus
805 3594 1036 3665 Martyr,
1073 3595 1130 3648 in
1161 3594 1317 3649 libris
1345 3608 1484 3664 quos
1510 3608 1611 3663 pro
1639 3592 1893 3663 Origenis
1925 3591 2020 3646 tie-

452 3682 708 3739 fensione
732 3683 956 3754 scripsit
987 3702 1002 3739 :
1034 3683 1238 3754 quibus
1281 3683 1447 3739 etiam
1479 3682 1741 3753 adjuncta
1779 3692 1863 3738 est
1890 3680 2023 3737 Gre-

455 3776 596 3846 gorii
635 3774 849 3839 Oratio,
895 3791 1059 3845 quam
1090 3776 1180 3830 ille
1213 3775 1284 3831 ab
1317 3774 1555 3845 Origene
1604 3773 1920 3838 discedens,
1966 3773 2020 3827 in

454 3868 577 3937 ejus
623 3867 839 3924 laudem
889 3867 1221 3938 composuit.
1263 3866 1511 3921 Fuerunt
1554 3865 1745 3937 igitur,
1786 3873 1846 3918 ut
1875 3878 2022 3919 com-

457 3959 657 4029 pendio
690 3958 891 4024 dicam,
935 3957 1184 4030 Gregorii
1238 3959 1443 4029 plures.
1475 3955 1696 4010 Primus
1743 3962 1829 4011 est
1877 3954 2024 4008 anti-

455 4066 599 4121 quus
643 4051 768 4117 iste,
798 4050 1107 4120 discipulus
1136 4049 1424 4120 Origenis;
1475 4047 1755 4104 secundus
1794 4045 2026 4100 Nazian-

455 4156 660 4208 zenus;
690 4140 889 4196 tertius
915 4137 1087 4196 frater
1126 4138 1353 4206 Basilii;
1393 4146 1478 4195 est
1520 4138 1685 4194 etiam
1730 4138 1869 4192 alius
1900 4135 2026 4192 Gre-

456 4231 669 4301 gorius,
709 4246 874 4301 quem
917 4230 1132 4297 Ariani,
1169 4230 1298 4285 dum
1348 4228 1687 4284 Athanasius
1726 4227 1780 4282 in
1828 4227 2027 4283 exsilio

457 4329 661 4391 ageret,
715 4323 1029 4392 episcopum
1082 4321 1515 4377 constituerunt.
1577 4319 1778 4376 Verum
1826 4318 1894 4374 de
1939 4317 2026 4374 his

457 4411 576 4468 hac
605 4410 754 4467 dicta
786 4409 1084 4466 suﬂiciant.

2112 1865 2213 1936 τῆς
2240 1867 2297 1918 ὲν
2322 1865 2508 1935 Πόντῳ
2532 1861 2963 1933 Νεοκαισαρείας
2984 1858 3710 1932 ὀρμώμενοςγάρχαιότερος

2113 1955 2319 2010 τούτων
2349 1955 2465 2008 ἐστι
2489 1970 2503 1984 ’
2532 1954 2779 2026 μαθητὴς
2811 1955 2924 2025 γὰρ
2958 1952 3269 2024 Ὠριγένους
3302 1952 3535 2020 ἐγένετο.
3569 1951 3707 2023 Περὶ

2114 2047 2301 2102 τούτου
2333 2046 2427 2101 τοῦ
2454 2046 2758 2118 Γρηγορίου
2779 2085 2792 2109 ,
2822 2045 2989 2109 πολὺς
3019 2046 3046 2097 ό
3083 2044 3239 2114 λόγος
3263 2042 3320 2096 έν
3346 2060 3407 2096 τε
3448 2042 3709 2121 ᾏθήναις

2115 2139 2209 2194 καὶ
2238 2136 2486 2210 Βηρυτῷ,
2521 2139 2611 2192 καὶ
2634 2137 2729 2209 ὅλῃ
2757 2139 2822 2209 τῇ
2846 2137 3081 2207 Ποντικῇ
3112 2135 3374 2206 διοικήσει
3395 2133 3526 2205 (89),
3554 2132 3632 2196 ὡς
3651 2134 3710 2187 δὲ

2116 2233 2310 2297 εἰπεῖν,
2345 2230 2440 2285 καὶ
2470 2231 2621 2303 πάσῃ
2666 2232 2731 2302 τῇ
2762 2227 3074 2298 οἰκουμένῃ.
3131 2219 3300 2291 Οὗτος
3335 2226 3444 2299 γὰρ
3489 2226 3567 2289 ὡς
3596 2226 3709 2279 τῶν

2129 2323 2386 2395 Ἀθήνῃσι
2421 2321 2819 2394 παιδευτηρίων
2856 2321 3248 2391 ἀναχωρήσας,
3277 2320 3335 2372 ὲν
3360 2322 3428 2389 τῇ
3473 2317 3710 2389 Βηρυτῷ

2118 2415 2315 2487 νόμους
2347 2414 2638 2486 ἐμάνθανε.
2672 2413 2982 2484 Πυθόμενός
3028 2430 3086 2465 τε
3115 2413 3172 2464 ὲν
3199 2412 3266 2482 τῇ
3301 2409 3611 2480 Καισαρείᾳ
3640 2410 3711 2465 τὰ

2123 2508 2248 2579 ίερὰ
2283 2507 2589 2580 Γράμματα
2617 2504 2940 2578 ἑρμηνεύειν
2983 2503 3286 2576 Ὠριγένην,
3323 2501 3581 2574 δρομαῖος
3616 2500 3711 2554 ἐπὶ

2117 2601 2217 2673 τὴν
2262 2600 2596 2670 Καισάρειαν
2635 2597 2993 2669 παραγίνεται
3044 2595 3454 2667 ἀκροασάμενός
3501 2608 3563 2646 τε
3609 2593 3711 2661 τῆς

2124 2691 2506 2763 μεγαλοφώνου
2536 2690 2769 2760 θεωρίας
2800 2690 2908 2743 τῶν
2945 2689 3105 2760 ἱερῶν
3132 2688 3501 2757 Γραμμάτων,
3534 2681 3713 2737 πολλὰ

2119 2782 2326 2853 χαίρειν
2357 2777 2523 2833 εἰπὼν
2559 2782 2671 2844 τοῖς
2705 2780 3029 2849 Ῥωμαϊκοϊς
3055 2778 3258 2848 νόμοις,
3304 2775 3610 2847 ἀχώριστος
3639 2767 3712 2844 ἦν

2116 2872 2212 2925 τοῦ
2262 2869 2483 2924 λοιποῦ·
2531 2871 2626 2925 καὶ
2675 2871 2766 2924 ὑπ’
2816 2869 2981 2923 αὐτοῦ
3032 2866 3342 2930 παιδευθεὶς
3385 2867 3484 2936 τὴν
3531 2863 3709 2935 ἀληθῆ

2120 2958 2468 3029 φιλοσοφίαν,
2519 2959 2613 3011 καὶ
2665 2956 2973 3029 μεταταῢτα
3011 2957 3102 3010 ἐπὶ
3139 2957 3237 3027 τὴν
3289 2953 3548 3026 πατρίδα,
3597 2953 3713 3005 τῶν

2120 3051 2322 3120 γονέων
2351 3050 2712 3115 καλεσάντων,
2763 3046 3096 3120 ἀνεχώρησε.
3128 3048 3306 3100 Κάκεῖ
3345 3044 3565 3116 πρῶτον
3606 3045 3712 3114 μὲν

2046 3136 2091 3199 C
2121 3142 2307 3206 λαῖκδς
2352 3141 2446 3209 ὢν,
2485 3141 2655 3195 πολλὰ
2703 3143 2901 3213 σημεῖα
2939 3140 3184 3209 εποίησε,
3224 3137 3515 3200 νοσοῦντας
3548 3137 3713 3207 θεραο

2121 3232 2321 3293 πεύων,
2358 3233 2449 3286 καὶ
2480 3232 2740 3303 δαίμονας
2784 3232 2851 3285 δι’
2897 3229 3193 3284 ἐπιστολῶν
3229 3227 3565 3297 φυγαδεύων,
3612 3226 3716 3282 καὶ

2123 3325 2247 3387 τοὺς
2284 3323 2716 3393 Έλληνίζοντας,
2764 3324 2877 3386 τοῖς
2911 3338 2971 3375 τε
3014 3319 3215 3389 λόγοις,
3262 3321 3356 3373 καὶ
3401 3318 3565 3372 πλέον
3595 3320 3716 3382 τοῖς

2121 3414 2422 3485 γινομένοις
2449 3417 2540 3469 ὑπ’
2563 3414 2728 3469 αὑτοῦ
2756 3414 3184 3486 προσαγόμενος.
3212 3411 3502 3481 Μέμνηται
3530 3411 3587 3464 δὲ
3614 3410 3715 3462 αὐ·-

2120 3502 2214 3556 τοῦ
2258 3503 2351 3555 καὶ
2395 3503 2678 3573 Πάμφιλος
2723 3503 2753 3556 ὁ
2800 3504 3016 3573 μάρτυρ
3070 3503 3127 3553 ὲν
3168 3503 3283 3564 τοῖς
3333 3502 3460 3571 περὶ
3500 3499 3716 3570 Ὠριγέ-

2123 3610 2246 3657 νους
2279 3593 2391 3665 (90)
2420 3594 2729 3664 πονηθεῖσιν
2754 3592 2902 3664 αὐτῷ
2931 3593 3174 3665 βιϐλίοις,
3203 3594 3260 3646 ὲν
3285 3587 3366 3655 οἷς
3394 3591 3488 3644 καὶ
3519 3605 3719 3643 συστα-

2122 3684 2271 3748 τικὸς
2314 3685 2472 3753 λόγος
2516 3685 2820 3756 Γρηγορίου
2854 3686 2933 3747 εἰς
2975 3683 3256 3755 Ὠριγένην
3291 3681 3401 3753 (91)
3435 3680 3715 3751 παράκει-

2121 3795 2232 3832 ται.
2268 3779 2558 3846 Γεγόνασιν
2597 3772 2712 3841 οὖν,
2741 3774 2816 3840 ὡς
2856 3777 2916 3829 ὲν
2957 3774 3233 3845 κεφαλαίῳ
3262 3775 3455 3839 εἰπεῖν,
3494 3772 3716 3844 Γρηγό-

2129 3874 2230 3940 ριοι
2262 3886 2274 3899 ·
2306 3869 2333 3921 ὃ
2376 3885 2437 3920 τε
2478 3868 2703 3938 ἀρχαῖος
2743 3862 2899 3930 οὗτος
2949 3868 3044 3920 καὶ
3091 3865 3336 3936 μαθητὴς
3372 3864 3716 3935 Ὠριγένους,

2127 3959 2221 4011 καὶ
2254 3959 2283 4011 ό
2310 3956 2698 4027 Ναζιανζηνὺς,
2745 3958 2837 4010 καὶ
2867 3960 2895 4010 ό
2937 3956 3161 4025 ἁδελφὸς
3207 3954 3510 4008 Βασιλείου.
3559 3955 3718 4023 Ἐγέ-

2122 4065 2243 4103 νετο
2277 4049 2334 4101 δὲ
2372 4049 2467 4101 καὶ
2498 4048 2653 4110 ἄλλος
2695 4047 2991 4119 Γρηγόριος
3032 4046 3090 4099 ὲν
3124 4044 3515 4116 Ἀλεξανδρεία,
3555 4046 3618 4099 ὃν
3664 4047 3717 4099 οἱ

2137 4140 2401 4211 Ἀρειανοὶ
2454 4140 2592 4194 κατὰ
2646 4138 2735 4193 τὸν
2778 4138 2969 4210 καιρὸν
3020 4138 3119 4209 τῆς
3167 4137 3346 4207 φυγῆς
3389 4136 3720 4191 Ἀθανασίου

2124 4232 2481 4303 κατέστησαν.
2520 4234 2593 4286 Πε
2603 4233 2654 4303 ρὶ
2687 4232 2785 4303 μὶν
2821 4231 2885 4303 δὴ
2928 4230 3133 4286 τούτων
3164 4229 3399 4284 τοσαῦτα
3447 4228 3715 4300 λελέχθω.

1660 4586 1931 4643 VALESII
1968 4582 2403 4640 ANNOTATION
2410 4583 2513 4639 ES.

530 4686 645 4762 (89)
673 4684 935 4762 ζζοντικῇ
959 4684 1208 4762 οἰκήσει.
1238 4681 1502 4762 liccloco
1534 4687 1759 4762 secutus
1795 4678 2022 4762 auctori-

2136 4677 2373 4762 probare
2424 4692 2534 4762 non
2590 4689 2816 4745 possum
2855 4688 2869 4725 :
2913 4687 3090 4754 neque
3137 4671 3310 4762 enim.I
3328 4671 3508 4725 oratio
3556 4671 3655 4762 illa
3689 4688 3723 4728 a

456 4749 636 4818 tatem'
666 4749 980 4838 _Niceph_ori
1008 4794 1023 4820 ,
1050 4749 1369 4838 .;emenday'i
1391 4752 1667 4838 ωῌοντικῇ
1730 4749 1989 4821 διοικήσει
2013 4786 2028 4812 ,

459 4829 733 4904 quamvis
734 4822 927 4904 scripti
962 4824 1185 4904 codices
1217 4822 1372 4904 ni_h_il_
1384 4828 1621 4904 mutent.

533 4898 651 4971 (90)
682 4889 1224 4971 Περὶ-’Ὦριγένουςε
1272 4891 1469 4971 Melius
1524 4890 1863 4971 scriberetur
1892 4889 2033 4971 ὑπὲρ

460 4959 791 5041 Ὧριζένουξ.
823 4959 1081 5041 Intelligit
1132 4959 2032 5041 enimnfipologeticuntPamphili

463 5030 850 5113 pro_'(_)_rigene,
883 5037 950 5092 de
981 5030 1090 5113 quo
1118 5033 1244 5113 vide
1260 5030 1545 5113 _Photiuin
1584 5030 1650 5113 in_
1682 5030 2029 5113 Bibliotheca.

536 5109 648 5179 (9i)
668 5100 1037 5179 Συστατικὸζ·
1054 5104 1236 5179 λόγος
1252 5100 1580 5179 ιξρηγορζου
1598 5102 1688 5179 είς
1702 5100 2029 5179 Ὡριγένην.

467 5169 751 5233 Musculus
797 5178 958 5230 vertit
991 5169 1024 5229 τ’
1068 5169 1223 5228 Liber
1267 5169 1507 5241 Gregorii
1555 5169 1883 5240 adjungitnr,
1933 5184 2034 5241 quo

470 5249 743 5317 Origene»:
771 5244 1177 5325 commendem;
1193 5238 1737 5325 Christopho‘rsOnus
1754 5251 1935 5296 autem
1963 5238 2035 5291 ita

464 5310 883 5387 interpretatur,
913 5312 1099 5368 Oratio
1135 5311 1369 5381 Gregorii
1403 5312 1458 5363 in
1493 5310 1737 5379 Origenis
1771 5325 2032 5365 commen-

462 5389 732 5444 dationem
764 5385 1077 5452 conscripta.
1107 5381 1306 5438 Verum
1342 5381 1482 5435 hanc
1524 5378 2033 5450 interpretationem

2136 4739 2402 4817 Gregorio
2432 4739 2847 4817 Thaumaturgo
2884 4739 3088 4817 scripta
3128 4750 3211 4795 est
3247 4739 3313 4817 ad
3357 4742 3724 4817 commenda-

2137 4811 2338 4873 tioném
2367 4816 2640 4885 Origenis,
2666 4813 2761 4885 sed
2784 4811 2849 4885 ad
2873 4811 3110 4885 agendas
3126 4811 3337 4885 gratias
3362 4814 3722 4885 praeceptori,

2141 4901 2265 4942 cum
2302 4900 2367 4939 ex
2392 4880 2513 4951 eju's
2544 4884 2731 4939 schola
2766 4880 3094 4938 discederet.
3126 4880 3455 4951 Συστατικαὶ
3484 4880 3722 4949 quidem
3802 4942 3805 4943 ν

2139 4958 2399 5012 dicuntur
2422 4948 2678 5023 Epistula
2708 4951 3166 5023 commendutitim.
3204 4948 3722 5023 orationcs’autem

2139 5018 2660 5079 συστατικαὶίιιιηεε
2699 5038 2939 5092 unquam
2974 5022 3212 5092 fuerunt.
3240 5018 3420 5092 Quare
3463 5019 3725 5092 nondu-

2142 5097 2260 5151 bito
2293 5097 2425 5164 quin
2459 5087 2812 5164 συντακτικός
2840 5090 3195 5164 scribendum
3230 5089 3327 5151 sit,
3368 5087 3497 5164 licet
3547 5087 3723 5145 Nice-

2143 5156 2350 5236 phorus
2388 5166 2663 5236 vulgatam
2701 5163 2994 5236 lectionem
3037 5159 3362 5236 confirmet.
3395 5156 3491 5212 Est
3525 5170 3722 5213 autem

2144 5227 2702 5300 συντακτικδξλόγος,
2733 5232 2914 5285 oratio
2945 5244 3053 5300 qua
3084 5229 3205 5283 vale
3235 5227 3461 5291 dicitur,
3493 5236 3571 5300 ut
3605 5244 3727 5281 mo-

2142 5306 2234 5360 nui
2260 5305 2313 5356 in
2348 5296 2798 5356 Αηηοιαιῐοηῐὸιιδ
2845 5296 3186 5364 Ειιδὲῠὶαηὶε,
3239 5312 3378 5367 quas
3429 5296 3727 5354 studiosus

2141 5378 2314 5431 lector
2353 5373 2625 5427 consulet.

1916 5536 2296 5593 VARIORUM.

539 5650 568 5679 ι
594 5640 724 5693 ’Ἄτα
741 5637 819 5702 δὴ
840 5635 1358 5705 καταλειφθεῖσαν.
1385 5636 1547 5702 Quem
1570 5636 1658 5690 ille
1676 5635 2035 5705 imperfectum

477 5708 778 5832 rweliqterat,
796 5715 1038 5764 vertente
1056 5705 1297 5775 Valesio;
1324 5707 1459 5763 mihi
1474 5706 1684 5763 videtur
1702 5723 1803 5763 vox
1821 5705 2033 5762 dccssc.

557 5817 567 5831 .
648 5793 820 5832 owrn.

557 5817 567 5831 .
602 5793 820 5832 LOWTH.

2214 5640 2241 5679 ιτ
2279 5632 2331 5682 '0
2367 5633 2655 5699 Ποντικὸς
2681 5622 3419 5699 I‘mWﬂW¢:P°19’°S°t‘2
3448 5620 3730 5699 Thauma-

2144 5704 2440 5826 turggbqui
2474 5703 2607 5756 obiit
2633 5691 2945 5764 annovv'265,
2971 5694 3091 5751 vide
3114 5694 3313 5749 Euseb.
3343 5691 3489 5746 Hist.
3515 5692 3617 5747 lib.
3646 5705 3730 5760 Vl,

2144 5788 2261 5841 cap.
2360 5808 2374 5824 .
