4044 6332
333 367 474 421 415')

1228 361 1556 420 HISTORIA
1595 364 2166 426 ECCLESIASTICA.
2200 398 2271 409 —
2297 368 2428 427 LIB.
2470 371 2563 426 IV.

3444 378 3581 435 1154

333 483 508 555 μιεῖον
546 479 610 531 τὸ
641 478 768 548 πρὶν
800 478 1006 534 ὑδάτων
1054 475 1336 549 ἐτύγχανε.
1369 478 1591 550 Συνῄδει
1622 479 1679 533 δὲ
1707 480 1896 547 οὐδεὶς,

2006 490 2060 538 et
2103 482 2343 539 obscuro
2391 483 2632 555 quodam
2681 483 2991 549 domicilio,
3051 486 3197 557 quod
3245 487 3374 545 olim
3425 505 3582 563 aqua:

331 576 365 641 ἢ
399 573 528 644 παρ’
571 566 652 635 οἷς
693 569 949 625 ἐλάνθανε
972 610 990 635 ,
1040 570 1135 625 καὶ⁵
1180 569 1486 642 θεράπαινα
1530 570 1705 643 τούτῳ
1738 571 1905 642 πιστὴ

328 665 590 731 δοκοῦσα,
624 663 701 728 ὡς
741 662 808 716 ἂν
852 660 1000 734 αύτῷ
1043 662 1337 733 διακονοίη.
1385 662 1595 733 Πολλῆς
1642 662 1906 741 δέ-ούσης

332 762 568 834 σπουδῆς
590 764 703 824 τοῖς
747 759 1072 831 ἐτεροδόξοις
1120 759 1405 830 ζωγρῆσαι
1430 759 1524 813 τὸν
1567 758 1739 831 ἄνδρα
1764 798 1781 825 ,
1815 754 1905 812 οἶα

330 855 498 919 εἰκὸς,
526 852 623 907 ἐπὶ
669 850 860 922 δώροις
898 851 933 922 ἢ
970 850 1326 921 ὑποσχέσεσιν
1358 848 1584 921 ἔμελλεν
1611 849 1775 904 αὐτὸν
1801 866 1903 904 κα-

328 944 628 1018 ταμηνύειν
651 945 686 1014 ἡ
704 942 1030 1014 θεράπαινα.
1050 940 1539 1013 Προαναφήναντος
1561 942 1619 996 δὲ
1644 942 1740 996 τοῦ
1765 939 1902 996 Θεοῦ

327 1039 427 1110 τήν
468 1036 761 1108 ἐπιϐουλήν
784 1075 801 1102 ,
836 1035 1048 1104 φθάσας
1081 1034 1312 1108 ἑτέρωθι
1345 1035 1653 1108 μετῴκησε.
1708 1035 1822 1092 Καὶ
1866 1035 1903 1106 ἡ

326 1132 635 1204 θεράπαινα
675 1128 947 1200 τιμωρίαν
981 1128 1181 1183 ἔδωκεν
1205 1165 1222 1192 ,
1266 1128 1344 1193 ὡς
1393 1127 1562 1200 ψευδῆ
1614 1128 1901 1199 μηνύσασα

327 1224 470 1280 κατὰ
495 1223 605 1277 τῶν
638 1219 913 1275 δεσποτῶν
934 1260 950 1285 ,
985 1219 1035 1273 οἳ
1069 1219 1133 1290 δή
1165 1218 1554 1288 πεφεύγεισαν.
1581 1220 1658 1274 Οὐ
1701 1219 1810 1289 γάρ
1839 1219 1903 1274 τὸ

325 1312 488 1382 τυχὸν
517 1310 796 1364 ἐποιοῦντο
822 1307 1075 1380 ἔγκλημα
1106 1310 1157 1361 οἱ
1194 1309 1293 1379 τῆς
1337 1310 1586 1374 ἐναντίας
1632 1309 1901 1381 αἱρέσεως

323 1403 470 1459 κατὰ
497 1403 604 1458 τῶν
633 1402 1042 1473 ὑποδεχομένων
1082 1402 1115 1472 ἢ
1161 1400 1510 1472 κρυπτόντων
1532 1401 1852 1457 Ἀθανάσιον
1881 1420 1895 1432 ·

323 1496 441 1550 ἀλλ’
494 1495 570 1559 ῶς
601 1494 847 1558 ἀπειθεῖς
896 1492 1225 1564 προστάξεσι
1276 1492 1542 1563 βασιλέως
1568 1532 1584 1556 ,
1639 1493 1735 1547 καὶ
1768 1492 1900 1563 περὶ

324 1584 599 1640 πολιτείαν
654 1584 1070 1656 ἁμαρτάνοντας
1095 1622 1112 1648 ,
1159 1586 1239 1648 είς
1289 1584 1639 1656 δικαστήριον
1692 1578 1894 1640 εἷλκον.

321 1679 435 1733 Καὶ
478 1676 858 1748 παραπλησίου
885 1677 931 1732 δ’
983 1672 1077 1731 οὖν
1122 1678 1218 1731 καὶ
1250 1676 1441 1731 ἄλλοτε
1474 1677 1898 1750 ἐπὶἏθανασίῳ

323 1768 628 1839 συμϐάντος
654 1770 736 1832 εὶς
772 1764 940 1839 ἀκοὴν
968 1764 1153 1840 ἦλθον.
1200 1770 1353 1824 Ἐπεὶ
1377 1769 1486 1841 γὰρ
1519 1770 1664 1825 κατὰ
1690 1771 1890 1826 τοιαύ-

319 1878 422 1931 την
465 1862 644 1915 αἰτίαν
676 1861 754 1925 ὠς
789 1863 882 1915 ἐπὶ
935 1864 1210 1931 Αιγυπτον
1258 1863 1474 1931 φεύγων
1505 1864 1766 1919 άνέπλεεν
1796 1866 1890 1919 ἐπὶ

316 1952 412 2006 τὸν
440 1952 657 2017 Νεῖλον,
700 1953 1052 2023 μηνυσάντων
1076 1953 1235 2007 τοῦτο
1273 1954 1452 2017 τινῶν,
1480 1955 1702 2009 ἐδίωκον
1731 1956 1895 2010 αὐτὸν

317 2045 370 2097 οε
398 2044 807 2116 συλληψόμενοι.
842 2044 1148 2116 Προμαθὼν
1196 2046 1254 2100 δὲ
1301 2045 1486 2101 θεόθεν
1528 2048 1631 2117 τὴν
1686 2048 1891 2113 δίωξιν,

316 2135 600 2205 ἐξήγγειλε
626 2138 738 2199 τοῖς
767 2135 1127 2206 συμπλέουσι,
1160 2137 1256 2191 καὶ
1282 2137 1642 2208 ἀναστρέφειν
1679 2141 1773 2193 ἐπὶ
1796 2140 1895 2209 τήν

316 2227 730 2298 ’Δλεξάνδρειαν
790 2228 1097 2282 ἐκέλευσεν.
1159 2230 1249 2285 Ἐν
1315 2231 1373 2285 δέ
1426 2230 1505 2302 τῷ
1559 2231 1892 2297 καταπλεῖν,

315 2318 686 2384 ἀναπλέοντας
717 2320 845 2384 τοὺς
883 2320 1203 2385 ἐπιϐούλως
1246 2322 1603 2393 παραμείψας
1623 2364 1640 2389 ,
1671 2324 1765 2377 ἐπὶ
1794 2324 1894 2395 τὴν

316 2409 475 2464 πόλιν
505 2408 759 2481 διεσώθη,
791 2411 887 2465 καὶ
915 2411 991 2475 ὡς
1018 2414 1080 2467 ἐν
1108 2412 1282 2485 ὁμίλῳ
1313 2414 1408 2468 καὶ
1437 2415 1631 2487 πλήθει
1662 2416 1895 2487 οἰκημά-

313 2519 427 2558 των
444 2541 460 2566 ,
487 2503 891 2576 ἀσφαλέστερον
922 2505 1231 2562 ἐλάνθανεν.
1263 2507 1360 2561 Ἐκ
1383 2508 1451 2580 δὴ
1478 2508 1586 2563 τῶν
1615 2509 1891 2576 τοιούτων,

315 2596 412 2650 καὶ
467 2594 681 2649 πολλῶν
738 2595 914 2652 ἄλλων
975 2598 1180 2669 ὁμοίως
1231 2603 1703 2672 προμηνυομένων
1764 2604 1894 2675 παρ’

313 2684 518 2751 αὐτοῦ,
550 2685 860 2742 διεϐάλλετο
912 2689 1064 2760 παρά
1090 2689 1201 2744 τῶν
1244 2692 1502 2745 ἐναντίων
1542 2692 1806 2763 Ἐλλήνων
1835 2711 1895 2747 τε

316 2778 416 2831 καὶ
467 2777 789 2849 ἑτεροδόξων
814 2820 830 2845 ,
867 2779 943 2843 ὡς
986 2781 1240 2851 γοητείας
1293 2782 1466 2836 ταῦτα
1517 2784 1798 2856 κατορθῶν
1843 2799 1891 2841 ι.

315 2868 491 2937 Λόγος
538 2865 668 2934 οὖν,
704 2870 834 2924 ποτὲ
890 2871 1173 2941 προίόντος
1223 2873 1387 2927 αὑτοῦ
1436 2874 1543 2928 ἀνὰ
1571 2874 1670 2946 τὴν
1717 2871 1893 2943 πόλιν,

320 2960 537 3031 συμϐάν
568 2962 739 3026 οὕτως
762 2964 1137 3034 ἐφιπταμένην
1173 2965 1381 3036 κρῶξαι
1408 2968 1678 3039 κορώνην.
1708 2969 1895 3040 Παρα-

316 3052 484 3123 τυχδν
519 3052 577 3106 δὲ
610 3053 815 3123 πλῆθος
854 3053 1153 3125 Ἑλλήνων,
1180 3050 1268 3109 οἷα
1294 3058 1375 3121 εἰς
1421 3058 1593 3129 γόητα
1641 3058 1896 3113 ἀποσκῶ-

2007 572 2186 630 fuerat
2219 574 2648 645 receptaculum.
2696 573 2809 631 Nec
2855 575 3146 649 quisquam
3186 578 3309 648 ejus
3340 580 3418 635 rei
3449 598 3581 638 eon-

2003 666 2160 723 scius
2181 665 2307 733 fuit,
2343 675 2541 738 praeter
2563 683 2658 725 eos
2688 669 2829 740 apud
2860 683 3001 739 quos
3029 669 3300 736 latitabat,
3335 675 3583 731 etancil-

2004 756 2149 823 lam,
2185 772 2307 829 quae
2342 765 2507 813 tantae
2535 757 2659 814 lidei
2695 759 2811 815 visa
2852 766 2937 815 est
2959 800 2975 825 ,
3016 766 3076 813 ut
3107 759 3184 814 illi
3218 760 3577 820 ministraret.

2002 847 2176 905 Porro
2228 865 2354 905 cum
2417 849 2609 906 Ariani
2675 866 2802 908 eum
2863 851 3047 907 vivum
3115 853 3581 924 comprehendere

2004 941 2155 996 omni
2191 940 2376 997 studio
2414 942 2753 1011 niterentur,
2793 944 2990 999 ancilla
3017 939 3178 1003 donis
3211 960 3277 1001 ac
3309 947 3584 1017 pollicita-

2001 1032 2279 1099 tionibus,
2336 1041 2395 1091 ut
2436 1035 2700 1092 credibile
2735 1043 2860 1101 est,
2920 1037 3136 1101 illecta,
3182 1052 3308 1094 eum
3352 1039 3579 1111 jamjam

2002 1130 2121 1180 erat
2138 1122 2444 1193 proditura.
2481 1122 2680 1180 Verum
2714 1124 2932 1181 insidiis
2968 1126 3048 1181 illi
3079 1140 3111 1180 a
3132 1125 3245 1182 Deo
3268 1126 3578 1198 patefactis,

2004 1212 2359 1272 insidiatores
2416 1215 2757 1286 praeveniens
2781 1257 2798 1283 ,
2860 1216 2970 1271 alio
3028 1217 3301 1289 migravit.
3365 1221 3581 1277 Ancilla

2003 1321 2133 1362 vero
2176 1320 2369 1377 pmnas
2410 1305 2595 1372 dedit,
2647 1313 2835 1376 utpote
2878 1321 3002 1376 qua:
3046 1306 3242 1362 falsum
3295 1308 3582 1367 detulisset

2001 1406 2197 1456 contra
2246 1397 2536 1464 dominos,
2588 1399 2683 1469 qui
2751 1409 2807 1454 et
2879 1399 2987 1470 ipsi
3047 1400 3394 1473 aul‘ugerant.
3444 1402 3579 1460 Nam

1998 1490 2292 1547 contraria:
2328 1490 2557 1547 haeresis
2598 1500 3029 1571 propugnatores
3078 1507 3189 1546 non
3236 1494 3419 1564 exigui
3468 1496 3582 1551 cri-

2000 1583 2167 1638 minis
2211 1597 2335 1640 reos
2382 1582 2694 1648 faciebant,
2742 1583 3059 1655 quicunque
3101 1585 3184 1641 vel
3226 1586 3578 1657 exciperent,

2002 1674 2087 1730 vel
2140 1676 2484 1731 occultarent
2532 1674 2914 1744 Athanasium,
2974 1674 3071 1734 sed
3139 1692 3238 1733 eos
3316 1688 3579 1751 tanquam

1998 1765 2348 1835 imperatoris
2372 1766 2624 1837 jussibus
2670 1764 3039 1838 rel'ragantes,
3069 1777 3126 1822 et
3182 1776 3376 1823 contra
3435 1784 3580 1824 rem-

1995 1857 2268 1926 publicam
2319 1858 2691 1929 insurgentes,
2735 1856 2805 1913 ad
2853 1858 3154 1913 tribunalia
3187 1858 3436 1929 judicum
3472 1868 3585 1916 tra-

1995 1945 2219 2002 hebant.
2248 1945 2441 2003 Simile
2479 1947 2767 2019 quidpiam
2798 1948 2907 2004 alio
2938 1950 3104 2004 etiam
3139 1956 3383 2021 tempore
3408 1950 3578 2005 Atha-

1995 2039 2155 2096 nasio
2201 2041 2502 2110 contigisse
2553 2042 2737 2113 accepi
2777 2060 2793 2097 :
2832 2057 2962 2098 nam
3013 2056 3140 2097 cum
3181 2043 3254 2099 oh
3301 2042 3579 2114 ejusmodi

1995 2145 2260 2196 causam,
2310 2141 2571 2203 tanquam
2624 2134 2681 2188 in
2734 2134 3004 2190 interiora
3056 2133 3279 2207 Egypti
3326 2134 3578 2207 fugiens,

1996 2223 2232 2281 adverso
2278 2222 2503 2281 ﬂumine
2553 2224 2839 2297 navigaret
2889 2240 2987 2295 per
3033 2222 3238 2291 Nilum,
3282 2240 3344 2281 re
3384 2242 3416 2280 a
3457 2227 3582 2297 qui-

1996 2317 2228 2372 busdam
2271 2316 2542 2384 indicata,
2590 2317 2947 2373 insidiatores
2994 2319 3252 2389 persequi
3290 2334 3416 2374 eum
3466 2334 3581 2376 caa-

1996 2419 2228 2480 perunt,
2287 2418 2348 2465 ut
2410 2410 2943 2481 comprehenderent
2987 2411 3028 2466 ¹.
3080 2409 3283 2467 Verum
3337 2412 3430 2468 ille
3481 2412 3579 2468 ad-

1996 2505 2240 2560 monitus
2284 2518 2318 2558 a
2356 2503 2470 2560 Deo
2515 2504 2583 2559 de
2620 2504 2841 2560 illorum
2884 2504 3299 2574 persecutione,
3335 2520 3451 2561 rem
3484 2520 3581 2561 ex-

1995 2596 2181 2665 posuit
2213 2594 2282 2651 iis
2324 2594 2422 2665 qui
2470 2592 2627 2666 15.2
2664 2610 2770 2649 una
2818 2610 3010 2651 secum
3057 2597 3422 2666 navigabant,
3456 2597 3578 2667 jus—

1997 2687 2179 2756 sitque
2246 2695 2308 2741 ut
2372 2687 2627 2756 protinus
2690 2686 3076 2742 Alexandriam
3147 2694 3575 2743 reverterentur.

1997 2776 2136 2831 Dum
2176 2777 2346 2847 igitur
2383 2776 2633 2832 secundo
2660 2776 2886 2833 ﬂumine
2922 2777 3176 2849 navigat,
3226 2777 3580 2834 insidiatores

1998 2867 2228 2920 adverso
2259 2864 2487 2923 ﬂumine
2519 2867 2842 2938 navigantes
2902 2875 3327 2938 praetergressus
3356 2909 3373 2935 ,
3426 2868 3581 2924 inco-

2000 2956 2164 3012 lumis
2208 2956 2277 3010 ad
2324 2957 2515 3011 urbem
2562 2958 2844 3026 pervenit;
2895 2956 3081 3026 ibique
3111 2966 3227 3012 tum
3272 2958 3344 3013 ob
3399 2973 3577 3029 popu-

1999 3048 2034 3103 li
2094 3049 2497 3119 frequentiam,
2553 3059 2667 3103 tum
2690 3049 2761 3103 ob
2790 3048 3195 3104 multitudinem
3222 3049 3578 3106 aediﬁciorum

319 3159 456 3196 πτον
478 3182 493 3205 ,
526 3144 805 3215 ἐξαιτῆσαι
836 3146 1011 3200 εἰπεῖν
1041 3146 1225 3210 αὐτοῖς
1258 3148 1286 3200 δ
1315 3164 1368 3201 τι
1399 3148 1547 3218 λέγοι
1593 3151 1626 3221 ή
1655 3148 1891 3221 κορώνη.

1999 3141 2234 3196 delituit.
2280 3138 2362 3196 0b
2391 3141 2505 3196 haec
2532 3150 2588 3195 ct
2637 3141 2743 3195 alia
2773 3140 3045 3211 ejusmodi
3091 3141 3329 3211 plurima
3381 3143 3451 3198 ab
3484 3143 3580 3199 illo

319 3234 427 3287 Τὸν
454 3234 511 3288 δὲ
544 3237 706 3305 φάναι
735 3277 749 3300 ,
780 3237 962 3308 ήρέμα
986 3238 1384 3306 ἐπιγελάσαντα
1404 3278 1420 3304 ,
1456 3241 1611 3312 Κρὰς
1630 3280 1645 3305 ,
1677 3242 1706 3294 ὃ
1752 3243 1899 3294 ἐστιν

319 3324 512 3397 αὔριον
538 3329 605 3398 τῇ
642 3326 931 3400 Ῥωμαίων
962 3332 1136 3401 φωνῇ.
1165 3330 1336 3385 Τοῦτο
1380 3331 1559 3386 τοίνυν
1599 3332 1897 3404 κράζουσα,

317 3417 460 3489 ἀηδῆ
487 3420 585 3492 τὴν
605 3419 792 3492 αὔριον
819 3422 946 3493 ὑμῖν
971 3422 1191 3477 ἔσεσθαι
1223 3425 1601 3494 καταγγέλλει.
1635 3427 1708 3498 Ση
1718 3426 1899 3497 μαίνει

318 3510 431 3580 γὰρ
467 3514 533 3565 ὲκ
564 3515 987 3585 προστάγματος
1033 3516 1127 3569 τοῦ
1167 3518 1454 3588 Ῥωμαίων
1487 3518 1753 3588 βασιλέως
1791 3537 1901 3574 κω-

318 3602 649 3673 λυθήσεσθαι
692 3605 879 3675 ύμᾶς,
929 3605 1027 3676 τὴν
1084 3606 1210 3677 ἑξῆς
1266 3607 1456 3678 ἐορτήν
1506 3609 1683 3677 ἄγειν.
1742 3610 1805 3663 Ἦ
1841 3610 1899 3664 δέ

330 3692 653 3746 Ἀθανασίου
702 3695 1043 3766 πρόρρησις,
1094 3697 1297 3767 καίπερ
1334 3698 1625 3768 γελοιώδης
1675 3699 1897 3765 δόξασα,

314 3782 526 3853 ἀληθὴς
576 3784 772 3856 ἐφάνη.
825 3787 904 3857 Τῇ
944 3786 1053 3859 γὰρ
1107 3789 1165 3852 ἐς
1212 3788 1402 3859 αὔριον
1452 3790 1757 3860 γράμματα
1802 3790 1896 3843 τοῦ

317 3875 652 3946 κρατοῦντος
680 3877 917 3949 ἀπεδόθη
962 3882 1075 3943 τοῖς
1119 3881 1379 3950 ἄρχουσι,
1413 3883 1898 3953 παρακελευόμενα

318 3967 399 4038 μὴ
428 3971 731 4040 συγχωρεῖν
751 3971 875 4034 τοὺς
901 3970 1171 4042 ’Έλληνας
1202 3976 1314 4038 τοῖς
1335 3977 1480 4039 ναοῖς
1514 3975 1894 4046 προσϐάλλειν,

317 4062 459 4131 μηδὲ
491 4062 588 4125 τὰς
617 4063 866 4133 συνήθεις
892 4063 1188 4136 θρησκείας
1214 4065 1307 4121 καὶ
1341 4067 1678 4139 πανηγύρεις
1714 4068 1897 4121 ἐπιτε-

312 4152 453 4207 λεῖν.
490 4154 599 4207 Καὶ
625 4155 658 4224 ή
686 4156 1077 4226 παρατυχοῦσα
1106 4158 1225 4210 τότε
1260 4157 1422 4229 ἑορτὴ
1448 4158 1661 4229 διελύθη
1687 4200 1702 4224 ,
1732 4158 1897 4212 σεϐά-

313 4245 479 4314 σμιός
504 4262 563 4297 τε
605 4241 739 4300 οὖσα
786 4248 880 4301 καὶ
910 4247 1209 4320 πολυτελὴς
1242 4249 1515 4321 Ἕλλησιν.
1562 4252 1651 4314 Ὠς
1676 4252 1774 4322 μὲν
1804 4248 1897 4305 οὖν

314 4336 657 4406 προφητικὺς
695 4339 724 4390 ὁ
773 4336 910 4410 ἀνὴρ
953 4338 1201 4406 ἐγένετο,
1254 4340 1467 4411 ἀπόχρη
1519 4341 1645 4394 τάδε
1698 4344 1893 4397 εἰπεῖν.

2001 3234 2282 3304 praedicta,
2317 3234 2798 3289 calumniabantur
2834 3245 2960 3289 eum
2991 3233 3318 3300 adversarii,
3347 3236 3582 3306 gentiles

2000 3327 2216 3381 scilicet
2245 3336 2408 3396 atque
2440 3326 2716 3391 haeretici,
2747 3329 2908 3396 quasi
2960 3326 3187 3397 magicis
3230 3327 3443 3383 artibus
3471 3328 3576 3383 ista

2002 3420 2308 3488 perliceret.
2377 3418 2622 3488 Denique
2682 3420 2921 3489 quodam
2984 3430 3265 3489 tempore,
3328 3421 3423 3475 illo
3482 3437 3579 3493 per

2000 3512 2190 3566 urbem
2234 3519 2587 3577 transeunte,
2630 3509 2772 3566 forte
2816 3511 3179 3581 supervolans
3227 3513 3417 3567 cornix
3459 3528 3581 3568 cro-

1999 3603 2205 3659 citasse
2228 3602 2450 3658 dicitur.
2473 3600 2659 3657 Turba
2693 3617 2823 3656 vero
2865 3602 3149 3673 gentilium
3185 3618 3306 3673 quae
3325 3611 3439 3657 tum
3468 3604 3582 3659 illic

2001 3697 2227 3763 aderat,
2288 3711 2413 3751 cum
2464 3695 2753 3760 deridens,
2804 3696 3017 3766 rogavit
3059 3702 3119 3749 ut
3152 3696 3289 3765 ipsis
3346 3698 3583 3766 aperiret

1998 3794 2261 3863 quidnam
2308 3793 2501 3847 cornix
2553 3793 2893 3860 praediceret.
2944 3791 3011 3844 At
3059 3792 3149 3845 ille
3182 3792 3377 3847 leniter
3404 3793 3578 3848 subri-

1998 3887 2135 3941 dens
2156 3927 2170 3949 ,
2198 3885 2365 3949 Cras,
2405 3883 2612 3954 inquit;
2640 3891 2803 3954 atque
2836 3882 2979 3937 istud
3006 3882 3345 3944 vociferans,
3382 3884 3577 3940 crasti-

1999 3994 2129 4032 num
2180 3979 2321 4032 diem
2394 3976 2817 4045 haudquaquam
2872 3974 3176 4045 jucundum
3243 3975 3401 4031 vobis
3465 3976 3582 4033 fore

1999 4070 2308 4124 denuntiat.
2384 4067 2668 4138 Signiﬁcat
2723 4067 2869 4121 enim
2925 4066 3078 4121 vobis
3136 4066 3206 4120 ab
3251 4066 3582 4136 imperatore

2001 4161 2337 4231 prohibitum
2394 4158 2464 4213 iri
2517 4172 2585 4212 ne
2629 4172 2753 4211 cras
2815 4156 3015 4211 festum
3072 4156 3217 4211 diem
3266 4159 3577 4215 celebretis.

1999 4252 2129 4318 Quae
2167 4250 2451 4304 Athanasii
2507 4248 2784 4318 prredictio
2809 4288 2823 4313 ,
2859 4248 2984 4303 licet
3021 4248 3252 4303 ridicula
3288 4250 3423 4321 ipsis
3464 4252 3579 4305 visa

1998 4352 2174 4408 esset,
2232 4356 2359 4397 vera
2411 4349 2593 4397 tamen
2653 4340 2926 4410 apparuit.
2988 4337 3245 4395 Crastino
3291 4343 3436 4396 enim
3490 4342 3580 4398 die

312 4428 474 4482 Ἐπεὶ
491 4428 569 4490 δέ,
588 4429 663 4492 ὡς
684 4430 919 4501 εἴρηται,
937 4433 1177 4501 διέφυγε,
1196 4434 1321 4497 τοὺς
1342 4434 1433 4486 ἐπὶ
1447 4432 1704 4504 συλλήψει
1725 4433 1893 4487 αὐτοῦ

2002 4432 2419 4505 magistratibus
2472 4431 2700 4487 reddita:
2757 4440 2887 4485 sunt
2942 4430 3290 4500 imperatoris
3347 4432 3575 4495 litteras.

312 4497 839 4591 παραγενομένους,
875 4524 967 4577 ἐπί
1021 4497 1127 4578 τινι
1164 4497 1362 4597 ⁷χρόνῳ
1396 4497 1664 4597 διέμεινεν
1715 4528 1744 4580 ό
1800 4527 1892 4579 ὑπ’

1999 4527 2249 4597 iubentes
2297 4540 2365 4580 ue
2395 4524 2593 4596 pagani
2642 4522 2848 4594 templa
2892 4522 3072 4586 adire.
3126 4538 3263 4578 neve
3304 4524 3579 4581 solemnes

312 4609 483 4665 αὑτοῦ
510 4610 707 4684 κλῆρος
736 4615 829 4669 καὶ
867 4615 996 4680 λαὸς
1021 4657 1036 4681 ,
1068 4617 1167 4682 τάς
1205 4618 1500 4690 ἐκκλησίας
1536 4620 1855 4689 κατέχοντες
1883 4634 1895 4648 ·

310 4703 399 4764 είς
449 4702 540 4756 ὅτε
582 4703 646 4774 δὴ
679 4706 708 4758 ὁ
749 4706 1025 4775 Αἰγύπτου
1073 4708 1349 4780 ὕπαρχος,
1389 4712 1484 4764 καὶ
1526 4715 1554 4765 ὁ
1595 4711 1899 4782 ἡγούμενος

310 4793 426 4845 τῶν
459 4794 584 4865 τῇδε
616 4799 965 4865 στρατιωτῶν
985 4839 1001 4864 ,
1027 4800 1346 4867 ἐκϐαλόντες
1375 4804 1503 4867 τοὺς
1531 4803 1684 4875 αύτῷ
1714 4804 1899 4858 πειθο-

314 4885 517 4957 μένους
542 4926 557 4953 ,
592 4889 918 4959 παρέδωκαν
958 4892 1129 4957 αὐτὰς
1179 4898 1290 4958 τοῖς
1343 4896 1686 4967 προσδοκῶσι
1721 4896 1901 4968 Γεώρ-

273 4980 278 4987 ’
312 4994 459 5047 γιον.
480 4979 591 5032 Οὐκ
613 4981 692 5044 εἰς
721 4983 938 5053 μακρὰν
964 4984 1020 5037 δὲ
1043 4986 1205 5050 αὐτὸς
1226 4986 1496 5059 Γεώργιος
1517 4990 1743 5059 ἀφίκετο
1762 4991 1896 5063 (67),

394 5112 410 5141 ⁸
446 5111 601 5167 Socr.
636 5115 728 5169 lib.
757 5131 837 5181 ιιι,
870 5132 921 5172 c.
949 5118 1035 5172 Η,

1999 4633 2282 4675 sacrorum
2334 4617 2475 4671 ritus
2527 4626 2583 4671 et
2635 4615 2883 4685 publicos
2932 4623 3237 4670 conventus
3303 4615 3579 4669 celebrare

1999 4715 2333 4768 sinerentur.
2366 4711 2544 4780 Atque
2574 4711 2645 4764 ita
2670 4709 2790 4764 dies
2824 4708 2999 4763 festus
3020 4708 3248 4777 quitum
3276 4706 3577 4771 inciderat,

2000 4807 2155 4884 isque
2208 4817 2419 4857 summa
2454 4801 2739 4873 gentilium
2779 4800 3045 4871 religione
3075 4814 3137 4853 ac
3174 4799 3594 4869 magnilicentia‘

1999 4897 2101 4950 coli
2149 4903 2370 4959 suetus,
2403 4893 2617 4947 solutus
2647 4900 2751 4946 est.
2779 4890 2980 4945 Verum
3013 4898 3071 4944 ut
3098 4893 3422 4946 ostendatur
3450 4906 3575 4945 eum

1998 4992 2177 5043 virum
2249 4988 2396 5041 dono
2460 4985 2755 5055 proplictim
2830 4983 3146 5052 insignitum
3206 4982 3411 5048 fuisse,
3465 4983 3579 5037 hare

1522 5253 1792 5309 VALESII
1830 5252 2382 5309 ANNOTATIONES.

392 5345 506 5416 (67)
544 5345 738 5408 Αὐτός
780 5346 1069 5415 Γεώργιος
1102 5347 1372 5414 ἀφίκετο.
1429 5346 1595 5402 liecte
1632 5350 1735 5403 hoc
1766 5350 1886 5404 loco

313 5430 382 5473 ac
408 5425 654 5481 tempore
686 5417 1092 5472 ordinationem
1116 5427 1279 5486 atque
1296 5417 1644 5488 ἐνθρονισμὸν
1662 5419 1879 5490 Georgii

1996 5348 2150 5415 ponit
2183 5347 2542 5413 Sozmneuus,
2581 5358 2703 5417 post
2737 5351 3019 5403 victoriam
3070 5353 3278 5408 scilicet
3311 5353 3580 5407 Constan-

1990 5419 2078 5479 tii,
2113 5427 2166 5472 ct
2197 5425 2320 5487 post
2350 5419 2680 5473 exstinctam
2716 5422 3057 5491 tyrannidem
3091 5423 3381 5494 Magnentii
3417 5432 3580 5492 atque

1758 5554 2118 5611 VARIORUM
3196 5588 3220 5617 ο

388 5678 416 5707 ε
472 5664 823 5718 Διεϐάλλετο
865 5664 945 5729 ὡς
994 5668 1287 5734 γοητείαις
1335 5668 1520 5721 ταῦτα
1573 5669 1895 5736 κατορθῶν.

316 5736 675 5807 Athanasium
732 5736 1026 5803 episcopum
1094 5753 1152 5789 eo
1215 5748 1444 5807 tempore
1489 5739 1629 5804 apud
1665 5740 1899 5793 Alexan-

318 5807 518 5872 driam,
552 5805 695 5857 ultra
737 5806 1117 5873 professionem
1162 5805 1327 5863 altius
1357 5827 1409 5864 se
1448 5810 1765 5876 eﬂ'crculem,
1804 5811 1899 5863 sci-

2008 5672 2292 5741 scitarique
2342 5683 2586 5726 conatum
2625 5684 2862 5735 externa,
2915 5684 2969 5725 ut
3017 5673 3293 5741 prodidere
3344 5688 3579 5725 rumores

2010 5742 2231 5801 assidui.
2264 5754 2424 5796 artus
2461 5746 2512 5796 in
2545 5762 2706 5796 unum
2750 5744 2999 5812 qua'situs
3040 5744 3272 5811 ejusdem
3308 5741 3410 5794 loci
3444 5743 3579 5794 mul—

2013 5822 2182 5865 torum
2219 5816 2495 5882 (synodus,
2531 5826 2582 5867 ut
2619 5815 2906 5882 appellant)
2944 5814 3156 5866 remouit
3190 5830 3222 5865 a
3251 5822 3575 5866 sacramento
