4044 6332
287 391 427 454 H57

1285 392 1613 452 HISTORIA
1643 391 2208 454 ECCLESIASTICA.
2239 425 2308 436 -—
2349 391 2474 449 LIB.
2503 391 2587 449 IV.

3395 388 3420 444 1
3434 388 3537 444 1’58

283 513 405 582 ἔϐη,
450 510 586 581 μετά
634 511 730 582 τὴν
764 510 1116 574 Κώνσταντος
1158 510 1435 583 τελευτήν.
1474 513 1774 584 Σαφηνείας
1802 512 1860 567 δὲ
1891 565 1895 576 η

2001 527 2162 567 orum
2200 510 2458 566 Ecclesiae
2509 518 2633 580 post
2669 475 3004 562 Constantis
3035 507 3240 560 obitum
3287 507 3542 575 contige-

280 603 444 673 χάριν
467 601 640 655 ταῦτα
689 600 986 672 συλλήϐδην
1008 599 1239 654 ἐνταῦθα
1265 601 1630 675 διηγησάμην.
1669 604 1866 672 Ἀπρά-

283 708 416 744 κτου
441 691 499 744 δὲ
541 690 880 761 διαλυθείσης
915 692 1014 762 τῆς
1049 692 1107 744 ὲν
1137 691 1446 765 Μεδιολάνῳ
1481 693 1719 759 συνόδου,
1742 694 1869 756 τοὺς

287 781 409 848 μὲν,
428 778 776 843 ἀντειπόντας
812 780 924 841 τοῖς
955 778 1095 832 κατὰ
1112 779 1434 834 Ἀθανασίου
1460 779 1866 845 σπουδάζουσιν,

286 867 529 922 ἐκποδὼν
577 868 832 938 ἐποίησεν
873 867 902 920 ό
937 867 1208 938 βασιλεὺς,
1249 869 1427 941 φυγὴν
1477 871 1657 924 αὐτῶν
1703 887 1870 924 κατα-

284 958 534 1020 δικάσας.
580 956 912 1028 Περιπολλοῦ
961 957 1018 1010 δὲ
1073 958 1392 1028 ποιούμενος
1449 959 1727 1031 πανταχοῦ
1774 961 1869 1031 τὴν

301 1050 628 1120 Ἐκκλησίαν
669 1052 980 1120 συμφωνεῖν
1018 1052 1146 1122 περὶ
1183 1051 1244 1104 τὸ
1279 1051 1473 1120 δόγμα,
1505 1054 1600 1106 καὶ
1641 1055 1766 1118 τοὺς
1795 1054 1872 1106 ἱε-

291 1139 424 1212 ρέας
474 1142 755 1211 ὁμονοεῖν,
804 1139 1117 1194 ἐϐουλεύετο
1156 1141 1492 1211 πανταχόθεν
1538 1144 1873 1207 ἐπισκόπους

289 1231 375 1295 είς
418 1233 518 1302 τὴν
551 1231 713 1286 Δύσιν
757 1230 962 1284 καλεῖν.
997 1231 1375 1302 Ἐννοούμενος
1423 1233 1480 1286 δὲ
1534 1233 1610 1297 ὡς
1637 1234 1874 1304 ἐργῶδες

292 1321 452 1376 τοῦτο
481 1321 570 1375 διὰ
601 1321 661 1375 τὸ
689 1323 863 1392 μῆκος
895 1322 995 1392 τῆς
1029 1323 1087 1376 ἐν
1131 1321 1282 1392 μέσῳ
1309 1322 1410 1393 γῆς
1449 1324 1545 1376 καὶ
1576 1323 1871 1395 θαλάσσης,

293 1412 487 1484 ἠπόρει
529 1413 626 1482 μὲν
674 1413 704 1465 ὅ
755 1429 808 1465 τι
853 1413 1098 1483 ποιήσει·
1146 1412 1424 1476 παντελῶς
1465 1415 1521 1467 δὲ
1567 1414 1666 1467 οὐκ
1703 1415 1871 1484 ἀφίει.

292 1501 488 1556 Μένων
529 1502 588 1556 δὲ
621 1501 715 1554 ἐπὶ
747 1502 845 1573 τῆς
895 1501 1066 1571 αὐτῆς
1103 1500 1347 1573 γνώμης,
1384 1502 1512 1573 πρὶν
1544 1505 1624 1566 εἰς
1660 1504 1876 1575 Ῥώμην

294 1594 490 1660 ἐλθεῖν,
531 1594 624 1648 καὶ
672 1595 771 1666 τὴν
816 1593 1068 1648 εἰωθυῖαν
1103 1593 1394 1664 Ῥωμαίοις
1433 1595 1698 1648 ἐπιτελεῖν
1735 1611 1877 1665 πομο

299 1685 409 1757 πὴν
439 1687 581 1740 κατά
611 1686 718 1739 τῶν
743 1686 1129 1756 νενικημένων,
1162 1686 1670 1757 μετακαλεσάμενος
1711 1687 1876 1740 Λιϐέ-

1969 611 2119 657 runt.
2160 602 2265 659 Sed
2313 617 2416 657 nos
2447 599 2861 670 perspicuitatis
2901 611 3092 664 causa,
3139 604 3336 651 cuncta
3374 597 3539 651 simul

1971 694 2075 746 hoc
2113 693 2235 747 loco
2265 692 2634 746 narravimus.
2665 687 2843 744 Porro
2873 687 3269 743 Mediolanensi
3300 688 3540 742 concilio

1971 782 2169 837 infecta
2225 797 2287 837 re
2326 781 2618 844 dissoluto,
2671 780 2972 849 imperator
3015 793 3112 834 eos
3161 778 3382 849 quidem
3446 779 3542 848 qui

1972 873 2307 929 adversariis
2327 873 2612 929 Athanasii
2636 873 3100 934 contradixerant,
3117 872 3313 927 exsilio
3325 871 3552 927 damna-

1971 963 2068 1016 vit.
2097 963 2235 1018 Cum
2267 972 2449 1019 autem
2483 964 2632 1018 omni
2664 962 2848 1018 studio
2888 963 2941 1016 in
2989 962 3042 1016 id
3087 962 3430 1017 incumberet
3483 970 3546 1014 ut

1972 1069 2164 1109 omnes
2199 1055 2402 1123 ubique
2431 1053 2692 1110 Ecclesia:
2725 1054 2779 1108 in
2817 1053 3067 1107 doctrina
3115 1052 3236 1107 ﬁdei
3265 1054 3546 1107 consenti-

1973 1152 2117 1208 rent,
2134 1155 2186 1199 et
2206 1144 2522 1200 sacerdotes
2554 1146 2696 1199 inter
2722 1159 2782 1200 se
2810 1143 3232 1206 concordarent,
3256 1143 3546 1212 episcopos

1973 1251 2038 1290 ex
2081 1236 2340 1291 omnibus
2378 1236 2512 1291 locis
2553 1236 2606 1290 in
2653 1225 3004 1291 Occidentem
3054 1247 3287 1289 evocare
3341 1233 3552 1288 consti-

1975 1326 2098 1379 tuit.
2118 1323 2321 1380 Verum
2349 1326 2714 1391 obterrarum
2747 1339 2810 1378 ac
2837 1326 3005 1379 maris
3031 1323 3319 1391 interjecta
3347 1323 3547 1392 spatia,

1977 1417 2080 1472 hoc
2099 1416 2320 1472 dillicilc
2355 1415 2501 1470 factu
2531 1431 2654 1471 esse
2679 1416 3009 1486 intelligens,
3041 1415 3279 1470 hatrebat
3307 1414 3550 1469 incertus

1977 1509 2105 1577 quid
2134 1517 2317 1577 ageret
2354 1525 2367 1561 :
2402 1521 2504 1562 nec
2542 1515 2721 1560 tamen
2753 1506 2823 1560 ab
2851 1507 3088 1574 incoepto
3126 1504 3344 1573 penitus
3381 1502 3552 1558 desti-

1977 1602 2062 1656 tit.
2093 1599 2315 1654 llanens
2346 1599 2510 1669 igitur
2554 1600 2610 1652 in
2660 1598 2850 1652 eadem
2903 1597 3196 1661 sententia,
3236 1596 3550 1664 priusquam

1980 1691 2207 1746 Romam
2237 1689 2632 1759 ingrederetur,
2664 1697 2720 1741 et
2758 1686 3142 1755 triumphalem
3195 1700 3447 1755 pompam
3485 1685 3554 1740 de

301 1794 420 1849 ριον
481 1776 510 1816 ιι
561 1777 652 1830 τὸν
700 1776 917 1847 Ῥώμης
965 1775 1292 1840 ἐπίσκοπον,
1339 1775 1555 1829 ἔπειθεν
1599 1776 1879 1846 ὁμόφρονα

1998 1781 2234 1837 testibus
2268 1771 2543 1849 superatis
2585 1779 2784 1848 populo
2830 1776 3099 1839 Ronnano,
3137 1785 3197 1830 ut
3244 1777 3413 1840 moris
3449 1785 3553 1838 est,

300 1845 555 1936 γενέσθαι
598 1867 712 1929 τοῖς
747 1845 882 1936 ἀμφ’
904 1865 1064 1918 αὐτὸν
1103 1865 1362 1937 ίερεῦσιν,
1397 1859 1472 1919 ὧν
1497 1860 1564 1936 ἦν
1597 1866 1688 1918 καὶ
1721 1845 1882 1920 Εὐδό-

1998 1873 2285 1935 3xhiberet,
2322 1871 2591 1925 accersito
2642 1867 2707 1921 ad
2754 1882 2815 1922 se
2856 1866 3072 1921 Liberio
3107 1866 3366 1920 Romanae
3403 1865 3560 1919 urbis

301 1957 435 2022 ξιος.
484 1954 835 2027 Ἀντεροῦντα
896 1955 982 2020 δὲ,
1036 1956 1130 2009 καὶ
1179 1955 1583 2026 ίσχυριζόμενον
1634 1958 1706 2025 μή
1753 1973 1882 2009 ποτε

301 2047 460 2100 τοῦτο
511 2047 778 2117 ποιήσειν,
834 2047 1163 2118 προσέταξεν
1211 2050 1289 2109 είς
1340 2049 1566 2119 Βεροίην
1615 2048 1727 2118 (68)
1785 2049 1883 2119 τῆς

302 2137 526 2208 Θρᾴκης
554 2137 885 2206 ἀπάγεσθαι.
921 2138 1153 2208 Λέγεται
1196 2138 1252 2192 δὲ
1298 2141 1393 2193 σὺν
1418 2139 1586 2210 ταύτῃ
1615 2141 1886 2210 πρόφασιν

303 2223 448 2282 εἶναι
489 2229 590 2298 τῆς
627 2228 881 2300 Λιϐερίου
926 2231 1125 2299 φυγῆς,
1166 2231 1260 2284 καὶ
1302 2230 1363 2284 τὸ
1405 2232 1477 2302 μὴ
1526 2231 1740 2286 ἑλέσθαι
1785 2232 1888 2304 τὴν

303 2318 447 2390 πρὸς
495 2317 812 2371 Ἀθανάσιον
867 2317 1147 2372 κοινωνίαν
1201 2318 1576 2390 ἀρνήσασθαι,
1629 2320 1742 2374 ἀλλ’
1789 2321 1886 2374 ἅν-

302 2408 496 2480 δρείως
536 2408 665 2480 περὶ
711 2408 900 2462 τούτου
930 2408 1203 2463 ἀντειπεῖν
1238 2408 1466 2479 βασιλεῖ.
1501 2412 1888 2481 ἐπαιτιωμένῳ

305 2500 386 2563 ὼς
416 2499 515 2562 τὰς
547 2499 873 2569 Ἐκκλησίας
904 2499 1148 2570 ὴδίκησε,
1177 2501 1267 2554 καὶ
1294 2503 1406 2554 τοῖν
1443 2501 1591 2555 ίδίοιν
1617 2501 1886 2571 ἀδελφοῖν,

304 2591 400 2646 τὸν
446 2592 544 2662 μὲν
585 2591 954 2663 πρεσϐύτερον
1005 2592 1252 2646 ἀπώλεσε
1279 2591 1390 2662 (69)
1410 2609 1424 2624 '
1452 2591 1782 2647 Κώνσταντα
1809 2592 1887 2660 δὲ,

307 2684 434 2737 ὅσον
474 2684 554 2747 είς
592 2683 751 2737 αὐτὸν
789 2678 944 2755 ἧκεν,
991 2683 1182 2754 ἐχθρὸν
1215 2683 1363 2753 αὐτῷ
1403 2683 1719 2753 κατέστησε.
1752 2685 1890 2754 Προ-

309 2774 580 2845 ῖσχομένῳ
617 2775 674 2828 δὲ
712 2775 811 2845 τὴν
853 2774 1031 2846 κρίσιν
1063 2774 1172 2829 τῶν
1203 2776 1500 2845 πανταχοῦ,
1532 2775 1626 2828 καὶ
1661 2775 1894 2846 μάλιστα

309 2868 374 2921 ὲν
399 2866 560 2938 Τύρῳ
593 2866 713 2921 κατ’
755 2864 917 2920 αὐτοῦ
962 2865 1414 2936 συνεληλυθότων,
1440 2866 1656 2936 pravitate
1697 2867 1794 2938 μὲν
1819 2868 1894 2932 ὡς

312 2962 462 3017 κατά
490 2961 669 3016 πάντα
699 2961 836 3032 πρὸς
871 2959 1168 3032 ἀπέχθειαν
1199 2961 1294 3014 καὶ
1335 2960 1494 3031 χάριν
1526 2959 1696 3029 ἡδέως
1725 2961 1893 3032 ψηφι-

313 3054 573 3124 σαμένοις
606 3053 719 3123 (70)
766 3052 1080 3125 μὴ’χρῆναι
1127 3051 1370 3106 τίθεσθαι
1417 3051 1571 3120 ἔλεγε
1625 3052 1922 3124 Λιϐἐριοςη.

1983 1965 2241 2034 episcopo
2269 1961 2601 2032 persuadere
2647 1970 2876 2013 conatus
2907 1967 2991 2013 est
3029 1964 3086 2010 ut
3119 1972 3243 2011 cum
3285 1956 3560 2024 episcopis

1984 2054 2078 2124 qui
2124 2054 2180 2108 in
2227 2053 2400 2122 ipsius
2441 2051 2703 2105 comitatu
2748 2057 2930 2113 erant,
2976 2049 3374 2112 consentirent,
3419 2047 3561 2101 inter

1985 2160 2125 2216 quos
2153 2151 2272 2200 erat
2301 2143 2467 2199 etiam
2495 2140 2798 2196 Eudoxius.
2835 2140 2942 2194 Sed
2989 2155 3112 2194 cum
3149 2139 3400 2193 Liberius
3429 2151 3566 2191 con-

1989 2237 2298 2300 tradiceret,
2327 2249 2494 2303 seque
2524 2232 2575 2287 id
2607 2231 2884 2286 facturum
2930 2247 3054 2287 esse
3093 2230 3448 2301 pertinaciter
3475 2241 3566 2282 ne-

1986 2336 2158 2397 garet,
2219 2327 2517 2396 imperator
2566 2323 2814 2378 Beroeam
2873 2321 3124 2377 Thracia:
3189 2321 3380 2377 abduci
3438 2335 3564 2374 eum

1985 2419 2172 2489 jussit.
2207 2416 2412 2474 Pratter
2442 2417 2584 2471 hanc
2623 2415 2730 2470 alia
2767 2429 2984 2486 quoque
3017 2414 3368 2484 relegationis
3408 2411 3567 2483 144

1990 2510 2192 2567 Liberii
2225 2524 2394 2565 causa
2431 2508 2601 2564 fuisse
2625 2507 2847 2573 dicitur,
2876 2506 3022 2576 quod
3051 2505 3263 2561 scilicet
3295 2506 3363 2559 ab
3397 2505 3568 2557 Atha-

1992 2603 2134 2659 nasii
2167 2600 2555 2658 communione
2591 2599 2872 2655 abstinere
2914 2597 3204 2662 noluisset,
3239 2596 3333 2650 sed
3373 2596 3474 2650 hac
3513 2594 3568 2646 in

1991 2705 2143 2766 parte
2161 2693 2478 2763 imperatori
2507 2691 2724 2746 fortiter
2745 2690 3060 2754 restitisset,
3081 2689 3173 2759 qui
3198 2686 3566 2742 Athanasium

1993 2785 2278 2842 incusabat
2312 2784 2456 2854 quod
2481 2782 2756 2838 Ecclesias
2786 2780 2983 2851 injuria
3012 2779 3308 2842 affecisset,
3341 2784 3396 2832 et
3423 2775 3570 2845 quod

1993 2893 2058 2935 ex
2109 2877 2322 2933 duobus
2370 2874 2634 2930 fratribus
2699 2874 2838 2937 suis,
2901 2872 3102 2927 seniori
3155 2870 3374 2940 quidem
3423 2868 3574 2922 necis

1995 2983 2162 3024 causa
2195 2965 2498 3021 exstitisset
2529 2984 2542 3020 :
2574 2964 2933 3019 Constantem
2964 2975 3113 3024 vero,
3141 2965 3408 3029 quamtnn
3457 2959 3576 3026 qui-

1997 3059 2119 3114 dem
2163 3059 2218 3114 in
2266 3057 2384 3127 ipso
2420 3065 2562 3119 erat,
2609 3056 2819 3110 hostem
2875 3053 2979 3108 sibi
3035 3050 3384 3108 reddidisset.
3435 3048 3572 3102 Cum

326 3141 542 3212 Ἐζήτει
581 3141 638 3194 δὲ
681 3141 779 3212 τὴν
815 3141 911 3211 μὲν
951 3142 1010 3192 ὲν
1050 3139 1254 3210 Νικαίᾳ
1289 3139 1895 3210 παραδοθεῖσαν-πίστιν

2003 3157 2183 3205 autem
2226 3148 2490 3218 objiceret
2532 3150 2826 3217 imperator
2852 3143 3119 3215 judicium
3161 3143 3576 3214 episcoporum,

312 3231 664 3302 ὕπογραφαῖς
691 3231 800 3287 τῶν
841 3231 1116 3302 πανταχοῦ
1163 3232 1477 3285 ἐπισκόπων
1518 3232 1898 3302 κρατύνεσθαι,

314 3325 415 3378 καὶ
437 3325 561 3387 τοὺς
587 3323 676 3377 διὰ
702 3322 859 3376 τοῦτο
886 3323 944 3376 ἐν
982 3322 1302 3393 ὑπερορίαις
1330 3320 1704 3392 διατρίϐοντας
1735 3339 1901 3391 μετα-

317 3413 626 3469 καλεῖσθαι.
649 3412 1119 3485 Κατορθωθέντων
1146 3411 1202 3465 δὲ
1224 3411 1447 3476 τούτων,
1475 3411 1613 3465 ὥστε
1639 3412 1715 3483 μὴ
1742 3413 1902 3484 ὀχλη-

319 3508 454 3578 ροὺς
496 3506 589 3559 καὶ
633 3503 956 3575 ἐπιζημίους
995 3503 1162 3569 δόξαι,
1210 3504 1482 3574 δημοσίων
1531 3504 1820 3575 ὀχημάτων
1867 3506 1902 3576 ἢ

317 3598 618 3670 χρημάτων
671 3595 744 3666 μὴ
805 3594 1125 3665 μεταδοῦναί
1165 3612 1269 3649 τινι
1293 3611 1306 3626 ·
1359 3595 1476 3648 ἀλλ’
1533 3596 1636 3668 ἰδίᾳ
1685 3596 1902 3671 δαπάνῃ

322 3691 533 3750 πάντας
563 3690 642 3751 εἰς
668 3689 766 3758 τὴν
802 3687 1203 3757 Ἀλεξάνδρειαν
1244 3686 1534 3750 συνελθεῖν,
1571 3687 1698 3741 ἔνθα
1724 3689 1753 3742 ό
1787 3689 1898 3759 ηδι-

321 3770 640 3851 κηκὼςίκαὶ
679 3779 730 3832 oi
777 3777 1112 3848 ἠδικημένοι,
1156 3777 1250 3830 καὶ
1299 3776 1407 3830 τῶν
1455 3777 1813 3848 ἐγκλημάτων
1853 3782 1902 3833 οἱ

321 3873 559 3942 ἔλεγχοι,
595 3872 687 3925 καὶ
713 3869 942 3941 ἀκριϐὴς
966 3869 1066 3939 τῆς
1095 3869 1188 3923 ἐπὶ
1217 3869 1423 3933 τούτοις
1452 3868 1708 3940 ἀληθείας
1737 3870 1902 3940 βάσα-

323 3981 439 4028 νος.
489 3961 821 4025 Ἐπιδεικνύς
869 3977 928 4013 τε
979 3959 1074 4030 τὴν
1124 3961 1216 4012 ἐπὶ
1255 3959 1570 4014 Ἀθανασίου
1631 3961 1903 4030 ἔγγραφον

2003 3240 2095 3311 qui
2129 3239 2333 3310 ubique
2379 3253 2446 3293 ac
2477 3239 2781 3309 prazsertim
2812 3237 2866 3290 in
2898 3235 3031 3290 urbe
3060 3233 3206 3305 Tyro
3233 3232 3573 3302 congregati,

2001 3333 2361 3388 Athanasium
2404 3331 2926 3392 condemnaverant,
2966 3325 3056 3382 his
3094 3324 3336 3396 quidem,
3388 3330 3577 3392 utpote

2004 3423 2096 3492 qui
2130 3421 2258 3476 odio
2295 3421 2379 3476 vel
2423 3420 2597 3491 gratia
2633 3428 2729 3473 aut
2779 3424 2928 3472 metu
2983 3414 3202 3470 adducti
3243 3412 3575 3469 sententiam

2007 3507 2284 3572 tulissent,
2331 3503 2743 3563 assentiendum
2799 3517 2908 3558 non
2953 3516 3077 3558 esse
3118 3499 3371 3555 Liberius
3417 3497 3574 3551 dixit.

2008 3596 2313 3652 Postulavit
2363 3608 2544 3652 autem
2601 3603 2661 3650 ut
2722 3593 2856 3650 ﬁdes
2912 3607 3035 3663 qua:
3082 3590 3278 3646 Nicaeae
3332 3589 3578 3659 exposita

2009 3686 2206 3754 fuerat,
2233 3688 2479 3743 omnium
2510 3687 2716 3758 ubique
2747 3685 3133 3756 episcoporum
3162 3681 3583 3752 subscriptioni-

2008 3783 2111 3836 bns
2145 3781 2477 3845 firmaretur,
2537 3789 2591 3835 et
2632 3781 2724 3849 qui
2759 3779 2828 3834 ob
2859 3794 2975 3834 eam
3012 3793 3237 3833 causam
3288 3777 3341 3830 in
3390 3776 3586 3830 exsilio

2010 3880 2184 3936 erant,
2235 3880 2645 3928 revocarentur.
2707 3871 2804 3926 llis
2857 3886 2989 3925 vero
3049 3871 3126 3923 ita
3170 3868 3460 3934 confectis,
3514 3883 3584 3921 ne

2014 3959 2152 4014 forte
2201 3960 2445 4030 episcopi
2492 3961 2799 4015 molestiam
2860 3969 2955 4012 aut
3011 3959 3270 4013 damnum
3327 3957 3584 4011 alIcrrcnt

1535 4134 1802 4188 VALESH
1841 4135 2391 4191 ANNOTATIONES.

407 4228 519 4299 (68)
559 4229 662 4299 Εἰς
690 4227 968 4299 Βερρίην.
986 4225 1064 4299 _ln
1093 4226 1282 4299 c_od_ice
1305 4224 1905 4299 Fulgetianoscriptum

329 4295 519 4356 inveni
573 4298 654 4360 εἰς
689 4296 929 4367 Βερὼην.
971 4295 1128 4367 Apud
1177 4295 1572 4367 Theodoritnm
1621 4297 1681 4367 in
1735 4297 1830 4367 Lib.
1874 4311 1908 4349 ιι

341 4316 519 4355 mvem
573 4316 654 4360 εις
689 4316 839 4367 ισερω
881 4316 929 4351 ν.
971 4316 1128 4363 npuu
1190 4316 1572 4350 IIICUUOTIHII“
1621 4316 1674 4348 ιιι
1735 4316 1830 4349 Ill).
1874 4316 1908 4349 ΙΙ

341 4369 617 4431 Historia,
655 4382 775 4433 cap.
825 4316 914 4431 ὦ,
955 4366 1156 4421 dicitur
1195 4365 1410 4435 Βέροια,
1441 4374 1496 4418 et
1544 4366 1686 4434 apud
1734 4366 1913 4420 Theo-

335 4439 576 4511 phanem
615 4440 670 4511 in
701 4437 981 4511 Chronico.

412 4507 528 4589 (69)
571 4507 682 4589 Τὸν
728 4508 844 4589 per
890 4507 1290 4589 σςρερ-ξξύτερογ
1341 4505 1641 4589 (ἰκτεάτῖεσεἶ
1681 4503 1911 4557 Exstant

337 4574 481 4632 Acta
510 4574 958 4645 interregationis
1003 4576 1202 4645 Liberii
1243 4575 1304 4645 in
1345 4574 1680 4645 consistorio
1723 4588 1907 4645 coram

914 4335 929 4351 .
971 4296 1011 4347 A

955 4366 1008 4421 di

2017 4227 2214 4298 cadere
2249 4230 2449 4298 possit,
2477 4227 2728 4298 equidem
2767 4242 2878 4298 non
2911 4226 3088 4298 video.

2090 4297 2200 4366 (70)
2253 4292 2470 4364 ἾΙδέως
2517 4292 2980 4366 ψηφισαμένοις.
3033 4295 3152 4366 Non
3207 4292 3413 4366 dubitor
3452 4295 3586 4366 quin

2020 4364 2361 4437 Sozomenus
2404 4364 2690 4437 scripserit
2721 4364 2855 4437 πρὸς
2891 4365 3184 4437 ἀπέχθειαν
3223 4365 3317 4417 καὶ
3355 4364 3511 4437 χάριν
3552 4364 3586 4434 ἢ

2015 4436 2131 4500 δέος
2158 4435 2576 4508 ψηφισαμένοις.
2605 4438 2738 4493 Tres
2761 4435 3328 4508 enimiaﬂ'ertgcausas,
3351 4435 3423 4489 ob
3448 4449 3588 4508 quas

2015 4506 2261 4578 episcopi
2309 4506 2552 4576 iniquam
2600 4516 2791 4562 contra
2844 4506 3204 4578 Athanasium
3261 4506 3584 4578 sententiam

2017 4574 2276 4633 tulissent
2307 4596 2319 4631 :
2356 4574 2597 4647 privatas
2630 4578 2844 4632 scilicet
2875 4577 3204 4641 simultates,
3239 4586 3293 4630 et
3331 4574 3586 4647 gratiam,

335 4647 591 4719 principe
619 4637 1172 4719 _(_J‘otvtst_anti_q,_apud
1225 4644 1614 4719 Tltcodorittlm
1637 4713 1647 4719 _
1669 4643 1722 4695 in
1775 4643 1914 4719 libro
1948 4637 1991 4691 Ι)
2019 4662 2114 4719 seu
2150 4637 2772 4719 metum'potentiorum.
2799 4647 3138 4719 Confirmant
3165 4637 3306 4700 lianc
3333 4637 3591 4719 Emendaé

336 4713 585 4773 secundo
611 4715 880 4770 llistoriw.
918 4713 1018 4769 Ubi
1054 4715 1407 4769 Constantius
1461 4713 1907 4782 exprobrarevi-

335 4791 503 4842 detur
538 4787 839 4840 Athanasio
888 4796 1115 4840 mortem
1169 4784 1358 4838 fratris
1411 4783 1494 4836 sui
1535 4781 1907 4835 Constantini.

336 4857 516 4930 Cujus
543 4865 725 4911 tamen
756 4854 949 4911 mortis
975 4857 1134 4924 culpa
1161 4853 1438 4924 quomodo
1465 4853 1518 4906 in
1550 4852 1910 4906 Athanasium

2016 4717 2219 4787 t_ionem
2270 4712 2403 4771 Acta
2435 4717 2877 4787 interrogationis
2940 4715 3140 4772 Liberii
3173 4757 3187 4781 ,
3245 4730 3367 4785 quae
3421 4712 3591 4787 refert

2019 4785 2387 4842 Theodoritus
2409 4789 2461 4842 in
2489 4789 2579 4842 lib.
2611 4782 2931 4842 u'llistoria:
2957 4782 3345 4852 ecclesiasticte,
3360 4798 3484 4855 cap.
3503 4782 3590 4840 16.

1786 5003 2163 5060 VARIORUM.

419 5100 449 5140 ι’
488 5097 1060 5166 Μετακαλεσάμενος
1113 5096 1398 5165 Λιϐέριον.
1461 5095 1701 5166 Liberius
1734 5093 1917 5166 ACItri-

339 5174 542 5228 stiame
589 5169 716 5239 legis
767 5164 1024 5231 antistes,
1073 5164 1457 5239 a‘Coristatttio
1497 5165 1565 5218 ad
1607 5164 1917 5239 cantitatum

343 5236 739 5311 (Mediolanum
789 5240 1034 5299 scilicet,
1080 5236 1168 5290 ubi
1224 5244 1354 5290 tunc
1407 5236 1669 5305 temporis
1699 5237 1920 5311 agebat

343 5306 730 5379 Constantius)
769 5311 906 5361 mitti
947 5317 1231 5377 prwceptus
1275 5316 1374 5379 est,
1409 5314 1662 5379 tanquam
1692 5306 1917 5379 impera-

348 5383 485 5438 toris
516 5375 792 5450 Jussis,'et
836 5375 1189 5450 plurimorum
1233 5377 1316 5430 sui
1347 5375 1918 5450 consortiumdecretis

349 5444 635 5514 obsistens,
671 5448 727 5502 in
758 5465 813 5502 re
833 5444 997 5517 quam
1030 5448 1167 5501 brevi
1209 5455 1353 5517 textu
1390 5461 1716 5517 percurram.
1753 5444 1922 5497 Atha-

354 5523 562 5575 nasium
581 5514 877 5589 episcopum
897 5534 955 5571 eo
978 5526 1200 5589 tempore
1218 5515 1354 5589 apud
1373 5514 1772 5589 Alemandriam,
1788 5522 1892 5568 etc.
1905 5554 1918 5578 ,

354 5602 416 5648 ut
449 5585 635 5659 supra.
664 5586 816 5641 "unc
842 5604 932 5656 per
962 5587 1395 5659 subscriptionem
1419 5585 1651 5659 _nbjicerc
1677 5585 1797 5659 sede
1830 5602 1917 5636 sa-

354 5656 636 5725 rcrdolali,
662 5660 817 5724 paria
864 5658 1086 5712 sentiens
1137 5657 1359 5721 cretei-is,
1403 5656 1616 5723 jubenle
1666 5657 1919 5723 principe,

353 5733 599 5787 Liberius
649 5729 920 5792 monitus,
980 5737 1367 5794 persererantcr
1423 5725 1776 5788 retinebatur;
1836 5742 1923 5778 nec

352 5805 525 5859 visunt
548 5800 810 5854 hominem
835 5815 923 5852 nec
949 5797 1184 5850 auditum
1211 5798 1484 5862 danmare,
1508 5797 1652 5864 nefas
1682 5795 1922 5848 ultimum

2025 5110 2163 5163 swpe
2188 5096 2515 5160 exclamans,
2546 5104 2720 5164 aperte
2761 5095 2958 5148 scilicet
2994 5093 3339 5147 recalcitrans
3367 5091 3596 5164 impera-

2028 5162 2157 5218 toris
2201 5165 2446 5220 arbitrio.
2488 5166 2553 5220 Id
2581 5162 2722 5220 enim
2764 5166 2874 5230 ille,
2914 5165 3206 5218 Athanasio
3243 5176 3442 5228 semper
3467 5162 3599 5230 infe-

2028 5243 2163 5301 stus,
2199 5236 2314 5289 licet
2352 5237 2507 5290 sciret
2534 5234 2825 5303 impletum,
2853 5245 3026 5288 tamen
3055 5235 3373 5303 auctoritate
3396 5246 3598 5303 quoque

2028 5308 2229 5374 potiore
2261 5316 2470 5362 αξιοι-ηαξ
2508 5302 2652 5359 urbis
2690 5306 2913 5374 episcopi
2955 5302 3478 5374 ﬁrmari,_desidcrio
3519 5302 3600 5350 ni—

2033 5372 2240 5430 tebatur
2287 5376 2494 5430 ardenti
2538 5392 2555 5430 :
2594 5391 2694 5444 quo
2717 5372 2832 5429 non
2863 5372 3163 5444 impetrato,
3193 5372 3433 5426 Liberius
3465 5384 3599 5437 (egre

2027 5448 2207 5515 populi
2239 5458 2402 5512 metu,
2439 5447 2528 5516 qui
2573 5443 2685 5514 ejus
2727 5462 2903 5499 «more
2936 5443 3221 5515 ﬂagrabat,
3255 5457 3371 5516 cum
3402 5453 3601 5516 magna

2028 5510 2336 5586 difficultate
2391 5510 2564 5571 noctis
2595 5510 2781 5571 'medio
2827 5510 3334 5586 potuit-asportari.
3395 5510 3593 5586 (Anim.

2031 5577 2402 5653 Marcellinus,
2430 5588 2523 5643 lib.
2556 5604 2642 5647 xv,
2667 5603 2787 5658 cap.
2813 5577 2864 5639 '7.
2892 5585 3028 5640 Vide
3065 5577 3224 5658 etiam
3257 5577 3598 5658 ἹῚιοίιύοιήι.ἶ

2033 5658 2174 5713 llist.
2212 5660 2302 5714 lib.
2350 5647 2406 5722 ll,
2445 5674 2564 5728 cap.
2614 5658 2698 5713 16.
2733 5647 2783 5713 et
2817 5659 3100 5716 Athanas.,
3137 5652 3275 5704 "ist.
3315 5647 3496 5700 Arian.
3532 5647 3610 5695 ad.

2036 5731 2338 5795 monac/tos,
2374 5744 2491 5798 ναις.
2526 5730 2672 5791 ὖῦῖο)
