4044 6332
582 365 720 423 N39

2023 357 2358 417 SOZOMENI

3639 375 3737 434 illo

581 476 1031 549 provincialibus,
1063 475 1198 531 nulli
1244 490 1433 531 eorum
1483 484 1576 532 aut
1604 475 1872 541 vehicula,
1909 485 2003 530 aut
2050 491 2131 543 pc-

2251 474 2553 544 μαρτυρίαν
2589 475 2884 540 Οὐάλεντος
2917 477 3010 530 καὶ
3040 475 3366 547 οὖρσακίον,
3391 477 3452 548 ήν
3487 479 3745 542 ἐπιδεδώκα-

581 572 760 624 cuniae
799 569 1062 624 darentur
1101 583 1167 622 ex
1203 567 1422 638 publico
1453 584 1466 620 :
1501 569 1596 624 sed
1629 569 1814 623 cuncti
1846 570 1961 624 suis
1999 584 2149 623 sum-

583 662 764 731 ptibus
812 661 1200 716 Alexandriam
1250 661 1644 725 convenirent,
1699 661 1793 715 ubi
1845 667 1900 716 et
1959 661 2004 716 is
2054 659 2145 727 qui

581 752 836 821 injuriam
884 751 1108 820 fecerat,
1145 762 1200 808 et
1243 753 1337 823 qui
1383 754 1530 824 passi
1579 753 1818 817 fuerant,
1856 752 2146 809 moraban-

579 851 668 896 tur
702 862 715 898 :
752 842 843 898 ubi
897 844 1130 900 crimina
1178 845 1424 916 probari,
1478 854 1534 900 et
1586 846 1756 901 totius
1805 845 1888 901 rei
1943 845 2146 900 veritas

578 933 870 1003 diligenter
910 935 1111 1006 inquiri
1154 944 1388 1008 poterat.
1418 936 1726 994 Ostendens
1757 946 2016 1009 praeterea
2039 935 2144 992 Va-

579 1026 736 1080 lentis
779 1034 833 1082 et
871 1027 1082 1084 Ursacii
1122 1030 1500 1087 testimonium
1541 1033 1609 1088 de
1644 1032 1966 1096 Athanasio,
1994 1032 2141 1102 quod

576 1116 654 1172 illi
709 1118 890 1175 libello
940 1121 1393 1192 comprehensum
1453 1122 1598 1180 Julio
1672 1127 1934 1181 Romanae
1988 1123 2142 1182 urbis

573 1207 836 1279 episcopo
885 1210 1163 1268 decessori
1216 1227 1319 1268 suo
1377 1214 1728 1283 obtulerant,
1774 1217 1992 1272 veniam
2047 1214 2140 1270 de-

575 1310 890 1368 precantes,
936 1311 990 1357 et
1031 1311 1152 1358 acta
1201 1319 1321 1376 quae
1367 1305 1427 1362 in
1478 1305 1718 1364 Mareote
1763 1307 2138 1371 confecerant,

572 1390 708 1448 falsa
774 1408 898 1449 esse
953 1395 1301 1463 indicantes,
1351 1399 1736 1469 imperatorem
1793 1399 2018 1470 rogabat
2071 1415 2140 1454 ne

568 1481 928 1541 Athanasium
962 1486 1245 1543 absentem
1275 1489 1691 1555 condemnaret,
1732 1505 1910 1560 neque
1947 1489 2015 1545 iis
2042 1491 2135 1559 qui

569 1583 680 1629 tum
737 1578 1068 1632 sententiam
1131 1579 1416 1646 tulerant,
1471 1595 1758 1637 assensum
1829 1582 2133 1651 praeberet,

565 1664 768 1736 quippe
793 1681 919 1724 cum
969 1669 1272 1727 manifesta:
1319 1680 1506 1729 essent
1548 1672 1784 1728 insidiae.
1814 1672 1971 1738 Quod
2005 1689 2135 1730 vero

566 1756 634 1812 ad
661 1756 854 1816 fratres
883 1761 1098 1827 attinet,
1126 1763 1319 1818 orabat
1345 1779 1414 1820 ne
1433 1780 1494 1821 se
1531 1764 1727 1821 ulcisci
1753 1765 1918 1820 vellet
1945 1779 2131 1821 sacer-

2253 583 2337 620 σιν
2359 567 2561 637 Ἰουλίῳ
2597 566 2676 638 τῷ
2714 569 2820 638 πρὸ
2850 567 3012 622 αὐτοῦ
3048 568 3140 621 τὸν
3177 567 3286 620 τῶν
3319 567 3576 640 Ῥωμαίων
3604 575 3744 648 θρόνον

2247 657 2723 728 ἐπιτροπεύσαντι,
2766 658 3096 730 συγγνώμην
3126 658 3417 724 αἰτοῦντες,
3439 663 3523 714 καὶ
3563 665 3621 718 τὰ
3646 668 3748 738 πρὸς

2245 749 2427 804 αὐτῶν
2469 751 2529 804 ἐν
2570 749 2649 820 τῷ
2692 750 2965 824 Μαρεώτῃ
3001 751 3392 823 πεπραγμένα,
3427 751 3576 825 ψευδῆ
3618 773 3749 812 κατα-

2248 841 2561 912 μηνύοντες,
2611 839 2763 913 ἠξίου
2821 843 2897 913 μὴ
2948 842 3326 908 καταδικάζειν
3379 843 3526 897 αὐτοῦ
3570 847 3750 914 ἀπόντος

2243 933 2336 987 τὸν
2374 932 2599 1004 βασιλέα
2619 972 2636 997 ,
2675 933 2815 1006 μηδὲ
2863 936 2976 998 τοῖς
3026 930 3149 988 τότε
3204 933 3577 1005 ψηφισαμένοις
3613 938 3752 992 πείθε-

2245 1024 2389 1092 σθαι,
2439 1026 2534 1079 ἆτε
2589 1026 2756 1098 δήλης
2809 1027 2908 1096 τῆς
2957 1025 3254 1095 ἐπιϐουλῆς
3295 1023 3472 1097 οὔσης.
3511 1027 3680 1081 Ἕνεκα
3711 1029 3754 1082 ἃ

2241 1119 2353 1170 τοῖν
2407 1116 2676 1186 ἀδελφοῖν,
2728 1117 2802 1188 μὴ
2839 1117 3143 1189 προσδοκᾷν
3181 1116 3342 1170 αὐτὸν
3394 1116 3659 1188 ἀμύνεσθαι
3687 1118 3755 1174 διὰ

2244 1208 2522 1279 ἱερατικῆς
2565 1209 2776 1280 χειρὸς,
2837 1209 2904 1280 ἢν
2935 1210 3034 1279 οὐχ
3071 1209 3287 1280 ἕτοιμον
3335 1209 3412 1272 εἰς
3461 1208 3631 1273 τοῦτο,
3667 1209 3753 1266 ἀλλ’

2241 1301 2320 1363 εἰς
2368 1301 2648 1371 μὰγιασμὺν
2704 1302 2796 1354 καὶ
2846 1301 3027 1354 πᾶσαν
3081 1299 3297 1356 δικαίαν
3347 1317 3408 1354 τε
3453 1302 3542 1356 καὶ
3591 1303 3757 1376 ἀγαθὴν

2241 1391 2438 1462 πρᾶξιν
2481 1392 2543 1446 τὺ
2577 1391 2732 1446 Θεῖον
2776 1390 3183 1463 ἐνομοθέτησεν.
3229 1393 3384 1446 Ἑπεί
3425 1388 3512 1446 οὖν
3554 1395 3609 1446 οὗ
3649 1395 3756 1448 καθ-

2239 1483 2447 1554 υφῆκεν
2491 1478 2572 1548 οἷς
2623 1483 2906 1546 ἐπέταττε,
2943 1483 3275 1554 προσέταξεν
3324 1483 3469 1555 αὺτῷ
3502 1486 3528 1537 ὁ
3557 1484 3760 1554 βασιλεὺς

2238 1579 2319 1641 εἰς
2367 1575 2464 1647 τὴν
2510 1577 2732 1649 Θρᾴκην
2783 1576 3114 1644 ἀπάγεσθαι,
3166 1578 3216 1630 εἰ
3263 1575 3339 1648 μὴ
3387 1576 3643 1646 μετάθοιτο
3682 1576 3760 1645 τῆς

2236 1671 2460 1742 γνώμης
2490 1671 2638 1734 ὲντὺς
2655 1670 2879 1742 ἡμερῶν
2905 1670 3017 1725 δύο.
3035 1670 3174 1724 Ἀλλ’
3215 1669 3392 1741 Ἐμοὶ,
3421 1668 3516 1740 ἔφη
3538 1669 3762 1738 Λιὸἐριος,

2237 1756 2283 1816 ὧ
2315 1761 2556 1833 βασιλεῦ,
2591 1763 2650 1816 οὐ
2691 1761 2886 1832 βουλῆς
2913 1761 3022 1815 δεῖ·
3067 1762 3233 1816 πάλαι
3275 1761 3387 1832 γὰρ
3425 1760 3584 1814 ταῦτα
3617 1756 3667 1814 εὖ
3694 1776 3762 1830 μοι

567 1848 736 1904 dotali
776 1865 943 1907 manu
983 1871 994 1906 :
1045 1869 1208 1924 quam
1250 1871 1358 1911 non
1409 1857 1476 1911 ad
1525 1856 1838 1927 huiusmodi
1892 1855 2129 1921 facinus,

2242 1828 2585 1926 βεδοὺλευται
2612 1828 2708 1908 καί
2737 1828 3001 1919 δέδοκται,
3037 1855 3132 1908 καὶ
3156 1853 3255 1925 τῆς
3281 1828 3402 1906 όδοῦ
3439 1852 3662 1906 ἐντεῦθεν
3685 1828 3764 1923 ήδη

565 1939 660 1994 sed
707 1940 776 1996 ad
817 1943 1304 2002 sanctiﬁcationem
1333 1988 1348 2013 ,
1398 1956 1454 2004 et
1500 1948 1566 2002 ad
1617 1963 1778 2004 omne
1821 1949 2024 2004 bonum
2071 1964 2134 2004 ac

557 2034 769 2104 justum
818 2052 955 2108 opus
1013 2048 1324 2111 promptam
1379 2055 1444 2097 ac
1496 2051 1743 2112 paratam
1802 2058 1927 2099 esse
1990 2044 2132 2100 Deus

561 2129 838 2199 praecepit.
893 2129 1026 2185 Cum
1072 2146 1202 2202 ergo
1240 2132 1491 2190 Liberius
1541 2134 1815 2191 mandatis
1867 2137 2130 2206 principis

559 2221 783 2276 minime
815 2222 1240 2294 obtemperaret,
1265 2226 1563 2296 imperator
1590 2241 1715 2282 eum
1752 2228 1806 2282 in
1839 2227 2127 2284 Thraciam

557 2309 834 2378 deportari
863 2310 1052 2380 jussit,
1083 2315 1188 2370 nisi
1220 2315 1364 2370 intra
1397 2315 1618 2370 biduum
1655 2318 1980 2373 sententiam
2008 2334 2128 2372 mu-

561 2405 723 2453 taret.
750 2399 818 2454 At
843 2399 1094 2457 Liberius
1126 2421 1139 2457 :
1175 2403 1306 2459 Mihi
1333 2419 1486 2467 vero,
1520 2406 1720 2474 inquit,
1745 2421 1778 2461 ο
1808 2407 2126 2476 imperator,

554 2489 689 2546 nihil
725 2506 864 2562 opus
888 2502 972 2548 est
1005 2493 1420 2551 deliberatione.
1462 2495 1587 2553 Haec
1612 2500 1760 2554 enim
1795 2500 2124 2570 jampridem

553 2595 582 2632 a
619 2595 704 2636 me
731 2596 1002 2652 perpensa
1038 2599 1101 2639 ac
1136 2586 1356 2641 decreta
1388 2596 1517 2640 sunt
1548 2604 1562 2642 :
1595 2595 1650 2642 et
1691 2587 1803 2656 jam
1845 2605 1994 2644 nunc
2023 2589 2127 2645 iter

551 2672 850 2743 ingredior.
903 2673 1076 2729 Porro
1123 2691 1246 2731 cum
1304 2677 1672 2733 abduceretur
1720 2679 1774 2733 in
1834 2681 2122 2746 exsilium,

549 2764 706 2818 aiunt
737 2765 1127 2836 imperatorem
1160 2769 1494 2839 quingentos
1538 2786 1740 2826 aureos
1770 2773 1818 2827 ei
1857 2773 2078 2830 misisse
2105 2793 2119 2828 :

549 2853 827 2910 Liberium
871 2873 1003 2913 vero
1049 2873 1146 2915 eos
1204 2870 1582 2930 aspernatum,
1638 2863 1847 2920 dixisse
1896 2865 1973 2919 illi
2028 2866 2122 2936 qui

549 2947 810 3002 attulerat
839 2967 851 3003 :
886 2951 988 3005 Abi
1024 2958 1078 3006 et
1111 2953 1306 3006 nuntia
1343 2954 1420 3008 illi
1450 2955 1544 3024 qui
1590 2955 1692 3009 hoc
1718 2971 1910 3010 aurum
1947 2959 2119 3023 misit,

549 3047 610 3093 ut
648 3043 1084 3098 assentatoribus
1114 3052 1169 3100 et
1202 3045 1564 3102 histrionibus
1607 3064 1749 3117 quos
1789 3064 1978 3104 secum
2026 3052 2122 3105 ha-

549 3133 664 3196 bet,
696 3132 830 3187 illud
882 3133 1150 3204 largiatur
1185 3152 1196 3186 :
1233 3151 1375 3205 quos
1408 3152 1519 3206 prae
1563 3138 1862 3196 insatiabili
1904 3141 2120 3212 cupidi-

548 3232 660 3279 tate
689 3223 948 3280 continua
993 3233 1211 3296 egestas
1257 3227 1506 3298 quotidie
1544 3237 1703 3300 urget
1750 3245 1814 3285 ac
1867 3234 2113 3302 cruciat,

545 3331 762 3386 semper
788 3317 1008 3387 quidem
1050 3327 1368 3388 appetentes
1398 3319 1645 3385 divitias,
1675 3337 1956 3393 nunquam
1985 3340 2118 3380 vero

2238 1948 2452 2019 ἔχομαι.
2494 1947 2725 2014 Λέγεται
2757 1946 2814 2000 δὲ
2860 1945 3192 2016 ἀπαγομένῳ
3239 1945 3390 2016 αὐτῷ
3434 1942 3765 2006 πεντακοσίους

2238 2037 2492 2109 χρυσίους
2543 2035 2857 2089 ἀποστεῖλαι
2895 2051 2908 2064 ·
2942 2035 3032 2089 τὸν
3071 2035 3128 2088 δὲ
3172 2036 3246 2107 μὴ
3292 2035 3593 2105 δεξάμενον,
3629 2034 3769 2086 εἰπεῖν

2237 2129 2313 2200 τῷ
2345 2128 2630 2198 κομίσαντι
2649 2142 2663 2156 ⁶
2700 2127 2912 2193 Ἀπιθι,
2941 2127 3034 2180 καὶ
3063 2127 3310 2194 ἄγγειλον
3325 2125 3403 2197 τῷ
3424 2121 3768 2195 πεπομφότιτὺ

2236 2220 2456 2292 χρυσίον
2495 2219 2653 2273 τοῦτο
2676 2257 2690 2281 ,
2740 2217 2924 2271 δοῦναι
2969 2221 3082 2280 τοῖς
3123 2219 3258 2288 ἀμφ’
3289 2217 3453 2271 αὑτὸν
3495 2215 3661 2280 κόλαξι
3697 2213 3771 2267 καὶ

2236 2315 2553 2384 ὑποκριταῖς
2587 2311 2720 2382 (71),
2747 2309 2840 2374 οὒς
2867 2311 2970 2364 ὑπὸ
2999 2310 3304 2381 ἀπληστίας
3343 2309 3586 2380 διηνεκὴς
3630 2306 3772 2361 ἔνδεια

2233 2405 2504 2476 ὁσημέραι
2527 2403 2757 2475 ὀχλοῦσα
2779 2401 3018 2467 κολάζει,
3051 2402 3139 2456 ἀεὶ
3175 2402 3476 2474 χρημάτων
3500 2395 3776 2469 ἐπιθυμοῦν-

2231 2514 2351 2561 τας,
2386 2495 2650 2568 μηδέποτε
2673 2494 2732 2548 δὲ
2755 2494 3202 2563 κορεννυμένους.
3246 2494 3412 2564 Ἡμῖν
3438 2491 3495 2545 δὲ
3529 2493 3557 2544 ό
3578 2487 3774 2560 Χριστὸς

2231 2589 2260 2642 ὁ
2309 2588 2368 2642 ὲν
2412 2587 2581 2640 ἆπασι
2624 2585 2702 2657 τῷ
2740 2587 2913 2658 Πατρὶ
2952 2588 3155 2656 ὅμοιος,
3195 2584 3436 2655 τροφεὺς
3478 2581 3569 2637 καὶ
3611 2579 3778 2650 ταμίας

2230 2680 2348 2734 ἐστὶ
2391 2679 2608 2733 πάντων
2649 2678 2758 2732 τῶν
2806 2677 3046 2746 ἀγαθῶν.
3086 2677 3178 2729 Ἐκ
3227 2675 3292 2747 δὴ
3337 2674 3586 2742 τοιαύτης
3629 2669 3777 2730 αἰτίας

2230 2773 2324 2826 καὶ
2373 2771 2625 2843 Λιϐέριος
2674 2769 2921 2840 ἀφῃρέθη
2973 2767 3076 2837 τῆς
3123 2767 3415 2838 Ῥωμαίων
3463 2761 3777 2833 Ἐκκλησίας’

2228 2863 2584 2935 ἐπιτρέπεται
2611 2862 2669 2914 δὲ
2697 2861 2899 2930 ταύτην
2943 2859 3109 2930 Φίληξ
3157 2858 3408 2922 διάκονος
3452 2857 3544 2909 τοῦ
3585 2850 3779 2907 ἐνταῦθα

2229 2958 2451 3028 κλήρου.
2476 2957 2571 3008 Ὃν
2599 2954 2875 3025 ὁμόφρονά
2897 2970 3026 3022 φασι
3048 2949 3324 3022 διαμεῖναι
3345 2949 3490 3004 κατὰ
3513 2947 3607 3018 τὴν
3633 2943 3783 2997 πίστιν

2225 3051 2338 3113 τοῖς
2375 3050 2433 3102 ὲν
2481 3047 2687 3116 Νικαίᾳ
2739 3044 3169 3114 συνεληλυθόσιν,
3211 3043 3311 3098 καὶ
3363 3039 3636 3102 παντελῶς
3675 3035 3779 3105 θρη-

2229 3137 2414 3200 σκείας
2438 3136 2600 3192 ἓνεκα
2620 3134 2972 3205 ἀνέγκλητον.
2994 3133 3157 3188 Τουτί
3177 3132 3233 3186 δὲ
3255 3133 3427 3202 μόνον
3447 3124 3781 3197 ἐγκαλεῖσθαι,

2221 3232 2303 3285 ὅτι
2331 3246 2397 3300 γε
2431 3229 2536 3301 πρὸ
2567 3227 2919 3300 χειροτονίας,
2951 3228 3044 3281 καὶ
3090 3226 3384 3290 κοινωνίας
3427 3221 3542 3293 (72)
3581 3214 3784 3288 ἑτεροδό-

2224 3322 2330 3388 ξων
2361 3320 2572 3392 ἀνδρῶν
2599 3320 2876 3391 ἠνέσχετο.
2913 3319 3003 3382 Ὠς
3043 3317 3101 3372 δὲ
3129 3317 3456 3389 εἰσήλαυνεν
3493 3315 3572 3377 εἰς
3601 3308 3786 3378 Ῥώμην

543 3408 792 3463 satiatos.
827 3406 995 3463 Nobis
1033 3422 1164 3462 vero
1199 3408 1477 3477 Christus,
1507 3413 1600 3480 qui
1648 3410 1794 3466 Patri
1841 3413 1896 3467 in
1931 3415 2118 3468 omni-

2231 3420 2250 3470 5
2285 3415 2556 3486 βασιλεὺς,
2583 3413 2678 3466 καὶ
2713 3410 2879 3473 πολὺς
2903 3406 2970 3482 ἦν
3008 3411 3036 3463 ό
3069 3407 3257 3463 ἐνθάδε
3297 3406 3476 3477 δῆμος
3509 3401 3634 3471 περὶ
3659 3395 3788 3452 Δισεο

543 3499 646 3552 bus
681 3496 881 3551 similis
911 3505 1016 3557 est,
1049 3505 1103 3552 et
1145 3511 1415 3563 annonas,
1443 3507 1496 3552 et
1525 3500 1665 3554 bona
1700 3502 1880 3556 omnia
1908 3503 2117 3558 submi-

2225 3506 2342 3579 ρίου
2396 3503 2602 3559 ἐκϐοῶν
2649 3501 2787 3572 (75),
2841 3501 2937 3554 καὶ
2986 3500 3239 3570 δεόμενος
3284 3497 3456 3551 αὑτὸν
3511 3487 3788 3549 ἀπολαϐεῖν,

545 3588 764 3643 nistrat.
797 3587 912 3643 Hac
956 3589 1143 3658 itaque
1187 3589 1253 3644 de
1295 3603 1461 3645 causa
1491 3590 1743 3648 Liberius
1789 3594 2114 3665 episcopatu

2231 3596 2650 3668 βουλευσάμενος
2686 3591 2824 3664 μετὰ
2849 3591 2958 3645 τῶν
3001 3592 3266 3645 συνόντων
3298 3590 3454 3661 αὒτῷ
3487 3584 3789 3642 ἐπισκόπων,

544 3677 793 3732 Romano
831 3677 1100 3748 spoliatus
1126 3685 1232 3744 est,
1261 3678 1491 3748 ejusque
1529 3680 1936 3738 administratio
1968 3699 2119 3739 com-

2231 3686 2552 3758 Ξιπεκρίνατο
2583 3682 3007 3755 μετακαλεῖσθαι
3054 3683 3239 3744 αὐτὸν,
3278 3684 3381 3736 καὶ
3430 3682 3546 3744 τοῖς
3583 3672 3789 3732 αἰτοῦσιν

544 3768 711 3824 missa
772 3776 856 3823 est
913 3768 1080 3824 Felici
1138 3770 1378 3835 cuidam,
1417 3771 1566 3828 illius
1621 3774 1752 3830 cieri
1805 3776 2040 3833 diacono
2075 3779 2114 3834 ί.

2231 3777 2522 3833 ἀποδώσειν
2575 3775 2758 3838 αὐτὸν,
2807 3775 2856 3827 εἰ
2896 3773 3146 3844 πεισθείη
3193 3777 3309 3839 τοῖς
3379 3771 3630 3826 συνοῦσιν
3671 3761 3793 3831 αὐτῷ

543 3861 714 3928 Quem
744 3861 965 3933 quidem
997 3861 1152 3916 aiunt
1177 3862 1298 3918 fidei
1331 3862 1486 3935 145
1511 3865 1732 3920 concilii
1760 3866 1964 3923 Niceeni
1995 3885 2120 3940 per-

2231 3868 2467 3941 ἰερεῦσιν
2492 3867 2843 3937 όμοφρονεῖν.

543 3966 706 4025 pctuo
737 3957 1058 4021 adhaesisse,
1095 3966 1150 4014 et
1191 3957 1338 4029 quod
1382 3959 1446 4013 ad
1501 3961 1822 4032 religionem
1865 3965 2122 4034 pertinet,
2162 3966 2314 4020 omni
2348 3977 2578 4034 prorsus
2615 3958 3045 4030 reprehensione
3091 3957 3372 4013 caruisse.
3441 3955 3625 4012 Unum
3675 3958 3795 4048 vero

541 4049 674 4103 illud
716 4048 768 4103 iu
811 4064 877 4103 eo
907 4064 1032 4104 esse
1062 4050 1454 4118 reprehensum
1479 4093 1493 4117 ,
1556 4053 1704 4122 quod
1765 4055 1930 4109 etiam
1997 4064 2126 4112 ante
2160 4054 2587 4114 ordinationem,
2621 4049 3008 4105 communione
3063 4061 3187 4102 cum
3246 4045 3536 4100 haereticis
3577 4042 3792 4096 sociatus

539 4147 757 4202 fuisset.
795 4145 896 4201 Ubi
934 4161 1066 4201 vero
1109 4148 1411 4217 imperator
1452 4145 1681 4202 Romam
1712 4150 1996 4220 ingressus
2056 4159 2164 4218 est,
2232 4149 2466 4221 populus
2517 4146 2800 4201 Romanus
2848 4143 3060 4199 crebris
3101 4136 3796 4233 acclamationibus-inter-

539 4240 745 4307 pellare
777 4252 901 4292 eum
941 4253 1039 4306 pro
1072 4235 1291 4293 Liberio
1330 4255 1434 4295 nou
1468 4241 1712 4306 destitit,
1751 4249 1806 4296 et
1852 4257 2047 4314 rogare
2116 4251 2176 4298 ut
2218 4242 2353 4314 ipsis
2400 4238 2812 4296 restitueretur.
2857 4233 3046 4304 Itaque
3079 4235 3416 4306 imperator,
3466 4225 3714 4286 adhibitis
3750 4225 3792 4276 in

537 4332 830 4388 consilium
881 4331 1155 4401 episcopis
1206 4334 1300 4402 qui
1343 4350 1466 4389 cum
1527 4335 1646 4405 ipso
1705 4345 1883 4402 erant,
1945 4337 2230 4408 respondit
2271 4343 2653 4393 revocaturum
2707 4346 2766 4388 se
2817 4330 2968 4386 illum
3007 4339 3061 4386 et
3115 4325 3442 4399 petentibus
3487 4320 3795 4378 reddilllﬂlm

537 4437 685 4492 esse,
710 4424 756 4479 si
791 4423 1175 4481 sacerdotibus
1203 4427 1298 4496 qui
1341 4427 1395 4478 in
1428 4427 1604 4496 ipsius
1633 4436 1793 4481 erant
1820 4427 2082 4482 comitatu
2123 4427 2436 4483 consentire
2466 4424 2646 4479 vellet.

622 4579 823 4636 ‘Socr.
862 4579 956 4633 lib.
995 4593 1129 4641 ll,c.
1165 4578 1257 4643 37,
1294 4595 1350 4647 ι),
1383 4579 1504 4632 145.

1727 4731 1992 4786 γΑιΕδιι
2034 4727 2584 4784 ANNOTATIONES.

609 4831 722 4906 (η)
755 4831 988 4906 Κόλαξι
1024 4830 1122 4906 καὶ
1159 4828 1529 4906 ὑποκριταῖς.
1560 4827 1863 4906 Episcopus
1885 4829 2120 4906 Ari'a‘uus

2231 4841 2454 4906 numero
2485 4823 2787 4906 κοινωνίαι
2807 4823 3153 4906 Nicephprus
3186 4831 3347 4906 certe
3381 4821 3462 4906 ita
3487 4820 3635 4906 hunc

541 4882 828 4969 intelligit,
847 4882 988 4970 quiis
1033 4882 1094 4952 in
1130 4882 1395 4970 comitatu
1448 4882 1679 4970 semper
1707 4882 1944 4951 habebat
1971 4897 2120 4970 Qon-
2152 4882 2174 4885 θ
2219 4896 2363 4970 ιηεηί
2383 4882 2816 4970 locunracce'pit.
2838 4893 2930 4970 $ic
2944 4882 3090 4970 enim
3116 4894 3283 4948 habet
3309 4891 3385 4970 de
3404 4891 3591 4970 Felice
3605 4906 3630 4968 _:_
3655 4882 3798 4970 Ἰξνδὲ

541 4956 1158 5050 ειςιηιὶίέε,Ἀξικοιιιίυῐη
1187 4969 1398 5050 scilicet
1437 4956 1844 5050 et‘Epietetum,
1869 4975 1928 5050 iit
1952 4966 2120 5050 disi-i-

2231 4956 3022 5050 κὺτίῇπροσήγετοίἕγκλημα,
3065 4964 3146 5016 ὅτι
3187 4962 3368 5044 πρινὴ
3422 4961 3526 5031 τὴν

508 5096 512 5105 ,
539 5056 663 5114 mus
695 5058 759 5095 ex
773 5028 927 5114 ﬁctis
959 5039 1413 5108 interrogationis
1437 5028 1640 5094 Libe'rii
1662 5053 1783 5107 quae
1807 5028 2121 5092 referuntur

2231 5028 2808 5114 σκοπῆς’χειροτονίαν
2848 5028 3053 5114 λαχεῖν,
3087 5028 3613 5114 Ξοιιθώνῆσαι.’τοῐς
3651 5028 3803 5114 esse:

503 5099 512 5168 ί
541 5127 571 5163 a
602 5109 957 5183 Theodorito.
1174 5099 1203 5108 u
1259 5179 1269 5183 _
1480 5181 1488 5183 ς
1679 5099 1694 5107 ’
1783 5177 1793 5183 ,
1930 5173 1967 5183 _
2107 5175 2120 5183 .

2231 5099 2709 5183 56§0lc'_ﬂ5éake_-ro.
2752 5103 2810 5183 In
2850 5099 3043 5183 codice
3087 5099 3414 5183 Fukctia'np
3463 5101 3628 5183 hunc
3656 5099 3802 5183 locus!

612 5179 727 5254 (Ὠ)
767 5181 923 5254 Πρρς
974 5179 1496 5254 χειροτονίας-καί
1552 5177 1885 5254 κοινωνίας.
1930 5173 2122 5254 Pmctll

2231 5170 2600 5254 [ιθξεοιςὶρἰιὶἰ
2628 5175 2808 5254 inveni
2842 5192 2854 5226 :
2890 5174 2999 5225 Kal.
3035 5174 3328 5254 κοινωνίας
3371 5170 3803 5254 ἐτειροδὸξιυζξξ·

543 5233 725 5325 dubio,
758 5233 1110 5325 scribendum
1161 5258 1246 5325 est
1283 5233 1389 5325 ττρρ
1424 5249 1814 5325 χειροτονίαςη
1844 5233 2116 5325 ξιιιοιιιςιιί-

2231 5247 2366 5318 δρῶν
2405 5233 2681 5316 ἠνέσχετο.
2725 5245 2898 5325 Quam
2947 5233 3807 5325 scripturatuﬁconlirmat

545 5319 766 5394 modum
802 5319 1000 5394 legitur
1034 5321 1088 5373 in
1123 5319 1312 5394 codice
1328 5312 1551 5394 'Eulietii
1583 5327 1637 5374 et
1665 5312 1816 5394 apud
1843 5312 2116 5394 Nicepho-
2223 5312 2472 5394 phorus,
2509 5312 2568 5394 ut
2624 5316 2875 5394 prosilire
2908 5312 3190 5394 fidimus.
3259 5312 3496 5394 Itaque,
3539 5324 3609 5394 re

545 5406 688 5443 rum.
728 5389 833 5463 Sed
853 5379 1129 5463 'pragterea
1164 5390 1330 5463 unius
1373 5391 1565 5463 littera:
1613 5379 1920 5463 adjeclione
1958 5379 2116 5463 locus
2224 5379 2705 5463 iiusexalniua'ta,
2730 5385 2878 5463 hanc
2908 5383 3194 5463 lec_tio_ne~m
3228 5379 3649 5463 praeferendam
3677 5379 3806 5463 ptig-

543 5461 824 5516 sanandus
854 5445 938 5516 est
973 5460 1076 5514 hoc
1119 5460 1302 5524 modo,
1349 5462 1441 5513 καὶ
1474 5445 1760 5524 κοινωνίας
1799 5457 2118 5527 ἑτεροδόξων

2297 5458 2411 5525 (75)
2450 5457 2587 5522 Περί
2645 5456 2914 5523 Λιϐερίου
2977 5445 3242 5508 ἐκϐοῶν.’
3293 5452 3528 5507 Mallem
3596 5445 3810 5505 scribere

543 5530 756 5601 ἀνδρῶν
810 5531 1089 5600 ἠνέσχετο.
1135 5529 1322 5587 Potest
1377 5531 1540 5586 etiam
1597 5531 1698 5600 legi
1751 5531 1806 5584 in
1854 5529 2118 5599 singulari

2231 5527 2368 5597 ὑπὲρ
2409 5527 2683 5598 Λιϐερίου.

2147 5726 2225 5741 ἡ
