4044 6332
315 363 450 418 1149

1295 369 1614 426 HISTORIA
1653 368 2218 435 ECCLESIASTICA-
2253 405 2319 413 —
2350 373 2474 429 LIB.
2532 375 2622 431 iV.

3433 376 3569 432 H50

326 481 572 552 Ἀρκέσει
629 483 686 535 δὲ
750 484 884 548 τέως
924 486 1200 558 εἴργεσθαι
1256 489 1487 542 συνόδων
1549 489 1745 553 αὐτοὺς
1800 491 1887 543 καὶ

1997 491 2292 562 impietatis
2342 491 2502 563 149
2546 491 2820 562 progressi
2868 499 3016 554 sunt,
3056 497 3118 545 ut
3163 498 3218 546 et
3262 489 3365 562 ipsi
3427 505 3568 546 nova

316 573 572 642 συλλόγου
614 576 812 634 κοινοῦ.
850 579 940 648 Μὴ
986 579 1094 650 γὰρ
1119 579 1181 650 δὴ
1215 582 1387 634 εἰπεῖν
1418 583 1747 653 προαχθείην
1783 584 1895 655 (86)

317 669 376 719 ἐν
396 665 472 736 τῷ
500 666 747 738 παρόντι,
772 669 872 722 ὅσα
903 671 1098 741 μικρὸν
1127 669 1352 742 ὕστερον
1380 674 1575 726 ἐκεῖνοι
1596 674 1893 740 πείσονται,

316 756 382 826 ἦν
420 757 495 828 μὴ
525 760 623 827 τῆς
645 757 847 830 λύσσης
875 762 1077 831 ταύτης
1130 763 1470 833 ἀπόσχοιντο.
1498 764 1561 819 Oi
1593 765 1675 836 δὲ(
1709 767 1801 820 καὶ
1838 767 1895 819 τί

315 848 424 920 γὰρ
459 850 560 903 οὐκ
589 851 939 921 ἐπεισάγουσι
974 853 1052 924 τῷ
1091 854 1266 925 κακῷ)
1289 871 1304 920 ;
1327 857 1455 919 τοὺς
1497 859 1896 928 πονηροτάτους

314 939 503 1010 ὥσπερ
536 941 596 1006 ἐξ
627 943 848 1014 ἐντολῆς
887 945 1219 1016 ἀγείροντες,
1269 946 1492 1009 τούτους
1527 948 1590 1019 δὴ
1621 950 1747 1013 τοὺς
1785 950 1895 1004 τῶν

314 1032 581 1103 αἱρέσεων
625 1035 931 1106 ἀρχηγοὺς,
981 1039 1062 1100 εἰς
1115 1038 1206 1091 τὸν
1259 1039 1460 1110 κλῆρον
1510 1040 1891 1108 καταλέγουσι,

316 1125 501 1195 σχῆμα
558 1128 751 1197 σεμνὸν
811 1127 955 1182 οὕτω
1017 1129 1432 1200 κιϐδηλεύοντας
1495 1130 1648 1202 (87),
1705 1132 1894 1204 ῶσπερ

313 1217 434 1281 ἐξὸν
472 1219 668 1283 αὐτοὺς
696 1218 848 1288 ἄγειν
886 1222 981 1274 καὶ
1009 1221 1201 1292 φέρειν
1225 1221 1462 1277 ἅπαντα.
1496 1223 1684 1277 Καίτοι
1711 1224 1795 1286 τίς
1825 1225 1894 1279 ἂν

315 1311 394 1372 είς
436 1309 642 1373 ζῶντας
685 1311 874 1376 τελῶν,
920 1312 1125 1366 τούτων
1177 1314 1494 1385 ἀνάσχοιτο,
1536 1315 1586 1368 οἶ
1643 1314 1743 1378 τὰς
1796 1315 1892 1385 μὲν

314 1399 496 1462 πόλεις
521 1401 614 1455 τοῦ
645 1403 922 1457 δυσσεϐεῖν
953 1403 1288 1474 ἐμπιπλῶσι,
1339 1407 1436 1477 τὴν
1480 1406 1538 1460 δὲ
1595 1407 1892 1478 ὑπερορίαν

317 1492 616 1562 μιάσμασιν
665 1496 1141 1566 ἀποκρύπτουσιν,
1200 1496 1260 1550 έν
1312 1497 1472 1551 τοῦτο
1529 1499 1687 1569 μόνον
1733 1499 1891 1570 ἔργον

314 1585 651 1652 ἀγαπῶντες,
684 1586 743 1639 τὸ
775 1589 888 1651 τοῖς
935 1588 1120 1653 καλοῖς
1149 1588 1549 1659 ἀπεχθάνεσθαι
1591 1590 1888 1662 διηνεκῶς;

331 1678 565 1750 Ἐρρέτω
612 1679 918 1750 πανοῦργόν
964 1699 1019 1734 τι
1066 1682 1318 1754 σύστημα
1370 1683 1660 1756 θειοτέροις
1696 1684 1891 1749 θώκοις

314 1767 605 1841 ἐνιδρῦσαι.
633 1770 748 1824 Νῦν
777 1771 895 1842 ὥρα
925 1774 1052 1837 τοὺς
1078 1774 1178 1843 τῆς
1207 1774 1461 1844 ἀληθείας
1490 1775 1785 1847 τροφίμους
1811 1777 1890 1841 είς

2005 582 2251 647 quaedam
2292 583 2453 638 aliter
2495 598 2658 652 quam
2709 597 2768 638 se
2812 598 2898 637 res
2949 583 3129 644 habet,
3167 581 3482 650 opinentur,
3513 587 3572 633 et

2004 673 2144 729 alios
2172 687 2234 729 ea
2256 672 2455 730 docere
2484 682 2773 728 conentur.
2791 675 2868 728 Ac
2891 691 2992 729 nos
3015 673 3232 744 quidem
3255 673 3414 743 plane
3442 687 3569 742 per-

2004 779 2230 821 suasum
2283 764 2548 820 habemus
2587 765 2638 820 id
2679 765 2734 819 in
2767 773 2930 835 caput
2967 767 3208 835 ipsorum
3247 777 3567 818 recasurum

2001 870 2143 912 esse.
2177 855 2396 911 Interim
2419 871 2551 913 vero
2578 857 2810 912 suﬂiciet
2851 871 2880 910 a
2909 857 3146 911 coetibus
3181 854 3569 910 ecclesiasticis

1999 955 2056 1004 et
2092 963 2122 1002 a
2165 950 2386 1020 publico
2411 960 2682 1005 conventu
2708 963 2804 1003 eos
2831 949 3029 1003 arceri.
3063 948 3253 1016 Neque
3289 947 3432 1000 enim
3462 945 3568 998 im»

2000 1041 2412 1109 praesentiarum
2472 1041 2654 1096 dicere
2718 1040 2882 1095 velim
2939 1055 3004 1094 ea
3059 1055 3178 1109 quae
3231 1037 3392 1108 paulo
3446 1044 3570 1104 post

1999 1131 2216 1200 passuri
2250 1143 2401 1194 sunt,
2427 1131 2537 1185 nisi
2569 1145 2600 1185 a
2631 1131 2782 1186 rabie
2820 1132 2926 1185 ista
2962 1129 3407 1200 temperaverint.
3447 1125 3566 1180 Jam

1999 1236 2129 1278 vero
2157 1222 2309 1293 (quid
2349 1223 2496 1276 enim
2539 1222 2666 1276 mali
2711 1222 2957 1292 quotidie
3003 1238 3111 1276 non
3146 1217 3566 1286 accumulant?)

1998 1313 2267 1384 pessimos
2311 1327 2562 1383 quosque
2605 1320 2868 1384 tanquam
2899 1329 2963 1369 ex
3003 1314 3262 1368 mandato
3305 1312 3361 1365 in
3403 1324 3567 1365 unum

1997 1412 2420 1476 congregantes,
2453 1405 2600 1468 illos,
2632 1405 2880 1475 inquam,
2905 1405 3177 1460 lnereseos
3201 1402 3370 1457 duces
3409 1411 3572 1470 atque

1997 1505 2275 1561 auctores,
2309 1497 2364 1551 in
2397 1496 2606 1551 clerum
2633 1496 2940 1559 ascribunt,
2971 1494 3338 1551 venerabilem
3366 1499 3569 1546 cretum

1997 1587 2102 1643 hoc
2125 1595 2286 1657 pacto
2327 1586 2721 1653 adulterantes,
2752 1588 2911 1657 quasi
2942 1587 3102 1642 liceat
3127 1587 3263 1656 ipsis
3292 1600 3392 1655 pro
3414 1585 3570 1639 libito

1997 1692 2161 1748 agere
2193 1691 2258 1733 ac
2302 1677 2444 1734 ferre
2489 1678 2699 1734 omnia.
2738 1678 3034 1733 Enimvero
3071 1677 3324 1747 quisnam
3361 1685 3568 1730 morta-

1997 1773 2129 1827 lium
2163 1773 2299 1828 istos
2335 1771 2492 1838 ferat,
2524 1772 2619 1843 qui
2649 1771 2814 1826 urbes
2839 1769 3058 1840 quidem
3091 1769 3370 1837 impietate
3399 1766 3570 1821 refer-

314 1861 430 1930 φῶς
455 1862 608 1933 ἥκειν
654 1864 748 1917 καὶ
796 1864 1012 1934 μέσους,
1053 1865 1168 1918 ὅσοι
1204 1864 1312 1918 τῶν
1355 1865 1500 1936 ἠθῶν
1539 1867 1887 1936 ἐκφυγόντες,

1995 1864 2174 1928 ciunt,
2238 1871 2520 1919 externam
2565 1872 2747 1917 autem
2793 1861 3070 1930 regionem
3120 1859 3352 1929 piaculis
3392 1856 3571 1926 inqui-

313 1950 462 2020 φόϐῳ
507 1951 816 2021 κατείχοντο
859 1951 1046 2007 πάλαι.
1093 1953 1174 2008 Τὰ
1221 1953 1331 2025 γὰρ
1381 1953 1448 2026 δὴ
1501 1956 1640 2022 σοφὰ
1691 1956 1896 2011 τούτων

312 2041 670 2112 ἐξήλεγκταιο
705 2045 799 2098 καὶ
835 2046 1083 2116 μηχανῆς
1119 2046 1295 2110 οὐδεὶς
1315 2045 1466 2100 ἔσται
1497 2046 1696 2114 τρόπος
1716 2046 1892 2111 κενὸς,

309 2132 370 2196 ὃς
401 2132 742 2205 ἐξαιρήσεται
773 2134 993 2198 τούτους
1025 2137 1119 2187 τοῦ
1146 2135 1447 2190 δυσσεϐεῖν.
1486 2135 1724 2206 Ἀνδρῶν
1753 2136 1890 2204 ἁγα-

1990 1962 2146 2019 nant,
2198 1954 2252 2010 id
2281 1970 2452 2009 unum
2485 1953 2671 2010 studio
2709 1953 2996 2017 habentes,
3033 1961 3093 2006 ut
3126 1949 3382 2005 omnibus
3412 1947 3572 2002 bonis

1989 2045 2174 2102 infeSti
2229 2044 2677 2102 sintiFacessat
2738 2045 2937 2100 callida
2995 2043 3188 2106 factio,
3244 2049 3299 2098 et
3365 2039 3570 2094 divinis

1986 2135 2207 2190 thronis
2243 2135 2484 2191 insidere
2529 2135 2762 2191 desinat.
2794 2135 2911 2189 Jam
2950 2141 3169 2204 tempus
3199 2141 3284 2187 est
3329 2140 3388 2184 ut
3423 2130 3572 2183 veri-

310 2224 421 2278 θῶν
440 2223 618 2297 ἔργον,
641 2229 707 2298 τῇ
735 2226 915 2280 πίστει
945 2227 1055 2280 τῶν
1090 2226 1342 2298 πατέρων
1382 2226 1571 2296 ωζῇν,
1617 2223 1715 2278 καὶ
1755 2225 1887 2278 ταύ-

1994 2225 2119 2280 tatis
2143 2224 2348 2280 alumni
2369 2225 2632 2296 prodeant
2659 2227 2714 2280 in
2748 2227 2944 2290 lucem,
2963 2233 3017 2280 ct
3039 2227 3091 2279 in
3118 2223 3354 2279 inediam
3376 2236 3570 2292 proce-

308 2332 410 2385 την
443 2317 696 2382 ἐπαύξειν
735 2317 810 2381 ὡς
837 2317 1052 2390 εἴρηται
1073 2334 1088 2350 ο
1121 2319 1264 2390 πέρα
1302 2319 1358 2371 δὲ
1400 2318 1473 2388 μὴ
1503 2317 1894 2388 πολυπραγμο-

309 2411 440 2461 νεῖν.
474 2409 874 2482 Παραινέσαιμι
907 2410 953 2464 δ’
990 2411 1058 2464 ἂν
1097 2411 1191 2463 καὶ
1222 2411 1349 2472 τοὺς
1392 2411 1457 2462 ἐκ
1498 2407 1590 2461 τοῦ
1621 2407 1894 2479 βαράθρου

308 2498 408 2568 ὀψέ
441 2516 570 2553 ποτε
601 2501 1018 2572 μεταθεμένους,
1057 2499 1242 2555 θέσθαι
1267 2500 1435 2573 ταύτῃ
1477 2503 1546 2572 τῇ
1597 2499 1783 2572 ψήφῳ,
1827 2499 1898 2570 ἢν

307 2592 360 2644 oi
390 2593 457 2646 τὰ
485 2591 604 2646 θεῖα
633 2594 785 2663 σοφοὶ
815 2593 906 2646 ἐπὶ
930 2593 1024 2647 τοῦ
1056 2594 1365 2663 κρείττονος
1392 2592 1723 2663 ἐψηφίσαντο
1749 2591 1898 2645 δεόν-

306 2699 418 2746 τως
449 2682 752 2738 έπίσκοποι,
788 2683 875 2750 Ἐξ
913 2684 1123 2737 ἐκείνου
1156 2683 1254 2754 μὲν
1285 2678 1380 2736 οὖν
1421 2681 1608 2735 τοῦτον
1645 2681 1738 2734 τὸν
1762 2679 1893 2750 τρό-

309 2787 414 2823 πον
441 2773 570 2842 παρ’
598 2771 775 2840 ὀλίγον
798 2771 1134 2826 ἐκινδύνευσε
1160 2773 1380 2842 κρατεῖν
1404 2773 1438 2842 ἠ
1466 2770 1572 2825 τῶν
1597 2769 1890 2840 ’Λνομοίων

308 2862 618 2933 καλουμένη
649 2864 879 2935 αἵρεσις.

1991 2315 2125 2370 dant
2150 2317 2464 2386 quicunque
2481 2325 2640 2371 antea
2666 2316 2861 2387 patriis
2884 2316 3108 2372 sedibus
3132 2321 3402 2377 extorres,
3423 2319 3570 2366 metu

1990 2408 2414 2464 cohibebantur.
2446 2407 2800 2479 Deprehensa
2832 2407 2977 2464 enim
3028 2414 3113 2462 est
3157 2405 3374 2460 illorum
3408 2410 3567 2457 astu-

1991 2499 2067 2553 tia
2093 2539 2109 2564 ,
2141 2515 2242 2556 nec
2285 2516 2376 2556 ars
2425 2500 2534 2554 nlla
2582 2498 2886 2571 excogitari
2933 2505 3115 2568 potest
3160 2511 3283 2567 quae
3335 2495 3458 2549 illos
3501 2492 3570 2547 ab

1993 2590 2277 2661 impietate
2323 2592 2498 2662 possit
2533 2593 2797 2648 eximere.
2844 2591 3119 2646 Bonorum
3157 2590 3404 2643 virorum
3448 2585 3571 2641 otii-

1995 2682 2140 2736 cium
2171 2693 2256 2739 est
2308 2682 2464 2738 [idem
2496 2692 2712 2754 patrum
2743 2691 3007 2754 perpetuo
3031 2681 3290 2745 retinere,
3316 2693 3567 2748 eamque,

1993 2772 2074 2827 uti
2114 2771 2318 2828 dictum
2361 2785 2464 2839 est,
2493 2791 2714 2847 augere,
2749 2775 2981 2830 ulterius
3013 2789 3145 2829 vero
3179 2772 3313 2827 nihil
3347 2771 3570 2826 curiose

1993 2862 2289 2934 inquirere.
2325 2864 2584 2923 Libenter
2616 2877 2798 2922 autem
2833 2866 3087 2922 hortarer
3129 2879 3224 2920 eos
3271 2863 3389 2933 qui,
3438 2861 3569 2927 licet

308 2970 460 3016 sero,
497 2969 560 3008 ex
608 2955 772 3023 hujus
812 2957 1019 3012 erroris
1047 2956 1310 3012 barathro
1343 2964 1709 3020 emerserunt,
1741 2965 1801 3010 ut
1836 2954 1887 3011 ei
1925 2959 2214 3014 sententia:
2243 2961 2506 3017 accedant
2546 2975 2707 3034 quam
2750 2960 2993 3030 episcopi
3027 2958 3336 3013 divinarum
3383 2968 3566 3009 rerum

307 3049 543 3104 scientia
567 3051 803 3119 praediti,
835 3051 942 3106 rite
971 3059 1139 3121 atque
1171 3051 1364 3106 ordine
1393 3052 1461 3108 de
1492 3052 1602 3108 Deo
1635 3051 2071 3122 promulgarunt.
2104 3052 2219 3110 Hoc
2265 3055 2434 3127 igitur
2473 3056 2636 3112 modo
2695 3069 2886 3126 parum
2945 3053 3127 3109 abfuit
3195 3051 3329 3122 quin
3392 3050 3566 3103 haere-

305 3141 390 3195 sis
453 3140 545 3196 illa
605 3156 729 3211 quae
782 3141 986 3196 dicitur
1043 3142 1460 3210 Anomreornm,
1513 3157 1580 3199 eo
1641 3150 1885 3213 tempore
1918 3143 2257 3213 praevaleret.

896 3277 1145 3334 ΚΕΦΑΛ.
1192 3280 1293 3335 IE'.

317 3418 422 3486 Ὦς
449 3417 520 3472 ἐν
561 3418 780 3487 Σερμίῳ
827 3419 1151 3488 γενόμενος
1183 3421 1216 3472 ό
1251 3421 1668 3487 Κωνστάντιος
1691 3460 1708 3486 ,
1760 3422 1884 3476 πά-

377 3492 482 3563 ,ζιν
537 3487 977 3563 μετακαλεῖται
1017 3489 1288 3563 Λιϐἐριον
1314 3529 1330 3555 ,
1400 3490 1499 3563 καὶ
1550 3490 1627 3563 τῇ
1693 3491 1882 3563 Ῥώμῃ

377 3559 825 3626 ἀποκαθίστησι
847 3572 862 3587 ·
898 3560 1344 3628 συνιερατεύειν
1387 3559 1458 3613 δὲ
1505 3559 1618 3615 καὶ
1651 3559 1884 3631 omam

377 3628 697 3698 ἐπιτρέπει.

379 3721 456 3774 Οὐ
483 3721 668 3792 πολλῷ
695 3720 752 3775 δὲ
788 3720 1014 3793 ὕστερον
1050 3722 1360 3777 ἐπανελθὼν
1412 3723 1478 3776 ὲκ
1525 3723 1626 3795 τῆς
1665 3723 1886 3796 Ῥώμης

303 3813 392 3876 είς
414 3813 641 3884 Σίρμιον
665 3815 690 3854 3
715 3816 742 3867 ὁ
777 3813 1064 3884 βασιλεὺς,
1099 3813 1593 3886 πρεσϐευσαμένων
1637 3814 1748 3868 τῶν
1777 3815 1885 3868 ἀπὸ

302 3904 411 3974 τῆς
441 3904 656 3969 Δύσεως
702 3906 1046 3970 ἐπισκόπων,
1094 3907 1476 3977 μετακαλεῖται
1506 3907 1759 3978 Λιϐέριον
1819 3908 1884 3960 ὲκ

303 3996 968 4069 Βεροίας(88).Παρόντων
991 4015 1049 4052 τε
1071 3999 1180 4052 τῶν
1201 3999 1309 4052 ἀπὸ
1321 3999 1420 4070 τῆς
1437 3999 1552 4052 Ἕω
1573 3999 1880 4070 πρέσϐεων,

306 4089 632 4158 συναγαγὼν
672 4090 799 4154 τοὺς
845 4089 1256 4161 παρατυχόντας
1302 4093 1358 4144 ἐν
1403 4089 1482 4160 τῷ
1535 4089 1882 4160 στρατοπέδῳ

306 4179 496 4251 ἱερέας
517 4219 532 4242 ,
565 4179 810 4243 ἐϐιάζετο
838 4179 999 4232 αὑτὸν
1037 4179 1317 4250 ὁμολογεῖν
1341 4179 1414 4250 μὴ
1440 4175 1677 4248 εἶναιτῷ
1709 4179 1882 4248 Πατρὶ

302 4270 399 4324 τὸν
428 4271 556 4324 Υἱὺν
587 4271 888 4342 ὁμοούσιον.
907 4271 1205 4326 Ἑνέκειντο
1229 4272 1307 4336 δὲ,
1337 4273 1432 4324 καὶ
1459 4271 1549 4324 τὸν
1579 4270 1883 4341 κρατοῦντα

304 4362 404 4414 ἐπὶ
448 4361 606 4415 τοῦτο
637 4363 849 4418 ἐκίνουν
872 4402 888 4426 ,
941 4362 1198 4434 πλείστην
1231 4365 1359 4434 παρ’
1391 4362 1542 4432 αὐτῷ
1567 4361 1880 4432 παρρησίαν

302 4456 565 4524 ἄγοντες.
627 4454 901 4518 Βασίλειος
949 4453 1045 4508 καὶ
1098 4455 1397 4517 Εὑστάθιος
1444 4456 1538 4507 καὶ
1585 4452 1876 4514 Ἐλεύσιος.

2615 3282 2775 3342 CAP.
2815 3280 2935 3339 XV.

1991 3419 2266 3487 Quomodo
2292 3416 2635 3472 Constantius
2669 3432 2787 3470 cum
2837 3413 3089 3487 Sirmium
3122 3416 3340 3487 venisset
3368 3455 3382 3478 ,
3411 3411 3569 3487 Lilia-

2061 3491 2201 3542 rium
2247 3486 2313 3543 ab
2355 3488 2544 3541 exsilio
2593 3488 2871 3546 revocavit,
2902 3495 2951 3538 et
3005 3482 3257 3538 Romanis
3296 3483 3564 3548 restituit,

2050 3559 2243 3630 jubens
2275 3566 2334 3612 ut
2366 3555 2523 3611 Felix
2557 3573 2663 3610 una
2699 3573 2817 3610 cum
2850 3555 2943 3610 illo
2980 3554 3338 3610 sacerdotium
3395 3552 3568 3606 admi-

2061 3631 2333 3685 nistraret.

2060 3719 2213 3775 Haud
2257 3719 2429 3773 multo
2457 3726 2580 3789 post
2616 3716 2912 3787 imperator
2953 3715 3022 3769 ab
3054 3715 3190 3769 urbe
3227 3712 3398 3767 Roma
3444 3709 3566 3766 Sir-

1986 3811 2155 3866 mium
2186 3823 2476 3874 reversus,
2521 3822 2647 3862 eum
2700 3806 3083 3862 Occidentales
3125 3804 3368 3874 episcopi
3420 3802 3563 3872 lega-

1984 3901 2192 3957 tionem
2219 3900 2288 3956 ad
2321 3901 2500 3971 ipsum
2533 3899 2847 3960 misissent,
2883 3895 3160 3950 Liberium
3189 3892 3382 3948 Beroea
3412 3890 3478 3945 ad
3508 3905 3568 3945 sc

1988 3993 2300 4049 accersivit.
2351 3993 2602 4060 Cumque
2651 3990 2910 4045 adessent
2964 3985 3124 4056 legati
3176 3985 3566 4052 episcoporum

1987 4083 2262 4146 Orientis.
2296 4080 2616 4138 convocatis
2663 4076 3046 4134 sacerdotibus
3075 4073 3168 4142 qui
3216 4073 3272 4124 in
3301 4069 3565 4124 comitatu

1989 4183 2180 4241 erant,
2211 4173 2490 4228 Liberium
2539 4171 2706 4240 erepit
2752 4167 3080 4237 compellere
3109 4172 3170 4218 ut
3212 4161 3408 4217 Filium
3459 4156 3566 4211 Pa-

1988 4270 2057 4322 tri
2089 4283 2197 4323 non
2233 4281 2357 4321 esse
2398 4261 2925 4320 consubstantialem
2976 4257 3349 4328 proﬁteretur.
3383 4253 3563 4310 insta-

1988 4360 2122 4413 bant
2165 4365 2382 4422 autem,
2428 4362 2484 4410 et
2524 4355 2907 4424 imperatorem
2962 4349 3026 4402 ad
3066 4349 3170 4418 hoc
3216 4345 3565 4415 impellebant

1988 4451 2264 4512 Basilius,
2311 4447 2664 4511 Eustathius,
2712 4452 2766 4500 et
2799 4442 3053 4498 Eleusius
3081 4481 3095 4507 ,
3148 4439 3241 4510 qni
3289 4437 3566 4508 przr-cipua

1507 4625 1775 4682 VALESII
1812 4619 2360 4681 ANNOTATIONES.

380 4767 491 4838 (86)
527 4768 636 4822 Kal.
659 4768 768 4839 γὰρ
816 4767 893 4834 δὴ
916 4767 1107 4839 εἰπεῖν
1130 4773 1532 4839 προαχθείην.
1571 4769 1746 4839 Hujus
1775 4770 1880 4824 loci

300 4837 619 4895 emendatio
667 4838 905 4909 deb_etu_r_
962 4837 1139 4892 codici
1191 4837 1485 4898 Allatiano.
1543 4840 1598 4895 in
1655 4837 1766 4909 quo
1806 4840 1880 4894 ita

305 4909 573 4964 scribitur
593 4927 606 4964 :
625 4909 699 4980 μὴ
727 4907 834 4979 γὰρ
856 4907 922 4980 δὴ
967 4909 1328 4978 προσαχθείην
1353 4911 1547 4972 εἰπεῖν,
1581 4907 1689 4967 etc.
1707 4909 1880 4976 Quam

305 4981 598 5035 lectionem
629 4978 693 5033 in
727 4978 978 5033 versione
1011 4993 1127 5032 mea
1164 4994 1282 5033 sum
1321 4988 1560 5034 secutus.

384 5049 495 5116 (87)
525 5049 1020 5115 Κιϐδηλεύοντας.
1073 5046 1266 5102 Procul
1315 5049 1480 5103 dubio
1529 5049 1879 5105 scribendum

302 5126 392 5176 est
425 5119 851 5189 κιϐδηλεύοντες.
880 5117 1004 5173 Haec
1050 5120 1194 5172 enim
1227 5119 1540 5175 referuntur
1574 5120 1637 5173 ad
1697 5118 1876 5172 Eudo-

1986 4763 2162 4823 xium,
2193 4760 2284 4829 qni
2314 4759 2514 4829 impios
2543 4755 2792 4810 homines
2836 4767 2900 4808 ac
2927 4750 3224 4807 sceleratos
3261 4747 3314 4800 in
3348 4746 3567 4801 clerum

1991 4831 2318 4969 anf8g8e)be}§x
2351 4897 2618 4965 Βεροίης.
2666 4895 2722 4948 1η
2750 4893 2938 4969 codice
2967 4889 3268 4969 Fulgetiano
3293 4885 3556 4969 scriptulm

1987 4955 2074 5039 est
2119 4955 2184 5024 ὲκ
2236 4955 2480 5039 Βεροίας.
2547 4955 2741 5037 ’Βυρι-ιι
2817 4963 2988 5018 Beroe
3039 4961 3184 5016 dicta
3241 4965 3344 5024 est,
3410 4955 3562 5011 urbs

1988 5038 2254 5094 Thracia'.

1755 5301 2138 5358 VARIORUM.

385 5435 411 5474 8
445 5435 704 5501 Σιζρμιον.
758 5434 1057 5490 Sirmiense
1101 5438 1392 5491 concilium
1446 5454 1518 5500 iv,
1564 5439 1761 5505 partim
1815 5454 1882 5493 ex

306 5503 672 5584 orientalium
709 5506 920 5574 legatis,
948 5508 1142 5584 partim
1175 5524 1240 5561 ex
1265 5509 1538 5577 epiSCOpis
1556 5503 1667 5584 qui
1702 5509 1882 5584 iunco-

311 5577 503 5645 miratu
563 5584 740 5638 erant,
777 5591 922 5630 anno
971 5577 1074 5629 558
1103 5587 1512 5645 congregatum.
1556 5577 1657 5632 Ubi
1716 5579 1878 5631 aliam

311 5643 434 5716 iidei
466 5642 756 5716 formulam
793 5642 1239 5714 composuerunt,
1281 5642 1479 5716 partim
1503 5664 1567 5702 ex
1600 5649 1768 5702 veteri
1795 5650 1883 5700 illa

311 5714 497 5766 sirmii
525 5714 792 5768 adversus
836 5716 1125 5770 Pbotinum
1158 5714 1322 5780 facta,
1355 5718 1551 5786 partim
1578 5733 1639 5771 ex
1684 5717 1881 5770 Antio-

310 5787 483 5837 rlieua
508 5800 652 5837 anno
687 5786 783 5838 5H
830 5787 1070 5846 condita,
1115 5789 1422 5840 conﬂatam.
1451 5786 1586 5840 Huic
1633 5787 1884 5840 Liberius

313 5853 582 5922 pontifex,
607 5865 725 5922 post
746 5863 992 5910 exactum
1014 5860 1227 5912 triennii
1245 5859 1516 5924 exsilium,
1533 5857 1879 5925 subscripsit.

1987 5447 2042 5493 et
2075 5452 2196 5493 cum
2227 5435 2448 5490 Arianis
2475 5431 2916 5503 communionem
2946 5429 3148 5503 coluit,
3177 5427 3291 5484 sedi
3331 5440 3444 5482 sua:
3473 5424 3560 5503 in-

1988 5510 2056 5564 de
2092 5507 2401 5563 restitutus.
2435 5504 2666 5574 Exstant
2713 5501 2914 5574 [._iberii
2945 5499 3046 5574 hac
3095 5499 3161 5553 de
3194 5513 3252 5574 re
3275 5505 3400 5574 tres
3422 5499 3557 5574 ἐξῃξ-

1987 5563 2139 5632 stolae
2187 5577 2327 5646 apud
2351 5575 2614 5646 Hilarium
2646 5569 3096 5646 in__Fragnien_tis_.
3126 5567 3226 5646 elei.
3263 5565 3388 5617 426.
3422 5563 3558 5646 “Viri-3

2401 5645 2499 5708 Ep.
2524 5643 2592 5697 ad
2622 5629 2914 5712 solitariae.
2945 5638 3110 5712 (Silii.
3144 5635 3327 5712 {lavet
3350 5629 3556 5712 νο1.“11,

1991 5699 2312 5785 pagi—ir.)
2351 5699 2551 5769 Eodem
2609 5726 2753 5766 anno
2793 5699 3092 5785 (scil.'558)
3152 5701 3398 5758 Liberius
3451 5699 3554 5754 Ro-

1993 5784 2134 5842 mam
2165 5787 2214 5842 in
2257 5787 2437 5842 sedcm
2473 5799 2624 5839 suam
2652 5793 2903 5838 reversus
2932 5784 3035 5831 est.
