4044 6332
388 378 523 434 “55

1404 371 1728 429 HISTORIA
1768 370 2318 428 ECCLESIASTICA.
2349 404 2416 412 —
2456 372 2584 427 LIB.
2629 373 2715 428 ιν.

3501 381 3642 441 1154

381 493 524 564 ὑπὲρ
552 491 644 545 τοῦ
677 491 943 562 δόγματος
970 491 1295 546 ἀντειπόντα
1331 493 1410 563 τῷ
1443 492 1687 562 βασιλεῖ,
1719 494 1909 563 ἠγάπα
1937 514 1942 540 ι

2071 492 2179 547 ulla
2219 491 2604 561 dissensione;
2661 503 2714 548 et
2761 495 3025 566 quidquid
3065 498 3326 554 molestiae
3364 501 3641 557 acciderat

378 583 487 638 τῶν
516 583 806 653 Ῥωμαίων
827 583 998 652 δῆμος
1017 600 1031 614 ο
1062 584 1139 648 ὠς
1160 585 1257 638 καὶ
1283 585 1548 655 μεγίστην
1566 585 1957 656 ἀνακινηθῆναι

379 674 588 738 στάσιν,
626 673 722 726 κα)⁸
746 671 908 742 μέχρι
944 672 1118 742 φόνων
1146 675 1416 745 χωρῆσαι.
1442 674 1653 744 Ὀλίγον
1677 675 1734 729 δὲ
1766 676 1958 746 χρόνον

375 763 606 834 Φίληκος
645 762 1044 828 ὲπιϐιώσαντος
1073 765 1128 830 ιι,
1178 768 1338 837 μόνος
1388 765 1640 837 Λιϐέριος
1689 767 1788 837 τῆς
1835 767 1958 820 Ἐκ-

373 854 606 924 κλησίας
635 854 950 924 προΐστατο.
979 855 1172 928 Ταύτῃ
1226 874 1302 928 πη
1350 856 1446 910 τοῦ
1477 857 1613 910 Θεοῦ
1655 856 1959 927 διοικήσαν-

2066 589 2290 650 prepter
2351 580 2552 638 Felicis
2627 585 3065 652 ordinationem,
3118 596 3280 658 atque
3333 591 3639 648 absentiam

2064 671 2300 740 Liberii,
2333 673 2594 729 oblivioni
2633 675 2933 732 traderent.
2978 679 3113 733 Nam
3143 680 3417 738 Liberium
3451 692 3644 755 utpote

2064 765 2244 820 virum
2281 767 2645 838 undequaque
2677 772 2992 842 egregium,
3031 780 3086 828 et
3111 773 3205 843 qui
3241 790 3340 844 pro
3379 777 3644 846 religione

2062 857 2383 927 imperatori
2425 853 2642 915 fortiter
2687 863 3022 927 restitisset,
3076 867 3312 936 populus
3358 864 3644 924 Roman-us

373 958 466 1005 τος
512 942 652 995 ὥστε
699 942 789 997 τὸν
820 943 1028 1014 Πέτρου
1065 945 1254 1016 Θρόνον
1305 946 1380 1018 μὴ
1426 946 1672 1014 ἀδοξεῖν,
1713 947 1819 1001 ὑπὸ
1868 947 1942 1000 δύι

2053 947 2304 1031 impense
2345 949 2639 1022 diligebat:
2663 951 2799 1007 adeo
2824 962 2882 1006 ut
2909 955 3030 1025 ejus
3067 972 3235 1012 causa
3260 959 3642 1028 gravissimam

374 1033 641 1104 ἡγεμόσιν
688 1034 997 1106 ίθυνόμενον
1036 1052 1050 1067 ·
1099 1036 1129 1090 ὃ
1186 1037 1455 1108 διχονοίας
1505 1039 1771 1109 σύμϐολόν
1817 1040 1953 1106 ἐστι,

378 1127 472 1179 καὶ
497 1126 952 1196 ἐκκλησιαστικοῦ
979 1127 1184 1198 θεσμοῦ
1217 1129 1498 1201 ἀλλότριον
1529 1131 1579 1185 i.

2063 1041 2391 1097 seditionem
2441 1045 2802 1112 excitaverit,
2833 1056 2888 1101 et
2930 1048 2998 1103 ad
3025 1051 3202 1107 credes
3243 1067 3416 1122 usque
3447 1069 3644 1123 proru-

2065 1133 2227 1200 perit.
2260 1132 2392 1188 Post
2422 1133 2538 1189 haec
2584 1151 2714 1190 vero
2755 1151 2880 1191 cum
2924 1138 3077 1195 Felix
3132 1143 3356 1198 modico
3395 1151 3644 1214 tempore

380 1223 810 1291 supervixisset,
865 1223 1018 1294 151
1063 1224 1318 1284 Liberius
1365 1229 1518 1284 solus
1574 1228 1878 1284 Ecclesiam
1945 1228 2382 1285 administravit.
2455 1231 2613 1296 Quod
2664 1233 2885 1302 quidem
2932 1233 3117 1288 divina
3177 1235 3520 1305 providentia
3565 1238 3642 1293 ita

374 1312 755 1384 dispensavit,
814 1331 883 1371 ne
935 1316 1096 1373 sedes
1161 1319 1309 1375 Petri
1375 1322 1870 1386 dehonestaretur,
1932 1338 1962 1376 a
2000 1322 2218 1379 duobus
2247 1326 2576 1395 praesulibus
2611 1327 2774 1382 simul
2816 1327 3160 1399 gubernata:
3223 1331 3370 1401 quod
3431 1331 3643 1388 discor-

372 1406 480 1460 dia:
552 1407 802 1476 signum,
851 1416 905 1463 et
953 1410 1022 1463 ab
1092 1413 1490 1470 ecclesiasticis
1541 1415 1756 1485 legibus
1825 1415 2064 1469 alienum
2099 1423 2206 1470 est.

965 1508 1216 1563 ΚΕΦΑΛ.
1245 1508 1360 1575 ις’.

376 1600 498 1654 Ὅτι
531 1599 791 1674 διὰρτὴν
821 1602 1050 1657 Ἀετίου
1092 1601 1481 1674 αἵρεσιν.ίκαζ
1515 1602 1632 1674 τῶν
1659 1602 1952 1674 δεῖν-,Ἀντιο-

441 1673 597 1742 gela,
630 1671 848 1742 ὥρισεν
892 1676 924 1726 ό
960 1673 1263 1738 βασιλεὺς
1294 1672 1561 1726 σύνοδον
1583 1673 1653 1742 ἐν
1694 1671 1950 1742 Νικομη-

441 1741 570 1808 δειᾳ
620 1741 898 1812 γενέσθαι
929 1759 942 1772 ·
1011 1743 1268 1812 σεισμοῦ
1322 1743 1390 1794 δὲ
1445 1741 1770 1812 γενομένου
1795 1783 1810 1806 ,
1840 1741 1952 1795 καὶ

441 1811 692 1887 πρλλῷν
815 1809 894 1887 τῷ
922 1809 1164 1887 perusti
1189 1809 1632 1887 εἰσπεσόντίων,
1662 1814 1942 1887 πρότερον

2129 1811 2527 1887 intervenissent
2553 1854 2567 1879 ,

431 1880 550 1948 μὲν
596 1883 668 1934 ἐν
703 1880 957 1950 Νικαίςιή,
997 1883 1256 1951 ὕστερον
1291 1882 1359 1936 δὲ
1406 1883 1476 1934 ἐν
1510 1881 1795 1951 Ἀριρήνῳ
1850 1883 1952 1936 καὶ

444 1951 766 2022 Σελευκείᾳ
791 1953 830 2020 ἠ
860 1947 1124 2017 σύνοδος
1142 1947 1494 2020 ’ἤθροισταιο
1518 1947 1588 2006 ἐν
1618 1947 1665 2020 ᾧ
1691 1947 1791 2006 καὶ
1817 1952 1951 2022 περὶ

441 2021 756 2086 Ἀρσακίου
791 2022 898 2076 τοῦ
925 2022 1317 2092 ὀμολογητοῦ.

442 2115 532 2168 Ἐν
585 2113 684 2184 μὲν
735 2110 830 2167 οὖν
885 2113 964 2184 τῷ
1017 2116 1230 2186 Σιρμίῳ
1285 2114 1461 2168 ταῦτα
1509 2115 1754 2185 ἐγεγόνει
1788 2133 1801 2146 ·
1857 2116 1952 2170 καὶ

367 2205 544 2258 ἐδόκει
567 2207 687 2259 τότε
711 2205 804 2260 διὰ
836 2206 923 2259 τὸν
951 2207 1044 2260 τοῦ
1071 2206 1334 2277 βασιλέως
1357 2207 1542 2277 φόϐον,
1573 2209 1829 2281 Ἀνατολὴ
1859 2210 1951 2262 καὶ

367 2296 530 2358 Δύσις
582 2299 905 2369 ὁμοφρονείν
949 2299 1076 2369 περὶ
1124 2298 1185 2351 τὸ
1215 2297 1410 2369 δόγμα.
1457 2299 1592 2370 Περὶ
1643 2299 1698 2352 δὲ
1750 2301 1859 2355 τῶν
1891 2302 1951 2354 ἐν

369 2388 670 2461 Ἀντιοχείᾳ
692 2389 1179 2461 νεωτερισθέντων,
1197 2391 1291 2443 καὶ
1314 2392 1413 2461 τῆς
1426 2391 1632 2444 Ἀετίου
1665 2392 1947 2462 αἱρέσεως,

368 2478 584 2551 ἔκρινεν
635 2482 664 2533 ὁ
699 2479 955 2551 βασιλεὺς
1005 2482 1316 2536 ἐπιτελέσαι
1368 2483 1584 2536 σύνοδον
1619 2484 1676 2535 ὲν
1723 2484 1945 2554 Νικαία.

370 2569 873 2640 Παραιτησαμένων
901 2569 957 2624 δὲ
986 2570 1095 2624 τῶν
1126 2573 1269 2642 ἀμφὶ
1292 2572 1570 2626 Βασίλειον
1590 2573 1677 2626 διὰ
1700 2575 1760 2625 τὸ
1783 2573 1948 2627 πάλαι

368 2656 556 2711 ἐνθάδε
615 2658 713 2728 τὴν
747 2659 874 2729 περὶ
927 2657 1020 2711 τοῦ
1071 2658 1340 2728 δόγματος
1392 2659 1664 2730 συμϐῆναι
1699 2659 1946 2728 ζήτησιν,

367 2746 546 2812 ἔδοξεν
577 2747 635 2801 ὲν
657 2747 995 2819 Νικομηδεία
1021 2739 1121 2819 τῆς
1161 2747 1414 2812 Βιθυνίας
1433 2765 1447 2778 ·
1486 2749 1580 2800 καὶ
1624 2748 1947 2818 γράμμασιν

359 2839 449 2902 ,εἰς
496 2839 666 2910 ῥητὴν
712 2839 923 2911 ἡμέραν
981 2840 1123 2910 μετά
1179 2840 1416 2910 σπουδῆς
1469 2840 1652 2892 καλεῖν
1707 2840 1816 2894 τῶν
1864 2841 1945 2893 ἀν’

361 2933 597 2989 ἕκαστον
621 2931 773 2996 ἔθνος
798 2933 1157 3003 ἐπισκόπων,
1184 2933 1234 2985 οἳ
1261 2932 1497 2986 συνιέναι
1525 2932 1946 3004 ἐπιτηδειότεροι

366 3024 628 3088 ἐδόκουν,
663 3025 758 3078 καὶ
805 3027 946 3078 νοεῖν
992 3026 1087 3078 καὶ
1133 3025 1316 3094 λέγειν
1373 3025 1566 3080 ἱκανοί.
1611 3026 1775 3078 Ὥστε
1827 3025 1946 3080 ἀντὶ

362 3116 584 3170 πάντων
633 3116 741 3169 τῶν
792 3116 980 3187 ἱερέων
1011 3115 1107 3169 τοῦ
1143 3115 1332 3180 ἔθνους
1359 3156 1372 3179 ,
1412 3118 1701 3185 μετασχεῖν
1745 3115 1943 3173 αὐτοὺς

357 3208 463 3277 τῆς
507 3209 722 3260 συνόδου
749 3247 765 3272 ,
800 3208 894 3261 καὶ
938 3211 1004 3280 τῇ
1063 3208 1242 3278 κρίσει
1276 3211 1546 3276 παρεῖναι.
1582 3208 1722 3278 Ἤδη
1752 3207 1808 3260 δὲ
1853 3212 1948 3261 καὶ

360 3299 471 3353 τῶν
503 3299 758 3354 πλειόνων
784 3299 923 3353 κατὰ
951 3301 1050 3370 τὴν
1073 3299 1378 3370 ὁδοιπορίαν
1405 3299 1594 3363 ὄντων,
1619 3298 1946 3368 ἀγγέλλεται

357 3387 423 3442 τὸ
450 3387 814 3459 Νικομηδείας
866 3388 1038 3452 πάθος
1070 3387 1181 3457 (95)
1213 3429 1228 3453 ,
1276 3391 1369 3442 καὶ
1403 3390 1484 3442 ὅτι
1529 3391 1707 3444 πᾶσαν
1750 3392 1778 3442 ὁ
1812 3389 1947 3452 Θεὸς

361 3478 698 3533 κατέσεισεν.
745 3480 833 3543 Ὠς
867 3480 959 3531 ἐπὶ
1010 3480 1318 3551 ἀπολομένῃ
1377 3481 1432 3532 δὲ
1485 3480 1654 3550 ἄρδην
1691 3481 1756 3550 τῇ
1791 3479 1942 3532 πόλει

357 3572 638 3642 πανταχοῦ
671 3571 997 3644 κρατοῦντος
1021 3610 1036 3635 ,
1070 3572 1301 3641 ἐπέσχον
1333 3574 1379 3625 oi
1421 3572 1541 3625 καθ’
1573 3572 1692 3625 ὁδὸν
1717 3573 1942 3625 ἐπίσκο-

362 3678 456 3714 ποι
481 3677 493 3690 ⁸
522 3663 597 3725 ὡς
628 3662 736 3734 γὰρ
758 3663 900 3732 φιλεῖ
926 3665 958 3733 ἡ
992 3665 1148 3733 φήμη
1175 3662 1528 3734 ἐργάζεσθαι,
1558 3664 1658 3716 οὐκ
1678 3664 1805 3734 ἄχρι
1831 3665 1939 3717 τῶν

359 3753 708 3805 πεπονθότων
755 3753 822 3805 τὰ
867 3753 1014 3806 δεινὰ
1058 3756 1168 3813 τοῖς
1203 3753 1418 3806 ἄπωθεν
1470 3754 1750 3824 ἤγγελλεν.
1806 3755 1936 3806 ’Υπ⁹

357 3841 668 3912 εθρυλλεῖτο
694 3843 749 3894 δὲ
777 3843 1009 3895 Νίκαιαν
1033 3860 1092 3895 τε
1117 3844 1211 3896 καὶ
1241 3844 1523 3912 Πέρινθον,
1557 3845 1651 3896 καὶ
1679 3843 1776 3907 τὰς
1799 3844 1938 3914 πλη-

360 3934 476 3985 σίον
505 3933 689 3996 πόλεις
711 3973 725 3998 ,
755 3934 1081 4002 κοινωνῆσαι
1119 3934 1217 4004 τῆς
1261 3937 1545 4005 συμφορᾶς
1571 3951 1582 3963 '
1619 3936 1842 4008 προσέτι
1877 3937 1936 3989 δὲ

357 4024 454 4074 καὶ
477 4021 574 4092 τὴν
603 4021 1190 4075 Κωνσταντινούπολιν.
1224 4023 1298 4075 Ού
1348 4025 1583 4094 μετρίως
1630 4024 1686 4077 δὲ
1715 4024 1839 4088 τοὺς
1873 4020 1932 4078 εὗ

354 4112 692 4183 φρονοῦντας
721 4113 826 4165 τῶν
856 4115 1169 4166 ἐπισκόπων
1207 4113 1394 4166 ἐλύπει
1428 4116 1488 4167 τὸ
1521 4116 1760 4185 συμϐὰν,
1796 4116 1931 4168 καθ-

351 4206 438 4258 ότι
469 4205 574 4274 ,καὶ
609 4205 869 4275 ἐκκλησία
900 4204 1328 4274 μεγαλοπρεπῶς
1365 4207 1786 4277 οἰκοδομουμένη
1817 4223 1940 4259 κατ-

352 4296 610 4365 εσείσθη,
662 4297 754 4348 καὶ
809 4297 1080 4366 πρόφασις
1137 4297 1354 4364 ἐγένετο
1387 4301 1497 4360 τοῖς
1557 4299 1935 4369 ἀπεχθανομέ-

351 4404 468 4449 νοις
502 4387 636 4456 πρὸς
671 4387 769 4456 τὴν
817 4388 1116 4457 θρησκείαν
1140 4431 1154 4453 ,
1191 4389 1440 4460 ἀγγεῖλαι
1471 4389 1547 4458 τῷ
1585 4390 1824 4459 βασιλεῖ,
1861 4389 1936 4453 ὡς

2683 1509 2840 1566 CAP.
2887 1509 3023 1565 XVI.

2060 1599 2344 1675 Quomodo
2362 1610 2579 1675 propter
2611 1602 2856 1656 hrt’resim
2883 1604 3055 1675 Aetii.
3088 1613 3136 1658 et
3173 1619 3351 1658 eorum
3381 1606 3644 1675 quierant

2131 1670 2460 1745 ᾼριιίοεήίιε,
2497 1673 2787 1745 imperator
2833 1674 3057 1728 decrevit
3108 1684 3165 1727 ut
3214 1670 3447 1743 synodus
3492 1677 3641 1745 ﬁeret

2132 1738 2476 1795 Nicomediw.
2516 1738 2618 1796 Sed
2657 1759 2775 1796 cum
2832 1754 2986 1798 terrm
3019 1753 3192 1798 motus
3243 1738 3300 1799 ct
3335 1747 3446 1800 alia
3472 1738 3639 1799 multa

2635 1814 2808 1883 primo
2875 1815 3086 1883 quidem
3162 1812 3398 1878 Nicaeae,
3459 1831 3640 1883 postea

2126 1897 2246 1956 raro
2294 1882 2527 1956 Arimini
2554 1892 2602 1956 et
2639 1882 2894 1956 Seleucia?
2921 1883 3155 1954 synodus
3185 1882 3502 1956 congregata
3537 1897 3638 1940 est.

2126 1950 2264 2004 Item
2289 1951 2352 2005 de
2376 1953 2600 2008 Arsacia
2623 1955 2946 2022 confessore.

2125 2102 2192 2156 Et
2222 2104 2337 2159 hare
2364 2105 2586 2176 quidem
2620 2106 2807 2162 Sirmii
2842 2117 2963 2163 acta
2993 2117 3140 2165 sunt.
3176 2109 3364 2182 quue
3395 2119 3641 2182 tempore

2052 2194 2122 2249 ob
2152 2203 2354 2249 metum
2397 2197 2748 2266 imperatoris
2770 2239 2784 2263 ,
2823 2202 3131 2257 Orientales
3169 2210 3332 2273 atque
3362 2202 3637 2258 Occiden-

2055 2285 2190 2338 tales
2221 2285 2534 2340 consentire
2565 2287 2707 2340 inter
2737 2303 2797 2344 se
2833 2289 2886 2343 in
2923 2291 3174 2345 doctrina
3205 2291 3328 2347 fidei
3376 2293 3637 2348 videban-

2052 2382 2162 2427 tur.
2195 2374 2277 2429 Ob
2299 2391 2362 2429 ea
2407 2392 2534 2430 vero
2569 2394 2691 2447 qua:
2722 2379 3025 2436 Antiochiae
3064 2389 3271 2436 tentata
3315 2382 3560 2446 fuerant,
3582 2393 3638 2439 et

2054 2477 2276 2535 propter
2319 2467 2570 2522 haeresim
2602 2471 2742 2523 Aetii
2790 2469 3089 2541 imperator
3139 2475 3410 2544 synodum
3444 2474 3639 2532 Niczeae

2050 2555 2333 2636 celebrare
2389 2558 2701 2614 constituit.
2767 2557 2872 2614 Sed
2929 2576 3054 2616 cum
3112 2561 3349 2620 Basilius
3408 2565 3640 2638 ejusque

2050 2647 2274 2702 assecla:
2300 2647 2354 2702 id
2396 2659 2778 2715 recusassent,
2811 2667 2877 2706 eo
2919 2653 3063 2724 quod
3093 2655 3224 2710 olim
3273 2655 3340 2711 de
3391 2658 3496 2714 fide
3524 2659 3638 2715 illic

2050 2747 2343 2794 tractatum
2384 2741 2610 2808 fuisset,
2652 2743 2860 2814 placuit
2903 2753 2963 2799 ut
2999 2745 3333 2802 Nicomediae
3362 2749 3417 2803 in
3447 2748 3636 2823 Bithy-

2049 2828 2140 2882 nia
2177 2830 2424 2902 synodus
2453 2842 2903 2904 congregaretur,
2945 2845 3112 2906 utque
3142 2853 3209 2893 ex
3229 2841 3483 2896 omnibus
3510 2856 3640 2911 pro-

2047 2923 2251 2979 vinciis
2275 2924 2520 2994 episcopi
2545 2923 2640 2995 qui
2669 2941 2782 2996 prae
2809 2929 3026 2982 caeteris
3053 2929 3344 2998 prudentia
3372 2933 3630 3000 valerent,

2046 3023 2100 3069 et
2124 3015 2467 3086 intelligendi
2504 3017 2841 3088 dicendique
2877 3019 3138 3074 facultate
3166 3020 3379 3090 praediti
3412 3035 3629 3089 essent,

2047 3106 2113 3160 ad
2162 3108 2530 3177 praestitutum
2575 3109 2719 3164 diem
2782 3110 3164 3180 imperialibus
3219 3113 3421 3170 litteris
3476 3117 3629 3176 ocius

2049 3207 2446 3264 evocarentur,
2493 3201 2569 3255 ita
2621 3209 2680 3255 ut
2721 3201 2844 3257 vice
2891 3204 3136 3258 omnium
3180 3205 3476 3274 provincia:
3519 3223 3632 3265 sua:

2051 3291 2438 3362 episcoporum
2506 3292 2562 3346 in
2627 3294 2866 3347 concilio
2914 3295 3254 3363 residerent,
3313 3308 3368 3353 et
3421 3299 3631 3369 judicio

2050 3384 2400 3439 interessent.
2436 3383 2546 3439 Sed
2571 3400 2694 3439 cum
2732 3386 2908 3456 major
2933 3387 3043 3456 jam
3073 3403 3199 3456 pars
3245 3391 3629 3461 episcoporum

2046 3474 2150 3530 iter
2177 3477 2424 3545 ingressa
2454 3483 2635 3541 esset,
2670 3476 2899 3530 nuntius
2927 3477 3130 3531 allatus
3153 3485 3238 3532 est
3264 3478 3332 3531 de
3371 3479 3631 3536 Nicome-

2043 3566 2149 3622 di:e
2201 3569 2549 3635 calamitate,
2591 3584 2710 3623 eam
2776 3570 2987 3624 scilicet
3035 3577 3206 3624 totam
3275 3581 3432 3626 terra!
3477 3581 3630 3628 motu

2047 3674 2374 3714 concussam
2401 3660 2590 3716 fuisse.
2617 3661 2868 3731 Culuquc
2908 3677 3097 3717 rumor
3128 3663 3333 3732 passim
3368 3665 3630 3720 invaluis-

2047 3758 2130 3803 set
2176 3765 2295 3804 eam
2350 3752 2539 3804 urbem
2593 3753 2811 3820 penitus
2869 3767 3116 3807 eversam
3169 3769 3331 3820 esse,
3381 3756 3627 3826 episcopi

2045 3842 2276 3898 ulterius
2327 3843 2577 3912 progredi
2627 3843 3022 3898 destiterunt‘.
3072 3844 3283 3898 Etenim
3337 3845 3514 3913 fama,
3547 3849 3625 3902 uti

2043 3935 2217 3997 solet,
2276 3949 2384 3988 non
2435 3935 2492 3988 in
2542 3933 2609 3988 iis
2664 3935 2843 3988 solum
2901 3935 3216 3992 consistens
3256 3937 3354 4006 qui
3419 3939 3624 3993 malum

2042 4023 2190 4091 passi
2238 4031 2431 4087 erant,
2463 4023 2674 4076 cladem
2719 4024 2865 4076 illam
2916 4026 3108 4092 procul
3155 4027 3347 4092 positis
3400 4030 3623 4082 nuntia-

2041 4122 2215 4168 verat.
2248 4113 2352 4167 Scd
2377 4111 2607 4166 Nica-am
2631 4128 2851 4182 quoque
2877 4122 2931 4166 et
2961 4111 3314 4178 Perinthum,
3353 4117 3625 4188 urbesque

2047 4204 2308 4257 finitimas
2328 4243 2342 4268 ,
2374 4203 2657 4272 ipsamque
2693 4203 2828 4257 adeo
2855 4203 3387 4274 Constantinopolim
3419 4208 3474 4262 in
3504 4225 3624 4279 par-

2046 4303 2154 4350 tem
2212 4294 2542 4348 calamitatis
2586 4295 2802 4350 venisse
2872 4294 3277 4366 divulgabatur.
3348 4297 3519 4354 Porro
3573 4301 3620 4355 is

2043 4400 2208 4440 casus
2252 4400 2348 4440 eos
2398 4385 2689 4455 epiSCOpos
2755 4386 2849 4455 qui
2904 4394 3054 4442 recte
3111 4389 3450 4453 sentiebant,
3507 4406 3615 4446 non

353 4478 672 4530 ἐπισκόπων
703 4477 905 4548 πλῆθος
937 4481 1030 4532 καὶ
1067 4480 1278 4551 ἀνδρῶν
1316 4481 1408 4534 καὶ
1443 4481 1650 4533 παίδων
1701 4482 1796 4534 καὶ
1836 4498 1932 4549 γυ·-

2048 4477 2300 4532 mediocri
2348 4477 2537 4533 dolore
2578 4479 2789 4541 affecit,
2841 4493 2908 4533 eo
2947 4479 3092 4549 quod
3123 4482 3354 4537 ecclesia
3400 4499 3618 4553 quoque

350 4570 556 4623 ναικῶν
605 4569 870 4635 ἀπώλετο,
922 4572 1348 4642 προσφυγόντων
1390 4574 1454 4644 τῇ
1511 4573 1775 4643 ἐκκλησίᾳ
1844 4573 1930 4626 ἐπ’

350 4661 529 4714 ἑλπίδι
556 4659 649 4714 τοῦ
684 4661 872 4714 ἐνθάδε
898 4663 1261 4733 σωθήσεσθαι.
1295 4664 1411 4718 Οὐκ
1434 4663 1647 4734 ἀληθῶς
1677 4663 1733 4716 δὲ
1761 4662 1933 4718 ταῦτα

425 4841 440 4870 ³
481 4840 635 4895 Socr.
666 4840 762 4894 lib.
803 4855 863 4906 ιι,
906 4854 956 4894 c.
987 4839 1075 4895 38.

2039 4573 2153 4627 illic
2204 4571 2491 4641 magnifice
2534 4580 2894 4636 constructa,
2945 4583 3472 4645 corrueratzeaque
3527 4591 3617 4631 res

2041 4663 2354 4719 hominibus
2411 4663 2660 4734 religioni
2715 4671 2921 4719 nostrae
2973 4661 3204 4720 infensis
3268 4664 3615 4722 occasionem

1559 4987 1821 5043 VALESll
1860 4987 2408 5048 ANNOTATIONES.

421 5089 532 5158 (95)
580 5088 648 5141 Τὸ
709 5087 1100 5157 Νικομηδείας
1149 5088 1358 5152 πάθος.
1409 5085 1726 5158 Nicomedia
1755 5095 1931 5158 terra:

345 5154 774 5228 Inotu'collapsa
818 5154 900 5212 est
938 5158 1170 5211 Datiano
1219 5167 1271 5211 et
1315 5157 1542 5211 Cereale
1562 5154 1926 5228 consulibus,

345 5246 400 5282 Ix
439 5228 556 5284 Kal.
594 5224 899 5299 Septemb”
921 5237 978 5282 ut
1003 5229 1194 5282 scribit
1214 5228 1538 5281 Ammianus
1560 5224 1928 5299 Marcellinus,

341 5311 397 5353 et
428 5299 636 5354 ldatius
671 5294 745 5353 'in
772 5296 990 5362 Fastis,
1042 5299 1137 5368 qui
1187 5299 1291 5351 fuit.
1331 5312 1510 5351 annus
1551 5295 1764 5351 Christi
1799 5294 1926 5349 558.

2037 5085 2221 5162 Quare
2260 5090 2507 5162 synodus
2551 5087 2874 5147 Sirmiensis
2907 5099 2961 5145 et
3005 5092 3342 5162 subscriptio
3392 5094 3483 5149 illa
3521 5093 3614 5150 Li-

2040 5159 2182 5238 berii
2232 5159 2439 5241 'm‘ense
2487 5162 2736 5231 Augusto
2791 5163 3040 5232 ejusdem
3107 5159 3243 5218 anni
3298 5167 3610 5221 necessario

2040 5238 2290 5282 contmt.

2038 5240 2290 5300 contigit.

1779 5470 2160 5528 VARIORUM.

414 5589 443 5630 ιι
511 5589 740 5658 Ὀλίγον
775 5589 843 5643 δὲ
890 5592 1113 5659 χρόνον
1151 5590 1422 5657 Φίληκος
1478 5588 1924 5659 ἑπιξιὼσαντος.

341 5660 460 5713 lino
483 5669 610 5713 octo
633 5657 809 5714 annos
842 5657 1125 5729 superstes
1185 5668 1326 5725 erat,
1357 5665 1511 5729 teste
1569 5657 1836 5714 Faustino
1867 5661 1922 5712 in

341 5729 556 5800 praefat.
593 5729 658 5782 ad
694 5726 958 5784 Libellum
991 5730 1315 5800 supplicem.
1354 5726 1692 5800 W.l_.ovv1'n.

437 5800 607 5855 iKal
678 5797 1191 5872 ἐκκλησιαστικοῦ
1273 5797 1500 5867 θεσμοῦ
1571 5797 1914 5867 ἀλλότριον.

2035 5582 2203 5638 Multa
2227 5583 2524 5656 annotavit
2547 5583 2774 5656 doctiss.
2813 5584 2957 5639 Guil.
2988 5585 3313 5656 Beveregius
3343 5584 3408 5656 ad
3435 5599 3601 5656 cano-

2033 5671 2179 5726 nem
2221 5653 2254 5708 8
2284 5656 2516 5726 concilii
2561 5654 2765 5710 Nicaani
2799 5672 2837 5720 ι,
2887 5671 2953 5710 ex
2999 5653 3296 5726 Cypriano,
3343 5653 3601 5726 Paciano,

2031 5725 2364 5794 Epiphanio,
2400 5726 2634 5793 aliisque
2677 5726 2990 5788 vett-ribus,
3031 5723 3178 5792 quod
3230 5740 3337 5779 non
3371 5723 3605 5778 debeant

2027 5811 2150 5852 €558

2183 5795 2292 5850 duo
2325 5794 2572 5866 episcopi
2615 5799 2669 5850 in
2700 5795 2888 5850 eadem
2920 5798 3070 5851 urbe.
