4044 6332
579 384 714 440 i155

2053 381 2394 438 ΞΟΖΟΜΕΝΙ

3627 393 3736 448 “’56

575 503 883 572 praebuerat
927 502 1212 558 nuntiandi
1271 503 1580 572 imperatori
1625 503 1852 574 periisse
1899 499 2146 554 multitu-

2255 495 2392 570 εἶχεο
2429 499 2656 571 δευτέρᾳ
2704 500 2812 568 γὰρ
2855 499 2974 568 ὥρᾳ
3027 499 3089 550 ού
3148 498 3434 567 συναξίμου
3481 502 3742 571 ἡμέρας,ό

575 589 759 645 dinem
788 591 1161 661 episcoporum
1182 634 1196 657 ,
1237 600 1285 647 et
1319 593 1558 648 virorum
1599 608 1664 648 ac
1694 593 1980 647 mulierum
2008 629 2023 654 ,
2050 591 2144 660 qui

574 682 632 736 in
659 683 888 738 ecclesia
927 682 1232 738 servandos
1275 700 1335 739 sc
1383 700 1507 740 esse
1555 693 1870 755 sperantes,
1897 697 1962 738 eo
2021 696 2146 736 cum

573 775 766 830 liberis
816 776 1213 846 confugissent.
1273 776 1403 842 Quae
1445 786 1625 833 tamen
1673 777 1984 846 neutiquam
2017 789 2147 830 vera

571 878 746 920 erant.
781 864 922 920 llora
941 868 1086 921 enim
1103 867 1336 920 secunda
1359 868 1466 922 diei
1490 908 1505 933 ,
1536 884 1646 938 quo
1666 868 1895 922 collecta
1922 867 2148 920 minime

564 959 982 1019 celebrabatur,
1020 966 1178 1012 terra:
1211 966 1391 1013 motus
1422 960 1609 1029 ccepit.
1659 958 1725 1012 Et
1767 973 1834 1013 ex
1877 956 2148 1027 episcopis

565 1051 723 1104 solus
760 1048 1090 1119 Cecropius,
1135 1049 1463 1106 Nicomediai
1534 1053 1708 1121 ipsius
1758 1053 1988 1106 antistes
2033 1091 2049 1114 ,
2093 1057 2147 1104 ct

569 1141 714 1195 alius
745 1148 1002 1208 praeterea
1033 1141 1252 1210 quidam
1277 1157 1340 1196 ex
1377 1143 1622 1212 Bosporo
1644 1182 1658 1201 ,
1683 1150 1834 1196 extra
1859 1141 2145 1196 ecclesiam

562 1231 819 1301 oppressi
877 1243 1025 1287 sunt.
1087 1232 1331 1301 Cumque
1405 1236 1600 1290 civitas
1662 1233 1809 1288 brevi
1887 1232 2148 1301 temporis

569 1331 848 1377 momento
881 1337 1152 1378 concussa
1211 1324 1314 1388 sit,
1345 1325 1659 1393 quicunque
1692 1323 1802 1377 alio
1846 1322 2150 1377 voluissent

569 1405 901 1476 confugere,
943 1405 1363 1474 haudquaquam
1408 1415 1652 1475 potuere.
1703 1405 1806 1459 Sed
1848 1403 2004 1474 152
2043 1405 2149 1472 pri-

572 1509 661 1547 mo
703 1495 905 1562 impetu
959 1495 1266 1565 ingruentis
1316 1497 1578 1565 periculi,
1613 1495 1726 1550 fere
1763 1511 1873 1565 quo
1920 1496 2151 1563 quisque

572 1583 692 1635 loco
715 1590 977 1648 steterat,
1011 1591 1106 1638 aut
1131 1599 1384 1640 servatus
1410 1595 1530 1648 est,
1583 1595 1676 1640 aut
1710 1586 1938 1642 interiit.
1979 1586 2148 1642 Caete-

571 1687 692 1725 rum
735 1673 889 1727 aiunt
941 1675 1227 1730 Arsacium
1262 1677 1554 1747 quemdam
1590 1693 1710 1732 eam
1745 1679 2146 1741 calamitatem,

570 1765 726 1833 prius
754 1781 917 1835 quam
941 1767 1243 1832 accideret,
1277 1769 1619 1839 praevidisse.
1656 1771 1786 1824 Erat
1817 1769 1904 1823 hic
1931 1770 2148 1822 natione

2248 594 2472 662 σεισμὸς
2510 591 2830 662 ἐνέσκηψεν.
2860 589 3204 643 Ἐπισκόπων
3231 589 3286 642 δὲ
3319 589 3469 656 μόνος
3494 592 3742 662 Κεκρὸπιος

2245 685 2274 737 ὁ
2308 683 2673 755 Νικομηδείας
2707 684 2912 753 αὐτῆς,
2944 683 3037 736 καὶ
3083 681 3240 744 ἀλλος
3273 681 3378 733 ἀπὸ
3410 682 3650 751 Βοσπόρου
3670 687 3746 755 τῆς

2246 776 2545 845 ἐκκλησίας
2587 774 2786 840 ἔξωθεν
2839 773 3294 843 κατελείφθησαν.
3333 773 3419 826 Ἐν
3445 775 3678 848 ἀκαριαίῳ
3700 797 3745 834 τι

2247 867 2427 938 χρόνῳ
2475 866 2928 936 κατασεισθείσης
2954 864 3056 934 τῆς
3107 865 3343 927 πόλεως,
3393 865 3502 920 οὐδὲ
3528 867 3748 938 ἐνεδέχετο

2245 955 2505 1012 δύνασθαι
2547 959 2672 1020 τοὺς
2715 956 2968 1019 θέλοντας
3017 955 3148 1025 ἄλλῃ
3183 959 3524 1022 καταφυγεῖν.
3563 957 3678 1010 Ἀλλ’
3705 960 3748 1009 ἐν

2245 1053 2311 1121 τῇ
2342 1049 2533 1122 πρώτῃ
2571 1049 2735 1119 πείρα
2758 1047 2851 1102 τοῦ
2874 1048 3120 1100 κινδύνου
3154 1047 3230 1104 ὡς
3263 1047 3461 1100 ἐπίπαν
3486 1048 3579 1117 ὅπη
3605 1047 3750 1117 ἐτυχεν

2246 1141 2476 1202 ἕκαστος
2525 1141 2729 1202 ἐστὼς,
2772 1139 2804 1209 ἢ
2855 1137 3132 1207 ἐσώθη,ἢ
3173 1136 3436 1192 ἀπώλετο.
3479 1136 3750 1204 Λέγεται.δέ

2248 1233 2377 1305 πρὶν
2407 1232 2660 1300 γενέσθαι
2697 1231 2902 1300 ταύτην
2940 1230 3038 1299 τὴν
3072 1228 3394 1299 συμφορὰν,
3425 1228 3635 1298 προϊδεῖν
3660 1231 3752 1299 Ἀρ-

2250 1326 2440 1380 σὰκιον
2456 1340 2470 1353 ⁸
2499 1324 2557 1386 ὃς
2584 1323 2644 1375 τὸ
2674 1323 2771 1392 μὲν
2794 1322 2950 1390 γένος
2978 1322 3198 1391 Πέρσης
3218 1317 3305 1390 ἦν.
3327 1321 3456 1372 Ἀπὸ
3479 1321 3750 1390 στρατιώτου

2246 1415 2304 1468 δέ
2359 1414 2664 1485 θηροκόμου
2712 1413 2822 1482 (94)
2877 1412 2984 1466 τῶν
3038 1411 3333 1482 βασιλικῶν
3391 1410 3599 1464 λεόντων
3623 1452 3636 1474 ,
3679 1411 3754 1464 οὐκ

2248 1505 2459 1574 ἄσημος
2490 1502 2598 1556 τῶν
2651 1503 2744 1554 ἐπὶ
2776 1502 3017 1555 Λικινίου
3070 1500 3404 1571 ὁμολογητὴς
3438 1501 3660 1568 ἐγένετο’
3685 1503 3755 1554 καὶ

2247 1594 2345 1665 τὴν
2375 1592 2664 1664 στρατείαν
2696 1592 3033 1656 καταλιπὼν,
3065 1593 3122 1644 ἐν
3149 1594 3216 1661 τῇ
3250 1591 3396 1662 ἄκρᾳ
3427 1591 3755 1660 Νικομηδείας,

2247 1684 2396 1745 ἐντὸς
2449 1683 2542 1736 τοῦ
2601 1682 2814 1752 τείχους
2862 1683 3102 1751 κατῴκει
3158 1681 3479 1750 φιλοσοφῶν.
3522 1681 3668 1734 Ἔνθα
3709 1681 3756 1750 δὴ

2248 1775 2586 1846 προφανεῖσα
2616 1771 2764 1841 αὐτῷ
2819 1771 2938 1826 θεία
2977 1771 3126 1841 δψις,
3159 1771 3442 1824 ἐκέλευσεν
3477 1769 3653 1834 ἐξιέναι
3681 1770 3758 1839 τῆς

573 1855 740 1912 Persa
765 1897 780 1921 ,
827 1858 919 1928 qui
953 1874 1078 1914 eum
1110 1860 1319 1915 alendis
1351 1860 1701 1930 imperatoris
1733 1860 1984 1915 leonibus
2012 1876 2147 1931 prae-

2255 1866 2454 1930 πόλεως
2481 1906 2496 1930 ,
2529 1864 2602 1928 ὼς
2635 1865 2964 1936 πεισομένης
2991 1864 3135 1934 ἆπερ
3165 1863 3391 1934 ὕστερον
3416 1862 3669 1922 πέπονθεν,
3687 1863 3760 1915 Ἐκ

574 1950 789 2019 positus
832 1951 1115 2014 militaret,
1149 1967 1260 2006 non
1305 1951 1564 2022 ignobilis
1615 1954 1757 2007 inter
1797 1951 2148 2008 confessores

577 2041 889 2111 principatu
939 2040 1139 2097 Licinii
1178 2045 1467 2099 exstiterat
1503 2063 1516 2098 :
1551 2043 1876 2114 abjectaque
1927 2045 2144 2109 militia,

574 2129 629 2182 in
660 2144 785 2184 arce
811 2129 1142 2187 Nicomediae
1173 2132 1316 2186 intra
1356 2133 1509 2188 urbis
1548 2147 1738 2189 muros
1768 2135 2149 2188 commoraba-

575 2227 686 2286 tur,
732 2222 1053 2277 monastica:
1097 2223 1402 2294 disciplinae
1445 2223 1646 2280 studiis
1694 2240 1817 2280 sese
1862 2239 2146 2282 exercens.

575 2311 689 2365 Illic
725 2313 912 2367 divina
960 2315 1098 2369 visio
1136 2316 1185 2370 ei
1229 2316 1436 2382 oblata,
1470 2317 1636 2386 jussit
1690 2323 1749 2370 ut
1797 2317 2148 2387 egrederetur

577 2422 645 2461 ex
679 2407 918 2473 civitate,
951 2417 1138 2479 utpote
1179 2425 1411 2480 passura
1457 2426 1519 2466 ea
1562 2425 1684 2480 qua:
1724 2424 1850 2464 mox
1891 2424 2147 2480 perpessa

573 2509 681 2554 est.
711 2499 923 2556 Exinde
950 2501 1200 2557 celeriter
1240 2502 1306 2556 ad
1335 2501 1626 2558 ecclesiam
1661 2501 1963 2572 profectus,
1997 2517 2146 2555 man—

577 2588 731 2642 davit
777 2590 1021 2654 clericis,
1051 2600 1112 2646 ut
1159 2591 1396 2647 sollicite
1448 2592 1558 2646 Deo
1602 2595 1994 2664 supplicarent,
2031 2608 2150 2662 pre-

578 2697 782 2752 cesque
817 2682 865 2737 ei
893 2683 1160 2752 placando
1195 2683 1480 2750 offerrent,
1511 2684 1579 2739 ad
1608 2685 1984 2755 depellendam
2012 2686 2149 2739 iram

585 2788 710 2844 quae
738 2774 1128 2829 intentabatur.
1160 2774 1297 2830 Cum
1325 2790 1457 2830 vero
1484 2791 1590 2829 nou
1621 2775 1975 2846 persuaderet
2020 2775 2148 2838 illis,

518 2875 521 2878 ‘
581 2867 677 2921 sed
721 2864 990 2920 ridiculus
1039 2864 1353 2931 videretur,
1411 2867 1613 2937 quippe
1666 2868 1759 2936 qui
1815 2868 2150 2937 insperatam

582 2956 902 3025 praediceret
935 2957 1168 3022 cladem,
1194 2957 1252 3011 in
1288 2959 1485 3012 turrim
1530 2953 1687 3014 suam
1723 2973 1978 3013 reversus
2015 2966 2100 3013 est
2134 2975 2146 3010 :

581 3063 894 3117 pronusque
925 3048 978 3102 in
1010 3057 1209 3104 terram
1245 3047 1470 3114 cadens,
1505 3047 1675 3102 Deum
1713 3048 1906 3102 oravit.
1942 3048 2151 3103 interea

581 3138 848 3207 temporis
904 3145 1028 3192 orto
1071 3144 1233 3192 terra:
1285 3145 1460 3201 motu,
1509 3137 1755 3206 plerique
1818 3137 2146 3206 perierunt:

579 3223 778 3293 reliqui
808 3220 991 3279 autein
1020 3225 1116 3294 qui
1145 3225 1556 3295 superfuerant,
1595 3226 1649 3278 in
1684 3239 1844 3295 agros
1873 3234 1928 3280 et
1963 3226 2016 3278 in
2056 3239 2148 3280 so-

584 3318 869 3372 litudinem
921 3319 1301 3389 profugerunt.
1339 3316 1550 3372 Etenim
1597 3324 1860 3387 tauquam
1917 3317 1970 3371 in
2022 3331 2156 3386 opu-

582 3409 728 3463 lenta
757 3423 822 3462 ac
863 3409 1103 3464 maxima
1149 3408 1374 3463 civitate
1408 3407 1552 3478 ignis
1596 3423 1692 3476 per
1736 3422 1930 3462 omnes
1962 3407 2156 3462 domos

581 3508 700 3555 erat
726 3514 996 3556 accensus
1033 3499 1088 3552 in
1130 3499 1326 3554 foculis
1355 3513 1420 3554 ac
1457 3499 1673 3564 furnis,
1721 3507 1777 3553 et
1822 3499 1879 3552 in
1919 3498 2155 3552 caminis

584 3591 928 3654 balneorum,
959 3605 1261 3660 eorumque
1307 3591 1562 3660 opilicum
1597 3591 1689 3661 qui
1721 3591 1863 3661 ignis
1893 3591 2157 3647 beneficio

587 3686 734 3733 artes
769 3692 898 3732 suas
935 3688 1213 3733 exercent.
1255 3679 1603 3749 Dejectisque
1653 3678 1852 3734 aedium
1899 3679 2059 3735 tectis
2106 3689 2159 3733 et

587 3769 964 3833 lacunaribus,
1011 3769 1227 3823 flamma
1274 3771 1551 3824 materiem
1590 3771 1912 3840 corripiens,
1962 3774 2157 3840 permi-

586 3862 708 3926 stis,
747 3870 807 3915 ut
835 3861 1132 3917 verisimile
1163 3871 1266 3927 est,
1307 3863 1476 3916 aridis
1504 3861 1690 3932 lignis,
1723 3871 1778 3916 et
1817 3877 2160 3932 quaecunque

585 3953 694 4008 olei
739 3961 991 4007 naturam
1036 3953 1260 4019 habent,
1291 3961 1346 4008 et
1377 3953 1440 4008 ad
1482 3954 1661 4024 ignem
1693 3954 1946 4009 celeriter
1967 3955 2156 4009 conci-

587 4045 845 4115 piendum
873 4045 1161 4115 aptissima
1192 4055 1342 4107 sunt,
1378 4046 1664 4116 copiosum
1707 4046 1965 4116 pabulum
1996 4056 2159 4100 nacta

585 4148 688 4191 est.
723 4136 1072 4206 Serpeusque
1121 4137 1347 4207 passim,
1377 4153 1440 4192 ac
1471 4137 1574 4192 sibi
1623 4136 1726 4206 ipsi
1771 4137 2064 4206 conjuncta
2097 4153 2161 4192 ac

585 4227 919 4289 coadunala,
964 4235 1133 4280 totam
1185 4227 1461 4281 civitatem
1496 4227 1672 4281 instar
1705 4227 1868 4282 unius
1926 4228 2064 4297 rogi,
2103 4236 2161 4281 ut

589 4318 663 4371 ita
709 4315 910 4378 dicam,
945 4315 1145 4370 effecit.
1195 4317 1276 4372 0b
1327 4318 1469 4373 hanc
1518 4334 1743 4374 causam
1791 4335 1918 4374 cum
1963 4320 2161 4374 domus

589 4396 886 4462 inaccessae
928 4414 1134 4470 essent,
1164 4407 1200 4460 ii
1231 4408 1324 4478 qui
1367 4423 1435 4462 ex
1477 4419 1637 4465 terra:
1672 4420 1822 4465 motu
1860 4410 2162 4465 incolumes

2246 1960 2435 2012 τούτου
2470 1976 2530 2012 τε
2579 1958 2788 2029 σπουδῇ
2834 1954 3153 2010 καταλαϐὼν
3191 1955 3291 2026 τὴν
3349 1955 3654 2024 ἐκκλησίαν,
3697 1956 3760 2005 ἐν·

2247 2051 2489 2104 ετείλατο
2511 2053 2624 2114 τοῖς
2650 2051 2932 2120 κληρικοῖς
2951 2048 3228 2117 ἐπιμελῶς
3252 2046 3518 2100 ἱκετεῦσαι
3542 2047 3620 2099 τὸν
3641 2046 3760 2105 Θεὸν,

2250 2143 2342 2195 καὶ
2400 2140 2742 2212 ίλαστηρίους
2800 2138 3109 2193 ἐπιτελέσαι
3175 2137 3332 2200 λιτάς
3385 2139 3473 2190 ἐπὶ
3517 2136 3647 2189 λύσει
3689 2136 3762 2205 τῆς

2248 2230 2632 2302 ἁπειληθείσης
2655 2229 2844 2301 ὀργῆς.
2884 2230 2974 2293 Ὧς
3021 2228 3077 2282 δὲ
3105 2230 3205 2282 οὑκ
3240 2229 3426 2282 ἐπεισε
3451 2269 3464 2291 ,
3494 2228 3580 2281 καὶ
3602 2227 3764 2295 γελοῖος

2248 2323 2440 2387 ἐδόκει,
2481 2320 2863 2391 ἀπροσδόκητα
2895 2319 3114 2390 μηνύων
3160 2320 3308 2389 πάθη
3331 2359 3346 2383 ,
3377 2318 3674 2388 ἀνέστρεψεν
3697 2317 3764 2367 ἐπὶ

2248 2413 2337 2467 τὸν
2386 2413 2593 2483 πῦργον
2619 2453 2632 2476 ,
2686 2414 2782 2466 καὶ
2835 2413 3047 2484 πρηνὴς
3099 2411 3428 2467 καταπεσὼν
3478 2411 3670 2482 ηὔχετο.
3699 2409 3768 2461 Ἐν

2248 2505 2422 2576 τούτῳ
2456 2505 2512 2558 δέ
2539 2504 2630 2558 τοῦ
2667 2505 2894 2576 σεισμοῦ
2923 2505 3333 2575 ἐπισκήψαντος
3355 2545 3370 2569 ,
3397 2505 3445 2556 οἱ
3481 2503 3572 2574 μὲν
3597 2501 3770 2561 πλείους

2250 2598 2566 2652 ἀπώλοντοο
2623 2600 2670 2652 ol
2714 2597 2771 2651 δέ
2813 2597 3288 2668 περιλειφθέντες,
3328 2599 3409 2660 εἰς
3453 2596 3573 2654 τοὺς
3609 2593 3772 2664 ἀγροὺς

2254 2692 2343 2744 καὶ
2371 2690 2468 2762 τὴν
2509 2689 2712 2760 ἔρημον
2756 2689 2975 2758 ἔφυγον.
3013 2690 3102 2752 Ὧς
3149 2688 3257 2758 γὰρ
3308 2691 3367 2742 ἐν
3418 2686 3668 2756 εὐδαίμονι
3703 2685 3771 2736 καὶ

2255 2783 2468 2855 μεγάλῃ
2505 2783 2693 2845 πόλει,
2745 2779 2870 2833 καθ’
2907 2780 3146 2850 ἐκάστην
3182 2781 3366 2833 οἰκίαν
3423 2777 3530 2848 πῦρ
3575 2774 3773 2846 ἡμμένον

2251 2875 2543 2945 ἐτύγχανεν
2577 2877 2633 2927 ἐν
2662 2871 3008 2944 χυτροπόδοις
3037 2873 3130 2926 καὶ
3158 2871 3436 2940 πνιγεῦσι,
3466 2870 3553 2923 καὶ
3571 2866 3772 2956 καμίνοις

2254 2959 2548 3036 βαλανείων
2568 2982 2627 3018 τε
2665 2966 2759 3018 καὶ
2785 2964 2890 3018 τῶν
2922 2964 3037 3017 ὅσοι
3059 2964 3188 3036 περὶ
3212 2964 3313 3027 τάς
3337 2961 3606 3032 ἐμπύρους
3624 2957 3774 3028 τέχνας

2254 3056 2508 3111 πονοῦσιν
2533 3073 2545 3086 ·
2580 3055 2953 3128 ἐρειπομένων
3008 3071 3068 3108 τε
3119 3054 3228 3107 τῶν
3269 3054 3513 3125 ὀρόφων,
3547 3049 3774 3120 περικλει-

2177 3180 2222 3240 c
2255 3148 2443 3202 σθεῖσα
2471 3151 2590 3212 ταῖς
2618 3146 2771 3211 ὕλαις
2788 3149 2833 3240 ῃ
2873 3145 3007 3215 φλὸξ
3027 3145 3560 3240 ,ἀναμεμιγμένων
3578 3141 3644 3204 ὡς
3669 3137 3776 3240 εἰκὸς

2256 3242 2548 3312 φρυγάνων
2576 3279 2590 3302 ,
2621 3239 2716 3293 καὶ
2745 3237 2852 3292 τῶν
2884 3240 2985 3292 ὅσα
3023 3237 3254 3308 ἐλαιώδη
3289 3238 3444 3301 ἐστὶ,
3481 3235 3572 3289 καὶ
3599 3233 3714 3304 πρὸς
3732 3229 3776 3282 τὸ

2257 3332 2505 3385 καίεσθαι
2539 3330 2727 3400 ῥᾳδίαν
2759 3330 2871 3400 ἔχει
2892 3329 2989 3400 τὴν
3012 3329 3275 3392 ἐπίδοσιν,
3308 3328 3555 3397 ἀφθόνως
3586 3325 3777 3394 ἐτράφη.

2258 3421 2541 3492 Πανταχοῦ
2579 3437 2640 3474 τε
2684 3421 2963 3492 ἕρπουσα,
3013 3419 3108 3472 καὶ
3149 3419 3287 3490 πρὸς
3329 3419 3523 3488 ἐαυτὴν
3561 3426 3779 3469 συναπτοο

2261 3514 2394 3584 μένη
2423 3552 2437 3576 ,
2493 3513 2622 3583 μίαν
2673 3512 2748 3575 ὡς
2805 3513 2979 3564 είπεῖν
3040 3509 3224 3581 πυρὰν
3285 3508 3389 3580 τὴν
3451 3509 3619 3560 πᾶσαν
3663 3501 3780 3554 πόλιν

2258 3605 2502 3676 ἐποίησε.
2535 3605 2642 3657 Καὶ
2675 3602 2813 3657 κατά
2859 3601 3016 3655 τοῦτο
3052 3601 3110 3655 δέ
3155 3600 3264 3653 τῶν
3299 3602 3466 3654 οἴκων
3501 3597 3691 3651 ἀϐάτων
3717 3591 3781 3643 δν·

2259 3713 2386 3757 των,
2413 3698 2461 3749 οί
2482 3693 2877 3763 περισωθέντες
2906 3695 2969 3746 ἐκ
3002 3691 3096 3745 τοῦ
3131 3691 3383 3762 σεισμοῦ.
3421 3691 3511 3745 ἐπὶ
3536 3688 3623 3758 τὴν
3648 3685 3782 3752 ἄκραν

2261 3788 2515 3860 ἔδραμον.
2548 3786 2848 3858 Ἀρσάκιος
2882 3786 2939 3838 δὲ
2967 3788 3023 3838 ἐν
3055 3784 3291 3854 ἁσείστῳ
3324 3783 3401 3853 τῷ
3426 3782 3609 3853 πύργῳ
3629 3774 3782 3846 εὑρέθη

2259 3879 2452 3950 νεκρὸς
2472 3920 2486 3944 ,
2536 3878 2750 3950 πρηνὴς
2782 3877 3032 3948 κείμενος
3059 3916 3072 3939 ,
3111 3870 3223 3928 οἷον
3256 3876 3451 3928 ἐαυτὸν
3486 3873 3687 3926 ἐτάνυσε
3709 3865 3783 3934 τῆς

2261 3971 2427 4040 εὐχῆς
2459 3969 2786 4039 ἀρξάμενος.
2829 3969 2997 4036 Λόγος
3043 3967 3100 4019 δέ
3141 3967 3236 4019 τοῦ
3277 3957 3783 4038 προτελευτῆσαιωδ)

2261 4062 2384 4111 τότε
2418 4059 2602 4124 αὑτὸν,
2641 4058 2733 4110 τὸν
2767 4055 2898 4110 Θεὸν
2946 4054 3244 4118 ἱκετεῦσαι,
3280 4056 3379 4108 καὶ
3411 4052 3678 4107 ἀποθανεῖν
3698 4045 3783 4099 ἐλέ-

2264 4149 2388 4203 σθαι
2425 4148 2622 4219 μᾶλλον
2646 4188 2659 4212 ,
2707 4149 2740 4218 ἢ
2785 4146 3070 4218 συμφορὰν
3103 4145 3409 4198 θεάσασθαι
3446 4145 3670 4203 πόλεως,
3693 4129 3784 4205 ὲνῇ

2262 4241 2330 4292 τὰ
2358 4239 2548 4309 πρῶτα
2576 4239 2668 4292 τὸν
2711 4237 2946 4310 Χριστὸν
2987 4237 3200 4304 ἐπέγνω
3223 4278 3238 4301 ,
3273 4238 3372 4290 καὶ
3407 4238 3504 4306 τῆς
3545 4232 3784 4298 ἐκκλησιαο

2265 4329 2455 4400 σιτικῆς
2483 4328 2800 4398 φιλοσοφίας
2845 4328 3122 4398 μετέσχεν.
3151 4327 3290 4380 Ἀλλ’
3321 4329 3446 4380 ἐπεὶ
3480 4326 3646 4396 φέρων
3677 4318 3787 4390 ἡμᾶς

2263 4423 2291 4474 ὁ
2326 4421 2482 4489 λόγος
2518 4423 2598 4485 είς
2631 4421 2723 4475 τὸν
2759 4420 2927 4489 ἄνδρα
2957 4420 3143 4474 τοῦτον
3173 4421 3401 4489 ἤγαγεν,
3441 4413 3606 4470 ἰστέον
3625 4413 3687 4474 ὠς
3711 4406 3787 4460 ὑπὸ

587 4507 910 4565 evaserant,
948 4500 1014 4553 ad
1061 4514 1242 4555 arcem
1299 4511 1685 4557 cucurrerunt.
1732 4503 1848 4559 Illic
1899 4504 2151 4560 Arsacius

2270 4513 2546 4582 θεοφιλίας
2575 4512 2757 4576 ἱκανὸς
2800 4509 2868 4584 ἦν
2894 4513 3151 4584 δαίμονας
3195 4511 3552 4573 ἀπελαύνειν,
3586 4506 3668 4561 καὶ
3695 4503 3787 4559 τοὺς

589 4591 643 4643 in
684 4598 837 4646 turre
880 4606 1001 4660 qua:
1035 4590 1364 4646 inconcussa
1401 4602 1648 4659 steterat,
1686 4606 1936 4651 mortuus
1971 4612 2157 4666 reper-

590 4693 676 4737 tus
720 4691 827 4747 est,
860 4698 1068 4752 pronus
1100 4683 1251 4736 humi
1296 4684 1486 4752 jacens
1510 4687 1698 4741 eodem
1739 4687 1930 4743 habitu
1960 4705 2069 4759 quo
2098 4706 2159 4745 se

587 4774 889 4830 orationem
954 4774 1316 4829 inchoaturus
1377 4776 1716 4832 extenderat.
1770 4779 1938 4834 Aiunt
1995 4796 2160 4850 porro

587 4880 735 4928 eum,
771 4873 1064 4935 antequam
1106 4877 1428 4932 moreretur,
1453 4867 1564 4925 Deo
1596 4871 1957 4940 supplicasse,
1987 4875 2158 4928 mori»

589 4971 693 5023 que
716 4957 996 5022 maluisse,
1013 4973 1174 5026 quam
1196 4959 1369 5014 oculis
1389 4960 1506 5015 suis
1525 4976 1752 5017 cernere
1767 4963 1980 5017 ruinam
2007 4965 2159 5021 urbis

2264 4605 2616 4676 ὀχλουμένους
2668 4607 2758 4658 ὑπ’
2806 4606 2981 4660 αὐτῶν
3033 4605 3316 4675 καθαίρειν
3349 4604 3486 4672 (96).
3521 4600 3664 4655 Οὕτω
3691 4592 3786 4664 γοῦν

2262 4697 2554 4767 δαιμονιῶν
2582 4715 2664 4761 τις
2706 4698 2860 4768 ξίφος
2909 4699 3294 4768 σπασάμενος,
3352 4699 3458 4750 ἀνά
3489 4697 3582 4765 τὴν
3627 4686 3787 4757 ἀγορὰν

2264 4789 2401 4842 ἔθεε.
2435 4791 2750 4858 Φευγόντων
2779 4790 2834 4842 δὲ
2886 4791 3135 4852 πάντων,
3169 4793 3262 4844 καὶ
3291 4789 3523 4860 θορύϐου
3561 4785 3649 4855 τὴν
3673 4780 3787 4833 πόλιν

2264 4880 2476 4949 ἔχοντος
2497 4920 2511 4944 ,
2539 4880 2924 4950 ύπαντώμενος
2947 4881 3094 4952 αὐτῷ
3115 4881 3205 4934 τὸν
3230 4882 3468 4950 Χριστὸν
3497 4877 3784 4943 ἐπωνόμασε.

2267 4970 2359 5022 καὶ
2405 4969 2482 5039 τῷ
2532 4969 2674 5040 λόγῳ
2716 4970 3007 5026 κατέϐαλε.
3047 4970 3156 5025 Καὶ
3200 4972 3398 5024 αὐτίκα
3429 4969 3650 5036 ἐκάθηρε
3674 5005 3687 5027 ν
3719 4959 3786 5012 καὶ

1743 5144 2010 5198 V'ALESII
2050 5145 2596 5205 ANNOTATIONES.

657 5227 766 5297 (94)
821 5229 961 5304 ‘And
996 5230 1451 5304 ᾳτρςιτιρτουδὲ
1475 5237 1829 5304 θηροκόμου.
1869 5237 2024 5293 Hunc
2069 5241 2151 5292 Io-

587 5313 711 5376 cum
747 5315 852 5351 non
889 5300 1166 5376 intellexit
1199 5299 1572 5376 Nicephorus.
1605 5299 1825 5360 Puiavit
1867 5311 2012 5363 enim
2049 5312 2151 5362 Ar-

589 5370 796 5442 sacium
842 5371 992 5442 prius
1025 5370 1348 5442 nutritorem
1386 5373 1750 5442 imperialium
1800 5379 2039 5439 leonum,
2088 5395 2150 5434 ac

589 5436 788 5514 deinde
813 5439 1038 5514 militem
1086 5439 1276 5494 fuisse.
1306 5436 1484 5514 Verba
1519 5442 1810 5514 Nicephori
1853 5450 1965 5502 haec
1999 5436 2148 5512 sunt,

583 5506 647 5586 iii
675 5506 780 5586 ἀπξ)
809 5506 1479 5586 θηροκόμρυιστρατιῴτης
1507 5512 1601 5586 ὠν.
1628 5506 1904 5586 [ignoravit
1939 5506 2153 5572 scilicci

583 5576 926 5656 Nicephorus
976 5576 1226 5656 militiam
1275 5583 1384 5634 dici
1435 5576 1716 5656 quodlibVet
1775 5589 2146 5641 ministerium

584 5646 730 5720 quod
776 5647 1089 5717 imperatori
1141 5646 1515 5718 praestaretur.
1553 5655 1708 5720 Quod
1755 5659 1916 5712 etiam
1987 5668 2147 5714 antea

583 5718 876 5772 observare
907 5720 1152 5773 memini.

656 5785 767 5855 (95)
806 5787 995 5858 Λόγος
1019 5788 1085 5844 δὲ
1121 5795 1250 5861 περὶ
1298 5793 1400 5848 τοῦ
1430 5796 1921 5867 προτελευτῆσαι.
1961 5799 2018 5852 lu
2060 5813 2152 5853 co-

2254 5242 2376 5296 dice
2427 5244 2730 5314 lf‘uketiano
2773 5243 2929 5299 deest
2969 5260 3072 5298 vox
3103 5245 3247 5314 περί.
3283 5245 3472 5309 Quare
3508 5259 3610 5314 non
3637 5235 3787 5314 dubia)

2252 5317 2388 5379 quin
2441 5313 2597 5368 locus
2653 5316 2724 5367 ita
2775 5315 3104 5369 scribendus
3151 5309 3224 5367 sit
3261 5332 3272 5366 :
3304 5315 3479 5382 Λόγος
3510 5313 3563 5364 δὲ
3607 5309 3784 5382 πρὸέον

2254 5377 2577 5452 τελευτῆσαι
2607 5385 2726 5437 τότε
2759 5385 2942 5446 αὐτόν,
2991 5396 3094 5437 etc.
3156 5383 3353 5438 Vocem
3396 5377 3531 5438 ’τότε
3583 5377 3785 5448 supple“

2254 5454 2543 5525 eteadem
2574 5455 2765 5508 codice
2807 5454 3128 5508 Fuketiano.
3471 5523 3478 5525 _
3564 5521 3607 5525 __
3693 5516 3700 5525 ο

2329 5523 2438 5593 (96)
2507 5525 2842 5590 Καθιιίρειν.
2902 5525 2975 5578 De
3012 5525 3178 5592 hujus
3231 5527 3388 5578 vocis
3438 5521 3785 5593 signiﬁcatione

2255 5586 2400 5656 vide,
2423 5586 2473 5647 ἐἰ
2504 5586 2704 5662 placet,
2726 5611 2845 5663 qum
2873 5596 3069 5663 scripsi
3089 5586 3154 5648 in
3175 5586 3635 5663 Annotatiouibus
3656 5586 3784 5663 βιιςυα

2256 5663 2457 5728 biauis,
2498 5659 2589 5717 lib.
2626 5682 2674 5726 v,
2710 5659 2831 5734 cap.
2872 5667 2922 5718 7.
2956 5659 3156 5720 Eodem
3195 5666 3366 5720 verbo
3391 5664 3563 5718 utitur
3590 5659 3784 5715 Athana-

2259 5735 2372 5788 sius
2403 5735 2456 5788 in
2507 5735 2620 5786 l’ua
2657 5737 2883 5790 Antonii.
