  <div class='ocr_page' id='page_1' title='image "/cluster/home/n/w/nwhite01/storage/ocr_20150623/67/mdp.39015018620115/584.png"; bbox 0 0 4044 6332; ppageno 0'>
   <div class='ocr_carea' id='block_1_1' title="bbox 381 362 513 419">
    <p class='ocr_par' dir='ltr' id='par_1_1' title="bbox 381 362 513 419">
     <span class='ocr_line' id='line_1_1' title="bbox 381 362 513 419; baseline -0.015 -1"><span class='ocrx_word' id='word_1_1' title='bbox 381 362 513 419; x_wconf 69' lang='grc'><strong>115⁸1</strong></span> 
     </span>
    </p>
   </div>
   <div class='ocr_carea' id='block_1_2' title="bbox 1402 357 2676 420">
    <p class='ocr_par' dir='ltr' id='par_1_2' title="bbox 1402 357 2676 420">
     <span class='ocr_line' id='line_1_2' title="bbox 1402 357 2676 420; baseline 0.002 -9"><span class='ocrx_word' id='word_1_2' title='bbox 1402 357 1724 413; x_wconf 72' lang='lat' dir='ltr'><strong>HISTORIA</strong></span> <span class='ocrx_word' id='word_1_3' title='bbox 1759 357 2308 415; x_wconf 75' lang='lat' dir='ltr'><strong>ECCLESIASTICA.</strong></span> <span class='ocrx_word' id='word_1_4' title='bbox 2333 392 2400 401; x_wconf 92' lang='lat'><strong>--—</strong></span> <span class='ocrx_word' id='word_1_5' title='bbox 2422 361 2547 417; x_wconf 85' lang='lat' dir='ltr'><strong>UB.</strong></span> <span class='ocrx_word' id='word_1_6' title='bbox 2592 362 2676 420; x_wconf 80' lang='lat' dir='ltr'><strong>IV.</strong></span> 
     </span>
    </p>
   </div>
   <div class='ocr_carea' id='block_1_3' title="bbox 3495 367 3634 422">
    <p class='ocr_par' dir='ltr' id='par_1_3' title="bbox 3495 367 3634 422">
     <span class='ocr_line' id='line_1_3' title="bbox 3495 367 3634 422; baseline 0.007 -1"><span class='ocrx_word' id='word_1_7' title='bbox 3495 367 3634 422; x_wconf 67' lang='grc' dir='ltr'>ΗΞἶὸ</span> 
     </span>
    </p>
   </div>
   <div class='ocr_carea' id='block_1_4' title="bbox 380 468 1952 547">
    <p class='ocr_par' dir='ltr' id='par_1_4' title="bbox 380 468 1952 542">
     <span class='ocr_line' id='line_1_4' title="bbox 380 468 1952 542; baseline -0.004 -15"><span class='ocrx_word' id='word_1_8' title='bbox 380 474 674 541; x_wconf 71' lang='grc' dir='ltr'><strong>σωφρονεῖν</strong></span> <span class='ocrx_word' id='word_1_9' title='bbox 729 470 973 542; x_wconf 79' lang='grc' dir='ltr'>ἐποίησε.</span> <span class='ocrx_word' id='word_1_10' title='bbox 1029 468 1309 540; x_wconf 88' lang='grc' dir='ltr'>Πεπόνητο</span> <span class='ocrx_word' id='word_1_11' title='bbox 1367 468 1422 522; x_wconf 85' lang='grc' dir='ltr'>δὲ</span> <span class='ocrx_word' id='word_1_12' title='bbox 1456 468 1605 539; x_wconf 83' lang='grc' dir='ltr'>αύτῷ</span> <span class='ocrx_word' id='word_1_13' title='bbox 1654 468 1747 521; x_wconf 78' lang='grc' dir='ltr'><strong>καὶ</strong></span> <span class='ocrx_word' id='word_1_14' title='bbox 1792 468 1952 521; x_wconf 78' lang='grc' dir='ltr'>πολλὰ</span> 
     </span>
    </p>
   </div>
   <div class='ocr_carea' id='block_1_5' title="bbox 2053 468 3628 547">
    <p class='ocr_par' dir='ltr' id='par_1_5' title="bbox 2065 470 3628 547">
     <span class='ocr_line' id='line_1_5' title="bbox 2065 470 3628 547; baseline 0.005 -25"><span class='ocrx_word' id='word_1_15' title='bbox 2065 470 2233 534; x_wconf 88' lang='lat' dir='ltr'><strong>illius,</strong></span> <span class='ocrx_word' id='word_1_16' title='bbox 2264 473 2318 526; x_wconf 94' lang='lat' dir='ltr'><strong>in</strong></span> <span class='ocrx_word' id='word_1_17' title='bbox 2355 489 2463 542; x_wconf 89' lang='lat' dir='ltr'><strong>qua</strong></span> <span class='ocrx_word' id='word_1_18' title='bbox 2492 473 2695 528; x_wconf 82' lang='lat' dir='ltr'><strong>Christi</strong></span> <span class='ocrx_word' id='word_1_19' title='bbox 2739 474 2988 528; x_wconf 89' lang='lat' dir='ltr'><strong>notitiam</strong></span> <span class='ocrx_word' id='word_1_20' title='bbox 3037 476 3269 544; x_wconf 87' lang='lat' dir='ltr'><strong>primum</strong></span> <span class='ocrx_word' id='word_1_21' title='bbox 3303 479 3628 547; x_wconf 83' lang='lat' dir='ltr'><strong>accepisset,</strong></span> 
     </span>
    </p>
   </div>
   <div class='ocr_carea' id='block_1_6' title="bbox 375 559 1955 632">
    <p class='ocr_par' dir='ltr' id='par_1_6' title="bbox 375 559 1955 632">
     <span class='ocr_line' id='line_1_6' title="bbox 375 559 1955 632; baseline -0.006 -12"><span class='ocrx_word' id='word_1_22' title='bbox 375 565 509 620; x_wconf 78' lang='grc' dir='ltr'>ἄλλα</span> <span class='ocrx_word' id='word_1_23' title='bbox 538 562 680 632; x_wconf 82' lang='grc' dir='ltr'>ὑπὲρ</span> <span class='ocrx_word' id='word_1_24' title='bbox 711 561 1058 632; x_wconf 80' lang='grc' dir='ltr'><strong>ἀνθρωπίνην</strong></span> <span class='ocrx_word' id='word_1_25' title='bbox 1081 559 1312 631; x_wconf 87' lang='grc' dir='ltr'>δύναμιν</span> <span class='ocrx_word' id='word_1_26' title='bbox 1338 559 1433 613; x_wconf 80' lang='grc' dir='ltr'>καὶ</span> <span class='ocrx_word' id='word_1_27' title='bbox 1456 559 1670 630; x_wconf 86' lang='grc' dir='ltr'>τέχνην,</span> <span class='ocrx_word' id='word_1_28' title='bbox 1705 559 1798 612; x_wconf 76' lang='grc' dir='ltr'>καὶ</span> <span class='ocrx_word' id='word_1_29' title='bbox 1829 560 1955 628; x_wconf 86' lang='grc' dir='ltr'>μέν-</span> 
     </span>
    </p>
   </div>
   <div class='ocr_carea' id='block_1_7' title="bbox 371 648 1954 724">
    <p class='ocr_par' dir='ltr' id='par_1_7' title="bbox 371 648 1954 724">
     <span class='ocr_line' id='line_1_7' title="bbox 371 648 1954 724; baseline -0.003 -16"><span class='ocrx_word' id='word_1_30' title='bbox 371 674 454 710; x_wconf 86' lang='grc' dir='ltr'><strong>τοι</strong></span> <span class='ocrx_word' id='word_1_31' title='bbox 490 655 584 708; x_wconf 59' lang='grc' dir='ltr'><strong>καί⁵</strong></span> <span class='ocrx_word' id='word_1_32' title='bbox 605 654 746 706; x_wconf 86' lang='grc' dir='ltr'>τόδε·</span> <span class='ocrx_word' id='word_1_33' title='bbox 785 654 1012 724; x_wconf 79' lang='grc' dir='ltr'><strong>Δράκων</strong></span> <span class='ocrx_word' id='word_1_34' title='bbox 1035 648 1123 724; x_wconf 83' lang='grc' dir='ltr'>ἦν,</span> <span class='ocrx_word' id='word_1_35' title='bbox 1158 651 1191 722; x_wconf 81' lang='grc' dir='ltr'>ἢ</span> <span class='ocrx_word' id='word_1_36' title='bbox 1229 651 1416 722; x_wconf 75' lang='grc' dir='ltr'>ἕτερον</span> <span class='ocrx_word' id='word_1_37' title='bbox 1445 651 1675 722; x_wconf 81' lang='grc' dir='ltr'><strong>ἑρπετοῦ</strong></span> <span class='ocrx_word' id='word_1_38' title='bbox 1699 651 1852 718; x_wconf 86' lang='grc' dir='ltr'>γένος</span> <span class='ocrx_word' id='word_1_39' title='bbox 1875 691 1889 714; x_wconf 93' lang='grc'><strong>,</strong></span> <span class='ocrx_word' id='word_1_40' title='bbox 1927 650 1954 704; x_wconf 86' lang='grc' dir='ltr'>ὃ</span> 
     </span>
    </p>
   </div>
   <div class='ocr_carea' id='block_1_8' title="bbox 373 742 1953 818">
    <p class='ocr_par' dir='ltr' id='par_1_8' title="bbox 373 742 1953 818">
     <span class='ocr_line' id='line_1_8' title="bbox 373 742 1953 818; baseline -0.002 -19"><span class='ocrx_word' id='word_1_41' title='bbox 373 747 479 818; x_wconf 81' lang='grc' dir='ltr'>πρὸ</span> <span class='ocrx_word' id='word_1_42' title='bbox 514 747 611 816; x_wconf 85' lang='grc' dir='ltr'><strong>τῆς</strong></span> <span class='ocrx_word' id='word_1_43' title='bbox 643 746 820 813; x_wconf 72' lang='grc' dir='ltr'>ὄψεως</span> <span class='ocrx_word' id='word_1_44' title='bbox 858 747 987 807; x_wconf 85' lang='grc' dir='ltr'>τοὺς</span> <span class='ocrx_word' id='word_1_45' title='bbox 1015 744 1310 815; x_wconf 86' lang='grc' dir='ltr'>παροδίτας</span> <span class='ocrx_word' id='word_1_46' title='bbox 1347 743 1423 814; x_wconf 79' lang='grc' dir='ltr'><strong>τῷ</strong></span> <span class='ocrx_word' id='word_1_47' title='bbox 1466 745 1747 815; x_wconf 82' lang='grc' dir='ltr'>φυσήματι</span> <span class='ocrx_word' id='word_1_48' title='bbox 1767 742 1953 796; x_wconf 84' lang='grc' dir='ltr'>ἀπώλ-</span> 
     </span>
    </p>
   </div>
   <div class='ocr_carea' id='block_1_9' title="bbox 371 833 1953 908">
    <p class='ocr_par' dir='ltr' id='par_1_9' title="bbox 371 833 1953 908">
     <span class='ocr_line' id='line_1_9' title="bbox 371 833 1953 908; baseline -0.002 -19"><span class='ocrx_word' id='word_1_49' title='bbox 371 839 485 894; x_wconf 87' lang='grc' dir='ltr'>λυε.</span> <span class='ocrx_word' id='word_1_50' title='bbox 538 837 697 908; x_wconf 86' lang='grc' dir='ltr'>Παρά</span> <span class='ocrx_word' id='word_1_51' title='bbox 767 836 876 907; x_wconf 85' lang='grc' dir='ltr'>γὰρ</span> <span class='ocrx_word' id='word_1_52' title='bbox 941 836 1217 907; x_wconf 73' lang='grc' dir='ltr'><strong>λεωφόρον</strong></span> <span class='ocrx_word' id='word_1_53' title='bbox 1279 835 1608 904; x_wconf 83' lang='grc' dir='ltr'>ἐφώλευσεν.</span> <span class='ocrx_word' id='word_1_54' title='bbox 1665 834 1831 887; x_wconf 88' lang='grc' dir='ltr'>Ἔνθα</span> <span class='ocrx_word' id='word_1_55' title='bbox 1889 833 1953 905; x_wconf 83' lang='grc' dir='ltr'>δὴ</span> 
     </span>
    </p>
   </div>
   <div class='ocr_carea' id='block_1_10' title="bbox 373 908 1954 1000">
    <p class='ocr_par' dir='ltr' id='par_1_10' title="bbox 373 908 1954 1000">
     <span class='ocr_line' id='line_1_10' title="bbox 373 908 1954 1000; baseline -0.001 -20"><span class='ocrx_word' id='word_1_56' title='bbox 373 929 820 1000; x_wconf 84' lang='grc' dir='ltr'>παραγενόμενος</span> <span class='ocrx_word' id='word_1_57' title='bbox 851 928 1139 998; x_wconf 81' lang='grc' dir='ltr'>Ἀρσάκιος</span> <span class='ocrx_word' id='word_1_58' title='bbox 1171 925 1375 998; x_wconf 77' lang='grc' dir='ltr'>ηὔξατο</span> <span class='ocrx_word' id='word_1_59' title='bbox 1401 965 1414 988; x_wconf 89' lang='grc'><strong>,</strong></span> <span class='ocrx_word' id='word_1_60' title='bbox 1451 928 1546 980; x_wconf 75' lang='grc' dir='ltr'>καὶ</span> <span class='ocrx_word' id='word_1_61' title='bbox 1577 927 1605 980; x_wconf 85' lang='grc' dir='ltr'>ὁ</span> <span class='ocrx_word' id='word_1_62' title='bbox 1649 908 1769 995; x_wconf 58' lang='grc' dir='ltr'>ὖφῖς</span> <span class='ocrx_word' id='word_1_63' title='bbox 1797 926 1954 979; x_wconf 87' lang='grc' dir='ltr'>αύτο-</span> 
     </span>
    </p>
   </div>
   <div class='ocr_carea' id='block_1_11' title="bbox 378 1016 1952 1092">
    <p class='ocr_par' dir='ltr' id='par_1_11' title="bbox 378 1016 1952 1092">
     <span class='ocr_line' id='line_1_11' title="bbox 378 1016 1952 1092; baseline -0.003 -19"><span class='ocrx_word' id='word_1_64' title='bbox 378 1022 564 1091; x_wconf 86' lang='grc' dir='ltr'>μάτως</span> <span class='ocrx_word' id='word_1_65' title='bbox 594 1019 688 1072; x_wconf 82' lang='grc' dir='ltr'>τοῦ</span> <span class='ocrx_word' id='word_1_66' title='bbox 727 1019 936 1088; x_wconf 74' lang='grc' dir='ltr'>φωλεοῦ</span> <span class='ocrx_word' id='word_1_67' title='bbox 981 1019 1203 1092; x_wconf 82' lang='grc' dir='ltr'>ἐξῆλθε,</span> <span class='ocrx_word' id='word_1_68' title='bbox 1247 1019 1342 1072; x_wconf 64' lang='grc' dir='ltr'><strong>κα)⁸</strong></span> <span class='ocrx_word' id='word_1_69' title='bbox 1389 1018 1471 1081; x_wconf 76' lang='grc' dir='ltr'><strong>δὶς</strong></span> <span class='ocrx_word' id='word_1_70' title='bbox 1507 1017 1584 1088; x_wconf 80' lang='grc' dir='ltr'>τῷ</span> <span class='ocrx_word' id='word_1_71' title='bbox 1626 1017 1810 1086; x_wconf 80' lang='grc' dir='ltr'><strong>ἐδάφει</strong></span> <span class='ocrx_word' id='word_1_72' title='bbox 1854 1016 1952 1087; x_wconf 80' lang='grc' dir='ltr'>τὴν</span> 
     </span>
    </p>
   </div>
   <div class='ocr_carea' id='block_1_12' title="bbox 376 1105 1953 1180">
    <p class='ocr_par' dir='ltr' id='par_1_12' title="bbox 376 1105 1953 1180">
     <span class='ocr_line' id='line_1_12' title="bbox 376 1105 1953 1180; baseline 0.001 -20"><span class='ocrx_word' id='word_1_73' title='bbox 376 1109 619 1180; x_wconf 79' lang='grc' dir='ltr'>κεφαλὴν</span> <span class='ocrx_word' id='word_1_74' title='bbox 666 1106 1024 1180; x_wconf 78' lang='grc' dir='ltr'><strong>προσρήξας,</strong></span> <span class='ocrx_word' id='word_1_75' title='bbox 1081 1109 1273 1162; x_wconf 86' lang='grc' dir='ltr'>ἐαυτὸν</span> <span class='ocrx_word' id='word_1_76' title='bbox 1328 1108 1527 1162; x_wconf 85' lang='grc' dir='ltr'>ἀνεῖλε.</span> <span class='ocrx_word' id='word_1_77' title='bbox 1564 1107 1675 1160; x_wconf 81' lang='grc' dir='ltr'><strong>Καὶ</strong></span> <span class='ocrx_word' id='word_1_78' title='bbox 1727 1105 1796 1160; x_wconf 84' lang='grc' dir='ltr'>τὰ</span> <span class='ocrx_word' id='word_1_79' title='bbox 1855 1107 1953 1177; x_wconf 76' lang='grc' dir='ltr'>μὲν</span> 
     </span>
    </p>
   </div>
   <div class='ocr_carea' id='block_1_13' title="bbox 375 1197 1953 1272">
    <p class='ocr_par' dir='ltr' id='par_1_13' title="bbox 375 1197 1953 1272">
     <span class='ocr_line' id='line_1_13' title="bbox 375 1197 1953 1272; baseline 0.001 -20"><span class='ocrx_word' id='word_1_80' title='bbox 375 1197 476 1252; x_wconf 81' lang='grc' dir='ltr'>ὧδε</span> <span class='ocrx_word' id='word_1_81' title='bbox 510 1203 886 1272; x_wconf 73' lang='grc' dir='ltr'><strong>ἀφηγήσαντο,</strong></span> <span class='ocrx_word' id='word_1_82' title='bbox 923 1201 972 1252; x_wconf 83' lang='grc' dir='ltr'>οἳ</span> <span class='ocrx_word' id='word_1_83' title='bbox 1019 1201 1145 1272; x_wconf 75' lang='grc' dir='ltr'>περὶ</span> <span class='ocrx_word' id='word_1_84' title='bbox 1174 1200 1282 1254; x_wconf 87' lang='grc' dir='ltr'><strong>τῶν</strong></span> <span class='ocrx_word' id='word_1_85' title='bbox 1311 1200 1600 1271; x_wconf 82' lang='grc' dir='ltr'>Ἀρσάκιον</span> <span class='ocrx_word' id='word_1_86' title='bbox 1634 1199 1746 1270; x_wconf 88' lang='grc'><strong>(97)</strong></span> <span class='ocrx_word' id='word_1_87' title='bbox 1794 1199 1953 1253; x_wconf 78' lang='grc' dir='ltr'>αὐτὸν</span> 
     </span>
    </p>
   </div>
   <div class='ocr_carea' id='block_1_14' title="bbox 377 1289 1952 1361">
    <p class='ocr_par' dir='ltr' id='par_1_14' title="bbox 377 1289 1952 1361">
     <span class='ocr_line' id='line_1_14' title="bbox 377 1289 1952 1361; baseline -0.001 -18"><span class='ocrx_word' id='word_1_88' title='bbox 377 1291 726 1361; x_wconf 82' lang='grc' dir='ltr'>θεασαμένων</span> <span class='ocrx_word' id='word_1_89' title='bbox 781 1291 1078 1360; x_wconf 79' lang='grc' dir='ltr'>ἀκηκοέναι</span> <span class='ocrx_word' id='word_1_90' title='bbox 1139 1290 1362 1359; x_wconf 78' lang='grc' dir='ltr'>ἔφασαν.</span> <span class='ocrx_word' id='word_1_91' title='bbox 1428 1291 1490 1344; x_wconf 80' lang='grc' dir='ltr'><strong>Οἱ</strong></span> <span class='ocrx_word' id='word_1_92' title='bbox 1549 1289 1605 1342; x_wconf 82' lang='grc' dir='ltr'>δὲ</span> <span class='ocrx_word' id='word_1_93' title='bbox 1666 1289 1952 1343; x_wconf 84' lang='grc' dir='ltr'>ἐπίσκοποι</span> 
     </span>
    </p>
   </div>
   <div class='ocr_carea' id='block_1_15' title="bbox 376 1381 1952 1454">
    <p class='ocr_par' dir='ltr' id='par_1_15' title="bbox 376 1381 1952 1454">
     <span class='ocr_line' id='line_1_15' title="bbox 376 1381 1952 1454; baseline 0 -20"><span class='ocrx_word' id='word_1_94' title='bbox 376 1381 740 1445; x_wconf 81' lang='grc' dir='ltr'>ἀνακοπέντες</span> <span class='ocrx_word' id='word_1_95' title='bbox 767 1383 866 1452; x_wconf 87' lang='grc' dir='ltr'><strong>τῆς</strong></span> <span class='ocrx_word' id='word_1_96' title='bbox 895 1382 987 1434; x_wconf 69' lang='grc' dir='ltr'>ἐπὶ.</span> <span class='ocrx_word' id='word_1_97' title='bbox 1018 1382 1116 1454; x_wconf 77' lang='grc' dir='ltr'>τὴν</span> <span class='ocrx_word' id='word_1_98' title='bbox 1144 1382 1363 1435; x_wconf 84' lang='grc' dir='ltr'>σύνοδον</span> <span class='ocrx_word' id='word_1_99' title='bbox 1388 1383 1564 1453; x_wconf 83' lang='grc' dir='ltr'><strong>ὁρμῆς</strong></span> <span class='ocrx_word' id='word_1_100' title='bbox 1597 1382 1686 1436; x_wconf 88' lang='grc' dir='ltr'>διὰ</span> <span class='ocrx_word' id='word_1_101' title='bbox 1707 1382 1768 1434; x_wconf 83' lang='grc' dir='ltr'><strong>τὸ</strong></span> <span class='ocrx_word' id='word_1_102' title='bbox 1788 1382 1952 1435; x_wconf 87' lang='grc' dir='ltr'>Νικο-</span> 
     </span>
    </p>
   </div>
   <div class='ocr_carea' id='block_1_16' title="bbox 379 1474 1951 1547">
    <p class='ocr_par' dir='ltr' id='par_1_16' title="bbox 379 1474 1951 1547">
     <span class='ocr_line' id='line_1_16' title="bbox 379 1474 1951 1547; baseline 0 -19"><span class='ocrx_word' id='word_1_103' title='bbox 379 1476 602 1547; x_wconf 86' lang='grc' dir='ltr'>μηδείας</span> <span class='ocrx_word' id='word_1_104' title='bbox 637 1475 807 1538; x_wconf 80' lang='grc' dir='ltr'>πάθος</span> <span class='ocrx_word' id='word_1_105' title='bbox 827 1515 840 1537; x_wconf 86' lang='grc'><strong>,</strong></span> <span class='ocrx_word' id='word_1_106' title='bbox 882 1476 932 1528; x_wconf 84' lang='grc' dir='ltr'>οἱ</span> <span class='ocrx_word' id='word_1_107' title='bbox 964 1475 1062 1546; x_wconf 84' lang='grc' dir='ltr'>μὲν</span> <span class='ocrx_word' id='word_1_108' title='bbox 1093 1474 1421 1546; x_wconf 84' lang='grc' dir='ltr'>περιέμενον</span> <span class='ocrx_word' id='word_1_109' title='bbox 1453 1474 1614 1528; x_wconf 83' lang='grc' dir='ltr'>πάλιν</span> <span class='ocrx_word' id='word_1_110' title='bbox 1633 1474 1701 1528; x_wconf 86' lang='grc' dir='ltr'>τὰ</span> <span class='ocrx_word' id='word_1_111' title='bbox 1723 1474 1951 1543; x_wconf 81' lang='grc' dir='ltr'>δόξαντα</span> 
     </span>
    </p>
   </div>
   <div class='ocr_carea' id='block_1_17' title="bbox 374 1564 1996 1637">
    <p class='ocr_par' dir='ltr' id='par_1_17' title="bbox 374 1564 1996 1637">
     <span class='ocr_line' id='line_1_17' title="bbox 374 1564 1996 1637; baseline -0.001 -17"><span class='ocrx_word' id='word_1_112' title='bbox 374 1567 454 1637; x_wconf 84' lang='grc' dir='ltr'><strong>τῷ</strong></span> <span class='ocrx_word' id='word_1_113' title='bbox 476 1566 684 1637; x_wconf 82' lang='grc' dir='ltr'>βασιλεῖ</span> <span class='ocrx_word' id='word_1_114' title='bbox 707 1579 722 1594; x_wconf 71' lang='grc'><strong>⁸</strong></span> <span class='ocrx_word' id='word_1_115' title='bbox 749 1567 798 1619; x_wconf 80' lang='grc' dir='ltr'>οἱ</span> <span class='ocrx_word' id='word_1_116' title='bbox 832 1566 910 1631; x_wconf 87' lang='grc' dir='ltr'><strong>δὲ,</strong></span> <span class='ocrx_word' id='word_1_117' title='bbox 935 1567 1002 1636; x_wconf 85' lang='grc' dir='ltr'>ἦν</span> <span class='ocrx_word' id='word_1_118' title='bbox 1035 1565 1218 1636; x_wconf 72' lang='grc' dir='ltr'>ἔχουσι</span> <span class='ocrx_word' id='word_1_119' title='bbox 1239 1564 1395 1631; x_wconf 77' lang='grc' dir='ltr'>δόξαν</span> <span class='ocrx_word' id='word_1_120' title='bbox 1419 1565 1548 1636; x_wconf 77' lang='grc' dir='ltr'>περὶ</span> <span class='ocrx_word' id='word_1_121' title='bbox 1571 1565 1670 1636; x_wconf 90' lang='grc' dir='ltr'><strong>τῆς</strong></span> <span class='ocrx_word' id='word_1_122' title='bbox 1691 1566 1948 1630; x_wconf 87' lang='grc' dir='ltr'>πίστεως,</span> <span class='ocrx_word' id='word_1_123' title='bbox 1989 1566 1996 1572; x_wconf 88' lang='grc'><em>’</em></span> 
     </span>
    </p>
   </div>
   <div class='ocr_carea' id='block_1_18' title="bbox 374 1657 1948 1730">
    <p class='ocr_par' dir='ltr' id='par_1_18' title="bbox 374 1657 1948 1730">
     <span class='ocr_line' id='line_1_18' title="bbox 374 1657 1948 1730; baseline -0.002 -17"><span class='ocrx_word' id='word_1_124' title='bbox 374 1659 464 1713; x_wconf 84' lang='grc' dir='ltr'>διὰ</span> <span class='ocrx_word' id='word_1_125' title='bbox 511 1657 855 1730; x_wconf 82' lang='grc' dir='ltr'>γραμμάτων</span> <span class='ocrx_word' id='word_1_126' title='bbox 910 1658 1206 1729; x_wconf 85' lang='grc' dir='ltr'>ἐδήλωσαν.</span> <span class='ocrx_word' id='word_1_127' title='bbox 1267 1657 1514 1730; x_wconf 83' lang='grc' dir='ltr'>’Δπορῶν</span> <span class='ocrx_word' id='word_1_128' title='bbox 1574 1658 1633 1711; x_wconf 83' lang='grc' dir='ltr'>δὲ</span> <span class='ocrx_word' id='word_1_129' title='bbox 1682 1658 1808 1729; x_wconf 78' lang='grc' dir='ltr'>περὶ</span> <span class='ocrx_word' id='word_1_130' title='bbox 1856 1659 1948 1711; x_wconf 79' lang='grc' dir='ltr'><strong>τοῦ</strong></span> 
     </span>
    </p>
   </div>
   <div class='ocr_carea' id='block_1_19' title="bbox 376 1745 1950 1820">
    <p class='ocr_par' dir='ltr' id='par_1_19' title="bbox 376 1745 1950 1820">
     <span class='ocr_line' id='line_1_19' title="bbox 376 1745 1950 1820; baseline -0.002 -19"><span class='ocrx_word' id='word_1_131' title='bbox 376 1749 652 1819; x_wconf 84' lang='grc' dir='ltr'>πρακτέου</span> <span class='ocrx_word' id='word_1_132' title='bbox 678 1750 706 1801; x_wconf 86' lang='grc' dir='ltr'>ὁ</span> <span class='ocrx_word' id='word_1_133' title='bbox 734 1746 949 1820; x_wconf 83' lang='grc' dir='ltr'>κρατῶν</span> <span class='ocrx_word' id='word_1_134' title='bbox 976 1787 990 1811; x_wconf 89' lang='grc'><strong>,</strong></span> <span class='ocrx_word' id='word_1_135' title='bbox 1022 1747 1224 1818; x_wconf 82' lang='grc' dir='ltr'>γράφει</span> <span class='ocrx_word' id='word_1_136' title='bbox 1249 1747 1510 1818; x_wconf 86' lang='grc' dir='ltr'>Βασιλείῳ</span> <span class='ocrx_word' id='word_1_137' title='bbox 1537 1745 1582 1813; x_wconf 83' lang='lat' dir='ltr'><strong>i,</strong></span> <span class='ocrx_word' id='word_1_138' title='bbox 1613 1746 1950 1816; x_wconf 86' lang='grc' dir='ltr'>πυνθανόμε-</span> 
     </span>
    </p>
   </div>
   <div class='ocr_carea' id='block_1_20' title="bbox 375 1809 2023 1908">
    <p class='ocr_par' dir='ltr' id='par_1_20' title="bbox 375 1809 2023 1908">
     <span class='ocr_line' id='line_1_20' title="bbox 375 1809 2023 1908; baseline -0.001 -18"><span class='ocrx_word' id='word_1_139' title='bbox 375 1809 462 1902; x_wconf 70' lang='grc' dir='ltr'><strong>νος</strong></span> <span class='ocrx_word' id='word_1_140' title='bbox 495 1839 524 1892; x_wconf 83' lang='grc' dir='ltr'>ὅ</span> <span class='ocrx_word' id='word_1_141' title='bbox 567 1837 620 1890; x_wconf 90' lang='grc' dir='ltr'><strong>τί</strong></span> <span class='ocrx_word' id='word_1_142' title='bbox 659 1809 789 1890; x_wconf 74' lang='grc' dir='ltr'>ποτε</span> <span class='ocrx_word' id='word_1_143' title='bbox 823 1836 928 1908; x_wconf 77' lang='grc' dir='ltr'><strong>χρὴ</strong></span> <span class='ocrx_word' id='word_1_144' title='bbox 1141 1809 1241 1908; x_wconf 76' lang='grc' dir='ltr'><strong>τῆς</strong></span> <span class='ocrx_word' id='word_1_145' title='bbox 1278 1809 1495 1891; x_wconf 74' lang='grc' dir='ltr'>συνόδου</span> <span class='ocrx_word' id='word_1_146' title='bbox 1524 1809 1717 1891; x_wconf 83' lang='grc' dir='ltr'>ποιεῖν.</span> <span class='ocrx_word' id='word_1_147' title='bbox 1755 1837 1813 1890; x_wconf 80' lang='lat'><strong>&#39;0</strong></span> <span class='ocrx_word' id='word_1_148' title='bbox 1854 1809 1946 1902; x_wconf 67' lang='grc' dir='ltr'>δὲ,</span> <span class='ocrx_word' id='word_1_149' title='bbox 1981 1809 2023 1864; x_wconf 73' lang='grc' dir='ltr'>Β</span> 
     </span>
    </p>
   </div>
   <div class='ocr_carea' id='block_1_21' title="bbox 373 1926 1952 1998">
    <p class='ocr_par' dir='ltr' id='par_1_21' title="bbox 373 1926 1952 1998">
     <span class='ocr_line' id='line_1_21' title="bbox 373 1926 1952 1998; baseline 0 -20"><span class='ocrx_word' id='word_1_150' title='bbox 373 1927 451 1989; x_wconf 88' lang='grc' dir='ltr'>ὼς</span> <span class='ocrx_word' id='word_1_151' title='bbox 500 1926 680 1989; x_wconf 80' lang='grc' dir='ltr'>εἰκὸς,</span> <span class='ocrx_word' id='word_1_152' title='bbox 728 1926 820 1979; x_wconf 71' lang='grc' dir='ltr'>ἐπὶ</span> <span class='ocrx_word' id='word_1_153' title='bbox 872 1926 1123 1998; x_wconf 63' lang='grc' dir='ltr'><strong>εὐσεϐείᾳ⁴</strong></span> <span class='ocrx_word' id='word_1_154' title='bbox 1184 1927 1256 1980; x_wconf 83' lang='grc' dir='ltr'>δι’</span> <span class='ocrx_word' id='word_1_155' title='bbox 1316 1927 1603 1998; x_wconf 80' lang='grc' dir='ltr'>ἐπιστολῆς</span> <span class='ocrx_word' id='word_1_156' title='bbox 1659 1927 1952 1990; x_wconf 75' lang='grc' dir='ltr'>ἐπαινέσας</span> 
     </span>
    </p>
   </div>
   <div class='ocr_carea' id='block_1_22' title="bbox 374 2006 1950 2090">
    <p class='ocr_par' dir='ltr' id='par_1_22' title="bbox 374 2006 1950 2090">
     <span class='ocr_line' id='line_1_22' title="bbox 374 2006 1950 2090; baseline 0.001 -19"><span class='ocrx_word' id='word_1_157' title='bbox 374 2017 567 2082; x_wconf 79' lang='grc' dir='ltr'>αὐτὸν,</span> <span class='ocrx_word' id='word_1_158' title='bbox 599 2018 693 2072; x_wconf 75' lang='grc' dir='ltr'>καὶ</span> <span class='ocrx_word' id='word_1_159' title='bbox 715 2019 804 2070; x_wconf 77' lang='grc' dir='ltr'>ἐπὶ</span> <span class='ocrx_word' id='word_1_160' title='bbox 848 2017 926 2087; x_wconf 84' lang='grc' dir='ltr'>τῷ</span> <span class='ocrx_word' id='word_1_161' title='bbox 952 2017 1112 2072; x_wconf 84' lang='grc' dir='ltr'>πάθει</span> <span class='ocrx_word' id='word_1_162' title='bbox 1146 2006 1514 2089; x_wconf 83' lang='grc' dir='ltr'>Νικομηδείας</span> <span class='ocrx_word' id='word_1_163' title='bbox 1544 2017 1950 2090; x_wconf 80' lang='grc' dir='ltr'>παραμυθησά-</span> 
     </span>
    </p>
   </div>
   <div class='ocr_carea' id='block_1_23' title="bbox 378 2111 1952 2183">
    <p class='ocr_par' dir='ltr' id='par_1_23' title="bbox 378 2111 1952 2183">
     <span class='ocr_line' id='line_1_23' title="bbox 378 2111 1952 2183; baseline 0.001 -20"><span class='ocrx_word' id='word_1_164' title='bbox 378 2128 539 2182; x_wconf 85' lang='grc' dir='ltr'>μενος</span> <span class='ocrx_word' id='word_1_165' title='bbox 579 2111 640 2176; x_wconf 80' lang='grc' dir='ltr'>ἐξ</span> <span class='ocrx_word' id='word_1_166' title='bbox 678 2111 1093 2181; x_wconf 81' lang='grc' dir='ltr'>ὑποδειγμάτων</span> <span class='ocrx_word' id='word_1_167' title='bbox 1125 2111 1254 2183; x_wconf 71' lang='lat'><strong>(98)]</strong></span> <span class='ocrx_word' id='word_1_168' title='bbox 1283 2112 1444 2182; x_wconf 85' lang='grc' dir='ltr'>ίερῶν</span> <span class='ocrx_word' id='word_1_169' title='bbox 1497 2111 1775 2182; x_wconf 85' lang='grc' dir='ltr'>ἱστοριῶν,</span> <span class='ocrx_word' id='word_1_170' title='bbox 1811 2125 1952 2180; x_wconf 83' lang='grc' dir='ltr'>παρ-</span> 
     </span>
    </p>
   </div>
   <div class='ocr_carea' id='block_1_24' title="bbox 373 2191 1950 2274">
    <p class='ocr_par' dir='ltr' id='par_1_24' title="bbox 373 2191 1950 2274">
     <span class='ocr_line' id='line_1_24' title="bbox 373 2191 1950 2274; baseline -0.001 -19"><span class='ocrx_word' id='word_1_171' title='bbox 373 2202 589 2274; x_wconf 85' lang='grc' dir='ltr'>οτρύνει</span> <span class='ocrx_word' id='word_1_172' title='bbox 627 2201 954 2273; x_wconf 76' lang='grc' dir='ltr'>ἐπιταχῦναι</span> <span class='ocrx_word' id='word_1_173' title='bbox 981 2203 1080 2273; x_wconf 81' lang='grc' dir='ltr'><strong>τὴν</strong></span> <span class='ocrx_word' id='word_1_174' title='bbox 1115 2202 1483 2271; x_wconf 76' lang='grc' dir='ltr'>σύνοδον,ικαὶ</span> <span class='ocrx_word' id='word_1_175' title='bbox 1523 2203 1597 2274; x_wconf 80' lang='grc' dir='ltr'>μὴ</span> <span class='ocrx_word' id='word_1_176' title='bbox 1626 2191 1950 2273; x_wconf 81' lang='grc' dir='ltr'>καθυφῆναι,</span> 
     </span>
    </p>
   </div>
   <div class='ocr_carea' id='block_1_25' title="bbox 373 2295 1954 2370">
    <p class='ocr_par' dir='ltr' id='par_1_25' title="bbox 373 2295 1954 2370">
     <span class='ocr_line' id='line_1_25' title="bbox 373 2295 1954 2370; baseline 0.001 -21"><span class='ocrx_word' id='word_1_177' title='bbox 373 2297 450 2359; x_wconf 83' lang='grc' dir='ltr'>ὡς</span> <span class='ocrx_word' id='word_1_178' title='bbox 481 2299 618 2368; x_wconf 85' lang='grc' dir='ltr'>ὑπὲρ</span> <span class='ocrx_word' id='word_1_179' title='bbox 650 2295 932 2360; x_wconf 81' lang='grc' dir='ltr'>εὐσεϐείας</span> <span class='ocrx_word' id='word_1_180' title='bbox 977 2298 1076 2368; x_wconf 89' lang='grc' dir='ltr'><strong>τῆς</strong></span> <span class='ocrx_word' id='word_1_181' title='bbox 1112 2296 1345 2368; x_wconf 81' lang='grc' dir='ltr'>σπουδῆς</span> <span class='ocrx_word' id='word_1_182' title='bbox 1373 2297 1540 2370; x_wconf 79' lang='grc' dir='ltr'>οῠσης</span> <span class='ocrx_word' id='word_1_183' title='bbox 1560 2313 1572 2326; x_wconf 78' lang='grc'><strong><em>⁸</em></strong></span> <span class='ocrx_word' id='word_1_184' title='bbox 1610 2297 1744 2367; x_wconf 87' lang='grc' dir='ltr'><strong>μηδέ</strong></span> <span class='ocrx_word' id='word_1_185' title='bbox 1773 2296 1954 2366; x_wconf 85' lang='grc' dir='ltr'>ἀπρά-</span> 
     </span>
    </p>
   </div>
   <div class='ocr_carea' id='block_1_26' title="bbox 374 2388 1953 2459">
    <p class='ocr_par' dir='ltr' id='par_1_26' title="bbox 374 2388 1953 2459">
     <span class='ocr_line' id='line_1_26' title="bbox 374 2388 1953 2459; baseline -0.001 -17"><span class='ocrx_word' id='word_1_186' title='bbox 374 2405 536 2452; x_wconf 83' lang='grc' dir='ltr'>κτους</span> <span class='ocrx_word' id='word_1_187' title='bbox 603 2388 925 2459; x_wconf 79' lang='grc' dir='ltr'>ἀποπέμψαι</span> <span class='ocrx_word' id='word_1_188' title='bbox 978 2390 1106 2454; x_wconf 83' lang='grc' dir='ltr'>τοὺς</span> <span class='ocrx_word' id='word_1_189' title='bbox 1163 2391 1256 2443; x_wconf 78' lang='grc' dir='ltr'><strong>ἐπὶ</strong></span> <span class='ocrx_word' id='word_1_190' title='bbox 1309 2389 1466 2442; x_wconf 81' lang='grc' dir='ltr'>τοῦτο</span> <span class='ocrx_word' id='word_1_191' title='bbox 1531 2388 1953 2458; x_wconf 85' lang='grc' dir='ltr'>συλλεγομένους</span> 
     </span>
    </p>
   </div>
   <div class='ocr_carea' id='block_1_27' title="bbox 379 2480 1952 2552">
    <p class='ocr_par' dir='ltr' id='par_1_27' title="bbox 379 2480 1952 2552">
     <span class='ocr_line' id='line_1_27' title="bbox 379 2480 1952 2552; baseline -0.001 -18"><span class='ocrx_word' id='word_1_192' title='bbox 379 2482 560 2551; x_wconf 82' lang='grc' dir='ltr'>ἱερέας</span> <span class='ocrx_word' id='word_1_193' title='bbox 581 2521 594 2544; x_wconf 92' lang='grc'><strong>,</strong></span> <span class='ocrx_word' id='word_1_194' title='bbox 627 2481 773 2550; x_wconf 80' lang='grc' dir='ltr'>ἅπαξ</span> <span class='ocrx_word' id='word_1_195' title='bbox 799 2481 1185 2552; x_wconf 80' lang='grc' dir='ltr'>ἐξεληλυθότας</span> <span class='ocrx_word' id='word_1_196' title='bbox 1201 2521 1215 2547; x_wconf 91' lang='grc'><strong>,</strong></span> <span class='ocrx_word' id='word_1_197' title='bbox 1240 2481 1334 2536; x_wconf 78' lang='grc' dir='ltr'>καὶ</span> <span class='ocrx_word' id='word_1_198' title='bbox 1358 2481 1498 2534; x_wconf 86' lang='grc' dir='ltr'><strong>κατά</strong></span> <span class='ocrx_word' id='word_1_199' title='bbox 1518 2481 1617 2552; x_wconf 87' lang='grc' dir='ltr'><strong>τὴν</strong></span> <span class='ocrx_word' id='word_1_200' title='bbox 1645 2480 1952 2550; x_wconf 80' lang='grc' dir='ltr'>ὁδοιπορίαν</span> 
     </span>
    </p>
   </div>
   <div class='ocr_carea' id='block_1_28' title="bbox 374 2572 1951 2645">
    <p class='ocr_par' dir='ltr' id='par_1_28' title="bbox 374 2572 1951 2645">
     <span class='ocr_line' id='line_1_28' title="bbox 374 2572 1951 2645; baseline -0.001 -20"><span class='ocrx_word' id='word_1_201' title='bbox 374 2574 540 2636; x_wconf 76' lang='grc' dir='ltr'>ὄντας</span> <span class='ocrx_word' id='word_1_202' title='bbox 563 2591 576 2604; x_wconf 86' lang='grc'>·</span> <span class='ocrx_word' id='word_1_203' title='bbox 612 2573 779 2644; x_wconf 83' lang='grc' dir='ltr'>ὥρισε</span> <span class='ocrx_word' id='word_1_204' title='bbox 808 2573 866 2627; x_wconf 81' lang='grc' dir='ltr'>δὲ</span> <span class='ocrx_word' id='word_1_205' title='bbox 903 2577 969 2645; x_wconf 82' lang='grc' dir='ltr'>τῇ</span> <span class='ocrx_word' id='word_1_206' title='bbox 1001 2573 1204 2644; x_wconf 86' lang='grc' dir='ltr'>συνόδῳ</span> <span class='ocrx_word' id='word_1_207' title='bbox 1235 2574 1396 2627; x_wconf 89' lang='grc' dir='ltr'>τόπον</span> <span class='ocrx_word' id='word_1_208' title='bbox 1441 2574 1562 2628; x_wconf 73' lang='grc' dir='ltr'>ἀντὶ</span> <span class='ocrx_word' id='word_1_209' title='bbox 1586 2572 1951 2644; x_wconf 87' lang='grc' dir='ltr'>Νικομηδείας</span> 
     </span>
    </p>
   </div>
   <div class='ocr_carea' id='block_1_29' title="bbox 373 2663 1952 2736">
    <p class='ocr_par' dir='ltr' id='par_1_29' title="bbox 373 2663 1952 2736">
     <span class='ocr_line' id='line_1_29' title="bbox 373 2663 1952 2736; baseline 0 -21"><span class='ocrx_word' id='word_1_210' title='bbox 373 2664 477 2733; x_wconf 84' lang='grc' dir='ltr'>τὴν</span> <span class='ocrx_word' id='word_1_211' title='bbox 523 2664 759 2718; x_wconf 81' lang='grc' dir='ltr'>Νίκαιαν</span> <span class='ocrx_word' id='word_1_212' title='bbox 782 2704 798 2731; x_wconf 96' lang='grc'><strong>,</strong></span> <span class='ocrx_word' id='word_1_213' title='bbox 829 2663 969 2718; x_wconf 83' lang='grc' dir='ltr'>ὥστε</span> <span class='ocrx_word' id='word_1_214' title='bbox 1000 2666 1115 2718; x_wconf 86' lang='grc' dir='ltr'>ἐκεῖ</span> <span class='ocrx_word' id='word_1_215' title='bbox 1135 2663 1205 2718; x_wconf 88' lang='grc' dir='ltr'>τὰ</span> <span class='ocrx_word' id='word_1_216' title='bbox 1233 2666 1362 2736; x_wconf 77' lang='grc' dir='ltr'>περὶ</span> <span class='ocrx_word' id='word_1_217' title='bbox 1403 2665 1500 2734; x_wconf 85' lang='grc' dir='ltr'><strong>τῆς</strong></span> <span class='ocrx_word' id='word_1_218' title='bbox 1533 2665 1769 2727; x_wconf 82' lang='grc' dir='ltr'>πίστεως</span> <span class='ocrx_word' id='word_1_219' title='bbox 1805 2663 1952 2734; x_wconf 88' lang='grc' dir='ltr'>διορ-</span> 
     </span>
    </p>
   </div>
   <div class='ocr_carea' id='block_1_30' title="bbox 372 2755 1952 2827">
    <p class='ocr_par' dir='ltr' id='par_1_30' title="bbox 372 2755 1952 2827">
     <span class='ocr_line' id='line_1_30' title="bbox 372 2755 1952 2827; baseline 0.001 -19"><span class='ocrx_word' id='word_1_220' title='bbox 372 2755 636 2826; x_wconf 81' lang='grc' dir='ltr'>οωθῆναι,</span> <span class='ocrx_word' id='word_1_221' title='bbox 660 2755 788 2811; x_wconf 80' lang='grc' dir='ltr'>ἔνθα</span> <span class='ocrx_word' id='word_1_222' title='bbox 815 2756 908 2811; x_wconf 81' lang='grc' dir='ltr'>καὶ</span> <span class='ocrx_word' id='word_1_223' title='bbox 932 2755 1208 2827; x_wconf 74' lang='grc' dir='ltr'>ζητεῖσθαι</span> <span class='ocrx_word' id='word_1_224' title='bbox 1239 2755 1458 2826; x_wconf 74' lang='grc' dir='ltr'>ἤρξατο.</span> <span class='ocrx_word' id='word_1_225' title='bbox 1485 2757 1596 2810; x_wconf 76' lang='grc' dir='ltr'>Καὶ</span> <span class='ocrx_word' id='word_1_226' title='bbox 1619 2758 1647 2809; x_wconf 87' lang='grc' dir='ltr'><strong>ό</strong></span> <span class='ocrx_word' id='word_1_227' title='bbox 1673 2756 1952 2821; x_wconf 83' lang='grc' dir='ltr'>Βασίλειος</span> 
     </span>
    </p>
   </div>
   <div class='ocr_carea' id='block_1_31' title="bbox 373 2841 1941 2920">
    <p class='ocr_par' dir='ltr' id='par_1_31' title="bbox 373 2841 1941 2920">
     <span class='ocr_line' id='line_1_31' title="bbox 373 2841 1941 2920; baseline 0.003 -22"><span class='ocrx_word' id='word_1_228' title='bbox 373 2845 601 2899; x_wconf 80' lang='grc' dir='ltr'>τοιαῦτα</span> <span class='ocrx_word' id='word_1_229' title='bbox 633 2846 935 2916; x_wconf 79' lang='grc' dir='ltr'>ἀντέγραψε</span> <span class='ocrx_word' id='word_1_230' title='bbox 956 2885 971 2909; x_wconf 88' lang='grc'><strong>,</strong></span> <span class='ocrx_word' id='word_1_231' title='bbox 1003 2846 1420 2918; x_wconf 85' lang='grc' dir='ltr'>τεκμηράμενος</span> <span class='ocrx_word' id='word_1_232' title='bbox 1449 2841 1552 2900; x_wconf 86' lang='grc' dir='ltr'>ὧδέ</span> <span class='ocrx_word' id='word_1_233' title='bbox 1606 2865 1680 2919; x_wconf 87' lang='grc' dir='ltr'><strong>πη</strong></span> <span class='ocrx_word' id='word_1_234' title='bbox 1717 2865 1941 2920; x_wconf 86' lang='grc' dir='ltr'>κεχαρι-</span> 
     </span>
    </p>
   </div>
   <div class='ocr_carea' id='block_1_32' title="bbox 377 2937 1951 3012">
    <p class='ocr_par' dir='ltr' id='par_1_32' title="bbox 377 2937 1951 3012">
     <span class='ocr_line' id='line_1_32' title="bbox 377 2937 1951 3012; baseline 0.004 -23"><span class='ocrx_word' id='word_1_235' title='bbox 377 2938 554 3007; x_wconf 86' lang='grc' dir='ltr'>σμένα</span> <span class='ocrx_word' id='word_1_236' title='bbox 587 2937 798 3007; x_wconf 84' lang='grc' dir='ltr'>βασιλεῖ</span> <span class='ocrx_word' id='word_1_237' title='bbox 823 2937 1104 3008; x_wconf 87' lang='grc' dir='ltr'>δηλώσειν,</span> <span class='ocrx_word' id='word_1_238' title='bbox 1129 2938 1319 2993; x_wconf 84' lang='grc' dir='ltr'>καθότι</span> <span class='ocrx_word' id='word_1_239' title='bbox 1351 2941 1445 2994; x_wconf 72' lang='grc' dir='ltr'><strong>καὶ</strong></span> <span class='ocrx_word' id='word_1_240' title='bbox 1480 2941 1638 3004; x_wconf 82' lang='grc' dir='ltr'>αὐτὸς</span> <span class='ocrx_word' id='word_1_241' title='bbox 1659 2942 1757 3011; x_wconf 81' lang='grc' dir='ltr'>τὴν</span> <span class='ocrx_word' id='word_1_242' title='bbox 1777 2942 1951 3012; x_wconf 83' lang='grc' dir='ltr'>ἀρχὴν</span> 
     </span>
    </p>
   </div>
   <div class='ocr_carea' id='block_1_33' title="bbox 373 3027 1950 3101">
    <p class='ocr_par' dir='ltr' id='par_1_33' title="bbox 373 3027 1950 3101">
     <span class='ocr_line' id='line_1_33' title="bbox 373 3027 1950 3101; baseline 0.001 -21"><span class='ocrx_word' id='word_1_243' title='bbox 373 3029 437 3080; x_wconf 85' lang='grc' dir='ltr'>ὲν</span> <span class='ocrx_word' id='word_1_244' title='bbox 470 3027 673 3098; x_wconf 84' lang='grc' dir='ltr'>Νικαίᾳ</span> <span class='ocrx_word' id='word_1_245' title='bbox 709 3028 998 3098; x_wconf 82' lang='grc' dir='ltr'>ἐδοκίμασε</span> <span class='ocrx_word' id='word_1_246' title='bbox 1027 3029 1278 3096; x_wconf 84' lang='grc' dir='ltr'>γενέσθαι</span> <span class='ocrx_word' id='word_1_247' title='bbox 1319 3030 1416 3100; x_wconf 77' lang='grc' dir='ltr'>τὴν</span> <span class='ocrx_word' id='word_1_248' title='bbox 1441 3029 1673 3085; x_wconf 88' lang='grc' dir='ltr'>σύνοδον.</span> <span class='ocrx_word' id='word_1_249' title='bbox 1709 3030 1950 3101; x_wconf 77' lang='grc' dir='ltr'>Δεξάμε-</span> 
     </span>
    </p>
   </div>
   <div class='ocr_carea' id='block_1_34' title="bbox 2057 560 3628 631">
    <p class='ocr_par' dir='ltr' id='par_1_34' title="bbox 2057 560 3628 631">
     <span class='ocr_line' id='line_1_34' title="bbox 2057 560 3628 631; baseline 0.003 -18"><span class='ocrx_word' id='word_1_250' title='bbox 2057 570 2112 613; x_wconf 90' lang='lat' dir='ltr'><strong>et</strong></span> <span class='ocrx_word' id='word_1_251' title='bbox 2141 560 2574 616; x_wconf 75' lang='lat' dir='ltr'><strong>ecclesiasticam</strong></span> <span class='ocrx_word' id='word_1_252' title='bbox 2609 561 3011 631; x_wconf 85' lang='lat' dir='ltr'><strong>philosophiam</strong></span> <span class='ocrx_word' id='word_1_253' title='bbox 3034 564 3337 619; x_wconf 79' lang='lat' dir='ltr'><strong>didicisset.</strong></span> <span class='ocrx_word' id='word_1_254' title='bbox 3359 565 3628 620; x_wconf 67' lang='lat' dir='ltr'><strong>Caeterum</strong></span> 
     </span>
    </p>
   </div>
   <div class='ocr_carea' id='block_1_35' title="bbox 2055 653 3631 724">
    <p class='ocr_par' dir='ltr' id='par_1_35' title="bbox 2055 653 3631 724">
     <span class='ocr_line' id='line_1_35' title="bbox 2055 653 3631 724; baseline 0.004 -19"><span class='ocrx_word' id='word_1_255' title='bbox 2055 653 2504 722; x_wconf 85' lang='lat' dir='ltr'><strong>quandoquidem</strong></span> <span class='ocrx_word' id='word_1_256' title='bbox 2529 653 2863 709; x_wconf 85' lang='lat' dir='ltr'><strong>narrationis</strong></span> <span class='ocrx_word' id='word_1_257' title='bbox 2885 656 3021 708; x_wconf 86' lang='lat' dir='ltr'><strong>ordo</strong></span> <span class='ocrx_word' id='word_1_258' title='bbox 3054 655 3118 708; x_wconf 88' lang='lat' dir='ltr'><strong>ad</strong></span> <span class='ocrx_word' id='word_1_259' title='bbox 3154 655 3320 724; x_wconf 92' lang='lat' dir='ltr'><strong>hujus</strong></span> <span class='ocrx_word' id='word_1_260' title='bbox 3347 657 3448 710; x_wconf 89' lang='lat' dir='ltr'><strong>viri</strong></span> <span class='ocrx_word' id='word_1_261' title='bbox 3480 673 3631 711; x_wconf 88' lang='lat' dir='ltr'><strong>men-</strong></span> 
     </span>
    </p>
   </div>
   <div class='ocr_carea' id='block_1_36' title="bbox 2056 744 3631 810">
    <p class='ocr_par' dir='ltr' id='par_1_36' title="bbox 2056 744 3631 810">
     <span class='ocr_line' id='line_1_36' title="bbox 2056 744 3631 810; baseline 0.004 -14"><span class='ocrx_word' id='word_1_262' title='bbox 2056 744 2258 797; x_wconf 81' lang='lat' dir='ltr'><strong>tionem</strong></span> <span class='ocrx_word' id='word_1_263' title='bbox 2285 759 2384 798; x_wconf 91' lang='lat' dir='ltr'><strong>nos</strong></span> <span class='ocrx_word' id='word_1_264' title='bbox 2401 744 2647 807; x_wconf 85' lang='lat' dir='ltr'><strong>deduxit,</strong></span> <span class='ocrx_word' id='word_1_265' title='bbox 2668 745 2950 801; x_wconf 90' lang='lat' dir='ltr'><strong>sciendum</strong></span> <span class='ocrx_word' id='word_1_266' title='bbox 2978 759 3082 810; x_wconf 86' lang='lat' dir='ltr'><strong>est,</strong></span> <span class='ocrx_word' id='word_1_267' title='bbox 3104 748 3253 800; x_wconf 92' lang='lat' dir='ltr'><strong>illum</strong></span> <span class='ocrx_word' id='word_1_268' title='bbox 3279 748 3352 801; x_wconf 89' lang='lat' dir='ltr'><strong>ila</strong></span> <span class='ocrx_word' id='word_1_269' title='bbox 3377 748 3483 802; x_wconf 90' lang='lat' dir='ltr'><strong>Deo</strong></span> <span class='ocrx_word' id='word_1_270' title='bbox 3499 749 3631 802; x_wconf 86' lang='lat' dir='ltr'><strong>cha-</strong></span> 
     </span>
    </p>
   </div>
   <div class='ocr_carea' id='block_1_37' title="bbox 2055 834 3630 908">
    <p class='ocr_par' dir='ltr' id='par_1_37' title="bbox 2055 834 3630 908">
     <span class='ocr_line' id='line_1_37' title="bbox 2055 834 3630 908; baseline 0.004 -22"><span class='ocrx_word' id='word_1_271' title='bbox 2055 849 2176 887; x_wconf 86' lang='lat' dir='ltr'><strong>rum</strong></span> <span class='ocrx_word' id='word_1_272' title='bbox 2201 834 2372 889; x_wconf 80' lang='lat' dir='ltr'><strong>l‘uisse</strong></span> <span class='ocrx_word' id='word_1_273' title='bbox 2397 843 2455 888; x_wconf 91' lang='lat' dir='ltr'><strong>ut</strong></span> <span class='ocrx_word' id='word_1_274' title='bbox 2480 835 2758 892; x_wconf 71' lang='lat' dir='ltr'><strong>daemonas</strong></span> <span class='ocrx_word' id='word_1_275' title='bbox 2785 835 3068 907; x_wconf 75' lang='lat' dir='ltr'><strong>fugaverit,</strong></span> <span class='ocrx_word' id='word_1_276' title='bbox 3087 853 3296 908; x_wconf 85' lang='lat' dir='ltr'><strong>eosque</strong></span> <span class='ocrx_word' id='word_1_277' title='bbox 3309 839 3401 907; x_wconf 88' lang='lat' dir='ltr'><strong>qui</strong></span> <span class='ocrx_word' id='word_1_278' title='bbox 3431 840 3501 892; x_wconf 89' lang='lat' dir='ltr'><strong>ab</strong></span> <span class='ocrx_word' id='word_1_279' title='bbox 3526 840 3630 894; x_wconf 78' lang='lat' dir='ltr'><strong>illis</strong></span> 
     </span>
    </p>
   </div>
   <div class='ocr_carea' id='block_1_38' title="bbox 2055 927 3626 1000">
    <p class='ocr_par' dir='ltr' id='par_1_38' title="bbox 2055 927 3626 1000">
     <span class='ocr_line' id='line_1_38' title="bbox 2055 927 3626 1000; baseline 0.002 -21"><span class='ocrx_word' id='word_1_280' title='bbox 2055 927 2401 981; x_wconf 79' lang='lat' dir='ltr'><strong>vexabantur</strong></span> <span class='ocrx_word' id='word_1_281' title='bbox 2430 929 2766 998; x_wconf 85' lang='lat' dir='ltr'><strong>purgaverit.</strong></span> <span class='ocrx_word' id='word_1_282' title='bbox 2803 929 3046 996; x_wconf 84' lang='lat' dir='ltr'><strong>Quodam</strong></span> <span class='ocrx_word' id='word_1_283' title='bbox 3092 931 3258 1000; x_wconf 80' lang='lat' dir='ltr'><strong>igitur</strong></span> <span class='ocrx_word' id='word_1_284' title='bbox 3296 931 3382 984; x_wconf 89' lang='lat' dir='ltr'><strong>die</strong></span> <span class='ocrx_word' id='word_1_285' title='bbox 3421 932 3626 984; x_wconf 78' lang='lat' dir='ltr'><strong>daemo-</strong></span> 
     </span>
    </p>
   </div>
   <div class='ocr_carea' id='block_1_39' title="bbox 2054 1017 3626 1091">
    <p class='ocr_par' dir='ltr' id='par_1_39' title="bbox 2054 1017 3626 1091">
     <span class='ocr_line' id='line_1_39' title="bbox 2054 1017 3626 1091; baseline 0.002 -22"><span class='ocrx_word' id='word_1_286' title='bbox 2054 1017 2251 1072; x_wconf 89' lang='lat' dir='ltr'><strong>niacus</strong></span> <span class='ocrx_word' id='word_1_287' title='bbox 2281 1033 2376 1088; x_wconf 89' lang='lat' dir='ltr'><strong>per</strong></span> <span class='ocrx_word' id='word_1_288' title='bbox 2407 1018 2610 1085; x_wconf 81' lang='lat' dir='ltr'><strong>forum,</strong></span> <span class='ocrx_word' id='word_1_289' title='bbox 2643 1030 2862 1076; x_wconf 80' lang='lat' dir='ltr'><strong>exserto</strong></span> <span class='ocrx_word' id='word_1_290' title='bbox 2906 1022 3106 1091; x_wconf 83' lang='lat' dir='ltr'><strong>gladio,</strong></span> <span class='ocrx_word' id='word_1_291' title='bbox 3142 1024 3413 1076; x_wconf 90' lang='lat' dir='ltr'><strong>cursitare</strong></span> <span class='ocrx_word' id='word_1_292' title='bbox 3441 1023 3626 1090; x_wconf 75' lang='lat' dir='ltr'><strong>coepit.</strong></span> 
     </span>
    </p>
   </div>
   <div class='ocr_carea' id='block_1_40' title="bbox 2065 1110 3627 1184">
    <p class='ocr_par' dir='ltr' id='par_1_40' title="bbox 2065 1110 3627 1184">
     <span class='ocr_line' id='line_1_40' title="bbox 2065 1110 3627 1184; baseline -0.001 -17"><span class='ocrx_word' id='word_1_293' title='bbox 2065 1110 2316 1182; x_wconf 89' lang='lat' dir='ltr'><strong>Cumque</strong></span> <span class='ocrx_word' id='word_1_294' title='bbox 2363 1129 2554 1169; x_wconf 88' lang='lat' dir='ltr'><strong>omnes</strong></span> <span class='ocrx_word' id='word_1_295' title='bbox 2611 1114 2973 1184; x_wconf 84' lang='lat' dir='ltr'><strong>diﬂ&#39;ugerent,</strong></span> <span class='ocrx_word' id='word_1_296' title='bbox 3034 1125 3086 1169; x_wconf 86' lang='lat' dir='ltr'><strong>et</strong></span> <span class='ocrx_word' id='word_1_297' title='bbox 3133 1115 3328 1171; x_wconf 86' lang='lat' dir='ltr'><strong>civitas</strong></span> <span class='ocrx_word' id='word_1_298' title='bbox 3391 1116 3627 1168; x_wconf 83' lang='lat' dir='ltr'><strong>tumultu</strong></span> 
     </span>
    </p>
   </div>
   <div class='ocr_carea' id='block_1_41' title="bbox 2057 1203 3625 1274">
    <p class='ocr_par' dir='ltr' id='par_1_41' title="bbox 2057 1203 3625 1274">
     <span class='ocr_line' id='line_1_41' title="bbox 2057 1203 3625 1274; baseline 0.003 -20"><span class='ocrx_word' id='word_1_299' title='bbox 2057 1203 2215 1272; x_wconf 85' lang='lat' dir='ltr'><strong>plena</strong></span> <span class='ocrx_word' id='word_1_300' title='bbox 2244 1212 2408 1268; x_wconf 88' lang='lat' dir='ltr'><strong>esset,</strong></span> <span class='ocrx_word' id='word_1_301' title='bbox 2433 1219 2732 1260; x_wconf 85' lang='lat' dir='ltr'><strong>occurrens</strong></span> <span class='ocrx_word' id='word_1_302' title='bbox 2774 1206 2824 1258; x_wconf 92' lang='lat' dir='ltr'><strong>ei</strong></span> <span class='ocrx_word' id='word_1_303' title='bbox 2856 1205 3136 1267; x_wconf 72' lang='lat' dir='ltr'><strong>Arsacius,</strong></span> <span class='ocrx_word' id='word_1_304' title='bbox 3166 1206 3381 1274; x_wconf 87' lang='lat' dir='ltr'><strong>prolato</strong></span> <span class='ocrx_word' id='word_1_305' title='bbox 3423 1205 3625 1258; x_wconf 81' lang='lat' dir='ltr'><strong>Chriin</strong></span> 
     </span>
    </p>
   </div>
   <div class='ocr_carea' id='block_1_42' title="bbox 2054 1296 3622 1366">
    <p class='ocr_par' dir='ltr' id='par_1_42' title="bbox 2054 1296 3622 1366">
     <span class='ocr_line' id='line_1_42' title="bbox 2054 1296 3622 1366; baseline -0.001 -15"><span class='ocrx_word' id='word_1_306' title='bbox 2054 1299 2277 1352; x_wconf 87' lang='lat' dir='ltr'><strong>nomine</strong></span> <span class='ocrx_word' id='word_1_307' title='bbox 2303 1312 2428 1352; x_wconf 90' lang='lat' dir='ltr'><strong>eum</strong></span> <span class='ocrx_word' id='word_1_308' title='bbox 2456 1296 2657 1366; x_wconf 88' lang='lat' dir='ltr'><strong>dejecit</strong></span> <span class='ocrx_word' id='word_1_309' title='bbox 2681 1315 2696 1351; x_wconf 87' lang='lat'><strong>:</strong></span> <span class='ocrx_word' id='word_1_310' title='bbox 2728 1298 3019 1366; x_wconf 85' lang='lat' dir='ltr'><strong>statimque</strong></span> <span class='ocrx_word' id='word_1_311' title='bbox 3043 1297 3313 1352; x_wconf 70' lang='lat' dir='ltr'><strong>dazmonio</strong></span> <span class='ocrx_word' id='word_1_312' title='bbox 3348 1297 3622 1360; x_wconf 90' lang='lat' dir='ltr'><strong>liberavit,</strong></span> 
     </span>
    </p>
   </div>
   <div class='ocr_carea' id='block_1_43' title="bbox 2053 1388 3625 1459">
    <p class='ocr_par' dir='ltr' id='par_1_43' title="bbox 2053 1388 3625 1459">
     <span class='ocr_line' id='line_1_43' title="bbox 2053 1388 3625 1459; baseline -0.002 -14"><span class='ocrx_word' id='word_1_313' title='bbox 2053 1399 2108 1445; x_wconf 87' lang='lat' dir='ltr'><strong>et</strong></span> <span class='ocrx_word' id='word_1_314' title='bbox 2151 1389 2216 1443; x_wconf 91' lang='lat' dir='ltr'><strong>ad</strong></span> <span class='ocrx_word' id='word_1_315' title='bbox 2264 1403 2452 1444; x_wconf 88' lang='lat' dir='ltr'><strong>sanam</strong></span> <span class='ocrx_word' id='word_1_316' title='bbox 2490 1396 2726 1444; x_wconf 88' lang='lat' dir='ltr'><strong>mentem</strong></span> <span class='ocrx_word' id='word_1_317' title='bbox 2759 1388 3000 1443; x_wconf 87' lang='lat' dir='ltr'><strong>reduxit.</strong></span> <span class='ocrx_word' id='word_1_318' title='bbox 3036 1389 3152 1442; x_wconf 84' lang='lat' dir='ltr'><strong>Alia</strong></span> <span class='ocrx_word' id='word_1_319' title='bbox 3188 1405 3407 1459; x_wconf 88' lang='lat' dir='ltr'><strong>quoque</strong></span> <span class='ocrx_word' id='word_1_320' title='bbox 3455 1390 3625 1442; x_wconf 88' lang='lat' dir='ltr'><strong>multa</strong></span> 
     </span>
    </p>
   </div>
   <div class='ocr_carea' id='block_1_44' title="bbox 2052 1481 3618 1552">
    <p class='ocr_par' dir='ltr' id='par_1_44' title="bbox 2052 1481 3618 1552">
     <span class='ocr_line' id='line_1_44' title="bbox 2052 1481 3618 1552; baseline -0.001 -16"><span class='ocrx_word' id='word_1_321' title='bbox 2052 1483 2121 1537; x_wconf 90' lang='lat' dir='ltr'><strong>ab</strong></span> <span class='ocrx_word' id='word_1_322' title='bbox 2153 1484 2248 1537; x_wconf 86' lang='lat' dir='ltr'><strong>illo</strong></span> <span class='ocrx_word' id='word_1_323' title='bbox 2280 1490 2495 1552; x_wconf 88' lang='lat' dir='ltr'><strong>patrata</strong></span> <span class='ocrx_word' id='word_1_324' title='bbox 2533 1488 2680 1542; x_wconf 90' lang='lat' dir='ltr'><strong>sunt,</strong></span> <span class='ocrx_word' id='word_1_325' title='bbox 2706 1495 2828 1550; x_wconf 78' lang='lat' dir='ltr'><strong>quae</strong></span> <span class='ocrx_word' id='word_1_326' title='bbox 2854 1481 3150 1535; x_wconf 89' lang='lat' dir='ltr'><strong>humanam</strong></span> <span class='ocrx_word' id='word_1_327' title='bbox 3180 1481 3286 1534; x_wconf 83' lang='lat' dir='ltr'><strong>vim</strong></span> <span class='ocrx_word' id='word_1_328' title='bbox 3318 1492 3618 1550; x_wconf 88' lang='lat' dir='ltr'><strong>superant:</strong></span> 
     </span>
    </p>
   </div>
   <div class='ocr_carea' id='block_1_45' title="bbox 2054 1569 3624 1643">
    <p class='ocr_par' dir='ltr' id='par_1_45' title="bbox 2054 1569 3624 1643">
     <span class='ocr_line' id='line_1_45' title="bbox 2054 1569 3624 1643; baseline -0.002 -16"><span class='ocrx_word' id='word_1_329' title='bbox 2054 1574 2196 1628; x_wconf 89' lang='lat' dir='ltr'><strong>inter</strong></span> <span class='ocrx_word' id='word_1_330' title='bbox 2220 1587 2340 1643; x_wconf 64' lang='lat' dir='ltr'><strong>qua:</strong></span> <span class='ocrx_word' id='word_1_331' title='bbox 2367 1581 2419 1627; x_wconf 91' lang='lat' dir='ltr'><strong>et</strong></span> <span class='ocrx_word' id='word_1_332' title='bbox 2449 1570 2598 1626; x_wconf 90' lang='lat' dir='ltr'><strong>istud</strong></span> <span class='ocrx_word' id='word_1_333' title='bbox 2633 1579 2719 1626; x_wconf 92' lang='lat' dir='ltr'><strong>est</strong></span> <span class='ocrx_word' id='word_1_334' title='bbox 2745 1589 2758 1625; x_wconf 88' lang='lat'><strong>:</strong></span> <span class='ocrx_word' id='word_1_335' title='bbox 2796 1569 2988 1634; x_wconf 87' lang='lat' dir='ltr'><strong>Draco,</strong></span> <span class='ocrx_word' id='word_1_336' title='bbox 3023 1571 3138 1624; x_wconf 82' lang='lat' dir='ltr'><strong>sive</strong></span> <span class='ocrx_word' id='word_1_337' title='bbox 3173 1570 3321 1624; x_wconf 87' lang='lat' dir='ltr'><strong>aliud</strong></span> <span class='ocrx_word' id='word_1_338' title='bbox 3350 1571 3624 1640; x_wconf 80' lang='lat' dir='ltr'><strong>serpentis</strong></span> 
     </span>
    </p>
   </div>
   <div class='ocr_carea' id='block_1_46' title="bbox 2053 1661 3623 1733">
    <p class='ocr_par' dir='ltr' id='par_1_46' title="bbox 2053 1661 3623 1733">
     <span class='ocr_line' id='line_1_46' title="bbox 2053 1661 3623 1733; baseline -0.003 -15"><span class='ocrx_word' id='word_1_339' title='bbox 2053 1663 2528 1733; x_wconf 84' lang='lat' dir='ltr'><strong>genus,viatores,</strong></span> <span class='ocrx_word' id='word_1_340' title='bbox 2559 1671 2853 1731; x_wconf 85' lang='lat' dir='ltr'><strong>antequam</strong></span> <span class='ocrx_word' id='word_1_341' title='bbox 2888 1662 2957 1716; x_wconf 89' lang='lat' dir='ltr'><strong>ab</strong></span> <span class='ocrx_word' id='word_1_342' title='bbox 2991 1661 3096 1717; x_wconf 80' lang='lat' dir='ltr'><strong>illis</strong></span> <span class='ocrx_word' id='word_1_343' title='bbox 3123 1661 3404 1716; x_wconf 84' lang='lat' dir='ltr'><strong>videretur</strong></span> <span class='ocrx_word' id='word_1_344' title='bbox 3437 1661 3623 1716; x_wconf 80' lang='lat' dir='ltr'><strong>afﬂatu</strong></span> 
     </span>
    </p>
   </div>
   <div class='ocr_carea' id='block_1_47' title="bbox 2052 1753 3621 1824">
    <p class='ocr_par' dir='ltr' id='par_1_47' title="bbox 2052 1753 3621 1824">
     <span class='ocr_line' id='line_1_47' title="bbox 2052 1753 3621 1824; baseline -0.003 -14"><span class='ocrx_word' id='word_1_345' title='bbox 2052 1769 2152 1810; x_wconf 90' lang='lat' dir='ltr'><strong>suo</strong></span> <span class='ocrx_word' id='word_1_346' title='bbox 2181 1755 2501 1824; x_wconf 87' lang='lat' dir='ltr'><strong>perimebat.</strong></span> <span class='ocrx_word' id='word_1_347' title='bbox 2532 1753 2665 1806; x_wconf 83' lang='lat' dir='ltr'><strong>Nam</strong></span> <span class='ocrx_word' id='word_1_348' title='bbox 2702 1755 2757 1808; x_wconf 92' lang='lat' dir='ltr'><strong>in</strong></span> <span class='ocrx_word' id='word_1_349' title='bbox 2789 1767 2957 1823; x_wconf 91' lang='lat' dir='ltr'><strong>specu</strong></span> <span class='ocrx_word' id='word_1_350' title='bbox 2985 1753 3141 1822; x_wconf 79' lang='lat' dir='ltr'><strong>juxta</strong></span> <span class='ocrx_word' id='word_1_351' title='bbox 3172 1753 3314 1808; x_wconf 87' lang='lat' dir='ltr'><strong>viam</strong></span> <span class='ocrx_word' id='word_1_352' title='bbox 3351 1753 3621 1822; x_wconf 85' lang='lat' dir='ltr'><strong>publicam</strong></span> 
     </span>
    </p>
   </div>
   <div class='ocr_carea' id='block_1_48' title="bbox 2053 1844 3626 1916">
    <p class='ocr_par' dir='ltr' id='par_1_48' title="bbox 2053 1844 3626 1916">
     <span class='ocr_line' id='line_1_48' title="bbox 2053 1844 3626 1916; baseline -0.001 -16"><span class='ocrx_word' id='word_1_353' title='bbox 2053 1847 2322 1900; x_wconf 88' lang='lat' dir='ltr'><strong>latitabat.</strong></span> <span class='ocrx_word' id='word_1_354' title='bbox 2351 1844 2684 1916; x_wconf 84' lang='lat' dir='ltr'><strong>Progressus</strong></span> <span class='ocrx_word' id='word_1_355' title='bbox 2710 1859 2775 1900; x_wconf 90' lang='lat' dir='ltr'><strong>eo</strong></span> <span class='ocrx_word' id='word_1_356' title='bbox 2798 1844 3079 1909; x_wconf 85' lang='lat' dir='ltr'><strong>Arsacius,</strong></span> <span class='ocrx_word' id='word_1_357' title='bbox 3117 1844 3286 1899; x_wconf 91' lang='lat' dir='ltr'><strong>Deum</strong></span> <span class='ocrx_word' id='word_1_358' title='bbox 3327 1844 3539 1910; x_wconf 84' lang='lat' dir='ltr'><strong>oravit;</strong></span> <span class='ocrx_word' id='word_1_359' title='bbox 3571 1853 3626 1898; x_wconf 88' lang='lat' dir='ltr'><strong>ct</strong></span> 
     </span>
    </p>
   </div>
   <div class='ocr_carea' id='block_1_49' title="bbox 2053 1941 3620 2008">
    <p class='ocr_par' dir='ltr' id='par_1_49' title="bbox 2053 1941 3620 2008">
     <span class='ocr_line' id='line_1_49' title="bbox 2053 1941 3620 2008; baseline -0.006 -13"><span class='ocrx_word' id='word_1_360' title='bbox 2053 1941 2234 1995; x_wconf 88' lang='lat' dir='ltr'><strong>statim</strong></span> <span class='ocrx_word' id='word_1_361' title='bbox 2267 1953 2494 2008; x_wconf 86' lang='lat' dir='ltr'><strong>serpens</strong></span> <span class='ocrx_word' id='word_1_362' title='bbox 2522 1951 2621 1992; x_wconf 89' lang='lat' dir='ltr'><strong>sua</strong></span> <span class='ocrx_word' id='word_1_363' title='bbox 2647 1945 2842 2007; x_wconf 89' lang='lat' dir='ltr'><strong>sponte</strong></span> <span class='ocrx_word' id='word_1_364' title='bbox 2868 1950 3126 2006; x_wconf 84' lang='lat' dir='ltr'><strong>egressus</strong></span> <span class='ocrx_word' id='word_1_365' title='bbox 3147 1941 3284 1990; x_wconf 88' lang='lat' dir='ltr'><strong>este</strong></span> <span class='ocrx_word' id='word_1_366' title='bbox 3319 1949 3509 2004; x_wconf 87' lang='lat' dir='ltr'><strong>specu,</strong></span> <span class='ocrx_word' id='word_1_367' title='bbox 3543 1942 3620 1997; x_wconf 90' lang='lat' dir='ltr'><strong>et,</strong></span> 
     </span>
    </p>
   </div>
   <div class='ocr_carea' id='block_1_50' title="bbox 2056 2024 3642 2101">
    <p class='ocr_par' dir='ltr' id='par_1_50' title="bbox 2056 2024 3642 2101">
     <span class='ocr_line' id='line_1_50' title="bbox 2056 2024 3642 2101; baseline -0.004 -17"><span class='ocrx_word' id='word_1_368' title='bbox 2056 2030 2212 2101; x_wconf 78' lang='lat'><strong>153</strong></span> <span class='ocrx_word' id='word_1_369' title='bbox 2237 2031 2416 2101; x_wconf 65' lang='lat' dir='ltr'><strong>capite</strong></span> <span class='ocrx_word' id='word_1_370' title='bbox 2449 2030 2518 2085; x_wconf 88' lang='lat' dir='ltr'><strong>ad</strong></span> <span class='ocrx_word' id='word_1_371' title='bbox 2558 2030 2734 2084; x_wconf 88' lang='lat' dir='ltr'><strong>solum</strong></span> <span class='ocrx_word' id='word_1_372' title='bbox 2766 2028 2949 2092; x_wconf 86' lang='lat' dir='ltr'><strong>alliso,</strong></span> <span class='ocrx_word' id='word_1_373' title='bbox 2986 2027 3281 2096; x_wconf 90' lang='lat' dir='ltr'><strong>semetipse</strong></span> <span class='ocrx_word' id='word_1_374' title='bbox 3322 2024 3642 2080; x_wconf 36' lang='lat' dir='ltr'><strong>interfecit...</strong></span> 
     </span>
    </p>
   </div>
   <div class='ocr_carea' id='block_1_51' title="bbox 2053 2117 3624 2193">
    <p class='ocr_par' dir='ltr' id='par_1_51' title="bbox 2053 2117 3624 2193">
     <span class='ocr_line' id='line_1_51' title="bbox 2053 2117 3624 2193; baseline -0.005 -16"><span class='ocrx_word' id='word_1_375' title='bbox 2053 2122 2113 2177; x_wconf 81' lang='lat' dir='ltr'><strong>Et</strong></span> <span class='ocrx_word' id='word_1_376' title='bbox 2147 2125 2260 2178; x_wconf 84' lang='lat' dir='ltr'><strong>haec</strong></span> <span class='ocrx_word' id='word_1_377' title='bbox 2290 2123 2519 2193; x_wconf 89' lang='lat' dir='ltr'><strong>quidem</strong></span> <span class='ocrx_word' id='word_1_378' title='bbox 2550 2122 2622 2175; x_wconf 87' lang='lat' dir='ltr'><strong>ita</strong></span> <span class='ocrx_word' id='word_1_379' title='bbox 2653 2121 2822 2176; x_wconf 89' lang='lat' dir='ltr'><strong>relata</strong></span> <span class='ocrx_word' id='word_1_380' title='bbox 2842 2127 2970 2175; x_wconf 91' lang='lat' dir='ltr'><strong>sunt</strong></span> <span class='ocrx_word' id='word_1_381' title='bbox 2994 2120 3064 2174; x_wconf 90' lang='lat' dir='ltr'><strong>ab</strong></span> <span class='ocrx_word' id='word_1_382' title='bbox 3096 2118 3164 2173; x_wconf 91' lang='lat' dir='ltr'><strong>iis</strong></span> <span class='ocrx_word' id='word_1_383' title='bbox 3217 2117 3312 2189; x_wconf 90' lang='lat' dir='ltr'><strong>qui</strong></span> <span class='ocrx_word' id='word_1_384' title='bbox 3352 2133 3412 2171; x_wconf 87' lang='lat' dir='ltr'><strong>ea</strong></span> <span class='ocrx_word' id='word_1_385' title='bbox 3445 2131 3504 2172; x_wconf 90' lang='lat' dir='ltr'><strong>se</strong></span> <span class='ocrx_word' id='word_1_386' title='bbox 3534 2132 3624 2170; x_wconf 84' lang='lat' dir='ltr'><strong>ae-</strong></span> 
     </span>
    </p>
   </div>
   <div class='ocr_carea' id='block_1_52' title="bbox 2051 2210 3624 2285">
    <p class='ocr_par' dir='ltr' id='par_1_52' title="bbox 2051 2210 3624 2285">
     <span class='ocr_line' id='line_1_52' title="bbox 2051 2210 3624 2285; baseline -0.004 -15"><span class='ocrx_word' id='word_1_387' title='bbox 2051 2215 2265 2285; x_wconf 89' lang='lat' dir='ltr'><strong>cepisse</strong></span> <span class='ocrx_word' id='word_1_388' title='bbox 2287 2215 2545 2270; x_wconf 88' lang='lat' dir='ltr'><strong>dicebant</strong></span> <span class='ocrx_word' id='word_1_389' title='bbox 2594 2228 2624 2267; x_wconf 86' lang='lat' dir='ltr'><strong>a</strong></span> <span class='ocrx_word' id='word_1_390' title='bbox 2650 2213 2786 2268; x_wconf 88' lang='lat' dir='ltr'><strong>viris</strong></span> <span class='ocrx_word' id='word_1_391' title='bbox 2811 2212 2904 2282; x_wconf 87' lang='lat' dir='ltr'><strong>qui</strong></span> <span class='ocrx_word' id='word_1_392' title='bbox 2933 2211 3222 2267; x_wconf 85' lang='lat' dir='ltr'><strong>Arsacium</strong></span> <span class='ocrx_word' id='word_1_393' title='bbox 3277 2211 3456 2280; x_wconf 89' lang='lat' dir='ltr'><strong>ipsum</strong></span> <span class='ocrx_word' id='word_1_394' title='bbox 3484 2210 3624 2264; x_wconf 84' lang='lat' dir='ltr'><strong>vide-</strong></span> 
     </span>
    </p>
   </div>
   <div class='ocr_carea' id='block_1_53' title="bbox 2051 2299 3620 2374">
    <p class='ocr_par' dir='ltr' id='par_1_53' title="bbox 2051 2299 3620 2374">
     <span class='ocr_line' id='line_1_53' title="bbox 2051 2299 3620 2374; baseline -0.005 -15"><span class='ocrx_word' id='word_1_395' title='bbox 2051 2313 2198 2359; x_wconf 90' lang='lat' dir='ltr'><strong>rant.</strong></span> <span class='ocrx_word' id='word_1_396' title='bbox 2253 2303 2508 2374; x_wconf 84' lang='lat' dir='ltr'><strong>Episcopi</strong></span> <span class='ocrx_word' id='word_1_397' title='bbox 2549 2317 2700 2367; x_wconf 88' lang='lat' dir='ltr'><strong>vero,</strong></span> <span class='ocrx_word' id='word_1_398' title='bbox 2771 2310 2996 2372; x_wconf 91' lang='lat' dir='ltr'><strong>propter</strong></span> <span class='ocrx_word' id='word_1_399' title='bbox 3044 2299 3376 2355; x_wconf 70' lang='lat' dir='ltr'><strong>Nicomedia:</strong></span> <span class='ocrx_word' id='word_1_400' title='bbox 3407 2299 3620 2353; x_wconf 90' lang='lat' dir='ltr'><strong>cladem</strong></span> 
     </span>
    </p>
   </div>
   <div class='ocr_carea' id='block_1_54' title="bbox 2053 2392 3621 2467">
    <p class='ocr_par' dir='ltr' id='par_1_54' title="bbox 2053 2392 3621 2467">
     <span class='ocr_line' id='line_1_54' title="bbox 2053 2392 3621 2467; baseline -0.004 -15"><span class='ocrx_word' id='word_1_401' title='bbox 2053 2397 2288 2452; x_wconf 88' lang='lat' dir='ltr'><strong>ulterius</strong></span> <span class='ocrx_word' id='word_1_402' title='bbox 2319 2411 2544 2467; x_wconf 81' lang='lat' dir='ltr'><strong>pergere</strong></span> <span class='ocrx_word' id='word_1_403' title='bbox 2573 2396 2640 2450; x_wconf 90' lang='lat' dir='ltr'><strong>ad</strong></span> <span class='ocrx_word' id='word_1_404' title='bbox 2677 2394 2972 2450; x_wconf 87' lang='lat' dir='ltr'><strong>concilium</strong></span> <span class='ocrx_word' id='word_1_405' title='bbox 3014 2393 3300 2464; x_wconf 87' lang='lat' dir='ltr'><strong>prohibiti,</strong></span> <span class='ocrx_word' id='word_1_406' title='bbox 3365 2392 3458 2446; x_wconf 85' lang='lat' dir='ltr'><strong>alii</strong></span> <span class='ocrx_word' id='word_1_407' title='bbox 3491 2393 3621 2461; x_wconf 90' lang='lat' dir='ltr'><strong>qui-</strong></span> 
     </span>
    </p>
   </div>
   <div class='ocr_carea' id='block_1_55' title="bbox 2051 2483 3618 2555">
    <p class='ocr_par' dir='ltr' id='par_1_55' title="bbox 2051 2483 3618 2555">
     <span class='ocr_line' id='line_1_55' title="bbox 2051 2483 3618 2555; baseline -0.006 -11"><span class='ocrx_word' id='word_1_408' title='bbox 2051 2488 2174 2544; x_wconf 90' lang='lat' dir='ltr'><strong>dem</strong></span> <span class='ocrx_word' id='word_1_409' title='bbox 2230 2502 2433 2542; x_wconf 91' lang='lat' dir='ltr'><strong>novum</strong></span> <span class='ocrx_word' id='word_1_410' title='bbox 2463 2485 2813 2555; x_wconf 87' lang='lat' dir='ltr'><strong>imperatoris</strong></span> <span class='ocrx_word' id='word_1_411' title='bbox 2843 2483 3159 2539; x_wconf 86' lang='lat' dir='ltr'><strong>mandatum</strong></span> <span class='ocrx_word' id='word_1_412' title='bbox 3193 2491 3618 2552; x_wconf 83' lang='lat' dir='ltr'><strong>exspectarunt:</strong></span> 
     </span>
    </p>
   </div>
   <div class='ocr_carea' id='block_1_56' title="bbox 2054 2571 3621 2643">
    <p class='ocr_par' dir='ltr' id='par_1_56' title="bbox 2054 2571 3621 2643">
     <span class='ocr_line' id='line_1_56' title="bbox 2054 2571 3621 2643; baseline -0.005 -12"><span class='ocrx_word' id='word_1_413' title='bbox 2054 2577 2148 2631; x_wconf 89' lang='lat' dir='ltr'><strong>alii</strong></span> <span class='ocrx_word' id='word_1_414' title='bbox 2179 2585 2336 2631; x_wconf 84' lang='lat' dir='ltr'><strong>suam</strong></span> <span class='ocrx_word' id='word_1_415' title='bbox 2365 2577 2433 2630; x_wconf 91' lang='lat' dir='ltr'><strong>de</strong></span> <span class='ocrx_word' id='word_1_416' title='bbox 2464 2574 2569 2629; x_wconf 84' lang='lat' dir='ltr'><strong>ﬁde</strong></span> <span class='ocrx_word' id='word_1_417' title='bbox 2603 2573 2929 2629; x_wconf 87' lang='lat' dir='ltr'><strong>sententiam</strong></span> <span class='ocrx_word' id='word_1_418' title='bbox 2972 2587 3070 2643; x_wconf 88' lang='lat' dir='ltr'><strong>per</strong></span> <span class='ocrx_word' id='word_1_419' title='bbox 3095 2573 3308 2627; x_wconf 86' lang='lat' dir='ltr'><strong>litteras</strong></span> <span class='ocrx_word' id='word_1_420' title='bbox 3337 2571 3621 2640; x_wconf 81' lang='lat' dir='ltr'><strong>signiﬁca-</strong></span> 
     </span>
    </p>
   </div>
   <div class='ocr_carea' id='block_1_57' title="bbox 2052 2663 3625 2737">
    <p class='ocr_par' dir='ltr' id='par_1_57' title="bbox 2052 2663 3625 2737">
     <span class='ocr_line' id='line_1_57' title="bbox 2052 2663 3625 2737; baseline -0.006 -13"><span class='ocrx_word' id='word_1_421' title='bbox 2052 2677 2204 2724; x_wconf 89' lang='lat' dir='ltr'><strong>runt.</strong></span> <span class='ocrx_word' id='word_1_422' title='bbox 2266 2666 2570 2737; x_wconf 83' lang='lat' dir='ltr'><strong>Imperator</strong></span> <span class='ocrx_word' id='word_1_423' title='bbox 2603 2675 2785 2721; x_wconf 85' lang='lat' dir='ltr'><strong>autem</strong></span> <span class='ocrx_word' id='word_1_424' title='bbox 2821 2665 3106 2733; x_wconf 82' lang='lat' dir='ltr'><strong>ambigens</strong></span> <span class='ocrx_word' id='word_1_425' title='bbox 3156 2663 3417 2733; x_wconf 90' lang='lat' dir='ltr'><strong>quidnam</strong></span> <span class='ocrx_word' id='word_1_426' title='bbox 3459 2677 3625 2731; x_wconf 90' lang='lat' dir='ltr'><strong>agen-</strong></span> 
     </span>
    </p>
   </div>
   <div class='ocr_carea' id='block_1_58' title="bbox 2053 2754 3616 2826">
    <p class='ocr_par' dir='ltr' id='par_1_58' title="bbox 2053 2754 3616 2826">
     <span class='ocr_line' id='line_1_58' title="bbox 2053 2754 3616 2826; baseline -0.005 -12"><span class='ocrx_word' id='word_1_427' title='bbox 2053 2760 2184 2814; x_wconf 89' lang='lat' dir='ltr'><strong>dum</strong></span> <span class='ocrx_word' id='word_1_428' title='bbox 2214 2767 2382 2824; x_wconf 88' lang='lat' dir='ltr'><strong>esset,</strong></span> <span class='ocrx_word' id='word_1_429' title='bbox 2415 2756 2642 2826; x_wconf 88' lang='lat' dir='ltr'><strong>scripsit</strong></span> <span class='ocrx_word' id='word_1_430' title='bbox 2675 2756 2741 2810; x_wconf 86' lang='lat' dir='ltr'><strong>ad</strong></span> <span class='ocrx_word' id='word_1_431' title='bbox 2769 2755 3054 2822; x_wconf 83' lang='lat' dir='ltr'><strong>Basilium,</strong></span> <span class='ocrx_word' id='word_1_432' title='bbox 3092 2754 3385 2810; x_wconf 87' lang='lat' dir='ltr'><strong>sciscitans</strong></span> <span class='ocrx_word' id='word_1_433' title='bbox 3449 2768 3515 2808; x_wconf 82' lang='lat' dir='ltr'><strong>ex</strong></span> <span class='ocrx_word' id='word_1_434' title='bbox 3549 2768 3616 2806; x_wconf 93' lang='lat' dir='ltr'><strong>eo</strong></span> 
     </span>
    </p>
   </div>
   <div class='ocr_carea' id='block_1_59' title="bbox 2053 2845 3624 2922">
    <p class='ocr_par' dir='ltr' id='par_1_59' title="bbox 2053 2845 3624 2922">
     <span class='ocr_line' id='line_1_59' title="bbox 2053 2845 3624 2922; baseline -0.004 -18"><span class='ocrx_word' id='word_1_435' title='bbox 2053 2851 2184 2922; x_wconf 85' lang='lat' dir='ltr'><strong>quid</strong></span> <span class='ocrx_word' id='word_1_436' title='bbox 2205 2849 2274 2905; x_wconf 92' lang='lat' dir='ltr'><strong>de</strong></span> <span class='ocrx_word' id='word_1_437' title='bbox 2299 2849 2511 2921; x_wconf 84' lang='lat' dir='ltr'><strong>synodo</strong></span> <span class='ocrx_word' id='word_1_438' title='bbox 2538 2848 2652 2904; x_wconf 84' lang='lat' dir='ltr'><strong>ﬁeri</strong></span> <span class='ocrx_word' id='word_1_439' title='bbox 2692 2854 2990 2918; x_wconf 89' lang='lat' dir='ltr'><strong>oporteret.</strong></span> <span class='ocrx_word' id='word_1_440' title='bbox 3025 2846 3119 2901; x_wconf 92' lang='lat' dir='ltr'><strong>Ille</strong></span> <span class='ocrx_word' id='word_1_441' title='bbox 3165 2845 3401 2909; x_wconf 87' lang='lat' dir='ltr'><strong>laudata,</strong></span> <span class='ocrx_word' id='word_1_442' title='bbox 3437 2855 3496 2898; x_wconf 91' lang='lat' dir='ltr'><strong>ut</strong></span> <span class='ocrx_word' id='word_1_443' title='bbox 3523 2859 3624 2914; x_wconf 85' lang='lat' dir='ltr'><strong>par</strong></span> 
     </span>
    </p>
   </div>
   <div class='ocr_carea' id='block_1_60' title="bbox 2051 2939 3617 3013">
    <p class='ocr_par' dir='ltr' id='par_1_60' title="bbox 2051 2939 3617 3013">
     <span class='ocr_line' id='line_1_60' title="bbox 2051 2939 3617 3013; baseline -0.002 -16"><span class='ocrx_word' id='word_1_444' title='bbox 2051 2952 2191 3006; x_wconf 90' lang='lat' dir='ltr'><strong>erat,</strong></span> <span class='ocrx_word' id='word_1_445' title='bbox 2222 2940 2577 3013; x_wconf 86' lang='lat' dir='ltr'><strong>imperatoris</strong></span> <span class='ocrx_word' id='word_1_446' title='bbox 2609 2941 2809 3010; x_wconf 86' lang='lat' dir='ltr'><strong>pietate</strong></span> <span class='ocrx_word' id='word_1_447' title='bbox 2849 2954 2946 3009; x_wconf 90' lang='lat' dir='ltr'><strong>per</strong></span> <span class='ocrx_word' id='word_1_448' title='bbox 2986 2939 3281 3008; x_wconf 83' lang='lat' dir='ltr'><strong>epistolam</strong></span> <span class='ocrx_word' id='word_1_449' title='bbox 3333 2939 3617 3008; x_wconf 86' lang='lat' dir='ltr'><strong>allatisque</strong></span> 
     </span>
    </p>
   </div>
   <div class='ocr_carea' id='block_1_61' title="bbox 2052 3029 3623 3100">
    <p class='ocr_par' dir='ltr' id='par_1_61' title="bbox 2052 3029 3623 3100">
     <span class='ocr_line' id='line_1_61' title="bbox 2052 3029 3623 3100; baseline -0.005 -10"><span class='ocrx_word' id='word_1_450' title='bbox 2052 3049 2083 3090; x_wconf 89' lang='lat' dir='ltr'><strong>e</strong></span> <span class='ocrx_word' id='word_1_451' title='bbox 2118 3048 2276 3091; x_wconf 86' lang='lat' dir='ltr'><strong>sacra</strong></span> <span class='ocrx_word' id='word_1_452' title='bbox 2314 3033 2547 3088; x_wconf 90' lang='lat' dir='ltr'><strong>historia</strong></span> <span class='ocrx_word' id='word_1_453' title='bbox 2569 3031 2837 3100; x_wconf 79' lang='lat' dir='ltr'><strong>exemplis</strong></span> <span class='ocrx_word' id='word_1_454' title='bbox 2855 3046 2982 3085; x_wconf 91' lang='lat' dir='ltr'><strong>eum</strong></span> <span class='ocrx_word' id='word_1_455' title='bbox 3013 3031 3079 3084; x_wconf 93' lang='lat' dir='ltr'><strong>de</strong></span> <span class='ocrx_word' id='word_1_456' title='bbox 3111 3030 3268 3085; x_wconf 88' lang='lat' dir='ltr'><strong>clade</strong></span> <span class='ocrx_word' id='word_1_457' title='bbox 3296 3029 3623 3084; x_wconf 67' lang='lat' dir='ltr'><strong>Nicomedia:</strong></span> 
     </span>
    </p>
   </div>
   <div class='ocr_carea' id='block_1_62' title="bbox 373 3118 1952 3200">
    <p class='ocr_par' dir='ltr' id='par_1_62' title="bbox 373 3118 1950 3193">
     <span class='ocr_line' id='line_1_62' title="bbox 373 3118 1950 3193; baseline 0.001 -21"><span class='ocrx_word' id='word_1_458' title='bbox 373 3136 464 3182; x_wconf 85' lang='grc' dir='ltr'><strong>νος</strong></span> <span class='ocrx_word' id='word_1_459' title='bbox 485 3118 541 3171; x_wconf 86' lang='grc' dir='ltr'><strong>δέ</strong></span> <span class='ocrx_word' id='word_1_460' title='bbox 563 3121 659 3189; x_wconf 80' lang='grc' dir='ltr'>τὴν</span> <span class='ocrx_word' id='word_1_461' title='bbox 691 3118 968 3171; x_wconf 86' lang='grc' dir='ltr'>Βασιλείου</span> <span class='ocrx_word' id='word_1_462' title='bbox 997 3120 1310 3191; x_wconf 81' lang='grc' dir='ltr'>ἐπιστολὴν,</span> <span class='ocrx_word' id='word_1_463' title='bbox 1332 3121 1399 3173; x_wconf 72' lang='grc' dir='ltr'><strong>τά</strong></span> <span class='ocrx_word' id='word_1_464' title='bbox 1429 3121 1526 3190; x_wconf 80' lang='grc' dir='ltr'>μὲν</span> <span class='ocrx_word' id='word_1_465' title='bbox 1561 3122 1754 3192; x_wconf 87' lang='grc' dir='ltr'>πρῶτα</span> <span class='ocrx_word' id='word_1_466' title='bbox 1781 3138 1950 3193; x_wconf 82' lang='grc' dir='ltr'>προσ-</span> 
     </span>
    </p>
   </div>
   <div class='ocr_carea' id='block_1_63' title="bbox 2053 3118 3623 3200">
    <p class='ocr_par' dir='ltr' id='par_1_63' title="bbox 2053 3123 3623 3194">
     <span class='ocr_line' id='line_1_63' title="bbox 2053 3123 3623 3194; baseline -0.003 -14"><span class='ocrx_word' id='word_1_467' title='bbox 2053 3125 2399 3190; x_wconf 87' lang='lat' dir='ltr'><strong>consolatus,</strong></span> <span class='ocrx_word' id='word_1_468' title='bbox 2457 3126 2711 3178; x_wconf 89' lang='lat' dir='ltr'><strong>hortatur</strong></span> <span class='ocrx_word' id='word_1_469' title='bbox 2749 3131 2808 3178; x_wconf 89' lang='lat' dir='ltr'><strong>ut</strong></span> <span class='ocrx_word' id='word_1_470' title='bbox 2847 3123 3114 3194; x_wconf 85' lang='lat' dir='ltr'><strong>synodum</strong></span> <span class='ocrx_word' id='word_1_471' title='bbox 3173 3123 3461 3187; x_wconf 85' lang='lat' dir='ltr'><strong>acceleret,</strong></span> <span class='ocrx_word' id='word_1_472' title='bbox 3523 3137 3623 3175; x_wconf 89' lang='lat' dir='ltr'><strong>nec</strong></span> 
     </span>
    </p>
   </div>
   <div class='ocr_carea' id='block_1_64' title="bbox 374 3205 1947 3280">
    <p class='ocr_par' dir='ltr' id='par_1_64' title="bbox 374 3205 1947 3280">
     <span class='ocr_line' id='line_1_64' title="bbox 374 3205 1947 3280; baseline 0.003 -21"><span class='ocrx_word' id='word_1_473' title='bbox 374 3205 566 3271; x_wconf 82' lang='grc' dir='ltr'>ἐταξεν</span> <span class='ocrx_word' id='word_1_474' title='bbox 621 3207 925 3277; x_wconf 84' lang='grc' dir='ltr'>ἀρχομένου</span> <span class='ocrx_word' id='word_1_475' title='bbox 953 3206 1044 3260; x_wconf 81' lang='grc' dir='ltr'>τοῦ</span> <span class='ocrx_word' id='word_1_476' title='bbox 1088 3208 1278 3280; x_wconf 88' lang='grc' dir='ltr'>θέρους</span> <span class='ocrx_word' id='word_1_477' title='bbox 1318 3208 1588 3262; x_wconf 85' lang='grc' dir='ltr'>συνελθεῖν</span> <span class='ocrx_word' id='word_1_478' title='bbox 1638 3210 1836 3274; x_wconf 85' lang='grc' dir='ltr'>αὐτοὺς</span> <span class='ocrx_word' id='word_1_479' title='bbox 1867 3211 1947 3275; x_wconf 72' lang='grc' dir='ltr'><strong>εἰς</strong></span> 
     </span>
    </p>
   </div>
   <div class='ocr_carea' id='block_1_65' title="bbox 373 3297 1945 3371">
    <p class='ocr_par' dir='ltr' id='par_1_65' title="bbox 373 3297 1945 3371">
     <span class='ocr_line' id='line_1_65' title="bbox 373 3297 1945 3371; baseline 0.004 -20"><span class='ocrx_word' id='word_1_480' title='bbox 373 3298 632 3363; x_wconf 75' lang='grc' dir='ltr'>Νίκαιαν,</span> <span class='ocrx_word' id='word_1_481' title='bbox 681 3300 820 3370; x_wconf 82' lang='grc' dir='ltr'>πλὴν</span> <span class='ocrx_word' id='word_1_482' title='bbox 861 3301 910 3352; x_wconf 76' lang='grc' dir='ltr'><strong>εί</strong></span> <span class='ocrx_word' id='word_1_483' title='bbox 953 3302 1026 3371; x_wconf 85' lang='grc' dir='ltr'>μή</span> <span class='ocrx_word' id='word_1_484' title='bbox 1062 3318 1205 3364; x_wconf 91' lang='grc' dir='ltr'>τινες</span> <span class='ocrx_word' id='word_1_485' title='bbox 1235 3297 1341 3354; x_wconf 77' lang='grc' dir='ltr'>εἷεν</span> <span class='ocrx_word' id='word_1_486' title='bbox 1370 3304 1482 3364; x_wconf 89' lang='grc' dir='ltr'>τοῖς</span> <span class='ocrx_word' id='word_1_487' title='bbox 1509 3300 1754 3371; x_wconf 87' lang='grc' dir='ltr'>σώμασιν</span> <span class='ocrx_word' id='word_1_488' title='bbox 1783 3303 1945 3357; x_wconf 86' lang='grc' dir='ltr'>ἀσθε-</span> 
     </span>
    </p>
   </div>
   <div class='ocr_carea' id='block_1_66' title="bbox 373 3393 1945 3464">
    <p class='ocr_par' dir='ltr' id='par_1_66' title="bbox 373 3393 1945 3464">
     <span class='ocr_line' id='line_1_66' title="bbox 373 3393 1945 3464; baseline 0.003 -18"><span class='ocrx_word' id='word_1_489' title='bbox 373 3395 523 3456; x_wconf 78' lang='grc' dir='ltr'>νεῖς’</span> <span class='ocrx_word' id='word_1_490' title='bbox 580 3393 860 3464; x_wconf 82' lang='grc' dir='ltr'>ἐκπέμψαι</span> <span class='ocrx_word' id='word_1_491' title='bbox 911 3393 968 3447; x_wconf 88' lang='grc' dir='ltr'>δὲ</span> <span class='ocrx_word' id='word_1_492' title='bbox 1022 3395 1244 3458; x_wconf 85' lang='grc' dir='ltr'>τούτους</span> <span class='ocrx_word' id='word_1_493' title='bbox 1291 3397 1411 3448; x_wconf 76' lang='grc' dir='ltr'>ἀντὶ</span> <span class='ocrx_word' id='word_1_494' title='bbox 1461 3396 1678 3459; x_wconf 82' lang='grc' dir='ltr'>αὐτῶν,</span> <span class='ocrx_word' id='word_1_495' title='bbox 1739 3396 1833 3460; x_wconf 85' lang='grc' dir='ltr'><strong>οὒς</strong></span> <span class='ocrx_word' id='word_1_496' title='bbox 1878 3397 1945 3451; x_wconf 86' lang='grc' dir='ltr'>ἂν</span> 
     </span>
    </p>
   </div>
   <div class='ocr_carea' id='block_1_67' title="bbox 373 3486 1945 3560">
    <p class='ocr_par' dir='ltr' id='par_1_67' title="bbox 373 3486 1945 3560">
     <span class='ocr_line' id='line_1_67' title="bbox 373 3486 1945 3560; baseline 0.003 -23"><span class='ocrx_word' id='word_1_497' title='bbox 373 3486 604 3538; x_wconf 77' lang='grc' dir='ltr'>ἕλωνται</span> <span class='ocrx_word' id='word_1_498' title='bbox 630 3486 1032 3557; x_wconf 84' lang='grc' dir='ltr'>πρεσϐυτέρους</span> <span class='ocrx_word' id='word_1_499' title='bbox 1063 3487 1096 3557; x_wconf 81' lang='grc' dir='ltr'>ἢ</span> <span class='ocrx_word' id='word_1_500' title='bbox 1127 3487 1407 3550; x_wconf 90' lang='grc' dir='ltr'>διακόνους</span> <span class='ocrx_word' id='word_1_501' title='bbox 1425 3527 1440 3551; x_wconf 88' lang='grc'><strong>,</strong></span> <span class='ocrx_word' id='word_1_502' title='bbox 1469 3487 1609 3540; x_wconf 87' lang='grc' dir='ltr'>ὥστε</span> <span class='ocrx_word' id='word_1_503' title='bbox 1644 3488 1740 3560; x_wconf 82' lang='grc' dir='ltr'>τὴν</span> <span class='ocrx_word' id='word_1_504' title='bbox 1769 3488 1945 3542; x_wconf 82' lang='grc' dir='ltr'>αὐτῶν</span> 
     </span>
    </p>
   </div>
   <div class='ocr_carea' id='block_1_68' title="bbox 375 3577 1947 3651">
    <p class='ocr_par' dir='ltr' id='par_1_68' title="bbox 375 3577 1947 3651">
     <span class='ocr_line' id='line_1_68' title="bbox 375 3577 1947 3651; baseline 0.003 -22"><span class='ocrx_word' id='word_1_505' title='bbox 375 3577 602 3648; x_wconf 81' lang='grc' dir='ltr'>γνώμην</span> <span class='ocrx_word' id='word_1_506' title='bbox 643 3577 912 3646; x_wconf 83' lang='grc' dir='ltr'>δηλῶσαι,</span> <span class='ocrx_word' id='word_1_507' title='bbox 943 3578 1034 3632; x_wconf 76' lang='grc' dir='ltr'>καὶ</span> <span class='ocrx_word' id='word_1_508' title='bbox 1066 3579 1192 3650; x_wconf 75' lang='grc' dir='ltr'>περὶ</span> <span class='ocrx_word' id='word_1_509' title='bbox 1237 3579 1343 3632; x_wconf 84' lang='grc' dir='ltr'><strong>τῶν</strong></span> <span class='ocrx_word' id='word_1_510' title='bbox 1381 3580 1698 3650; x_wconf 83' lang='grc' dir='ltr'>ἀμφιϐόλων</span> <span class='ocrx_word' id='word_1_511' title='bbox 1738 3580 1947 3651; x_wconf 85' lang='grc' dir='ltr'>βουλεύ-</span> 
     </span>
    </p>
   </div>
   <div class='ocr_carea' id='block_1_69' title="bbox 373 3667 1954 3742">
    <p class='ocr_par' dir='ltr' id='par_1_69' title="bbox 373 3667 1954 3742">
     <span class='ocr_line' id='line_1_69' title="bbox 373 3667 1954 3742; baseline 0.002 -21"><span class='ocrx_word' id='word_1_512' title='bbox 373 3667 573 3721; x_wconf 80' lang='grc' dir='ltr'>σασθαι</span> <span class='ocrx_word' id='word_1_513' title='bbox 596 3707 610 3732; x_wconf 85' lang='grc'><strong>,</strong></span> <span class='ocrx_word' id='word_1_514' title='bbox 647 3669 741 3721; x_wconf 76' lang='grc' dir='ltr'><strong>καὶ</strong></span> <span class='ocrx_word' id='word_1_515' title='bbox 778 3671 928 3739; x_wconf 82' lang='grc' dir='ltr'>κοινῇ</span> <span class='ocrx_word' id='word_1_516' title='bbox 967 3670 1098 3740; x_wconf 76' lang='grc' dir='ltr'>περὶ</span> <span class='ocrx_word' id='word_1_517' title='bbox 1135 3669 1353 3724; x_wconf 86' lang='grc' dir='ltr'>πάντων</span> <span class='ocrx_word' id='word_1_518' title='bbox 1387 3672 1774 3742; x_wconf 83' lang='grc' dir='ltr'>ὁμοφρονῆσαι.</span> <span class='ocrx_word' id='word_1_519' title='bbox 1813 3671 1954 3724; x_wconf 86' lang='grc' dir='ltr'>Δέκα</span> 
     </span>
    </p>
   </div>
   <div class='ocr_carea' id='block_1_70' title="bbox 369 3761 1954 3833">
    <p class='ocr_par' dir='ltr' id='par_1_70' title="bbox 369 3761 1954 3833">
     <span class='ocr_line' id='line_1_70' title="bbox 369 3761 1954 3833; baseline 0.003 -21"><span class='ocrx_word' id='word_1_520' title='bbox 369 3761 432 3813; x_wconf 82' lang='grc' dir='ltr'>δὲ</span> <span class='ocrx_word' id='word_1_521' title='bbox 460 3761 566 3813; x_wconf 85' lang='grc' dir='ltr'><strong>ἀπὸ</strong></span> <span class='ocrx_word' id='word_1_522' title='bbox 596 3761 703 3813; x_wconf 82' lang='grc' dir='ltr'><strong>τῶν</strong></span> <span class='ocrx_word' id='word_1_523' title='bbox 739 3761 1039 3832; x_wconf 80' lang='grc' dir='ltr'>Ἐσπερίων</span> <span class='ocrx_word' id='word_1_524' title='bbox 1059 3761 1239 3833; x_wconf 83' lang='grc' dir='ltr'>μερῶν</span> <span class='ocrx_word' id='word_1_525' title='bbox 1259 3802 1272 3826; x_wconf 95' lang='grc'><strong>,</strong></span> <span class='ocrx_word' id='word_1_526' title='bbox 1303 3763 1395 3814; x_wconf 76' lang='grc' dir='ltr'><strong>καὶ</strong></span> <span class='ocrx_word' id='word_1_527' title='bbox 1415 3762 1699 3825; x_wconf 83' lang='grc' dir='ltr'>τοσούτους</span> <span class='ocrx_word' id='word_1_528' title='bbox 1723 3762 1829 3816; x_wconf 82' lang='grc' dir='ltr'><strong>ἀπὸ</strong></span> <span class='ocrx_word' id='word_1_529' title='bbox 1853 3763 1954 3832; x_wconf 85' lang='grc' dir='ltr'><strong>τῆς</strong></span> 
     </span>
    </p>
   </div>
   <div class='ocr_carea' id='block_1_71' title="bbox 373 3849 1950 3923">
    <p class='ocr_par' dir='ltr' id='par_1_71' title="bbox 373 3849 1950 3923">
     <span class='ocr_line' id='line_1_71' title="bbox 373 3849 1950 3923; baseline 0.002 -19"><span class='ocrx_word' id='word_1_530' title='bbox 373 3852 524 3916; x_wconf 75' lang='lat' dir='ltr'><strong>&quot;Em,</strong></span> <span class='ocrx_word' id='word_1_531' title='bbox 564 3849 656 3916; x_wconf 81' lang='grc' dir='ltr'><strong>οὓς</strong></span> <span class='ocrx_word' id='word_1_532' title='bbox 695 3853 761 3905; x_wconf 85' lang='grc' dir='ltr'><strong>ἂν</strong></span> <span class='ocrx_word' id='word_1_533' title='bbox 790 3854 942 3922; x_wconf 84' lang='grc' dir='ltr'>κοινῇ</span> <span class='ocrx_word' id='word_1_534' title='bbox 977 3851 1168 3923; x_wconf 81' lang='grc' dir='ltr'>γνώμῃ</span> <span class='ocrx_word' id='word_1_535' title='bbox 1199 3851 1552 3916; x_wconf 84' lang='grc' dir='ltr'>ἐπιλέξωνται</span> <span class='ocrx_word' id='word_1_536' title='bbox 1579 3855 1628 3906; x_wconf 86' lang='grc' dir='ltr'>οἱ</span> <span class='ocrx_word' id='word_1_537' title='bbox 1662 3853 1950 3919; x_wconf 89' lang='grc' dir='ltr'>συνιόντες,</span> 
     </span>
    </p>
   </div>
   <div class='ocr_carea' id='block_1_72' title="bbox 371 3941 1953 4014">
    <p class='ocr_par' dir='ltr' id='par_1_72' title="bbox 371 3941 1953 4014">
     <span class='ocr_line' id='line_1_72' title="bbox 371 3941 1953 4014; baseline 0 -18"><span class='ocrx_word' id='word_1_538' title='bbox 371 3942 669 4011; x_wconf 80' lang='grc' dir='ltr'>ἀφικέσθαι</span> <span class='ocrx_word' id='word_1_539' title='bbox 706 3945 785 4006; x_wconf 81' lang='grc' dir='ltr'><strong>είς</strong></span> <span class='ocrx_word' id='word_1_540' title='bbox 813 3941 882 3997; x_wconf 77' lang='grc' dir='ltr'>τὰ</span> <span class='ocrx_word' id='word_1_541' title='bbox 905 3942 1168 4012; x_wconf 85' lang='grc' dir='ltr'>βασίλεια,</span> <span class='ocrx_word' id='word_1_542' title='bbox 1195 3943 1290 3995; x_wconf 74' lang='grc' dir='ltr'><strong>καὶ</strong></span> <span class='ocrx_word' id='word_1_543' title='bbox 1313 3943 1382 3995; x_wconf 81' lang='grc' dir='ltr'><strong>τὰ</strong></span> <span class='ocrx_word' id='word_1_544' title='bbox 1410 3944 1635 4008; x_wconf 80' lang='grc' dir='ltr'>δόξαντα</span> <span class='ocrx_word' id='word_1_545' title='bbox 1666 3945 1953 4014; x_wconf 77' lang='grc' dir='ltr'>ἀφηγήσα-</span> 
     </span>
    </p>
   </div>
   <div class='ocr_carea' id='block_1_73' title="bbox 374 4033 1946 4103">
    <p class='ocr_par' dir='ltr' id='par_1_73' title="bbox 374 4033 1946 4103">
     <span class='ocr_line' id='line_1_73' title="bbox 374 4033 1946 4103; baseline -0.001 -16"><span class='ocrx_word' id='word_1_546' title='bbox 374 4035 534 4088; x_wconf 86' lang='grc' dir='ltr'>σθαι·</span> <span class='ocrx_word' id='word_1_547' title='bbox 567 4036 706 4087; x_wconf 86' lang='grc' dir='ltr'>ὦστε</span> <span class='ocrx_word' id='word_1_548' title='bbox 735 4033 828 4087; x_wconf 67' lang='grc' dir='ltr'><strong>καὶ</strong></span> <span class='ocrx_word' id='word_1_549' title='bbox 878 4034 1038 4087; x_wconf 79' lang='grc' dir='ltr'>αὐτὸν</span> <span class='ocrx_word' id='word_1_550' title='bbox 1081 4035 1310 4089; x_wconf 82' lang='grc' dir='ltr'>συνιδεῖν</span> <span class='ocrx_word' id='word_1_551' title='bbox 1338 4074 1353 4097; x_wconf 86' lang='grc'><strong>,</strong></span> <span class='ocrx_word' id='word_1_552' title='bbox 1385 4037 1432 4087; x_wconf 82' lang='grc' dir='ltr'>εἰ</span> <span class='ocrx_word' id='word_1_553' title='bbox 1464 4035 1606 4088; x_wconf 80' lang='grc' dir='ltr'>κατὰ</span> <span class='ocrx_word' id='word_1_554' title='bbox 1651 4036 1750 4097; x_wconf 84' lang='grc' dir='ltr'>τὰς</span> <span class='ocrx_word' id='word_1_555' title='bbox 1798 4034 1946 4103; x_wconf 81' lang='grc' dir='ltr'>ἱερὰς</span> 
     </span>
    </p>
   </div>
   <div class='ocr_carea' id='block_1_74' title="bbox 373 4125 1943 4198">
    <p class='ocr_par' dir='ltr' id='par_1_74' title="bbox 373 4125 1943 4198">
     <span class='ocr_line' id='line_1_74' title="bbox 373 4125 1943 4198; baseline -0.002 -18"><span class='ocrx_word' id='word_1_556' title='bbox 373 4127 601 4198; x_wconf 79' lang='grc' dir='ltr'>Γραφάς</span> <span class='ocrx_word' id='word_1_557' title='bbox 624 4127 920 4196; x_wconf 77' lang='grc' dir='ltr'>συνέϐησαν</span> <span class='ocrx_word' id='word_1_558' title='bbox 944 4125 1194 4195; x_wconf 84' lang='grc' dir='ltr'>ἀλλήλοις</span> <span class='ocrx_word' id='word_1_559' title='bbox 1212 4165 1226 4189; x_wconf 93' lang='grc'><strong>,</strong></span> <span class='ocrx_word' id='word_1_560' title='bbox 1249 4127 1342 4180; x_wconf 69' lang='grc' dir='ltr'>καὶ</span> <span class='ocrx_word' id='word_1_561' title='bbox 1370 4127 1497 4196; x_wconf 73' lang='grc' dir='ltr'>περὶ</span> <span class='ocrx_word' id='word_1_562' title='bbox 1522 4125 1629 4178; x_wconf 83' lang='grc' dir='ltr'><strong>τῶν</strong></span> <span class='ocrx_word' id='word_1_563' title='bbox 1655 4126 1943 4196; x_wconf 86' lang='grc' dir='ltr'>πρακτέων</span> 
     </span>
    </p>
   </div>
   <div class='ocr_carea' id='block_1_75' title="bbox 371 4215 1942 4289">
    <p class='ocr_par' dir='ltr' id='par_1_75' title="bbox 371 4215 1942 4289">
     <span class='ocr_line' id='line_1_75' title="bbox 371 4215 1942 4289; baseline -0.004 -15"><span class='ocrx_word' id='word_1_564' title='bbox 371 4222 483 4289; x_wconf 84' lang='grc' dir='ltr'>ὅπη</span> <span class='ocrx_word' id='word_1_565' title='bbox 514 4219 578 4271; x_wconf 80' lang='grc' dir='ltr'>ἂν</span> <span class='ocrx_word' id='word_1_566' title='bbox 598 4219 792 4287; x_wconf 84' lang='grc' dir='ltr'>ἄριστα</span> <span class='ocrx_word' id='word_1_567' title='bbox 824 4219 952 4288; x_wconf 83' lang='grc' dir='ltr'>δοκῇ</span> <span class='ocrx_word' id='word_1_568' title='bbox 981 4218 1304 4271; x_wconf 84' lang='grc' dir='ltr'>ἐπιτελέσαι.</span> <span class='ocrx_word' id='word_1_569' title='bbox 1339 4217 1493 4270; x_wconf 89' lang='grc' dir='ltr'>Μετά</span> <span class='ocrx_word' id='word_1_570' title='bbox 1524 4216 1580 4269; x_wconf 82' lang='grc' dir='ltr'>δὲ</span> <span class='ocrx_word' id='word_1_571' title='bbox 1618 4217 1790 4268; x_wconf 80' lang='grc' dir='ltr'>ταῦτα</span> <span class='ocrx_word' id='word_1_572' title='bbox 1820 4215 1942 4283; x_wconf 81' lang='grc' dir='ltr'>βου-</span> 
     </span>
    </p>
   </div>
   <div class='ocr_carea' id='block_1_76' title="bbox 371 4307 1940 4378">
    <p class='ocr_par' dir='ltr' id='par_1_76' title="bbox 371 4307 1940 4378">
     <span class='ocr_line' id='line_1_76' title="bbox 371 4307 1940 4378; baseline -0.002 -17"><span class='ocrx_word' id='word_1_573' title='bbox 371 4309 707 4378; x_wconf 82' lang='grc' dir='ltr'>λευσάμενος</span> <span class='ocrx_word' id='word_1_574' title='bbox 737 4309 1032 4378; x_wconf 81' lang='grc' dir='ltr'>προσέταξε</span> <span class='ocrx_word' id='word_1_575' title='bbox 1068 4309 1271 4371; x_wconf 89' lang='grc' dir='ltr'>πάντας</span> <span class='ocrx_word' id='word_1_576' title='bbox 1304 4307 1431 4361; x_wconf 77' lang='grc' dir='ltr'>ἔνθα</span> <span class='ocrx_word' id='word_1_577' title='bbox 1472 4308 1536 4361; x_wconf 85' lang='grc' dir='ltr'><strong>ἂν</strong></span> <span class='ocrx_word' id='word_1_578' title='bbox 1577 4307 1832 4374; x_wconf 88' lang='grc' dir='ltr'>διάγωσιν</span> <span class='ocrx_word' id='word_1_579' title='bbox 1857 4347 1870 4368; x_wconf 88' lang='grc'><strong>,</strong></span> <span class='ocrx_word' id='word_1_580' title='bbox 1906 4307 1940 4377; x_wconf 82' lang='grc' dir='ltr'>ἢ</span> 
     </span>
    </p>
   </div>
   <div class='ocr_carea' id='block_1_77' title="bbox 2054 3213 3622 3285">
    <p class='ocr_par' dir='ltr' id='par_1_77' title="bbox 2054 3213 3622 3285">
     <span class='ocr_line' id='line_1_77' title="bbox 2054 3213 3622 3285; baseline -0.004 -12"><span class='ocrx_word' id='word_1_581' title='bbox 2054 3219 2122 3274; x_wconf 89' lang='lat' dir='ltr'><strong>ab</strong></span> <span class='ocrx_word' id='word_1_582' title='bbox 2153 3218 2393 3285; x_wconf 72' lang='lat' dir='ltr'><strong>incmpto</strong></span> <span class='ocrx_word' id='word_1_583' title='bbox 2424 3215 2670 3278; x_wconf 88' lang='lat' dir='ltr'><strong>desistat,</strong></span> <span class='ocrx_word' id='word_1_584' title='bbox 2701 3229 2823 3269; x_wconf 93' lang='lat' dir='ltr'><strong>cum</strong></span> <span class='ocrx_word' id='word_1_585' title='bbox 2851 3215 3071 3283; x_wconf 87' lang='lat' dir='ltr'><strong>pietatis</strong></span> <span class='ocrx_word' id='word_1_586' title='bbox 3123 3227 3290 3268; x_wconf 88' lang='lat' dir='ltr'><strong>causa</strong></span> <span class='ocrx_word' id='word_1_587' title='bbox 3332 3213 3383 3266; x_wconf 86' lang='lat' dir='ltr'><strong>id</strong></span> <span class='ocrx_word' id='word_1_588' title='bbox 3435 3213 3622 3282; x_wconf 82' lang='lat' dir='ltr'><strong>Operis</strong></span> 
     </span>
    </p>
   </div>
   <div class='ocr_carea' id='block_1_78' title="bbox 2052 3303 3622 3379">
    <p class='ocr_par' dir='ltr' id='par_1_78' title="bbox 2052 3303 3622 3379">
     <span class='ocr_line' id='line_1_78' title="bbox 2052 3303 3622 3379; baseline -0.007 -12"><span class='ocrx_word' id='word_1_589' title='bbox 2052 3308 2401 3379; x_wconf 89' lang='lat' dir='ltr'><strong>susceperit,</strong></span> <span class='ocrx_word' id='word_1_590' title='bbox 2465 3321 2602 3362; x_wconf 87' lang='lat' dir='ltr'><strong>neve</strong></span> <span class='ocrx_word' id='word_1_591' title='bbox 2633 3306 2929 3376; x_wconf 89' lang='lat' dir='ltr'><strong>episcopos</strong></span> <span class='ocrx_word' id='word_1_592' title='bbox 2968 3305 3090 3374; x_wconf 88' lang='lat' dir='ltr'><strong>ejus</strong></span> <span class='ocrx_word' id='word_1_593' title='bbox 3145 3305 3223 3358; x_wconf 83' lang='lat' dir='ltr'><strong>rei</strong></span> <span class='ocrx_word' id='word_1_594' title='bbox 3260 3303 3434 3372; x_wconf 79' lang='lat' dir='ltr'><strong>gratia</strong></span> <span class='ocrx_word' id='word_1_595' title='bbox 3487 3318 3622 3356; x_wconf 85' lang='lat' dir='ltr'><strong>con-</strong></span> 
     </span>
    </p>
   </div>
   <div class='ocr_carea' id='block_1_79' title="bbox 2051 3396 3620 3473">
    <p class='ocr_par' dir='ltr' id='par_1_79' title="bbox 2051 3396 3620 3473">
     <span class='ocr_line' id='line_1_79' title="bbox 2051 3396 3620 3473; baseline -0.006 -17"><span class='ocrx_word' id='word_1_596' title='bbox 2051 3410 2329 3473; x_wconf 82' lang='lat' dir='ltr'><strong>gregatos,</strong></span> <span class='ocrx_word' id='word_1_597' title='bbox 2363 3401 2456 3471; x_wconf 93' lang='lat' dir='ltr'><strong>qui</strong></span> <span class='ocrx_word' id='word_1_598' title='bbox 2487 3399 2598 3470; x_wconf 89' lang='lat' dir='ltr'><strong>jam</strong></span> <span class='ocrx_word' id='word_1_599' title='bbox 2642 3399 2807 3454; x_wconf 92' lang='lat' dir='ltr'><strong>domo</strong></span> <span class='ocrx_word' id='word_1_600' title='bbox 2850 3399 3055 3468; x_wconf 79' lang='lat' dir='ltr'><strong>egressi</strong></span> <span class='ocrx_word' id='word_1_601' title='bbox 3082 3408 3133 3451; x_wconf 89' lang='lat' dir='ltr'><strong>et</strong></span> <span class='ocrx_word' id='word_1_602' title='bbox 3162 3398 3215 3450; x_wconf 90' lang='lat' dir='ltr'><strong>in</strong></span> <span class='ocrx_word' id='word_1_603' title='bbox 3254 3396 3448 3450; x_wconf 85' lang='lat' dir='ltr'><strong>itinere</strong></span> <span class='ocrx_word' id='word_1_604' title='bbox 3486 3410 3620 3448; x_wconf 81' lang='lat' dir='ltr'><strong>con-</strong></span> 
     </span>
    </p>
   </div>
   <div class='ocr_carea' id='block_1_80' title="bbox 2052 3485 3622 3558">
    <p class='ocr_par' dir='ltr' id='par_1_80' title="bbox 2052 3485 3622 3558">
     <span class='ocr_line' id='line_1_80' title="bbox 2052 3485 3622 3558; baseline -0.006 -11"><span class='ocrx_word' id='word_1_605' title='bbox 2052 3493 2228 3549; x_wconf 91' lang='lat' dir='ltr'><strong>stituti</strong></span> <span class='ocrx_word' id='word_1_606' title='bbox 2252 3501 2463 3558; x_wconf 89' lang='lat' dir='ltr'><strong>essent,</strong></span> <span class='ocrx_word' id='word_1_607' title='bbox 2492 3506 2551 3545; x_wconf 92' lang='lat' dir='ltr'><strong>re</strong></span> <span class='ocrx_word' id='word_1_608' title='bbox 2578 3488 2778 3544; x_wconf 81' lang='lat' dir='ltr'><strong>infecta</strong></span> <span class='ocrx_word' id='word_1_609' title='bbox 2816 3488 3076 3542; x_wconf 88' lang='lat' dir='ltr'><strong>dimittat.</strong></span> <span class='ocrx_word' id='word_1_610' title='bbox 3106 3485 3308 3540; x_wconf 91' lang='lat' dir='ltr'><strong>Locum</strong></span> <span class='ocrx_word' id='word_1_611' title='bbox 3329 3501 3458 3539; x_wconf 88' lang='lat' dir='ltr'><strong>vero</strong></span> <span class='ocrx_word' id='word_1_612' title='bbox 3491 3501 3622 3554; x_wconf 82' lang='lat' dir='ltr'><strong>syn-</strong></span> 
     </span>
    </p>
   </div>
   <div class='ocr_carea' id='block_1_81' title="bbox 2051 3574 3623 3645">
    <p class='ocr_par' dir='ltr' id='par_1_81' title="bbox 2051 3574 3623 3645">
     <span class='ocr_line' id='line_1_81' title="bbox 2051 3574 3623 3645; baseline -0.006 -9"><span class='ocrx_word' id='word_1_613' title='bbox 2051 3583 2157 3636; x_wconf 91' lang='lat' dir='ltr'><strong>odo</strong></span> <span class='ocrx_word' id='word_1_614' title='bbox 2219 3581 2508 3637; x_wconf 90' lang='lat' dir='ltr'><strong>constituit</strong></span> <span class='ocrx_word' id='word_1_615' title='bbox 2538 3579 2797 3645; x_wconf 60' lang='lat' dir='ltr'><strong>Numam,</strong></span> <span class='ocrx_word' id='word_1_616' title='bbox 2836 3579 2958 3633; x_wconf 85' lang='lat' dir='ltr'><strong>vice</strong></span> <span class='ocrx_word' id='word_1_617' title='bbox 2998 3574 3352 3640; x_wconf 68' lang='lat' dir='ltr'><strong>Nicomediae,</strong></span> <span class='ocrx_word' id='word_1_618' title='bbox 3392 3584 3451 3629; x_wconf 93' lang='lat' dir='ltr'><strong>ut</strong></span> <span class='ocrx_word' id='word_1_619' title='bbox 3489 3589 3623 3628; x_wconf 87' lang='lat' dir='ltr'><strong>can-</strong></span> 
     </span>
    </p>
   </div>
   <div class='ocr_carea' id='block_1_82' title="bbox 2052 3666 3626 3740">
    <p class='ocr_par' dir='ltr' id='par_1_82' title="bbox 2052 3666 3626 3740">
     <span class='ocr_line' id='line_1_82' title="bbox 2052 3666 3626 3740; baseline -0.008 -9"><span class='ocrx_word' id='word_1_620' title='bbox 2052 3691 2110 3731; x_wconf 90' lang='lat' dir='ltr'><strong>sa</strong></span> <span class='ocrx_word' id='word_1_621' title='bbox 2146 3675 2268 3730; x_wconf 79' lang='lat' dir='ltr'><strong>ﬁdei</strong></span> <span class='ocrx_word' id='word_1_622' title='bbox 2306 3674 2419 3730; x_wconf 92' lang='lat' dir='ltr'><strong>illic</strong></span> <span class='ocrx_word' id='word_1_623' title='bbox 2448 3672 2786 3737; x_wconf 83' lang='lat' dir='ltr'><strong>deiiniretur,</strong></span> <span class='ocrx_word' id='word_1_624' title='bbox 2827 3671 2920 3725; x_wconf 83' lang='lat' dir='ltr'><strong>ubi</strong></span> <span class='ocrx_word' id='word_1_625' title='bbox 2952 3671 3189 3740; x_wconf 91' lang='lat' dir='ltr'><strong>primum</strong></span> <span class='ocrx_word' id='word_1_626' title='bbox 3231 3675 3467 3723; x_wconf 87' lang='lat' dir='ltr'><strong>tractata</strong></span> <span class='ocrx_word' id='word_1_627' title='bbox 3504 3666 3626 3720; x_wconf 79' lang='lat' dir='ltr'><strong>fue-</strong></span> 
     </span>
    </p>
   </div>
   <div class='ocr_carea' id='block_1_83' title="bbox 2052 3756 3622 3832">
    <p class='ocr_par' dir='ltr' id='par_1_83' title="bbox 2052 3756 3622 3832">
     <span class='ocr_line' id='line_1_83' title="bbox 2052 3756 3622 3832; baseline -0.006 -14"><span class='ocrx_word' id='word_1_628' title='bbox 2052 3775 2154 3818; x_wconf 88' lang='lat' dir='ltr'><strong>rat.</strong></span> <span class='ocrx_word' id='word_1_629' title='bbox 2193 3765 2258 3818; x_wconf 91' lang='lat' dir='ltr'><strong>Et</strong></span> <span class='ocrx_word' id='word_1_630' title='bbox 2285 3764 2524 3819; x_wconf 86' lang='lat' dir='ltr'><strong>Basilius</strong></span> <span class='ocrx_word' id='word_1_631' title='bbox 2560 3761 2780 3832; x_wconf 84' lang='lat' dir='ltr'><strong>quidem</strong></span> <span class='ocrx_word' id='word_1_632' title='bbox 2811 3761 3128 3831; x_wconf 88' lang='lat' dir='ltr'><strong>imperatori</strong></span> <span class='ocrx_word' id='word_1_633' title='bbox 3163 3761 3274 3812; x_wconf 67' lang='lat' dir='ltr'><strong>hate</strong></span> <span class='ocrx_word' id='word_1_634' title='bbox 3297 3756 3585 3826; x_wconf 89' lang='lat' dir='ltr'><strong>rescripsit</strong></span> <span class='ocrx_word' id='word_1_635' title='bbox 3608 3795 3622 3816; x_wconf 89' lang='lat'><strong>,</strong></span> 
     </span>
    </p>
   </div>
   <div class='ocr_carea' id='block_1_84' title="bbox 2051 3846 3628 3926">
    <p class='ocr_par' dir='ltr' id='par_1_84' title="bbox 2051 3846 3628 3926">
     <span class='ocr_line' id='line_1_84' title="bbox 2051 3846 3628 3926; baseline -0.008 -15"><span class='ocrx_word' id='word_1_636' title='bbox 2051 3871 2282 3926; x_wconf 88' lang='lat' dir='ltr'><strong>sperans</strong></span> <span class='ocrx_word' id='word_1_637' title='bbox 2316 3870 2375 3909; x_wconf 89' lang='lat' dir='ltr'><strong>se</strong></span> <span class='ocrx_word' id='word_1_638' title='bbox 2416 3869 2532 3908; x_wconf 87' lang='lat' dir='ltr'><strong>rem</strong></span> <span class='ocrx_word' id='word_1_639' title='bbox 2565 3855 2614 3908; x_wconf 91' lang='lat' dir='ltr'><strong>ei</strong></span> <span class='ocrx_word' id='word_1_640' title='bbox 2653 3862 2864 3922; x_wconf 88' lang='lat' dir='ltr'><strong>gratam</strong></span> <span class='ocrx_word' id='word_1_641' title='bbox 2928 3850 3388 3920; x_wconf 80' lang='lat' dir='ltr'><strong>signiﬁcaturum,</strong></span> <span class='ocrx_word' id='word_1_642' title='bbox 3423 3846 3628 3916; x_wconf 83' lang='lat' dir='ltr'><strong>quippe</strong></span> 
     </span>
    </p>
   </div>
   <div class='ocr_carea' id='block_1_85' title="bbox 2050 3938 3622 4016">
    <p class='ocr_par' dir='ltr' id='par_1_85' title="bbox 2050 3938 3622 4016">
     <span class='ocr_line' id='line_1_85' title="bbox 2050 3938 3622 4016; baseline -0.006 -16"><span class='ocrx_word' id='word_1_643' title='bbox 2050 3946 2144 4016; x_wconf 90' lang='lat' dir='ltr'><strong>qui</strong></span> <span class='ocrx_word' id='word_1_644' title='bbox 2172 3945 2329 3999; x_wconf 91' lang='lat' dir='ltr'><strong>initio</strong></span> <span class='ocrx_word' id='word_1_645' title='bbox 2361 3943 2630 4015; x_wconf 86' lang='lat' dir='ltr'><strong>synodum</strong></span> <span class='ocrx_word' id='word_1_646' title='bbox 2663 3942 2857 3996; x_wconf 69' lang='lat' dir='ltr'><strong>Nicaea:</strong></span> <span class='ocrx_word' id='word_1_647' title='bbox 2888 3940 3206 4009; x_wconf 70' lang='lat' dir='ltr'><strong>congregari</strong></span> <span class='ocrx_word' id='word_1_648' title='bbox 3263 3938 3622 3992; x_wconf 75' lang='lat' dir='ltr'><strong>decrevisset.</strong></span> 
     </span>
    </p>
   </div>
   <div class='ocr_carea' id='block_1_86' title="bbox 2066 4029 3623 4100">
    <p class='ocr_par' dir='ltr' id='par_1_86' title="bbox 2066 4029 3623 4100">
     <span class='ocr_line' id='line_1_86' title="bbox 2066 4029 3623 4100; baseline -0.005 -11"><span class='ocrx_word' id='word_1_649' title='bbox 2066 4037 2165 4092; x_wconf 90' lang='lat' dir='ltr'><strong>llis</strong></span> <span class='ocrx_word' id='word_1_650' title='bbox 2192 4037 2395 4091; x_wconf 86' lang='lat' dir='ltr'><strong>litteris</strong></span> <span class='ocrx_word' id='word_1_651' title='bbox 2429 4051 2460 4090; x_wconf 89' lang='lat' dir='ltr'><strong>a</strong></span> <span class='ocrx_word' id='word_1_652' title='bbox 2490 4034 2697 4089; x_wconf 87' lang='lat' dir='ltr'><strong>Basilio</strong></span> <span class='ocrx_word' id='word_1_653' title='bbox 2735 4031 3000 4100; x_wconf 86' lang='lat' dir='ltr'><strong>acceptis,</strong></span> <span class='ocrx_word' id='word_1_654' title='bbox 3029 4032 3324 4098; x_wconf 85' lang='lat' dir='ltr'><strong>imperator</strong></span> <span class='ocrx_word' id='word_1_655' title='bbox 3387 4029 3623 4098; x_wconf 89' lang='lat' dir='ltr'><strong>primum</strong></span> 
     </span>
    </p>
   </div>
   <div class='ocr_carea' id='block_1_87' title="bbox 2053 4117 3625 4197">
    <p class='ocr_par' dir='ltr' id='par_1_87' title="bbox 2053 4117 3625 4197">
     <span class='ocr_line' id='line_1_87' title="bbox 2053 4117 3625 4197; baseline -0.007 -16"><span class='ocrx_word' id='word_1_656' title='bbox 2053 4128 2271 4197; x_wconf 93' lang='lat' dir='ltr'><strong>quidem</strong></span> <span class='ocrx_word' id='word_1_657' title='bbox 2293 4126 2464 4196; x_wconf 88' lang='lat' dir='ltr'><strong>jussit</strong></span> <span class='ocrx_word' id='word_1_658' title='bbox 2490 4135 2546 4179; x_wconf 89' lang='lat' dir='ltr'><strong>ut</strong></span> <span class='ocrx_word' id='word_1_659' title='bbox 2581 4125 2804 4178; x_wconf 89' lang='lat' dir='ltr'><strong>ineunte</strong></span> <span class='ocrx_word' id='word_1_660' title='bbox 2827 4129 3018 4176; x_wconf 65' lang='lat' dir='ltr'><strong>aestate</strong></span> <span class='ocrx_word' id='word_1_661' title='bbox 3056 4119 3294 4172; x_wconf 71' lang='lat' dir='ltr'><strong>Nicaeam</strong></span> <span class='ocrx_word' id='word_1_662' title='bbox 3359 4117 3625 4171; x_wconf 88' lang='lat' dir='ltr'><strong>conveni-</strong></span> 
     </span>
    </p>
   </div>
   <div class='ocr_carea' id='block_1_88' title="bbox 2049 4207 3624 4287">
    <p class='ocr_par' dir='ltr' id='par_1_88' title="bbox 2049 4207 3624 4287">
     <span class='ocr_line' id='line_1_88' title="bbox 2049 4207 3624 4287; baseline -0.008 -15"><span class='ocrx_word' id='word_1_663' title='bbox 2049 4227 2172 4273; x_wconf 90' lang='lat' dir='ltr'><strong>rent</strong></span> <span class='ocrx_word' id='word_1_664' title='bbox 2192 4217 2455 4287; x_wconf 90' lang='lat' dir='ltr'><strong>episcopi,</strong></span> <span class='ocrx_word' id='word_1_665' title='bbox 2482 4215 2729 4284; x_wconf 80' lang='lat' dir='ltr'><strong>exceptis</strong></span> <span class='ocrx_word' id='word_1_666' title='bbox 2759 4214 2842 4268; x_wconf 87' lang='lat' dir='ltr'><strong>his</strong></span> <span class='ocrx_word' id='word_1_667' title='bbox 2866 4212 2958 4282; x_wconf 86' lang='lat' dir='ltr'><strong>qui</strong></span> <span class='ocrx_word' id='word_1_668' title='bbox 2989 4210 3240 4280; x_wconf 88' lang='lat' dir='ltr'><strong>corporis</strong></span> <span class='ocrx_word' id='word_1_669' title='bbox 3274 4207 3496 4262; x_wconf 75' lang='lat' dir='ltr'><strong>infirma</strong></span> <span class='ocrx_word' id='word_1_670' title='bbox 3529 4222 3624 4260; x_wconf 81' lang='lat' dir='ltr'><strong>va-</strong></span> 
     </span>
    </p>
   </div>
   <div class='ocr_carea' id='block_1_89' title="bbox 2055 4301 3628 4371">
    <p class='ocr_par' dir='ltr' id='par_1_89' title="bbox 2055 4301 3628 4371">
     <span class='ocr_line' id='line_1_89' title="bbox 2055 4301 3628 4371; baseline -0.009 -7"><span class='ocrx_word' id='word_1_671' title='bbox 2055 4310 2296 4364; x_wconf 90' lang='lat' dir='ltr'><strong>letudine</strong></span> <span class='ocrx_word' id='word_1_672' title='bbox 2324 4316 2510 4364; x_wconf 89' lang='lat' dir='ltr'><strong>essent</strong></span> <span class='ocrx_word' id='word_1_673' title='bbox 2539 4323 2556 4360; x_wconf 93' lang='lat'><strong><em>:</em></strong></span> <span class='ocrx_word' id='word_1_674' title='bbox 2587 4307 2658 4360; x_wconf 90' lang='lat' dir='ltr'><strong>ita</strong></span> <span class='ocrx_word' id='word_1_675' title='bbox 2685 4315 2862 4359; x_wconf 88' lang='lat' dir='ltr'><strong>tamen</strong></span> <span class='ocrx_word' id='word_1_676' title='bbox 2893 4311 2950 4357; x_wconf 91' lang='lat' dir='ltr'><strong>ut</strong></span> <span class='ocrx_word' id='word_1_677' title='bbox 2975 4303 3062 4357; x_wconf 85' lang='lat' dir='ltr'><strong>isti</strong></span> <span class='ocrx_word' id='word_1_678' title='bbox 3095 4301 3448 4371; x_wconf 83' lang='lat' dir='ltr'><strong>presbyteros</strong></span> <span class='ocrx_word' id='word_1_679' title='bbox 3534 4307 3628 4352; x_wconf 88' lang='lat' dir='ltr'><strong>aut</strong></span> 
     </span>
    </p>
   </div>
   <div class='ocr_carea' id='block_1_90' title="bbox 369 4392 1952 4470">
    <p class='ocr_par' dir='ltr' id='par_1_90' title="bbox 369 4398 1952 4469">
     <span class='ocr_line' id='line_1_90' title="bbox 369 4398 1952 4469; baseline -0.002 -18"><span class='ocrx_word' id='word_1_680' title='bbox 369 4403 436 4452; x_wconf 84' lang='grc' dir='ltr'><strong>ἐν</strong></span> <span class='ocrx_word' id='word_1_681' title='bbox 476 4403 595 4462; x_wconf 83' lang='grc' dir='ltr'>ταῖς</span> <span class='ocrx_word' id='word_1_682' title='bbox 629 4400 783 4461; x_wconf 85' lang='grc' dir='ltr'>ἰδίαις</span> <span class='ocrx_word' id='word_1_683' title='bbox 821 4400 1165 4468; x_wconf 82' lang='grc' dir='ltr'>Ἐκκλησίαις</span> <span class='ocrx_word' id='word_1_684' title='bbox 1199 4401 1470 4469; x_wconf 83' lang='grc' dir='ltr'>ἐπιμεῖναι</span> <span class='ocrx_word' id='word_1_685' title='bbox 1493 4439 1505 4460; x_wconf 88' lang='grc'><strong>,</strong></span> <span class='ocrx_word' id='word_1_686' title='bbox 1541 4399 1730 4468; x_wconf 81' lang='grc' dir='ltr'>μέχρις</span> <span class='ocrx_word' id='word_1_687' title='bbox 1763 4398 1826 4450; x_wconf 84' lang='grc' dir='ltr'><strong>ἂν</strong></span> <span class='ocrx_word' id='word_1_688' title='bbox 1855 4400 1952 4468; x_wconf 67' lang='lat' dir='ltr'><strong>api.</strong></span> 
     </span>
    </p>
   </div>
   <div class='ocr_carea' id='block_1_91' title="bbox 2053 4392 3630 4470">
    <p class='ocr_par' dir='ltr' id='par_1_91' title="bbox 2069 4392 3630 4464">
     <span class='ocr_line' id='line_1_91' title="bbox 2069 4392 3630 4464; baseline -0.007 -9"><span class='ocrx_word' id='word_1_689' title='bbox 2069 4401 2334 4456; x_wconf 89' lang='lat' dir='ltr'><strong>diaconos</strong></span> <span class='ocrx_word' id='word_1_690' title='bbox 2366 4415 2465 4454; x_wconf 90' lang='lat' dir='ltr'><strong>suo</strong></span> <span class='ocrx_word' id='word_1_691' title='bbox 2490 4399 2610 4453; x_wconf 86' lang='lat' dir='ltr'><strong>loco</strong></span> <span class='ocrx_word' id='word_1_692' title='bbox 2635 4398 2908 4452; x_wconf 87' lang='lat' dir='ltr'><strong>mitterent</strong></span> <span class='ocrx_word' id='word_1_693' title='bbox 2954 4410 3093 4464; x_wconf 88' lang='lat' dir='ltr'><strong>quos</strong></span> <span class='ocrx_word' id='word_1_694' title='bbox 3132 4395 3353 4458; x_wconf 83' lang='lat' dir='ltr'><strong>vellent,</strong></span> <span class='ocrx_word' id='word_1_695' title='bbox 3396 4394 3488 4463; x_wconf 90' lang='lat' dir='ltr'><strong>qui</strong></span> <span class='ocrx_word' id='word_1_696' title='bbox 3547 4392 3630 4461; x_wconf 88' lang='lat' dir='ltr'><strong>ip-</strong></span> 
     </span>
    </p>
   </div>
   <div class='ocr_carea' id='block_1_92' title="bbox 371 4487 1955 4561">
    <p class='ocr_par' dir='ltr' id='par_1_92' title="bbox 371 4487 1955 4561">
     <span class='ocr_line' id='line_1_92' title="bbox 371 4487 1955 4561; baseline -0.001 -17"><span class='ocrx_word' id='word_1_697' title='bbox 371 4490 533 4561; x_wconf 83' lang='grc' dir='ltr'>σθείη</span> <span class='ocrx_word' id='word_1_698' title='bbox 579 4493 643 4561; x_wconf 79' lang='grc' dir='ltr'>τῇ</span> <span class='ocrx_word' id='word_1_699' title='bbox 681 4490 881 4560; x_wconf 85' lang='grc' dir='ltr'>συνόδῳ</span> <span class='ocrx_word' id='word_1_700' title='bbox 918 4492 1112 4553; x_wconf 82' lang='grc' dir='ltr'>τόπος,</span> <span class='ocrx_word' id='word_1_701' title='bbox 1147 4490 1241 4543; x_wconf 64' lang='grc' dir='ltr'>καὶ</span> <span class='ocrx_word' id='word_1_702' title='bbox 1286 4489 1585 4560; x_wconf 87' lang='grc' dir='ltr'>σημανθείη</span> <span class='ocrx_word' id='word_1_703' title='bbox 1637 4490 1716 4551; x_wconf 84' lang='grc' dir='ltr'><strong>είς</strong></span> <span class='ocrx_word' id='word_1_704' title='bbox 1768 4487 1955 4542; x_wconf 81' lang='grc' dir='ltr'>τοῦτον</span> 
     </span>
    </p>
   </div>
   <div class='ocr_carea' id='block_1_93' title="bbox 2063 4484 3630 4560">
    <p class='ocr_par' dir='ltr' id='par_1_93' title="bbox 2063 4484 3630 4560">
     <span class='ocr_line' id='line_1_93' title="bbox 2063 4484 3630 4560; baseline -0.008 -11"><span class='ocrx_word' id='word_1_705' title='bbox 2063 4507 2248 4549; x_wconf 85' lang='lat' dir='ltr'><strong>sorum</strong></span> <span class='ocrx_word' id='word_1_706' title='bbox 2273 4494 2602 4547; x_wconf 88' lang='lat' dir='ltr'><strong>sententiam</strong></span> <span class='ocrx_word' id='word_1_707' title='bbox 2645 4489 3038 4560; x_wconf 77' lang='lat' dir='ltr'><strong>significarent,</strong></span> <span class='ocrx_word' id='word_1_708' title='bbox 3077 4496 3126 4542; x_wconf 89' lang='lat' dir='ltr'><strong>et</strong></span> <span class='ocrx_word' id='word_1_709' title='bbox 3163 4487 3230 4541; x_wconf 89' lang='lat' dir='ltr'><strong>de</strong></span> <span class='ocrx_word' id='word_1_710' title='bbox 3260 4488 3424 4542; x_wconf 90' lang='lat' dir='ltr'><strong>rebus</strong></span> <span class='ocrx_word' id='word_1_711' title='bbox 3456 4484 3630 4539; x_wconf 88' lang='lat' dir='ltr'><strong>ambi-</strong></span> 
     </span>
    </p>
   </div>
   <div class='ocr_carea' id='block_1_94' title="bbox 1575 4663 2424 4724">
    <p class='ocr_par' dir='ltr' id='par_1_94' title="bbox 1575 4663 2424 4724">
     <span class='ocr_line' id='line_1_94' title="bbox 1575 4663 2424 4724; baseline -0.005 0"><span class='ocrx_word' id='word_1_712' title='bbox 1575 4663 1837 4724; x_wconf 78' lang='lat' dir='ltr'><strong>VALESII</strong></span> <span class='ocrx_word' id='word_1_713' title='bbox 1877 4663 2424 4722; x_wconf 74' lang='lat' dir='ltr'><strong>ANNOTA&#39;I‘IONES.</strong></span> 
     </span>
    </p>
   </div>
   <div class='ocr_carea' id='block_1_95' title="bbox 451 4758 1966 4833">
    <p class='ocr_par' dir='ltr' id='par_1_95' title="bbox 451 4758 1966 4833">
     <span class='ocr_line' id='line_1_95' title="bbox 451 4758 1966 4833; baseline -0.003 -18"><span class='ocrx_word' id='word_1_714' title='bbox 451 4762 564 4833; x_wconf 80' lang='lat'><strong>(97)</strong></span> <span class='ocrx_word' id='word_1_715' title='bbox 605 4761 675 4833; x_wconf 79' lang='grc' dir='ltr'><strong>Οἳ</strong></span> <span class='ocrx_word' id='word_1_716' title='bbox 719 4761 852 4830; x_wconf 73' lang='grc' dir='ltr'>περὶ</span> <span class='ocrx_word' id='word_1_717' title='bbox 895 4760 1014 4833; x_wconf 72' lang='grc' dir='ltr'>τῷν</span> <span class='ocrx_word' id='word_1_718' title='bbox 1051 4760 1400 4833; x_wconf 19' lang='grc' dir='ltr'>ΑἶΑρσῄάκιον.</span> <span class='ocrx_word' id='word_1_719' title='bbox 1442 4760 1640 4833; x_wconf 76' lang='lat' dir='ltr'><strong>Scribe</strong></span> <span class='ocrx_word' id='word_1_720' title='bbox 1674 4773 1796 4812; x_wconf 86' lang='lat' dir='ltr'><strong>meo</strong></span> <span class='ocrx_word' id='word_1_721' title='bbox 1824 4758 1966 4833; x_wconf 82' lang='lat' dir='ltr'><strong>peti-</strong></span> 
     </span>
    </p>
   </div>
   <div class='ocr_carea' id='block_1_96' title="bbox 2065 4751 3627 4826">
    <p class='ocr_par' dir='ltr' id='par_1_96' title="bbox 2065 4751 3627 4826">
     <span class='ocr_line' id='line_1_96' title="bbox 2065 4751 3627 4826; baseline -0.007 -12"><span class='ocrx_word' id='word_1_722' title='bbox 2065 4761 2182 4814; x_wconf 69' lang='lat' dir='ltr'><strong>rico</strong></span> <span class='ocrx_word' id='word_1_723' title='bbox 2212 4757 2435 4822; x_wconf 87' lang='lat' dir='ltr'><strong>Savilio,</strong></span> <span class='ocrx_word' id='word_1_724' title='bbox 2474 4758 2568 4826; x_wconf 83' lang='lat' dir='ltr'><strong>qui</strong></span> <span class='ocrx_word' id='word_1_725' title='bbox 2619 4758 2671 4811; x_wconf 91' lang='lat' dir='ltr'><strong>in</strong></span> <span class='ocrx_word' id='word_1_726' title='bbox 2707 4773 2817 4826; x_wconf 85' lang='lat' dir='ltr'><strong>suo</strong></span> <span class='ocrx_word' id='word_1_727' title='bbox 2843 4756 3034 4810; x_wconf 89' lang='lat' dir='ltr'><strong>codice</strong></span> <span class='ocrx_word' id='word_1_728' title='bbox 3060 4751 3374 4826; x_wconf 88' lang='lat' dir='ltr'><strong>emendavit</strong></span> <span class='ocrx_word' id='word_1_729' title='bbox 3399 4751 3458 4826; x_wconf 75' lang='grc' dir='ltr'><strong>ἐξ</strong></span> <span class='ocrx_word' id='word_1_730' title='bbox 3491 4753 3627 4804; x_wconf 87' lang='grc' dir='ltr'>ὑπο-</span> 
     </span>
    </p>
   </div>
   <div class='ocr_carea' id='block_1_97' title="bbox 373 4823 1952 4902">
    <p class='ocr_par' dir='ltr' id='par_1_97' title="bbox 373 4823 1952 4902">
     <span class='ocr_line' id='line_1_97' title="bbox 373 4823 1952 4902; baseline -0.004 -16"><span class='ocrx_word' id='word_1_731' title='bbox 373 4823 614 4898; x_wconf 70' lang='grc' dir='ltr'>‹ιιιῘο,ὀ’ί</span> <span class='ocrx_word' id='word_1_732' title='bbox 675 4823 824 4902; x_wconf 81' lang='grc' dir='ltr'>παρᾶ</span> <span class='ocrx_word' id='word_1_733' title='bbox 879 4831 988 4884; x_wconf 85' lang='grc' dir='ltr'>τῶν</span> <span class='ocrx_word' id='word_1_734' title='bbox 1048 4823 1336 4901; x_wconf 79' lang='grc' dir='ltr'>Ἀρσάκιον</span> <span class='ocrx_word' id='word_1_735' title='bbox 1396 4830 1555 4883; x_wconf 79' lang='grc' dir='ltr'>αὑτὸν</span> <span class='ocrx_word' id='word_1_736' title='bbox 1614 4823 1952 4899; x_wconf 57' lang='grc' dir='ltr'>θεασαμένων</span> 
     </span>
    </p>
   </div>
   <div class='ocr_carea' id='block_1_98' title="bbox 2053 4823 3625 4902">
    <p class='ocr_par' dir='ltr' id='par_1_98' title="bbox 2060 4823 3625 4902">
     <span class='ocr_line' id='line_1_98' title="bbox 2060 4823 3625 4902; baseline -0.006 -21"><span class='ocrx_word' id='word_1_737' title='bbox 2060 4829 2387 4902; x_wconf 79' lang='grc' dir='ltr'>δειγμάτων.</span> <span class='ocrx_word' id='word_1_738' title='bbox 2446 4823 2503 4902; x_wconf 62' lang='grc' dir='ltr'><strong>ιιι</strong></span> <span class='ocrx_word' id='word_1_739' title='bbox 2552 4828 2737 4902; x_wconf 80' lang='lat' dir='ltr'><strong>codice</strong></span> <span class='ocrx_word' id='word_1_740' title='bbox 2770 4825 3097 4902; x_wconf 60' lang='lat' dir='ltr'><strong>_lf‘ultetiano</strong></span> <span class='ocrx_word' id='word_1_741' title='bbox 3150 4825 3353 4878; x_wconf 89' lang='lat' dir='ltr'><strong>omissa</strong></span> <span class='ocrx_word' id='word_1_742' title='bbox 3406 4823 3492 4876; x_wconf 89' lang='lat' dir='ltr'><strong>hic</strong></span> <span class='ocrx_word' id='word_1_743' title='bbox 3541 4830 3625 4878; x_wconf 88' lang='lat' dir='ltr'><strong>est</strong></span> 
     </span>
    </p>
   </div>
   <div class='ocr_carea' id='block_1_99' title="bbox 375 4902 929 4971">
    <p class='ocr_par' dir='ltr' id='par_1_99' title="bbox 375 4902 929 4971">
     <span class='ocr_line' id='line_1_99' title="bbox 375 4902 929 4971; baseline -0.005 -13"><span class='ocrx_word' id='word_1_744' title='bbox 375 4902 678 4971; x_wconf 82' lang='grc' dir='ltr'>ἀκηκοέναι</span> <span class='ocrx_word' id='word_1_745' title='bbox 703 4902 929 4969; x_wconf 76' lang='grc' dir='ltr'>ἔφασαν.</span> 
     </span>
    </p>
   </div>
   <div class='ocr_carea' id='block_1_100' title="bbox 453 4966 1959 5043">
    <p class='ocr_par' dir='ltr' id='par_1_100' title="bbox 453 4966 1959 5043">
     <span class='ocr_line' id='line_1_100' title="bbox 453 4966 1959 5043; baseline -0.001 -19"><span class='ocrx_word' id='word_1_746' title='bbox 453 4966 560 5043; x_wconf 75' lang='grc'>(98)</span> <span class='ocrx_word' id='word_1_747' title='bbox 631 4966 900 5032; x_wconf 65' lang='grc' dir='ltr'>Ἐξίίνπὸ</span> <span class='ocrx_word' id='word_1_748' title='bbox 932 4966 1436 5040; x_wconf 76' lang='grc' dir='ltr'>παραδειγμάτων.</span> <span class='ocrx_word' id='word_1_749' title='bbox 1482 4968 1772 5026; x_wconf 74' lang='lat' dir='ltr'><strong>Assentior</strong></span> <span class='ocrx_word' id='word_1_750' title='bbox 1816 4966 1959 5022; x_wconf 84' lang='lat' dir='ltr'><strong>Hen-</strong></span> 
     </span>
    </p>
   </div>
   <div class='ocr_carea' id='block_1_101' title="bbox 2060 4896 3001 4969">
    <p class='ocr_par' dir='ltr' id='par_1_101' title="bbox 2060 4896 3001 4969">
     <span class='ocr_line' id='line_1_101' title="bbox 2060 4896 3001 4969; baseline -0.006 -16"><span class='ocrx_word' id='word_1_751' title='bbox 2060 4896 2200 4955; x_wconf 78' lang='lat' dir='ltr'><strong>Iinca</strong></span> <span class='ocrx_word' id='word_1_752' title='bbox 2227 4915 2323 4968; x_wconf 88' lang='lat' dir='ltr'><strong>per</strong></span> <span class='ocrx_word' id='word_1_753' title='bbox 2354 4899 2738 4969; x_wconf 83' lang='lat' dir='ltr'><strong>negligentiam</strong></span> <span class='ocrx_word' id='word_1_754' title='bbox 2770 4896 3001 4951; x_wconf 87' lang='lat' dir='ltr'><strong>librarii.</strong></span> 
     </span>
    </p>
   </div>
   <div class='ocr_carea' id='block_1_102' title="bbox 1820 5140 2220 5201">
    <p class='ocr_par' dir='ltr' id='par_1_102' title="bbox 1820 5140 2220 5201">
     <span class='ocr_line' id='line_1_102' title="bbox 1820 5140 2220 5201; baseline -0.008 0"><span class='ocrx_word' id='word_1_755' title='bbox 1820 5140 2220 5201; x_wconf 59' lang='grc' dir='ltr'>ιτΑιιιοιιιιΜς</span> 
     </span>
    </p>
   </div>
   <div class='ocr_carea' id='block_1_103' title="bbox 455 5263 1941 5342">
    <p class='ocr_par' dir='ltr' id='par_1_103' title="bbox 455 5263 1941 5342">
     <span class='ocr_line' id='line_1_103' title="bbox 455 5263 1941 5342; baseline -0.009 -14"><span class='ocrx_word' id='word_1_756' title='bbox 455 5277 469 5328; x_wconf 85' lang='lat' dir='ltr'><strong>i</strong></span> <span class='ocrx_word' id='word_1_757' title='bbox 509 5274 733 5342; x_wconf 62' lang='grc' dir='ltr'>Γράφει</span> <span class='ocrx_word' id='word_1_758' title='bbox 756 5271 1070 5342; x_wconf 57' lang='lat' dir='ltr'><strong>Buculeio).</strong></span> <span class='ocrx_word' id='word_1_759' title='bbox 1097 5267 1350 5327; x_wconf 86' lang='lat' dir='ltr'><strong>Basilius,</strong></span> <span class='ocrx_word' id='word_1_760' title='bbox 1378 5263 1941 5342; x_wconf 56' lang='lat' dir='ltr'><strong>Ancyrmepiscopus,</strong></span> 
     </span>
    </p>
   </div>
   <div class='ocr_carea' id='block_1_104' title="bbox 375 5335 1944 5408">
    <p class='ocr_par' dir='ltr' id='par_1_104' title="bbox 375 5335 1944 5408">
     <span class='ocr_line' id='line_1_104' title="bbox 375 5335 1944 5408; baseline -0.01 -8"><span class='ocrx_word' id='word_1_761' title='bbox 375 5335 846 5400; x_wconf 72' lang='lat' dir='ltr'><strong>Semiarianorum</strong></span> <span class='ocrx_word' id='word_1_762' title='bbox 879 5335 1287 5408; x_wconf 72' lang='lat' dir='ltr'><strong>anteSignanus,</strong></span> <span class='ocrx_word' id='word_1_763' title='bbox 1322 5349 1449 5388; x_wconf 92' lang='lat' dir='ltr'><strong>cum</strong></span> <span class='ocrx_word' id='word_1_764' title='bbox 1473 5335 1652 5408; x_wconf 75' lang='lat' dir='ltr'><strong>gratia</strong></span> <span class='ocrx_word' id='word_1_765' title='bbox 1675 5341 1727 5408; x_wconf 81' lang='lat' dir='ltr'><strong>et</strong></span> <span class='ocrx_word' id='word_1_766' title='bbox 1752 5343 1944 5408; x_wconf 82' lang='lat' dir='ltr'><strong>aucto-</strong></span> 
     </span>
    </p>
   </div>
   <div class='ocr_carea' id='block_1_105' title="bbox 375 5402 1945 5483">
    <p class='ocr_par' dir='ltr' id='par_1_105' title="bbox 375 5402 1945 5483">
     <span class='ocr_line' id='line_1_105' title="bbox 375 5402 1945 5483; baseline -0.009 -15"><span class='ocrx_word' id='word_1_767' title='bbox 375 5418 542 5468; x_wconf 86' lang='lat' dir='ltr'><strong>ritate</strong></span> <span class='ocrx_word' id='word_1_768' title='bbox 571 5412 712 5483; x_wconf 89' lang='lat' dir='ltr'><strong>apud</strong></span> <span class='ocrx_word' id='word_1_769' title='bbox 730 5402 1109 5483; x_wconf 62' lang='lat' dir='ltr'><strong>Constantium</strong></span> <span class='ocrx_word' id='word_1_770' title='bbox 1148 5408 1376 5483; x_wconf 79' lang='lat' dir='ltr'><strong>multum</strong></span> <span class='ocrx_word' id='word_1_771' title='bbox 1403 5402 1626 5483; x_wconf 85' lang='lat' dir='ltr'><strong>valeret,</strong></span> <span class='ocrx_word' id='word_1_772' title='bbox 1663 5402 1945 5483; x_wconf 61' lang='lat' dir='ltr'><strong>Anornmis</strong></span> 
     </span>
    </p>
   </div>
   <div class='ocr_carea' id='block_1_106' title="bbox 374 5471 1950 5543">
    <p class='ocr_par' dir='ltr' id='par_1_106' title="bbox 374 5471 1950 5543">
     <span class='ocr_line' id='line_1_106' title="bbox 374 5471 1950 5543; baseline -0.011 -4"><span class='ocrx_word' id='word_1_773' title='bbox 374 5494 496 5540; x_wconf 85' lang='lat' dir='ltr'><strong>erat</strong></span> <span class='ocrx_word' id='word_1_774' title='bbox 523 5471 788 5536; x_wconf 68' lang='lat' dir='ltr'><strong>doctrina:</strong></span> <span class='ocrx_word' id='word_1_775' title='bbox 824 5495 985 5534; x_wconf 88' lang='lat' dir='ltr'><strong>causa</strong></span> <span class='ocrx_word' id='word_1_776' title='bbox 1017 5476 1448 5543; x_wconf 80' lang='lat' dir='ltr'><strong>infestissimus;</strong></span> <span class='ocrx_word' id='word_1_777' title='bbox 1487 5481 1787 5543; x_wconf 89' lang='lat' dir='ltr'><strong>auctorque</strong></span> <span class='ocrx_word' id='word_1_778' title='bbox 1807 5471 1950 5525; x_wconf 87' lang='lat' dir='ltr'><strong>Con-</strong></span> 
     </span>
    </p>
   </div>
   <div class='ocr_carea' id='block_1_107' title="bbox 374 5542 1952 5621">
    <p class='ocr_par' dir='ltr' id='par_1_107' title="bbox 374 5542 1952 5621">
     <span class='ocr_line' id='line_1_107' title="bbox 374 5542 1952 5621; baseline -0.01 -13"><span class='ocrx_word' id='word_1_779' title='bbox 374 5553 584 5608; x_wconf 86' lang='lat' dir='ltr'><strong>stantio</strong></span> <span class='ocrx_word' id='word_1_780' title='bbox 617 5552 796 5607; x_wconf 80' lang='lat' dir='ltr'><strong>fuisse</strong></span> <span class='ocrx_word' id='word_1_781' title='bbox 831 5550 1027 5621; x_wconf 66' lang='lat' dir='ltr'><strong>fertur,</strong></span> <span class='ocrx_word' id='word_1_782' title='bbox 1067 5557 1126 5600; x_wconf 89' lang='lat' dir='ltr'><strong>ut</strong></span> <span class='ocrx_word' id='word_1_783' title='bbox 1153 5546 1362 5621; x_wconf 67' lang='lat' dir='ltr'><strong>Aetius,</strong></span> <span class='ocrx_word' id='word_1_784' title='bbox 1405 5542 1707 5621; x_wconf 68' lang='lat' dir='ltr'><strong>Eudoxius,</strong></span> <span class='ocrx_word' id='word_1_785' title='bbox 1751 5542 1952 5621; x_wconf 80' lang='lat' dir='ltr'><strong>aliique</strong></span> 
     </span>
    </p>
   </div>
   <div class='ocr_carea' id='block_1_108' title="bbox 378 5613 1948 5693">
    <p class='ocr_par' dir='ltr' id='par_1_108' title="bbox 378 5613 1948 5693">
     <span class='ocr_line' id='line_1_108' title="bbox 378 5613 1948 5693; baseline -0.01 -16"><span class='ocrx_word' id='word_1_786' title='bbox 378 5623 638 5693; x_wconf 81' lang='lat' dir='ltr'><strong>permulti</strong></span> <span class='ocrx_word' id='word_1_787' title='bbox 689 5619 954 5693; x_wconf 70' lang='lat' dir='ltr'><strong>ejusdem</strong></span> <span class='ocrx_word' id='word_1_788' title='bbox 999 5625 1169 5693; x_wconf 63' lang='lat' dir='ltr'><strong>sectae</strong></span> <span class='ocrx_word' id='word_1_789' title='bbox 1207 5614 1456 5693; x_wconf 82' lang='lat' dir='ltr'><strong>homines</strong></span> <span class='ocrx_word' id='word_1_790' title='bbox 1504 5613 1855 5693; x_wconf 73' lang='lat' dir='ltr'><strong>pellerentur</strong></span> <span class='ocrx_word' id='word_1_791' title='bbox 1898 5613 1948 5662; x_wconf 91' lang='lat' dir='ltr'><strong>in</strong></span> 
     </span>
    </p>
   </div>
   <div class='ocr_carea' id='block_1_109' title="bbox 376 5681 1949 5747">
    <p class='ocr_par' dir='ltr' id='par_1_109' title="bbox 376 5681 1949 5747">
     <span class='ocr_line' id='line_1_109' title="bbox 376 5681 1949 5747; baseline -0.011 0"><span class='ocrx_word' id='word_1_792' title='bbox 376 5681 654 5747; x_wconf 72' lang='lat' dir='ltr'><strong>exsilium.</strong></span> <span class='ocrx_word' id='word_1_793' title='bbox 699 5681 858 5743; x_wconf 59' lang='lat' dir='ltr'><strong>Anno</strong></span> <span class='ocrx_word' id='word_1_794' title='bbox 899 5689 1026 5742; x_wconf 72' lang='lat' dir='ltr'><strong>(1hr.</strong></span> <span class='ocrx_word' id='word_1_795' title='bbox 1069 5686 1173 5740; x_wconf 81' lang='grc'><strong>558</strong></span> <span class='ocrx_word' id='word_1_796' title='bbox 1199 5725 1212 5745; x_wconf 85' lang='grc'><strong>,</strong></span> <span class='ocrx_word' id='word_1_797' title='bbox 1268 5683 1516 5737; x_wconf 72' lang='grc' dir='ltr'>Αηοιιιωί</span> <span class='ocrx_word' id='word_1_798' title='bbox 1564 5681 1949 5736; x_wconf 84' lang='lat' dir='ltr'><strong>Constantium</strong></span> 
     </span>
    </p>
   </div>
   <div class='ocr_carea' id='block_1_110' title="bbox 380 5749 1948 5835">
    <p class='ocr_par' dir='ltr' id='par_1_110' title="bbox 380 5749 1948 5835">
     <span class='ocr_line' id='line_1_110' title="bbox 380 5749 1948 5835; baseline -0.011 -18"><span class='ocrx_word' id='word_1_799' title='bbox 380 5765 669 5835; x_wconf 76' lang='lat' dir='ltr'><strong>rogabant,</strong></span> <span class='ocrx_word' id='word_1_800' title='bbox 709 5769 768 5816; x_wconf 89' lang='lat' dir='ltr'><strong>ut</strong></span> <span class='ocrx_word' id='word_1_801' title='bbox 809 5759 1049 5830; x_wconf 69' lang='lat' dir='ltr'><strong>synodus</strong></span> <span class='ocrx_word' id='word_1_802' title='bbox 1096 5756 1495 5819; x_wconf 87' lang='lat' dir='ltr'><strong>celebraretur;</strong></span> <span class='ocrx_word' id='word_1_803' title='bbox 1532 5752 1626 5823; x_wconf 92' lang='lat' dir='ltr'><strong>qui</strong></span> <span class='ocrx_word' id='word_1_804' title='bbox 1676 5749 1948 5822; x_wconf 81' lang='lat' dir='ltr'><strong>synodum</strong></span> 
     </span>
    </p>
   </div>
   <div class='ocr_carea' id='block_1_111' title="bbox 2043 5254 3624 5328">
    <p class='ocr_par' dir='ltr' id='par_1_111' title="bbox 2043 5254 3624 5328">
     <span class='ocr_line' id='line_1_111' title="bbox 2043 5254 3624 5328; baseline -0.006 -13"><span class='ocrx_word' id='word_1_805' title='bbox 2043 5259 2374 5317; x_wconf 67' lang='lat' dir='ltr'><strong>Nicomediae</strong></span> <span class='ocrx_word' id='word_1_806' title='bbox 2409 5257 2711 5328; x_wconf 84' lang='lat' dir='ltr'><strong>cogendam</strong></span> <span class='ocrx_word' id='word_1_807' title='bbox 2746 5257 2943 5328; x_wconf 60' lang='lat' dir='ltr'><strong>indixit</strong></span> <span class='ocrx_word' id='word_1_808' title='bbox 2976 5274 2989 5310; x_wconf 90' lang='lat'><strong>:</strong></span> <span class='ocrx_word' id='word_1_809' title='bbox 3024 5255 3122 5328; x_wconf 81' lang='lat' dir='ltr'><strong>sed</strong></span> <span class='ocrx_word' id='word_1_810' title='bbox 3150 5254 3220 5328; x_wconf 89' lang='lat' dir='ltr'><strong>o_b</strong></span> <span class='ocrx_word' id='word_1_811' title='bbox 3258 5269 3453 5328; x_wconf 75' lang='lat' dir='ltr'><strong>causas</strong></span> <span class='ocrx_word' id='word_1_812' title='bbox 3501 5263 3624 5328; x_wconf 76' lang='lat' dir='ltr'><strong>ante</strong></span> 
     </span>
    </p>
   </div>
   <div class='ocr_carea' id='block_1_112' title="bbox 2046 5323 3621 5398">
    <p class='ocr_par' dir='ltr' id='par_1_112' title="bbox 2046 5323 3621 5398">
     <span class='ocr_line' id='line_1_112' title="bbox 2046 5323 3621 5398; baseline -0.007 -13"><span class='ocrx_word' id='word_1_813' title='bbox 2046 5333 2246 5394; x_wconf 88' lang='lat' dir='ltr'><strong>dictas,</strong></span> <span class='ocrx_word' id='word_1_814' title='bbox 2284 5345 2384 5398; x_wconf 90' lang='lat' dir='ltr'><strong>pro</strong></span> <span class='ocrx_word' id='word_1_815' title='bbox 2407 5323 2725 5382; x_wconf 76' lang='lat' dir='ltr'><strong>Nicomedia</strong></span> <span class='ocrx_word' id='word_1_816' title='bbox 2751 5326 2952 5390; x_wconf 64' lang='lat' dir='ltr'><strong>Nicma,</strong></span> <span class='ocrx_word' id='word_1_817' title='bbox 2976 5325 3198 5398; x_wconf 89' lang='lat' dir='ltr'><strong>_celebri</strong></span> <span class='ocrx_word' id='word_1_818' title='bbox 3228 5325 3464 5398; x_wconf 64' lang='lat' dir='ltr'><strong>concilio</strong></span> <span class='ocrx_word' id='word_1_819' title='bbox 3493 5323 3621 5375; x_wconf 92' lang='lat' dir='ltr'><strong>olim</strong></span> 
     </span>
    </p>
   </div>
   <div class='ocr_carea' id='block_1_113' title="bbox 2050 5393 3621 5466">
    <p class='ocr_par' dir='ltr' id='par_1_113' title="bbox 2050 5393 3621 5466">
     <span class='ocr_line' id='line_1_113' title="bbox 2050 5393 3621 5466; baseline -0.008 -11"><span class='ocrx_word' id='word_1_820' title='bbox 2050 5393 2376 5466; x_wconf 74' lang='lat' dir='ltr'><strong>nobilitata,</strong></span> <span class='ocrx_word' id='word_1_821' title='bbox 2432 5401 2558 5452; x_wconf 91' lang='lat' dir='ltr'><strong>huic</strong></span> <span class='ocrx_word' id='word_1_822' title='bbox 2613 5398 2910 5451; x_wconf 90' lang='lat' dir='ltr'><strong>conventui</strong></span> <span class='ocrx_word' id='word_1_823' title='bbox 2959 5395 3270 5466; x_wconf 85' lang='lat' dir='ltr'><strong>deputatur.</strong></span> <span class='ocrx_word' id='word_1_824' title='bbox 3329 5393 3401 5466; x_wconf 80' lang='lat' dir='ltr'><strong>Ut</strong></span> <span class='ocrx_word' id='word_1_825' title='bbox 3441 5401 3621 5444; x_wconf 89' lang='lat' dir='ltr'><strong>autem</strong></span> 
     </span>
    </p>
   </div>
   <div class='ocr_carea' id='block_1_114' title="bbox 2052 5463 3624 5529">
    <p class='ocr_par' dir='ltr' id='par_1_114' title="bbox 2052 5463 3624 5529">
     <span class='ocr_line' id='line_1_114' title="bbox 2052 5463 3624 5529; baseline -0.01 -3"><span class='ocrx_word' id='word_1_826' title='bbox 2052 5471 2336 5526; x_wconf 88' lang='lat' dir='ltr'><strong>instabiles</strong></span> <span class='ocrx_word' id='word_1_827' title='bbox 2363 5463 2547 5524; x_wconf 78' lang='lat' dir='ltr'><strong>erant</strong></span> <span class='ocrx_word' id='word_1_828' title='bbox 2574 5468 2801 5529; x_wconf 87' lang='lat' dir='ltr'><strong>Ariani,</strong></span> <span class='ocrx_word' id='word_1_829' title='bbox 2837 5463 3047 5520; x_wconf 81' lang='lat' dir='ltr'><strong>mutato</strong></span> <span class='ocrx_word' id='word_1_830' title='bbox 3085 5465 3314 5519; x_wconf 88' lang='lat' dir='ltr'><strong>consilio</strong></span> <span class='ocrx_word' id='word_1_831' title='bbox 3340 5504 3353 5527; x_wconf 92' lang='lat'><strong>,</strong></span> <span class='ocrx_word' id='word_1_832' title='bbox 3390 5463 3624 5528; x_wconf 77' lang='lat' dir='ltr'><strong>impera-</strong></span> 
     </span>
    </p>
   </div>
   <div class='ocr_carea' id='block_1_115' title="bbox 2052 5529 3622 5606">
    <p class='ocr_par' dir='ltr' id='par_1_115' title="bbox 2052 5529 3622 5606">
     <span class='ocr_line' id='line_1_115' title="bbox 2052 5529 3622 5606; baseline -0.012 -10"><span class='ocrx_word' id='word_1_833' title='bbox 2052 5554 2224 5596; x_wconf 89' lang='lat' dir='ltr'><strong>torem</strong></span> <span class='ocrx_word' id='word_1_834' title='bbox 2268 5540 2602 5594; x_wconf 89' lang='lat' dir='ltr'><strong>inducebant</strong></span> <span class='ocrx_word' id='word_1_835' title='bbox 2636 5546 2734 5606; x_wconf 17' lang='lat' dir='ltr'><strong>int,</strong></span> <span class='ocrx_word' id='word_1_836' title='bbox 2783 5535 3280 5606; x_wconf 15' lang='lat' dir='ltr'><strong>divisisiepiscopis</strong></span> <span class='ocrx_word' id='word_1_837' title='bbox 3304 5529 3622 5606; x_wconf 80' lang='lat' dir='ltr'><strong>,_0c_ciden-</strong></span> 
     </span>
    </p>
   </div>
   <div class='ocr_carea' id='block_1_116' title="bbox 2059 5599 3622 5674">
    <p class='ocr_par' dir='ltr' id='par_1_116' title="bbox 2059 5599 3622 5674">
     <span class='ocr_line' id='line_1_116' title="bbox 2059 5599 3622 5674; baseline -0.012 -9"><span class='ocrx_word' id='word_1_838' title='bbox 2059 5613 2194 5666; x_wconf 88' lang='lat' dir='ltr'><strong>tales</strong></span> <span class='ocrx_word' id='word_1_839' title='bbox 2226 5610 2562 5674; x_wconf 81' lang='lat' dir='ltr'><strong>Ariminum,</strong></span> <span class='ocrx_word' id='word_1_840' title='bbox 2619 5599 2928 5662; x_wconf 87' lang='lat' dir='ltr'><strong>Orientales</strong></span> <span class='ocrx_word' id='word_1_841' title='bbox 2969 5599 3271 5662; x_wconf 80' lang='lat' dir='ltr'><strong>Seleuciam</strong></span> <span class='ocrx_word' id='word_1_842' title='bbox 3324 5602 3376 5655; x_wconf 90' lang='lat' dir='ltr'><strong>in</strong></span> <span class='ocrx_word' id='word_1_843' title='bbox 3418 5599 3622 5652; x_wconf 83' lang='lat' dir='ltr'><strong>Isauria</strong></span> 
     </span>
    </p>
   </div>
   <div class='ocr_carea' id='block_1_117' title="bbox 2059 5676 2904 5753">
    <p class='ocr_par' dir='ltr' id='par_1_117' title="bbox 2059 5676 2904 5753">
     <span class='ocr_line' id='line_1_117' title="bbox 2059 5676 2904 5753; baseline -0.007 -17"><span class='ocrx_word' id='word_1_844' title='bbox 2059 5691 2405 5753; x_wconf 81' lang='lat' dir='ltr'><strong>cogerentur,</strong></span> <span class='ocrx_word' id='word_1_845' title='bbox 2443 5694 2584 5733; x_wconf 86' lang='lat' dir='ltr'><strong>anno</strong></span> <span class='ocrx_word' id='word_1_846' title='bbox 2616 5677 2744 5731; x_wconf 88' lang='lat' dir='ltr'><strong>Chr.</strong></span> <span class='ocrx_word' id='word_1_847' title='bbox 2781 5676 2904 5731; x_wconf 76' lang='lat'><strong>559.</strong></span> 
     </span>
    </p>
   </div>
   <div class='ocr_carea' id='block_1_118' title="bbox 3550 5822 3623 5844">
    <p class='ocr_par' dir='ltr' id='par_1_118' title="bbox 3550 5822 3623 5844">
     <span class='ocr_line' id='line_1_118' title="bbox 3550 5822 3623 5844; baseline 0 -7"><span class='ocrx_word' id='word_1_848' title='bbox 3550 5822 3623 5844; x_wconf 35' lang='lat' dir='ltr'><strong>V_J</strong></span> 
     </span>
    </p>
   </div>
  </div>
