4056 6326
595 335 733 395 ιιδθ

2039 326 2377 385 SOZOMENI

3663 342 3764 399 ίιῦθ

535 462 541 469 ’
600 451 727 521 guis
757 446 1134 511 consulerent,
1166 444 1443 515 simulque
1468 458 1662 499 omnes
1686 444 1830 501 inter
1856 460 1918 501 se
1951 446 2020 500 de
2052 460 2170 500 om-

2278 441 2590 512 ἁφικέσθαι.
2622 443 2827 514 Γράφει
2879 443 2934 498 δὲ
2987 441 3065 513 τῷ
3109 442 3404 515 Βασιλείῳ,
3446 448 3507 502 δι’
3533 452 3769 512 ἐπιστολῶν

592 542 758 596 nibus
791 535 1206 602 consentirent;
1238 533 1440 591 deinde
1472 542 1530 589 ut
1561 533 1753 590 decem
1777 535 1943 606 legati
1967 550 2035 590 ex
2066 534 2174 591 Oc-

589 627 830 687 cidentis
893 625 1185 696 partibus,
1239 624 1576 694 totidemque
1641 639 1712 679 cx
1767 623 2171 693 Orientalibus,

587 735 730 793 quos
760 717 1008 790 synodus
1037 717 1321 773 communi
1348 716 1625 772 sententia
1650 716 1966 787 delegisset,
1989 718 2060 772 ad
2089 732 2176 772 co-

589 813 844 866 mitatum
870 809 1241 873 mitterentur,
1278 808 1507 864 relaturi
1534 824 1657 879 qua:
1685 808 1906 863 decreta
1936 814 2127 863 essent
2156 827 2170 863 :

585 918 696 974 quo
734 913 791 958 et
837 902 956 971 ipse
989 900 1289 969 dispiceret
1365 906 1548 955 utrum
1604 900 1683 955 illi
1720 900 1876 971 juxta
1919 915 2171 956 normam

587 1008 881 1049 sacrarum
916 991 1331 1060 Seripturarum
1375 990 1520 1046 inter
1550 1006 1613 1047 se
1638 1001 1828 1046 mutuo
1851 992 2172 1049 consensis-

583 1094 740 1151 sent,
765 1092 819 1139 et
850 1085 917 1139 de
940 1083 1027 1140 bis
1067 1098 1188 1153 quae
1222 1084 1429 1153 agenda
1459 1092 1667 1151 essent,
1705 1094 1869 1154 prout
1898 1085 2166 1155 optimum

583 1176 732 1232 factu
766 1174 873 1231 sibi
944 1173 1241 1237 videretur,
1298 1174 1637 1231 decerneret.
1668 1175 1798 1231 Post
1860 1177 1981 1231 haec
2032 1178 2171 1233 inito

583 1268 858 1333 consilio,
886 1269 1143 1338 praecepit
1197 1276 1256 1321 ut
1282 1282 1473 1322 omnes
1525 1268 1804 1342 episcopi,
1858 1270 2174 1340 ubicunque

582 1360 751 1430 positi
814 1368 1036 1422 essent,
1091 1369 1185 1412 aut
1230 1358 1285 1411 in
1351 1359 1590 1428 propriis
1653 1357 1918 1416 Ecclesiis
1980 1375 2174 1429 exspe—

579 1460 822 1518 ctarent,
876 1451 1053 1507 donec
1106 1450 1261 1506 locus
1312 1449 1551 1505 concilio
1588 1451 1907 1519 designatus
1953 1451 2172 1517 fuisset,

582 1543 1012 1613 mandatumque
1040 1550 1188 1597 esset
1234 1542 1369 1610 ipsis
1422 1553 1479 1595 ut
1504 1557 1571 1597 eo
1624 1542 1964 1598 advenirent.
2022 1543 2176 1599 Scri-

581 1633 663 1688 bit
694 1634 913 1688 interim
968 1632 1036 1686 ad
1068 1630 1383 1698 ,Basilium,
1428 1641 1488 1685 ut
1542 1647 1609 1687 ex
1665 1633 1922 1689 omnibus
1976 1632 2176 1690 Orien-

2278 535 2546 625 πυθέσθαι
2570 535 2786 590 πάντων
2824 535 2931 589 τῶν
2964 536 3068 589 ἀνὰ
3104 537 3202 606 τὴν
3239 538 3349 591 Ἕω
3375 540 3664 607 ἐπισκόπων,
3689 548 3769 620 ὅπη

2276 625 2542 679 ἐπιτελεῖν
2574 625 2674 696 τὴν
2718 625 2936 680 σύνοδον
2968 625 3238 697 προσῆκεν
3262 642 3275 653 ·
3308 625 3439 679 ὥστε
3479 628 3615 702 ἔαρος
3650 636 3773 706 ἀρχα.

2279 719 2442 789 μένου
2468 757 2483 782 ,
2512 718 2671 771 τοῦτο
2705 719 2840 770 πᾶσι
2875 717 3124 787 γενέσθαι
3167 718 3341 790 δῆλον.
3372 720 3455 771 Ἐν
3479 720 3654 793 Νικαίᾳ
3675 727 3771 797 γὰρ,

2275 806 2352 870 ὠς
2398 806 2738 877 κεκμηκότος
2791 806 2886 860 τοῦ
2936 807 3063 878 τῇδε
3098 807 3281 871 ἔθνους
3334 808 3432 861 ὑπὸ
3481 812 3772 880 σεισμῶν,οῠ

2276 899 2459 964 καλῶς
2514 900 2661 971 ἐχειν
2702 899 2938 954 ὑπέλαϐε
2998 900 3211 954 σύνοδον
3258 904 3443 956 ποιεῖν,
3497 904 3548 958 '0
3578 908 3627 962 δὲ
3654 910 3778 965 Βασί.

2276 989 2417 1053 λειος
2455 990 2590 1054 ίδίας
2619 989 2910 1060 ἐπιστολῆς
2946 989 3222 1060 προτάξας
3269 990 3338 1044 τὰ
3369 990 3605 1061 βασιλέως
3640 1000 3777 1069 γράμ.

2280 1101 2425 1153 ματα
2448 1121 2463 1146 ,
2498 1085 2613 1147 τοῖς
2645 1083 2787 1137 κατὰ
2831 1082 2983 1147 ἔθνος
3025 1082 3344 1147 ἐπισκόποις
3365 1084 3582 1155 ἐδήλωσε
3624 1095 3779 1164 σπουδῇ

2274 1173 2696 1244 διασκέψασθαι,
2733 1174 2827 1228 καὶ
2866 1173 2957 1226 τὸν
2985 1173 3253 1245 ἁρὲσοντα
3291 1174 3450 1230 τόπον
3487 1179 3541 1231 ἐν
3563 1181 3691 1251 τάχει
3711 1183 3779 1252 δη-

2275 1264 2467 1319 λῶσαι.
2497 1260 2599 1317 υἷα
2629 1265 2686 1317 δὲ
2718 1263 2862 1333 φιλεῖ
2893 1264 2987 1317 ἐπὶ
3012 1266 3125 1328 τοῖς
3159 1264 3445 1333 τοιούτοις,
3480 1271 3536 1322 οὐ
3558 1272 3638 1326 τὸν
3663 1275 3784 1327 αὑτὸν

2273 1355 2438 1408 τόπον
2498 1354 2908 1425 ἐπιλεξαμένων
2960 1353 3181 1407 πάντων
3208 1396 3224 1421 ,
3290 1358 3625 1427 παραγίνεται
3682 1365 3783 1434 πρὸς

2278 1445 2501 1516 βασιλέα
2527 1446 2836 1509 Βασίλειοςο
2872 1445 3110 1516 διέτριϐε
3141 1446 3201 1499 δὲ
3235 1446 3357 1500 τότε
3393 1449 3449 1502 ἐν
3469 1451 3675 1522 Σιρμίῳ.
3706 1453 3788 1508 Καὶ

2277 1536 2682 1607 καταλαμϐάνει
2733 1535 2918 1592 ἐνθάδε
2967 1535 3160 1602 ἄλλους
3214 1537 3274 1590 τέ
3331 1556 3477 1604 τινας
3516 1542 3785 1608 ἐπισκόπους

2276 1629 2397 1684 κατ’
2432 1629 2568 1693 ἰδίας
2596 1629 2788 1700 χρείας
2809 1670 2826 1696 ,
2857 1628 2952 1682 καὶ
2988 1630 3215 1700 Μάρκον
3248 1630 3341 1683 τὸν
3360 1631 3699 1702 Ἀρεθούσιον,
3721 1635 3791 1690 καὶ

583 1724 950 1794 tisepiscopis
994 1723 1310 1779 sciscitetur
1375 1740 1470 1793 per
1513 1722 1726 1779 litteras
1762 1739 1872 1795 quo
1932 1724 1991 1779 in
2050 1726 2170 1782 loco

2277 1721 2548 1793 Γεώργιον
2576 1720 2668 1774 τὸν
2710 1722 3084 1792 ἐπιτραπέντα
3125 1726 3454 1792 προστατεῖν
3485 1726 3575 1796 τῆς
3597 1725 3791 1791 Ἀλεξαν-

583 1816 857 1887 synodum
914 1814 1186 1870 celebrari
1251 1822 1530 1883 oporteret
1597 1834 1610 1870 :

586 1908 722 1961 tium
773 1906 919 1962 veris
971 1921 1037 1961 ea
1089 1922 1176 1961 res
1256 1908 1475 1963 cunctis
1548 1907 1939 1965 innotesceret.
1983 1908 2172 1981 Neque

583 2000 733 2054 enim
802 1998 1151 2053 commodum
1204 2012 1331 2053 esse
1382 1998 1790 2064 arbitrabatur,
1865 2009 1925 2056 ut
1976 2000 2171 2057 Nicaea

583 2089 830 2161 synodus
867 2089 1046 2154 fieret,
1109 2106 1235 2146 cum
1283 2105 1348 2145 ea
1376 2091 1663 2160 provincia
1720 2099 1884 2149 terra:
1919 2095 2166 2152 motibus

590 2190 779 2237 vexata
812 2190 988 2237 esset.
1025 2181 1265 2238 Basilius
1291 2181 1479 2252 itaque
1516 2182 1752 2252 praeﬁxis
1783 2184 2031 2253 epistolae
2055 2201 2171 2243 suae

587 2275 969 2346 imperialibus
999 2274 1221 2341 litteris,
1253 2275 1533 2329 mandavit
1584 2274 1745 2347 154
1770 2277 2053 2348 episcopis
2073 2293 2173 2349 per

583 2366 837 2437 singulas
887 2366 1204 2436 provincias
1262 2366 1583 2421 constitutis
1641 2377 1698 2420 ut
1751 2369 2167 2439 quamprimum

583 2458 727 2528 apud
750 2474 809 2514 se
840 2458 1235 2524 deliberarent,
1265 2467 1321 2513 et
1350 2460 1530 2513 locum
1575 2461 1665 2528 qui
1704 2461 1838 2529 ipsis
1892 2462 2172 2518 videretur

1675 1815 1753 1869 ira
1780 1793 1871 1870 ἰιι
1922 1817 2026 1873 sub
2067 1818 2174 1873 ini-
2199 1793 2244 1851 Β
2270 1812 2441 1884 ὀρέων
2481 1811 2823 1883 Ἐκκλησίας.
2869 1812 3039 1878 Δόξαν
3076 1813 3132 1866 δὲ
3181 1812 3283 1885 ἤδη
3321 1815 3380 1867 ἐν
3423 1793 3686 1890 Σελευκείᾳ.
3720 1818 3794 1888 τῆς

2286 1904 2559 1976 Ἰσαυρίας
2584 1903 2833 1973 γενέσθαι
2856 1903 2957 1976 τὴν
2987 1903 3239 1971 σύνοδον,
3281 1907 3331 1959 οἱ
3366 1907 3507 1977 ἀμφὶ
3537 1908 3791 1963 ούἀλεντα’

2274 1996 2367 2050 καὶ
2397 1996 2507 2067 γὰρ
2552 1995 2618 2067 δὴ
2650 1995 2744 2051 καὶ
2775 1988 2930 2060 οὗτος
2959 1995 3038 2068 τῷ
3060 1997 3274 2068 Σιρμίῳ
3322 1998 3564 2071 ἐνεδὴμει
3586 2016 3599 2031 ·
3714 2000 3796 2054 τῶν

2284 2087 2579 2160 ’Δνομοίων
2620 2089 2826 2160 αἱρέσει
2875 2089 3174 2162 χαίροντες,
3203 2090 3559 2156 σπουδάζουσι
3597 2093 3707 2155 τοὺς
3741 2091 3798 2162 τῷ

2271 2179 2622 2252 στρατοπέδῳ
2663 2179 2941 2251 παρόντας
2994 2181 3334 2247 ἐπισκόπους
3384 2185 3464 2248 είς
3493 2183 3687 2254 ἕτοιμόν
3706 2200 3801 2239 τινα

2271 2272 2490 2343 γραφὴν
2515 2271 2751 2336 πίστεως
2782 2272 3097 2342 ὑπογράψαι
3129 2271 3208 2344 (1)
3234 2313 3249 2338 ,
3282 2274 3345 2327 ἐν
3439 2273 3499 2328 τὸ
3537 2274 3628 2345 τῆς
3654 2274 3799 2336 οὐσίας

2269 2363 2371 2417 οὐκ
2394 2362 2636 2417 ἐνέκειτο
2662 2364 2854 2434 ὄνομα.
2889 2364 3345 2437 Σπουδαζομένης
3374 2366 3433 2439 δέ
3471 2368 3566 2439 τῆς
3604 2367 3802 2431 συνόδου,

2270 2454 2616 2527 λογισάμενοι
2670 2457 2719 2509 oi
2769 2457 2914 2527 ἀμφὶ
2960 2457 3210 2523 Εὐδόξιον
3258 2459 3360 2513 καὶ
3404 2460 3646 2515 ’Δκάκιον
3671 2500 3684 2524 ,
3734 2476 3805 2514 και

3949 1524 3951 1663 1

3949 1692 3951 1841 l

580 2550 904 2618 aptissimus
992 2547 1328 2604 indicarent.
1380 2548 1517 2603 Cum
1557 2566 1707 2612 vero,
1738 2552 1883 2606 sicut
1934 2552 1989 2607 in
2022 2552 2170 2623 ejus-

582 2642 730 2696 modi
765 2641 930 2697 rebus
960 2640 1080 2696 fieri
1111 2640 1279 2707 solet,
1321 2656 1432 2696 non
1465 2657 1635 2697 unum
1676 2643 2037 2715 eamdemque
2088 2645 2172 2702 lo-

577 2748 710 2788 cum
769 2748 966 2788 omnes
1038 2733 1365 2805 elegissent,
1403 2732 1642 2791 Basilius
1671 2738 1740 2790 ad
1782 2737 2165 2807 imperatorem

578 2823 868 2893 profectus
887 2832 996 2889 est,
1031 2825 1126 2895 qui
1148 2833 1264 2880 tum
1299 2824 1488 2881 Sirmii
1545 2819 1889 2884 morabatur.
1919 2830 1999 2886 lbi
2048 2840 2164 2886 tum

582 2917 726 2973 alios
760 2918 1027 2988 quosdam
1079 2919 1283 2989 reperit
1308 2918 1626 2990 episcopos.
1653 2921 1749 2990 qui
1786 2930 2010 2991 propter
2042 2922 2161 2993 pri-

2269 2918 2409 2973 κατὰ
2438 2918 2617 2973 πάντα
2645 2920 2832 2989 ὅμοιον
2875 2918 2954 2991 τῷ
2997 2920 3174 2992 Πατρὶ
3219 2921 3321 2977 τὸν
3355 2922 3485 2976 Υίδν
3527 2921 3805 2990 ἀποφαίνειο

581 3018 736 3065 vatas
784 3012 1147 3066 necessitates
1198 3024 1266 3066 eo
1320 3010 1683 3076 advenerant,
1742 3021 1857 3068 tum
1916 3012 2160 3069 Marcum

2269 3012 2361 3065 καὶ
2397 3010 2473 3074 ὡς
2499 3012 2548 3064 εί
2594 3011 2795 3076 πάντες
2841 3011 2925 3075 εἰς
2968 3012 3169 3067 ταύτὸν
3220 3014 3598 3080 συνέλθωσιν,
3627 3014 3811 3082 ἑτοίμως

578 3104 955 3169 Aretliusium,
988 3111 1046 3159 et
1096 3102 1395 3174 Georgium
1443 3107 1762 3175 episcopum
1793 3105 2157 3161 Alexandriae.

2269 3101 2739 3174 καταψηφίσονται
2766 3103 2867 3174 τῆς
2885 3103 3095 3158 Ἀετίου
3115 3104 3307 3176 δόξης,
3331 3107 3404 3178 ἢν
3428 3106 3581 3162 αὐτοὶ
3602 3105 3809 3176 ἐπῄνουν,

574 3187 826 3265 Cumque
846 3195 956 3265 jam
977 3195 1337 3251 constitutum
1358 3205 1506 3252 esset
1523 3205 1580 3250 ut
1598 3195 1862 3251 Seleuciae
1883 3197 1936 3251 in
1958 3198 2165 3254 lsauria

2269 3192 2524 3266 ἄντικρυς
2557 3194 2824 3263 ἑκατέρας
2857 3194 3169 3266 ἀπᾴδουσαν
3192 3212 3206 3226 ·
3241 3196 3579 3268 κατορθοῦσι
3606 3197 3718 3256 τοὺς
3738 3195 3813 3263 μὲν

576 3288 877 3342 νοιιείιιυω
908 3286 1230 3356 haberetur,
1267 3288 1324 3341 bi
1376 3288 1470 3358 qui
1519 3302 1645 3342 cum
1682 3287 1911 3343 Valente
1967 3300 2158 3344 erant:

2269 3287 2369 3340 ἀπὸ
2426 3287 2525 3357 τῆς
2571 3286 2786 3351 Δύσεως
2853 3287 2912 3341 ἐν
2957 3287 3217 3359 ’Δριμίνῳ
3275 3289 3592 3344 συνελθεῖν
3629 3289 3738 3351 τοὺς
3770 3285 3814 3338 δὶ

575 3396 708 3436 nam
768 3391 823 3434 et
882 3381 989 3433 iste
1047 3387 1163 3433 tum
1229 3379 1422 3434 aderat
1477 3377 1663 3433 Sirmii
1692 3417 1707 3442 ,
1768 3380 2161 3436 Anonrowrum

2269 3380 2368 3435 ἀπὸ
2395 3380 2494 3450 τῆς
2522 3379 2658 3445 Ἕω,
2688 3381 2744 3432 ἐν
2771 3378 3062 3451 Σελευκείᾳ
3081 3380 3182 3451 τῆς
3220 3381 3651 3454 Ἱσαυρίας.“1να
3673 3377 3816 3450 ῥᾳδίου

581 3471 774 3527 haeresi
824 3469 1097 3534 faventes,
1129 3484 1355 3540 operam
1388 3469 1661 3525 dederunt
1697 3480 1755 3524 ut
1784 3471 2031 3541 episcopi
2069 3473 2164 3543 qui

2269 3473 2412 3536 ὄντος
2442 3472 2653 3539 ὀλίγους
2679 3510 2695 3534 ,
2730 3470 2764 3541 ἢ
2797 3471 3005 3534 πάντας
3035 3471 3242 3526 πείθειν
3263 3513 3283 3540 ,
3342 3476 3396 3528 εί
3452 3474 3552 3545 μὲν
3597 3473 3814 3529 δύναιντο.

577 3565 636 3616 in
659 3563 926 3618 comitatu
992 3571 1175 3626 erant,
1211 3570 1419 3631 paratae
1467 3562 1686 3618 cuidam
1734 3562 1859 3618 fidei
1913 3563 2162 3621 formula:

2269 3563 2391 3634 τῇδε
2418 3563 2642 3616 κάκεῖσε
2668 3561 3015 3631 μερισθέντες
3037 3565 3520 3633 παρασκευάσωσι
3550 3565 3691 3634 σφίσι
3715 3578 3820 3632 συμ-

580 3653 1023 3717 subscriberent,
1064 3653 1121 3707 in
1170 3668 1280 3723 qua
1309 3669 1512 3709 nomen
1546 3655 1871 3709 substantia:
1897 3657 2007 3711 non
2029 3672 2161 3712 con-

2269 3653 2480 3725 ψήφους
2508 3651 2762 3719 γενέσθαι
2789 3652 3055 3722 ἑκατέραν
3080 3652 3335 3708 σύνοδον·
3366 3657 3418 3709 εἰ
3463 3654 3522 3709 δὲ
3550 3654 3656 3725 μὴ,
3695 3649 3816 3705 θατέ-

578 3745 885 3800 Iinebatur.
912 3743 1050 3797 Dum
1085 3744 1335 3815 synodus
1360 3745 1770 3814 ingentistudio
1797 3748 2164 3819 acceleratur,

2270 3762 2369 3816 ραν
2392 3758 2404 3772 ·
2438 3741 2580 3797 ὥστε
2631 3741 2709 3813 μὴ
2745 3742 2945 3805 πάσαις
2993 3740 3193 3814 ψήφοις
3250 3744 3712 3816 ἀποκηρυχθῆναι
3747 3739 3822 3809 τὴν

580 3833 882 3898 Eudoxius,
901 3833 1162 3900 Aeacius,
1192 3822 1460 3889 Ursacius
1492 3848 1556 3886 ac
1589 3831 1809 3898 Valens,
1838 3843 1892 3889 et
1914 3836 2009 3906 qui
2037 3852 2162 3893 cum

2269 3836 2499 3907 αἵρεσιν.
2536 3833 2916 3903 Συνέπραττον
2966 3832 3021 3885 δὲ
3055 3834 3242 3899 αὐτοῖς
3274 3836 3498 3903 ταῦτα,
3530 3833 3766 3896 Εὐσέϐιος
3796 3829 3820 3881 ό

2265 3927 2362 3982 τοῦ
2422 3925 2696 3997 βασιλείου
2746 3924 2897 3979 οἴκου
2949 3925 3231 3995 προεστὼς
3288 3927 3591 4000 εὐνοῦχος,
3629 3921 3823 3991 Εὺδοξεφ

2270 2546 2578 2619 Οὐρσάκιον
2610 2548 2705 2600 καὶ
2731 2544 3039 2615 Οὐάλεντα,
3085 2549 3163 2614 ὡς
3197 2548 3313 2605 τῶν
3343 2552 3590 2623 πανταχῆ
3630 2550 3806 2604 ἐπισκό-

2270 2658 2388 2695 πων
2414 2642 2465 2694 οί
2495 2640 2592 2711 μὲν
2624 2640 2723 2710 τὴν
2767 2642 2826 2694 ἐν
2850 2641 3057 2712 Νικαίᾳ
3094 2642 3281 2697 πίστιν
3303 2660 3320 2676 ο
3363 2646 3413 2699 οἱ
3446 2644 3504 2698 δὲ
3542 2645 3634 2715 τὴν
3659 2644 3806 2713 intra

2267 2731 2565 2805 ἀφιερώσει
2625 2733 2728 2803 τῆς
2800 2734 3115 2805 Ἀντιοχέων
3190 2736 3497 2809 ἐκκλησίας
3544 2735 3807 2792 ἐκτεθεῖσιν

2267 2823 2523 2895 ζηλοῦσιν
2554 2840 2568 2856 °
2608 2824 2845 2897 ἑκατέρα
2866 2842 2926 2879 τε
2954 2826 3016 2879 τὸ
3047 2826 3147 2897 τῆς
3167 2828 3367 2892 οὐσίας
3406 2829 3576 2900 ὄνομα
3598 2828 3717 2899 ἔχει,
3739 2827 3809 2880 καὶ

576 3928 690 3982 illis
719 3934 900 3990 erant,
929 3941 1056 3980 cum
1105 3926 1250 3997 apud
1300 3941 1361 3981 se
1390 3933 1746 3995 reputasscnt
1785 3940 1853 3981 ex
1907 3928 2165 3985 omnibus

575 4017 780 4088 ubique
803 4016 1078 4087 episcopis
1105 4015 1244 4070 alios
1272 4014 1492 4084 quidem
1529 4012 1807 4071 Nic-tenam
1835 4014 1996 4072 fidem
2025 4032 2162 4073 con-

2269 4018 2571 4089 ἐπιτήδειος
2599 4015 2707 4081 ὢν,
2752 4016 2841 4069 καὶ
2868 4014 3044 4079 ἄλλως
3073 4017 3339 4087 ὀμόδοξος
3360 4060 3376 4083 ,
3415 4020 3516 4073 καὶ
3548 4016 3719 4073 πολλοὶ
3737 4011 3820 4066 stin

572 4119 785 4166 stanter
809 4111 1083 4164 retinere:
1132 4108 1270 4163 alios
1289 4122 1423 4163 vero
1479 4122 1600 4162 eam
1637 4107 1898 4177 praeferre
1950 4124 2071 4178 quae
2104 4110 2159 4163 in

2269 4114 2327 4164 ἐν
2353 4110 2602 4180 δυνάμει,
2634 4107 2793 4178 χάριν
2821 4107 2969 4179 αὑτῷ
3006 4109 3256 4181 Εὐσεὸίφ
3290 4112 3583 4185 φέροντες.

573 4203 918 4259 dedicatione
948 4201 1306 4257 Antiochenaa
1347 4201 1592 4256 basilica!
1612 4200 1756 4256 edita
1776 4210 1956 4257 esset:
1983 4218 2216 4273 quarum
2242 4212 2477 4272 utraque
2513 4201 2840 4257 substantiae
2873 4215 3074 4256 nomen
3106 4200 3366 4269 haberet,
3395 4213 3455 4259 et
3483 4202 3678 4257 Filium
3707 4195 3822 4252 Patri

575 4294 936 4364 undequaque
990 4290 1225 4348 similem
1268 4300 1580 4349 assereret:
1603 4308 1668 4348 ac
1688 4293 1737 4349 si
1756 4291 1900 4349 forte
1952 4308 2148 4350 omnes
2171 4293 2230 4349 in
2267 4302 2438 4349 unum
2470 4292 2869 4357 convenirent,
2900 4291 3213 4362 opinionem
3236 4295 3399 4350 Aetii
3428 4311 3600 4368 quam
3621 4292 3824 4365 ipsipro-

576 4391 811 4456 babant,
842 4404 936 4445 eos
969 4389 1159 4458 procul
1190 4388 1360 4444 dubio
1403 4388 1899 4456 condemnatur-os,
1933 4396 2119 4459 utpote
2147 4401 2181 4442 a
2219 4379 2436 4443 duabus
2464 4386 2574 4441 illis
2596 4384 2723 4440 fidei
2749 4385 3003 4443 formulis
3032 4384 3475 4442 dissentientem
3518 4405 3534 4441 :
3574 4385 3629 4441 id
3682 4383 3822 4438 evice-

576 4490 726 4545 runt,
782 4486 844 4534 ut
911 4476 1293 4534 Occidentales
1334 4478 1555 4548 quidem
1605 4479 1862 4544 Arimini,
1890 4476 2197 4534 Orientales
2232 4491 2363 4532 vero
2389 4474 2652 4531 Seleuciae
2699 4473 2757 4529 in
2794 4472 3001 4530 Isauria
3017 4487 3531 4547 congregarentur.
3558 4479 3634 4534 Eo

575 4571 830 4637 consilio,
891 4579 950 4626 ut
994 4569 1255 4642 quoniam
1285 4568 1507 4625 facilius
1527 4577 1615 4625 est
1667 4571 1859 4640 paucis
1901 4584 2066 4640 quam
2103 4566 2360 4622 omnibus
2373 4565 2725 4637 persuadere,
2745 4565 2849 4635 ipsi
2865 4565 3119 4620 bifariam
3145 4566 3341 4635 divisi,
3378 4578 3673 4641 utramque
3703 4578 3827 4637 syno-

573 4669 733 4731 dum,
790 4666 838 4723 si
870 4665 989 4723 ﬁeri
1026 4674 1236 4738 posset,
1270 4666 1325 4720 in
1356 4680 1517 4721 suam
1590 4667 1923 4722 sententiam
1986 4664 2411 4735 pertraherent:
2443 4664 2532 4719 sin
2559 4660 2767 4728 minus,
2818 4662 3048 4717 alteram
3113 4660 3322 4717 saltem
3367 4680 3384 4717 :
3434 4676 3513 4719 ne
3591 4654 3826 4717 communi

574 4760 821 4814 omnium
841 4758 1105 4831 suffragio
1127 4760 1352 4816 haeresis
1374 4760 1617 4831 ipsorum
1658 4760 2144 4817 condemnaretur.
2176 4759 2261 4815 Ad
2282 4759 2383 4814 lras
2409 4764 2591 4814 autem
2621 4772 2710 4813 res
2736 4755 3097 4828 perficiendas
3118 4755 3384 4814 subsidio
3406 4755 3523 4812 illis
3549 4754 3713 4817 fuere,
3739 4761 3825 4805 tum

578 4854 850 4912 Eusebius
903 4855 1194 4912 eunuchus
1220 4897 1235 4924 ,
1269 4856 1599 4929 praepositus
1629 4856 1866 4911 cubiculi
1894 4895 1909 4920 ,
1944 4855 2046 4926 qui
2079 4861 2137 4910 et
2175 4854 2524 4909 necessarius
2564 4850 2818 4915 Eudoxii,
2853 4860 2905 4904 υι
2942 4852 3187 4921 ejusdem
3236 4864 3380 4908 cum
3442 4847 3542 4904 illo
3590 4839 3830 4904 sententi

573 4956 737 5004 erat:
780 4956 895 5004 tum
933 4948 1025 5004 alii
1072 4949 1351 5021 primores
1381 4950 1507 5012 viri,
1537 4949 1631 5018 qui
1697 4947 1938 5002 Eusebio
1972 4947 2272 5019 gratiﬁcari
2292 4948 2605 5004 studebant.

1773 5125 2042 5181 VALESII
2079 5123 2633 5183 ANNOTATIONES.

648 5311 726 5380 (l)
761 5310 1041 5380 Ἐτοιμόφ
1068 5327 1203 5366 τινα
1229 5312 1470 5382 imagine
1492 5311 1755 5379 πίστεως
1783 5309 2155 5382 ὑπογράψαι,

2269 5308 2340 5382 ac
2368 5306 2881 5382 Socratesuquidem
2903 5322 3025 5363 eam
3044 5306 3279 5382 tertiam
3329 5307 3479 5364 facit
3510 5306 3830 5382 Sirmienset}!

579 5367 816 5436 lléc'est
854 5367 977 5435 fidei
1020 5367 1278 5436 formula'
1308 5367 1432 5452 q'ua'a
1476 5389 1667 5451 postea
1716 5367 1770 5436 in
1816 5367 2157 5452 Ari'minensi
2260 5379 2578 5452 formulam.
2629 5367 2742 5448 Εὲο
2786 5394 2916 5452 vero
2965 5378 3209 5447 quintam
3260 5394 3408 5452 esse
3461 5374 3750 5452 contendo,
3779 5367 3833 5452 ob

577 5451 820 5506 concilio
859 5453 1095 5522 recitata
1129 5461 1239 5518 est,
1276 5448 1366 5507 cui
1401 5448 1623 5522 pri—elisa
1668 5460 1828 5507 erant
1860 5450 2153 5522 consulum
2262 5450 2510 5522 rationes
2542 5463 2686 5518 quas
2731 5448 2896 5522 paulo
2944 5458 3071 5522 ante
3104 5449 3346 5522 protuli.
3396 5452 3597 5520 Atque
3637 5448 3833 5522 δέξο-εξ

582 5522 828 5576 nomina.
863 5520 957 5593 Sic
985 5522 1132 5593 enim
1161 5506 1457 5593 incipiebat
1491 5540 1503 5575 :
1546 5506 1709 5576 Fides
1736 5506 1979 5593 εαροεὶια
2009 5519 2154 5593 apud
2255 5534 2421 5593 quam
2459 5506 2702 5593 Marcus
2718 5506 3050 5593 Arethusius
3076 5506 3361 5593 dictavit,
3393 5506 3592 5593 _ut:ex
3636 5506 3831 5593 θρίξιοξδ

580 5593 859 5658 Sirmium,
904 5590 1132 5646 Eusebio
1173 5601 1223 5647 et
1266 5587 1500 5662 Hypatio
1532 5587 1863 5655 consulibus,
1891 5600 1951 5646 ut
1978 5587 2153 5662 refert
2254 5587 2521 5662 Valentis
2549 5589 2615 5642 ad
2663 5587 3010 5646 Germinium
3038 5588 3349 5646 observavi
3393 5589 3459 5647 in
3480 5587 3829 5647 Annotatiom‘

583 5663 916 5721 Athanasius
946 5663 1002 5718 in
1033 5663 1176 5720 libro
1213 5662 1292 5718 De
1323 5658 1565 5734 synodi},
1604 5662 1885 5730 Socrates,
1918 5660 2142 5733 aliique.
2252 5660 2357 5719 bus
2388 5660 2458 5717 ad
2488 5658 2796 5716 Socratem.
