4056 6326
346 460 479 520 HBI
1332 456 1655 520 HISTORIA
1693 456 2240 519 ECCLESIASTICA.
2276 495 2345 503 —
2370 463 2497 521 LIB.
2530 464 2617 522 IV.
3467 470 3602 527 Ilii!

928 574 1179 635 ΚΕΦΛΛ.
1214 580 1313 634 IZ'.
1948 582 1992 637 A

1948 582 1992 637 Α
2635 580 2787 636 CAP.
2828 579 2989 636 XVII.

344 672 484 743 Περὶ
536 671 658 731 τῶν
702 671 1087 741 πραχθέντων
1136 671 1211 740 τῇ
1234 673 1303 725 ἐν
1342 672 1622 742 Ἀριμήνῳ
1656 673 1914 736 συνόδῳ.

1905 713 1914 726 .
2117 671 2190 724 De
2220 673 2300 726 his
2331 688 2447 742 quia
2474 683 2624 745 gesta
2653 683 2778 745 sunt
2812 676 2867 728 in
2905 675 3131 731 concilio
3163 677 3507 736 Ariminensi.

415 761 665 827 Πεισθεὶς
687 762 745 815 δὲ
768 763 797 814 ὁ
825 762 1099 834 βασιλεὺς,
1131 762 1206 827 ὼς
1234 761 1357 817 οὗτε
1385 762 1463 835 τῷ
1492 763 1735 835 δημοσίῳ
1765 764 1911 818 λυσι-

2089 761 2396 831 Imperator
2433 765 2619 835 itaque
2654 779 2979 836 persuasum
3018 765 3251 830 habens,
3283 784 3384 824 nec
3415 774 3601 843 reipu-

341 853 487 908 τελεῖ
513 852 603 907 διὰ
625 852 725 923 τὴν
763 852 1030 923 δαπάνην,
1057 851 1182 906 οὔτε
1220 855 1333 917 τοῖς
1363 853 1681 917 ἐπισκόποις
1708 852 1796 907 διὰ
1822 853 1939 931 τάςᾲ

2020 852 2178 909 tilica
2236 865 2458 926 propter
2507 865 2797 928 sumptus,
2845 872 2946 914 nec
3003 859 3283 929 episcopis
3337 862 3493 938 ipsis,
3527 865 3600 921 ob

345 945 567 1017 μακρὰς
604 945 775 1010 ὁδοὺς.
808 946 889 1009 είς
943 944 1137 999 ταύτὸν
1176 944 1387 1009 πάντας
1436 944 1729 1012 συνελθεῖν,
1756 945 1917 999 διεῖλε

2018 943 2235 1002 itineris
2269 946 2750 1019 longinquitatem,
2809 949 3121 1007 conducere
3156 958 3217 1007 ιιι
3251 952 3307 1008 in
3343 956 3599 1012 eumdem

343 1038 444 1110 τὴν
470 1037 715 1094 σύνοδον·
755 1037 852 1091 καὶ
901 1036 1104 1109 γράφει
1136 1039 1250 1100 τοῖς
1272 1037 1394 1090 τότε
1442 1035 1500 1091 ἑν
1534 1037 1795 1109 ’Δριμίνῳ
1821 1037 1918 1092 καὶ

2082 1036 2441 1094 cum’omnes
2472 1041 2871 1107 convenirent,
2911 1042 3183 1111 synodum
3226 1043 3483 1100 bifariam
3523 1047 3602 1101 di-
3674 1053 3684 1059 ’

342 1127 749 1201 Σελευκείᾳ.τά
782 1127 911 1200 napi.
953 1130 1054 1198 τῆς
1094 1127 1330 1191 πίστεως
1371 1126 1651 1198 ἀμφίϐολα
1695 1128 1918 1198 προδιαο

2019 1127 2184 1185 visit'
2218 1148 2232 1183 :
2269 1131 2605 1201 scriptisque
2641 1132 2843 1190 litteris
2897 1133 2964 1188 ad
3003 1134 3294 1205 episcopos
3336 1139 3429 1208 qui
3480 1145 3597 1194 tum

322 1219 553 1293 ﬁsivat‘
593 1220 650 1272 έν
674 1218 818 1272 τέλει
870 1218 927 1273 δὲ
960 1218 1233 1272 διαλαϐεῖν
1267 1218 1404 1272 κατὰ
1435 1219 1526 1273 τὸν
1560 1219 1660 1290 τῆς
1690 1220 1918 1291 Ἐκκλη-

2016 1219 2248 1275 Arimini
2305 1231 2360 1277 et
2405 1220 2673 1278 Seleuciae
2712 1230 2869 1279 erant
2914 1229 3255 1297 congregati,
3313 1228 3484 1298 jussit
3536 1239 3599 1287 ut

344 1310 468 1374 σίας
518 1309 742 1381 θεσμὸν,
799 1309 895 1364 καὶ
945 1309 1075 1381 περὶ
1124 1308 1232 1363 τῶν
1278 1309 1477 1375 ἀδίκως
1504 1311 1848 1383 καθῃρῆσθαι
1879 1313 1914 1385 ἢ

2016 1310 2257 1381 primum
2305 1312 2528 1382 quidem
2564 1316 2976 1373 controversias
3026 1317 3094 1373 de
3143 1319 3250 1375 ﬁde
3299 1334 3597 1393 compone-

343 1401 640 1474 ὑπερορίας
663 1403 834 1455 οἰκεῖν
858 1402 1225 1473 μεμφομένων
1266 1403 1599 1485 ἐπισκόπων,
1636 1398 1710 1459 ὧν
1734 1400 1825 1469 εἷς
1849 1401 1917 1477 ἦν

2017 1410 2181 1473 rent;
2230 1405 2297 1459 ad
2346 1412 2656 1462 extremum
2694 1422 2826 1463 vero
2872 1408 2940 1467 de
2972 1409 3357 1481 episcoporum
3388 1416 3593 1479 causis,

341 1491 611 1564 Κύριλλος
650 1492 1059 1565 Ἱεροσολύμων,
1110 1493 1206 1547 καὶ
1256 1493 1385 1564 περὶ
1432 1494 1539 1548 τῶν
1564 1497 1917 1569 ἐπαγομένων

2017 1495 2111 1566 qui
2156 1510 2218 1551 se
2268 1495 2473 1565 injuste
2511 1497 2818 1568 depositas,
2867 1507 2965 1554 aut
3012 1500 3068 1555 in
3096 1502 3352 1557 exsilium
3394 1506 3596 1562 missos

341 1585 704 1657 ἐγκλημάτων
751 1585 863 1639 ἰιισλ⁸
907 1585 1016 1640 τῶν
1043 1585 1362 1641 ἐπισκόπων
1392 1587 1629 1642 δικάσαι.
1661 1588 1917 1661 Κατηγό⁴

2017 1601 2140 1642 esse
2182 1595 2570 1656 quererentur,
2614 1597 3016 1659 cognoscerent
3057 1606 3161 1646 :ex
3211 1607 3448 1664 quorum
3489 1612 3596 1651 nu-

343 1695 472 1749 ρουν
491 1678 598 1749 γὰρ
627 1675 778 1732 ἄλλοι
828 1676 1004 1734 ἄλλων
1029 1695 1043 1710 ·
1077 1678 1354 1752 Γεωργίου
1394 1680 1451 1735 δὲ
1471 1680 1778 1750 Αἰγύπτιοι,
1818 1684 1917 1755 άρ-

2018 1691 2169 1733 mero
2200 1677 2441 1749 Cyrillus
2479 1685 2598 1734 erat
2628 1677 3138 1751 Hierosolymorum
3171 1684 3501 1755 episcopus;
3542 1698 3596 1742 et

340 1771 534 1840 παγῶν
588 1773 684 1825 καὶ
738 1770 970 1844 ὕϐρεων.
1035 1769 1510 1845 Ἐπικεκριμένοις
1555 1774 1766 1829 δὲπᾶσι
1814 1776 1913 1847 (2),

2015 1768 2084 1823 de
2116 1769 2448 1825 criminibus
2486 1778 2608 1840 qua:
2642 1770 2978 1840 quibusdam
3026 1774 3307 1844 episcopis
3349 1777 3597 1833 intende-

337 1860 470 1916 δέκα
504 1861 843 1934 ἑκατέρωθεν
861 1862 1186 1917 καταλαϐεῖν
1208 1865 1275 1919 τὰ
1297 1864 1539 1935 βασίλεια
1566 1867 1658 1920 ἐπὶ
1685 1868 1914 1939 μηνύσει

2015 1860 2235 1927 bantur,
2264 1862 2593 1916 sententiam
2631 1860 2859 1917 ferrent.
2896 1861 3108 1919 Etenim
3136 1866 3230 1920 alii
3264 1866 3401 1922 alios
3437 1884 3596 1925 accu-

2021 1950 2215 1973 --Ι--..ι
2281 1951 2316 1973 I
2336 1949 2435 1973 κιρ
2486 1950 2709 1973 ,Ἄρ--..ιεέ
2742 1966 2869 1973 --Α-Α
2896 1952 3119 1973 ---9..--
3146 1964 3187 1973 _-
3234 1969 3282 1973 Α-
3312 1964 3349 1973 γ.
3494 1959 3526 1973 ι-

337 1952 446 2006 τῶν
474 1954 879 2025 γεγενημένων.
914 1955 1073 2009 Κατὰ
1111 1953 1284 2010 ταῦτα
1309 1956 1528 2017 ἕκαστοι
1553 1958 1915 2031 συνελέγησαν

2018 1950 2238 2013 sabant,
2281 1949 2438 2021 155
2469 1950 2713 2022 Egyptii
2742 1966 2875 2006 vero
2896 1952 3121 2023 rapinas
3137 1964 3192 2009 et
3224 1959 3595 2014 contumelias

336 2037 466 2095 ἔνθα
493 2041 762 2096 συνελθεῖν
793 2042 1230 2114 προσετάγησαν.
1266 2045 1376 2098 Καὶ
1400 2044 1595 2115 ἔφθανε
1622 2044 1742 2119 ὴέν
1774 2048 1918 2119 Ἀρι-

2017 2041 2355 2119 objiciebant
2401 2041 2657 2112 Georgio.
2709 2040 2958 2112 Denique
2998 2054 3079 2109 ut,
3118 2047 3392 2104 universis
3427 2050 3596 2107 rebus

340 2132 482 2203 μίνῳ
517 2132 758 2185 συστᾶσα
789 2131 1026 2195 σύνοδος.
1044 2133 1291 2188 Ἑτέλουν
1316 2134 1373 2188 δέ
1396 2135 1475 2198 είς
1500 2136 1668 2208 αὐτὴν
1700 2138 1916 2203 πλείους

2016 2132 2357 2204 dijudicatis,
2394 2133 2585 2189 decem
2632 2148 2696 2190 ex
2735 2140 2969 2205 utraque
3010 2134 3238 2208 \synodo
3266 2140 3334 2192 ad
3369 2142 3593 2196 comita-

334 2220 370 2293 ἣ
406 2221 769 2297 τετρακόσιοι.
827 2222 938 2275 Καὶ
982 2222 1109 2295 περὶ
1154 2221 1471 2277 Ἀθανασίου
1520 2224 1684 2295 μηδὲν
1727 2227 1916 2281 ἀνακι-

2017 2236 2130 2280 tum
2165 2226 2439 2290 venirent,
2475 2226 2779 2282 nuntiaturi
2816 2242 2938 2296 quae
2974 2237 3127 2298 gesta
3151 2238 3359 2287 essent.
3385 2230 3596 2289 Secun-

334 2315 468 2381 νεῖν,
522 2312 748 2383 ἄμεινον
807 2309 1141 2383 ἐδοκίμασαν
1188 2314 1238 2367 οἳ
1289 2312 1426 2386 πρὸς
1465 2314 1630 2368 αὐτὸν
1663 2314 1916 2386 ἀπεχθῶς

2015 2315 2144 2370 dum
2174 2315 2291 2369 haec
2317 2314 2669 2385 imperatoris
2703 2316 2983 2376 mandata.
3016 2315 3218 2386 singuli
3247 2331 3314 2372 eo
3350 2317 3457 2374 loci
3484 2335 3594 2389 quo

333 2400 506 2474 εἶχον.
563 2403 853 2475 Ζητήσεως
909 2401 966 2456 δὲ
1008 2401 1176 2475 οὔσης
1223 2404 1303 2467 εἰς
1355 2403 1416 2457 ὃν
1455 2405 1561 2476 χρὴ
1586 2407 1787 2477 τρόπον
1819 2424 1911 2461 πιο

2011 2404 2155 2475 jussi
2196 2405 2439 2470 fuerant,
2479 2419 2807 2461 convenere.
2845 2404 3113 2476 Prior-que
3144 2418 3476 2479 congregata
3508 2419 3595 2465 est

336 2492 570 2558 στεύειν,
607 2491 971 2564 παρελθόντες
1003 2494 1084 2556 εἰς
1117 2492 1282 2563 μέσον
1311 2493 1527 2563 Οὐάλης
1553 2510 1613 2547 τε
1648 2496 1744 2548 κα)⁵
1770 2494 1914 2564 Οὐρ-

2014 2495 2248 2550 Arimini
2296 2493 2566 2567 synodus,
2602 2495 2659 2547 in
2694 2509 2802 2565 qua
2833 2494 3226 2565 quadringenti
3271 2504 3327 2551 et
3354 2499 3593 2568 amplius

328 2568 546 2649 σάκιος,
581 2577 664 2647 οἷς
700 2582 1167 2654 συνελαμϐάνοντο
1181 2584 1482 2656 Γερμήνιός
1506 2601 1567 2638 τε
1602 2585 1697 2639 καὶ
1714 2583 1916 2650 Αὐξέν-

2013 2586 2384 2642 consederunt
2427 2584 2695 2656 episcopi.
2741 2584 2822 2639 Ac
2887 2585 2958 2641 de
3005 2587 3309 2642 Athanasio
3369 2588 3593 2659 quidem

329 2689 467 2741 τιος,
505 2676 598 2730 καὶ
620 2676 780 2739 Γάϊος
804 2676 895 2729 καὶ
925 2676 1248 2746 Δημόφιλος,
1270 2677 1369 2741 τὰς
1399 2676 1497 2748 μὲν
1519 2677 1619 2749 ἤδη
1651 2676 1914 2750 πρότερον

2016 2677 2153 2732 nihil
2191 2677 2337 2731 ultra
2365 2676 2638 2747 agendum
2676 2690 2802 2732 esse
2827 2677 3213 2745 decreverunt,
3239 2679 3336 2749 qui
3372 2679 3592 2737 infenso

334 2770 468 2840 περὶ
500 2767 733 2832 πίστεως
751 2768 1047 2839 γενομένας
1074 2768 1292 2841 γραφὰς
1314 2769 1501 2841 ἀργεῖν
1521 2770 1704 2841 ἠξίουν
1725 2788 1740 2803 ο
1776 2787 1915 2843 κραο

2016 2769 2070 2824 in
2123 2768 2279 2823 illum
2340 2767 2528 2822 animo
2575 2774 2755 2821 erant.
2809 2765 2946 2821 Cum
3027 2774 3210 2823 autem
3257 2769 3429 2839 quaeri
3473 2784 3591 2826 coe-

331 2858 526 2913 τεῖνδὲ
562 2859 626 2931 ἢν
655 2861 717 2912 ού
760 2859 867 2932 πρὸ
911 2859 1108 2914 πολλοῦ
1158 2862 1215 2915 ἐν
1252 2861 1461 2932 Σιρμίῳ
1505 2862 1800 2928 συνέταξαν
1824 2861 1914 2918 διά

2014 2871 2168 2934 ptum
2217 2867 2365 2916 esset
2397 2860 2463 2915 de
2494 2858 2618 2925 ﬁde,
2667 2858 3002 2928 prodeuntes
3023 2858 3080 2914 in
3112 2859 3355 2916 medium
3387 2860 3590 2919 Valens

331 2953 435 3026 τῆς
475 2954 760 3025 Ῥωμαίων
817 2957 1024 3027 φωνῆς,
1080 2955 1264 3026 ὅμοιον
1311 2956 1409 3025 μὲν
1461 2952 1599 3011 εἶναι
1627 2959 1705 3028 τῷ
1739 2959 1914 3031 Πατρὶ

2013 2962 2067 3010 et
2098 2952 2384 3017 Ursacius,
2410 2950 2803 3020 adjuvantibus
2830 2964 2927 3006 eos
2951 2948 3258 3015 Germinio,
3288 2951 3587 3017 Auxentio,

332 3043 427 3096 τὸν
451 3043 579 3099 Υἱὸν
607 3043 749 3098 κατὰ
782 3043 878 3107 τὰς
913 3043 1137 3115 Γραφὰς
1188 3044 1610 3117 εἰσηγουμένηψ
1644 3048 1829 3112 οὐσίας
1857 3048 1913 3103 δὲ

2013 3045 2146 3102 Caio
2194 3053 2360 3115 atque
2425 3043 2781 3113 Demophilo,
2843 3043 3196 3112 postularunt
3241 3050 3302 3099 ut
3358 3045 3588 3115 reliquas

330 3135 613 3199 παντελῶς
663 3135 756 3188 ἐπὶ
810 3133 947 3188 Θεοῦ
984 3135 1057 3206 μὴ
1105 3135 1377 3191 ποιεῖσθαι
1406 3137 1647 3210 μνήμην.
1686 3138 1912 3208 Ἔλεγον

2014 3150 2210 3192 omnes
2255 3134 2380 3189 ﬁdei
2441 3132 2689 3188 formulae
2722 3146 2847 3202 qua:
2891 3140 3054 3187 antea
3091 3133 3315 3204 scriptas
3369 3144 3585 3200 essent,

327 3226 393 3280 δὲ
423 3224 627 3298 ταύτην
658 3227 750 3281 καὶ¹
778 3226 1003 3298 βασιλέα
1025 3226 1309 3281 ἐπαινέσαι
1334 3244 1347 3258 ·
1381 3228 1575 3299 χρῆναι
1601 3229 1660 3283 δέ
1690 3230 1784 3285 καὶ¹
1811 3230 1911 3301 τὴν

2015 3227 2450 3297 abrogarentur;
2483 3237 2549 3279 ea
2582 3237 2715 3278 vero
2760 3222 2878 3278 sola
2912 3229 3033 3277 rata
3053 3230 3237 3289 esset,
3262 3241 3449 3296 quam
3479 3228 3588 3297 ipsi

328 3315 550 3372 σύνοδον
612 3317 923 3386 ἀναγκαίως
976 3317 1316 3390 προσίεσθαι,
1375 3320 1542 3391 μηδὲν
1585 3320 1677 3373 τοῦ
1722 3320 1915 3375 λοιποῦ

2013 3334 2124 3375 non
2157 3319 2232 3373 ita
2259 3316 2469 3372 dudum
2509 3315 2699 3371 Sirmii
2731 3313 2928 3370 Latino
2960 3330 3219 3373 sermone
3245 3320 3588 3388 conscripse-

328 3407 893 3481 πολυσραγμονοῦσαν
930 3411 1028 3482 τῆς
1085 3412 1316 3465 ἑκάστου
1343 3411 1574 3477 ἐννοίας,
1605 3412 1694 3467 ῖνα
1734 3412 1809 3485 μὴ
1836 3413 1913 3467 δι-

2011 3420 2157 3475 rant,
2192 3424 2315 3481 qua:
2352 3409 2587 3465 similem
2608 3407 2829 3478 quidem
2863 3406 3013 3461 Patri
3051 3407 3245 3462 Filium
3278 3424 3404 3465 esse
3424 3410 3586 3480 juxta

328 3500 540 3573 χόνοιαι
572 3503 667 3555 καὶ
707 3502 924 3566 στάσεις
965 3503 1244 3573 γίνωνται,
1283 3502 1517 3568 διαλέξει
1562 3504 1657 3557 καὶ
1692 3504 1913 3575 ἀκριϐεῖ

2013 3503 2331 3574 Scripturas
2370 3501 2640 3568 docebat;
2682 3498 3010 3555 substantia:
3039 3512 3172 3554 vero
3208 3500 3263 3554 in
3306 3498 3419 3555 Deo
3455 3503 3580 3556 nui-

329 3593 555 3666 βασάνῳ
594 3595 1029 3667 παραδιδομένων
1057 3596 1163 3650 τῶν
1190 3596 1488 3668 ὀνομάτων.
1527 3597 1781 3667 ’Ἄμεινον
1802 3598 1911 3669 γὰρ

2012 3592 2117 3646 lam
2169 3591 2395 3656 omnino
2427 3589 2758 3645 mentionem
2803 3603 2928 3645 esse
2976 3588 3308 3645 faciendam.
3349 3592 3586 3663 Aiebam

328 3677 494 3748 εἶναι,
534 3685 906 3758 ἀμαθέστερον
942 3686 1373 3758 διαλεγομένους,
1414 3687 1588 3759 ὀρθῶς
1619 3690 1747 3761 περὶ
1772 3689 1909 3744 Θεοῦ

2011 3698 2196 3755 porro,
2230 3685 2411 3755 ipsum
2442 3695 2663 3752 quoque
2699 3680 3089 3750 imperatorem
3124 3695 3247 3736 eam
3287 3679 3579 3737 formulam

328 3774 597 3844 SogdCsw,
628 3775 662 3847 ἢ
694 3777 1015 3847 καινότητας
1053 3778 1331 3850 ὀνομάτων
1373 3781 1707 3850 ἐπεισάγειν,
1742 3783 1912 3836 διαλε-

2009 3774 2382 3844 approbasse;
2434 3784 2667 3841 eamque
2708 3785 2739 3825 a
2777 3770 3016 3825 concilio
3051 3770 3219 3826 etiam
3265 3774 3582 3828 necessario

329 3868 831 3941 κτικῆςτερθρείας
850 3874 1149 3938 συγγενεῖς.
1184 3871 1561 3945 ’Υπῃνίττοντο
1597 3874 1676 3939 δὲ,
1711 3875 1908 3945 μᾶλλον

2009 3865 2216 3934 suscipi
2248 3870 2523 3934 oportere,
2569 3876 2674 3917 nec
2706 3862 2762 3916 in
2795 3870 3075 3931 posterum
3119 3862 3397 3918 curiosius
3427 3879 3584 3920 scru—

326 3960 429 4013 καὶ
458 3960 705 4031 φανερῶς
730 3962 805 4033 (5)
851 3962 1125 4017 διέϐαλλον
1166 3964 1226 4016 τὸ
1269 3964 1554 4035 ὁμοούσιον
1604 3966 1794 4037 δνομα,
1833 3966 1909 4031 ὡς

2008 3957 2235 4012 tandum
2280 3970 2404 4011 esse
2462 3954 2595 4025 quid
2631 3954 2868 4024 quisque
2902 3953 3152 4041 sentiret,
3200 3968 3272 4008 ne
3299 3955 3583 4011 vocabulis

326 4050 606 4121 ἄγνωστον
629 4055 749 4117 ταῖς
778 4054 946 4124 ἱεραῖς
975 4056 1239 4126 Γραφαῖς,
1276 4057 1370 4109 καὶ
1399 4060 1509 4120 τοῖς
1534 4057 1746 4122 πολλοῖς
1777 4059 1909 4113 άσα-

2008 4049 2063 4104 in
2102 4049 2530 4118 disputationem
2561 4054 2616 4102 et
2655 4054 2979 4100 accuratum
3023 4058 3252 4099 examen
3286 4047 3582 4110 revocatis,

326 4142 452 4207 φές.
499 4144 641 4198 Ἀντὶ
664 4144 722 4197 δὲ
758 4145 967 4212 τούτου,
999 4146 1183 4216 ὅμοιον
1219 4147 1360 4202 κατά
1393 4148 1570 4201 πάντα
1605 4147 1682 4217 τῷ
1716 4150 1908 4221 γεννή-

2006 4141 2240 4198 discidia
2287 4155 2353 4194 ac
2400 4137 2700 4195 seditiones
2749 4142 3135 4191 nascerentur.
3198 4134 3384 4193 Satius
3432 4138 3578 4193 enim

333 4250 491 4287 σαντι
508 4234 686 4304 λέγειν
712 4236 803 4290 τὸν
833 4237 958 4290 Υίὸν
1000 4238 1142 4292 κατά
1173 4237 1270 4302 τὰς
1299 4238 1445 4301 θείας
1474 4238 1714 4310 Γραφάς.
1757 4239 1907 4293 Ἐπεὶ

2006 4248 2131 4289 esse
2178 4240 2256 4299 ut,
2305 4229 2614 4300 imperitius
2649 4225 2997 4292 disserendo,
3033 4235 3181 4283 recte
3209 4226 3277 4283 de
3297 4226 3412 4283 Deo
3455 4242 3581 4284 sen-

324 4327 388 4380 δὲ
429 4328 602 4383 ταῦτα
629 4328 986 4400 περιέχουσαν
1025 4330 1120 4384 καὶ
1152 4329 1247 4402 τὴν
1282 4332 1743 4402 προκομισθεῖσαν
1775 4334 1905 4403 παρ’

2005 4326 2412 4393 tiamus,quam
2443 4329 2506 4403 ut
2536 4319 2806 4375 novitates
2832 4320 3117 4375 nomimtm
3142 4318 3578 4401 introducamps,

324 4418 510 4471 αὐτῶν
530 4394 747 4491 γραφέν
776 4394 850 4491 (λ)
883 4394 1217 4491 ἀνέγνωσαν,
1259 4424 1307 4476 oi
1327 4394 1338 4400 I
1360 4394 1472 4494 μὲν.
1490 4424 1707 4490 πλείους
1737 4394 1903 4497 μηδέν

2007 4415 2194 4470 afﬁnes
2252 4394 2664 4468 dialecticorum
2716 4410 2966 4480 argutiis.
3017 4406 3322 4464 lnnuebant
3372 4394 3576 4476 alitem,

324 4510 541 4564 δεῖσθαι
569 4513 839 4581 νεωτέρας
883 4513 1117 4578 πίστεως
1165 4517 1530 4587 ἰσχυρίζοντο·
1574 4518 1692 4572 ἀλλ’
1715 4520 1902 4590 ἀρκεῖ-

2004 4508 2114 4561 imo
2158 4520 2287 4561 vero
2332 4512 2519 4574 aperte
2556 4500 3025 4572 reprehendebant
3075 4500 3398 4556 vocabulum
3447 4512 3580 4556 con-

325 4603 456 4658 σθαι
485 4607 594 4668 τοῖς
620 4606 720 4677 ήδη
753 4606 935 4673 δόξασι
987 4609 1094 4679 πρὸ
1150 4608 1347 4664 αὐτῶν.
1382 4610 1803 4679 Συνεληλυθέναι
1844 4612 1900 4665 δέ

1975 4600 2409 4663 δειιϋειιιιιιίιιιίε,
2451 4608 2711 4667 tanquam
2744 4595 2992 4666 ignotum
3030 4595 3206 4649 sacris
3249 4592 3577 4663 Scripturis,

323 4692 447 4757 νῦν,
476 4694 560 4748 ἵνα
580 4695 683 4748 εἴτι
712 4699 1082 4766 καινοτομοῖτο
1113 4698 1251 4751 κατά
1286 4699 1509 4765 τούτων,
1550 4700 1863 4756 κωλύσωσιν
1886 4716 1903 4734 ⁸

2004 4701 2059 4750 et
2112 4693 2387 4764 plerisque
2436 4690 2756 4745 obscurum.
2801 4686 2976 4757 Hujus
3018 4694 3200 4741 autem
3249 4686 3390 4752 loco,
3431 4686 3579 4741 simi-

322 4788 376 4840 εί
416 4785 472 4839 δὲ
502 4788 665 4856 μηδὲν
693 4787 842 4860 παρά
860 4789 1033 4842 ταῦτα
1049 4792 1363 4862 καινοτομεῖ
1387 4790 1456 4844 τά
1490 4792 1901 4863 ἀνεγνωσμένα,

2005 4790 2110 4843 lem
2151 4802 2248 4857 per
2283 4783 2467 4839 omnia
2488 4780 2640 4836 Patri
2668 4780 2825 4850 juxta
2866 4778 3080 4835 divinas
3118 4777 3434 4849 Scripturas
3466 4778 3574 4833 dici

319 4877 506 4945 λέγειν
542 4876 766 4950 ἐζήτουν
793 4881 919 4943 τοὺς
953 4881 1252 4951 εἰσηγητὰς
1290 4882 1498 4954 ταύτης
1523 4883 1622 4954 τῆς
1663 4884 1901 4956 γραφῆς,

2006 4880 2207 4935 Filium
2251 4876 2529 4932 volebant.
2585 4870 2688 4928 Ubi
2742 4885 2873 4926 vero
2916 4870 3208 4925 formulam
3255 4868 3382 4925 ﬁdei
3412 4884 3575 4940 quam

323 4968 423 5024 καὶ
452 4971 699 5041 φανερῶς
728 4971 1128 5041 ἀποκηρύττειν
1151 4973 1212 5026 τὸ
1262 4972 1472 5044 ’Δρείου
1495 4974 1690 5045 δόγμα,
1716 4974 1792 5038 ὡς
1814 4976 1904 5029 θο-

2004 4972 2110 5041 ipsi
2157 4958 2316 5025 aniea
2360 4982 2546 5024 secum
2596 4966 2920 5026 attulerant,
2973 4963 3078 5019 ista
3126 4961 3574 5031 complectentem

319 5057 493 5131 ρύϐου
536 5061 708 5114 αῖτιον
752 5062 920 5115 εἰσέτι
966 5062 1061 5115 νῦν
1105 5064 1163 5127 ἐξ
1214 5065 1422 5118 ἐκείνου
1462 5067 1752 5136 γενόμενον
1777 5068 1900 5132 ταῖς

2006 5064 2329 5124 recitarunt,
2381 5058 2695 5129 complures
2763 5056 2981 5127 quidem
3041 5053 3383 5109 afﬁrmabant
3438 5053 3575 5107 nihil

317 5151 604 5221 πανταχοῦ
644 5152 981 5223 ἐκκλησίαις.
1023 5155 1435 5224 Ἀποφυγόντων
1464 5157 1521 5210 δὲ
1550 5157 1647 5229 τὴν
1690 5158 1894 5229 πρότα-

2006 5171 2143 5225 opus
2177 5169 2298 5209 esse
2324 5166 2467 5208 nova
2505 5150 2627 5206 ﬁdei
2660 5148 2916 5210 formula.
2957 5146 3052 5203 sed
3092 5142 3339 5203 suﬁicere
3375 5146 3480 5203 sibi
3511 5161 3573 5200 ea

452 5324 632 5393 Socr.,
670 5327 764 5384 lib.
801 5344 859 5393 Il,
882 5345 931 5384 c.
958 5329 1049 5386 '57.

1529 5482 1795 5538 VALESII
1832 5481 2269 5538 ANNOTATION
2276 5482 2378 5538 ES.

390 5604 478 5679 (Ξ)
524 5601 1046 5679 Ἑπικεκριμένοις-
1072 5601 1139 5655 δὲ
1171 5601 1352 5679 πᾷσιλ
1381 5598 1574 5679 Scribe
1611 5597 1905 5679 disiunctis

2050 5599 2145 5679 id)
2178 5597 2715 5679 Heptéxquftr_xai
2740 5597 2867 5679 τὴν.
2891 5596 3574 5679 προκομιᾳθεῖσανααρξ

315 5668 638 5738 vocabulis,
682 5674 776 5725 ἐπὶ
815 5668 1164 5743 κεκριμένοις
1187 5671 1431 5743 δένπᾶσυ
1479 5669 1683 5739 alioqui
1717 5671 1905 5723 dicen-

1997 5668 2197 5724 αὐτῶν
2222 5669 2478 5739 γραφήν.
2517 5668 2751 5743 [)elenda
2783 5669 3001 5723 videtur
3032 5669 3299 5743 particula
3334 5668 3448 5743 καί,
3477 5676 3572 5743 aut

312 5750 450 5803 dum
487 5735 633 5799 esset
659 5735 1098 5812 ἐπικεκριμένων
1125 5742 1181 5794 δὲ
1207 5742 1444 5812 πάντων.
1534 5809 1542 5812 _
1607 5735 1621 5739 ’
1814 5807 1836 5812 _

1997 5750 2145 5812 certe
2178 5735 2587 5809 transpo’nenda
2630 5738 2699 5812 in
2739 5738 2886 5793 hunc
2923 5735 3145 5793 modum
3180 5755 3193 5790 :
3238 5738 3357 5791 ἐπεὶ
3386 5737 3442 5791 δὲ
3474 5735 3569 5789 καὶ

388 5814 468 5883 (5)
533 5807 961 5883 ’Υπῃνίττοντὸ
1016 5812 1084 5863 δὲ
1146 5811 1397 5883 μᾶλλον(
1453 5809 1548 5861 καὶ
1612 5807 1901 5883 φανερῶς.
1998 5809 2168 5863 ταῦτα
2197 5807 2555 5882 περιέχουσαν
2583 5809 2702 5878 τήν,
2730 5816 2838 5862 etc.

318 5881 524 5942 Scribe
551 5884 748 5956 μᾶλλον
787 5882 840 5933 δὲ
883 5882 976 5936 καὶ
1003 5883 1270 5952 φανερῶς,
1307 5889 1363 5932 ιιι
1389 5881 1633 5951 legerunt
1665 5881 1886 5947 interpr.

641 5977 910 6035 ΡΑΤιιοι..
960 5976 1075 6034 (in.
1130 5974 1374 6035 LXVII,
1832 5998 1835 6001 λ
2270 5972 2296 6015 ν
3201 5990 3224 6005 ι
3264 5964 3335 6027 37
