4056 6326
550 425 688 482 “63

2025 419 2359 478 5020mm
3623 429 3728 488 “5;

547 559 669 612 quae
710 558 739 595 a
792 538 1092 610 majoribus
1127 536 1345 594 decreta
1393 547 1579 595 essent
1611 557 1622 592 :
1655 551 1715 594 se
1751 552 1880 593 vero
1916 536 2118 592 idcirco

2227 557 2310 592 σιν
2362 538 2667 610 Οὐρσακίου
2721 537 2812 593 καὶ
2863 537 3180 603 Οὐάλεντος,
3225 537 3516 608 Γερμηνίου
3564 559 3614 595 τε
3662 547 3734 599 καὶ

551 631 876 687 convenisse
923 636 1008 691 ut,
1066 628 1115 683 si
1169 629 1310 697 .quid
1368 628 1634 684 adversus
1687 642 1751 682 ea
1807 635 2120 693 novaretur,

549 721 909 774 obsisterent.
948 717 1390 787 Qttazrebantque
1433 734 1496 772 ex
1549 719 1699 773 illius
1745 717 1994 772 formula:
2031 733 2122 771 au-

548 812 814 872 ctoribus,
852 818 912 864 ut
959 809 1208 865 dicerent
1270 817 1454 864 utram
1502 825 1565 864 ea
1625 825 1746 880 qua:
1790 810 1930 864 lecta
1963 818 2123 863 erant

549 903 684 956 nihil
732 900 998 956 adversus
1033 901 1122 954 illa
1166 900 1439 970 majorum
1484 901 1700 956 decreta
1749 901 2115 956 innovarent:

549 1000 717 1061 utque
755 990 1068 1059 opinionem
1126 987 1240 1041 Arii
1278 989 1454 1057 palam
1489 988 1835 1053 damnarent,
1885 1003 2004 1060 qua:
2051 990 2120 1043 ab

551 1083 641 1136 illa
679 1089 841 1136 aetate
882 1079 950 1134 ad
993 1078 1048 1132 id
1084 1093 1256 1149 usque
1303 1080 1590 1150 temporis,
1621 1082 1876 1136 omnibus
1921 1079 2120 1150 ubique

550 1171 816 1227 Ecelcsiis
866 1170 1132 1224 tumultus
1175 1183 1342 1224 causa
1393 1170 1724 1226 exstitisset.
1785 1170 1922 1224 Cum
1975 1173 2119 1226 hanc

549 1262 923 1319 conditionem
956 1267 1308 1315 recusassent
1337 1257 1604 1314 Ursacius
1635 1270 1689 1316 et
1722 1260 1944 1324 Valens,
1981 1264 2119 1316 Ger-

549 1354 751 1409 minius
787 1352 914 1406 item
943 1360 997 1405 et
1025 1352 1354 1413 Auxentius,
1378 1365 1500 1404 cum
1536 1349 1858 1422 Demophilo
1879 1360 1932 1406 et
1961 1353 2116 1417 Caio,

549 1450 792 1519 synodus
840 1454 955 1498 tum
1010 1443 1238 1496 aliarum
1281 1451 1580 1505 sectarum,
1634 1452 1751 1498 tum
1796 1459 1984 1500 eorum
2024 1445 2117 1512 qui

549 1539 742 1594 Nicaea:
789 1538 844 1590 in
892 1549 1062 1589 unum
1107 1545 1500 1599 convenerant,
1554 1537 1952 1606 expositionem
1994 1534 2116 1589 ﬁdei

553 1629 781 1687 recitari,
803 1628 1004 1698 jussit,
1051 1635 1112 1681 ut
1150 1625 1387 1681 haereses
1425 1626 1642 1695 quidem
1687 1625 2117 1682 condemnaren-

549 1736 637 1779 tur
660 1762 676 1788 ,
708 1735 773 1776 ea
801 1735 932 1774 vero
959 1731 1078 1787 qua:
1120 1715 1314 1771 Nicaeae
1344 1715 1563 1771 decreta
1606 1727 1788 1783 erant,
1823 1718 2117 1771 conﬁrma-

551 1822 768 1879 rentur;
820 1825 921 1865 nec
962 1810 1016 1865 in
1046 1816 1328 1878 posterum
1359 1809 1502 1862 ullus
1527 1809 1716 1863 eadem
1752 1811 2118 1880 reprehende-

2225 627 2533 693 Αὐξεντίου,
2573 629 2669 681 καὶ
2711 627 3038 697 Δημοφίλου,
3085 626 3180 680 καὶ
3230 626 3412 689 Γαΐου,
3454 629 3736 704 ἐκέλευσενὴ

2228 721 2442 784 σύνοδος
2481 719 2891 788 ἀναγνωσθῆναι
2927 718 3028 788 τὴν
3058 716 3274 769 ἔκθεσιν
3305 715 3412 768 τῶν
3437 717 3592 772 ἄλλων
3614 722 3738 791 αίρέ.

2229 830 2385 876 σεων,
2416 812 2510 864 καὶ
2545 811 2653 863 τῶν
2691 811 2748 863 ὲν
2787 812 2850 881 τῇ
2891 809 3096 879 Νικαίᾳ
3132 807 3575 878 συνεληλυθότων·
3625 811 3735 866 ὥστε

2225 903 2320 966 τὰς
2359 903 2455 969 μὲν
2472 901 2636 966 ἄλλας
2676 901 3019 972 ἀποκηρῦξαι
3065 901 3328 970 αἱρέσεις,
3361 900 3739 971 ἐπιψηφίσασθαι

2225 993 2282 1046 δὲ
2315 995 2428 1056 τοῖς
2462 994 2518 1045 ὲν
2563 993 2766 1062 Νικαίᾳ
2799 991 3158 1061 δεδογμένοις,
3191 992 3285 1046 καὶ
3327 991 3451 1062 περὶ
3473 993 3571 1044 τῶν
3596 995 3742 1047 αὐτῶν

2224 1084 2318 1137 τού
2373 1084 2560 1137 λοιποῦ
2613 1085 2815 1154 μηδένα
2865 1084 3116 1151 ἐγκαλεῖν
3159 1083 3192 1154 ἢ
3228 1082 3437 1137 σύνοδον
3459 1085 3629 1150 αἰτεῖν,
3652 1087 3745 1138 ἀλλ’

2225 1177 2510 1248 ἀρκεῖσθαι
2544 1179 2656 1238 τοῖς
2699 1175 2957 1245 φθάσασι.
2991 1178 3227 1232 Ἀτοπον
3267 1175 3377 1247 γὰρ
3412 1171 3560 1238 εἶναι,
3591 1179 3656 1240 ὠς
3671 1179 3743 1231 νῦν

2223 1269 2555 1339 ἀρχομένους
2577 1267 2873 1333 πιστεύειν,
2922 1268 3146 1322 τοιαῦτα
3185 1269 3534 1338 συγγράφειν,
3563 1271 3646 1322 καὶ
3674 1271 3748 1324 τοῦ

2230 1359 2592 1430 προλαϐόντος
2612 1359 2804 1430 χρόνου
2843 1360 2940 1430 τὴν
2966 1359 3264 1428 παράδοσιν
3298 1359 3611 1424 διαϐάλλειν,
3639 1355 3749 1433 ᾔκε-

2223 1450 2485 1520 χρημένοι
2510 1450 2662 1503 αὐτοί
2707 1467 2765 1502 τε
2791 1451 2882 1502 καὶ
2911 1451 2960 1502 οἱ
2981 1449 3087 1521 πρὸ
3115 1449 3318 1512 αὐτῶν,
3337 1449 3435 1513 τὰς
3473 1451 3754 1520 Ἐκκλησίας

2223 1541 2524 1613 ὲπετρόπευ
2534 1558 2649 1604 σαν,
2668 1534 2741 1595 ὧν
2760 1543 2807 1595 οἱ
2831 1541 3044 1604 πλείους
3072 1543 3129 1593 έν
3157 1542 3463 1612 ὁμολογίαις
3482 1545 3568 1597 καὶ
3585 1562 3756 1614 μαρτυ⁴

2225 1629 2356 1700 ρίοις
2370 1632 2458 1683 τὸν
2477 1630 2587 1700 βίον
2620 1628 2972 1701 μετήλλαξαν.
2993 1628 3103 1683 Kai.
3125 1630 3175 1680 οἱ
3205 1629 3302 1700 μὲν
3319 1631 3445 1684 τάδε
3470 1632 3759 1702 προϊσχόμε-

2223 1741 2321 1786 νοι,
2350 1723 2498 1775 οὐδὲν
2527 1721 2706 1791 ἠξίουν
2736 1720 3095 1792 νεωτερίζειν.
3116 1721 3206 1792 Μὴ
3227 1721 3573 1792 πειθομένους
3591 1722 3640 1774 δὲ
3658 1725 3760 1786 τοὺς

2224 1813 2364 1882 ἀμφὶ
2409 1811 2682 1864 Οὐάλεντα
2735 1811 2831 1864 καὶ
2878 1811 3204 1881 Ούρσάκιον,
3252 1809 3369 1863 ἀλλ’
3421 1811 3763 1882 ἐνισταμένους

548 1917 654 1973 ret,
692 1913 786 1960 aut
837 1903 1105 1973 synodum
1139 1901 1468 1969 postularet,
1515 1902 1609 1956 sed
1645 1901 1938 1970 prazteritis
1985 1917 2117 1956 con-

2222 1907 2441 1976 κρατείν
2473 1904 2538 1974 ἢν
2561 1905 2880 1974 προΐσχοντο
2904 1902 3108 1967 πίστιν,
3141 1889 3418 1966 καθεῖλον,
3443 1903 3633 1974 ἄκυρον
3649 1899 3764 1956 εἷναι

549 2005 736 2053 tentus
763 2002 926 2052 esset.
963 1992 1276 2048 Absurdum
1309 1993 1454 2046 enim
1483 2009 1626 2058 esse,
1664 2001 1744 2058 ut,
1783 1994 1942 2063 quasi
1974 2009 2124 2049 nunc

551 2091 782 2159 primum
843 2085 1072 2141 credere
1131 2085 1492 2154 incipientes,
1558 2086 1688 2138 talia
1733 2086 2121 2150 conscribant;

547 2177 852 2251 superioris
873 2190 1003 2233 vero
1030 2176 1292 2245 temporis
1315 2176 1661 2231 traditionem
1685 2177 2120 2247 reprehendant:

497 2295 500 2312 ι
548 2288 656 2344 qua
690 2272 797 2338 usi,
833 2280 944 2325 tam
989 2270 1096 2340 ipsi
1161 2283 1324 2340 quam
1359 2267 1594 2339 majores
1633 2268 1901 2339 ipsorum,
1931 2267 2124 2323 Eccle-

549 2365 664 2418 sias
696 2360 1186 2416 administrassent
1220 2376 1234 2412 :
1266 2373 1500 2428 quorum
1533 2357 1779 2427 plerique
1822 2357 1874 2411 in
1913 2357 2126 2412 confes-

549 2454 707 2508 sione
735 2465 800 2506 ac
834 2450 1102 2520 martyrio
1129 2460 1433 2506 extremum
1464 2447 1610 2504 diem
1638 2449 1906 2503 obierant.
1937 2447 2002 2502 Et
2035 2449 2124 2504 isti

548 2543 768 2613 quidem
799 2543 913 2597 haec
946 2543 1000 2597 in
1034 2544 1271 2599 medium
1306 2541 1466 2612 156
1495 2541 1862 2612 proferentes,
1899 2553 2124 2597 conten-

547 2635 750 2690 debant
776 2650 845 2689 ne
871 2633 1003 2706 quid
1038 2643 1356 2690 novaretur.
1395 2633 1678 2690 Valentem
1713 2647 1843 2688 vero
1877 2641 1930 2687 et
1960 2631 2126 2688 Ursa-

548 2728 695 2782 cium
727 2741 838 2781 non
868 2726 1281 2796 acquiescentes
1316 2725 1424 2789 his,
1458 2725 1554 2782 sed
1588 2725 1862 2782 instantes
1895 2734 1954 2780 ut
1988 2726 2124 2780 ﬁdes

551 2823 618 2876 ab
673 2822 808 2892 ipsis
858 2822 1140 2892 proposita
1193 2821 1554 2891 praevaleret,
1598 2821 2014 2891 deposuerunt;
2070 2828 2124 2876 et

554 2912 837 2968 formulam
885 2913 1010 2968 fidei
1055 2913 1124 2967 ab
1159 2913 1356 2968 iisdem
1397 2913 1709 2978 recitatam,
1758 2915 1966 2968 irritam
2000 2927 2125 2968 esse

548 3013 871 3060 sanxerunt.
904 3003 1041 3058 Nam
1072 3013 1126 3060 et
1151 3004 1285 3059 illud
1315 3005 1614 3060 absurdum
1638 3021 1760 3061 esse
1785 3007 1919 3077 ipsis
1946 3007 2123 3062 visum

547 3100 652 3158 est,
681 3092 827 3160 quod
859 3091 975 3146 haec
1007 3093 1083 3146 illi
1127 3092 1376 3147 formulae
1406 3092 1624 3163 praeﬁxa
1649 3103 1768 3149 erat
1797 3095 2082 3165 inscriptio
2107 3113 2120 3150 :

550 3181 802 3251 Exposita
843 3192 930 3238 cst
980 3183 1191 3249 Sirmii,
1233 3194 1500 3253 praesente
1546 3185 1870 3240 Constantio
1913 3196 2122 3242 aeterno

2223 1995 2588 2066 ψηφισάμενοι
2628 1997 2692 2064 ἢν
2712 1994 3024 2061 ἀνέγνωσαν
3061 1995 3296 2064 γραφήν.
3331 1995 3445 2047 Καὶ
3482 1993 3586 2065 γὰρ
3608 1995 3666 2065 δὴ
3690 1995 3768 2046 καὶ

2224 2088 2421 2140 ἄτοπον
2449 2086 2634 2148 αὐτοῖς
2683 2083 2860 2148 ἔδοξεν
2899 2078 3060 2149 εἶναι,
3111 2085 3532 2155 προγεγράφθαι
3575 2085 3766 2153 ταύτης,

2223 2180 2296 2243 ὡς
2351 2181 2410 2233 ὲν
2467 2177 2678 2248 Σιρμίῳ
2728 2176 2945 2246 ἐξετέθη
2986 2177 3252 2248 παρόντος
3286 2178 3660 2232 Κωνσταντίου
3688 2177 3768 2230 τού

2225 2269 2444 2323 αἰωνίου
2512 2267 2848 2336 Αὐγούστου,
2945 2268 3322 2324 ὑπατευόντων
3374 2269 3630 2322 Εὐσεϐίου
3697 2269 3774 2321 καὶ

2235 2361 2492 2414 Ὑπατίου
2513 2377 2528 2392 ο
2586 2359 2775 2430 ὥσπερ
2807 2359 2902 2412 καὶ
2947 2359 3261 2424 Ἀθανάσιος
3289 2361 3435 2432 πρὸς
3461 2363 3584 2425 τοὺς
3609 2362 3773 2431 ἐπιτη-

2225 2454 2401 2516 δείους
2454 2455 2479 2494 ¹ί
2537 2453 2762 2524 γράφων
2798 2452 2873 2522 (5)
2923 2454 3074 2523 φησι,
3129 2453 3340 2520 γελοῖον
3404 2448 3544 2508 εἶναι
3583 2453 3778 2523 βασιλέα

2225 2541 2442 2598 αἰώνιον
2465 2541 2554 2595 τὸν
2590 2543 2967 2596 Κωνστάντιον
3000 2541 3284 2612 ὀνομάζειν
3308 2558 3320 2570 °
3357 2542 3530 2606 ἀΐδιον
3547 2542 3603 2594 δὲ
3629 2542 3779 2609 λέγειν

2225 2636 2315 2689 τὸν
2350 2635 2479 2688 Υίὸν
2528 2634 2623 2687 τοῦ
2674 2632 2808 2686 Θεοῦ
2843 2633 3266 2704 παραιτεῖσθαι·
3289 2634 3592 2704 καὶ“ρητὸν
3618 2633 3783 2703 χρόνον

2225 2728 2547 2797 προτάττειν
2605 2725 2704 2794 τῆς
2763 2726 2980 2796 γραφῆς
3037 2725 3265 2794 ταύτης,
3312 2727 3417 2779 ἐπὶ
3450 2725 3665 2793 διαϐολῇ
3702 2722 3784 2790 τῆς

2225 2819 2460 2880 πίστεως
2506 2816 2612 2870 τῶν
2656 2815 3048 2886 παλαιοτέρων,
3077 2816 3170 2870 καὶ
3199 2817 3308 2868 τῶν
3359 2817 3472 2887 πρὸ
3502 2815 3684 2868 τούτου
3710 2812 3786 2866 τοῦ

2225 2908 2418 2980 χρόνου
2470 2906 2806 2978 μυηθέντων.
2857 2908 3010 2960 Ἐπεὶ
3037 2907 3090 2960 δὲ
3136 2907 3261 2961 τάδε
3292 2909 3356 2961 ὲν
3399 2907 3663 2978 Ἀ’ριμίνῳ
3688 2902 3784 2969 ἐγέ-

2225 3017 2365 3064 νετο,
2397 3000 2445 3052 οἱ
2479 2998 2578 3069 μὲν
2608 2997 2750 3068 ἀμφὶ
2785 2997 3054 3051 Οὐάλεντα
3093 3000 3188 3050 καὶ
3221 2999 3544 3068 Οὐρσάκιον
3569 2995 3790 3068 χαλεπῶς

2225 3092 2481 3164 φέροντες
2506 3092 2596 3143 ἐπὶ
2634 3092 2701 3161 τῇ
2743 3088 3077 3160 καθαιρέσει,
3136 3090 3347 3162 σπουδῇ
3405 3091 3545 3162 πρὸς
3593 3086 3788 3160 βασιλέα

2225 3183 2607 3256 παρεγένοντο.

543 3275 812 3340 Augusto,
842 3271 1077 3327 Eusebio
1117 3279 1173 3327 et
1203 3272 1434 3345 Hypatio
1461 3289 1637 3341 coss.,
1673 3277 2129 3345 quemadmodum
2168 3276 2501 3331 Athanasius
2533 3275 2587 3328 in
2626 3271 2858 3342 epistola
2894 3271 2960 3326 ad
2997 3270 3306 3327 familiares
3383 3288 3523 3328 suns
3587 3269 3789 3326 scribit:

548 3363 754 3418 :‘tItICllS
784 3364 1082 3418 ridiculum
1112 3380 1258 3428 esse,
1321 3365 1707 3438 constantiam
1767 3341 1987 3438 quidem
2060 3370 2439 3440 imperatorem
2489 3375 2754 3423 aeternum
2831 3364 3146 3434 appellare;
3200 3363 3416 3419 Filium
3479 3377 3660 3420 autem
3722 3361 3796 3416 Dei

547 3457 695 3510 nolle
738 3465 1000 3511 aeternum
1044 3455 1257 3522 dicere;
1291 3463 1346 3510 et
1383 3467 1595 3511 certum
1647 3466 1863 3528 tempus
1902 3460 1951 3513 ei
1997 3457 2243 3514 formulae
2281 3457 2581 3530 praefigere,
2625 3456 2691 3510 ad
2731 3455 3234 3526 reprehendendam
3295 3456 3472 3510 fidem
3527 3455 3796 3523 majorum,

545 3554 602 3602 et
633 3561 822 3602 eorum
857 3547 950 3616 qui
986 3553 1114 3625 ante
1160 3545 1215 3600 id
1254 3549 1519 3616 temporis
1551 3548 1748 3603 initiati
1781 3558 1987 3606 essent.
2022 3550 2120 3607 [Iis
2159 3552 2324 3606 rebus
2389 3548 2622 3604 Arimini
2671 3549 2864 3620 gestis,
2905 3547 3108 3604 Valens
3145 3555 3201 3604 et
3245 3545 3560 3612 Ursacius,
3609 3545 3800 3616 deposi-

548 3645 750 3698 tionem
809 3655 966 3698 suam
1022 3642 1212 3711 iniquo
1259 3644 1446 3714 animo
1499 3643 1759 3714 ferentes,
1812 3647 1995 3703 statim
2043 3648 2114 3702 ad
2157 3649 2544 3719 imperatorem
2573 3645 2918 3702 advolarunt.

1139 3731 1294 3788 CAP.
1338 3731 1524 3790 XVIII.

548 3825 900 3881 Ariminensis
941 3825 1152 3881 concilii
1191 3826 1415 3908 epistola
1461 3827 1530 3882 ad
1582 3829 1948 3899 imperatore»:
1979 3828 2120 3886 Con-

1192 3907 1473 3954 stantium.

617 3985 871 4058 Synodus
901 4000 1028 4041 vero
1065 3985 1257 4056 viginti
1287 3989 1580 4060 episcopos
1612 3991 1886 4045 communi
1919 3991 2120 4046 suffra-

549 4082 637 4152 gio
668 4081 937 4144 delectos,
965 4079 1172 4148 legatos
1205 4079 1270 4134 ad
1302 4081 1688 4151 imperatorem
1715 4083 1866 4138 misit
1897 4103 1909 4138 :
1942 4094 1997 4140 et
2025 4099 2121 4154 per

547 4187 646 4227 r05
682 4170 785 4228 ista
830 4169 1074 4240 scripsit,
1100 4185 1222 4239 qua:
1261 4187 1324 4226 ex
1354 4171 1547 4230 Latino
1597 4189 1848 4230 sermone
1886 4176 1942 4229 in
1973 4175 2119 4230 Grae-

546 4277 670 4316 cum
734 4262 998 4317 translata
1054 4261 1257 4317 sunt‘.
1315 4262 1552 4322 Jubente
1607 4264 1714 4322 Deo
1740 4275 1793 4322 et
1849 4273 2120 4337 praecepto

616 4445 629 4474 ¹
674 4441 854 4506 Socr.,
878 4443 972 4498 lib.
1013 4459 1076 4509 ιι,
1100 4457 1151 4497 c.
1181 4442 1297 4513 δη

2806 3735 3056 3790 ΚΕΦΑΛ.
3103 3734 3209 3788 IH'.

2233 3826 2558 3896 Ἐπιστολὴ
2592 3824 2702 3893 τῆς
2749 3825 2818 3878 ἐν
2851 3824 3135 3896 ,Ἁριμήνῳ
3158 3894 3165 3896 _
3187 3824 3479 3880 συνόδου
3524 3824 3672 3893 πρὸς
3716 3821 3803 3873 τὸν

2635 3895 2900 3960 βασιλέα
2921 3894 3377 3949 Κωνστάντιον.

2302 3989 2446 4042 Ἡδὲ
2474 3987 2688 4052 σύνοδος
2734 3989 2938 4041 εἴκοσιν
2991 3986 3333 4063 ὲπισιιιόπους
3380 3982 3801 4058 προϐαλλομένη,

2221 4079 2480 4153 πρέσϐεις
2533 4079 2870 4133 ἀπέστειλεν.
2909 4077 3156 4149 Ἔγραψε
3200 4077 3260 4130 δὲ
3317 4078 3390 4132 δι’
3446 4077 3632 4132 αὐτῶν
3677 4072 3802 4132 τάδε,

2228 4170 2649 4244 μεταγραφέντα
2678 4171 2741 4222 ἐκ
2765 4169 2862 4239 τῆς
2878 4168 3160 4239 Ῥωμαίων
3184 4169 3386 4239 φωνῆς
3409 4185 3424 4196 ·
3447 4169 3536 4221 Τά
3555 4185 3612 4220 τε
3641 4168 3698 4218 ὲκ
3724 4163 3806 4229 τῆς

2224 4262 2320 4317 τοῦ
2367 4262 2501 4316 Θεοῦ
2558 4261 2858 4324 κελεύσεως
2897 4259 2994 4330 (6),
3036 4259 3130 4314 καὶ
3158 4257 3252 4312 τοῦ
3278 4260 3389 4330 τῆς
3416 4260 3526 4330 σῆς
3555 4253 3803 4313 εὐσεϐείας

1747 4592 2011 4649 VALESII
2049 4589 2486 4646 ANNOTATION
2495 4591 2594 4646 ES.

611 4781 690 4851 (5)
734 4776 1114 4851 -Ἂθᾳνᾴσιος
1172 4775 1321 4851 πρὸς
1354 4773 1934 4851 ,τοὺςηὲεξιτηδειοιξς
1972 4773 2113 4851 τριξ-

543 4844 688 4919 φωτί
734 4847 993 4919 Intelligit
1041 4846 1242 4919 librum
1277 4845 1564 4919 Athanasii
1604 4844 1682 4919 _De
1717 4844 1944 4919 _syno_dis
1994 4844 2116 4919 Ari-

545 4913 677 4973 inini
708 4928 764 4973 et
797 4913 1084 4973 Seleuciae.
1119 4915 1223 4981 Qui
1276 4915 1410 4969 liber
1439 4917 1494 4969 in
1526 4913 1765 4984 vulgatis
1797 4914 1960 4967 etiam
1997 4914 2115 4967 edi-

547 4990 792 5043 tiouibus
824 4987 1149 5042 inscribitur
1189 4985 1504 5054 Ἐπιστολή.
1542 4984 1809 5054 Scriptus
1826 4991 1908 5036 est
1934 4989 2116 5054 autem

546 5060 614 5112 ab
646 5057 952 5112 Athanasio
994 5065 1119 5126 post
1153 5055 1375 5126 obitum
1402 5051 1750 5126 imperatoris
1778 5051 2112 5126 Constantii,

548 5137 605 5180 ut
634 5129 930 5198 colligitur
954 5122 1020 5180 ei
1043 5124 1396 5198 ipaginar907
1419 5163 1434 5187 ,
1482 5122 1578 5198 tibi
1621 5123 1818 5198 scribit
1844 5122 2114 5177 Constan—

545 5199 705 5263 tium,
728 5194 974 5268 quandiu
1001 5194 1160 5263 viiii;
1189 5197 1245 5250 in
1263 5196 1464 5249 Ariana
1491 5194 1685 5250 haeresi
1707 5207 2108 5264 perseverasse,

2219 4780 2273 4844 et
2307 4787 2433 4826 cum
2464 4772 2575 4842 jam
2626 4772 2927 4844 moriturus
2968 4777 3152 4833 esset,
3183 4767 3259 4825 ab
3294 4769 3531 4826 Euzoio
3572 4770 3808 4825 haeretica

2219 4843 2780 4915 baptizarivoluisse:
2913 4911 2937 4915 _
2987 4913 3002 4915 _
3094 4910 3120 4915 _
3247 4913 3260 4915 _
3334 4912 3344 4915 _
3577 4911 3620 4915 __
3774 4905 3783 4915 ,

2291 4910 2368 4986 (θ)
2405 4912 2496 4986 Td
2517 4930 2579 4986 τε
2607 4914 2675 4966 ἐκ
2705 4911 2815 4986 τῆς
2835 4910 3122 4986 τοῦ-θεοῦ
3151 4912 3552 4986 κελεύςιξεως.
3575 4911 3697 4986 Uret:
3715 4910 3808 4986 cpi-

2218 4979 2359 5038 stola
2389 4979 2773 5037 Ariminensis'
2802 4981 3258 5052 conciliidexstat
3318 4984 3505 5036 etiam
3552 4979 3695 5049 apud
3727 4979 3808 5052 St):

2217 5061 2426 5124 cratem
2466 5053 2522 5106 in
2557 5053 2989 5124 libro_secundo_
3022 5050 3315 5124 Historim,
3353 5046 3692 5124 capiteVS'I;
3735 5046 3811 5124 ιι.θί

2217 5123 2494 5246 νίιίοΘαιιξξξ
2529 5122 2735 5177 notavi.
2769 5122 2927 5193 Apud
2958 5120 3242 5176 Socratem
3277 5120 3530 5193 legitur,
3553 5123 3620 5176 ἐκ
3645 5137 3702 5174 τε
3727 5120 3809 5182 τῆς

2217 5209 2307 5246 του
2386 5211 2496 5246 εου.
2528 5202 2636 5246 etc.

2215 5209 2307 5246 του
2340 5202 2496 5260 Θεου,
2528 5202 2636 5257 etc.

1969 5367 2272 5423 VARIORU
2282 5369 2350 5422 Μ.

607 5555 633 5594 Ιι
677 5553 832 5621 Πρὸς
860 5551 1002 5616 τοὺς
1033 5550 1427 5621 ἐπιτηδείους.
1462 5549 1737 5621 Socrates,
1772 5549 1865 5621 lib.
1894 5564 1953 5615 ιι,
1973 5563 2100 5621 cap.

539 5624 632 5687 37,
657 5619 834 5688 initio,
862 5622 1044 5685 habet,
1077 5620 1212 5691 πρὸς
1237 5621 1363 5691 τοὺς
1386 5619 1581 5672 ἑαυτοῦ
1598 5619 1944 5691 γνωρίμους.
1964 5619 2105 5691 Sunt

535 5697 626 5761 qui
664 5687 853 5763 putent
889 5693 986 5763 has
1021 5687 1232 5763 litteras
1258 5690 1364 5763 _ad_
1395 5689 1693 5744 monachos
1725 5687 1925 5763 missas
1958 5708 1971 5744 ;
2005 5687 2102 5763 sed

534 5759 810 5818 crederem
856 5761 1038 5832 potius
1068 5759 1135 5813 ad
1168 5759 1495 5832 catholicum
1541 5759 2104 5832 cmtum_Ale_xandri_-_-

538 5845 684 5898 num,
721 5828 959 5889 ne‘ititet‘
986 5832 1226 5890 incertos
1251 5830 1398 5900 ναίει
1434 5844 1699 5895 rumores,
1731 5828 1796 5885 de
1830 5828 2101 5898 ejusmodi

2214 5548 2440 5623 synodls
2460 5548 2674 5623 ubique
2708 5557 3105 5623 pervagantes,
3150 5549 3342 5603 animi
3386 5551 3700 5623 penderent
3729 5563 3741 5598 :
3769 5549 3811 5597 el

2212 5619 2348 5672 sane
2395 5619 2557 5673 initio
2595 5628 2648 5674 et
2699 5620 2804 5674 ﬁne
2837 5620 3141 5688 epistolae,
3169 5619 3438 5688 caelum,
3484 5632 3549 5676 ut
3599 5620 3809 5678 videtur,

2209 5689 2528 5829 alloquiottjr.
2558 5691 2662 5761 (("Zl.
2696 5687 3360 5760 monaehiBencdietini,
3409 5687 3522 5751 Vit.
3551 5691 3809 5745 Athana».

2209 5775 2332 5829 pag.
2373 5775 2390 5812 ι
2438 5797 2452 5813 .

2209 5775 2332 5830 pag.
2368 5775 2452 5813 '10.
