4056 6326
328 487 472 545 Ηῦῦ

1280 480 1605 538 HISTORIA
1644 475 2196 536 ECCLESIASTICA.
2238 507 2305 515 -—
2337 475 2466 531 LIB.
2512 477 2597 531 IV.

3433 482 3572 538 1168

329 603 749 678 προστάγματος
775 599 1227 671 δογματισθέντα,
1259 599 1512 669 γενέσθαι
1540 597 1867 668 πιστεύομεν
1886 610 1899 625 ·

2008 593 2225 665 pietatis
2260 601 2456 649 vestrae
2518 592 2795 649 credimus
2837 608 2960 652 esse
3001 594 3351 665 dispositum,
3391 606 3451 651 ut
3505 597 3571 652 ad

324 698 409 760 είς
439 697 548 767 γὰρ
593 695 866 766 ’Δρίμινον
898 694 961 747 ἐκ
985 692 1174 746 πασῶν
1201 693 1306 745 τῶν
1333 692 1468 763 πρὸς
1491 692 1641 745 δύσιν
1674 690 1901 757 πόλεων,

327 788 423 841 ἐπὶ
458 786 624 841 ταὺτὸ
681 784 883 849 πάντες
913 784 962 837 oi
990 784 1277 837 ἐπίσκοποι
1318 783 1672 853 συνήλθομεν,
1701 781 1787 835 ἵνα
1809 779 1905 833 καὶ

326 880 360 949 ὴ
417 879 602 942 πίστις
652 876 752 947 τῆς
784 875 1079 947 καθολικῆς
1121 875 1446 948 Ἐκκλησίας
1477 873 1775 946 γνωρισθῇ,
1811 872 1905 925 καὶ

325 972 376 1025 oi
406 971 475 1025 τὰ
498 970 715 1024 ἐναντία
737 968 1059 1039 φρονοῦντες
1085 967 1299 1040 ἔκδηλοι
1335 967 1620 1036 γένωνται.
1669 966 1756 1030 Ὧς
1793 964 1904 1035 γὰρ

326 1062 421 1117 ἐπὶ
474 1062 724 1115 πλεῖστον
777 1059 1197 1124 διασκοποῦντες
1256 1060 1611 1131 εὑρήκαμεν,
1675 1057 1903 1131 ἀρεστὸν

326 1154 499 1225 ἐφάνη
564 1152 661 1223 τὴν
708 1152 891 1206 πίστιν
911 1152 1013 1223 τὴν
1061 1153 1125 1206 ἐκ
1156 1150 1385 1205 παλαιοῦ
1416 1151 1794 1221 διαμένουσαν,
1836 1150 1904 1220 ἢν

326 1244 421 1298 καὶ
446 1244 495 1297 οἱ
517 1243 815 1314 προφῆται,
836 1241 933 1294 καλ⁸
963 1241 1030 1294 τὰ
1054 1241 1386 1310 Εὑαγγέλια,
1416 1241 1510 1295 καὶ
1539 1242 1586 1294 οί
1615 1239 1903 1295 ἀπόστολοι

324 1334 421 1387 τοῦ
444 1333 651 1405 Κυρίου
673 1333 830 1404 ἡμῶν
882 1332 1057 1404 Ἰησοῦ
1104 1333 1340 1406 Χριστοῦ
1366 1332 1662 1406 ἐκήρυξαν,
1681 1331 1774 1386 τοῦ
1810 1330 1904 1386 καὶ

325 1426 424 1496 τῆς
457 1427 551 1495 σῆς
572 1425 847 1497 βασιλείας
871 1426 1088 1497 ἐφόρου,
1116 1426 1208 1479 καὶ
1241 1426 1341 1497 τῆς
1372 1427 1470 1497 σῆς
1516 1426 1736 1497 ῥώσεως
1770 1441 1904 1497 προ-

324 1517 549 1582 στάτου,
579 1516 666 1569 ἴνα
695 1516 896 1589 ταύτην
920 1520 1285 1589 κατασχόντες
1320 1518 1704 1588 φυλάττωμεν,
1741 1516 1904 1588 μέχρι

326 1606 512 1673 τέλους
524 1607 677 1678 διατη
687 1606 1169 1679 ροῦντες.”Ατοπον
1191 1608 1299 1680 γὰρ
1320 1610 1415 1662 καὶ
1431 1608 1685 1680 ἀθέμιτον
1708 1607 1902 1678 ἐφάνη,

326 1696 435 1751 τῶν
459 1696 634 1768 ὀρθῶς
658 1698 753 1751 καὶ
788 1697 1009 1761 δικαίως
1032 1698 1351 1770 ὡρισμένων
1387 1717 1439 1753 τι
1492 1697 1901 1769 μεταλλάσσειν,

328 1787 422 1840 καὶ
446 1785 553 1839 τῶν
576 1788 633 1840 ἐν
655 1785 862 1857 Νικαίᾳ
884 1789 1037 1859 κοινῇ
1068 1787 1206 1855 μετά
1234 1786 1325 1839 τοῦ
1362 1785 1702 1851 ἐνδοξοτάτου
1748 1787 1906 1838 Κων-

329 1875 607 1929 σταντίνου
644 1872 735 1930 τοῦ
773 1877 866 1931 σοῦ
896 1877 1104 1950 [ἰατρὸς
1126 1876 1217 1930 καὶ
1241 1876 1501 1947 βασιλέως
1528 1875 1901 1945 ὲσκεμμένων,

2006 684 2433 741 Ariminensium
2477 685 2657 739 locum
2689 699 2755 740 ex
2801 685 3036 742 diversis
3063 686 3361 757 provinciis
3414 685 3573 743 Occio

2004 776 2305 833 dentalium
2347 776 2589 848 episcopi
2638 776 2991 844 veniremus,
3022 789 3082 833 ut
3129 788 3186 835 et
3223 779 3355 835 lides
3399 779 3574 836 clare-

2006 879 2188 927 sceret
2237 872 2493 927 omnibus
2544 870 2807 928 Ecclesiae
2857 871 3170 935 catholicae,
3222 882 3277 927 et
3329 871 3570 928 haeretici

2004 972 2384 1017 noscerentur.
2410 961 2549 1016 Dum
2587 961 2734 1017 enim
2773 976 2964 1018 omnes
2998 962 3089 1033 qui
3122 970 3268 1017 recte
3307 962 3575 1034 sapimus,

2004 1059 2500 1117 contractaremus,
2536 1052 2743 1122 placuit
2771 1052 2991 1123 quidem
3036 1059 3096 1107 ut
3136 1051 3299 1107 fidem
3340 1054 3408 1109 ab
3435 1054 3580 1108 a’ntio

2003 1139 2211 1210 quitate
2238 1148 2700 1211 perseverantem,
2733 1156 2895 1213 quam
2936 1157 3031 1213 per
3056 1144 3372 1215 prophetas,
3401 1146 3580 1200 Evan-

2004 1232 2145 1303 gelia
2183 1240 2239 1287 et
2281 1233 2578 1301 apostolos,
2615 1247 2712 1303 per
2754 1236 2932 1304 ipsum
2982 1233 3152 1290 Deum
3197 1244 3253 1291 et
3291 1236 3579 1293 Dominum

2006 1330 2256 1378 nostrum
2290 1323 2477 1379 Jesum
2507 1323 2813 1393 Christum,
2858 1324 3196 1407 salvatorem
3225 1328 3439 1400 imperii
3477 1334 3578 1394 tui,

1996 1424 2061 1473 et
2128 1418 2446 1488 largitorem
2504 1419 2700 1476 salutis
2754 1430 2860 1477 tuae
2908 1422 3257 1493 accepimus,
3312 1430 3369 1479 et
3417 1440 3579 1494 quam

2006 1521 2221 1574 semper
2271 1507 2637 1576 obtinuimus,
2683 1516 2993 1567 teneamus.
3034 1511 3200 1569 Nefas
3236 1513 3381 1568 enim
3424 1514 3578 1569 duxi-

2003 1611 2128 1652 mus
2162 1604 2311 1653 recte
2360 1603 2416 1652 et
2469 1597 2621 1667 juste
2678 1600 3020 1655 sancitorum
3069 1601 3273 1672 aliquid
3307 1603 3578 1669 mutitare,

2004 1697 2057 1743 et
2083 1703 2273 1744 eorum
2306 1690 2399 1761 qui
2446 1693 2503 1745 in
2538 1689 2765 1746 Nicaano
2794 1697 3033 1747 tractatu
3065 1694 3432 1750 consederant
3469 1712 3581 1751 una

2005 1795 2130 1835 cum
2167 1782 2422 1853 gloriosae
2450 1783 2731 1839 memoriae
2758 1781 3146 1848 Constantino,
3179 1780 3337 1855 pat're
3360 1787 3581 1857 pietatis

2008 1880 2133 1928 tuae.
2171 1872 2277 1939 Qui
2309 1880 2583 1929 tractatus
2623 1873 3015 1930 manifestatus
3044 1882 3131 1931 est
3170 1883 3225 1931 et
3262 1876 3580 1933 insinuatus

326 1957 459 2035 ὦνὴ
488 1965 804 2021 διδασκαλία
826 1969 919 2021 καὶ
958 1967 1018 2021 τὸ
1052 1967 1306 2039 φρόνημα
1343 1966 1525 2036 διῆλθέ
1558 1984 1615 2019 τε
1647 1967 1742 2019 καὶ
1772 1967 1901 2037 ἐκη-

2007 1964 2284 2018 mentibus
2310 1964 2661 2034 populorum,
2695 1971 2750 2019 et
2790 1971 2985 2019 contra
3014 1965 3269 2021 haeresim
3308 1965 3578 2020 Arianam

327 2057 504 2129 ρύχθη
530 2061 609 2123 εἰς
640 2060 818 2124 πάσας
844 2059 1148 2133 ἀνθρώπων
1196 2059 1364 2122 ἀκοάς
1409 2077 1470 2112 τε
1516 2060 1611 2114 καὶ
1638 2058 1900 2121 διανοίας.

329 2147 489 2214 Ἦτις
522 2151 816 2217 ἀντίπαλος
841 2152 1014 2223 μένει,
1045 2152 1138 2206 καὶ
1157 2151 1349 2224 ὀλετὴρ
1380 2152 1477 2223 τῆς
1509 2151 1716 2223 Ἀρείου
1746 2150 1901 2223 αἱρέ-

327 2258 467 2306 σεως
521 2243 731 2316 ὑπῆρξε
758 2260 772 2275 ’
802 2244 869 2298 δι’
896 2238 998 2317 ἧς,
1060 2246 1121 2298 οὑ
1155 2245 1315 2317 μόνον
1358 2244 1518 2315 αῦτη,
1548 2242 1684 2298 ἀλλά
1708 2243 1801 2297 καὶ
1845 2244 1902 2298 αί

324 2331 512 2387 λοιπαὶ⁵
533 2336 703 2390 πᾶσαι
733 2334 1116 2410 καθῃρέθησαν
1138 2353 1153 2367 ·
1184 2338 1241 2390 ἐν
1265 2330 1298 2409 ᾖ
1323 2337 1493 2400 ὅντως
1536 2335 1630 2389 καὶ
1652 2334 1903 2407 προσθεῖ-

324 2425 414 2478 ναί
435 2442 488 2478 τι
533 2426 813 2498 σφαλερὸν,
869 2427 963 2482 καὶ
1003 2429 1064 2480 τὸ
1112 2427 1405 2498 ἀφελέσθαι
1453 2444 1529 2493 τι,
1563 2426 1902 2481 ἐπικίνδυνον

326 2515 609 2590 ὑπάρχεις
639 2516 714 2583 ὡς
756 2518 915 2589 εἴπερ
946 2535 1001 2571 τι
1040 2518 1267 2590 θάτερον
1308 2517 1554 2589 γένηται,
1597 2515 1751 2572 ἔσται
1789 2517 1904 2580 τοῖς

325 2606 421 2676 ἐχθ
558 2581 709 2661 ἀδειά
739 2581 909 2661 ποιεῖν
941 2608 1083 2681 ἆπερ
1101 2581 1396 2680 βούλονται.
1418 2581 1579 2662 ’Ὅθεν
1600 2606 1904 2679 Οὑρσάκιός

325 2713 386 2750 τε
409 2699 503 2751 καὶ
532 2698 768 2770 Οὐάλης,
800 2699 987 2773 ἐπειδὴ
1018 2701 1188 2754 πάλαι
1219 2699 1434 2771 μέτοχοι
1456 2717 1515 2753 τε
1543 2702 1636 2754 καὶ
1664 2699 1902 2772 σύμϐου-

326 2789 410 2844 λοι
435 2790 530 2845 τοῦ
572 2793 853 2863 Ἀρειανοῦ
884 2793 1153 2866 δόγματος
1181 2790 1323 2867 ἦσαν
1361 2795 1783 2868 καθεστηκότες,
1808 2796 1903 2850 καὶ

323 2882 429 2951 τῆς
486 2884 762 2957 ἡμετέρας
794 2886 1077 2950 κοινωνίας
1101 2886 1459 2958 χωρισθέντες
1492 2886 1569 2959 (7)
1594 2887 1905 2961 ἀπεφάνθη-

327 2987 453 3028 σαν.
485 2966 592 3039 Ἧς
625 2975 714 3029 ίνα
741 2976 1100 3047 μετάσχωσιν,
1149 2978 1234 3047 ἐφ’
1275 2971 1357 3042 οἷς
1398 2980 1609 3043 ἑαυτοῖς
1637 2978 1904 3048 συνεγνῶ-

324 3079 519 3119 κεισαν
543 3065 1057 3138 πλημμελήσαντες,
1099 3068 1389 3140 μετανοίας
1430 3086 1491 3123 τε
1538 3070 1635 3125 καὶ
1664 3068 1904 3140 συγγνὼ.

328 3173 442 3227 μης
466 3156 649 3227 ἠξίουν
676 3161 878 3230 τυχεῖν.
921 3160 1007 3225 Ὠς
1027 3161 1121 3214 καὶ
1149 3159 1216 3214 τὰ
1262 3160 1515 3233 ἐγγραφα
1544 3162 1615 3216 τὰ
1644 3162 1736 3216 ὑπ’
1753 3162 1902 3216 ὲκεί-

325 3265 436 3301 νων
484 3249 822 3320 γεγενημένα
872 3255 1169 3325 μαρτυρεῖο
1206 3252 1271 3307 δι’
1318 3249 1393 3308 ὧν
1442 3252 1698 3308 ἁπάντων
1732 3251 1902 3323 φειδὼ

2009 2061 2142 2109 tunc
2186 2057 2474 2125 oppositus
2511 2055 2808 2120 invenitur,
2852 2062 2913 2111 ut
2938 2071 3051 2112 non
3091 2056 3269 2112 solum
3310 2055 3451 2128 ipsa,
3485 2056 3582 2113 sed

2008 2146 2171 2200 etiam
2197 2147 2420 2217 reliquae
2457 2146 2697 2205 haereses
2731 2146 2857 2203 inde
2879 2147 2994 2204 sint
3020 2153 3368 2219 expugnata.
3396 2147 3444 2202 Λ
3471 2162 3584 2219 quo

2009 2239 2055 2294 si
2080 2238 2284 2310 aliquid
2309 2238 2590 2311 demptum
2616 2238 2803 2307 fuerit,
2818 2239 3045 2299 venenis
3062 2240 3443 2299 haereticorum
3466 2241 3583 2297 adi-

2009 2339 2099 2386 tus
2116 2330 2393 2402 panditur.
2413 2331 2539 2388 Ideo
2561 2330 2826 2389 Ursacius
2842 2340 2898 2390 et
2913 2331 3114 2390 Valens
3135 2334 3192 2390 in
3211 2334 3581 2405 suspicionem

2009 2423 2260 2494 ejusdem
2306 2426 2581 2484 haereseos
2614 2425 2832 2482 Arianae
2864 2436 3137 2484 venerunt
3174 2427 3496 2498 aliquando,
3524 2437 3582 2482 et

2012 2511 2172 2584 157
2203 2517 2461 2586 suspensi
2499 2524 2658 2573 erant
2692 2530 2722 2570 a
2767 2517 3182 2573 communione.
3214 2515 3321 2573 Sed
3354 2531 3583 2588 rogave-

2009 2614 2141 2658 runt
2166 2606 2404 2671 veniam,
2431 2606 2576 2663 sicut
2601 2600 2794 2663 eorum
2825 2608 3108 2663 continent
3138 2610 3341 2680 scripta
3368 2627 3382 2664 :
3415 2622 3582 2680 quam

2010 2697 2231 2766 quidem
2281 2709 2608 2761 meruerunt
2657 2710 2788 2756 tunc
2827 2702 3093 2773 temporis
3128 2715 3159 2756 a
3201 2701 3440 2757 concilio
3473 2701 3584 2756 Me-

1956 2834 1963 2843 .
2009 2786 2343 2855 diolanensi,
2401 2790 2795 2845 assistentibus
2846 2792 3014 2845 etiam
3067 2791 3267 2861 legatis
3317 2792 3583 2847 Romana:

2011 2877 2296 2936 Ecclesiae.
2326 2881 2384 2934 in
2425 2881 2531 2936 hoc
2575 2881 2740 2952 igitur
2774 2888 3018 2937 tractatu
3054 2896 3183 2937 cum
3221 2897 3423 2953 magno
3449 2897 3580 2938 exn.

2011 2970 2157 3027 mine
2187 2969 2383 3028 fuisset
2440 2974 2824 3044 conscriptum
2864 2973 3236 3031 Constantino
3277 2987 3576 3045 praesente,

2009 3061 2156 3133 quod
2197 3073 2388 3120 tenens
2412 3061 2722 3135 baptizatus
2748 3063 2818 3119 ad
2844 3065 3087 3134 quietem
3122 3063 3215 3121 Dei
3245 3066 3576 3138 commigra-

2009 3157 2110 3225 vit,
2154 3157 2312 3212 nefas
2354 3163 2617 3227 putamus
2646 3157 2776 3213 inde
2830 3156 3045 3228 aliquid
3085 3158 3364 3225 mutilare,
3398 3167 3455 3214 et
3500 3169 3580 3214 tot

2010 3254 2235 3304 sanctos
2270 3257 2324 3304 et
2369 3247 2721 3306 confessorcs
2765 3254 2823 3304 et
2862 3262 3218 3306 successores
3248 3258 3577 3322 martyrum,

325 3315 638 3411 γεγένηται,
667 3315 774 3395 -καὶ
803 3315 912 3395 των
953 3315 1324 3414 ’ἐγκλημάτων
1358 3344 1678 3415 συγγνώμη.
1710 3315 1818 3398 Ἦν
1844 3345 1901 3399 δὲ

2008 3339 2183 3409 ipsius
2208 3347 2476 3397 tractatus
2497 3340 2929 3412 conscriptores,
2961 3339 3016 3395 in
3045 3342 3229 3412 aliquo
3253 3357 3532 3398 removere
3561 3360 3575 3398 :

328 3434 518 3506 καιρὸς
578 3434 701 3488 καθ’
740 3433 799 3488 ὃν
823 3434 994 3488 ταῦτα
1018 3436 1339 3506 ἐπράττετο,
1369 3437 1457 3490 ὅτε
1488 3438 1547 3490 ἐν
1586 3436 1904 3508 Μεδιολάνῳ

324 3527 390 3582 τὸ
414 3526 686 3598 συνέδριον
705 3527 804 3597 τῆς
830 3528 1044 3582 συνόδου
1070 3530 1440 3599 συνεκροτεῖτο
1464 3542 1478 3556 ·
1506 3529 1902 3600 συμπαρόντων

322 3619 387 3675 δὲ
411 3618 505 3674 καὶ
530 3618 637 3674 τῶν
659 3619 1044 3691 πρεσϐυτέρων
1075 3622 1173 3691 τῆς
1198 3621 1304 3674 τῶν
1343 3619 1635 3691 Ῥωμαίων
1672 3619 1903 3691 Ἐκκλη-

326 3710 487 3775 σίας·
519 3711 820 3779 ἐγνωκότες
876 3710 992 3781 ἅμα
1038 3712 1130 3764 καὶ
1167 3712 1260 3765 τὸν
1297 3711 1436 3781 μετὰ
1462 3711 1716 3781 τελευτὴν
1753 3710 1901 3778 ἄξιον

329 3804 554 3872 μνήμης
605 3804 1032 3868 Κωνσταντῖνον,
1092 3804 1231 3873 μετά
1282 3805 1461 3876 πάσης
1490 3803 1777 3874 ἀκριϐείας
1809 3802 1903 3856 καὶ

325 3894 628 3958 ἐξετάσεως
678 3894 777 3965 τὴν
813 3897 1217 3965 συγγραφεῖσαν
1289 3895 1471 3948 πίστιν
1518 3894 1899 3948 ἐκτεθεικότα·

332 3982 521 4054 ἐπειδὴ
546 3983 602 4036 δὲ
626 3983 702 4047 ὡς
747 3980 806 4048 ἐξ
859 3982 1160 4055 ἀνθρώπων
1187 3982 1405 4051 ἐγένετο
1443 3981 1780 4053 βαπτισθεὶς,
1809 3982 1904 4035 καὶ

328 4074 470 4138 πρὸς
500 4074 599 4143 τὴν
629 4074 985 4146 ὀφειλομένην
1035 4075 1255 4145 εἰρήνην
1294 4073 1659 4146 ἀνεχώρησεν,
1702 4074 1903 4128 ἄτοπον

328 4160 469 4225 εἶναι
536 4169 652 4238 μετ’
696 4169 903 4221 ἐκεῖνόν
954 4185 1008 4221 τι
1062 4169 1402 4238 καινοτομεῖν
1430 4182 1444 4196 '
1482 4167 1577 4220 καὶ
1614 4165 1904 4229 τοσούτους

326 4259 520 4328 ἁγίους
567 4258 903 4330 όμολογητάς
945 4258 1042 4313 καὶ
1096 4259 1400 4330 μάρτυρας,
1436 4259 1561 4321 τοὺς
1596 4257 1652 4310 δὲ
1680 4260 1774 4311 καὶ
1805 4257 1902 4312 τοῦ

2003 3446 2129 3485 cum
2158 3440 2213 3486 et
2242 3431 2345 3502 ipsi
2377 3434 2775 3503 praeteritorum
2820 3433 3107 3488 catholicae
3145 3433 3400 3490 Ecclesia:
3440 3437 3581 3491 scri-

2003 3530 2221 3592 ptorum
2257 3532 2456 3580 cuncta
2508 3525 2871 3581 servaverint.
2926 3524 3239 3596 Mansitque
3293 3543 3469 3598 usque
3522 3530 3577 3582 in

2005 3614 2121 3669 haec
2163 3623 2432 3685 tempora,
2463 3616 2677 3687 quibus
2714 3616 2893 3685 pietas
2927 3628 3020 3671 tua
3054 3632 3085 3671 a
3128 3617 3240 3673 Deo
3290 3618 3454 3675 Patre
3480 3634 3580 3691 per

2007 3702 2178 3758 Deum
2217 3710 2272 3759 ct
2304 3702 2591 3760 Dominum
2634 3715 2880 3761 nostrum
2922 3705 3109 3763 Jesum
3136 3709 3442 3774 Christum,
3480 3725 3580 3780 po-

2005 3804 2258 3853 testatem
2296 3796 2524 3868 regendi
2569 3797 2724 3854 orbis
2749 3799 2988 3870 accepit.
3020 3797 3224 3857 Verum
3264 3802 3453 3857 miseri
3484 3803 3581 3856 ho-

2007 3891 2207 3959 mines,
2243 3897 2299 3946 et
2362 3890 2574 3946 infelici
2618 3905 2785 3947 sensu
2815 3891 3053 3962 praediti,
3093 3891 3292 3948 iterum
3333 3908 3471 3947 ausu
3501 3901 3571 3947 te-

2005 3984 2242 4038 merario
2271 3998 2332 4041 se
2353 3997 2638 4054 praecones
2667 3982 2849 4053 impiae,
2861 3983 3129 4038 doctrinae
3152 3984 3576 4040 renuntiarunt:

2003 4084 2231 4132 etnunc
2277 4076 2440 4132 etiam
2499 4082 2775 4131 conantur
2823 4074 3137 4129 convellere
3201 4074 3348 4144 quod
3394 4075 3579 4131 fuerat

2005 4171 2245 4240 positum
2298 4170 2533 4224 ratione.
2566 4166 2784 4222 Etenim
2829 4180 2955 4221 cum
2985 4166 3208 4237 pietatis
3238 4174 3346 4223 tuae
3383 4168 3581 4225 littera:

2000 4259 2273 4329 jusserint
2314 4258 2544 4312 tractari
2571 4256 2640 4313 de
2684 4256 2808 4322 fide,
2846 4255 3182 4314 offerebatur
3212 4258 3376 4316 nobis
3419 4274 3452 4314 a
3484 4275 3579 4317 su-

323 4349 594 4420 δόγματος
638 4346 986 4419 συγγραφέας
1046 4365 1104 4401 τε
1136 4348 1228 4401 καὶ
1271 4348 1495 4418 εὑρετὰς
1524 4348 1818 4420 ὑπεριδεῖν,
1852 4349 1901 4402 οῖ

2005 4350 2273 4422 pradictis
2305 4350 2682 4405 turbatoribus
2712 4347 3102 4417 Ecclesiarum,
3135 4351 3413 4408 associato
3443 4351 3580 4409 Ger-

323 4459 473 4505 τινες
509 4440 648 4494 κατά
677 4440 768 4493 τὸν
793 4441 1017 4494 παλαιὸν
1049 4441 1147 4510 τῆς
1160 4439 1791 4511 καθολικῆςἘκκλησίας
1816 4439 1901 4492 θε-

2008 4444 2199 4509 minio,
2233 4443 2512 4499 Auxentio
2538 4448 2594 4497 et
2626 4440 2781 4506 Caio,
2825 4457 3029 4497 novum
3059 4444 3249 4500 nescio
3276 4444 3410 4515 quid
3443 4430 3579 4500 con;

328 4531 487 4603 σμδν,
534 4532 749 4587 ἅπαντα
796 4531 1119 4603 φρονοῦντες
1175 4532 1666 4602 διαμεμενήκασιν.
1730 4525 1832 4587 Ὦν
1872 4531 1901 4585 ό

2005 4536 2381 4601 siderandum,
2410 4534 2557 4607 quod
2602 4534 2774 4588 multa
2804 4549 3078 4604 perversae
3107 4534 3373 4590 doctrinae
3399 4539 3581 4593 conti-

324 4622 464 4686 Θεὸς
493 4622 589 4695 τὴν
619 4622 797 4676 πίστιν
820 4624 911 4675 καὶ
934 4624 1012 4686 εἰς
1038 4624 1163 4686 τοὺς
1215 4623 1343 4687 σοὺς
1372 4622 1597 4694 χρόνους
1621 4622 1719 4692 τῆς
1748 4622 1900 4693 βασι-

2007 4627 2190 4681 nebat.
2225 4627 2295 4679 At
2332 4641 2464 4681 vero
2501 4640 2626 4680 eum
2653 4625 2904 4680 viderent
2922 4624 3216 4696 displicere
3248 4626 3395 4697 quod
3446 4629 3581 4686 offe-

322 4711 480 4775 λείας
535 4711 890 4782 μεταδέδωκε,
946 4712 1034 4766 διὰ
1070 4712 1165 4765 τοῦ
1219 4715 1489 4767 Δεσπότου
1531 4715 1686 4783 ἡμῶν
1724 4713 1901 4785 Ἰησοῦ

2004 4718 2201 4792 εοιιιιηι
2233 4718 2450 4789 publice
2489 4718 2544 4773 in
2578 4718 2841 4783 concilio,
2893 4725 3233 4789 putaverunt
3263 4719 3425 4776 aliter
3455 4736 3578 4779 esse

321 4803 586 4874 Χριστοῦ,
612 4804 680 4856 δι’
701 4799 763 4858 οὗ
789 4820 872 4856 σοι
901 4805 995 4857 καὶ
1018 4805 1078 4856 τὸ
1113 4804 1416 4875 βασιλεύειν
1439 4805 1611 4870 οῦτως
1633 4807 1899 4877 ὑπῆρξεν,

316 4897 401 4958 ὡς
430 4894 523 4948 καὶ
546 4896 640 4966 τῆς
660 4894 781 4947 καθ’
802 4897 950 4966 ἡμᾶς
972 4896 1297 4966 οἰκουμένης
1318 4900 1559 4969 κρατεῖν.
1584 4898 1751 4952 Πάλιν
1770 4899 1900 4967 γοῦν

321 4986 547 5040 ἐλεεινοὶ
563 4986 869 5054 καὶοίκτροὶ
888 4985 967 5057 τῷ
984 4989 1309 5058 φρονήματι,
1329 4988 1570 5059 ἀθεμίτῳ
1588 4988 1899 5060 τολμήματι

321 5080 426 5149 τῆς
450 5077 740 5141 δυσσεϐοῦς
761 5080 1073 5150 φρονήσεως
1106 5080 1352 5150 κήρυκάς
1382 5098 1441 5132 τε
1474 5082 1699 5141 ἑαυτοὺς
1725 5083 1897 5153 ἀνὴγ.

319 5170 533 5243 γειλαν,
557 5170 652 5224 καὶ
681 5169 1052 5241 ἐπιχειροῦσιν
1089 5170 1420 5243 ἀνατρέπειν
1480 5173 1587 5226 πᾶν
1641 5173 1901 5244 ἀληθείας

2004 4809 2489 4865 conscribendum.
2542 4808 2608 4863 Et
2658 4809 2879 4879 quidem
2941 4808 3058 4863 haec
3118 4808 3271 4865 brevi
3329 4818 3578 4882 tempore

2004 4917 2148 4972 saepe
2192 4909 2438 4957 mutasse
2473 4899 2827 4965 manifestum
2874 4906 2981 4955 cst.
3030 4900 3138 4957 Sed
3192 4916 3265 4958 ne
3315 4901 3578 4962 Ecclesia:

2005 4994 2351 5065 frequentius
2377 4994 2791 5063 perturbentur,
2830 4991 3035 5063 placuit
3076 4992 3329 5050 instituta
3366 5005 3569 5064 vetera,

2009 5099 2124 5141 rata
2159 5095 2324 5157 atque
2356 5085 2697 5142 inviolabilia
2721 5084 2933 5141 servari
2961 5102 2975 5139 :
3005 5085 3357 5154 supradictos
3386 5103 3517 5144 vero
3547 5105 3577 5143 a

2007 5164 2411 5233 communione
2452 5184 2644 5233 nostra
2696 5176 2987 5233 removeri.
3054 5175 3135 5230 Ad
3196 5178 3574 5236 instruendam

1523 5310 1789 5367 VALESII
1828 5312 2375 5372 ANNOTATIONES.

396 5425 474 5496 (7)
519 5425 634 5494 Τῆς
664 5427 956 5497 ἡμετέρας
988 5426 1304 5492 κοινωνίας
1341 5430 1755 5496 χωρισθέντες.
1806 5430 1908 5486 Ur-

321 5498 514 5553 sacius
555 5506 609 5552 et
642 5497 842 5553 Valens
876 5500 960 5554 his
1000 5513 1029 5550 a
1080 5502 1471 5553 communione
1519 5498 1781 5557 Ecclesiae
1811 5520 1904 5557 se-

322 5569 535 5637 gregati
583 5577 733 5623 sunt.
765 5569 944 5623 Semel
998 5569 1051 5620 in
1094 5569 1309 5638 synodo
1342 5569 1587 5623 Romana
1612 5609 1626 5633 ,
1670 5586 1797 5625 cum
1831 5580 1899 5629 ad

322 5639 594 5709 judicium
634 5640 811 5694 vocati
850 5655 956 5692 non
993 5639 1329 5709 paruissent,
1364 5654 1508 5692 anno
1535 5639 1737 5694 Christi
1770 5643 1892 5700 542.

322 5707 483 5762 Tunc
534 5710 701 5777 igitur
753 5726 784 5764 a
838 5707 1224 5763 communione
1284 5710 1575 5778 suspensi.
1611 5720 1801 5779 postea
1838 5717 1893 5769 in

323 5779 721 5835 Mmliolan‘eusi
773 5779 1006 5833 concilio
1034 5821 1048 5841 ,
1108 5790 1362 5846 porrecto
1392 5780 1786 5836 satisfactionis
1829 5786 1890 5837 li-

323 5851 489 5914 hcllo,
511 5850 757 5915 suscepti
791 5856 919 5904 sunt
947 5849 1000 5900 in
1030 5849 1492 5913 communionem,
1526 5851 1893 5908 annoChristi

326 5920 452 5974 Siti.
502 5921 773 5985 I’ostluuc,
814 5934 938 5973 cum
981 5918 1423 5974 Arianisiterum
1464 5938 1582 5977 sese
1611 5922 1895 5991 adjunxis-

2013 5439 2163 5495 sent,
2219 5432 2465 5486 damnati
2511 5441 2639 5486 sunt
2686 5434 2739 5485 in
2798 5429 3010 5495 synodo
3066 5428 3400 5495 Serdicensi,
3431 5446 3576 5485 anno

2008 5490 2216 5555 Christi
2265 5503 2403 5565 547,
2451 5510 2509 5554 ιιι
2548 5503 2711 5555 docet
2758 5490 2989 5570 epistola
3038 5501 3300 5569 synodica
3352 5490 3573 5555 concilii

2008 5570 2368 5628 Serdieensis.
2424 5573 2582 5625 Anno
2632 5573 2830 5626 deinde
2857 5571 2981 5633 549,
3031 5570 3173 5624 idem
3218 5571 3475 5625 Ursacius
3518 5580 3575 5625 et

2004 5639 2205 5698 Valens
2232 5646 2468 5697 alterum
2502 5643 2902 5698 satisl'actionis
2936 5642 3174 5695 libellum
3202 5640 3388 5694 Roma:
3413 5642 3576 5694 obtu-

1999 5712 2180 5766 lerunt
2226 5712 2373 5766 Julio
2424 5728 2609 5781 papae,
2652 5723 2705 5766 et
2763 5713 2974 5781 ahqillo
3023 5709 3077 5763 in
3133 5709 3572 5781 communionem

2001 5785 2244 5850 suscepti
2301 5779 2447 5837 sunt.
2488 5779 2611 5837 [hoc
2662 5783 2785 5834 ideo
2839 5780 3016 5834 fusius
3067 5779 3290 5850 notavi,
3343 5779 3471 5847 quia
3518 5780 3573 5832 in

2001 5849 2234 5921 epistola
2270 5853 2530 5922 synodica
2567 5852 2934 5907 Ariminensis
2966 5849 3187 5904 οοηοιιιί
3236 5864 3344 5902 non
3382 5849 3575 5904 viden-

2003 5929 2092 5975 tur
2127 5923 2262 5977 satis
2307 5938 2429 5977 esse
2457 5923 2741 5977 distincta.
