4056 6326
560 489 584 546 ί
602 490 701 545 167-

2020 478 2373 536 bO‘ZOMENl
3609 489 3713 550 “68

557 601 731 674 igitur
768 610 917 656 tuam
971 596 1339 663 clementiam,
1399 596 1607 677 legatos
1655 601 1873 657 nostros
1922 592 2115 649 direxi-

2231 592 2532 662 σύνταγμα.
2572 590 2660 657 Ὠς
2690 592 2797 665 γὰρ
2826 592 2965 648 κατά
2992 592 3052 648 τὸ
3085 593 3176 648 σὺν
3209 592 3532 668 πρόσταγμα,
3559 600 3717 656 mw.

559 708 704 755 unus,
732 689 952 745 concilii
977 689 1305 744 sententiam
1344 703 1440 758 per
1474 689 1690 743 litteras
1725 696 1941 740 nostras
1981 700 2124 739 nun-

558 784 813 837 tiaturos.
847 780 1061 846 Quibus
1111 780 1215 834 hoc
1264 779 1445 850 ipsum
1506 779 1678 832 solum
1718 777 2119 843 mandavnmus,

557 878 751 926 utnon
780 870 940 924 aliter
981 868 1305 939 legationem
1343 865 1673 938 perferrent,
1714 882 1875 936 quam
1916 875 2121 922 statuta

553 970 799 1019 veterum
836 974 1159 1031 permanere
1191 958 1545 1024 ﬁrmissima;
1571 965 1629 1012 ut
1651 965 1705 1013 et
1734 957 1999 1028 sapientia
2028 966 2118 1011 tua

551 1060 932 1135 coge'scerct,
967 1066 1075 1105 non
1114 1052 1217 1104 hoc
1248 1048 1395 1119 quod
1423 1050 1785 1119 promiserant
1815 1048 2119 1119 supradicti

558 1146 756 1201 Valens
785 1151 837 1199 et
869 1142 1153 1204 Ursacius,
1190 1140 1509 1197 Germinius
1540 1147 1593 1195 et
1623 1140 1807 1207 Caius,
1844 1141 1890 1196 si
1931 1140 2117 1196 subla-

552 1248 667 1293 tum
698 1235 897 1290 fuisset
926 1234 1230 1304 quidpiam,
1271 1248 1459 1302 pacem
1493 1247 1655 1303 posse
1684 1232 1967 1302 compleri.
2000 1232 2119 1300 Quo

551 1329 697 1385 enim
747 1326 911 1381 modo
957 1342 1063 1396 pax
1106 1325 1314 1381 servari
1360 1325 1539 1394 possit
1587 1324 1656 1379 ab
1690 1324 1758 1380 iis
1794 1324 1888 1394 qui
1928 1308 2117 1395 pacem

553 1417 912 1477 subvertunt?
951 1416 1120 1487 Magis
1154 1417 1300 1469 enim
1346 1415 1587 1468 turbatio
1631 1416 1847 1469 cunctis
1880 1415 2117 1486 regioni-

551 1513 676 1577 bus,
710 1518 764 1567 et
800 1511 1072 1581 praecipue
1116 1507 1378 1563 Ecclesiae
1420 1507 1680 1562 Romana:
1717 1507 1966 1562 immissa
2010 1512 2114 1560 est.

550 1604 631 1660 0b
659 1618 822 1673 quam
850 1618 988 1665 rem,
1019 1610 1165 1655 tuam
1200 1614 1457 1670 rogamus
1489 1597 1885 1662 clementiam,.
1914 1604 1973 1651 ut
2002 1597 2117 1667 pla-

546 1688 688 1751 cidis
722 1694 949 1749 auribus
1012 1703 1067 1747 et
1128 1706 1325 1747 sereno
1376 1691 1531 1745 vultu
1577 1691 1866 1745 universos
1910 1689 2118 1758 legatos

549 1793 769 1842 nostros
797 1792 851 1840 et
893 1784 1132 1854 aspicias
1158 1791 1213 1838 et
1254 1782 1485 1837 audias:
1526 1796 1661 1837 neve
1692 1781 1971 1851 permittat
2007 1780 2117 1835 cle-

548 1877 749 1932 mentia
790 1884 883 1931 tua
933 1875 1058 1944 jura
1115 1883 1304 1931 vetera
1338 1874 1605 1941 convelli;
1655 1873 1751 1928 sed
1792 1887 2013 1927 manere
2053 1886 2115 1926 ea

548 1984 668 2040 quae
688 1984 719 2022 a
753 1968 1056 2037 majoribus
1082 1967 1292 2021 nostris
1326 1965 1670 2035 accepimus;
1704 1979 1841 2035 quos
1865 1972 1919 2019 et
1944 1962 2115 2018 fuisse

547 2061 866 2128 prudentes,
906 2065 959 2112 et
1002 2057 1122 2113 sine
1158 2055 1367 2126 Spiritu
1421 2064 1616 2111 sancto
1646 2054 1738 2109 Dei
1782 2070 1895 2109 non
1937 2054 2118 2125 egisse

546 2151 899 2208 conﬁdimus.
933 2149 1073 2216 Quia
1116 2149 1222 2204 ista
1272 2148 1513 2204 novitate
1549 2163 1659 2201 non
1714 2147 1893 2202 solum
1928 2145 2116 2201 ﬁdeles

547 2246 732 2316 populi
757 2242 1057 2314 perturbati
1082 2250 1232 2311 sunt,
1266 2256 1455 2296 verum
1482 2239 1646 2311 158
1674 2244 1837 2295 etiam
1871 2238 2116 2294 inﬁdeles

547 2337 613 2392 ad
645 2336 1028 2392 credulitatem
1060 2342 1317 2390 vetantur
1360 2333 1645 2389 accedere.
1679 2330 1918 2388 Oramus
1949 2331 2114 2386 etiam

546 2439 606 2486 ut
638 2430 925 2501 praecipias
980 2434 1061 2483 tot
1110 2428 1397 2497 episcopos
1443 2425 1537 2497 qui
1585 2424 1840 2480 Arimino
1874 2423 2118 2479 detinen-

545 2530 657 2588 tur,
708 2521 853 2574 inter
887 2533 1032 2590 quos
1086 2517 1310 2588 plurimi
1350 2524 1481 2573 sunt
1530 2517 1629 2588 qui
1684 2524 1849 2571 aetate
1889 2523 1942 2570 et
1980 2530 2116 2585 pau-

544 2619 755 2684 pertate
785 2610 981 2667 defecti
1005 2617 1158 2675 sunt,
1193 2610 1258 2665 ad
1285 2624 1437 2666 suam
1462 2608 1807 2680 provinciam
1839 2622 2105 2673 remeare,

496 2761 507 2770 ,
542 2720 614 2760 ne
651 2703 898 2759 destituti
942 2703 1058 2759 suis
1092 2702 1367 2771 episcopis
1413 2701 1663 2756 laborent
1694 2699 1882 2771 pepuli
1928 2698 2113 2755 Eccle-

541 2799 770 2852 siarum.
809 2795 923 2850 lloc
951 2796 1116 2850 etiam
1151 2793 1495 2864 frequentius
1524 2793 1893 2863 postulamus,
1932 2798 1993 2845 ut
2032 2791 2115 2845 ni-

543 2889 620 2942 hil
652 2889 970 2952 innuvctur,
1001 2886 1135 2940 nihil
1163 2886 1485 2957 minuatur;
1518 2883 1614 2939 sed
1649 2891 1910 2938 maneant
1941 2882 2116 2937 incor-

542 2989 727 3050 rupta,
786 2992 906 3047 quae
935 2978 1108 3048 patris
1156 2985 1358 3032 sancta:
1391 2975 1610 3045 pietatis
1641 2983 1748 3029 tuae
1774 2974 2114 3042 temporibus

2226 685 2402 757 έδριον
2428 684 2528 756 τῆς
2556 686 2777 740 συνόδου
2823 691 3215 759 συνεκροτεῖτο,
3265 690 3491 743 κάκεῖνοι
3509 691 3589 762 τῆς
3615 696 3720 761 ιδίας

2223 777 2438 848 ἀπάτης
2464 776 2732 849 ἐγύμνουν
2746 779 2844 850 τὴν
2872 779 3062 851 σκέψιν
3076 797 3090 811 θ
3119 780 3412 854 ἐπειρῶντο
3431 781 3526 853 γὰρ
3540 800 3717 856 πανουρ-

2223 869 2319 941 γία
2357 870 2463 923 τινὶ
2491 870 2584 923 καὶ
2634 873 2845 943 ταραχῇ
2873 872 3272 944 προσφέροντές
3326 889 3376 927 τι
3422 880 3721 946 καινοτομεῖν,

2221 961 2323 1031 τῆς
2343 961 2598 1034 τοιαύτης
2619 964 2704 1015 ἐτε
2714 963 2861 1032 ρείας
2876 965 3001 1028 τοὺς
3026 966 3496 1037 συναλισκομένους
3507 972 3720 1043 εὑρόντες,

2222 1051 2544 1123 Γερμήνιον,
2580 1052 2887 1119 Ᾱύξέντιον,
2917 1056 3012 1108 καὶ
3064 1057 3220 1110 Γάϊον
3240 1073 3255 1089 °
3278 1060 3398 1123 τοὺς
3425 1060 3510 1132 τὴν
3534 1063 3629 1136 ἔριν
3654 1068 3726 1121 καὶ

2220 1144 2567 1215 διχοστασίαν
2610 1146 2990 1215 ἐμποιοῦντας.
3020 1142 3124 1202 Ὧν
3170 1148 3203 1221 ὴ
3234 1148 3529 1208 διδασκαλία
3568 1157 3629 1228 μη
3657 1161 3727 1230 μέ.

2220 1250 2408 1299 νουσα,
2458 1236 2564 1289 πᾶν
2608 1235 2812 1306 πλῆθος
2860 1236 3220 1309 βλασφημιῶν
3270 1242 3638 1315 ὑπερϐέϐηκεν
3671 1250 3728 1312 ὡς

2218 1323 2276 1377 δέ
2345 1323 2601 1389 συνεῖδον,
2659 1328 2779 1398 οὐχὶ
2825 1328 2924 1398 τῆς
2953 1330 3123 1401 αὐτῆς
3159 1331 3422 1403 αἱρέσεως
3460 1336 3616 1401 ὄντας,
3645 1339 3730 1393 οὗθ’

2218 1415 2733 1485 ὁμογνωμονοῦντας
2781 1418 2870 1487 ἐφ’
2927 1412 3006 1482 οἷς
3068 1420 3254 1484 κακῶς
3302 1422 3563 1495 ἐφρόνουν,
3599 1429 3662 1491 είς
3685 1429 3732 1483 τδ

2221 1505 2547 1576 συμϐούλιον
2569 1507 2728 1577 ἡμῶν
2749 1510 3059 1580 μετήγαγον
3085 1512 3335 1577 ἑαυτοὺς,
3363 1514 3435 1578 ὡς
3459 1516 3615 1571 δοκεῖν
3643 1520 3735 1573 ἓτε-

2223 1596 2313 1669 ρόν
2365 1614 2419 1650 τι
2458 1600 2719 1669 γράφειν.
2744 1595 2851 1654 Ἦν
2889 1600 2946 1654 δὲ
3002 1601 3029 1654 ὁ
3052 1602 3240 1674 καιρὸς
3269 1603 3486 1675 βραχὺς,
3516 1609 3542 1660 ὁ
3562 1611 3639 1662 καὶ
3659 1612 3733 1675 τὰς

2218 1688 2442 1762 γνώμας
2465 1691 2644 1745 αὐτῶν
2673 1690 2993 1764 ἐξελέγχων.
3024 1694 3124 1748 ”Ιν’
3143 1691 3234 1750 οὖν
3270 1697 3346 1768 μὴ
3373 1702 3479 1763 τοῖς
3511 1701 3668 1765 αὐτοῖς
3686 1705 3739 1756 τὰ

2218 1783 2316 1852 τῆς
2367 1782 2690 1855 Ἑκκλησίας
2717 1785 3047 1857 περιπίπτῃ,
3080 1787 3172 1841 καὶ
3202 1789 3414 1860 ταραχὴ
3443 1791 3528 1843 καὶ
3554 1791 3738 1863 θόρυϐος

2218 1873 2630 1945 κυλινδούμενος
2673 1873 2919 1940 ἅπαντας
2976 1878 3196 1953 συνέχῃ,
3251 1868 3465 1950 βέϐαιον
3512 1883 3661 1955 ἐφάνη
3690 1887 3742 1938 τὰ

2218 1964 2384 2019 πάλαι
2415 1965 2691 2037 ὡρισμένα
2724 1967 2821 2022 καὶ
2867 1969 3247 2042 ἀμετακίνητα
3292 1971 3566 2040 φυλάττειν
3589 1992 3602 2008 ’
3645 1976 3742 2038 τοὺς

2216 2055 2272 2108 δέ
2301 2057 2733 2128 προειρημένους
2759 2059 2859 2129 τῆς
2887 2059 3165 2131 ἡμετέρας
3200 2062 3485 2128 κοινωνίας
3511 2065 3746 2134 ἀποκεχω-

2220 2147 2431 2217 ρίσθαι·
2495 2147 2562 2200 δι’
2607 2147 2673 2218 ἣν
2700 2148 2879 2204 αἰτίαν
2918 2150 3043 2215 τοὺς
3078 2151 3491 2217 ἀναδιδάξοντας
3532 2154 3746 2226 πρέσϐεις

2216 2237 2353 2310 πρὸς
2376 2237 2472 2309 τὴν
2507 2238 2605 2309 σὴν
2637 2239 2940 2293 ἐπιείκειαν
2970 2241 3428 2314 ἀπεστάλκαμεν,
3454 2243 3548 2314 τὴν
3565 2244 3750 2315 γνώμην

2215 2330 2308 2384 τοῦ
2339 2330 2612 2401 συνεδρίου
2673 2329 2763 2384 διά
2821 2330 2920 2402 τῆς
2952 2331 3244 2406 ἐπιστολῆς
3283 2334 3625 2406 μηνύσοντας.
3652 2335 3751 2397 Τοῖς

2215 2420 2272 2474 δὲ
2302 2421 2562 2492 πρέσϐεσι
2592 2421 2697 2492 πρό
2725 2438 2790 2491 γε
2817 2423 3035 2477 πάντων
3064 2423 3224 2478 τοῦτο
3243 2424 3752 2496 παρεκελευσάμεθα.

2217 2508 2277 2563 τὸ
2320 2510 2418 2581 τὴν
2443 2510 2702 2581 ἀλήθειαν
2726 2511 3101 2567 πιστώσασθαι
3140 2516 3204 2568 ἐκ
3232 2517 3344 2570 τῶν
3366 2517 3528 2571 πάλαι
3551 2517 3752 2587 ἀρχαίων

2214 2600 2435 2665 δικαίως
2479 2600 2798 2674 ὡρισμένων
2825 2619 2839 2635 ο
2897 2604 2947 2656 οἳ
2979 2606 3074 2658 καὶ
3121 2605 3221 2675 τὴν
3252 2608 3355 2679 σὴν
3401 2607 3757 2673 ἅναδιδάξουσιν

2214 2693 2486 2765 ὁσιότητα,
2542 2694 2625 2747 ὅτι
2676 2695 2776 2766 οὐχ
2835 2694 3023 2768 ὥσπερ
3074 2696 3290 2768 ἔφησαν
3353 2701 3646 2771 Οὖρσάκιος
3684 2702 3758 2753 καὶ

2217 2784 2447 2856 Οὐάλης,
2479 2784 2631 2839 ἔσται
2658 2787 2874 2858 εἰρήνη,
2907 2789 3064 2860 εἴπερ
3085 2809 3141 2845 τι
3176 2790 3288 2845 τῶν
3314 2791 3537 2847 δικαίων
3563 2794 3761 2865 ἀνατρα-

2216 2876 2366 2948 πείη.
2402 2875 2525 2940 Πῶς
2545 2877 2651 2949 γὰρ
2698 2878 2922 2949 εἰρήνην
2953 2878 3062 2934 οἷόν
3092 2898 3152 2934 τε
3177 2883 3362 2951 ἄγειν,
3386 2882 3513 2948 τοὺς
3535 2883 3624 2956 τὴν
3648 2885 3763 2955 εἰρή-

2216 2954 2313 3037 νην
2345 2968 2745 3036 καταλύοντας;
2780 2969 2979 3040 μᾶλλον
3009 2972 3117 3044 γάρ
3166 2973 3288 3046 ἔρις
3340 2976 3438 3029 καὶ
3482 2954 3765 3049 ταραχὴνέκ

2215 3058 2418 3112 τούτων
2439 3059 2536 3113 σὺν
2556 3060 2676 3123 ταῖς
2702 3059 2917 3126 λοιπαῖς
2940 3063 3147 3127 πόλεσι,
3173 3066 3274 3119 καὶ
3299 3070 3368 3138 τῇ
3390 3067 3498 3121 τῶν
3511 3066 3763 3136 Ῥωμαίων

2228 3150 2524 3221 Ἐκκλησία
2581 3153 2889 3222 γενήσεται.
2942 3155 3034 3207 Διδ
3085 3155 3150 3226 δὴ
3205 3157 3528 3229 ἱκετεύομεν
3573 3157 3662 3229 τὴν
3692 3155 3767 3226 σὴν

537 3080 593 3126 et
628 3071 740 3124 tuis
783 3068 1056 3137 religiosis
1098 3068 1318 3122 saeculis
1363 3073 1809 3137 permanserunt.
1856 3065 1966 3121 Nec
1999 3064 2114 3135 jam

540 3179 640 3219 nos
695 3162 937 3236 fatigari,
976 3167 1070 3214 aut
1115 3159 1353 3214 convelli
1383 3164 1438 3211 ‘a
1492 3157 1717 3213 sedibus
1768 3157 1972 3212 nostris
2019 3166 2114 3211 tua

541 3265 733 3309 sancta
764 3253 1054 3324 prudentia
1099 3252 1413 3321 permittat:
1450 3249 1544 3304 sed
1580 3248 1750 3319 quieti
1784 3264 1907 3303 cum
1941 3263 2115 3318 popu-

2217 3242 2535 3308 ἐπιείκειαν,
2589 3243 2677 3298 ἴνα
2718 3245 3044 3315 προσηνέσιν
3089 3248 3308 3314 ἀκοαῖς,
3359 3251 3457 3305 καὶ
3508 3249 3769 3321 γαληνιαίῳ

538 3346 606 3402 lis
653 3347 768 3401 suis
838 3344 1087 3413 episcopi
1139 3348 1335 3397 vacent
1390 3355 1606 3411 semper
1651 3339 2115 3409 postulationibus

2217 3331 2507 3402 βλέμματι,
2540 3331 2663 3394 τοὺς
2700 3332 3003 3404 ἡμετέρους
3032 3336 3300 3405 πρέσϐεις
3327 3338 3640 3411 ἀθρήσειας·
3665 3337 3770 3408 μηδὲ

537 3445 677 3501 quas
696 3429 896 3485 habent
920 3443 1021 3497 pro
1045 3426 1218 3481 salute
1242 3436 1358 3491 tua,
1386 3431 1443 3479 et
1470 3439 1572 3494 pro
1603 3438 1769 3493 regno
1795 3430 1909 3488 tuo,
1933 3432 1985 3477 et
2016 3437 2113 3493 pro

2217 3423 2348 3493 πρὸς
2362 3422 2427 3475 ὒϐ
2434 3439 2515 3493 ριν
2526 3423 2634 3477 τῶν
2645 3424 3124 3496 τετελευτηκότων,
3144 3433 3336 3485 καινόν
3351 3449 3404 3485 τι
3434 3431 3775 3502 μεταλλάττειν

539 3537 675 3593 pace
698 3536 862 3591 quam
899 3519 997 3574 tibi
1040 3517 1312 3572 Divinitas
1348 3529 1448 3584 pro
1493 3514 1707 3569 meritis
1736 3513 1845 3568 tuis
1887 3513 2115 3583 prolun~

2217 3514 2564 3585 ἐπιτρέψειας
2595 3529 2610 3543 ⁸
2641 3515 2778 3569 ἀλλὰ
2809 3516 2990 3582 ἐάσεις
3022 3520 3288 3590 ἐμμένειν
3330 3525 3486 3595 ἡμᾶς
3521 3527 3627 3588 τοῖς
3651 3519 3777 3593 παρᾶ

539 3615 666 3667 dam
718 3627 783 3667 ac
822 3617 1142 3682 perpetuam
1178 3607 1466 3678 largiatur.
1496 3604 1683 3675 Legati
1724 3614 1904 3658 autem
1941 3604 2115 3657 nostri

2217 3606 2323 3659 τῶν
2355 3606 2636 3678 προγόνων
2685 3606 2949 3678 ὁρισθεῖσί
2995 3627 3054 3663 τε
3104 3612 3200 3664 καὶ
3248 3616 3775 3687 νενομοθετημένοιξ·

539 3713 593 3759 et
622 3703 1057 3774 subscriptiones
1090 3708 1144 3755 et
1173 3699 1395 3754 nomina
1427 3697 1811 3767 episcoporum
1849 3697 1932 3749 vel
1969 3696 2115 3764 lega-

2218 3694 2313 3758 οὓς
2371 3697 2583 3750 ἅπαντα
2624 3699 2763 3769 μετά
2789 3702 3069 3771 ἀγχινοίας
3109 3722 3169 3758 τε
3199 3707 3305 3760 καὶ
3352 3710 3680 3780 φρονήσεως,
3704 3705 3778 3759 καὶ

539 3807 721 3852 torum
741 3795 1016 3866 perferent
1037 3812 1052 3860 ;
1076 3794 1221 3849 sicut
1240 3792 1403 3847 iidem
1429 3791 1533 3844 alia
1553 3789 1822 3858 scriptura
1844 3787 2115 3843 instruent

2220 3787 2535 3859 Πνεύματος
2574 3790 2731 3857 ἁγίου
2784 3795 3141 3865 πεποιηκέναι
3165 3799 3465 3871 φήσαιμεν
3489 3801 3572 3855 ἄν.
3602 3800 3674 3853 Τὰ
3695 3797 3780 3867 γὰρ

541 3896 691 3943 tuam
718 3895 966 3944 sanctam
1000 3886 1425 3956 religiosamque
1458 3878 1831 3950 prudentiam.

2220 3878 2314 3932 νῦν
2342 3882 2470 3951 παρτ
2496 3882 2720 3935 ἐκείνων
2743 3886 3229 3956 καινοτομούμενα,
3254 3895 3379 3955 τοῖς
3410 3892 3510 3963 μὲν
3536 3889 3778 3944 πιστεύω·

540 4000 647 4050 σιν,
694 3980 951 4036 ἀπιστίαν
980 3980 1210 4034 ἐνεποίει
1237 3994 1252 4010 ’
1278 3980 1391 4039 τοῖς
1422 3975 1479 4029 δὲ
1532 3974 1607 4045 μὴ
1637 3971 2002 4039 πιστεύουσιν,
2042 3972 2300 4044 ὠμότητα
2335 3972 2437 4046 (8).
2481 3973 2819 4048 Ἰκετεύομεν
2842 3979 2897 4032 δὲ
2922 3981 3023 4044 ἔτι,
3081 3981 3166 4035 ἵνα
3189 3982 3474 4056 κελεύσῃς
3511 3987 3633 4048 τοὺς
3692 3985 3784 4035 em.

537 4076 773 4138 σκόπονς
828 4075 954 4137 τοὺς
1009 4074 1066 4126 ἐν
1116 4069 1445 4131 ἀλλοδαπαῖς
1476 4064 1871 4138 διατρίϐοντας,
1902 4064 1994 4127 οὓς
2020 4064 2114 4117 καὶ
2150 4063 2211 4116 τὸ
2258 4064 2354 4134 τῆς
2398 4065 2612 4134 ἡλικίας
2654 4068 2927 4131 ἐπίπονον,
2969 4070 3062 4125 καὶ
3108 4072 3168 4125 τι
3202 4075 3310 4145 τῆς
3387 4076 3581 4140 πενίας
3638 4073 3781 4132 ἐνῖεὲς

534 4167 743 4240 τρύχει,
779 4166 875 4239 τὴν
909 4169 986 4230 είς
1017 4164 1096 4218 τάλ
1126 4166 1300 4218 οἰκεῖα
1338 4161 1668 4233 ἀνακομιδὴν
1720 4160 1908 4232 ῥᾳδίαν
1949 4160 2310 4231 ποιήσασθαι·
2370 4160 2455 4212 ἵνα
2496 4161 2569 4233 μὴ
2626 4161 2842 4234 ἔρημοι,
2879 4166 2986 4220 τῶν
3029 4167 3356 4222 ἐπισκόπων
3398 4168 3782 4242 ἀφωρισμένων,

536 4263 591 4315 αἱ
637 4260 954 4332 Ἐκκλησίαι
983 4259 1328 4330 διαμένωσιν.
1390 4257 1511 4312 Ἔτι
1542 4256 1599 4310 δὲ
1652 4257 1789 4325 πρὸς
1829 4254 2000 4307 ἀπασι
2037 4255 2131 4306 καὶ
2171 4253 2328 4307 τοῦτο
2379 4253 2628 4325 δεόμεθα,
2688 4256 2773 4309 ἵνα
2811 4257 2972 4328 μηδὲν
3006 4260 3144 4329 μήτε
3203 4260 3447 4333 ἐλλείπῃ
3516 4261 3620 4315 τῶν
3681 4273 3783 4330 προ·

539 4352 918 4424 ὒπαρξάντων,
959 4354 1095 4423 μήτε
1144 4351 1414 4425 πλεονάςῃ
1442 4369 1456 4384 ⁸
1512 4352 1647 4407 ἀλλὰ
1692 4354 1867 4407 πάντα
1901 4352 2155 4423 ἄρρηκτα
2225 4351 2474 4424 διαμένῃ,
2526 4355 2588 4407 ἐκ
2643 4355 2743 4424 τῆς
2789 4356 2883 4409 τοῦ
2910 4356 3003 4410 σοῦ
3050 4359 3260 4427 πατρὸς
3307 4362 3604 4426 εὐσεϐείας
3627 4362 3696 4423 είς
3719 4358 3786 4409 ὠν

535 4439 632 4495 νῦν
684 4440 872 4512 χρόνον
933 4442 1436 4514 διαφυλαττόμεναο
1503 4447 1638 4517 μήτε
1692 4443 1876 4498 λοιπὸν
1930 4445 2077 4514 ἡμᾶς
2118 4443 2354 4513 μοχθεῖν,
2407 4444 2647 4499 καὶτῶν
2699 4446 2843 4499 ἰδίων
2883 4428 3274 4519 παροικήσεων
3319 4452 3640 4523 ἀλλοτρίους
3689 4450 3785 4500 ἐπιο

535 4529 797 4601 τρέψειας
825 4531 1113 4600 γενέσθαι·
1143 4533 1258 4587 ἀλλ’
1298 4536 1384 4589 ἵνα
1410 4538 1457 4590 οί
1481 4537 1770 4591 ἐπίσκοποι
1795 4538 1888 4591 σὺν
1928 4535 2004 4606 τῷ
2063 4534 2176 4603 ἰδίῳ
2213 4534 2325 4605 λαῷ
2356 4535 2474 4605 μετ’
2514 4537 2734 4609 εἰρήνης
2761 4540 2840 4602 είς
2868 4539 3101 4610 εὐωχίας
3119 4558 3178 4594 τε
3214 4543 3323 4596 καὶ
3344 4544 3608 4615 λατρείας
3629 4538 3789 4610 σχολὴν

538 4622 741 4693 ἄγοιεν,
782 4623 1115 4687 ἱκετεύοντες
1153 4626 1293 4696 ὑπὲρ
1317 4627 1416 4698 τῆς
1455 4628 1551 4697 σῆς
1590 4629 1862 4700 σωτηρίας
1897 4628 1991 4681 καὶ
2059 4626 2336 4696 βασιλείας
2383 4627 2477 4680 καὶ
2516 4628 2757 4699 εἰρήνης,
2795 4629 2860 4700 ἢν
2886 4631 2937 4699 λή
2968 4630 3178 4701 Θεὸτης
3226 4649 3321 4686 σοι
3353 4634 3440 4697 είς
3483 4633 3546 4685 τὸ
3582 4627 3786 4700 διηνεκὲς

538 4718 827 4786 χαριεῖται.
861 4716 923 4766 Οί
958 4715 1013 4767 δὲ
1051 4713 1309 4785 ἡμέτεροι
1358 4717 1616 4788 πρέσϐεις
1644 4718 1741 4781 τάς
1781 4736 1840 4771 τε
1876 4716 2221 4787 ὑπογραφάς,
2251 4716 2465 4780 καὶτὰς
2520 4718 2628 4771 τῶν
2678 4720 2993 4775 ἐπισκόπων
3052 4724 3451 4795 προσηγορίας
3492 4723 3788 4796 κομίζουσιν·

537 4806 733 4870 οἵτινες
767 4806 860 4860 καὶ
892 4804 959 4870 ἐξ
988 4805 1166 4859 αὐτῶν
1188 4806 1295 4859 τῶν
1332 4806 1489 4860 θείων
1516 4811 1859 4879 γραμμάτων
1893 4808 1989 4879 τὴν
2018 4807 2114 4879 σὴν
2153 4806 2525 4873 ἀναδιδάξουσι
2555 4806 2824 4882 θειότητα.

1165 4898 1315 4954 CAP.
1364 4900 1501 4955 XIX.

2819 4908 3071 4961 ΚΕΦΛΛ.
3117 4906 3222 4963 ΙΘ’.

541 4988 619 5044 De
670 4989 854 5067 legatis
904 4991 1145 5067 concilii,
1188 5002 1238 5046 et
1282 4993 1355 5067 de'
1378 4995 1716 5064 imperatoris
1755 4996 2020 5066 epistola:
2059 5004 2112 5067 et

2217 4991 2353 5067 Περὶ
2397 4993 2516 5067 τῶν⁴
2575 4997 2883 5064 πρέσϐεων
2933 4997 3039 5067 τῆς
3084 5000 3401 5067 συνόδου,
3447 4999 3681 5067 καὶτῆς
3708 4993 3790 5067 τοῦ

610 5061 867 5141 quomodo
904 5063 1129 5141 episcopi
1181 5064 1422 5141 tandem“
1441 5061 1815 5141 consenserunt
1868 5065 2112 5135 formula:

2278 5063 2583 5141 ,ϐασιλέως
2613 5061 2963 5141 ἐπιστολῆς,
2989 5061 3087 5141 καί
3120 5068 3294 5135 ὅπως
3335 5061 3396 5126 οἱ
3429 5072 3569 5139 περὶ
3596 5061 3792 5141 ϐ’ἰγ.σά;

610 5129 692 5211 iiii
732 5147 855 5211 lquw
899 5129 963 5211 a_b
998 5131 1237 5211 .Ursacio
1274 5143 1330 5211 et
1383 5134 1602 5211 Vajeitte
1642 5129 2111 5211 prolata'fuerat;

2283 5148 2418 5186 κίον
2456 5129 2572 5187 καί
2627 5129 2959 5211 ρύἀνῖεγτᾶ,
3003 5129 3283 5211 ὕστερονῖ
3330 5129 3694 5211 avni-rme
3737 5131 3793 5211 ξεῖ

612 5199 772 5281 etde
823 5202 1121 5281 antistitum
1177 5204 1381 5281 exsilio.
1438 5208 1575 5259 Item
1621 5199 1685 5258 de
1726 5199 1927 5281 synodo
1970 5206 2113 5281 apud

2284 5207 2783 5281 qpoxoitwoal‘o'n
2817 5207 3111 5281 ἐπιστολῇ
3147 5199 3184 5281 Ἀ
3207 5212 3321 5281 καὶ
3384 5199 3530 5279 περὶ
3571 5210 3674 5278 τῆς
3704 5199 3795 5259 τῶν

614 5268 784 5349 ﬁlicem
825 5271 969 5338 facta
996 5310 1011 5337 ,
1049 5280 1097 5326 et
1133 5288 1264 5342 quas
1300 5268 1361 5327 ob
1395 5291 1584 5330 causas
1618 5268 1848 5346 synodus
1887 5268 2114 5330 Arimini

2281 5268 2602 5349 ἀρχιερἐωκ
2621 5268 2886 5349 ἐξορίᾳς·
2925 5279 3022 5331 καὶ
3058 5268 3187 5345 ἐερί
3225 5280 3357 5349 τῆς
3391 5268 3481 5335 ἐν’
3508 5268 3795 5349 Νίκῇσυν·

611 5339 820 5395 detenta
843 5351 939 5394 est.
1146 5339 1155 5342 ⁷
1646 5339 1667 5346 ⁷

2281 5339 2466 5423 ὀδὸηξ
2508 5346 2617 5423 καὶ·
2660 5339 2735 5423 διξ
2780 5339 2860 5415 ἢκ
2900 5348 3099 5403 αἰτίαν
3213 5339 3651 5423 ἐν”Ἁριμήνῷ
3674 5362 3794 5403 συν·

2282 5414 2505 5481 εσχέθη
2541 5414 2823 5483 σύνοδος.

2286 5503 2422 5557 Τάδε
2459 5507 2556 5575 μὲν
2586 5508 2693 5560 τῶν
2728 5511 2786 5560 ἐν
2832 5509 3095 5581 Ἀριμίνῳ
3130 5512 3531 5569 συνελθόντων
3562 5514 3631 5567 τὰ
3652 5509 3800 5581 γράμ·

2217 5610 2380 5663 ματα.
2409 5597 2470 5650 Οί
2491 5598 2546 5650 δὲ
2566 5601 2689 5670 περ)⁵
2715 5602 3022 5671 Οὐρσάκιον
3048 5602 3142 5656 καὶ
3157 5604 3498 5672 Οὐάλεντα,
3533 5606 3799 5678 φθάσαντες

612 5494 679 5549 Ει
708 5494 820 5550 haec
857 5493 1072 5564 quidem
1096 5492 1316 5565 ’scripta
1352 5504 1480 5550 sunt
1509 5497 1577 5550 ab
1606 5497 1939 5551 Ariminensn
1974 5513 2107 5552 con-

539 5586 687 5641 cilio.
725 5587 986 5643 Ursacius
1029 5599 1209 5641 autem
1258 5598 1310 5642 et
1360 5586 1558 5642 Valens
1588 5627 1602 5652 ,
1652 5606 1775 5642 eum
1829 5591 2032 5659 legatos
2077 5606 2107 5645 α

1730 5741 1972 5801 .ALESII
2008 5743 2561 5807 ANNOTATIONES.

612 5830 687 5899 (8)
716 5831 859 5923 ’Τοῖς
888 5831 1058 5901 δὲμὴ
1086 5834 1483 5923 πιστεύουσιν·
1509 5833 1799 5903 ὡμότητα.
1833 5837 1888 5891 In
1923 5836 2111 5893 codice

2219 5840 2458 5902 iketiano
2490 5848 2758 5919 scriptum
2802 5861 2910 5917 est,
2965 5855 3075 5918 τοῖς
3132 5852 3190 5907 δὲ
3245 5856 3632 5915 ἀπιστοῦσιν·
3685 5845 3802 5923 apud

544 5899 820 5955 Socratem
850 5899 997 5969 vero,
1032 5906 1142 5967 τοῖς
1177 5903 1232 5956 δέ
1264 5899 1643 5973 ἀπιστήσασιν.

3936 5244 3944 5275 1
