4056 6326
258 5530 285 5543 ο

316 365 458 426 (169

1289 355 1619 449 HISTORIA
1661 351 2219 411 ECCLESIASTICA.
2253 385 2323 395 ——
2358 352 2489 408 LIB.
2532 351 2619 406 IV.

3398 348 3411 362 “
3448 354 3587 411 1170

316 488 446 551 τοὺς
470 484 600 556 παρ’
627 481 805 537 αὐτῶν
855 479 1260 544 ἀποσταλέντας
1300 478 1579 551 πρέσϐεις,
1622 476 1904 561 ἐπέδειξαν

2018 476 2241 557 :oncilio
2274 475 2474 530 missos
2509 471 2897 544 prmvenissent
2920 512 2933 534 ,
2958 469 3419 541 consm‘iptioncm
3463 471 3588 527 fidei

238 572 243 575 ⁸
317 577 398 648 τῷ
430 576 645 649 βασιλεῖ
673 572 772 646 τὴν
801 572 1020 645 γραφὴν
1063 572 1129 643 ἢν
1161 571 1495 640 ἀνέγνωσαν,
1531 572 1626 625 καὶ
1646 571 1742 643 τὴν
1778 570 1904 624 σύν-

319 671 438 724 οδον
494 665 760 720 διέϐαλον.
814 665 872 718 'O
904 664 982 728 δὲ,
1005 663 1268 733 λυπηθεὶς
1307 662 1435 725 ἴσως
1485 663 1567 715 ὅτι
1603 661 1677 732 μὴ
1704 660 1906 731 ταύτην

320 758 717 833 προσεδέξαντο
762 756 861 829 τὴν
923 756 1127 817 πίστιν.
1188 755 1265 819 ὡς
1311 755 1405 808 καὶ
1434 752 1601 808 αὑτοῦ
1641 752 1908 824 παρόντος

322 857 383 906 ἐν
410 850 625 922 Σιρμίῳ
671 847 1079 920 βεϐαιωθεῖσαν,
1107 847 1229 911 τοὺς
1259 844 1359 918 μὲν
1386 849 1442 901 ὲν
1464 848 1600 923 τιμῇ
1631 839 1767 915 εἶχε·
1797 843 1908 897 τῶν

321 943 378 997 δὲ
415 941 698 1013 πρέσϐεων
723 940 936 1012 ἠμέλει,
962 940 1057 994 καὶ
1073 942 1137 1011 τῇ
1167 937 1465 1010 προσεδρίᾳ
1496 934 1905 1009 ταλαιπωρούν-

321 1046 433 1083 των
481 1027 792 1101 ὑπερεώρα.
850 1029 978 1099 Ὀψὲ
1021 1028 1078 1083 δέ
1117 1044 1248 1081 ποτε
1295 1026 1503 1098 ἔγραψε
1552 1029 1626 1098 τῇ
1678 1026 1906 1097 συνόδῳ,

324 1118 760 1191 παραιτούμενος
813 1119 889 1184 ὡς
947 1118 1220 1189 ἀναγκαία
1276 1136 1359 1183 τις
1417 1117 1579 1173 αὐτὸν
1614 1118 1906 1189 ἧπειγενή

325 1211 462 1281 πρὸς
488 1211 615 1272 τοὺς
652 1209 963 1282 βαρϐάρους
988 1209 1125 1274 ὁδὸς,
1160 1209 1254 1263 καί
1288 1210 1376 1264 διά
1401 1209 1560 1263 τοῦτο
1588 1209 1717 1272 τοὺς
1768 1209 1906 1280 πρέ-

325 1294 478 1359 σϐεις
535 1294 661 1349 ίδεῖν
716 1297 777 1348 ού
816 1295 1059 1365 δύνηται.
1099 1294 1382 1347 Ἐκέλευσε
1430 1295 1487 1348 δὲ
1518 1296 1574 1347 ἐν
1620 1287 1947 1369 Ἀδριανοῦ*

326 1386 481 1441 πόλει
533 1387 826 1441 ἐπανιόντα
874 1386 1034 1440 αὑτὸν
1085 1387 1403 1457 ἐπιμεῖναιθ
1438 1386 1518 1439 .ἱ’ν’
1570 1386 1790 1440 ὲπειδάν
1842 1386 1911 1440 τὰ

324 1478 482 1533 κοινά
543 1478 843 1549 πράγματα
903 1476 1173 1549 διατεθείη
1224 1477 1439 1544 καλῶς,
1494 1477 1778 1549 ἐλεύθερος
1834 1478 1910 1535 ὣν

326 1573 644 1643 φροντίδων,
664 1572 732 1624 τὰ
767 1571 895 1644 περὶ
923 1571 1030 1625 τῶν
1082 1571 1367 1641 πρέσϐεων
1400 1571 1613 1646 ἀκούσῃ
1657 1573 1751 1625 καὶ
1776 1572 1912 1628 δοκι-

329 1664 499 1734 μάσῃ.
553 1663 860 1735 Προσήκειν
894 1661 1002 1734 γὰρ
1040 1662 1130 1717 τὸν
1170 1664 1299 1736 περὶ
1327 1662 1435 1717 τῶν
1476 1663 1634 1716 θείων
1679 1662 1910 1735 διαλαμ-

324 1756 509 1809 ϐάνειν
543 1754 823 1826 μέλλοντα,
869 1752 1119 1824 καθαρὰν
1154 1752 1297 1822 ἔχειν
1341 1754 1451 1807 τῶν
1479 1752 1654 1809 ἄλλων
1681 1752 1779 1824 τὴν
1803 1753 1907 1823 ψυ-

326 1849 446 1917 χήν.
494 1820 605 1900 καὶ
656 1846 685 1898 ὁ
733 1846 831 1917 μὲν
880 1820 1055 1898 τοιάδε
1106 1820 1332 1916 ἔγραψε.
1371 1845 1514 1917 Πρὺς
1570 1820 1747 1899 ταῦτα
1784 1820 1839 1898 δέ
1874 1847 1906 1917 ή
1942 1820 1985 1878 Β

329 1938 544 2003 σύνοδος
583 1928 968 2006 ἀντεδήλωσεν,
1000 1934 1383 2008 ίσχυριζομένη
1413 1936 1675 2007 μηδαμῶς
1697 1937 1910 2007 ἀναχω-

331 2035 444 2103 ρεῖν
498 2031 605 2084 τῶν
663 2031 1018 2101 δεδογμένων,
1069 2029 1162 2082 καὶ
1207 2028 1364 2081 τοῦτο
1390 2028 1619 2100 γράψαι,
1669 2029 1910 2092 καὶτοῖς

328 2121 624 2193 πρέσϐεσιν
690 2120 1050 2175 ἐντείλασθαι.
1085 2120 1196 2173 Καὶ
1244 2118 1510 2172 ἀντιϐολεῖ
1551 2120 1666 2190 μετ’
1699 2118 1911 2183 εὐνοίας

328 2217 527 2279 αὐτοὺς
557 2215 705 2279 ἰδεῖν,
744 2216 839 2270 καὶ
869 2208 944 2270 ὧν
973 2214 1277 2268 ἐνετείλατο
1297 2212 1362 2266 δι’
1385 2212 1562 2265 αὐτῶν
1584 2213 1910 2285 ἐπακοῦσαι,

329 2306 422 2359 καὶ
455 2292 524 2357 τὰ
553 2304 835 2376 γραφέντα
868 2304 1194 2373 ἀναγνῶναι.
1224 2302 1470 2375 Χαλεπὸν
1497 2301 1605 2372 γὰρ
1635 2303 1727 2356 καὶ
1764 2301 1912 2373 αὐτῷ

331 2395 638 2466 φανεῖσθαι,
702 2396 968 2460 τοσαύτας
1008 2394 1329 2467 Ἐκκλησίας
1388 2390 1553 2466 χωρὶς
1599 2396 1914 2449 ἐπισκόπων

329 2485 471 2542 εἶναι
502 2490 559 2542 ὲν
579 2489 754 2561 καιρῷ
776 2489 873 2558 τῆς
895 2488 1058 2543 αὑτοῦ
1092 2487 1389 2558 βασιλείας.
1421 2489 1632 2559 Χρῆναι
1661 2488 1737 2551 δὲ,
1756 2489 1804 2540 εί
1822 2489 1912 2541 καὶ⁹

328 2577 481 2648 αὐτῷ
513 2577 777 2658 συνδοκεῖ,
819 2580 899 2641 εἰς
950 2577 1048 2642 τὰς
1097 2578 1277 2631 αὐτῶν
1323 2575 1624 2647 ἐκκλησίας
1667 2576 1771 2647 πρὸ
1817 2576 1910 2631 τοῦ

330 2672 597 2745 χειμῶνος
646 2672 979 2726 ἐπανελθεῖν.
1034 2670 1271 2725 Τοιαῦτα
1329 2670 1660 2742 γράψαντες,
1695 2669 1791 2723 καὶ
1837 2669 1913 2732 ὡς

232 2792 233 2795 η
331 2761 480 2823 εἰκὸς
503 2756 592 2832 ἦν,
625 2762 683 2813 ὲν
709 2760 915 2824 ἱκεσίας
949 2761 1099 2827 τάξει
1128 2762 1221 2814 καὶ
1247 2761 1469 2832 ὀνόματι
1498 2760 1594 2832 τὴν
1626 2760 1913 2831 ἐπιστολὴν

335 2851 714 2917 συντάξαντες,
741 2850 917 2919 ὀλίγον
943 2851 1132 2922 χρόνον
1184 2851 1500 2922 ἐπέμειναν.
1544 2852 1631 2915 Ὧς
1668 2851 1725 2905 δὲ
1762 2852 1913 2906 οὐδὲν

332 2944 518 3006 αὐτοῖς
538 2943 925 3016 ἀντεδήλωσεν,
955 2943 1049 2996 ἐπὶ
1082 2943 1179 3007 τὰς
1200 2942 1380 2995 αὐτῶν
1418 2942 1774 3015 ἀνεχώρησαν
1819 2942 1915 2995 πό-

331 3032 469 3096 λεις.
506 3034 591 3097 Ὠς
616 3035 712 3105 μὲν
750 3029 842 3089 οὖν
869 3034 929 3099 ἐξ
963 3035 1138 3106 ἀρχῆς
1160 3037 1270 3098 τοῖς
1291 3036 1348 3088 ἐν
1372 3034 1576 3105 Νικαίᾳ
1606 3034 1788 3100 δόξασι
1820 3035 1914 3088 καὶ

331 3219 407 3270 τὰ
430 3218 712 3289 εἰρημένα.
745 3218 963 3290 Ῥητέον
982 3218 1039 3271 δὲ
1073 3217 1166 3272 νῦν
1192 3219 1339 3283 ὅπως
1375 3219 1599 3289 ὕστερον
1625 3218 1919 3290 συνῄνεσαν

331 3310 403 3378 τῇ
436 3308 1085 3400 προκομισθείσῃῡγραφῇ
1124 3311 1274 3384 παρά
1316 3311 1426 3365 τῶν
1467 3311 1610 3383 ἀμφὶ
1647 3310 1922 3365 Οὐάλεντα

333 3402 435 3453 καὶ
495 3401 817 3471 Ούρσάκιον.
875 3403 1143 3477 Διάφορος
1195 3404 1249 3457 δὲ
1277 3404 1434 3472 λόγος
1468 3403 1595 3474 περὶ
1621 3403 1812 3457 τούτου
1843 3405 1923 3467 είς

336 3493 441 3563 ἐμὲ
471 3488 651 3564 ἦλθεν.
692 3496 753 3547 Οἱ
779 3493 1198 3567 μὲνςγάρφασι,
1233 3496 1503 3568 πρόφασιν
1530 3496 1738 3566 ὕϐρεως
1768 3495 1921 3566 βασι-

334 3585 437 3639 λέα
462 3587 824 3657 ποιησάμενον
847 3587 943 3656 τὴν
968 3589 1114 3659 παρὰ
1141 3586 1364 3660 γνώμην
1395 3587 1559 3643 αὐτοῦ
1586 3588 1647 3653 ἐξ
1689 3589 1923 3659 Ἀριμή-

335 3695 431 3742 νου
461 3678 569 3731 τῶν
608 3679 923 3734 ἐπισκόπων
961 3681 1292 3753 ἀποδημίαν,
1341 3681 1631 3754 ἐπιτρέψαι
1661 3664 1922 3735 Οὐάλεντί

337 3771 571 3833 καὶτοῖς
606 3770 702 3826 σὺν
738 3770 907 3843 αὐτῷ,
1007 3773 1073 3826 ἂν
1097 3772 1291 3826 θέλωσι
1322 3773 1421 3837 τὰς
1444 3773 1581 3845 πρὸς
1608 3773 1761 3827 δύσιν
1802 3774 1923 3827 Ἐκ-

337 3858 572 3929 κλησίας
595 3860 835 3926 διοικεῖν,
869 3862 962 3915 καὶ
987 3861 1084 3931 τὴν
1101 3862 1538 3931 ἀναγνωσθεῖσαν
1566 3865 1623 3916 ὲν
1647 3864 1924 3934 Ἀριμήνῳ

338 3950 528 4003 πίστιν
548 3950 813 4004 ἐκδιδόναι
834 3968 846 3981 θ
877 3951 1004 4015 τοὺς
1032 3952 1087 4004 δὲ
1126 3953 1468 4025 ὑπογράφειν
1505 3952 1678 4025 ταύτῃ
1726 3971 1926 4026 παραι-

335 4042 637 4113 τουμένους
681 4044 965 4098 ἐκϐάλλειν
1004 4043 1117 4114 τῶν
1157 4044 1526 4117 Ἐκκλησιῶν·
1565 4047 1687 4101 ἀντὶ
1719 4046 1774 4099 δὲ
1802 4045 1924 4100 τού-

338 4150 473 4198 των,
503 4134 722 4205 ἐτέρους
744 4141 1091 4209 χειροτονεῖν.
1138 4138 1347 4202 Ἀδείας
1388 4139 1445 4192 δὲ
1484 4137 1732 4193 ἐντεῦθεν
1763 4139 1925 4192 λαϐο-

343 4229 563 4298 μένους,
592 4226 883 4297 βιάσασθαι
910 4230 1080 4300 ταύτῃ
1116 4231 1179 4300 τῇ
1208 4228 1388 4282 πίστει
1420 4228 1762 4300 ὑπογράψαιο
1792 4228 1922 4281 πολ-

337 4317 473 4381 λοὺς
496 4318 555 4371 δὲ
593 4320 668 4390 μὴ
701 4320 1055 4392 πειθομένους
1084 4320 1271 4385 διῶξαι
1289 4321 1395 4374 τῶν
1437 4318 1798 4391 Ἐκκλησιῶν,
1833 4321 1926 4373 καὶ

340 4411 563 4481 πρῶτον
592 4412 842 4485 Λιϐέριον
877 4412 952 4485 (9)
979 4413 1070 4467 τὸν
1119 4413 1407 4483 Ῥωμαίων
1440 4412 1756 4466 ἐπίσκοπον.
1776 4412 1926 4464 Ἐπεὶ

2010 581 2041 620 a
2076 581 2136 621 se
2181 564 2480 635 perfectam
2524 562 2850 631 imperatori
2906 561 3309 625 ostenderunt,
3354 571 3409 617 et
3453 577 3587 633 syn-

2010 657 2175 713 odum
2207 671 2469 713 accusare
2500 662 2804 726 coeperunt.
2833 653 3132 725 Imperator
3167 669 3296 710 vero
3337 654 3590 724 indigna-

2010 751 2157 804 tione
2188 757 2530 812 commotus,
2576 746 2741 801 obid
2778 744 3015 801 fortasse
3056 744 3204 816 quod
3248 745 3405 800 fidem
3442 746 3590 799 illam

2012 841 2296 910 suscipere
2357 845 2749 902 recusassent,
2811 853 2932 908 quae
2986 836 3172 892 Sirmii
3233 850 3419 891 coram
3468 837 3590 905 ipso

2011 931 2369 1003 comprobata
2401 930 2611 998 fuerat;
2651 929 2936 986 Ursaeium
2968 929 3187 1001 quidem
3216 927 3592 994 ae,Valentem

2010 1024 2316 1081 honorifice
2344 1025 2558 1093 excepit
2591 1042 2604 1078 :
2642 1023 2853 1095 legatos
2887 1037 3017 1077 vero
3046 1020 3327 1091 despectui
3365 1020 3592 1084 habuit,

2011 1118 2305 1173 aetametsi
2328 1116 2587 1171 diuturna
2609 1131 2762 1170 mora
2784 1114 3161 1187 fatigarentur,
3178 1114 3386 1169 nullam
3403 1128 3593 1168 eorum

2011 1223 2198 1267 curam
2245 1208 2433 1278 gessit.
2484 1205 2621 1263 Sero
2653 1211 2869 1262 tandem
2907 1205 3137 1276 scripsit
3180 1205 3248 1262 ad
3296 1202 3594 1275 synodum,

2010 1316 2287 1360 excusans
2344 1316 2403 1356 se
2471 1300 2618 1371 quod
2678 1307 2902 1370 propter
2962 1304 3244 1367 urgentem
3304 1294 3599 1365 quamdam

2015 1393 2214 1446 contra
2252 1391 2522 1447 barbaros
2562 1390 2966 1461 expeditionem
2994 1429 3011 1455 ,
3056 1388 3271 1459 legatos
3310 1386 3482 1456 ipsius
3518 1387 3600 1437 vi-

2013 1488 2140 1542 dere
2190 1485 2412 1540 minime
2462 1484 2751 1555 potuisset.
2811 1483 3080 1538 Caeterum
3125 1481 3362 1553 jussissc
3430 1493 3491 1535 se
3540 1484 3600 1532 ut

2012 1576 2173 1645 legati
2219 1575 2469 1630 reditum‘
2503 1575 2677 1657 ipsius
2728 1575 3109 1645 Adrianopoli.
3149 1580 3537 1643 exspectarent
3581 1591 3597 1625 :

2011 1680 2123 1739 quo
2179 1666 2416 1739 negotiis
2472 1666 2706 1736 publicis
2752 1667 2853 1720 rite
2890 1666 3046 1735 prius
3094 1663 3449 1725 constitutis,
3483 1662 3602 1731 ipse

2012 1762 2160 1817 curis
2198 1761 2456 1816 omnibus
2496 1761 2664 1823 liber,
2711 1758 2987 1828 negotium
3036 1759 3280 1827 ipsorum
3321 1754 3602 1808 audire-et

2012 1853 2327 1910 examinare
2361 1862 2567 1922 posset.
2600 1850 2738 1904 Eum
2773 1851 2919 1905 enim
2961 1848 3055 1919 qui
3099 1847 3168 1902 de
3204 1842 3601 1901 rebusdivinis

2012 1946 2423 2016 disceptaturas
2436 1944 2536 2010 sit,
2555 1943 2796 1997 animum
2821 1955 2860 1995 a.
2877 1935 3352 2010 reliquis‘negotiis
3365 1948 3599 1989 vacuum

2012 2036 2208 2092 aﬂ‘erre
2244 2044 2522 2105 oportere.
2566 2032 2634 2087 Et
2684 2034 2981 2102 imperator
3022 2030 3246 2101 quidem
3284 2025 3507 2096 scripsit
3544 2022 3600 2078 in

2012 2128 2159 2183 hunc
2193 2125 2435 2181 modum.
2464 2125 2718 2196 Synodus
2749 2139 2874 2180 vero
2903 2124 2987 2180 his
3011 2122 3210 2178 litteris
3235 2118 3602 2195 respondens,

2013 2225 2330 2274 constanter
2361 2217 2649 2273 allirmavit
2683 2232 2744 2273 se
2770 2216 2838 2272 ab
2865 2217 2935 2272 iis
2961 2230 3085 2286 quae
3119 2213 3340 2269 decreta
3382 2215 3601 2276 essent,

2012 2312 2240 2368 minime
2271 2312 2642 2367 discessuram
2684 2330 2697 2365 :
2737 2309 2904 2379 idque
2939 2322 2999 2364 se
3025 2307 3138 2378 jam
3184 2304 3511 2375 scripsisse,
3534 2310 3599 2357 .el

2014 2403 2208 2473 legatis
2255 2404 2371 2458 suis
2431 2402 2761 2457 mandasse-
2803 2399 3146 2469 Rogavitque
3204 2405 3263 2453 ut
3323 2410 3420 2452 eos
3468 2409 3614 2449 cum,

2013 2494 2393 2551 benevolentia
2441 2495 2686 2563 aspicere
2705 2518 2733 2557 ,η
2758 2505 3064 2561 eorumque
3088 2488 3347 2543 mandata
3378 2486 3569 2541 audire
3585 2525 3601 2549 ,

2013 2592 2071 2641 et
2122 2585 2332 2640 litteras
2377 2584 2560 2655 legere
2610 2583 2792 2639 vellet.
2837 2580 2972 2636 Nam
3028 2589 3082 2636 et
3128 2579 3304 2651 ipsius
3346 2576 3588 2650 judicio.

2014 2675 2426 2732 acerbissimam
2471 2689 2586 2729 rem
2626 2673 2780 2740 fore,
2828 2672 2873 2729 si
2907 2680 2985 2728 tot
3026 2672 3308 2736 Ecclesize,
3352 2670 3474 2740 ipso
3518 2686 3598 2724 re-

2014 2778 2216 2839 gnante
2243 2807 2259 2832 ,
2309 2767 2601 2837 episcopis.
2637 2765 2756 2822 suis
2807 2766 3198 2822 destituantur.
3253 2762 3415 2833 159
3452 2761 3605 2832 Ipsos

2015 2861 2182 2931 igitur
2216 2867 2341 2915 ante
2386 2860 2661 2923 hiemem,
2713 2858 2760 2913 si
2798 2857 2905 2927 ipsi
2952 2870 3169 2926 quoque
3207 2854 3261 2908 id
3303 2850 3604 2924 placuerit,

2015 2952 2083 3006 ad
2122 2950 2402 3011 Eeclesias
2436 2963 2566 3005 suas
2599 2948 2800 3004 reverti
2841 2954 3115 3017 oportere.
3164 2943 3290 3006 Haec
3313 2960 3441 2998 cum
3464 2941 3605 2999 scri-

2016 3044 2277 3114 psissent,
2314 3053 2368 3098 et
2403 3040 2840 3113 supplicationis.
2864 3054 3015 3095 more
3049 3037 3362 3107 modoque,
3412 3041 3471 3088 ut
3506 3048 3613 3103 par.

308 3127 385 3178 έοί
430 3127 489 3179 ὲν
538 3128 815 3198 Ἀριμήνῳ
869 3126 1210 3190 συνελθόντες
1248 3126 1604 3199 ἐψηφίσαντο,
1642 3129 1917 3199 μαρτυρεῖ

2020 3145 2182 3203 erat,
2238 3135 2527 3205 epistolam
2584 3132 3043 3197 contexuissent-,
3095 3129 3379 3199 paululum
3427 3126 3608 3180 adhuc

2024 3231 2286 3299 temporis
2322 3228 2708 3284 substiterunt.
2755 3222 2862 3280 Sed
2898 3237 3021 3278 cum
3063 3220 3201 3276 nihil
3239 3219 3375 3288 ipsis
3399 3216 3605 3273 rescri-

2000 3320 2281 3395 beretur,
2315 3320 2383 3373 ad
2433 3333 2564 3374 suas
2602 3316 2839 3387 quisque
2899 3313 3065 3368 tirbes
3105 3310 3308 3366 reversi
3345 3315 3492 3364 sunt.
3540 3305 3608 3359 Et

2023 3411 2180 3466 initio
2202 3409 2422 3481 quidem
2446 3409 2736 3479 episcopos
2760 3403 3130 3460 Ariminensis
3150 3400 3369 3458 concilii
3387 3398 3608 3454 decreta

2022 3503 2257 3559 Nicaeum
2291 3501 2485 3573 synodi
2515 3499 2922 3571 comprobasse,
2951 3511 3014 3551 ea
3041 3510 3161 3566 quae
3176 3493 3415 3549 diximus
3434 3489 3609 3544 abun-

2024 3596 2091 3652 de
2134 3602 2431 3652 testantur.
2472 3591 2591 3647 Jam
2634 3604 2765 3646 vero
2794 3586 3259 3658 quemadmodqu
3292 3582 3544 3638 formulae
3578 3594 3609 3632 a

2025 3685 2255 3743 Valente
2303 3693 2358 3739 et
2403 3681 2634 3737 Ursacio
2680 3681 2908 3751 prolata:
2951 3686 3139 3747 postea
3181 3672 3566 3730 consenserint
3591 3708 3607 3733 ,

2024 3775 2568 3833 commemorandum
2616 3779 2722 3828 est.
2778 3770 2934 3836 Quod
2983 3766 3202 3838 quidem
3242 3762 3610 3822 diversimude

2023 3870 2254 3927 relatum
2285 3866 2549 3937 comperi.
2584 3864 2691 3918 Alii
2736 3863 2884 3918 extim
2925 3861 3153 3922 dicunt,
3197 3858 3605 3927 imperatorem,

2023 3965 2408 4035 episcoporum
2442 3960 2511 4014 ab
2544 3959 2678 4013 urbe
2699 3954 3035 4010 Ariminensi
3079 3951 3385 4006 discessum
3415 3956 3610 4004 contu-

2025 4057 2201 4113 meliae
2254 4055 2375 4108 loco
2417 4051 2746 4115 ducentem,
2791 4063 2858 4103 eo
2902 4046 3045 4116 quod
3088 4045 3229 4099 citra
3275 4056 3609 4097 consensum

2024 4148 2199 4219 ipsius
2233 4143 2668 4205 discessissent,
2716 4138 2949 4202 Valenti,
2992 4145 3045 4191 et
3096 4135 3163 4191 iis
3217 4134 3468 4205 quicum
3511 4132 3621 4187 illo

2024 4249 2205 4302 erant,
2256 4233 2578 4307 permisisse
2629 4240 2691 4285 ut
2732 4229 3164 4286 Occidentalium
3227 4225 3465 4296 partium
3503 4223 3608 4277 Ec—

2027 4329 2226 4385 clesias
2266 4343 2367 4397 pro
2417 4325 2648 4381 arbitrio
2689 4338 2791 4378 suo
2827 4322 3187 4376 ordinarent:
3235 4326 3290 4374 et
3315 4317 3605 4372 formulam

2027 4418 2153 4473 ﬁdei
2202 4416 2429 4472 Arimini
2475 4400 2774 4485 pErIectam
2826 4412 3239 4482 promulgarent
3280 4427 3294 4464 :
3334 4424 3433 4464 eos
3478 4420 3608 4461 vero

338 4500 404 4553 δὲ
441 4500 567 4554 τάδε
598 4504 711 4565 τοῖς
744 4503 886 4557 κατά
913 4502 1010 4573 τὴν
1048 4501 1279 4556 Ἰταλίαν
1326 4501 1589 4572 ἔπραξαν,
1633 4501 1918 4572 βουλεύσα-

2029 4510 2122 4580 qui
2155 4509 2404 4564 formulae
2444 4507 2523 4561 illi
2573 4503 2921 4560 subscribere
2961 4502 3304 4566 renuissent,
3349 4497 3609 4553 Ecclesiis

341 4592 472 4647 σθαι
500 4593 713 4658 καὶτὰς
740 4595 842 4648 ἀνὰ
864 4596 963 4665 τὴν
982 4595 1094 4648 Ἕω
1119 4595 1445 4665 Ἐκκλησίας
1471 4595 1562 4648 τὸν
1585 4595 1698 4648 ἴσον
1724 4594 1923 4649 διαθεῖν

340 4702 435 4740 ναι
467 4686 684 4756 τρόπον.
722 4687 966 4750 Διιόντας
999 4688 1053 4741 δὲ
1084 4689 1185 4760 τὴν
1225 4688 1471 4759 Θρᾴκην,
1517 4687 1924 4759 παραγενέσθαι

339 4779 427 4840 είς
474 4777 670 4849 Νίκην,
729 4777 883 4833 πόλιν
930 4779 1085 4833 τοῦδε
1134 4779 1228 4833 τοῦ
1260 4779 1478 4843 ἔθνους*
1523 4780 1619 4833 καὶ
1653 4779 1925 4851 συνέδριον

339 4868 534 4924 ἐνθάδε
557 4870 897 4937 καθίσαντες,
944 4872 1042 4943 τὴν
1087 4871 1529 4940 ἀναγνωσθεῖσαν
1553 4873 1611 4927 ὲν
1646 4872 1924 4944 Ἀριμήνῳ

338 4961 563 5032 γραφὴν
592 4964 671 5026 εἰς
703 4962 929 5018 Ἐλλάδα
982 4965 1304 5035 μεταϐαλεῖν
1345 4965 1561 5034 φωνὴν,
1613 4965 1707 5020 καὶ
1751 4965 1924 5035 δημο-

341 5055 661 5115 σιεύσαντες
698 5052 991 5123 βεϐαιῶσαι
1019 5072 1032 5085 ’
1089 5056 1185 5108 καὶ
1221 5055 1547 5123 λογοποιεῖν,
1586 5055 1663 5120 ὡς
1690 5056 1794 5108 ὑπὸ
1828 5056 1926 5126 τῆς

338 5146 728 5215 οέκουμενικῆς
760 5146 998 5209 συνόδου,
1033 5148 1066 5216 ἡ
1096 5148 1151 5199 ὲν
1177 5145 1321 5217 Νίκῃ
1354 5147 1536 5209 πίστις
1573 5146 1927 5218 ὑπηΥορεύθη

337 5235 742 5307 καὶέδοξάσθη.
792 5238 1072 5309 Ἐπιτηδὲς
1123 5238 1182 5293 δὲ
1250 5238 1378 5292 τάδε
1423 5238 1480 5291 έν
1520 5239 1666 5311 Νίκη
1696 5239 1921 5309 πράξων

338 5329 439 5381 καὶ
460 5321 559 5382 ὧδε
588 5330 978 5400 ἐπευφημῆσαι
1009 5330 1142 5401 (I0),
1178 5329 1319 5383 ὥστε
1357 5330 1483 5394 τοὺς
1518 5329 1921 5400 ἁπλουστέρους

2031 4603 2324 4673 ejicerent,
2368 4609 2424 4655 et
2470 4600 2527 4653 in
2554 4614 2742 4654 eorum
2789 4598 2968 4653 locum
3001 4596 3138 4651 alios
3182 4593 3604 4649 constituerent.

2030 4693 2172 4749 Istos
2208 4707 2357 4757 vero,
2390 4691 2519 4747 hinc
2548 4690 2827 4746 licentiam
2855 4695 3068 4752 nactos,
3101 4686 3342 4741 adhibita
3369 4684 3421 4739 vi
3456 4697 3608 4739 com-

2032 4786 2241 4857 pulisse
2267 4783 2557 4853 episcopos
2600 4789 2660 4836 ut
2702 4780 2828 4836 lidei
2880 4779 2959 4833 illi
3011 4777 3422 4835 subscriberent
3458 4792 3472 4828 :
3512 4790 3608 4831 eos

2034 4885 2214 4932 autem
2262 4875 2358 4946 qui
2399 4874 2741 4936 resisterent,
2784 4870 3045 4927 Ecclesiis
3080 4872 3198 4926 suis
3241 4869 3605 4932 exturbasse,

2028 4984 2093 5023 ac
2155 4968 2391 5039 primum
2441 4966 2685 5020 omnium
2741 4962 3017 5018 Liberium
3077 4964 3397 5033 episcopum
3454 4961 3608 5017 urbis

2030 5060 2240 5114 Romce.
2284 5057 2487 5111 Deinde
2533 5056 2808 5125 episcopis
2854 5053 3021 5108 Italia:
3072 5053 3216 5108 hunc
3265 5053 3319 5107 iu
3381 5052 3603 5107 modum

2028 5152 2272 5215 vexatis,
2312 5147 2552 5203 Orientis
2589 5162 2808 5216 quoque
2851 5145 3128 5200 Ecclesias
3160 5144 3277 5217 pari
3304 5144 3466 5198 modo
3494 5155 3606 5197 tra-

2029 5252 2179 5298 ctare
2201 5242 2425 5297 adortos
2442 5255 2585 5295 esse.
2604 5238 2670 5293 Et
2697 5253 2821 5293 eum
2846 5253 2939 5308 per
2962 5236 3251 5291 Thraciam
3278 5235 3601 5296 transirent,

2026 5334 2196 5390 Nicen
2230 5333 2547 5406 pervenisse
2570 5371 2586 5398 ,
2619 5328 2766 5400 quod
2796 5338 2874 5386 est
2910 5329 3167 5400 oppidum
3200 5329 3343 5384 illius
3382 5324 3602 5397 provin»

1493 5490 1760 5549 VALESII
1796 5488 2343 5548 ANNOTATIONES.

418 5579 504 5654 (9)Δ
529 5582 645 5654 Kal
685 5581 1255 5654 :tpérorqu6’égcnr.
1287 5581 1589 5654 Falluntur
1619 5584 1923 5654 scriptores

347 5652 443 5722 qui
492 5651 545 5705 id
597 5652 874 5707 dixerant.
928 5652 1065 5706 Nam
1116 5652 1371 5707 Liberius
1423 5651 1750 5722 aliquandiu
1797 5662 1924 5708 ante

342 5713 697 5779 Kriminense
757 5724 1052 5778 concilium
1113 5724 1432 5791 relegatus,
1497 5713 1551 5779 ct
1604 5724 1672 5778 ab
1724 5725 1923 5781 exsilio

344 5800 640 5850 revocatus
685 5791 882 5866 fuerat,
920 5801 977 5850 ut
1018 5809 1182 5865 supra
1217 5794 1474 5850 vidimus.

2102 5582 2215 5652 (I0)
2259 5580 2363 5634 Kal
2418 5573 2534 5652 ᾧδε
2588 5577 3037 5652 ἐπευφημῆσαι.
3091 5570 3303 5652 Mallem
3362 5566 3604 5652 scribere

2030 5641 2384 5721 ἐπιφημίσαι.
2419 5650 2605 5703 Utitur
2638 5641 3062 5704 taiu'en'cadem.
3099 5656 3231 5697 voce
3259 5641 3601 5696 Sozomenus

2030 5723 2197 5787 infra,
2229 5722 2404 5792 capite
2432 5721 2521 5775 2‘2.
