  <div class='ocr_page' id='page_1' title='image "/cluster/home/n/w/nwhite01/storage/ocr_20150623/67/mdp.39015018620115/593.png"; bbox 0 0 4056 6326; ppageno 0'>
   <div class='ocr_carea' id='block_1_1' title="bbox 541 266 681 322">
    <p class='ocr_par' dir='ltr' id='par_1_1' title="bbox 541 266 681 322">
     <span class='ocr_line' id='line_1_1' title="bbox 541 266 681 322; baseline 0.014 -2"><span class='ocrx_word' id='word_1_1' title='bbox 541 266 681 322; x_wconf 75' lang='lat'><strong>“75</strong></span> 
     </span>
    </p>
   </div>
   <div class='ocr_carea' id='block_1_2' title="bbox 1980 262 2321 319">
    <p class='ocr_par' dir='ltr' id='par_1_2' title="bbox 1980 262 2321 319">
     <span class='ocr_line' id='line_1_2' title="bbox 1980 262 2321 319; baseline 0.003 -4"><span class='ocrx_word' id='word_1_2' title='bbox 1980 262 2321 319; x_wconf 68' lang='grc' dir='ltr'><strong>δοΖοΜΕΝι</strong></span> 
     </span>
    </p>
   </div>
   <div class='ocr_carea' id='block_1_3' title="bbox 3613 220 3766 329">
    <p class='ocr_par' dir='ltr' id='par_1_3' title="bbox 3613 220 3766 329">
     <span class='ocr_line' id='line_1_3' title="bbox 3613 220 3766 329; baseline 0.026 -4"><span class='ocrx_word' id='word_1_3' title='bbox 3613 271 3722 329; x_wconf 56' lang='lat' dir='ltr'><strong>HW</strong></span> <span class='ocrx_word' id='word_1_4' title='bbox 3754 220 3766 234; x_wconf 39' lang='grc' dir='ltr'>ι</span> 
     </span>
    </p>
   </div>
   <div class='ocr_carea' id='block_1_4' title="bbox 498 384 2117 463">
    <p class='ocr_par' dir='ltr' id='par_1_4' title="bbox 498 384 2095 457">
     <span class='ocr_line' id='line_1_4' title="bbox 498 384 2095 457; baseline 0.001 -22"><span class='ocrx_word' id='word_1_5' title='bbox 498 406 506 415; x_wconf 89' lang='grc'><strong>·</strong></span> <span class='ocrx_word' id='word_1_6' title='bbox 536 397 757 454; x_wconf 77' lang='lat' dir='ltr'><strong>operam</strong></span> <span class='ocrx_word' id='word_1_7' title='bbox 788 398 946 439; x_wconf 85' lang='lat' dir='ltr'><strong>suam</strong></span> <span class='ocrx_word' id='word_1_8' title='bbox 983 385 1329 441; x_wconf 84' lang='lat' dir='ltr'><strong>contulerant</strong></span> <span class='ocrx_word' id='word_1_9' title='bbox 1358 403 1377 442; x_wconf 83' lang='lat'><strong>:</strong></span> <span class='ocrx_word' id='word_1_10' title='bbox 1406 384 1609 457; x_wconf 79' lang='lat' dir='ltr'><strong>quippe</strong></span> <span class='ocrx_word' id='word_1_11' title='bbox 1648 384 1850 455; x_wconf 81' lang='lat' dir='ltr'><strong>singuli</strong></span> <span class='ocrx_word' id='word_1_12' title='bbox 1880 400 2095 445; x_wconf 83' lang='lat' dir='ltr'><strong>eorum,</strong></span> 
     </span>
    </p>
   </div>
   <div class='ocr_carea' id='block_1_5' title="bbox 2218 384 3825 463">
    <p class='ocr_par' dir='ltr' id='par_1_5' title="bbox 2218 385 3825 463">
     <span class='ocr_line' id='line_1_5' title="bbox 2218 385 3825 463; baseline 0.005 -25"><span class='ocrx_word' id='word_1_13' title='bbox 2218 402 2290 449; x_wconf 76' lang='grc' dir='ltr'><strong>τος</strong></span> <span class='ocrx_word' id='word_1_14' title='bbox 2332 386 2441 458; x_wconf 77' lang='grc' dir='ltr'><strong>γὰρ</strong></span> <span class='ocrx_word' id='word_1_15' title='bbox 2477 385 2874 451; x_wconf 81' lang='grc' dir='ltr'><strong>Κωνσταντίου,</strong></span> <span class='ocrx_word' id='word_1_16' title='bbox 2919 385 3298 458; x_wconf 77' lang='grc' dir='ltr'><strong>διαδεξάμενος</strong></span> <span class='ocrx_word' id='word_1_17' title='bbox 3347 388 3603 455; x_wconf 75' lang='grc' dir='ltr'><strong>Ἰουλιανὸς</strong></span> <span class='ocrx_word' id='word_1_18' title='bbox 3645 393 3723 463; x_wconf 77' lang='grc' dir='ltr'><strong>τὴν</strong></span> <span class='ocrx_word' id='word_1_19' title='bbox 3820 398 3825 407; x_wconf 76' lang='lat'>&#39;</span> 
     </span>
    </p>
   </div>
   <div class='ocr_carea' id='block_1_6' title="bbox 537 474 2105 547">
    <p class='ocr_par' dir='ltr' id='par_1_6' title="bbox 537 474 2105 547">
     <span class='ocr_line' id='line_1_6' title="bbox 537 474 2105 547; baseline 0.001 -18"><span class='ocrx_word' id='word_1_20' title='bbox 537 474 764 544; x_wconf 81' lang='lat' dir='ltr'><strong>perinde</strong></span> <span class='ocrx_word' id='word_1_21' title='bbox 795 489 861 530; x_wconf 89' lang='lat' dir='ltr'><strong>ac</strong></span> <span class='ocrx_word' id='word_1_22' title='bbox 892 475 940 531; x_wconf 88' lang='lat' dir='ltr'><strong>si</strong></span> <span class='ocrx_word' id='word_1_23' title='bbox 972 490 1111 547; x_wconf 81' lang='lat' dir='ltr'><strong>opus</strong></span> <span class='ocrx_word' id='word_1_24' title='bbox 1144 491 1303 533; x_wconf 85' lang='lat' dir='ltr'><strong>suum</strong></span> <span class='ocrx_word' id='word_1_25' title='bbox 1342 475 1454 535; x_wconf 88' lang='lat' dir='ltr'><strong>Deo</strong></span> <span class='ocrx_word' id='word_1_26' title='bbox 1490 477 1770 540; x_wconf 78' lang='lat' dir='ltr'><strong>otferrent,</strong></span> <span class='ocrx_word' id='word_1_27' title='bbox 1797 474 2105 530; x_wconf 84' lang='lat' dir='ltr'><strong>incredibili</strong></span> 
     </span>
    </p>
   </div>
   <div class='ocr_carea' id='block_1_7' title="bbox 537 568 2108 628">
    <p class='ocr_par' dir='ltr' id='par_1_7' title="bbox 537 568 2108 628">
     <span class='ocr_line' id='line_1_7' title="bbox 537 568 2108 628; baseline 0.003 -6"><span class='ocrx_word' id='word_1_28' title='bbox 537 570 821 625; x_wconf 76' lang='lat' dir='ltr'><strong>alacritate</strong></span> <span class='ocrx_word' id='word_1_29' title='bbox 880 568 1223 627; x_wconf 81' lang='lat' dir='ltr'><strong>ferebantur.</strong></span> <span class='ocrx_word' id='word_1_30' title='bbox 1284 570 1411 627; x_wconf 77' lang='lat' dir='ltr'><strong>l‘ari</strong></span> <span class='ocrx_word' id='word_1_31' title='bbox 1470 571 1659 628; x_wconf 87' lang='lat' dir='ltr'><strong>studio</strong></span> <span class='ocrx_word' id='word_1_32' title='bbox 1710 585 1773 626; x_wconf 89' lang='lat' dir='ltr'><strong>ac</strong></span> <span class='ocrx_word' id='word_1_33' title='bbox 1829 570 2108 626; x_wconf 85' lang='lat' dir='ltr'><strong>celeritate</strong></span> 
     </span>
    </p>
   </div>
   <div class='ocr_carea' id='block_1_8' title="bbox 534 660 2103 728">
    <p class='ocr_par' dir='ltr' id='par_1_8' title="bbox 534 660 2103 728">
     <span class='ocr_line' id='line_1_8' title="bbox 534 660 2103 728; baseline 0.001 -13"><span class='ocrx_word' id='word_1_34' title='bbox 534 660 770 715; x_wconf 88' lang='lat' dir='ltr'><strong>ecclesia</strong></span> <span class='ocrx_word' id='word_1_35' title='bbox 803 661 894 716; x_wconf 91' lang='lat' dir='ltr'><strong>illa</strong></span> <span class='ocrx_word' id='word_1_36' title='bbox 935 662 1003 717; x_wconf 91' lang='lat' dir='ltr'><strong>ad</strong></span> <span class='ocrx_word' id='word_1_37' title='bbox 1039 661 1294 718; x_wconf 86' lang='lat' dir='ltr'><strong>eumdem</strong></span> <span class='ocrx_word' id='word_1_38' title='bbox 1326 662 1546 718; x_wconf 86' lang='lat' dir='ltr'><strong>modum</strong></span> <span class='ocrx_word' id='word_1_39' title='bbox 1577 662 1888 718; x_wconf 82' lang='lat' dir='ltr'><strong>instaurata</strong></span> <span class='ocrx_word' id='word_1_40' title='bbox 1916 669 2019 728; x_wconf 85' lang='lat' dir='ltr'><strong>est,</strong></span> <span class='ocrx_word' id='word_1_41' title='bbox 2047 674 2103 716; x_wconf 87' lang='lat' dir='ltr'><strong>et</strong></span> 
     </span>
    </p>
   </div>
   <div class='ocr_carea' id='block_1_9' title="bbox 536 749 2111 822">
    <p class='ocr_par' dir='ltr' id='par_1_9' title="bbox 536 749 2111 822">
     <span class='ocr_line' id='line_1_9' title="bbox 536 749 2111 822; baseline 0.003 -18"><span class='ocrx_word' id='word_1_42' title='bbox 536 750 607 805; x_wconf 90' lang='lat' dir='ltr'><strong>ab</strong></span> <span class='ocrx_word' id='word_1_43' title='bbox 637 750 732 805; x_wconf 93' lang='lat' dir='ltr'><strong>illo</strong></span> <span class='ocrx_word' id='word_1_44' title='bbox 758 749 1017 822; x_wconf 85' lang='lat' dir='ltr'><strong>deinceps</strong></span> <span class='ocrx_word' id='word_1_45' title='bbox 1044 758 1289 822; x_wconf 88' lang='lat' dir='ltr'><strong>tempore</strong></span> <span class='ocrx_word' id='word_1_46' title='bbox 1319 752 1615 810; x_wconf 83' lang='lat' dir='ltr'><strong>Anastasia</strong></span> <span class='ocrx_word' id='word_1_47' title='bbox 1656 766 1723 808; x_wconf 83' lang='lat' dir='ltr'><strong>ex</strong></span> <span class='ocrx_word' id='word_1_48' title='bbox 1768 752 1910 808; x_wconf 86' lang='lat' dir='ltr'><strong>facto</strong></span> <span class='ocrx_word' id='word_1_49' title='bbox 1939 753 2111 808; x_wconf 89' lang='lat' dir='ltr'><strong>nomi-</strong></span> 
     </span>
    </p>
   </div>
   <div class='ocr_carea' id='block_1_10' title="bbox 535 838 2108 912">
    <p class='ocr_par' dir='ltr' id='par_1_10' title="bbox 535 838 2108 912">
     <span class='ocr_line' id='line_1_10' title="bbox 535 838 2108 912; baseline 0.005 -19"><span class='ocrx_word' id='word_1_50' title='bbox 535 846 686 894; x_wconf 88' lang='lat' dir='ltr'><strong>nata.</strong></span> <span class='ocrx_word' id='word_1_51' title='bbox 753 838 968 896; x_wconf 85' lang='lat' dir='ltr'><strong>Etenim</strong></span> <span class='ocrx_word' id='word_1_52' title='bbox 1022 850 1146 912; x_wconf 88' lang='lat' dir='ltr'><strong>post</strong></span> <span class='ocrx_word' id='word_1_53' title='bbox 1195 843 1403 898; x_wconf 91' lang='lat' dir='ltr'><strong>obitum</strong></span> <span class='ocrx_word' id='word_1_54' title='bbox 1455 841 1802 907; x_wconf 85' lang='lat' dir='ltr'><strong>Constantii,</strong></span> <span class='ocrx_word' id='word_1_55' title='bbox 1853 842 2108 901; x_wconf 83' lang='lat' dir='ltr'><strong>Julianus</strong></span> 
     </span>
    </p>
   </div>
   <div class='ocr_carea' id='block_1_11' title="bbox 535 931 2109 1005">
    <p class='ocr_par' dir='ltr' id='par_1_11' title="bbox 535 931 2109 1005">
     <span class='ocr_line' id='line_1_11' title="bbox 535 931 2109 1005; baseline 0.003 -20"><span class='ocrx_word' id='word_1_56' title='bbox 535 931 824 1003; x_wconf 88' lang='lat' dir='ltr'><strong>imperium</strong></span> <span class='ocrx_word' id='word_1_57' title='bbox 863 934 1116 1005; x_wconf 87' lang='lat' dir='ltr'><strong>adeptus,</strong></span> <span class='ocrx_word' id='word_1_58' title='bbox 1172 934 1355 992; x_wconf 90' lang='lat' dir='ltr'><strong>locum</strong></span> <span class='ocrx_word' id='word_1_59' title='bbox 1390 934 1547 991; x_wconf 90' lang='lat' dir='ltr'><strong>illum</strong></span> <span class='ocrx_word' id='word_1_60' title='bbox 1590 933 1907 991; x_wconf 78' lang='lat' dir='ltr'><strong>Novatianis</strong></span> <span class='ocrx_word' id='word_1_61' title='bbox 1944 935 2109 992; x_wconf 88' lang='lat' dir='ltr'><strong>resti-</strong></span> 
     </span>
    </p>
   </div>
   <div class='ocr_carea' id='block_1_12' title="bbox 535 1023 2107 1098">
    <p class='ocr_par' dir='ltr' id='par_1_12' title="bbox 535 1023 2107 1098">
     <span class='ocr_line' id='line_1_12' title="bbox 535 1023 2107 1098; baseline 0.004 -21"><span class='ocrx_word' id='word_1_62' title='bbox 535 1023 662 1092; x_wconf 91' lang='lat' dir='ltr'><strong>tuit,</strong></span> <span class='ocrx_word' id='word_1_63' title='bbox 716 1034 889 1095; x_wconf 88' lang='lat' dir='ltr'><strong>utque</strong></span> <span class='ocrx_word' id='word_1_64' title='bbox 930 1026 1224 1082; x_wconf 85' lang='lat' dir='ltr'><strong>ecclesiam</strong></span> <span class='ocrx_word' id='word_1_65' title='bbox 1269 1026 1382 1082; x_wconf 89' lang='lat' dir='ltr'><strong>illic</strong></span> <span class='ocrx_word' id='word_1_66' title='bbox 1426 1026 1783 1092; x_wconf 61' lang='lat' dir='ltr'><strong>aedificarent,</strong></span> <span class='ocrx_word' id='word_1_67' title='bbox 1838 1026 2107 1098; x_wconf 84' lang='lat' dir='ltr'><strong>permisit.</strong></span> 
     </span>
    </p>
   </div>
   <div class='ocr_carea' id='block_1_13' title="bbox 533 1115 2111 1187">
    <p class='ocr_par' dir='ltr' id='par_1_13' title="bbox 533 1115 2111 1187">
     <span class='ocr_line' id='line_1_13' title="bbox 533 1115 2111 1187; baseline 0.002 -18"><span class='ocrx_word' id='word_1_68' title='bbox 533 1115 693 1182; x_wconf 86' lang='lat' dir='ltr'><strong>Quod</strong></span> <span class='ocrx_word' id='word_1_69' title='bbox 714 1116 933 1186; x_wconf 83' lang='lat' dir='ltr'><strong>quidem</strong></span> <span class='ocrx_word' id='word_1_70' title='bbox 963 1115 1170 1171; x_wconf 80' lang='lat' dir='ltr'><strong>factum</strong></span> <span class='ocrx_word' id='word_1_71' title='bbox 1205 1126 1313 1183; x_wconf 89' lang='lat' dir='ltr'><strong>est,</strong></span> <span class='ocrx_word' id='word_1_72' title='bbox 1343 1116 1694 1172; x_wconf 88' lang='lat' dir='ltr'><strong>multitudine</strong></span> <span class='ocrx_word' id='word_1_73' title='bbox 1720 1116 1908 1187; x_wconf 86' lang='lat' dir='ltr'><strong>populi</strong></span> <span class='ocrx_word' id='word_1_74' title='bbox 1940 1116 2111 1173; x_wconf 88' lang='lat' dir='ltr'><strong>alacri</strong></span> 
     </span>
    </p>
   </div>
   <div class='ocr_carea' id='block_1_14' title="bbox 524 1205 2109 1287">
    <p class='ocr_par' dir='ltr' id='par_1_14' title="bbox 524 1205 2109 1287">
     <span class='ocr_line' id='line_1_14' title="bbox 524 1205 2109 1287; baseline 0.001 -26"><span class='ocrx_word' id='word_1_75' title='bbox 524 1205 719 1287; x_wconf 70' lang='lat' dir='ltr'><strong>animo</strong></span> <span class='ocrx_word' id='word_1_76' title='bbox 764 1219 984 1275; x_wconf 83' lang='lat' dir='ltr'><strong>operam</strong></span> <span class='ocrx_word' id='word_1_77' title='bbox 1033 1213 1286 1271; x_wconf 82' lang='lat' dir='ltr'><strong>uavante,</strong></span> <span class='ocrx_word' id='word_1_78' title='bbox 1345 1205 1676 1276; x_wconf 86' lang='lat' dir='ltr'><strong>easdemque</strong></span> <span class='ocrx_word' id='word_1_79' title='bbox 1728 1206 1990 1264; x_wconf 85' lang='lat' dir='ltr'><strong>materias</strong></span> <span class='ocrx_word' id='word_1_80' title='bbox 2042 1222 2109 1263; x_wconf 80' lang='lat' dir='ltr'><strong>ex</strong></span> 
     </span>
    </p>
   </div>
   <div class='ocr_carea' id='block_1_15' title="bbox 532 1297 2112 1368">
    <p class='ocr_par' dir='ltr' id='par_1_15' title="bbox 532 1297 2112 1368">
     <span class='ocr_line' id='line_1_15' title="bbox 532 1297 2112 1368; baseline 0 -14"><span class='ocrx_word' id='word_1_81' title='bbox 532 1298 763 1368; x_wconf 80' lang='lat' dir='ltr'><strong>Sycensl</strong></span> <span class='ocrx_word' id='word_1_82' title='bbox 814 1297 1134 1353; x_wconf 87' lang='lat' dir='ltr'><strong>suburbano</strong></span> <span class='ocrx_word' id='word_1_83' title='bbox 1194 1297 1389 1353; x_wconf 84' lang='lat' dir='ltr'><strong>iterum</strong></span> <span class='ocrx_word' id='word_1_84' title='bbox 1440 1298 1825 1356; x_wconf 87' lang='lat' dir='ltr'><strong>transferente.</strong></span> <span class='ocrx_word' id='word_1_85' title='bbox 1881 1299 1946 1354; x_wconf 90' lang='lat' dir='ltr'><strong>Et</strong></span> <span class='ocrx_word' id='word_1_86' title='bbox 1997 1299 2112 1354; x_wconf 60' lang='lat' dir='ltr'><strong>haec</strong></span> 
     </span>
    </p>
   </div>
   <div class='ocr_carea' id='block_1_16' title="bbox 533 1387 2112 1459">
    <p class='ocr_par' dir='ltr' id='par_1_16' title="bbox 533 1387 2112 1459">
     <span class='ocr_line' id='line_1_16' title="bbox 533 1387 2112 1459; baseline 0 -17"><span class='ocrx_word' id='word_1_87' title='bbox 533 1387 757 1459; x_wconf 89' lang='lat' dir='ltr'><strong>quidem</strong></span> <span class='ocrx_word' id='word_1_88' title='bbox 795 1395 983 1458; x_wconf 86' lang='lat' dir='ltr'><strong>postea</strong></span> <span class='ocrx_word' id='word_1_89' title='bbox 1031 1397 1183 1458; x_wconf 77' lang='lat' dir='ltr'><strong>gesta</strong></span> <span class='ocrx_word' id='word_1_90' title='bbox 1212 1398 1341 1443; x_wconf 92' lang='lat' dir='ltr'><strong>sunt</strong></span> <span class='ocrx_word' id='word_1_91' title='bbox 1386 1388 1442 1442; x_wconf 92' lang='lat' dir='ltr'><strong>in</strong></span> <span class='ocrx_word' id='word_1_92' title='bbox 1476 1388 1622 1443; x_wconf 90' lang='lat' dir='ltr'><strong>hunc</strong></span> <span class='ocrx_word' id='word_1_93' title='bbox 1675 1389 1919 1444; x_wconf 92' lang='lat' dir='ltr'><strong>modum.</strong></span> <span class='ocrx_word' id='word_1_94' title='bbox 1957 1388 2112 1443; x_wconf 89' lang='lat' dir='ltr'><strong>Tunc</strong></span> 
     </span>
    </p>
   </div>
   <div class='ocr_carea' id='block_1_17' title="bbox 532 1477 2114 1550">
    <p class='ocr_par' dir='ltr' id='par_1_17' title="bbox 532 1477 2114 1550">
     <span class='ocr_line' id='line_1_17' title="bbox 532 1477 2114 1550; baseline 0.001 -17"><span class='ocrx_word' id='word_1_95' title='bbox 532 1478 799 1549; x_wconf 90' lang='lat' dir='ltr'><strong>temporis</strong></span> <span class='ocrx_word' id='word_1_96' title='bbox 866 1493 1035 1544; x_wconf 89' lang='lat' dir='ltr'><strong>vero,</strong></span> <span class='ocrx_word' id='word_1_97' title='bbox 1089 1492 1281 1549; x_wconf 89' lang='lat' dir='ltr'><strong>parum</strong></span> <span class='ocrx_word' id='word_1_98' title='bbox 1336 1478 1513 1535; x_wconf 79' lang='lat' dir='ltr'><strong>abluit</strong></span> <span class='ocrx_word' id='word_1_99' title='bbox 1564 1480 1695 1550; x_wconf 83' lang='lat' dir='ltr'><strong>quin</strong></span> <span class='ocrx_word' id='word_1_100' title='bbox 1741 1477 2029 1535; x_wconf 89' lang='lat' dir='ltr'><strong>Novatiani</strong></span> <span class='ocrx_word' id='word_1_101' title='bbox 2059 1488 2114 1535; x_wconf 90' lang='lat' dir='ltr'><strong>et</strong></span> 
     </span>
    </p>
   </div>
   <div class='ocr_carea' id='block_1_18' title="bbox 533 1567 2110 1628">
    <p class='ocr_par' dir='ltr' id='par_1_18' title="bbox 533 1567 2110 1628">
     <span class='ocr_line' id='line_1_18' title="bbox 533 1567 2110 1628; baseline 0 -1"><span class='ocrx_word' id='word_1_102' title='bbox 533 1567 805 1627; x_wconf 88' lang='lat' dir='ltr'><strong>Catholici</strong></span> <span class='ocrx_word' id='word_1_103' title='bbox 851 1567 1077 1624; x_wconf 87' lang='lat' dir='ltr'><strong>adunati</strong></span> <span class='ocrx_word' id='word_1_104' title='bbox 1139 1570 1272 1625; x_wconf 87' lang='lat' dir='ltr'><strong>sint.</strong></span> <span class='ocrx_word' id='word_1_105' title='bbox 1333 1568 1469 1624; x_wconf 84' lang='lat' dir='ltr'><strong>Nam</strong></span> <span class='ocrx_word' id='word_1_106' title='bbox 1514 1585 1638 1625; x_wconf 88' lang='lat' dir='ltr'><strong>cum</strong></span> <span class='ocrx_word' id='word_1_107' title='bbox 1692 1571 1761 1627; x_wconf 89' lang='lat' dir='ltr'><strong>de</strong></span> <span class='ocrx_word' id='word_1_108' title='bbox 1812 1570 1925 1628; x_wconf 82' lang='lat' dir='ltr'><strong>Deo</strong></span> <span class='ocrx_word' id='word_1_109' title='bbox 1966 1571 2110 1627; x_wconf 82' lang='lat' dir='ltr'><strong>idem</strong></span> 
     </span>
    </p>
   </div>
   <div class='ocr_carea' id='block_1_19' title="bbox 536 1658 2112 1734">
    <p class='ocr_par' dir='ltr' id='par_1_19' title="bbox 536 1658 2112 1734">
     <span class='ocr_line' id='line_1_19' title="bbox 536 1658 2112 1734; baseline 0.003 -20"><span class='ocrx_word' id='word_1_110' title='bbox 536 1661 826 1727; x_wconf 85' lang='lat' dir='ltr'><strong>sentirent,</strong></span> <span class='ocrx_word' id='word_1_111' title='bbox 859 1667 914 1716; x_wconf 92' lang='lat' dir='ltr'><strong>et</strong></span> <span class='ocrx_word' id='word_1_112' title='bbox 952 1658 1121 1715; x_wconf 86' lang='lat' dir='ltr'><strong>simul</strong></span> <span class='ocrx_word' id='word_1_113' title='bbox 1169 1660 1601 1730; x_wconf 73' lang='lat' dir='ltr'><strong>exagitarentur,</strong></span> <span class='ocrx_word' id='word_1_114' title='bbox 1646 1661 1976 1734; x_wconf 84' lang='lat' dir='ltr'><strong>easdemque</strong></span> <span class='ocrx_word' id='word_1_115' title='bbox 2020 1678 2112 1718; x_wconf 87' lang='lat' dir='ltr'><strong>ca-</strong></span> 
     </span>
    </p>
   </div>
   <div class='ocr_carea' id='block_1_20' title="bbox 2209 475 3725 546">
    <p class='ocr_par' dir='ltr' id='par_1_20' title="bbox 2209 475 3725 546">
     <span class='ocr_line' id='line_1_20' title="bbox 2209 475 3725 546; baseline 0.003 -17"><span class='ocrx_word' id='word_1_116' title='bbox 2209 475 2508 546; x_wconf 86' lang='grc' dir='ltr'><strong>βασιλείαν,</strong></span> <span class='ocrx_word' id='word_1_117' title='bbox 2530 476 2621 530; x_wconf 86' lang='grc' dir='ltr'><strong>τὸν</strong></span> <span class='ocrx_word' id='word_1_118' title='bbox 2651 477 2817 530; x_wconf 84' lang='grc' dir='ltr'><strong>τόπον</strong></span> <span class='ocrx_word' id='word_1_119' title='bbox 2855 478 2967 541; x_wconf 83' lang='grc' dir='ltr'><strong>τοῖς</strong></span> <span class='ocrx_word' id='word_1_120' title='bbox 2994 476 3361 540; x_wconf 76' lang='grc' dir='ltr'><strong>Ναυατιανοϊς</strong></span> <span class='ocrx_word' id='word_1_121' title='bbox 3380 478 3625 541; x_wconf 82' lang='grc' dir='ltr'><strong>ἀπέδωκε.</strong></span> <span class='ocrx_word' id='word_1_122' title='bbox 3654 485 3725 534; x_wconf 81' lang='grc' dir='ltr'><strong>καὶ</strong></span> 
     </span>
    </p>
   </div>
   <div class='ocr_carea' id='block_1_21' title="bbox 2205 551 3727 639">
    <p class='ocr_par' dir='ltr' id='par_1_21' title="bbox 2205 551 3727 639">
     <span class='ocr_line' id='line_1_21' title="bbox 2205 551 3727 639; baseline 0.002 -19"><span class='ocrx_word' id='word_1_123' title='bbox 2205 568 2305 638; x_wconf 83' lang='grc' dir='ltr'><strong>τὴν</strong></span> <span class='ocrx_word' id='word_1_124' title='bbox 2364 567 2658 638; x_wconf 74' lang='grc' dir='ltr'><strong>ἐκκλησίαν</strong></span> <span class='ocrx_word' id='word_1_125' title='bbox 2695 566 3049 639; x_wconf 77' lang='grc' dir='ltr'><strong>οἰκοδομῆσαι</strong></span> <span class='ocrx_word' id='word_1_126' title='bbox 3099 551 3412 639; x_wconf 81' lang='grc' dir='ltr'><strong>ἐπέτρεψεν.</strong></span> <span class='ocrx_word' id='word_1_127' title='bbox 3456 570 3515 623; x_wconf 83' lang='lat'><strong>&#39;0</strong></span> <span class='ocrx_word' id='word_1_128' title='bbox 3538 571 3619 624; x_wconf 75' lang='grc' dir='ltr'><strong>καὶ</strong></span> <span class='ocrx_word' id='word_1_129' title='bbox 3640 558 3727 639; x_wconf 58' lang='lat' dir='ltr'><strong>ﬁt-</strong></span> 
     </span>
    </p>
   </div>
   <div class='ocr_carea' id='block_1_22' title="bbox 2206 657 3728 730">
    <p class='ocr_par' dir='ltr' id='par_1_22' title="bbox 2206 657 3728 730">
     <span class='ocr_line' id='line_1_22' title="bbox 2206 657 3728 730; baseline 0.001 -17"><span class='ocrx_word' id='word_1_130' title='bbox 2206 676 2346 724; x_wconf 90' lang='grc' dir='ltr'><strong>νετο,</strong></span> <span class='ocrx_word' id='word_1_131' title='bbox 2400 659 2496 713; x_wconf 88' lang='grc' dir='ltr'><strong>τοῦ</strong></span> <span class='ocrx_word' id='word_1_132' title='bbox 2543 658 2675 713; x_wconf 91' lang='grc' dir='ltr'><strong>λαοῦ</strong></span> <span class='ocrx_word' id='word_1_133' title='bbox 2728 657 3024 730; x_wconf 83' lang='grc' dir='ltr'><strong>προθύμως</strong></span> <span class='ocrx_word' id='word_1_134' title='bbox 3082 657 3492 727; x_wconf 75' lang='grc' dir='ltr'><strong>συλλαϐομένου,</strong></span> <span class='ocrx_word' id='word_1_135' title='bbox 3533 669 3614 713; x_wconf 75' lang='grc' dir='ltr'><strong>καὶ</strong></span> <span class='ocrx_word' id='word_1_136' title='bbox 3652 662 3728 725; x_wconf 76' lang='grc' dir='ltr'><strong>τὰς</strong></span> 
     </span>
    </p>
   </div>
   <div class='ocr_carea' id='block_1_23' title="bbox 2201 749 3729 820">
    <p class='ocr_par' dir='ltr' id='par_1_23' title="bbox 2201 749 3729 820">
     <span class='ocr_line' id='line_1_23' title="bbox 2201 749 3729 820; baseline 0.001 -15"><span class='ocrx_word' id='word_1_137' title='bbox 2201 750 2376 814; x_wconf 73' lang='grc' dir='ltr'><strong>αὐτὰς</strong></span> <span class='ocrx_word' id='word_1_138' title='bbox 2400 749 2532 814; x_wconf 76' lang='grc' dir='ltr'><strong>ὕλας</strong></span> <span class='ocrx_word' id='word_1_139' title='bbox 2556 751 2623 803; x_wconf 85' lang='grc' dir='ltr'><strong>ἐκ</strong></span> <span class='ocrx_word' id='word_1_140' title='bbox 2678 749 2788 803; x_wconf 88' lang='grc' dir='ltr'><strong>τῶν</strong></span> <span class='ocrx_word' id='word_1_141' title='bbox 2821 749 3009 803; x_wconf 87' lang='grc' dir='ltr'><strong>Συκῶν</strong></span> <span class='ocrx_word' id='word_1_142' title='bbox 3056 749 3535 820; x_wconf 79' lang='grc' dir='ltr'><strong>μετακομίσαντος.-</strong></span> <span class='ocrx_word' id='word_1_143' title='bbox 3562 752 3655 805; x_wconf 78' lang='grc' dir='ltr'><strong>Καὶ</strong></span> <span class='ocrx_word' id='word_1_144' title='bbox 3675 754 3729 807; x_wconf 78' lang='grc' dir='ltr'><strong>τὰ</strong></span> 
     </span>
    </p>
   </div>
   <div class='ocr_carea' id='block_1_24' title="bbox 2212 835 3728 913">
    <p class='ocr_par' dir='ltr' id='par_1_24' title="bbox 2212 835 3728 913">
     <span class='ocr_line' id='line_1_24' title="bbox 2212 835 3728 913; baseline 0 -17"><span class='ocrx_word' id='word_1_145' title='bbox 2212 841 2310 913; x_wconf 84' lang='grc' dir='ltr'><strong>μὲν</strong></span> <span class='ocrx_word' id='word_1_146' title='bbox 2360 840 2584 912; x_wconf 74' lang='grc' dir='ltr'><strong>ὕστερον</strong></span> <span class='ocrx_word' id='word_1_147' title='bbox 2621 835 2724 896; x_wconf 82' lang='grc' dir='ltr'><strong>ὦδε</strong></span> <span class='ocrx_word' id='word_1_148' title='bbox 2770 840 2947 911; x_wconf 84' lang='grc' dir='ltr'><strong>ἔσχεν.</strong></span> <span class='ocrx_word' id='word_1_149' title='bbox 3016 841 3105 893; x_wconf 85' lang='grc' dir='ltr'><strong>Ἑν</strong></span> <span class='ocrx_word' id='word_1_150' title='bbox 3139 839 3198 892; x_wconf 84' lang='grc' dir='ltr'><strong>δέ</strong></span> <span class='ocrx_word' id='word_1_151' title='bbox 3244 838 3322 910; x_wconf 83' lang='grc' dir='ltr'><strong>τῷ</strong></span> <span class='ocrx_word' id='word_1_152' title='bbox 3378 840 3524 907; x_wconf 85' lang='grc' dir='ltr'><strong>τότε,</strong></span> <span class='ocrx_word' id='word_1_153' title='bbox 3570 844 3728 912; x_wconf 79' lang='grc' dir='ltr'><strong>μικροῦ</strong></span> 
     </span>
    </p>
   </div>
   <div class='ocr_carea' id='block_1_25' title="bbox 2186 912 3728 1005">
    <p class='ocr_par' dir='ltr' id='par_1_25' title="bbox 2186 912 3728 1005">
     <span class='ocr_line' id='line_1_25' title="bbox 2186 912 3728 1005; baseline 0.002 -20"><span class='ocrx_word' id='word_1_154' title='bbox 2186 912 2543 987; x_wconf 65' lang='grc' dir='ltr'><strong>’Ναυατιανοὶ</strong></span> <span class='ocrx_word' id='word_1_155' title='bbox 2571 932 2664 987; x_wconf 80' lang='grc' dir='ltr'><strong>καὶ</strong></span> <span class='ocrx_word' id='word_1_156' title='bbox 2691 933 2741 986; x_wconf 80' lang='grc' dir='ltr'><strong>οἱ</strong></span> <span class='ocrx_word' id='word_1_157' title='bbox 2765 933 2874 987; x_wconf 77' lang='grc' dir='ltr'><strong>ἀπὸ</strong></span> <span class='ocrx_word' id='word_1_158' title='bbox 2897 931 2996 1002; x_wconf 82' lang='grc' dir='ltr'><strong>τῆς</strong></span> <span class='ocrx_word' id='word_1_159' title='bbox 3022 930 3251 985; x_wconf 81' lang='grc' dir='ltr'><strong>καθόλου</strong></span> <span class='ocrx_word' id='word_1_160' title='bbox 3294 931 3596 1003; x_wconf 85' lang='grc' dir='ltr'><strong>Ἐκκλησίας</strong></span> <span class='ocrx_word' id='word_1_161' title='bbox 3620 934 3728 1005; x_wconf 71' lang='grc' dir='ltr'><strong>ηνὼ-</strong></span> 
     </span>
    </p>
   </div>
   <div class='ocr_carea' id='block_1_26' title="bbox 2209 1022 3729 1096">
    <p class='ocr_par' dir='ltr' id='par_1_26' title="bbox 2209 1022 3729 1096">
     <span class='ocr_line' id='line_1_26' title="bbox 2209 1022 3729 1096; baseline 0.001 -18"><span class='ocrx_word' id='word_1_162' title='bbox 2209 1023 2386 1094; x_wconf 86' lang='grc' dir='ltr'><strong>θησαν</strong></span> <span class='ocrx_word' id='word_1_163' title='bbox 2409 1040 2422 1056; x_wconf 90' lang='grc'><strong>·</strong></span> <span class='ocrx_word' id='word_1_164' title='bbox 2451 1023 2653 1095; x_wconf 87' lang='grc' dir='ltr'><strong>ὁμοίως</strong></span> <span class='ocrx_word' id='word_1_165' title='bbox 2708 1023 2817 1096; x_wconf 84' lang='grc' dir='ltr'><strong>γὰρ</strong></span> <span class='ocrx_word' id='word_1_166' title='bbox 2861 1024 2994 1095; x_wconf 70' lang='grc' dir='ltr'><strong>περὶ</strong></span> <span class='ocrx_word' id='word_1_167' title='bbox 3021 1023 3082 1077; x_wconf 87' lang='grc' dir='ltr'><strong>τὸ</strong></span> <span class='ocrx_word' id='word_1_168' title='bbox 3117 1023 3273 1077; x_wconf 86' lang='grc' dir='ltr'><strong>Θεῖον</strong></span> <span class='ocrx_word' id='word_1_169' title='bbox 3312 1022 3617 1089; x_wconf 77' lang='grc' dir='ltr'><strong>δοξάζοντες,</strong></span> <span class='ocrx_word' id='word_1_170' title='bbox 3655 1028 3729 1080; x_wconf 74' lang='grc' dir='ltr'><strong>καὶ</strong></span> 
     </span>
    </p>
   </div>
   <div class='ocr_carea' id='block_1_27' title="bbox 2210 1115 3726 1187">
    <p class='ocr_par' dir='ltr' id='par_1_27' title="bbox 2210 1115 3726 1187">
     <span class='ocr_line' id='line_1_27' title="bbox 2210 1115 3726 1187; baseline -0.001 -16"><span class='ocrx_word' id='word_1_171' title='bbox 2210 1117 2369 1187; x_wconf 79' lang='grc' dir='ltr'><strong>κοινῇ</strong></span> <span class='ocrx_word' id='word_1_172' title='bbox 2403 1115 2771 1187; x_wconf 85' lang='grc' dir='ltr'><strong>ἐλαυνόμενοι,</strong></span> <span class='ocrx_word' id='word_1_173' title='bbox 2821 1116 2917 1169; x_wconf 71' lang='grc' dir='ltr'><strong>καὶ</strong></span> <span class='ocrx_word' id='word_1_174' title='bbox 2954 1116 3014 1169; x_wconf 83' lang='grc' dir='ltr'><strong>ἐν</strong></span> <span class='ocrx_word' id='word_1_175' title='bbox 3034 1115 3249 1185; x_wconf 78' lang='grc' dir='ltr'><strong>ὁμοίαις</strong></span> <span class='ocrx_word' id='word_1_176' title='bbox 3287 1117 3573 1186; x_wconf 80' lang='grc' dir='ltr'><strong>συμφοραῖς</strong></span> <span class='ocrx_word' id='word_1_177' title='bbox 3590 1115 3726 1183; x_wconf 75' lang='grc' dir='ltr'><strong>ὄντες,</strong></span> 
     </span>
    </p>
   </div>
   <div class='ocr_carea' id='block_1_28' title="bbox 2210 1203 3728 1279">
    <p class='ocr_par' dir='ltr' id='par_1_28' title="bbox 2210 1203 3728 1279">
     <span class='ocr_line' id='line_1_28' title="bbox 2210 1203 3728 1279; baseline -0.001 -17"><span class='ocrx_word' id='word_1_178' title='bbox 2210 1207 2354 1262; x_wconf 74' lang='grc' dir='ltr'><strong>εὖνοι</strong></span> <span class='ocrx_word' id='word_1_179' title='bbox 2386 1206 2634 1279; x_wconf 78' lang='grc' dir='ltr'><strong>ἀλλήλοις</strong></span> <span class='ocrx_word' id='word_1_180' title='bbox 2671 1203 2846 1277; x_wconf 77' lang='grc' dir='ltr'><strong>ἦσαν’</strong></span> <span class='ocrx_word' id='word_1_181' title='bbox 2886 1206 2980 1261; x_wconf 78' lang='grc' dir='ltr'><strong>καὶ</strong></span> <span class='ocrx_word' id='word_1_182' title='bbox 3025 1207 3105 1270; x_wconf 83' lang='grc' dir='ltr'><strong>είς</strong></span> <span class='ocrx_word' id='word_1_183' title='bbox 3146 1205 3341 1260; x_wconf 83' lang='grc' dir='ltr'><strong>ταύτὸν</strong></span> <span class='ocrx_word' id='word_1_184' title='bbox 3391 1205 3631 1278; x_wconf 80' lang='grc' dir='ltr'><strong>συνῄεσάν</strong></span> <span class='ocrx_word' id='word_1_185' title='bbox 3666 1224 3728 1273; x_wconf 83' lang='grc' dir='ltr'><strong>τε,</strong></span> 
     </span>
    </p>
   </div>
   <div class='ocr_carea' id='block_1_29' title="bbox 2210 1294 3731 1368">
    <p class='ocr_par' dir='ltr' id='par_1_29' title="bbox 2210 1294 3731 1368">
     <span class='ocr_line' id='line_1_29' title="bbox 2210 1294 3731 1368; baseline -0.003 -14"><span class='ocrx_word' id='word_1_186' title='bbox 2210 1301 2305 1354; x_wconf 74' lang='grc' dir='ltr'><strong>καὶ</strong></span> <span class='ocrx_word' id='word_1_187' title='bbox 2335 1297 2692 1368; x_wconf 78' lang='grc' dir='ltr'><strong>συνηύχοντοο</strong></span> <span class='ocrx_word' id='word_1_188' title='bbox 2738 1301 2850 1361; x_wconf 81' lang='grc' dir='ltr'><strong>τοϊς</strong></span> <span class='ocrx_word' id='word_1_189' title='bbox 2885 1296 2995 1367; x_wconf 83' lang='grc' dir='ltr'><strong>γὰρ</strong></span> <span class='ocrx_word' id='word_1_190' title='bbox 3026 1295 3136 1351; x_wconf 79' lang='grc' dir='ltr'><strong>ἀπὸ</strong></span> <span class='ocrx_word' id='word_1_191' title='bbox 3162 1295 3264 1365; x_wconf 83' lang='grc' dir='ltr'><strong>τῆς</strong></span> <span class='ocrx_word' id='word_1_192' title='bbox 3286 1294 3505 1349; x_wconf 84' lang='grc' dir='ltr'><strong>καθόλου</strong></span> <span class='ocrx_word' id='word_1_193' title='bbox 3542 1295 3731 1365; x_wconf 74' lang='grc' dir='ltr'><strong>Ἐκκλη-</strong></span> 
     </span>
    </p>
   </div>
   <div class='ocr_carea' id='block_1_30' title="bbox 2214 1383 3733 1461">
    <p class='ocr_par' dir='ltr' id='par_1_30' title="bbox 2214 1383 3733 1461">
     <span class='ocr_line' id='line_1_30' title="bbox 2214 1383 3733 1461; baseline -0.004 -17"><span class='ocrx_word' id='word_1_194' title='bbox 2214 1392 2335 1455; x_wconf 80' lang='grc' dir='ltr'><strong>σίας</strong></span> <span class='ocrx_word' id='word_1_195' title='bbox 2362 1390 2651 1461; x_wconf 84' lang='grc' dir='ltr'><strong>εὐκτήριος</strong></span> <span class='ocrx_word' id='word_1_196' title='bbox 2673 1388 2773 1443; x_wconf 79' lang='grc' dir='ltr'><strong>οὐκ</strong></span> <span class='ocrx_word' id='word_1_197' title='bbox 2802 1384 2872 1459; x_wconf 81' lang='grc' dir='ltr'><strong>ἦν</strong></span> <span class='ocrx_word' id='word_1_198' title='bbox 2898 1383 3069 1454; x_wconf 83' lang='grc' dir='ltr'><strong>οἶκος,</strong></span> <span class='ocrx_word' id='word_1_199' title='bbox 3110 1386 3247 1442; x_wconf 83' lang='grc' dir='ltr'><strong>ἀλλά</strong></span> <span class='ocrx_word' id='word_1_200' title='bbox 3283 1387 3474 1450; x_wconf 85' lang='grc' dir='ltr'><strong>πάντες</strong></span> <span class='ocrx_word' id='word_1_201' title='bbox 3512 1385 3630 1454; x_wconf 64' lang='grc' dir='ltr'><strong>πρὸς</strong></span> <span class='ocrx_word' id='word_1_202' title='bbox 3653 1384 3733 1439; x_wconf 79' lang='grc' dir='ltr'><strong>τῶν</strong></span> 
     </span>
    </p>
   </div>
   <div class='ocr_carea' id='block_1_31' title="bbox 2210 1477 3734 1554">
    <p class='ocr_par' dir='ltr' id='par_1_31' title="bbox 2210 1477 3734 1554">
     <span class='ocr_line' id='line_1_31' title="bbox 2210 1477 3734 1554; baseline -0.006 -17"><span class='ocrx_word' id='word_1_203' title='bbox 2210 1483 2282 1537; x_wconf 72' lang='grc' dir='ltr'><strong>τὰ</strong></span> <span class='ocrx_word' id='word_1_204' title='bbox 2321 1482 2530 1554; x_wconf 78' lang='grc' dir='ltr'><strong>Ἀρείου</strong></span> <span class='ocrx_word' id='word_1_205' title='bbox 2552 1481 2893 1554; x_wconf 81' lang='grc' dir='ltr'><strong>φρονούντων</strong></span> <span class='ocrx_word' id='word_1_206' title='bbox 2938 1479 3220 1552; x_wconf 70' lang='grc' dir='ltr'><strong>ἀφῄρηντο</strong></span> <span class='ocrx_word' id='word_1_207' title='bbox 3244 1494 3267 1521; x_wconf 82' lang='grc'><strong>-’</strong></span> <span class='ocrx_word' id='word_1_208' title='bbox 3297 1478 3390 1532; x_wconf 67' lang='grc' dir='ltr'><strong>καὶ</strong></span> <span class='ocrx_word' id='word_1_209' title='bbox 3429 1477 3659 1542; x_wconf 54' lang='lat' dir='ltr'><strong>dicatnec,</strong></span> <span class='ocrx_word' id='word_1_210' title='bbox 3685 1478 3734 1529; x_wconf 79' lang='grc' dir='ltr'><strong>ἐκ</strong></span> 
     </span>
    </p>
   </div>
   <div class='ocr_carea' id='block_1_32' title="bbox 2210 1567 3734 1645">
    <p class='ocr_par' dir='ltr' id='par_1_32' title="bbox 2210 1567 3734 1645">
     <span class='ocr_line' id='line_1_32' title="bbox 2210 1567 3734 1645; baseline -0.005 -18"><span class='ocrx_word' id='word_1_211' title='bbox 2210 1573 2311 1645; x_wconf 82' lang='grc' dir='ltr'><strong>τῆς</strong></span> <span class='ocrx_word' id='word_1_212' title='bbox 2350 1571 2610 1644; x_wconf 84' lang='grc' dir='ltr'><strong>συνεχοῦς</strong></span> <span class='ocrx_word' id='word_1_213' title='bbox 2640 1570 2859 1643; x_wconf 66' lang='grc' dir='ltr'><strong>ὁμιῖᾷας</strong></span> <span class='ocrx_word' id='word_1_214' title='bbox 2900 1571 3076 1642; x_wconf 83' lang='grc' dir='ltr'><strong>μάτην</strong></span> <span class='ocrx_word' id='word_1_215' title='bbox 3097 1567 3444 1642; x_wconf 79' lang='grc' dir='ltr'><strong>διαφέρεσθαι</strong></span> <span class='ocrx_word' id='word_1_216' title='bbox 3475 1567 3596 1640; x_wconf 75' lang='grc' dir='ltr'><strong>πρὸς</strong></span> <span class='ocrx_word' id='word_1_217' title='bbox 3624 1568 3734 1636; x_wconf 61' lang='lat' dir='ltr'><strong>uel;</strong></span> 
     </span>
    </p>
   </div>
   <div class='ocr_carea' id='block_1_33' title="bbox 2213 1658 3737 1737">
    <p class='ocr_par' dir='ltr' id='par_1_33' title="bbox 2213 1658 3737 1737">
     <span class='ocr_line' id='line_1_33' title="bbox 2213 1658 3737 1737; baseline -0.006 -18"><span class='ocrx_word' id='word_1_218' title='bbox 2213 1664 2582 1737; x_wconf 79' lang='grc' dir='ltr'><strong>λογισάμενοι,</strong></span> <span class='ocrx_word' id='word_1_219' title='bbox 2636 1669 2915 1719; x_wconf 80' lang='grc' dir='ltr'><strong>κοινωνεῖν</strong></span> <span class='ocrx_word' id='word_1_220' title='bbox 2969 1661 3219 1734; x_wconf 82' lang='grc' dir='ltr'><strong>ἀλλήλοις</strong></span> <span class='ocrx_word' id='word_1_221' title='bbox 3265 1659 3607 1717; x_wconf 76' lang='grc' dir='ltr'><strong>ἐϐουλεύοντο.</strong></span> <span class='ocrx_word' id='word_1_222' title='bbox 3651 1658 3737 1712; x_wconf 75' lang='grc' dir='ltr'><strong>Καὶ</strong></span> 
     </span>
    </p>
   </div>
   <div class='ocr_carea' id='block_1_34' title="bbox 533 1733 2117 1828">
    <p class='ocr_par' dir='ltr' id='par_1_34' title="bbox 533 1733 2108 1826">
     <span class='ocr_line' id='line_1_34' title="bbox 533 1733 2108 1826; baseline 0.003 -19"><span class='ocrx_word' id='word_1_223' title='bbox 533 1751 815 1808; x_wconf 87' lang='lat' dir='ltr'><strong>lamitates</strong></span> <span class='ocrx_word' id='word_1_224' title='bbox 858 1751 1174 1818; x_wconf 89' lang='lat' dir='ltr'><strong>tolerarent,</strong></span> <span class='ocrx_word' id='word_1_225' title='bbox 1208 1761 1397 1807; x_wconf 92' lang='lat' dir='ltr'><strong>mutua</strong></span> <span class='ocrx_word' id='word_1_226' title='bbox 1430 1769 1492 1810; x_wconf 87' lang='lat' dir='ltr'><strong>se</strong></span> <span class='ocrx_word' id='word_1_227' title='bbox 1526 1733 1912 1826; x_wconf 74' lang='lat' dir='ltr'><strong>benevolentia</strong></span> <span class='ocrx_word' id='word_1_228' title='bbox 1951 1770 2108 1810; x_wconf 85' lang='lat' dir='ltr'><strong>com-</strong></span> 
     </span>
    </p>
   </div>
   <div class='ocr_carea' id='block_1_35' title="bbox 2218 1733 3739 1828">
    <p class='ocr_par' dir='ltr' id='par_1_35' title="bbox 2218 1733 3739 1828">
     <span class='ocr_line' id='line_1_35' title="bbox 2218 1733 3739 1828; baseline -0.009 -16"><span class='ocrx_word' id='word_1_229' title='bbox 2218 1733 2470 1828; x_wconf 15' lang='grc' dir='ltr'><strong>δὴήτοῦτο</strong></span> <span class='ocrx_word' id='word_1_230' title='bbox 2487 1756 2751 1825; x_wconf 86' lang='grc' dir='ltr'><strong>ἐγεγόνει,</strong></span> <span class='ocrx_word' id='word_1_231' title='bbox 2779 1756 2828 1809; x_wconf 83' lang='grc' dir='ltr'><strong>εί</strong></span> <span class='ocrx_word' id='word_1_232' title='bbox 2862 1754 2938 1827; x_wconf 80' lang='grc' dir='ltr'><strong>μὴ</strong></span> <span class='ocrx_word' id='word_1_233' title='bbox 2955 1733 3221 1824; x_wconf 76' lang='grc' dir='ltr'><strong>βασκανία</strong></span> <span class='ocrx_word' id='word_1_234' title='bbox 3235 1752 3451 1821; x_wconf 79' lang='grc' dir='ltr'><strong>ὀλίγων,</strong></span> <span class='ocrx_word' id='word_1_235' title='bbox 3483 1745 3639 1821; x_wconf 73' lang='grc' dir='ltr'><strong>οἶμαι,</strong></span> <span class='ocrx_word' id='word_1_236' title='bbox 3663 1748 3739 1819; x_wconf 75' lang='grc' dir='ltr'><strong>τὴν</strong></span> 
     </span>
    </p>
   </div>
   <div class='ocr_carea' id='block_1_36' title="bbox 534 1837 2117 1920">
    <p class='ocr_par' dir='ltr' id='par_1_36' title="bbox 534 1843 2108 1915">
     <span class='ocr_line' id='line_1_36' title="bbox 534 1843 2108 1915; baseline 0.004 -19"><span class='ocrx_word' id='word_1_237' title='bbox 534 1843 959 1912; x_wconf 85' lang='lat' dir='ltr'><strong>plectebantur:</strong></span> <span class='ocrx_word' id='word_1_238' title='bbox 996 1851 1051 1901; x_wconf 87' lang='lat' dir='ltr'><strong>et</strong></span> <span class='ocrx_word' id='word_1_239' title='bbox 1096 1844 1152 1898; x_wconf 90' lang='lat' dir='ltr'><strong>in</strong></span> <span class='ocrx_word' id='word_1_240' title='bbox 1181 1845 1432 1900; x_wconf 87' lang='lat' dir='ltr'><strong>eumdem</strong></span> <span class='ocrx_word' id='word_1_241' title='bbox 1464 1845 1643 1900; x_wconf 90' lang='lat' dir='ltr'><strong>locum</strong></span> <span class='ocrx_word' id='word_1_242' title='bbox 1689 1847 2108 1915; x_wconf 81' lang='lat' dir='ltr'><strong>conveniebant,</strong></span> 
     </span>
    </p>
   </div>
   <div class='ocr_carea' id='block_1_37' title="bbox 2218 1837 3739 1920">
    <p class='ocr_par' dir='ltr' id='par_1_37' title="bbox 2218 1837 3739 1920">
     <span class='ocr_line' id='line_1_37' title="bbox 2218 1837 3739 1920; baseline -0.005 -17"><span class='ocrx_word' id='word_1_243' title='bbox 2218 1849 2311 1904; x_wconf 91' lang='grc' dir='ltr'><strong>τοῦ</strong></span> <span class='ocrx_word' id='word_1_244' title='bbox 2338 1848 2575 1920; x_wconf 82' lang='grc' dir='ltr'><strong>πλήθους</strong></span> <span class='ocrx_word' id='word_1_245' title='bbox 2599 1849 2911 1919; x_wconf 80' lang='grc' dir='ltr'><strong>προθυμίαν</strong></span> <span class='ocrx_word' id='word_1_246' title='bbox 2943 1845 3196 1917; x_wconf 77' lang='grc' dir='ltr'><strong>ἔϐλαψεν,</strong></span> <span class='ocrx_word' id='word_1_247' title='bbox 3219 1846 3441 1917; x_wconf 76' lang='grc' dir='ltr'><strong>ἀρχαῖον</strong></span> <span class='ocrx_word' id='word_1_248' title='bbox 3468 1837 3592 1897; x_wconf 77' lang='grc' dir='ltr'><strong>εἶναι</strong></span> <span class='ocrx_word' id='word_1_249' title='bbox 3616 1840 3739 1909; x_wconf 68' lang='grc' dir='ltr'><strong>λόγον</strong></span> 
     </span>
    </p>
   </div>
   <div class='ocr_carea' id='block_1_38' title="bbox 536 1934 2117 2012">
    <p class='ocr_par' dir='ltr' id='par_1_38' title="bbox 536 1934 2117 2006">
     <span class='ocr_line' id='line_1_38' title="bbox 536 1934 2117 2006; baseline 0.005 -17"><span class='ocrx_word' id='word_1_250' title='bbox 536 1948 604 1990; x_wconf 84' lang='lat' dir='ltr'><strong>ac</strong></span> <span class='ocrx_word' id='word_1_251' title='bbox 643 1934 807 1991; x_wconf 82' lang='lat' dir='ltr'><strong>simul</strong></span> <span class='ocrx_word' id='word_1_252' title='bbox 838 1936 1227 2006; x_wconf 82' lang='lat' dir='ltr'><strong>precabantur.</strong></span> <span class='ocrx_word' id='word_1_253' title='bbox 1277 1935 1416 1992; x_wconf 82' lang='lat' dir='ltr'><strong>Nam</strong></span> <span class='ocrx_word' id='word_1_254' title='bbox 1455 1937 1756 1995; x_wconf 89' lang='lat' dir='ltr'><strong>Catholicis</strong></span> <span class='ocrx_word' id='word_1_255' title='bbox 1789 1939 1937 1995; x_wconf 88' lang='lat' dir='ltr'><strong>nulla</strong></span> <span class='ocrx_word' id='word_1_256' title='bbox 1981 1948 2117 1997; x_wconf 90' lang='lat' dir='ltr'><strong>tunc</strong></span> 
     </span>
    </p>
   </div>
   <div class='ocr_carea' id='block_1_39' title="bbox 2218 1934 3484 2012">
    <p class='ocr_par' dir='ltr' id='par_1_39' title="bbox 2221 1937 3484 2012">
     <span class='ocr_line' id='line_1_39' title="bbox 2221 1937 3484 2012; baseline -0.006 -16"><span class='ocrx_word' id='word_1_257' title='bbox 2221 1940 2650 2012; x_wconf 78' lang='grc' dir='ltr'><strong>ίσχυριξομένων</strong></span> <span class='ocrx_word' id='word_1_258' title='bbox 2683 1939 3068 2011; x_wconf 87' lang='grc' dir='ltr'><strong>παραιτεῖσθαι</strong></span> <span class='ocrx_word' id='word_1_259' title='bbox 3095 1937 3265 1993; x_wconf 83' lang='grc' dir='ltr'><strong>τοῦτο</strong></span> <span class='ocrx_word' id='word_1_260' title='bbox 3293 1938 3484 1992; x_wconf 76' lang='grc' dir='ltr'><strong>ποιεῖν.</strong></span> 
     </span>
    </p>
   </div>
   <div class='ocr_carea' id='block_1_40' title="bbox 500 2024 3741 2110">
    <p class='ocr_par' dir='ltr' id='par_1_40' title="bbox 500 2024 3741 2110">
     <span class='ocr_line' id='line_1_40' title="bbox 500 2024 3741 2110; baseline -0.002 -27"><span class='ocrx_word' id='word_1_261' title='bbox 500 2040 698 2110; x_wconf 49' lang='grc' dir='ltr'><strong>ἐτειιι</strong></span> <span class='ocrx_word' id='word_1_262' title='bbox 728 2031 1006 2097; x_wconf 88' lang='lat' dir='ltr'><strong>oratoria;</strong></span> <span class='ocrx_word' id='word_1_263' title='bbox 1035 2031 1129 2087; x_wconf 87' lang='lat' dir='ltr'><strong>sed</strong></span> <span class='ocrx_word' id='word_1_264' title='bbox 1164 2031 1353 2088; x_wconf 87' lang='lat' dir='ltr'><strong>Ariani</strong></span> <span class='ocrx_word' id='word_1_265' title='bbox 1385 2041 1585 2088; x_wconf 90' lang='lat' dir='ltr'><strong>cuncta</strong></span> <span class='ocrx_word' id='word_1_266' title='bbox 1628 2032 1742 2089; x_wconf 86' lang='lat' dir='ltr'><strong>illis</strong></span> <span class='ocrx_word' id='word_1_267' title='bbox 1804 2034 2145 2092; x_wconf 87' lang='lat' dir='ltr'><strong>ademerant.</strong></span> <span class='ocrx_word' id='word_1_268' title='bbox 2184 2035 2435 2107; x_wconf 86' lang='lat' dir='ltr'><strong>Cumque</strong></span> <span class='ocrx_word' id='word_1_269' title='bbox 2483 2050 2552 2091; x_wconf 81' lang='lat' dir='ltr'><strong>cx</strong></span> <span class='ocrx_word' id='word_1_270' title='bbox 2624 2033 2849 2090; x_wconf 84' lang='lat' dir='ltr'><strong>assidua</strong></span> <span class='ocrx_word' id='word_1_271' title='bbox 2888 2032 3314 2097; x_wconf 88' lang='lat' dir='ltr'><strong>consuetudine,</strong></span> <span class='ocrx_word' id='word_1_272' title='bbox 3360 2030 3441 2085; x_wconf 93' lang='lat' dir='ltr'><strong>uti</strong></span> <span class='ocrx_word' id='word_1_273' title='bbox 3476 2024 3741 2084; x_wconf 84' lang='lat' dir='ltr'><strong>verosimile</strong></span> 
     </span>
    </p>
   </div>
   <div class='ocr_carea' id='block_1_41' title="bbox 536 2118 3742 2204">
    <p class='ocr_par' dir='ltr' id='par_1_41' title="bbox 536 2118 3742 2204">
     <span class='ocr_line' id='line_1_41' title="bbox 536 2118 3742 2204; baseline -0.002 -23"><span class='ocrx_word' id='word_1_274' title='bbox 536 2134 642 2195; x_wconf 89' lang='lat' dir='ltr'><strong>est,</strong></span> <span class='ocrx_word' id='word_1_275' title='bbox 680 2125 884 2182; x_wconf 88' lang='lat' dir='ltr'><strong>frustra</strong></span> <span class='ocrx_word' id='word_1_276' title='bbox 926 2142 987 2183; x_wconf 79' lang='lat' dir='ltr'><strong>se</strong></span> <span class='ocrx_word' id='word_1_277' title='bbox 1029 2127 1259 2183; x_wconf 86' lang='lat' dir='ltr'><strong>invicem</strong></span> <span class='ocrx_word' id='word_1_278' title='bbox 1307 2127 1581 2184; x_wconf 88' lang='lat' dir='ltr'><strong>dissidere</strong></span> <span class='ocrx_word' id='word_1_279' title='bbox 1631 2138 1942 2195; x_wconf 85' lang='lat' dir='ltr'><strong>cernerent,</strong></span> <span class='ocrx_word' id='word_1_280' title='bbox 1978 2131 2121 2189; x_wconf 88' lang='lat' dir='ltr'><strong>inter</strong></span> <span class='ocrx_word' id='word_1_281' title='bbox 2158 2146 2220 2188; x_wconf 87' lang='lat' dir='ltr'><strong>se</strong></span> <span class='ocrx_word' id='word_1_282' title='bbox 2280 2132 2541 2204; x_wconf 87' lang='lat' dir='ltr'><strong>deinceps</strong></span> <span class='ocrx_word' id='word_1_283' title='bbox 2589 2129 2999 2186; x_wconf 86' lang='lat' dir='ltr'><strong>communicare</strong></span> <span class='ocrx_word' id='word_1_284' title='bbox 3052 2126 3433 2185; x_wconf 78' lang='lat' dir='ltr'><strong>decreverant.</strong></span> <span class='ocrx_word' id='word_1_285' title='bbox 3470 2119 3612 2190; x_wconf 83' lang='lat' dir='ltr'><strong>Quod</strong></span> <span class='ocrx_word' id='word_1_286' title='bbox 3641 2118 3742 2189; x_wconf 84' lang='lat' dir='ltr'><strong>qui-</strong></span> 
     </span>
    </p>
   </div>
   <div class='ocr_carea' id='block_1_42' title="bbox 538 2219 3739 2297">
    <p class='ocr_par' dir='ltr' id='par_1_42' title="bbox 538 2219 3739 2297">
     <span class='ocr_line' id='line_1_42' title="bbox 538 2219 3739 2297; baseline -0.003 -20"><span class='ocrx_word' id='word_1_287' title='bbox 538 2223 663 2279; x_wconf 87' lang='lat' dir='ltr'><strong>dem</strong></span> <span class='ocrx_word' id='word_1_288' title='bbox 715 2220 921 2277; x_wconf 84' lang='lat' dir='ltr'><strong>factum</strong></span> <span class='ocrx_word' id='word_1_289' title='bbox 959 2221 1192 2291; x_wconf 80' lang='lat' dir='ltr'><strong>fuisset,</strong></span> <span class='ocrx_word' id='word_1_290' title='bbox 1229 2224 1335 2279; x_wconf 88' lang='lat' dir='ltr'><strong>nisi</strong></span> <span class='ocrx_word' id='word_1_291' title='bbox 1393 2224 1666 2278; x_wconf 85' lang='lat' dir='ltr'><strong>alacritati</strong></span> <span class='ocrx_word' id='word_1_292' title='bbox 1718 2225 2090 2285; x_wconf 86' lang='lat' dir='ltr'><strong>multitudinis</strong></span> <span class='ocrx_word' id='word_1_293' title='bbox 2127 2227 2436 2286; x_wconf 84' lang='lat' dir='ltr'><strong>obstitisset</strong></span> <span class='ocrx_word' id='word_1_294' title='bbox 2485 2240 2787 2297; x_wconf 88' lang='lat' dir='ltr'><strong>paucorum</strong></span> <span class='ocrx_word' id='word_1_295' title='bbox 2842 2223 3087 2291; x_wconf 81' lang='lat' dir='ltr'><strong>invidia,</strong></span> <span class='ocrx_word' id='word_1_296' title='bbox 3119 2222 3211 2294; x_wconf 85' lang='lat' dir='ltr'><strong>qui</strong></span> <span class='ocrx_word' id='word_1_297' title='bbox 3258 2219 3586 2277; x_wconf 77' lang='lat' dir='ltr'><strong>afﬁrmabant</strong></span> <span class='ocrx_word' id='word_1_298' title='bbox 3614 2221 3739 2272; x_wconf 83' lang='lat' dir='ltr'><strong>vetus</strong></span> 
     </span>
    </p>
   </div>
   <div class='ocr_carea' id='block_1_43' title="bbox 538 2318 1879 2390">
    <p class='ocr_par' dir='ltr' id='par_1_43' title="bbox 538 2318 1879 2390">
     <span class='ocr_line' id='line_1_43' title="bbox 538 2318 1879 2390; baseline 0.001 -16"><span class='ocrx_word' id='word_1_299' title='bbox 538 2327 876 2390; x_wconf 67' lang='lat' dir='ltr'><strong>praeceptum</strong></span> <span class='ocrx_word' id='word_1_300' title='bbox 908 2333 1053 2385; x_wconf 85' lang='lat' dir='ltr'><strong>esse,</strong></span> <span class='ocrx_word' id='word_1_301' title='bbox 1086 2325 1147 2374; x_wconf 92' lang='lat' dir='ltr'><strong>ut</strong></span> <span class='ocrx_word' id='word_1_302' title='bbox 1184 2318 1238 2373; x_wconf 90' lang='lat' dir='ltr'><strong>id</strong></span> <span class='ocrx_word' id='word_1_303' title='bbox 1268 2319 1450 2374; x_wconf 80' lang='lat' dir='ltr'><strong>facere</strong></span> <span class='ocrx_word' id='word_1_304' title='bbox 1483 2318 1879 2377; x_wconf 81' lang='lat' dir='ltr'><strong>detrectarent.</strong></span> 
     </span>
    </p>
   </div>
   <div class='ocr_carea' id='block_1_44' title="bbox 1174 2408 2117 2466">
    <p class='ocr_par' dir='ltr' id='par_1_44' title="bbox 1174 2409 1521 2466">
     <span class='ocr_line' id='line_1_44' title="bbox 1174 2409 1521 2466; baseline -0.003 0"><span class='ocrx_word' id='word_1_305' title='bbox 1174 2409 1330 2466; x_wconf 84' lang='lat' dir='ltr'><strong>CAP.</strong></span> <span class='ocrx_word' id='word_1_306' title='bbox 1375 2409 1521 2465; x_wconf 78' lang='lat' dir='ltr'><strong>XXI.</strong></span> 
     </span>
    </p>
   </div>
   <div class='ocr_carea' id='block_1_45' title="bbox 2218 2408 3211 2466">
    <p class='ocr_par' dir='ltr' id='par_1_45' title="bbox 2799 2408 3211 2465">
     <span class='ocr_line' id='line_1_45' title="bbox 2799 2408 3211 2465; baseline -0.007 0"><span class='ocrx_word' id='word_1_307' title='bbox 2799 2409 3050 2465; x_wconf 78' lang='grc' dir='ltr'><strong>ΚΕΦΑΛ.</strong></span> <span class='ocrx_word' id='word_1_308' title='bbox 3080 2408 3211 2463; x_wconf 80' lang='lat' dir='ltr'><strong>KA&#39;.</strong></span> 
     </span>
    </p>
   </div>
   <div class='ocr_carea' id='block_1_46' title="bbox 542 2486 2117 2575">
    <p class='ocr_par' dir='ltr' id='par_1_46' title="bbox 542 2502 2113 2575">
     <span class='ocr_line' id='line_1_46' title="bbox 542 2502 2113 2575; baseline 0.002 -16"><span class='ocrx_word' id='word_1_309' title='bbox 542 2503 622 2560; x_wconf 79' lang='lat' dir='ltr'><strong>De</strong></span> <span class='ocrx_word' id='word_1_310' title='bbox 668 2505 751 2559; x_wconf 74' lang='lat' dir='ltr'><strong>his</strong></span> <span class='ocrx_word' id='word_1_311' title='bbox 792 2519 910 2575; x_wconf 65' lang='lat' dir='ltr'><strong>qua</strong></span> <span class='ocrx_word' id='word_1_312' title='bbox 943 2502 1194 2575; x_wconf 70' lang='lat' dir='ltr'><strong>Mantinii</strong></span> <span class='ocrx_word' id='word_1_313' title='bbox 1246 2512 1556 2575; x_wconf 27' lang='lat' dir='ltr'><strong>gesta‘sunt</strong></span> <span class='ocrx_word' id='word_1_314' title='bbox 1600 2521 1634 2558; x_wconf 90' lang='lat' dir='ltr'><strong>a</strong></span> <span class='ocrx_word' id='word_1_315' title='bbox 1674 2503 1985 2561; x_wconf 74' lang='lat' dir='ltr'><strong>Macedonio</strong></span> <span class='ocrx_word' id='word_1_316' title='bbox 2014 2522 2035 2562; x_wconf 90' lang='lat'><strong><em>:</em></strong></span> <span class='ocrx_word' id='word_1_317' title='bbox 2062 2517 2113 2562; x_wconf 79' lang='lat' dir='ltr'><strong>et</strong></span> 
     </span>
    </p>
   </div>
   <div class='ocr_carea' id='block_1_47' title="bbox 2218 2486 3743 2575">
    <p class='ocr_par' dir='ltr' id='par_1_47' title="bbox 2218 2486 3743 2575">
     <span class='ocr_line' id='line_1_47' title="bbox 2218 2486 3743 2575; baseline -0.007 -16"><span class='ocrx_word' id='word_1_318' title='bbox 2218 2506 2350 2575; x_wconf 69' lang='grc' dir='ltr'><strong>Περὶ</strong></span> <span class='ocrx_word' id='word_1_319' title='bbox 2377 2505 2495 2560; x_wconf 82' lang='grc' dir='ltr'><strong>τῶν</strong></span> <span class='ocrx_word' id='word_1_320' title='bbox 2513 2503 2583 2575; x_wconf 68' lang='grc' dir='ltr'><strong>ἐν</strong></span> <span class='ocrx_word' id='word_1_321' title='bbox 2612 2501 2937 2575; x_wconf 69' lang='grc' dir='ltr'><strong>Μαντινείᾳ</strong></span> <span class='ocrx_word' id='word_1_322' title='bbox 2955 2494 3480 2575; x_wconf 48' lang='grc' dir='ltr'><strong>ὑπὸ-Μακεδονίου</strong></span> <span class='ocrx_word' id='word_1_323' title='bbox 3504 2486 3743 2575; x_wconf 67' lang='grc' dir='ltr'><strong>πραχθέν-</strong></span> 
     </span>
    </p>
   </div>
   <div class='ocr_carea' id='block_1_48' title="bbox 611 2571 2112 2646">
    <p class='ocr_par' dir='ltr' id='par_1_48' title="bbox 611 2571 2112 2646">
     <span class='ocr_line' id='line_1_48' title="bbox 611 2571 2112 2646; baseline 0.003 -19"><span class='ocrx_word' id='word_1_324' title='bbox 611 2571 869 2643; x_wconf 74' lang='lat' dir='ltr'><strong>quomodo</strong></span> <span class='ocrx_word' id='word_1_325' title='bbox 913 2573 974 2628; x_wconf 88' lang='lat' dir='ltr'><strong>ob</strong></span> <span class='ocrx_word' id='word_1_326' title='bbox 1023 2571 1343 2646; x_wconf 63' lang='lat' dir='ltr'><strong>translatum</strong></span> <span class='ocrx_word' id='word_1_327' title='bbox 1383 2571 1721 2646; x_wconf 63' lang='lat' dir='ltr'><strong>Constantini</strong></span> <span class='ocrx_word' id='word_1_328' title='bbox 1754 2576 1934 2646; x_wconf 78' lang='lat' dir='ltr'><strong>Magni</strong></span> <span class='ocrx_word' id='word_1_329' title='bbox 1974 2577 2112 2646; x_wconf 80' lang='lat' dir='ltr'><strong>fere-</strong></span> 
     </span>
    </p>
   </div>
   <div class='ocr_carea' id='block_1_49' title="bbox 617 2642 2110 2717">
    <p class='ocr_par' dir='ltr' id='par_1_49' title="bbox 617 2642 2110 2717">
     <span class='ocr_line' id='line_1_49' title="bbox 617 2642 2110 2717; baseline 0.003 -20"><span class='ocrx_word' id='word_1_330' title='bbox 617 2642 780 2717; x_wconf 77' lang='lat' dir='ltr'><strong>trum,</strong></span> <span class='ocrx_word' id='word_1_331' title='bbox 823 2659 923 2717; x_wconf 57' lang='lat' dir='ltr'><strong>sua</strong></span> <span class='ocrx_word' id='word_1_332' title='bbox 966 2643 1085 2717; x_wconf 74' lang='lat' dir='ltr'><strong>sede</strong></span> <span class='ocrx_word' id='word_1_333' title='bbox 1120 2644 1369 2711; x_wconf 73' lang='lat' dir='ltr'><strong>expulsus</strong></span> <span class='ocrx_word' id='word_1_334' title='bbox 1411 2655 1509 2702; x_wconf 83' lang='lat' dir='ltr'><strong>est.</strong></span> <span class='ocrx_word' id='word_1_335' title='bbox 1539 2642 1676 2703; x_wconf 84' lang='lat' dir='ltr'><strong>Item</strong></span> <span class='ocrx_word' id='word_1_336' title='bbox 1719 2642 1984 2717; x_wconf 69' lang='lat' dir='ltr'><strong>quomodo</strong></span> <span class='ocrx_word' id='word_1_337' title='bbox 2009 2647 2110 2703; x_wconf 80' lang='lat' dir='ltr'><strong>Ju-</strong></span> 
     </span>
    </p>
   </div>
   <div class='ocr_carea' id='block_1_50' title="bbox 612 2711 2077 2784">
    <p class='ocr_par' dir='ltr' id='par_1_50' title="bbox 612 2711 2077 2784">
     <span class='ocr_line' id='line_1_50' title="bbox 612 2711 2077 2784; baseline 0 -17"><span class='ocrx_word' id='word_1_338' title='bbox 612 2714 788 2770; x_wconf 72' lang='lat' dir='ltr'><strong>lianus</strong></span> <span class='ocrx_word' id='word_1_339' title='bbox 819 2711 1004 2770; x_wconf 67' lang='lat' dir='ltr'><strong>Caesar</strong></span> <span class='ocrx_word' id='word_1_340' title='bbox 1028 2714 1203 2784; x_wconf 74' lang='lat' dir='ltr'><strong>factus</strong></span> <span class='ocrx_word' id='word_1_341' title='bbox 1232 2725 1329 2769; x_wconf 73' lang='lat' dir='ltr'><strong>est.</strong></span> <span class='ocrx_word' id='word_1_342' title='bbox 1730 2711 1744 2717; x_wconf 87' lang='grc'><em>”</em></span> <span class='ocrx_word' id='word_1_343' title='bbox 2066 2734 2077 2739; x_wconf 91' lang='grc'>·</span> 
     </span>
    </p>
   </div>
   <div class='ocr_carea' id='block_1_51' title="bbox 613 2804 2108 2877">
    <p class='ocr_par' dir='ltr' id='par_1_51' title="bbox 613 2804 2108 2877">
     <span class='ocr_line' id='line_1_51' title="bbox 613 2804 2108 2877; baseline 0.003 -19"><span class='ocrx_word' id='word_1_344' title='bbox 613 2804 717 2861; x_wconf 85' lang='lat' dir='ltr'><strong>Per</strong></span> <span class='ocrx_word' id='word_1_345' title='bbox 769 2804 914 2861; x_wconf 89' lang='lat' dir='ltr'><strong>idem</strong></span> <span class='ocrx_word' id='word_1_346' title='bbox 961 2815 1178 2875; x_wconf 87' lang='lat' dir='ltr'><strong>tempus</strong></span> <span class='ocrx_word' id='word_1_347' title='bbox 1235 2804 1489 2863; x_wconf 87' lang='lat' dir='ltr'><strong>Eleusius</strong></span> <span class='ocrx_word' id='word_1_348' title='bbox 1544 2823 1767 2877; x_wconf 87' lang='lat' dir='ltr'><strong>quoque</strong></span> <span class='ocrx_word' id='word_1_349' title='bbox 1817 2809 2108 2866; x_wconf 87' lang='lat' dir='ltr'><strong>ecclesiam</strong></span> 
     </span>
    </p>
   </div>
   <div class='ocr_carea' id='block_1_52' title="bbox 541 2897 2108 2971">
    <p class='ocr_par' dir='ltr' id='par_1_52' title="bbox 541 2897 2108 2971">
     <span class='ocr_line' id='line_1_52' title="bbox 541 2897 2108 2971; baseline 0.004 -19"><span class='ocrx_word' id='word_1_350' title='bbox 541 2897 973 2954; x_wconf 72' lang='lat' dir='ltr'><strong>Novatianorum</strong></span> <span class='ocrx_word' id='word_1_351' title='bbox 1020 2901 1075 2953; x_wconf 84' lang='lat' dir='ltr'><strong>in</strong></span> <span class='ocrx_word' id='word_1_352' title='bbox 1126 2897 1263 2955; x_wconf 84' lang='lat' dir='ltr'><strong>urbe</strong></span> <span class='ocrx_word' id='word_1_353' title='bbox 1306 2898 1508 2971; x_wconf 87' lang='lat' dir='ltr'><strong>Cyzico</strong></span> <span class='ocrx_word' id='word_1_354' title='bbox 1548 2899 1794 2955; x_wconf 85' lang='lat' dir='ltr'><strong>funditus</strong></span> <span class='ocrx_word' id='word_1_355' title='bbox 1848 2901 2108 2958; x_wconf 74' lang='lat' dir='ltr'><strong>evertit‘.</strong></span> 
     </span>
    </p>
   </div>
   <div class='ocr_carea' id='block_1_53' title="bbox 545 2987 2111 3063">
    <p class='ocr_par' dir='ltr' id='par_1_53' title="bbox 545 2987 2111 3063">
     <span class='ocr_line' id='line_1_53' title="bbox 545 2987 2111 3063; baseline 0.004 -22"><span class='ocrx_word' id='word_1_356' title='bbox 545 2987 868 3060; x_wconf 74' lang='lat' dir='ltr'><strong>Huiusmodi</strong></span> <span class='ocrx_word' id='word_1_357' title='bbox 896 3004 1065 3060; x_wconf 90' lang='lat' dir='ltr'><strong>porro</strong></span> <span class='ocrx_word' id='word_1_358' title='bbox 1094 2990 1253 3046; x_wconf 88' lang='lat' dir='ltr'><strong>malis</strong></span> <span class='ocrx_word' id='word_1_359' title='bbox 1292 2991 1557 3062; x_wconf 77' lang='lat' dir='ltr'><strong>exagitati</strong></span> <span class='ocrx_word' id='word_1_360' title='bbox 1588 3000 1738 3058; x_wconf 90' lang='lat' dir='ltr'><strong>sunt,</strong></span> <span class='ocrx_word' id='word_1_361' title='bbox 1771 2999 1886 3046; x_wconf 90' lang='lat' dir='ltr'><strong>tum</strong></span> <span class='ocrx_word' id='word_1_362' title='bbox 1914 2992 2111 3063; x_wconf 89' lang='lat' dir='ltr'><strong>reliqui</strong></span> 
     </span>
    </p>
   </div>
   <div class='ocr_carea' id='block_1_54' title="bbox 2282 2563 3742 2640">
    <p class='ocr_par' dir='ltr' id='par_1_54' title="bbox 2282 2563 3742 2640">
     <span class='ocr_line' id='line_1_54' title="bbox 2282 2563 3742 2640; baseline -0.007 -11"><span class='ocrx_word' id='word_1_363' title='bbox 2282 2563 2402 2630; x_wconf 73' lang='grc' dir='ltr'><strong>ἱνων</strong></span> <span class='ocrx_word' id='word_1_364' title='bbox 2422 2591 2434 2605; x_wconf 73' lang='grc' dir='ltr'><strong>ο</strong></span> <span class='ocrx_word' id='word_1_365' title='bbox 2458 2573 2557 2627; x_wconf 73' lang='grc' dir='ltr'><strong>καὶ</strong></span> <span class='ocrx_word' id='word_1_366' title='bbox 2586 2575 2667 2638; x_wconf 84' lang='grc' dir='ltr'><strong>ὡς</strong></span> <span class='ocrx_word' id='word_1_367' title='bbox 2697 2563 2963 2640; x_wconf 73' lang='grc' dir='ltr'><strong>ἐξηλάθη</strong></span> <span class='ocrx_word' id='word_1_368' title='bbox 2994 2571 3102 2625; x_wconf 85' lang='grc' dir='ltr'><strong>τοῦ</strong></span> <span class='ocrx_word' id='word_1_369' title='bbox 3129 2572 3350 2638; x_wconf 82' lang='grc' dir='ltr'><strong>θρόνου</strong></span> <span class='ocrx_word' id='word_1_370' title='bbox 3369 2608 3383 2632; x_wconf 92' lang='grc'><strong>,</strong></span> <span class='ocrx_word' id='word_1_371' title='bbox 3404 2563 3742 2640; x_wconf 63' lang='grc' dir='ltr'><strong>μεταθέμενος</strong></span> 
     </span>
    </p>
   </div>
   <div class='ocr_carea' id='block_1_55' title="bbox 2283 2631 3745 2713">
    <p class='ocr_par' dir='ltr' id='par_1_55' title="bbox 2283 2631 3745 2713">
     <span class='ocr_line' id='line_1_55' title="bbox 2283 2631 3745 2713; baseline -0.011 -13"><span class='ocrx_word' id='word_1_372' title='bbox 2283 2645 2402 2713; x_wconf 82' lang='grc' dir='ltr'><strong>τὴν</strong></span> <span class='ocrx_word' id='word_1_373' title='bbox 2424 2643 2621 2712; x_wconf 79' lang='grc' dir='ltr'><strong>θήκην</strong></span> <span class='ocrx_word' id='word_1_374' title='bbox 2639 2631 2761 2698; x_wconf 67' lang='grc' dir='ltr'><strong>τοῦ</strong></span> <span class='ocrx_word' id='word_1_375' title='bbox 2780 2631 3050 2713; x_wconf 48' lang='lat' dir='ltr'><strong>nemon</strong></span> <span class='ocrx_word' id='word_1_376' title='bbox 3072 2631 3550 2713; x_wconf 53' lang='grc' dir='ltr'><strong>Κωξρσταντῖνου·</strong></span> <span class='ocrx_word' id='word_1_377' title='bbox 3580 2631 3662 2689; x_wconf 68' lang='grc' dir='ltr'><strong>καί</strong></span> <span class='ocrx_word' id='word_1_378' title='bbox 3682 2631 3745 2697; x_wconf 79' lang='grc' dir='ltr'><strong>ὠς</strong></span> 
     </span>
    </p>
   </div>
   <div class='ocr_carea' id='block_1_56' title="bbox 2281 2709 3316 2781">
    <p class='ocr_par' dir='ltr' id='par_1_56' title="bbox 2281 2709 3316 2781">
     <span class='ocr_line' id='line_1_56' title="bbox 2281 2709 3316 2781; baseline -0.009 -10"><span class='ocrx_word' id='word_1_379' title='bbox 2281 2720 2314 2771; x_wconf 85' lang='grc' dir='ltr'><strong>ό</strong></span> <span class='ocrx_word' id='word_1_380' title='bbox 2346 2709 2670 2780; x_wconf 52' lang='grc' dir='ltr'><strong>’Ἰουλιανὸς</strong></span> <span class='ocrx_word' id='word_1_381' title='bbox 2702 2709 3036 2781; x_wconf 76' lang='grc' dir='ltr'><strong>προεϐλήθη</strong></span> <span class='ocrx_word' id='word_1_382' title='bbox 3067 2709 3316 2778; x_wconf 80' lang='grc' dir='ltr'><strong>Καῖσαρ.</strong></span> 
     </span>
    </p>
   </div>
   <div class='ocr_carea' id='block_1_57' title="bbox 2284 2790 3747 2874">
    <p class='ocr_par' dir='ltr' id='par_1_57' title="bbox 2284 2790 3747 2874">
     <span class='ocr_line' id='line_1_57' title="bbox 2284 2790 3747 2874; baseline -0.012 -12"><span class='ocrx_word' id='word_1_383' title='bbox 2284 2806 2446 2863; x_wconf 84' lang='grc' dir='ltr'><strong>Κατὰ</strong></span> <span class='ocrx_word' id='word_1_384' title='bbox 2469 2806 2527 2861; x_wconf 80' lang='grc' dir='ltr'><strong>δὲ</strong></span> <span class='ocrx_word' id='word_1_385' title='bbox 2559 2804 2748 2859; x_wconf 87' lang='grc' dir='ltr'><strong>τοῦτον</strong></span> <span class='ocrx_word' id='word_1_386' title='bbox 2791 2804 2884 2857; x_wconf 77' lang='grc' dir='ltr'><strong>τὸν</strong></span> <span class='ocrx_word' id='word_1_387' title='bbox 2914 2802 3104 2874; x_wconf 88' lang='grc' dir='ltr'><strong>χρόνον</strong></span> <span class='ocrx_word' id='word_1_388' title='bbox 3128 2841 3141 2864; x_wconf 88' lang='grc'><strong>,</strong></span> <span class='ocrx_word' id='word_1_389' title='bbox 3169 2801 3269 2855; x_wconf 77' lang='grc' dir='ltr'><strong>καὶ</strong></span> <span class='ocrx_word' id='word_1_390' title='bbox 3303 2790 3562 2859; x_wconf 86' lang='grc' dir='ltr'><strong>Ἐλεύσιος</strong></span> <span class='ocrx_word' id='word_1_391' title='bbox 3584 2793 3666 2866; x_wconf 81' lang='grc' dir='ltr'><strong>τὴν</strong></span> <span class='ocrx_word' id='word_1_392' title='bbox 3702 2791 3747 2844; x_wconf 81' lang='grc' dir='ltr'><strong>ἐν</strong></span> 
     </span>
    </p>
   </div>
   <div class='ocr_carea' id='block_1_58' title="bbox 2215 2884 3748 2970">
    <p class='ocr_par' dir='ltr' id='par_1_58' title="bbox 2215 2884 3748 2970">
     <span class='ocr_line' id='line_1_58' title="bbox 2215 2884 3748 2970; baseline -0.012 -14"><span class='ocrx_word' id='word_1_393' title='bbox 2215 2897 2442 2970; x_wconf 83' lang='grc' dir='ltr'><strong>Κυζίκῳ</strong></span> <span class='ocrx_word' id='word_1_394' title='bbox 2485 2896 2784 2970; x_wconf 76' lang='grc' dir='ltr'><strong>ἐκκλησίαν</strong></span> <span class='ocrx_word' id='word_1_395' title='bbox 2816 2893 3172 2949; x_wconf 87' lang='grc' dir='ltr'><strong>Ναυατιανῶν</strong></span> <span class='ocrx_word' id='word_1_396' title='bbox 3202 2892 3376 2965; x_wconf 75' lang='grc' dir='ltr'><strong>ἄρδην</strong></span> <span class='ocrx_word' id='word_1_397' title='bbox 3403 2888 3621 2945; x_wconf 85' lang='grc' dir='ltr'><strong>καθεῖλε.</strong></span> <span class='ocrx_word' id='word_1_398' title='bbox 3642 2884 3748 2939; x_wconf 80' lang='grc' dir='ltr'><strong>Τού-</strong></span> 
     </span>
    </p>
   </div>
   <div class='ocr_carea' id='block_1_59' title="bbox 2214 2977 3749 3054">
    <p class='ocr_par' dir='ltr' id='par_1_59' title="bbox 2214 2977 3749 3054">
     <span class='ocr_line' id='line_1_59' title="bbox 2214 2977 3749 3054; baseline -0.01 -11"><span class='ocrx_word' id='word_1_399' title='bbox 2214 3006 2324 3044; x_wconf 89' lang='grc' dir='ltr'><strong>των</strong></span> <span class='ocrx_word' id='word_1_400' title='bbox 2351 2988 2408 3043; x_wconf 77' lang='grc' dir='ltr'><strong>δὲ</strong></span> <span class='ocrx_word' id='word_1_401' title='bbox 2444 2986 2552 3040; x_wconf 89' lang='grc' dir='ltr'><strong>τῶν</strong></span> <span class='ocrx_word' id='word_1_402' title='bbox 2586 2984 2773 3040; x_wconf 85' lang='grc' dir='ltr'><strong>κακῶν</strong></span> <span class='ocrx_word' id='word_1_403' title='bbox 2813 2986 2873 3050; x_wconf 86' lang='grc' dir='ltr'><strong>ἐς</strong></span> <span class='ocrx_word' id='word_1_404' title='bbox 2896 2984 2967 3038; x_wconf 84' lang='grc' dir='ltr'><strong>τά</strong></span> <span class='ocrx_word' id='word_1_405' title='bbox 3013 2982 3249 3054; x_wconf 86' lang='grc' dir='ltr'><strong>μάλιστα</strong></span> <span class='ocrx_word' id='word_1_406' title='bbox 3285 2980 3535 3053; x_wconf 73' lang='grc' dir='ltr'><strong>μετέσχον</strong></span> <span class='ocrx_word' id='word_1_407' title='bbox 3560 2979 3605 3032; x_wconf 77' lang='grc' dir='ltr'><strong>οἱ</strong></span> <span class='ocrx_word' id='word_1_408' title='bbox 3630 2977 3749 3031; x_wconf 83' lang='grc' dir='ltr'><strong>Μαν-</strong></span> 
     </span>
    </p>
   </div>
   <div class='ocr_carea' id='block_1_60' title="bbox 543 3062 2117 3155">
    <p class='ocr_par' dir='ltr' id='par_1_60' title="bbox 543 3062 2116 3155">
     <span class='ocr_line' id='line_1_60' title="bbox 543 3062 2116 3155; baseline 0.004 -21"><span class='ocrx_word' id='word_1_409' title='bbox 543 3080 943 3153; x_wconf 78' lang='lat' dir='ltr'><strong>Paphlagones,</strong></span> <span class='ocrx_word' id='word_1_410' title='bbox 973 3091 1088 3137; x_wconf 90' lang='lat' dir='ltr'><strong>tum</strong></span> <span class='ocrx_word' id='word_1_411' title='bbox 1115 3080 1152 3136; x_wconf 93' lang='lat' dir='ltr'><strong>ii</strong></span> <span class='ocrx_word' id='word_1_412' title='bbox 1187 3083 1458 3155; x_wconf 71' lang='lat' dir='ltr'><strong>praecipue</strong></span> <span class='ocrx_word' id='word_1_413' title='bbox 1482 3085 1576 3155; x_wconf 90' lang='lat' dir='ltr'><strong>qui</strong></span> <span class='ocrx_word' id='word_1_414' title='bbox 1606 3085 1931 3141; x_wconf 80' lang='lat' dir='ltr'><strong>Mantinium</strong></span> <span class='ocrx_word' id='word_1_415' title='bbox 1962 3062 2116 3141; x_wconf 82' lang='lat' dir='ltr'><strong>inco-</strong></span> 
     </span>
    </p>
   </div>
   <div class='ocr_carea' id='block_1_61' title="bbox 2218 3062 3748 3155">
    <p class='ocr_par' dir='ltr' id='par_1_61' title="bbox 2218 3062 3748 3142">
     <span class='ocr_line' id='line_1_61' title="bbox 2218 3062 3748 3142; baseline -0.01 -8"><span class='ocrx_word' id='word_1_416' title='bbox 2218 3081 2410 3134; x_wconf 88' lang='grc' dir='ltr'><strong>τίνειον</strong></span> <span class='ocrx_word' id='word_1_417' title='bbox 2433 3077 2731 3141; x_wconf 77' lang='grc' dir='ltr'><strong>οἰκοῦντες,</strong></span> <span class='ocrx_word' id='word_1_418' title='bbox 2760 3075 2853 3128; x_wconf 74' lang='grc' dir='ltr'><strong>καὶ</strong></span> <span class='ocrx_word' id='word_1_419' title='bbox 2880 3072 3029 3129; x_wconf 79' lang='grc' dir='ltr'><strong>ἄλλοι</strong></span> <span class='ocrx_word' id='word_1_420' title='bbox 3071 3071 3442 3142; x_wconf 80' lang='grc' dir='ltr'><strong>Παφλαγόνες.</strong></span> <span class='ocrx_word' id='word_1_421' title='bbox 3470 3065 3650 3124; x_wconf 82' lang='grc' dir='ltr'><strong>Μαθὼν</strong></span> <span class='ocrx_word' id='word_1_422' title='bbox 3665 3062 3748 3133; x_wconf 71' lang='grc' dir='ltr'><strong>γὰρ</strong></span> 
     </span>
    </p>
   </div>
   <div class='ocr_carea' id='block_1_62' title="bbox 544 3173 2115 3247">
    <p class='ocr_par' dir='ltr' id='par_1_62' title="bbox 544 3173 2115 3247">
     <span class='ocr_line' id='line_1_62' title="bbox 544 3173 2115 3247; baseline 0.002 -19"><span class='ocrx_word' id='word_1_423' title='bbox 544 3174 749 3231; x_wconf 84' lang='lat' dir='ltr'><strong>lebant.</strong></span> <span class='ocrx_word' id='word_1_424' title='bbox 789 3174 947 3247; x_wconf 74' lang='lat'><strong>162</strong></span> <span class='ocrx_word' id='word_1_425' title='bbox 966 3173 1105 3230; x_wconf 90' lang='lat' dir='ltr'><strong>Cum</strong></span> <span class='ocrx_word' id='word_1_426' title='bbox 1147 3175 1294 3230; x_wconf 90' lang='lat' dir='ltr'><strong>enim</strong></span> <span class='ocrx_word' id='word_1_427' title='bbox 1336 3185 1679 3246; x_wconf 79' lang='lat' dir='ltr'><strong>compertum</strong></span> <span class='ocrx_word' id='word_1_428' title='bbox 1726 3177 1950 3232; x_wconf 90' lang='lat' dir='ltr'><strong>haberet</strong></span> <span class='ocrx_word' id='word_1_429' title='bbox 1996 3176 2115 3231; x_wconf 86' lang='lat' dir='ltr'><strong>Ma-</strong></span> 
     </span>
    </p>
   </div>
   <div class='ocr_carea' id='block_1_63' title="bbox 544 3265 2114 3337">
    <p class='ocr_par' dir='ltr' id='par_1_63' title="bbox 544 3265 2114 3337">
     <span class='ocr_line' id='line_1_63' title="bbox 544 3265 2114 3337; baseline 0.002 -16"><span class='ocrx_word' id='word_1_430' title='bbox 544 3266 834 3331; x_wconf 77' lang='lat' dir='ltr'><strong>cedonius,</strong></span> <span class='ocrx_word' id='word_1_431' title='bbox 893 3266 1187 3337; x_wconf 89' lang='lat' dir='ltr'><strong>plerosque</strong></span> <span class='ocrx_word' id='word_1_432' title='bbox 1228 3266 1345 3322; x_wconf 92' lang='lat' dir='ltr'><strong>illic</strong></span> <span class='ocrx_word' id='word_1_433' title='bbox 1377 3265 1574 3323; x_wconf 81' lang='lat' dir='ltr'><strong>Novati</strong></span> <span class='ocrx_word' id='word_1_434' title='bbox 1612 3277 1776 3324; x_wconf 68' lang='lat' dir='ltr'><strong>sectae</strong></span> <span class='ocrx_word' id='word_1_435' title='bbox 1814 3268 2114 3333; x_wconf 70' lang='lat' dir='ltr'><strong>adhaerere,</strong></span> 
     </span>
    </p>
   </div>
   <div class='ocr_carea' id='block_1_64' title="bbox 544 3346 2118 3427">
    <p class='ocr_par' dir='ltr' id='par_1_64' title="bbox 544 3346 2118 3427">
     <span class='ocr_line' id='line_1_64' title="bbox 544 3346 2118 3427; baseline -0.002 -13"><span class='ocrx_word' id='word_1_436' title='bbox 544 3369 600 3415; x_wconf 91' lang='lat' dir='ltr'><strong>et</strong></span> <span class='ocrx_word' id='word_1_437' title='bbox 626 3357 696 3412; x_wconf 89' lang='lat' dir='ltr'><strong>ad</strong></span> <span class='ocrx_word' id='word_1_438' title='bbox 721 3371 818 3413; x_wconf 89' lang='lat' dir='ltr'><strong>eos</strong></span> <span class='ocrx_word' id='word_1_439' title='bbox 854 3356 981 3412; x_wconf 91' lang='lat' dir='ltr'><strong>inde</strong></span> <span class='ocrx_word' id='word_1_440' title='bbox 1020 3346 1374 3427; x_wconf 81' lang='lat' dir='ltr'><strong>expellendos</strong></span> <span class='ocrx_word' id='word_1_441' title='bbox 1407 3357 1580 3413; x_wconf 89' lang='lat' dir='ltr'><strong>solam</strong></span> <span class='ocrx_word' id='word_1_442' title='bbox 1612 3357 2118 3414; x_wconf 88' lang='lat' dir='ltr'><strong>ecclesiasticorum</strong></span> 
     </span>
    </p>
   </div>
   <div class='ocr_carea' id='block_1_65' title="bbox 545 3446 2119 3519">
    <p class='ocr_par' dir='ltr' id='par_1_65' title="bbox 545 3446 2119 3519">
     <span class='ocr_line' id='line_1_65' title="bbox 545 3446 2119 3519; baseline 0 -16"><span class='ocrx_word' id='word_1_443' title='bbox 545 3462 772 3503; x_wconf 81' lang='lat' dir='ltr'><strong>manum</strong></span> <span class='ocrx_word' id='word_1_444' title='bbox 834 3461 944 3502; x_wconf 89' lang='lat' dir='ltr'><strong>non</strong></span> <span class='ocrx_word' id='word_1_445' title='bbox 1006 3446 1290 3515; x_wconf 73' lang='lat' dir='ltr'><strong>suﬁlcere,</strong></span> <span class='ocrx_word' id='word_1_446' title='bbox 1359 3450 1634 3517; x_wconf 84' lang='lat' dir='ltr'><strong>persuasit</strong></span> <span class='ocrx_word' id='word_1_447' title='bbox 1685 3449 2003 3519; x_wconf 89' lang='lat' dir='ltr'><strong>imperatori</strong></span> <span class='ocrx_word' id='word_1_448' title='bbox 2057 3454 2119 3503; x_wconf 89' lang='lat' dir='ltr'><strong>ut</strong></span> 
     </span>
    </p>
   </div>
   <div class='ocr_carea' id='block_1_66' title="bbox 544 3536 2122 3609">
    <p class='ocr_par' dir='ltr' id='par_1_66' title="bbox 544 3536 2122 3609">
     <span class='ocr_line' id='line_1_66' title="bbox 544 3536 2122 3609; baseline 0.002 -19"><span class='ocrx_word' id='word_1_449' title='bbox 544 3545 786 3608; x_wconf 84' lang='lat' dir='ltr'><strong>quatuor</strong></span> <span class='ocrx_word' id='word_1_450' title='bbox 822 3536 1056 3591; x_wconf 81' lang='lat' dir='ltr'><strong>militum</strong></span> <span class='ocrx_word' id='word_1_451' title='bbox 1090 3536 1349 3593; x_wconf 86' lang='lat' dir='ltr'><strong>cohortes</strong></span> <span class='ocrx_word' id='word_1_452' title='bbox 1377 3537 1446 3592; x_wconf 92' lang='lat' dir='ltr'><strong>ad</strong></span> <span class='ocrx_word' id='word_1_453' title='bbox 1475 3537 1529 3593; x_wconf 94' lang='lat' dir='ltr'><strong>id</strong></span> <span class='ocrx_word' id='word_1_454' title='bbox 1556 3537 1951 3609; x_wconf 82' lang='lat' dir='ltr'><strong>perficiendum</strong></span> <span class='ocrx_word' id='word_1_455' title='bbox 1992 3539 2122 3593; x_wconf 88' lang='lat' dir='ltr'><strong>mit-</strong></span> 
     </span>
    </p>
   </div>
   <div class='ocr_carea' id='block_1_67' title="bbox 545 3626 2122 3688">
    <p class='ocr_par' dir='ltr' id='par_1_67' title="bbox 545 3626 2122 3688">
     <span class='ocr_line' id='line_1_67' title="bbox 545 3626 2122 3688; baseline 0.004 -6"><span class='ocrx_word' id='word_1_456' title='bbox 545 3634 713 3683; x_wconf 87' lang='lat' dir='ltr'><strong>teret.</strong></span> <span class='ocrx_word' id='word_1_457' title='bbox 750 3626 843 3682; x_wconf 88' lang='lat' dir='ltr'><strong>Sic</strong></span> <span class='ocrx_word' id='word_1_458' title='bbox 871 3628 1019 3682; x_wconf 90' lang='lat' dir='ltr'><strong>enim</strong></span> <span class='ocrx_word' id='word_1_459' title='bbox 1069 3626 1315 3684; x_wconf 90' lang='lat' dir='ltr'><strong>futurum</strong></span> <span class='ocrx_word' id='word_1_460' title='bbox 1361 3629 1717 3686; x_wconf 79' lang='lat' dir='ltr'><strong>existimabat</strong></span> <span class='ocrx_word' id='word_1_461' title='bbox 1768 3641 1829 3686; x_wconf 91' lang='lat' dir='ltr'><strong>ut</strong></span> <span class='ocrx_word' id='word_1_462' title='bbox 1874 3631 2122 3688; x_wconf 87' lang='lat' dir='ltr'><strong>homines</strong></span> 
     </span>
    </p>
   </div>
   <div class='ocr_carea' id='block_1_68' title="bbox 546 3717 2121 3791">
    <p class='ocr_par' dir='ltr' id='par_1_68' title="bbox 546 3717 2121 3791">
     <span class='ocr_line' id='line_1_68' title="bbox 546 3717 2121 3791; baseline 0.002 -19"><span class='ocrx_word' id='word_1_463' title='bbox 546 3718 778 3774; x_wconf 88' lang='lat' dir='ltr'><strong>minime</strong></span> <span class='ocrx_word' id='word_1_464' title='bbox 818 3717 988 3774; x_wconf 87' lang='lat' dir='ltr'><strong>armis</strong></span> <span class='ocrx_word' id='word_1_465' title='bbox 1038 3718 1267 3782; x_wconf 86' lang='lat' dir='ltr'><strong>assueti,</strong></span> <span class='ocrx_word' id='word_1_466' title='bbox 1310 3720 1477 3775; x_wconf 84' lang='lat' dir='ltr'><strong>simul</strong></span> <span class='ocrx_word' id='word_1_467' title='bbox 1508 3730 1676 3791; x_wconf 89' lang='lat' dir='ltr'><strong>atque</strong></span> <span class='ocrx_word' id='word_1_468' title='bbox 1704 3729 1951 3789; x_wconf 85' lang='lat' dir='ltr'><strong>armatos</strong></span> <span class='ocrx_word' id='word_1_469' title='bbox 1986 3737 2121 3777; x_wconf 88' lang='lat' dir='ltr'><strong>con-</strong></span> 
     </span>
    </p>
   </div>
   <div class='ocr_carea' id='block_1_69' title="bbox 547 3808 2124 3891">
    <p class='ocr_par' dir='ltr' id='par_1_69' title="bbox 547 3808 2124 3891">
     <span class='ocr_line' id='line_1_69' title="bbox 547 3808 2124 3891; baseline 0.001 -26"><span class='ocrx_word' id='word_1_470' title='bbox 547 3808 885 3891; x_wconf 77' lang='lat' dir='ltr'><strong>spexissent,</strong></span> <span class='ocrx_word' id='word_1_471' title='bbox 919 3808 1108 3864; x_wconf 85' lang='lat' dir='ltr'><strong>statim</strong></span> <span class='ocrx_word' id='word_1_472' title='bbox 1142 3808 1525 3879; x_wconf 83' lang='lat' dir='ltr'><strong>perterrefacti</strong></span> <span class='ocrx_word' id='word_1_473' title='bbox 1576 3811 1647 3866; x_wconf 91' lang='lat' dir='ltr'><strong>ad</strong></span> <span class='ocrx_word' id='word_1_474' title='bbox 1682 3812 1859 3882; x_wconf 90' lang='lat' dir='ltr'><strong>ipsius</strong></span> <span class='ocrx_word' id='word_1_475' title='bbox 1905 3811 2124 3883; x_wconf 86' lang='lat' dir='ltr'><strong>epinio-</strong></span> 
     </span>
    </p>
   </div>
   <div class='ocr_carea' id='block_1_70' title="bbox 549 3900 2123 3963">
    <p class='ocr_par' dir='ltr' id='par_1_70' title="bbox 549 3900 2123 3963">
     <span class='ocr_line' id='line_1_70' title="bbox 549 3900 2123 3963; baseline 0.003 -6"><span class='ocrx_word' id='word_1_476' title='bbox 549 3917 675 3957; x_wconf 89' lang='lat' dir='ltr'><strong>nem</strong></span> <span class='ocrx_word' id='word_1_477' title='bbox 730 3900 1049 3957; x_wconf 87' lang='lat' dir='ltr'><strong>transirent.</strong></span> <span class='ocrx_word' id='word_1_478' title='bbox 1103 3900 1307 3958; x_wconf 81' lang='lat' dir='ltr'><strong>Verum</strong></span> <span class='ocrx_word' id='word_1_479' title='bbox 1359 3917 1448 3959; x_wconf 86' lang='lat' dir='ltr'><strong>res</strong></span> <span class='ocrx_word' id='word_1_480' title='bbox 1495 3903 1656 3960; x_wconf 90' lang='lat' dir='ltr'><strong>aliter</strong></span> <span class='ocrx_word' id='word_1_481' title='bbox 1717 3903 1918 3963; x_wconf 87' lang='lat' dir='ltr'><strong>evenit.</strong></span> <span class='ocrx_word' id='word_1_482' title='bbox 1986 3905 2123 3961; x_wconf 81' lang='lat' dir='ltr'><strong>Nam</strong></span> 
     </span>
    </p>
   </div>
   <div class='ocr_carea' id='block_1_71' title="bbox 548 3991 2124 4066">
    <p class='ocr_par' dir='ltr' id='par_1_71' title="bbox 548 3991 2124 4066">
     <span class='ocr_line' id='line_1_71' title="bbox 548 3991 2124 4066; baseline 0.004 -23"><span class='ocrx_word' id='word_1_483' title='bbox 548 3993 703 4065; x_wconf 87' lang='lat' dir='ltr'><strong>p!ehs</strong></span> <span class='ocrx_word' id='word_1_484' title='bbox 754 3991 1198 4048; x_wconf 84' lang='lat' dir='ltr'><strong>Mantiniensium</strong></span> <span class='ocrx_word' id='word_1_485' title='bbox 1261 3994 1318 4048; x_wconf 92' lang='lat' dir='ltr'><strong>in</strong></span> <span class='ocrx_word' id='word_1_486' title='bbox 1373 4010 1543 4050; x_wconf 91' lang='lat' dir='ltr'><strong>unum</strong></span> <span class='ocrx_word' id='word_1_487' title='bbox 1597 4002 1829 4062; x_wconf 90' lang='lat' dir='ltr'><strong>coacta,</strong></span> <span class='ocrx_word' id='word_1_488' title='bbox 1888 3997 2124 4066; x_wconf 84' lang='lat' dir='ltr'><strong>arreptis</strong></span> 
     </span>
    </p>
   </div>
   <div class='ocr_carea' id='block_1_72' title="bbox 549 4087 2126 4160">
    <p class='ocr_par' dir='ltr' id='par_1_72' title="bbox 549 4087 2126 4160">
     <span class='ocr_line' id='line_1_72' title="bbox 549 4087 2126 4160; baseline 0 -17"><span class='ocrx_word' id='word_1_489' title='bbox 549 4087 786 4143; x_wconf 74' lang='lat' dir='ltr'><strong>falcibus</strong></span> <span class='ocrx_word' id='word_1_490' title='bbox 843 4093 900 4142; x_wconf 87' lang='lat' dir='ltr'><strong>et</strong></span> <span class='ocrx_word' id='word_1_491' title='bbox 975 4087 1302 4155; x_wconf 86' lang='lat' dir='ltr'><strong>securibus,</strong></span> <span class='ocrx_word' id='word_1_492' title='bbox 1362 4095 1419 4144; x_wconf 91' lang='lat' dir='ltr'><strong>et</strong></span> <span class='ocrx_word' id='word_1_493' title='bbox 1474 4102 1584 4158; x_wconf 90' lang='lat' dir='ltr'><strong>quo</strong></span> <span class='ocrx_word' id='word_1_494' title='bbox 1647 4090 1884 4160; x_wconf 90' lang='lat' dir='ltr'><strong>quisque</strong></span> <span class='ocrx_word' id='word_1_495' title='bbox 1948 4090 2126 4159; x_wconf 90' lang='lat' dir='ltr'><strong>potuit</strong></span> 
     </span>
    </p>
   </div>
   <div class='ocr_carea' id='block_1_73' title="bbox 552 4176 2125 4251">
    <p class='ocr_par' dir='ltr' id='par_1_73' title="bbox 552 4176 2125 4251">
     <span class='ocr_line' id='line_1_73' title="bbox 552 4176 2125 4251; baseline 0.001 -18"><span class='ocrx_word' id='word_1_496' title='bbox 552 4192 831 4233; x_wconf 85' lang='lat' dir='ltr'><strong>armorum</strong></span> <span class='ocrx_word' id='word_1_497' title='bbox 875 4191 1077 4248; x_wconf 76' lang='lat' dir='ltr'><strong>genere</strong></span> <span class='ocrx_word' id='word_1_498' title='bbox 1115 4176 1409 4244; x_wconf 76' lang='lat' dir='ltr'><strong>instructa,</strong></span> <span class='ocrx_word' id='word_1_499' title='bbox 1462 4178 1729 4235; x_wconf 87' lang='lat' dir='ltr'><strong>adversus</strong></span> <span class='ocrx_word' id='word_1_500' title='bbox 1763 4179 1967 4235; x_wconf 88' lang='lat' dir='ltr'><strong>milites</strong></span> <span class='ocrx_word' id='word_1_501' title='bbox 1993 4194 2125 4251; x_wconf 88' lang='lat' dir='ltr'><strong>pro-</strong></span> 
     </span>
    </p>
   </div>
   <div class='ocr_carea' id='block_1_74' title="bbox 550 4265 2126 4340">
    <p class='ocr_par' dir='ltr' id='par_1_74' title="bbox 550 4265 2126 4340">
     <span class='ocr_line' id='line_1_74' title="bbox 550 4265 2126 4340; baseline 0.001 -18"><span class='ocrx_word' id='word_1_502' title='bbox 550 4282 743 4339; x_wconf 79' lang='lat' dir='ltr'><strong>gressa</strong></span> <span class='ocrx_word' id='word_1_503' title='bbox 784 4274 889 4323; x_wconf 89' lang='lat' dir='ltr'><strong>est.</strong></span> <span class='ocrx_word' id='word_1_504' title='bbox 929 4265 1204 4337; x_wconf 86' lang='lat' dir='ltr'><strong>Gravique</strong></span> <span class='ocrx_word' id='word_1_505' title='bbox 1237 4267 1425 4337; x_wconf 79' lang='lat' dir='ltr'><strong>praelia</strong></span> <span class='ocrx_word' id='word_1_506' title='bbox 1470 4276 1750 4334; x_wconf 86' lang='lat' dir='ltr'><strong>conserto,</strong></span> <span class='ocrx_word' id='word_1_507' title='bbox 1791 4283 1859 4324; x_wconf 78' lang='lat' dir='ltr'><strong>ex</strong></span> <span class='ocrx_word' id='word_1_508' title='bbox 1890 4268 2126 4340; x_wconf 86' lang='lat' dir='ltr'><strong>Paphla-</strong></span> 
     </span>
    </p>
   </div>
   <div class='ocr_carea' id='block_1_75' title="bbox 553 4356 2126 4429">
    <p class='ocr_par' dir='ltr' id='par_1_75' title="bbox 553 4356 2126 4429">
     <span class='ocr_line' id='line_1_75' title="bbox 553 4356 2126 4429; baseline 0.001 -16"><span class='ocrx_word' id='word_1_509' title='bbox 553 4358 797 4429; x_wconf 74' lang='lat' dir='ltr'><strong>gonibus</strong></span> <span class='ocrx_word' id='word_1_510' title='bbox 842 4356 1064 4426; x_wconf 88' lang='lat' dir='ltr'><strong>quidem</strong></span> <span class='ocrx_word' id='word_1_511' title='bbox 1133 4357 1358 4427; x_wconf 85' lang='lat' dir='ltr'><strong>plurimi</strong></span> <span class='ocrx_word' id='word_1_512' title='bbox 1417 4359 1798 4414; x_wconf 87' lang='lat' dir='ltr'><strong>occubuerunt</strong></span> <span class='ocrx_word' id='word_1_513' title='bbox 1850 4377 1864 4414; x_wconf 91' lang='lat'><strong>:</strong></span> <span class='ocrx_word' id='word_1_514' title='bbox 1923 4360 2126 4417; x_wconf 87' lang='lat' dir='ltr'><strong>milites</strong></span> 
     </span>
    </p>
   </div>
   <div class='ocr_carea' id='block_1_76' title="bbox 553 4446 2125 4517">
    <p class='ocr_par' dir='ltr' id='par_1_76' title="bbox 553 4446 2125 4517">
     <span class='ocr_line' id='line_1_76' title="bbox 553 4446 2125 4517; baseline 0.003 -16"><span class='ocrx_word' id='word_1_515' title='bbox 553 4461 687 4504; x_wconf 88' lang='lat' dir='ltr'><strong>vero</strong></span> <span class='ocrx_word' id='word_1_516' title='bbox 724 4461 894 4517; x_wconf 90' lang='lat' dir='ltr'><strong>prope</strong></span> <span class='ocrx_word' id='word_1_517' title='bbox 943 4461 1135 4502; x_wconf 89' lang='lat' dir='ltr'><strong>omnes</strong></span> <span class='ocrx_word' id='word_1_518' title='bbox 1185 4446 1457 4502; x_wconf 88' lang='lat' dir='ltr'><strong>interfecti</strong></span> <span class='ocrx_word' id='word_1_519' title='bbox 1499 4456 1649 4503; x_wconf 90' lang='lat' dir='ltr'><strong>sunt.</strong></span> <span class='ocrx_word' id='word_1_520' title='bbox 1682 4447 1801 4516; x_wconf 83' lang='lat' dir='ltr'><strong>Qua</strong></span> <span class='ocrx_word' id='word_1_521' title='bbox 1839 4448 1906 4505; x_wconf 91' lang='lat' dir='ltr'><strong>de</strong></span> <span class='ocrx_word' id='word_1_522' title='bbox 1956 4465 2125 4506; x_wconf 85' lang='lat' dir='ltr'><strong>causa</strong></span> 
     </span>
    </p>
   </div>
   <div class='ocr_carea' id='block_1_77' title="bbox 556 4533 2126 4611">
    <p class='ocr_par' dir='ltr' id='par_1_77' title="bbox 556 4533 2126 4611">
     <span class='ocr_line' id='line_1_77' title="bbox 556 4533 2126 4611; baseline 0.003 -18"><span class='ocrx_word' id='word_1_523' title='bbox 556 4539 714 4593; x_wconf 89' lang='lat' dir='ltr'><strong>multi</strong></span> <span class='ocrx_word' id='word_1_524' title='bbox 782 4553 851 4593; x_wconf 81' lang='lat' dir='ltr'><strong>ex</strong></span> <span class='ocrx_word' id='word_1_525' title='bbox 900 4533 1272 4594; x_wconf 89' lang='lat' dir='ltr'><strong>familiaribus</strong></span> <span class='ocrx_word' id='word_1_526' title='bbox 1330 4536 1703 4594; x_wconf 85' lang='lat' dir='ltr'><strong>Macedonium</strong></span> <span class='ocrx_word' id='word_1_527' title='bbox 1757 4542 2126 4611; x_wconf 85' lang='lat' dir='ltr'><strong>reprehende-</strong></span> 
     </span>
    </p>
   </div>
   <div class='ocr_carea' id='block_1_78' title="bbox 555 4629 2127 4701">
    <p class='ocr_par' dir='ltr' id='par_1_78' title="bbox 555 4629 2127 4701">
     <span class='ocr_line' id='line_1_78' title="bbox 555 4629 2127 4701; baseline 0.001 -17"><span class='ocrx_word' id='word_1_528' title='bbox 555 4629 712 4694; x_wconf 91' lang='lat' dir='ltr'><strong>bant,</strong></span> <span class='ocrx_word' id='word_1_529' title='bbox 756 4635 947 4698; x_wconf 91' lang='lat' dir='ltr'><strong>utpote</strong></span> <span class='ocrx_word' id='word_1_530' title='bbox 985 4635 1273 4684; x_wconf 86' lang='lat' dir='ltr'><strong>auctorem</strong></span> <span class='ocrx_word' id='word_1_531' title='bbox 1306 4635 1585 4683; x_wconf 88' lang='lat' dir='ltr'><strong>tantorum</strong></span> <span class='ocrx_word' id='word_1_532' title='bbox 1627 4631 1918 4685; x_wconf 89' lang='lat' dir='ltr'><strong>malorum.</strong></span> <span class='ocrx_word' id='word_1_533' title='bbox 1950 4631 2127 4701; x_wconf 87' lang='lat' dir='ltr'><strong>lmpc-</strong></span> 
     </span>
    </p>
   </div>
   <div class='ocr_carea' id='block_1_79' title="bbox 556 4721 2126 4791">
    <p class='ocr_par' dir='ltr' id='par_1_79' title="bbox 556 4721 2126 4791">
     <span class='ocr_line' id='line_1_79' title="bbox 556 4721 2126 4791; baseline 0.001 -16"><span class='ocrx_word' id='word_1_534' title='bbox 556 4728 708 4775; x_wconf 87' lang='lat' dir='ltr'><strong>rator</strong></span> <span class='ocrx_word' id='word_1_535' title='bbox 737 4735 956 4791; x_wconf 89' lang='lat' dir='ltr'><strong>quoque</strong></span> <span class='ocrx_word' id='word_1_536' title='bbox 976 4735 1101 4775; x_wconf 90' lang='lat' dir='ltr'><strong>eum</strong></span> <span class='ocrx_word' id='word_1_537' title='bbox 1124 4727 1435 4785; x_wconf 74' lang='lat' dir='ltr'><strong>aversatus,</strong></span> <span class='ocrx_word' id='word_1_538' title='bbox 1463 4735 1570 4774; x_wconf 93' lang='lat' dir='ltr'><strong>non</strong></span> <span class='ocrx_word' id='word_1_539' title='bbox 1598 4721 1837 4790; x_wconf 89' lang='lat' dir='ltr'><strong>amplius</strong></span> <span class='ocrx_word' id='word_1_540' title='bbox 1862 4722 2126 4778; x_wconf 87' lang='lat' dir='ltr'><strong>benevolo</strong></span> 
     </span>
    </p>
   </div>
   <div class='ocr_carea' id='block_1_80' title="bbox 554 4809 2123 4885">
    <p class='ocr_par' dir='ltr' id='par_1_80' title="bbox 554 4809 2123 4885">
     <span class='ocr_line' id='line_1_80' title="bbox 554 4809 2123 4885; baseline 0.001 -19"><span class='ocrx_word' id='word_1_541' title='bbox 554 4825 686 4884; x_wconf 77' lang='lat' dir='ltr'><strong>erga</strong></span> <span class='ocrx_word' id='word_1_542' title='bbox 718 4811 876 4867; x_wconf 88' lang='lat' dir='ltr'><strong>illum</strong></span> <span class='ocrx_word' id='word_1_543' title='bbox 909 4812 1098 4867; x_wconf 90' lang='lat' dir='ltr'><strong>animo</strong></span> <span class='ocrx_word' id='word_1_544' title='bbox 1146 4810 1275 4867; x_wconf 89' lang='lat' dir='ltr'><strong>fuit.</strong></span> <span class='ocrx_word' id='word_1_545' title='bbox 1316 4809 1452 4868; x_wconf 87' lang='lat' dir='ltr'><strong>Nam</strong></span> <span class='ocrx_word' id='word_1_546' title='bbox 1481 4818 1536 4868; x_wconf 88' lang='lat' dir='ltr'><strong>et</strong></span> <span class='ocrx_word' id='word_1_547' title='bbox 1580 4811 1688 4867; x_wconf 88' lang='lat' dir='ltr'><strong>alia</strong></span> <span class='ocrx_word' id='word_1_548' title='bbox 1713 4811 1959 4884; x_wconf 69' lang='lat' dir='ltr'><strong>quaedam</strong></span> <span class='ocrx_word' id='word_1_549' title='bbox 1993 4829 2123 4885; x_wconf 75' lang='lat' dir='ltr'><strong>gra-</strong></span> 
     </span>
    </p>
   </div>
   <div class='ocr_carea' id='block_1_81' title="bbox 632 4985 1279 5055">
    <p class='ocr_par' dir='ltr' id='par_1_81' title="bbox 632 4985 1279 5055">
     <span class='ocr_line' id='line_1_81' title="bbox 632 4985 1279 5055; baseline 0 -13"><span class='ocrx_word' id='word_1_550' title='bbox 632 4986 652 5022; x_wconf 80' lang='grc'>¹</span> <span class='ocrx_word' id='word_1_551' title='bbox 677 4985 861 5054; x_wconf 88' lang='lat' dir='ltr'><strong>Socr.,</strong></span> <span class='ocrx_word' id='word_1_552' title='bbox 888 4986 984 5045; x_wconf 90' lang='lat' dir='ltr'><strong>lib.</strong></span> <span class='ocrx_word' id='word_1_553' title='bbox 1025 5001 1088 5055; x_wconf 89' lang='grc' dir='ltr'><strong>ιι,</strong></span> <span class='ocrx_word' id='word_1_554' title='bbox 1119 4986 1279 5046; x_wconf 81' lang='lat' dir='ltr'><strong>c.58.</strong></span> 
     </span>
    </p>
   </div>
   <div class='ocr_carea' id='block_1_82' title="bbox 2212 3158 3748 3235">
    <p class='ocr_par' dir='ltr' id='par_1_82' title="bbox 2212 3158 3748 3235">
     <span class='ocr_line' id='line_1_82' title="bbox 2212 3158 3748 3235; baseline -0.007 -7"><span class='ocrx_word' id='word_1_555' title='bbox 2212 3172 2546 3235; x_wconf 78' lang='grc' dir='ltr'><strong>Μακεδόνιος</strong></span> <span class='ocrx_word' id='word_1_556' title='bbox 2572 3171 2698 3233; x_wconf 80' lang='grc' dir='ltr'><strong>τοὺς</strong></span> <span class='ocrx_word' id='word_1_557' title='bbox 2717 3167 2937 3232; x_wconf 86' lang='grc' dir='ltr'><strong>πλείους</strong></span> <span class='ocrx_word' id='word_1_558' title='bbox 2966 3166 3152 3221; x_wconf 84' lang='grc' dir='ltr'><strong>ἐνθάδε</strong></span> <span class='ocrx_word' id='word_1_559' title='bbox 3178 3165 3247 3219; x_wconf 80' lang='grc' dir='ltr'><strong>τὰ</strong></span> <span class='ocrx_word' id='word_1_560' title='bbox 3277 3163 3525 3218; x_wconf 80' lang='grc' dir='ltr'><strong>Ναυάτου</strong></span> <span class='ocrx_word' id='word_1_561' title='bbox 3553 3158 3748 3231; x_wconf 64' lang='grc' dir='ltr'><strong>φρονεῖν,</strong></span> 
     </span>
    </p>
   </div>
   <div class='ocr_carea' id='block_1_83' title="bbox 2219 3246 3748 3337">
    <p class='ocr_par' dir='ltr' id='par_1_83' title="bbox 2219 3246 3748 3337">
     <span class='ocr_line' id='line_1_83' title="bbox 2219 3246 3748 3337; baseline -0.012 -17"><span class='ocrx_word' id='word_1_562' title='bbox 2219 3266 2296 3337; x_wconf 85' lang='grc' dir='ltr'><strong>μὴ</strong></span> <span class='ocrx_word' id='word_1_563' title='bbox 2326 3262 2544 3327; x_wconf 88' lang='grc' dir='ltr'><strong>ἱκανούς</strong></span> <span class='ocrx_word' id='word_1_564' title='bbox 2574 3279 2635 3316; x_wconf 88' lang='grc' dir='ltr'><strong>τε</strong></span> <span class='ocrx_word' id='word_1_565' title='bbox 2667 3260 2861 3332; x_wconf 88' lang='grc' dir='ltr'><strong>μόνους</strong></span> <span class='ocrx_word' id='word_1_566' title='bbox 2884 3254 3023 3312; x_wconf 83' lang='grc' dir='ltr'><strong>εἶναι</strong></span> <span class='ocrx_word' id='word_1_567' title='bbox 3048 3256 3273 3320; x_wconf 82' lang='grc' dir='ltr'><strong>τούτους</strong></span> <span class='ocrx_word' id='word_1_568' title='bbox 3301 3254 3412 3326; x_wconf 78' lang='lat' dir='ltr'><strong>(l5)</strong></span> <span class='ocrx_word' id='word_1_569' title='bbox 3447 3252 3563 3316; x_wconf 80' lang='grc' dir='ltr'><strong>τοὺς</strong></span> <span class='ocrx_word' id='word_1_570' title='bbox 3591 3246 3748 3317; x_wconf 82' lang='grc' dir='ltr'><strong>ἐκκλη·</strong></span> 
     </span>
    </p>
   </div>
   <div class='ocr_carea' id='block_1_84' title="bbox 2219 3343 3751 3420">
    <p class='ocr_par' dir='ltr' id='par_1_84' title="bbox 2219 3343 3751 3420">
     <span class='ocr_line' id='line_1_84' title="bbox 2219 3343 3751 3420; baseline -0.01 -8"><span class='ocrx_word' id='word_1_571' title='bbox 2219 3356 2532 3420; x_wconf 81' lang='grc' dir='ltr'><strong>σιαστικοὺς</strong></span> <span class='ocrx_word' id='word_1_572' title='bbox 2570 3353 2927 3420; x_wconf 85' lang='grc' dir='ltr'><strong>ἀπελαύνειν,</strong></span> <span class='ocrx_word' id='word_1_573' title='bbox 2971 3351 3153 3404; x_wconf 78' lang='grc' dir='ltr'><strong>ἔπεισε</strong></span> <span class='ocrx_word' id='word_1_574' title='bbox 3183 3348 3280 3403; x_wconf 78' lang='grc' dir='ltr'><strong>τὸν</strong></span> <span class='ocrx_word' id='word_1_575' title='bbox 3315 3346 3531 3420; x_wconf 82' lang='grc' dir='ltr'><strong>βασιλέα</strong></span> <span class='ocrx_word' id='word_1_576' title='bbox 3558 3343 3751 3411; x_wconf 79' lang='grc' dir='ltr'><strong>τέσσαρι</strong></span> 
     </span>
    </p>
   </div>
   <div class='ocr_carea' id='block_1_85' title="bbox 2221 3433 3748 3520">
    <p class='ocr_par' dir='ltr' id='par_1_85' title="bbox 2221 3433 3748 3520">
     <span class='ocr_line' id='line_1_85' title="bbox 2221 3433 3748 3520; baseline -0.01 -18"><span class='ocrx_word' id='word_1_577' title='bbox 2221 3449 2482 3520; x_wconf 85' lang='grc' dir='ltr'><strong>τάγματα</strong></span> <span class='ocrx_word' id='word_1_578' title='bbox 2530 3445 2640 3501; x_wconf 88' lang='grc' dir='ltr'><strong>τῶν</strong></span> <span class='ocrx_word' id='word_1_579' title='bbox 2675 3443 3020 3518; x_wconf 82' lang='grc' dir='ltr'><strong>στρατιωτῶν</strong></span> <span class='ocrx_word' id='word_1_580' title='bbox 3072 3441 3357 3512; x_wconf 72' lang='grc' dir='ltr'><strong>ἐκπέμψαι</strong></span> <span class='ocrx_word' id='word_1_581' title='bbox 3388 3438 3566 3494; x_wconf 88' lang='grc' dir='ltr'><strong>τούτου</strong></span> <span class='ocrx_word' id='word_1_582' title='bbox 3607 3433 3748 3505; x_wconf 85' lang='grc' dir='ltr'><strong>χάριν.</strong></span> 
     </span>
    </p>
   </div>
   <div class='ocr_carea' id='block_1_86' title="bbox 2218 3524 3749 3610">
    <p class='ocr_par' dir='ltr' id='par_1_86' title="bbox 2218 3524 3749 3610">
     <span class='ocr_line' id='line_1_86' title="bbox 2218 3524 3749 3610; baseline -0.012 -17"><span class='ocrx_word' id='word_1_583' title='bbox 2218 3532 2347 3592; x_wconf 74' lang='grc' dir='ltr'><strong>Ὧδε</strong></span> <span class='ocrx_word' id='word_1_584' title='bbox 2368 3538 2476 3610; x_wconf 85' lang='grc' dir='ltr'><strong>γὰρ</strong></span> <span class='ocrx_word' id='word_1_585' title='bbox 2507 3537 2645 3609; x_wconf 76' lang='grc' dir='ltr'><strong>ᾤετο</strong></span> <span class='ocrx_word' id='word_1_586' title='bbox 2672 3534 2994 3607; x_wconf 81' lang='grc' dir='ltr'><strong>ἀνθρώπους</strong></span> <span class='ocrx_word' id='word_1_587' title='bbox 3038 3533 3226 3604; x_wconf 85' lang='grc' dir='ltr'><strong>ἀήθεις</strong></span> <span class='ocrx_word' id='word_1_588' title='bbox 3255 3531 3435 3586; x_wconf 86' lang='grc' dir='ltr'><strong>ὅπλων</strong></span> <span class='ocrx_word' id='word_1_589' title='bbox 3460 3571 3474 3596; x_wconf 94' lang='grc'><strong>,</strong></span> <span class='ocrx_word' id='word_1_590' title='bbox 3497 3530 3543 3580; x_wconf 83' lang='grc' dir='ltr'><strong>εί</strong></span> <span class='ocrx_word' id='word_1_591' title='bbox 3570 3524 3749 3584; x_wconf 79' lang='grc' dir='ltr'><strong>ὁπλίτας</strong></span> 
     </span>
    </p>
   </div>
   <div class='ocr_carea' id='block_1_87' title="bbox 2222 3618 3754 3697">
    <p class='ocr_par' dir='ltr' id='par_1_87' title="bbox 2222 3618 3754 3697">
     <span class='ocr_line' id='line_1_87' title="bbox 2222 3618 3754 3697; baseline -0.011 -13"><span class='ocrx_word' id='word_1_592' title='bbox 2222 3629 2519 3697; x_wconf 86' lang='grc' dir='ltr'><strong>θεάσοιντο,</strong></span> <span class='ocrx_word' id='word_1_593' title='bbox 2532 3628 2815 3691; x_wconf 82' lang='grc' dir='ltr'><strong>δείσαντας</strong></span> <span class='ocrx_word' id='word_1_594' title='bbox 2836 3625 2997 3690; x_wconf 78' lang='grc' dir='ltr'><strong>εὐθὺς</strong></span> <span class='ocrx_word' id='word_1_595' title='bbox 3014 3625 3151 3697; x_wconf 85' lang='grc' dir='ltr'><strong>πρὸς</strong></span> <span class='ocrx_word' id='word_1_596' title='bbox 3171 3624 3272 3695; x_wconf 83' lang='grc' dir='ltr'><strong>τὴν</strong></span> <span class='ocrx_word' id='word_1_597' title='bbox 3293 3619 3455 3676; x_wconf 84' lang='grc' dir='ltr'><strong>αὑτοῦ</strong></span> <span class='ocrx_word' id='word_1_598' title='bbox 3474 3618 3614 3686; x_wconf 77' lang='grc' dir='ltr'><strong>δόξαν</strong></span> <span class='ocrx_word' id='word_1_599' title='bbox 3631 3630 3754 3687; x_wconf 78' lang='grc' dir='ltr'><strong>μετα-</strong></span> 
     </span>
    </p>
   </div>
   <div class='ocr_carea' id='block_1_88' title="bbox 2221 3708 3753 3791">
    <p class='ocr_par' dir='ltr' id='par_1_88' title="bbox 2221 3708 3753 3791">
     <span class='ocr_line' id='line_1_88' title="bbox 2221 3708 3753 3791; baseline -0.012 -16"><span class='ocrx_word' id='word_1_600' title='bbox 2221 3720 2503 3791; x_wconf 87' lang='grc' dir='ltr'><strong>θήσεσθαι.</strong></span> <span class='ocrx_word' id='word_1_601' title='bbox 2530 3719 2604 3774; x_wconf 86' lang='grc' dir='ltr'><strong>Τὸ</strong></span> <span class='ocrx_word' id='word_1_602' title='bbox 2634 3718 2692 3774; x_wconf 82' lang='grc' dir='ltr'><strong>δὲ</strong></span> <span class='ocrx_word' id='word_1_603' title='bbox 2716 3717 2892 3781; x_wconf 78' lang='grc' dir='ltr'><strong>ἄλλως</strong></span> <span class='ocrx_word' id='word_1_604' title='bbox 2920 3715 3122 3787; x_wconf 75' lang='grc' dir='ltr'><strong>ἀπέϐη.</strong></span> <span class='ocrx_word' id='word_1_605' title='bbox 3150 3715 3225 3769; x_wconf 86' lang='grc' dir='ltr'>Τὸ</span> <span class='ocrx_word' id='word_1_606' title='bbox 3257 3713 3368 3787; x_wconf 80' lang='grc' dir='ltr'><strong>γάρ</strong></span> <span class='ocrx_word' id='word_1_607' title='bbox 3391 3714 3455 3767; x_wconf 85' lang='grc' dir='ltr'><strong>ἐκ</strong></span> <span class='ocrx_word' id='word_1_608' title='bbox 3480 3709 3566 3763; x_wconf 90' lang='grc' dir='ltr'><strong>τοῦ</strong></span> <span class='ocrx_word' id='word_1_609' title='bbox 3591 3708 3753 3762; x_wconf 81' lang='grc' dir='ltr'><strong>Μαντι-</strong></span> 
     </span>
    </p>
   </div>
   <div class='ocr_carea' id='block_1_89' title="bbox 2222 3793 3754 3884">
    <p class='ocr_par' dir='ltr' id='par_1_89' title="bbox 2222 3793 3754 3884">
     <span class='ocr_line' id='line_1_89' title="bbox 2222 3793 3754 3884; baseline -0.01 -17"><span class='ocrx_word' id='word_1_610' title='bbox 2222 3813 2366 3867; x_wconf 89' lang='grc' dir='ltr'><strong>νείου</strong></span> <span class='ocrx_word' id='word_1_611' title='bbox 2392 3811 2595 3884; x_wconf 84' lang='grc' dir='ltr'><strong>πλῆθος</strong></span> <span class='ocrx_word' id='word_1_612' title='bbox 2630 3811 2914 3881; x_wconf 84' lang='grc' dir='ltr'><strong>γενόμενοι</strong></span> <span class='ocrx_word' id='word_1_613' title='bbox 2944 3808 3078 3879; x_wconf 68' lang='grc'><strong>(14),</strong></span> <span class='ocrx_word' id='word_1_614' title='bbox 3106 3807 3406 3880; x_wconf 84' lang='grc' dir='ltr'><strong>δρεπάναις</strong></span> <span class='ocrx_word' id='word_1_615' title='bbox 3439 3820 3497 3857; x_wconf 89' lang='grc' dir='ltr'><strong>τε</strong></span> <span class='ocrx_word' id='word_1_616' title='bbox 3523 3802 3608 3856; x_wconf 74' lang='grc' dir='ltr'><strong>καὶ</strong></span> <span class='ocrx_word' id='word_1_617' title='bbox 3634 3793 3754 3850; x_wconf 79' lang='grc' dir='ltr'><strong>πελέ-</strong></span> 
     </span>
    </p>
   </div>
   <div class='ocr_carea' id='block_1_90' title="bbox 2222 3894 3751 3974">
    <p class='ocr_par' dir='ltr' id='par_1_90' title="bbox 2222 3894 3751 3974">
     <span class='ocr_line' id='line_1_90' title="bbox 2222 3894 3751 3974; baseline -0.012 -15"><span class='ocrx_word' id='word_1_618' title='bbox 2222 3922 2364 3971; x_wconf 88' lang='grc' dir='ltr'><strong>κεσι,</strong></span> <span class='ocrx_word' id='word_1_619' title='bbox 2389 3904 2484 3958; x_wconf 79' lang='grc' dir='ltr'><strong>καὶ</strong></span> <span class='ocrx_word' id='word_1_620' title='bbox 2508 3903 2684 3967; x_wconf 79' lang='grc' dir='ltr'><strong>ἄλλως</strong></span> <span class='ocrx_word' id='word_1_621' title='bbox 2713 3896 2749 3974; x_wconf 78' lang='grc' dir='ltr'>ᾗ</span> <span class='ocrx_word' id='word_1_622' title='bbox 2779 3900 2989 3972; x_wconf 84' lang='grc' dir='ltr'><strong>ἔτυχεν,</strong></span> <span class='ocrx_word' id='word_1_623' title='bbox 3020 3899 3250 3962; x_wconf 75' lang='grc' dir='ltr'><strong>ἕκαστος</strong></span> <span class='ocrx_word' id='word_1_624' title='bbox 3294 3898 3436 3968; x_wconf 72' lang='grc' dir='ltr'><strong>σφᾶς</strong></span> <span class='ocrx_word' id='word_1_625' title='bbox 3459 3894 3751 3950; x_wconf 77' lang='grc' dir='ltr'><strong>ὁπλίσαντες,</strong></span> 
     </span>
    </p>
   </div>
   <div class='ocr_carea' id='block_1_91' title="bbox 2226 3979 3753 4064">
    <p class='ocr_par' dir='ltr' id='par_1_91' title="bbox 2226 3979 3753 4064">
     <span class='ocr_line' id='line_1_91' title="bbox 2226 3979 3753 4064; baseline -0.007 -17"><span class='ocrx_word' id='word_1_626' title='bbox 2226 3992 2515 4064; x_wconf 79' lang='grc' dir='ltr'><strong>συνέμιξαν</strong></span> <span class='ocrx_word' id='word_1_627' title='bbox 2565 3994 2680 4055; x_wconf 81' lang='grc' dir='ltr'><strong>τοῖς</strong></span> <span class='ocrx_word' id='word_1_628' title='bbox 2737 3988 3118 4062; x_wconf 86' lang='grc' dir='ltr'><strong>στρατιώταις.</strong></span> <span class='ocrx_word' id='word_1_629' title='bbox 3172 3988 3468 4059; x_wconf 59' lang='grc' dir='ltr'><strong>Καρτερᾶκ</strong></span> <span class='ocrx_word' id='word_1_630' title='bbox 3512 3982 3566 4036; x_wconf 83' lang='grc' dir='ltr'><strong>δὲ</strong></span> <span class='ocrx_word' id='word_1_631' title='bbox 3614 3979 3753 4051; x_wconf 79' lang='grc' dir='ltr'><strong>μάχης</strong></span> 
     </span>
    </p>
   </div>
   <div class='ocr_carea' id='block_1_92' title="bbox 2222 4067 3755 4156">
    <p class='ocr_par' dir='ltr' id='par_1_92' title="bbox 2222 4067 3755 4156">
     <span class='ocr_line' id='line_1_92' title="bbox 2222 4067 3755 4156; baseline -0.011 -16"><span class='ocrx_word' id='word_1_632' title='bbox 2222 4086 2543 4156; x_wconf 83' lang='grc' dir='ltr'><strong>γενομένης,</strong></span> <span class='ocrx_word' id='word_1_633' title='bbox 2571 4084 2832 4137; x_wconf 87' lang='grc' dir='ltr'><strong>πίπτουσι</strong></span> <span class='ocrx_word' id='word_1_634' title='bbox 2866 4079 3235 4151; x_wconf 80' lang='grc' dir='ltr'><strong>Παφλαγόνων</strong></span> <span class='ocrx_word' id='word_1_635' title='bbox 3267 4079 3369 4150; x_wconf 81' lang='grc' dir='ltr'><strong>μὲν</strong></span> <span class='ocrx_word' id='word_1_636' title='bbox 3396 4076 3622 4131; x_wconf 88' lang='grc' dir='ltr'><strong>πλεῖστοι</strong></span> <span class='ocrx_word' id='word_1_637' title='bbox 3640 4088 3652 4101; x_wconf 86' lang='grc'><em>’</em></span> <span class='ocrx_word' id='word_1_638' title='bbox 3672 4067 3755 4121; x_wconf 84' lang='grc' dir='ltr'><strong>τῶν</strong></span> 
     </span>
    </p>
   </div>
   <div class='ocr_carea' id='block_1_93' title="bbox 2223 4156 3753 4249">
    <p class='ocr_par' dir='ltr' id='par_1_93' title="bbox 2223 4156 3753 4249">
     <span class='ocr_line' id='line_1_93' title="bbox 2223 4156 3753 4249; baseline -0.01 -18"><span class='ocrx_word' id='word_1_639' title='bbox 2223 4176 2282 4231; x_wconf 78' lang='grc' dir='ltr'><strong>δὲ</strong></span> <span class='ocrx_word' id='word_1_640' title='bbox 2311 4173 2657 4249; x_wconf 82' lang='grc' dir='ltr'><strong>στρατιωτῶν</strong></span> <span class='ocrx_word' id='word_1_641' title='bbox 2706 4172 2889 4244; x_wconf 81' lang='grc' dir='ltr'><strong>σχεδὸν</strong></span> <span class='ocrx_word' id='word_1_642' title='bbox 2930 4173 3152 4233; x_wconf 85' lang='grc' dir='ltr'><strong>πάντες.</strong></span> <span class='ocrx_word' id='word_1_643' title='bbox 3200 4166 3486 4223; x_wconf 84' lang='grc' dir='ltr'><strong>Ἐντεῦθεν</strong></span> <span class='ocrx_word' id='word_1_644' title='bbox 3527 4164 3597 4227; x_wconf 84' lang='grc' dir='ltr'><strong>ὡς</strong></span> <span class='ocrx_word' id='word_1_645' title='bbox 3638 4156 3753 4249; x_wconf 61' lang='grc' dir='ltr'><strong>τηλι-</strong></span> 
     </span>
    </p>
   </div>
   <div class='ocr_carea' id='block_1_94' title="bbox 2225 4248 3754 4339">
    <p class='ocr_par' dir='ltr' id='par_1_94' title="bbox 2225 4248 3754 4339">
     <span class='ocr_line' id='line_1_94' title="bbox 2225 4248 3754 4339; baseline -0.01 -16"><span class='ocrx_word' id='word_1_646' title='bbox 2225 4248 2433 4323; x_wconf 86' lang='grc' dir='ltr'><strong>κούτων</strong></span> <span class='ocrx_word' id='word_1_647' title='bbox 2464 4266 2757 4339; x_wconf 80' lang='grc' dir='ltr'><strong>συμφορῶν</strong></span> <span class='ocrx_word' id='word_1_648' title='bbox 2777 4265 2949 4319; x_wconf 80' lang='grc' dir='ltr'><strong>αἴτιον</strong></span> <span class='ocrx_word' id='word_1_649' title='bbox 2972 4263 3100 4317; x_wconf 77' lang='grc' dir='ltr'><strong>ὄντα</strong></span> <span class='ocrx_word' id='word_1_650' title='bbox 3126 4260 3480 4325; x_wconf 66' lang='grc' dir='ltr'><strong>Μακεδόνων,</strong></span> <span class='ocrx_word' id='word_1_651' title='bbox 3493 4253 3655 4311; x_wconf 83' lang='grc' dir='ltr'><strong>πολλοὶ</strong></span> <span class='ocrx_word' id='word_1_652' title='bbox 3673 4248 3754 4302; x_wconf 74' lang='grc' dir='ltr'><strong>τῶν</strong></span> 
     </span>
    </p>
   </div>
   <div class='ocr_carea' id='block_1_95' title="bbox 2227 4346 3752 4431">
    <p class='ocr_par' dir='ltr' id='par_1_95' title="bbox 2227 4346 3752 4431">
     <span class='ocr_line' id='line_1_95' title="bbox 2227 4346 3752 4431; baseline -0.007 -19"><span class='ocrx_word' id='word_1_653' title='bbox 2227 4359 2543 4431; x_wconf 83' lang='grc' dir='ltr'><strong>ἐπιτηδείων</strong></span> <span class='ocrx_word' id='word_1_654' title='bbox 2573 4359 2904 4429; x_wconf 80' lang='grc' dir='ltr'><strong>ἐμέμφοντο.</strong></span> <span class='ocrx_word' id='word_1_655' title='bbox 2934 4355 3338 4426; x_wconf 78' lang='grc' dir='ltr'><strong>Ἀποστραφεὶς</strong></span> <span class='ocrx_word' id='word_1_656' title='bbox 3373 4353 3430 4407; x_wconf 87' lang='grc' dir='ltr'><strong>δέ</strong></span> <span class='ocrx_word' id='word_1_657' title='bbox 3471 4350 3560 4406; x_wconf 73' lang='grc' dir='ltr'><strong>καὶ</strong></span> <span class='ocrx_word' id='word_1_658' title='bbox 3582 4350 3609 4402; x_wconf 89' lang='grc' dir='ltr'><strong>ὁ</strong></span> <span class='ocrx_word' id='word_1_659' title='bbox 3635 4346 3752 4417; x_wconf 70' lang='grc' dir='ltr'><strong>βατιο</strong></span> 
     </span>
    </p>
   </div>
   <div class='ocr_carea' id='block_1_96' title="bbox 2227 4436 3755 4519">
    <p class='ocr_par' dir='ltr' id='par_1_96' title="bbox 2227 4436 3755 4519">
     <span class='ocr_line' id='line_1_96' title="bbox 2227 4436 3755 4519; baseline -0.012 -15"><span class='ocrx_word' id='word_1_660' title='bbox 2227 4451 2352 4514; x_wconf 80' lang='grc' dir='ltr'><strong>λεὺς</strong></span> <span class='ocrx_word' id='word_1_661' title='bbox 2377 4489 2391 4516; x_wconf 93' lang='grc'><strong>,</strong></span> <span class='ocrx_word' id='word_1_662' title='bbox 2419 4450 2602 4505; x_wconf 81' lang='grc' dir='ltr'><strong>οὐκέτι</strong></span> <span class='ocrx_word' id='word_1_663' title='bbox 2658 4448 2826 4517; x_wconf 85' lang='grc' dir='ltr'><strong>ὑγιῶς</strong></span> <span class='ocrx_word' id='word_1_664' title='bbox 2874 4446 3011 4519; x_wconf 78' lang='grc' dir='ltr'><strong>πρὸς</strong></span> <span class='ocrx_word' id='word_1_665' title='bbox 3060 4444 3223 4501; x_wconf 79' lang='grc' dir='ltr'><strong>αὑτὸν</strong></span> <span class='ocrx_word' id='word_1_666' title='bbox 3274 4439 3444 4515; x_wconf 75' lang='grc' dir='ltr'><strong>εἶχεν.</strong></span> <span class='ocrx_word' id='word_1_667' title='bbox 3484 4436 3755 4507; x_wconf 79' lang='grc' dir='ltr'><strong>Ἐπεγένετο</strong></span> 
     </span>
    </p>
   </div>
   <div class='ocr_carea' id='block_1_97' title="bbox 2226 4528 3755 4611">
    <p class='ocr_par' dir='ltr' id='par_1_97' title="bbox 2226 4528 3755 4611">
     <span class='ocr_line' id='line_1_97' title="bbox 2226 4528 3755 4611; baseline -0.022 -1"><span class='ocrx_word' id='word_1_668' title='bbox 2226 4541 2336 4611; x_wconf 82' lang='grc' dir='ltr'><strong>γὰρ</strong></span> <span class='ocrx_word' id='word_1_669' title='bbox 2364 4540 2458 4595; x_wconf 69' lang='grc' dir='ltr'><strong>καὶ</strong></span> <span class='ocrx_word' id='word_1_670' title='bbox 2506 4538 2747 4610; x_wconf 73' lang='grc' dir='ltr'><strong>μείζονος</strong></span> <span class='ocrx_word' id='word_1_671' title='bbox 2780 4537 3074 4609; x_wconf 81' lang='grc' dir='ltr'><strong>ἀπεχθείας</strong></span> <span class='ocrx_word' id='word_1_672' title='bbox 3105 4537 3384 4609; x_wconf 79' lang='grc' dir='ltr'><strong>πρόφασις</strong></span> <span class='ocrx_word' id='word_1_673' title='bbox 3422 4532 3609 4587; x_wconf 84' lang='grc' dir='ltr'><strong>τοιάδε·</strong></span> <span class='ocrx_word' id='word_1_674' title='bbox 3636 4528 3755 4580; x_wconf 88' lang='grc' dir='ltr'><strong>Κων-</strong></span> 
     </span>
    </p>
   </div>
   <div class='ocr_carea' id='block_1_98' title="bbox 2229 4618 3756 4701">
    <p class='ocr_par' dir='ltr' id='par_1_98' title="bbox 2229 4618 3756 4701">
     <span class='ocr_line' id='line_1_98' title="bbox 2229 4618 3756 4701; baseline -0.011 -16"><span class='ocrx_word' id='word_1_675' title='bbox 2229 4631 2505 4686; x_wconf 87' lang='grc' dir='ltr'><strong>σταντίνου</strong></span> <span class='ocrx_word' id='word_1_676' title='bbox 2550 4630 2643 4684; x_wconf 87' lang='grc' dir='ltr'><strong>τοῦ</strong></span> <span class='ocrx_word' id='word_1_677' title='bbox 2700 4627 3117 4701; x_wconf 84' lang='grc' dir='ltr'><strong>βασιλεύσαντος</strong></span> <span class='ocrx_word' id='word_1_678' title='bbox 3169 4627 3269 4695; x_wconf 77' lang='grc' dir='ltr'><strong>τὴν</strong></span> <span class='ocrx_word' id='word_1_679' title='bbox 3331 4627 3504 4698; x_wconf 86' lang='grc' dir='ltr'><strong>θήκην</strong></span> <span class='ocrx_word' id='word_1_680' title='bbox 3554 4618 3756 4674; x_wconf 76' lang='grc' dir='ltr'><strong>ἐϐούλετο</strong></span> 
     </span>
    </p>
   </div>
   <div class='ocr_carea' id='block_1_99' title="bbox 2232 4704 3755 4792">
    <p class='ocr_par' dir='ltr' id='par_1_99' title="bbox 2232 4704 3755 4792">
     <span class='ocr_line' id='line_1_99' title="bbox 2232 4704 3755 4792; baseline -0.012 -16"><span class='ocrx_word' id='word_1_681' title='bbox 2232 4721 2564 4786; x_wconf 80' lang='grc' dir='ltr'><strong>Μακεδόνιος</strong></span> <span class='ocrx_word' id='word_1_682' title='bbox 2595 4719 2822 4792; x_wconf 76' lang='grc' dir='ltr'><strong>ἑτέρωθι</strong></span> <span class='ocrx_word' id='word_1_683' title='bbox 2875 4720 3213 4791; x_wconf 70' lang='grc' dir='ltr'><strong>μεταφέρειν.</strong></span> <span class='ocrx_word' id='word_1_684' title='bbox 3246 4718 3491 4772; x_wconf 84' lang='grc' dir='ltr'><strong>Ἦπεί).ει</strong></span> <span class='ocrx_word' id='word_1_685' title='bbox 3515 4713 3616 4784; x_wconf 80' lang='grc' dir='ltr'><strong>γάρ</strong></span> <span class='ocrx_word' id='word_1_686' title='bbox 3644 4704 3755 4760; x_wconf 83' lang='grc' dir='ltr'><strong>πτῶ-</strong></span> 
     </span>
    </p>
   </div>
   <div class='ocr_carea' id='block_1_100' title="bbox 2209 4798 3756 4883">
    <p class='ocr_par' dir='ltr' id='par_1_100' title="bbox 2209 4798 3756 4883">
     <span class='ocr_line' id='line_1_100' title="bbox 2209 4798 3756 4883; baseline -0.005 -16"><span class='ocrx_word' id='word_1_687' title='bbox 2209 4804 2313 4867; x_wconf 65' lang='grc' dir='ltr'><strong>’σιν</strong></span> <span class='ocrx_word' id='word_1_688' title='bbox 2340 4815 2369 4868; x_wconf 90' lang='grc' dir='ltr'><strong>ὁ</strong></span> <span class='ocrx_word' id='word_1_689' title='bbox 2412 4813 2617 4883; x_wconf 84' lang='grc' dir='ltr'><strong>ταύτην</strong></span> <span class='ocrx_word' id='word_1_690' title='bbox 2650 4812 2939 4867; x_wconf 85' lang='grc' dir='ltr'><strong>καλύπτων</strong></span> <span class='ocrx_word' id='word_1_691' title='bbox 2982 4808 3147 4875; x_wconf 74' lang='grc' dir='ltr'><strong>οἶκος.</strong></span> <span class='ocrx_word' id='word_1_692' title='bbox 3190 4810 3297 4869; x_wconf 86' lang='grc' dir='ltr'><strong>Τοῦ</strong></span> <span class='ocrx_word' id='word_1_693' title='bbox 3345 4810 3404 4864; x_wconf 80' lang='grc' dir='ltr'><strong>δὲ</strong></span> <span class='ocrx_word' id='word_1_694' title='bbox 3449 4806 3589 4870; x_wconf 83' lang='grc' dir='ltr'><strong>λαοῦ,</strong></span> <span class='ocrx_word' id='word_1_695' title='bbox 3616 4798 3756 4871; x_wconf 73' lang='grc' dir='ltr'><strong>οἱμὲν</strong></span> 
     </span>
    </p>
   </div>
   <div class='ocr_carea' id='block_1_101' title="bbox 1760 5135 2612 5197">
    <p class='ocr_par' dir='ltr' id='par_1_101' title="bbox 1760 5135 2612 5197">
     <span class='ocr_line' id='line_1_101' title="bbox 1760 5135 2612 5197; baseline 0.005 -4"><span class='ocrx_word' id='word_1_696' title='bbox 1760 5135 2032 5194; x_wconf 77' lang='lat' dir='ltr'><strong>VALESII</strong></span> <span class='ocrx_word' id='word_1_697' title='bbox 2062 5137 2612 5197; x_wconf 78' lang='lat' dir='ltr'><strong>ANNOTATIONES.</strong></span> 
     </span>
    </p>
   </div>
   <div class='ocr_carea' id='block_1_102' title="bbox 636 5279 2133 5353">
    <p class='ocr_par' dir='ltr' id='par_1_102' title="bbox 636 5279 2133 5353">
     <span class='ocr_line' id='line_1_102' title="bbox 636 5279 2133 5353; baseline -0.001 -16"><span class='ocrx_word' id='word_1_698' title='bbox 636 5280 751 5353; x_wconf 76' lang='lat' dir='ltr'><strong>(l5)</strong></span> <span class='ocrx_word' id='word_1_699' title='bbox 777 5279 1188 5353; x_wconf 23' lang='lat' dir='ltr'><strong>Mdrovc‘airae</strong></span> <span class='ocrx_word' id='word_1_700' title='bbox 1219 5282 1486 5353; x_wconf 71' lang='grc' dir='ltr'><strong>τούτους,</strong></span> <span class='ocrx_word' id='word_1_701' title='bbox 1509 5280 1609 5337; x_wconf 89' lang='lat' dir='ltr'><strong>Hic</strong></span> <span class='ocrx_word' id='word_1_702' title='bbox 1630 5295 1851 5353; x_wconf 83' lang='lat' dir='ltr'><strong>quoque</strong></span> <span class='ocrx_word' id='word_1_703' title='bbox 1875 5289 2133 5352; x_wconf 86' lang='lat' dir='ltr'><strong>transpo-</strong></span> 
     </span>
    </p>
   </div>
   <div class='ocr_carea' id='block_1_103' title="bbox 562 5350 2132 5420">
    <p class='ocr_par' dir='ltr' id='par_1_103' title="bbox 562 5350 2132 5420">
     <span class='ocr_line' id='line_1_103' title="bbox 562 5350 2132 5420; baseline 0.001 -15"><span class='ocrx_word' id='word_1_704' title='bbox 562 5350 672 5412; x_wconf 78' lang='lat' dir='ltr'><strong>sita</strong></span> <span class='ocrx_word' id='word_1_705' title='bbox 704 5359 833 5407; x_wconf 88' lang='lat' dir='ltr'><strong>sunt</strong></span> <span class='ocrx_word' id='word_1_706' title='bbox 880 5351 1171 5415; x_wconf 87' lang='lat' dir='ltr'><strong>vocabula,</strong></span> <span class='ocrx_word' id='word_1_707' title='bbox 1222 5351 1427 5420; x_wconf 65' lang='lat' dir='ltr'><strong>quaein</strong></span> <span class='ocrx_word' id='word_1_708' title='bbox 1472 5352 1620 5420; x_wconf 81' lang='lat' dir='ltr'><strong>hunc</strong></span> <span class='ocrx_word' id='word_1_709' title='bbox 1648 5350 1885 5406; x_wconf 55' lang='lat' dir='ltr'><strong>&#39;modum</strong></span> <span class='ocrx_word' id='word_1_710' title='bbox 1914 5350 2132 5407; x_wconf 83' lang='lat' dir='ltr'><strong>restitui</strong></span> 
     </span>
    </p>
   </div>
   <div class='ocr_carea' id='block_1_104' title="bbox 565 5418 2130 5504">
    <p class='ocr_par' dir='ltr' id='par_1_104' title="bbox 565 5418 2130 5504">
     <span class='ocr_line' id='line_1_104' title="bbox 565 5418 2130 5504; baseline 0 -29"><span class='ocrx_word' id='word_1_711' title='bbox 565 5421 765 5504; x_wconf 80' lang='lat' dir='ltr'><strong>debth</strong></span> <span class='ocrx_word' id='word_1_712' title='bbox 797 5439 810 5474; x_wconf 91' lang='lat'><strong>:</strong></span> <span class='ocrx_word' id='word_1_713' title='bbox 843 5420 935 5504; x_wconf 65' lang='grc' dir='ltr'>Μῂ</span> <span class='ocrx_word' id='word_1_714' title='bbox 963 5420 1180 5504; x_wconf 73' lang='grc' dir='ltr'><strong>ἱκανούς</strong></span> <span class='ocrx_word' id='word_1_715' title='bbox 1195 5418 1499 5504; x_wconf 32' lang='grc' dir='ltr'><strong>,τενμόνους</strong></span> <span class='ocrx_word' id='word_1_716' title='bbox 1508 5418 1655 5504; x_wconf 62' lang='grc' dir='ltr'><strong>εἶναι</strong></span> <span class='ocrx_word' id='word_1_717' title='bbox 1680 5422 1805 5504; x_wconf 57' lang='grc' dir='ltr'><strong>τοῦς</strong></span> <span class='ocrx_word' id='word_1_718' title='bbox 1826 5422 2130 5504; x_wconf 54' lang='grc' dir='ltr'><strong>⁸ἐκκλησια-</strong></span> 
     </span>
    </p>
   </div>
   <div class='ocr_carea' id='block_1_105' title="bbox 433 5488 2131 5556">
    <p class='ocr_par' dir='ltr' id='par_1_105' title="bbox 433 5488 2131 5556">
     <span class='ocr_line' id='line_1_105' title="bbox 433 5488 2131 5556; baseline 0.002 -13"><span class='ocrx_word' id='word_1_719' title='bbox 433 5546 469 5556; x_wconf 58' lang='grc'><strong>,,</strong></span> <span class='ocrx_word' id='word_1_720' title='bbox 568 5490 788 5555; x_wconf 79' lang='grc' dir='ltr'><strong>στικοὺς</strong></span> <span class='ocrx_word' id='word_1_721' title='bbox 822 5488 1046 5554; x_wconf 76' lang='grc' dir='ltr'><strong>τούτους</strong></span> <span class='ocrx_word' id='word_1_722' title='bbox 1085 5488 1431 5545; x_wconf 85' lang='grc' dir='ltr'><strong>ἀπελαύνειν.</strong></span> <span class='ocrx_word' id='word_1_723' title='bbox 1485 5490 1586 5545; x_wconf 88' lang='lat' dir='ltr'><strong>Ubi</strong></span> <span class='ocrx_word' id='word_1_724' title='bbox 1640 5488 2003 5548; x_wconf 86' lang='lat' dir='ltr'><strong>ecclesiastici</strong></span> <span class='ocrx_word' id='word_1_725' title='bbox 2044 5492 2131 5546; x_wconf 86' lang='lat' dir='ltr'><strong>di-</strong></span> 
     </span>
    </p>
   </div>
   <div class='ocr_carea' id='block_1_106' title="bbox 568 5560 2132 5626">
    <p class='ocr_par' dir='ltr' id='par_1_106' title="bbox 568 5560 2132 5626">
     <span class='ocr_line' id='line_1_106' title="bbox 568 5560 2132 5626; baseline 0.001 -13"><span class='ocrx_word' id='word_1_726' title='bbox 568 5571 772 5615; x_wconf 90' lang='lat' dir='ltr'><strong>cuntur</strong></span> <span class='ocrx_word' id='word_1_727' title='bbox 800 5561 983 5615; x_wconf 89' lang='lat' dir='ltr'><strong>clerici</strong></span> <span class='ocrx_word' id='word_1_728' title='bbox 1016 5560 1461 5615; x_wconf 86' lang='lat' dir='ltr'><strong>Catholicorum:</strong></span> <span class='ocrx_word' id='word_1_729' title='bbox 1493 5560 1715 5626; x_wconf 86' lang='grc' dir='ltr'><strong>τούτους</strong></span> <span class='ocrx_word' id='word_1_730' title='bbox 1762 5576 1894 5615; x_wconf 91' lang='lat' dir='ltr'><strong>vero</strong></span> <span class='ocrx_word' id='word_1_731' title='bbox 1929 5562 2132 5615; x_wconf 86' lang='lat' dir='ltr'><strong>intelli-</strong></span> 
     </span>
    </p>
   </div>
   <div class='ocr_carea' id='block_1_107' title="bbox 605 5629 2120 5701">
    <p class='ocr_par' dir='ltr' id='par_1_107' title="bbox 605 5629 2120 5701">
     <span class='ocr_line' id='line_1_107' title="bbox 605 5629 2120 5701; baseline 0.002 -18"><span class='ocrx_word' id='word_1_732' title='bbox 605 5644 696 5701; x_wconf 81' lang='lat' dir='ltr'><strong>erc</strong></span> <span class='ocrx_word' id='word_1_733' title='bbox 724 5638 938 5698; x_wconf 87' lang='lat' dir='ltr'><strong>oportet</strong></span> <span class='ocrx_word' id='word_1_734' title='bbox 981 5629 1315 5686; x_wconf 87' lang='lat' dir='ltr'><strong>Novatianos</strong></span> <span class='ocrx_word' id='word_1_735' title='bbox 1349 5630 1608 5701; x_wconf 78' lang='lat' dir='ltr'><strong>degentes</strong></span> <span class='ocrx_word' id='word_1_736' title='bbox 1640 5634 1692 5687; x_wconf 91' lang='lat' dir='ltr'><strong>iu</strong></span> <span class='ocrx_word' id='word_1_737' title='bbox 1731 5631 2120 5700; x_wconf 78' lang='lat' dir='ltr'><strong>Paphlagonia.</strong></span> 
     </span>
    </p>
   </div>
   <div class='ocr_carea' id='block_1_108' title="bbox 618 5700 2117 5775">
    <p class='ocr_par' dir='ltr' id='par_1_108' title="bbox 618 5700 2117 5775">
     <span class='ocr_line' id='line_1_108' title="bbox 618 5700 2117 5775; baseline 0.002 -22"><span class='ocrx_word' id='word_1_738' title='bbox 618 5700 792 5757; x_wconf 83' lang='lat' dir='ltr'><strong>otabit</strong></span> <span class='ocrx_word' id='word_1_739' title='bbox 864 5701 1042 5758; x_wconf 84' lang='lat' dir='ltr'><strong>obiter</strong></span> <span class='ocrx_word' id='word_1_740' title='bbox 1098 5701 1378 5760; x_wconf 83' lang='lat' dir='ltr'><strong>studiosus</strong></span> <span class='ocrx_word' id='word_1_741' title='bbox 1430 5701 1599 5758; x_wconf 82' lang='lat' dir='ltr'><strong>lector</strong></span> <span class='ocrx_word' id='word_1_742' title='bbox 1673 5701 2117 5775; x_wconf 85' lang='lat' dir='ltr'><strong>jurisdiclionem</strong></span> 
     </span>
    </p>
   </div>
   <div class='ocr_carea' id='block_1_109' title="bbox 2229 5277 3751 5357">
    <p class='ocr_par' dir='ltr' id='par_1_109' title="bbox 2229 5277 3751 5357">
     <span class='ocr_line' id='line_1_109' title="bbox 2229 5277 3751 5357; baseline -0.005 -20"><span class='ocrx_word' id='word_1_743' title='bbox 2229 5283 2473 5357; x_wconf 81' lang='lat' dir='ltr'><strong>episcopi</strong></span> <span class='ocrx_word' id='word_1_744' title='bbox 2496 5284 3112 5357; x_wconf 85' lang='lat' dir='ltr'><strong>Constantinopolitani,</strong></span> <span class='ocrx_word' id='word_1_745' title='bbox 3143 5301 3264 5357; x_wconf 64' lang='lat' dir='ltr'><strong>quae</strong></span> <span class='ocrx_word' id='word_1_746' title='bbox 3284 5287 3353 5341; x_wconf 87' lang='lat' dir='ltr'><strong>ad</strong></span> <span class='ocrx_word' id='word_1_747' title='bbox 3372 5277 3751 5355; x_wconf 73' lang='lat' dir='ltr'><strong>Paphlagoniam</strong></span> 
     </span>
    </p>
   </div>
   <div class='ocr_carea' id='block_1_110' title="bbox 2231 5354 3186 5424">
    <p class='ocr_par' dir='ltr' id='par_1_110' title="bbox 2231 5354 3186 5424">
     <span class='ocr_line' id='line_1_110' title="bbox 2231 5354 3186 5424; baseline 0.007 -18"><span class='ocrx_word' id='word_1_748' title='bbox 2231 5368 2403 5424; x_wconf 82' lang='lat' dir='ltr'><strong>usque</strong></span> <span class='ocrx_word' id='word_1_749' title='bbox 2436 5354 2694 5424; x_wconf 61' lang='lat' dir='ltr'><strong>iam}qu</strong></span> <span class='ocrx_word' id='word_1_750' title='bbox 2738 5354 3186 5424; x_wconf 76' lang='lat' dir='ltr'><strong>protendebatur.</strong></span> 
     </span>
    </p>
   </div>
   <div class='ocr_carea' id='block_1_111' title="bbox 2299 5422 3754 5510">
    <p class='ocr_par' dir='ltr' id='par_1_111' title="bbox 2299 5422 3754 5510">
     <span class='ocr_line' id='line_1_111' title="bbox 2299 5422 3754 5510; baseline -0.001 -33"><span class='ocrx_word' id='word_1_751' title='bbox 2437 5422 2691 5492; x_wconf 80' lang='grc' dir='ltr'><strong>Πλῆθος</strong></span> <span class='ocrx_word' id='word_1_752' title='bbox 2720 5422 3044 5510; x_wconf 38' lang='grc' dir='ltr'><strong>γενόμενοι.</strong></span> <span class='ocrx_word' id='word_1_753' title='bbox 3066 5425 3754 5510; x_wconf 47' lang='grc' dir='ltr'><strong>ΔριῐιίεειιιιιἸιὲιῑηριιιο</strong></span> 
     </span>
    </p>
   </div>
   <div class='ocr_carea' id='block_1_112' title="bbox 2228 5485 3753 5566">
    <p class='ocr_par' dir='ltr' id='par_1_112' title="bbox 2228 5485 3753 5566">
     <span class='ocr_line' id='line_1_112' title="bbox 2228 5485 3753 5566; baseline 0.001 -19"><span class='ocrx_word' id='word_1_754' title='bbox 2228 5485 2442 5566; x_wconf 65' lang='lat' dir='ltr'><strong>vocem,</strong></span> <span class='ocrx_word' id='word_1_755' title='bbox 2477 5485 2875 5566; x_wconf 66' lang='lat' dir='ltr'><strong>quiesuppleri</strong></span> <span class='ocrx_word' id='word_1_756' title='bbox 2906 5503 3084 5566; x_wconf 84' lang='lat' dir='ltr'><strong>potest</strong></span> <span class='ocrx_word' id='word_1_757' title='bbox 3118 5495 3221 5566; x_wconf 87' lang='lat' dir='ltr'><strong>hoc</strong></span> <span class='ocrx_word' id='word_1_758' title='bbox 3254 5495 3421 5549; x_wconf 90' lang='lat' dir='ltr'><strong>modo</strong></span> <span class='ocrx_word' id='word_1_759' title='bbox 3453 5515 3465 5549; x_wconf 90' lang='lat'><strong>:</strong></span> <span class='ocrx_word' id='word_1_760' title='bbox 3492 5485 3559 5566; x_wconf 62' lang='grc' dir='ltr'><strong>’ξρ</strong></span> <span class='ocrx_word' id='word_1_761' title='bbox 3581 5489 3674 5566; x_wconf 74' lang='grc' dir='ltr'><strong>γὰρ</strong></span> <span class='ocrx_word' id='word_1_762' title='bbox 3704 5485 3753 5566; x_wconf 58' lang='grc' dir='ltr'><strong>ἐκ</strong></span> 
     </span>
    </p>
   </div>
   <div class='ocr_carea' id='block_1_113' title="bbox 2228 5560 3754 5635">
    <p class='ocr_par' dir='ltr' id='par_1_113' title="bbox 2228 5560 3754 5635">
     <span class='ocr_line' id='line_1_113' title="bbox 2228 5560 3754 5635; baseline -0.02 1"><span class='ocrx_word' id='word_1_763' title='bbox 2228 5560 2548 5635; x_wconf 59' lang='grc' dir='ltr'><strong>Μεντιγειὸυ</strong></span> <span class='ocrx_word' id='word_1_764' title='bbox 2573 5560 2797 5630; x_wconf 64' lang='grc' dir='ltr'><strong>πλῆσοξ,</strong></span> <span class='ocrx_word' id='word_1_765' title='bbox 2840 5560 2970 5635; x_wconf 72' lang='grc' dir='ltr'><strong>ὁμοῦ</strong></span> <span class='ocrx_word' id='word_1_766' title='bbox 3010 5565 3314 5635; x_wconf 79' lang='grc' dir='ltr'><strong>γενόμενοι.</strong></span> <span class='ocrx_word' id='word_1_767' title='bbox 3363 5560 3754 5635; x_wconf 67' lang='lat' dir='ltr'><strong>etc._YcI_ceu&#39;te</strong></span> 
     </span>
    </p>
   </div>
   <div class='ocr_carea' id='block_1_114' title="bbox 2230 5629 3750 5713">
    <p class='ocr_par' dir='ltr' id='par_1_114' title="bbox 2230 5629 3750 5713">
     <span class='ocr_line' id='line_1_114' title="bbox 2230 5629 3750 5713; baseline -0.001 -29"><span class='ocrx_word' id='word_1_768' title='bbox 2230 5631 2469 5713; x_wconf 67' lang='lat' dir='ltr'><strong>delenda</strong></span> <span class='ocrx_word' id='word_1_769' title='bbox 2486 5641 2570 5689; x_wconf 89' lang='lat' dir='ltr'><strong>est</strong></span> <span class='ocrx_word' id='word_1_770' title='bbox 2598 5629 2701 5691; x_wconf 66' lang='lat' dir='ltr'><strong>vos</strong></span> <span class='ocrx_word' id='word_1_771' title='bbox 2746 5629 3049 5706; x_wconf 76' lang='grc' dir='ltr'><strong>γενόμενοι,</strong></span> <span class='ocrx_word' id='word_1_772' title='bbox 3102 5629 3265 5706; x_wconf 82' lang='lat' dir='ltr'><strong>quam</strong></span> <span class='ocrx_word' id='word_1_773' title='bbox 3312 5651 3415 5691; x_wconf 86' lang='lat' dir='ltr'><strong>nec</strong></span> <span class='ocrx_word' id='word_1_774' title='bbox 3459 5629 3750 5701; x_wconf 76' lang='lat' dir='ltr'><strong>Niecphom</strong></span> 
     </span>
    </p>
   </div>
   <div class='ocr_carea' id='block_1_115' title="bbox 2230 5710 2497 5773">
    <p class='ocr_par' dir='ltr' id='par_1_115' title="bbox 2230 5710 2497 5773">
     <span class='ocr_line' id='line_1_115' title="bbox 2230 5710 2497 5773; baseline 0.019 -20"><span class='ocrx_word' id='word_1_775' title='bbox 2230 5710 2497 5773; x_wconf 73' lang='lat' dir='ltr'><strong>agnoscit.</strong></span> 
     </span>
    </p>
   </div>
  </div>
