  <div class='ocr_page' id='page_1' title='image "/cluster/home/n/w/nwhite01/storage/ocr_20150623/67/mdp.39015018620115/594.png"; bbox 0 0 4056 6326; ppageno 0'>
   <div class='ocr_carea' id='block_1_1' title="bbox 282 312 410 367">
    <p class='ocr_par' dir='ltr' id='par_1_1' title="bbox 282 312 410 367">
     <span class='ocr_line' id='line_1_1' title="bbox 282 312 410 367; baseline 0 0"><span class='ocrx_word' id='word_1_1' title='bbox 282 312 410 367; x_wconf 80' lang='lat' dir='ltr'><strong>H77</strong></span> 
     </span>
    </p>
   </div>
   <div class='ocr_carea' id='block_1_2' title="bbox 1210 311 2541 375">
    <p class='ocr_par' dir='ltr' id='par_1_2' title="bbox 1210 311 2541 375">
     <span class='ocr_line' id='line_1_2' title="bbox 1210 311 2541 375; baseline 0.005 -7"><span class='ocrx_word' id='word_1_2' title='bbox 1210 311 1542 371; x_wconf 73' lang='lat' dir='ltr'><strong>HISTORIA</strong></span> <span class='ocrx_word' id='word_1_3' title='bbox 1581 313 2144 375; x_wconf 73' lang='lat' dir='ltr'><strong>ECCLESIASTICA.</strong></span> <span class='ocrx_word' id='word_1_4' title='bbox 2184 348 2253 359; x_wconf 91' lang='lat'><strong>--</strong></span> <span class='ocrx_word' id='word_1_5' title='bbox 2286 315 2416 375; x_wconf 86' lang='lat' dir='ltr'><strong>LIB.</strong></span> <span class='ocrx_word' id='word_1_6' title='bbox 2457 318 2541 375; x_wconf 84' lang='lat' dir='ltr'><strong>IV.</strong></span> 
     </span>
    </p>
   </div>
   <div class='ocr_carea' id='block_1_3' title="bbox 3399 323 3538 381">
    <p class='ocr_par' dir='ltr' id='par_1_3' title="bbox 3399 323 3538 381">
     <span class='ocr_line' id='line_1_3' title="bbox 3399 323 3538 381; baseline -0.007 0"><span class='ocrx_word' id='word_1_7' title='bbox 3399 323 3538 381; x_wconf 81' lang='lat' dir='ltr'><strong>H78</strong></span> 
     </span>
    </p>
   </div>
   <div class='ocr_carea' id='block_1_4' title="bbox 277 418 1859 511">
    <p class='ocr_par' dir='ltr' id='par_1_4' title="bbox 277 418 1857 505">
     <span class='ocr_line' id='line_1_4' title="bbox 277 418 1857 505; baseline 0.004 -24"><span class='ocrx_word' id='word_1_8' title='bbox 277 418 372 481; x_wconf 76' lang='grc' dir='ltr'>ὧδε</span> <span class='ocrx_word' id='word_1_9' title='bbox 421 424 671 495; x_wconf 85' lang='grc' dir='ltr'>γενέσθαι</span> <span class='ocrx_word' id='word_1_10' title='bbox 705 426 1038 499; x_wconf 78' lang='grc' dir='ltr'>συνεχώρουν</span> <span class='ocrx_word' id='word_1_11' title='bbox 1081 445 1094 458; x_wconf 88' lang='grc'><strong>·</strong></span> <span class='ocrx_word' id='word_1_12' title='bbox 1128 431 1177 482; x_wconf 81' lang='grc' dir='ltr'>οἱ</span> <span class='ocrx_word' id='word_1_13' title='bbox 1219 430 1277 484; x_wconf 84' lang='grc' dir='ltr'>δὲ</span> <span class='ocrx_word' id='word_1_14' title='bbox 1328 432 1596 505; x_wconf 82' lang='grc' dir='ltr'><strong>ἀντεῖχον,</strong></span> <span class='ocrx_word' id='word_1_15' title='bbox 1644 434 1857 490; x_wconf 85' lang='grc' dir='ltr'>ἀνόσιον</span> 
     </span>
    </p>
   </div>
   <div class='ocr_carea' id='block_1_5' title="bbox 1960 418 3538 511">
    <p class='ocr_par' dir='ltr' id='par_1_5' title="bbox 1961 435 3538 511">
     <span class='ocr_line' id='line_1_5' title="bbox 1961 435 3538 511; baseline 0.001 -18"><span class='ocrx_word' id='word_1_16' title='bbox 1961 435 2132 493; x_wconf 85' lang='lat' dir='ltr'><strong>vioris</strong></span> <span class='ocrx_word' id='word_1_17' title='bbox 2153 435 2264 494; x_wconf 91' lang='lat' dir='ltr'><strong>odii</strong></span> <span class='ocrx_word' id='word_1_18' title='bbox 2290 452 2456 495; x_wconf 87' lang='lat' dir='ltr'><strong>causa</strong></span> <span class='ocrx_word' id='word_1_19' title='bbox 2479 444 2796 495; x_wconf 72' lang='lat' dir='ltr'><strong>accesserat</strong></span> <span class='ocrx_word' id='word_1_20' title='bbox 2814 437 3157 511; x_wconf 86' lang='lat' dir='ltr'><strong>hujusmodi.</strong></span> <span class='ocrx_word' id='word_1_21' title='bbox 3184 441 3538 498; x_wconf 85' lang='lat' dir='ltr'><strong>Constantini</strong></span> 
     </span>
    </p>
   </div>
   <div class='ocr_carea' id='block_1_6' title="bbox 278 512 1858 596">
    <p class='ocr_par' dir='ltr' id='par_1_6' title="bbox 278 512 1858 596">
     <span class='ocr_line' id='line_1_6' title="bbox 278 512 1858 596; baseline 0.006 -25"><span class='ocrx_word' id='word_1_22' title='bbox 278 512 410 572; x_wconf 84' lang='grc' dir='ltr'>εῖναι</span> <span class='ocrx_word' id='word_1_23' title='bbox 463 517 755 589; x_wconf 77' lang='grc' dir='ltr'>ἡγούμενοι</span> <span class='ocrx_word' id='word_1_24' title='bbox 780 558 796 583; x_wconf 87' lang='grc'><strong>,</strong></span> <span class='ocrx_word' id='word_1_25' title='bbox 828 520 924 574; x_wconf 73' lang='grc' dir='ltr'><strong>καὶ</strong></span> <span class='ocrx_word' id='word_1_26' title='bbox 975 519 1055 592; x_wconf 83' lang='grc' dir='ltr'>τῷ</span> <span class='ocrx_word' id='word_1_27' title='bbox 1100 520 1413 592; x_wconf 81' lang='grc' dir='ltr'>ἀνορύττειν</span> <span class='ocrx_word' id='word_1_28' title='bbox 1475 526 1680 596; x_wconf 83' lang='grc' dir='ltr'>ὅμοιον.</span> <span class='ocrx_word' id='word_1_29' title='bbox 1724 525 1858 580; x_wconf 69' lang='grc' dir='ltr'>Συνα</span> 
     </span>
    </p>
   </div>
   <div class='ocr_carea' id='block_1_7' title="bbox 277 610 1860 687">
    <p class='ocr_par' dir='ltr' id='par_1_7' title="bbox 277 610 1860 687">
     <span class='ocr_line' id='line_1_7' title="bbox 277 610 1860 687; baseline 0.001 -20"><span class='ocrx_word' id='word_1_30' title='bbox 277 610 643 683; x_wconf 82' lang='grc' dir='ltr'>ελαμὸάνοντο</span> <span class='ocrx_word' id='word_1_31' title='bbox 663 611 720 665; x_wconf 83' lang='grc' dir='ltr'>δὲ</span> <span class='ocrx_word' id='word_1_32' title='bbox 743 613 956 676; x_wconf 81' lang='grc' dir='ltr'>τούτοις</span> <span class='ocrx_word' id='word_1_33' title='bbox 982 613 1077 667; x_wconf 76' lang='grc' dir='ltr'>καὶ</span> <span class='ocrx_word' id='word_1_34' title='bbox 1104 614 1154 668; x_wconf 79' lang='grc' dir='ltr'>οἱ</span> <span class='ocrx_word' id='word_1_35' title='bbox 1169 613 1231 668; x_wconf 78' lang='grc' dir='ltr'>τὸ</span> <span class='ocrx_word' id='word_1_36' title='bbox 1257 614 1433 685; x_wconf 85' lang='grc' dir='ltr'><strong>δόγμα</strong></span> <span class='ocrx_word' id='word_1_37' title='bbox 1448 617 1545 686; x_wconf 81' lang='grc' dir='ltr'>τῆς</span> <span class='ocrx_word' id='word_1_38' title='bbox 1575 619 1633 671; x_wconf 84' lang='grc' dir='ltr'><strong>ἐν</strong></span> <span class='ocrx_word' id='word_1_39' title='bbox 1653 616 1860 687; x_wconf 79' lang='grc' dir='ltr'>Νικαία</span> 
     </span>
    </p>
   </div>
   <div class='ocr_carea' id='block_1_8' title="bbox 279 702 1859 778">
    <p class='ocr_par' dir='ltr' id='par_1_8' title="bbox 279 702 1859 778">
     <span class='ocr_line' id='line_1_8' title="bbox 279 702 1859 778; baseline 0.003 -22"><span class='ocrx_word' id='word_1_40' title='bbox 279 702 495 757; x_wconf 82' lang='grc' dir='ltr'>συνόδου</span> <span class='ocrx_word' id='word_1_41' title='bbox 538 702 954 774; x_wconf 76' lang='grc' dir='ltr'>πρεσϐεύοντες,</span> <span class='ocrx_word' id='word_1_42' title='bbox 989 706 1126 777; x_wconf 84' lang='grc' dir='ltr'>μήτε</span> <span class='ocrx_word' id='word_1_43' title='bbox 1168 704 1486 778; x_wconf 77' lang='grc' dir='ltr'>ὑϐρίζεσθαι</span> <span class='ocrx_word' id='word_1_44' title='bbox 1514 707 1859 761; x_wconf 84' lang='grc' dir='ltr'>Κωνσταντί-</span> 
     </span>
    </p>
   </div>
   <div class='ocr_carea' id='block_1_9' title="bbox 276 792 1857 870">
    <p class='ocr_par' dir='ltr' id='par_1_9' title="bbox 276 792 1857 870">
     <span class='ocr_line' id='line_1_9' title="bbox 276 792 1857 870; baseline 0.004 -24"><span class='ocrx_word' id='word_1_45' title='bbox 276 810 364 847; x_wconf 85' lang='grc' dir='ltr'><strong>νου</strong></span> <span class='ocrx_word' id='word_1_46' title='bbox 391 793 454 846; x_wconf 82' lang='grc' dir='ltr'><strong>τὸ</strong></span> <span class='ocrx_word' id='word_1_47' title='bbox 482 793 642 865; x_wconf 82' lang='grc' dir='ltr'>σῶμα</span> <span class='ocrx_word' id='word_1_48' title='bbox 657 792 733 858; x_wconf 83' lang='grc' dir='ltr'>ὡς</span> <span class='ocrx_word' id='word_1_49' title='bbox 752 794 1006 864; x_wconf 80' lang='grc' dir='ltr'>όμοδόξου</span> <span class='ocrx_word' id='word_1_50' title='bbox 1031 796 1369 868; x_wconf 80' lang='grc' dir='ltr'>ἀνεχόμενοι,</span> <span class='ocrx_word' id='word_1_51' title='bbox 1395 798 1490 852; x_wconf 71' lang='grc' dir='ltr'>καὶ</span> <span class='ocrx_word' id='word_1_52' title='bbox 1513 799 1857 870; x_wconf 87' lang='grc' dir='ltr'>Μακεδονίῳ,</span> 
     </span>
    </p>
   </div>
   <div class='ocr_carea' id='block_1_10' title="bbox 275 883 1860 963">
    <p class='ocr_par' dir='ltr' id='par_1_10' title="bbox 275 883 1860 963">
     <span class='ocr_line' id='line_1_10' title="bbox 275 883 1860 963; baseline 0.004 -24"><span class='ocrx_word' id='word_1_53' title='bbox 275 883 705 958; x_wconf 42' lang='grc' dir='ltr'>οἶμαι,ἐναντίοιι</span> <span class='ocrx_word' id='word_1_54' title='bbox 724 884 864 942; x_wconf 74' lang='grc' dir='ltr'>εἶναι</span> <span class='ocrx_word' id='word_1_55' title='bbox 899 887 1312 953; x_wconf 71' lang='grc' dir='ltr'>σπουδάζοντες.</span> <span class='ocrx_word' id='word_1_56' title='bbox 1343 889 1483 943; x_wconf 80' lang='grc' dir='ltr'>Ἀλλ’</span> <span class='ocrx_word' id='word_1_57' title='bbox 1504 893 1532 944; x_wconf 99' lang='lat'><strong>6</strong></span> <span class='ocrx_word' id='word_1_58' title='bbox 1563 891 1664 961; x_wconf 85' lang='grc' dir='ltr'><strong>μὲν</strong></span> <span class='ocrx_word' id='word_1_59' title='bbox 1695 892 1860 963; x_wconf 80' lang='grc' dir='ltr'>μηδὲν</span> 
     </span>
    </p>
   </div>
   <div class='ocr_carea' id='block_1_11' title="bbox 279 978 1856 1053">
    <p class='ocr_par' dir='ltr' id='par_1_11' title="bbox 279 978 1856 1053">
     <span class='ocr_line' id='line_1_11' title="bbox 279 978 1856 1053; baseline 0.003 -23"><span class='ocrx_word' id='word_1_60' title='bbox 279 978 538 1051; x_wconf 87' lang='grc' dir='ltr'>μελήσας,</span> <span class='ocrx_word' id='word_1_61' title='bbox 575 978 902 1051; x_wconf 87' lang='grc' dir='ltr'>μετεκόμισε</span> <span class='ocrx_word' id='word_1_62' title='bbox 943 980 1040 1051; x_wconf 85' lang='grc' dir='ltr'>τὴν</span> <span class='ocrx_word' id='word_1_63' title='bbox 1070 980 1245 1051; x_wconf 80' lang='grc' dir='ltr'>θήκην</span> <span class='ocrx_word' id='word_1_64' title='bbox 1294 981 1503 1053; x_wconf 25' lang='grc' dir='ltr'>είςντὴν</span> <span class='ocrx_word' id='word_1_65' title='bbox 1539 982 1856 1053; x_wconf 87' lang='grc' dir='ltr'>ἐκκλησίαν,</span> 
     </span>
    </p>
   </div>
   <div class='ocr_carea' id='block_1_12' title="bbox 276 1061 1860 1141">
    <p class='ocr_par' dir='ltr' id='par_1_12' title="bbox 276 1061 1860 1141">
     <span class='ocr_line' id='line_1_12' title="bbox 276 1061 1860 1141; baseline 0.004 -21"><span class='ocrx_word' id='word_1_66' title='bbox 276 1061 389 1141; x_wconf 83' lang='grc' dir='ltr'>ὲνῇ</span> <span class='ocrx_word' id='word_1_67' title='bbox 420 1066 680 1121; x_wconf 86' lang='grc' dir='ltr'>Ἀκακίου</span> <span class='ocrx_word' id='word_1_68' title='bbox 732 1067 828 1122; x_wconf 83' lang='grc' dir='ltr'>τοῦ</span> <span class='ocrx_word' id='word_1_69' title='bbox 891 1068 1169 1141; x_wconf 82' lang='grc' dir='ltr'>μάρτυρός</span> <span class='ocrx_word' id='word_1_70' title='bbox 1202 1070 1351 1124; x_wconf 81' lang='grc' dir='ltr'>ἐστιν</span> <span class='ocrx_word' id='word_1_71' title='bbox 1390 1072 1418 1126; x_wconf 87' lang='lat'><strong>6</strong></span> <span class='ocrx_word' id='word_1_72' title='bbox 1460 1070 1651 1141; x_wconf 75' lang='grc' dir='ltr'>τάφος.</span> <span class='ocrx_word' id='word_1_73' title='bbox 1696 1071 1769 1125; x_wconf 86' lang='grc' dir='ltr'><strong>Τὸ</strong></span> <span class='ocrx_word' id='word_1_74' title='bbox 1800 1071 1860 1126; x_wconf 82' lang='grc' dir='ltr'>δὲ</span> 
     </span>
    </p>
   </div>
   <div class='ocr_carea' id='block_1_13' title="bbox 277 1157 1859 1232">
    <p class='ocr_par' dir='ltr' id='par_1_13' title="bbox 277 1157 1859 1232">
     <span class='ocr_line' id='line_1_13' title="bbox 277 1157 1859 1232; baseline 0.002 -22"><span class='ocrx_word' id='word_1_75' title='bbox 277 1157 497 1228; x_wconf 80' lang='grc' dir='ltr'>πλῆθος,</span> <span class='ocrx_word' id='word_1_76' title='bbox 523 1158 574 1211; x_wconf 78' lang='grc' dir='ltr'>οἱ</span> <span class='ocrx_word' id='word_1_77' title='bbox 602 1157 700 1230; x_wconf 90' lang='grc' dir='ltr'><strong>μέν</strong></span> <span class='ocrx_word' id='word_1_78' title='bbox 740 1157 802 1212; x_wconf 86' lang='grc' dir='ltr'><strong>τὸ</strong></span> <span class='ocrx_word' id='word_1_79' title='bbox 834 1159 1056 1228; x_wconf 84' lang='grc' dir='ltr'>γεγονὸς</span> <span class='ocrx_word' id='word_1_80' title='bbox 1085 1157 1439 1224; x_wconf 81' lang='grc' dir='ltr'>ἐπαινοῦντες</span> <span class='ocrx_word' id='word_1_81' title='bbox 1462 1200 1480 1227; x_wconf 90' lang='grc'><strong>,</strong></span> <span class='ocrx_word' id='word_1_82' title='bbox 1504 1162 1553 1213; x_wconf 82' lang='grc' dir='ltr'>οἱ</span> <span class='ocrx_word' id='word_1_83' title='bbox 1605 1159 1684 1224; x_wconf 81' lang='grc' dir='ltr'>δὲ,</span> <span class='ocrx_word' id='word_1_84' title='bbox 1716 1177 1859 1232; x_wconf 89' lang='grc' dir='ltr'>μεμ-</span> 
     </span>
    </p>
   </div>
   <div class='ocr_carea' id='block_1_14' title="bbox 276 1248 1859 1324">
    <p class='ocr_par' dir='ltr' id='par_1_14' title="bbox 276 1248 1859 1324">
     <span class='ocr_line' id='line_1_14' title="bbox 276 1248 1859 1324; baseline 0.004 -23"><span class='ocrx_word' id='word_1_85' title='bbox 276 1248 520 1319; x_wconf 85' lang='grc' dir='ltr'>φόμενοι,</span> <span class='ocrx_word' id='word_1_86' title='bbox 542 1251 662 1303; x_wconf 86' lang='grc' dir='ltr'>κατ’</span> <span class='ocrx_word' id='word_1_87' title='bbox 677 1248 846 1320; x_wconf 80' lang='grc' dir='ltr'>αὐτὴν</span> <span class='ocrx_word' id='word_1_88' title='bbox 863 1249 963 1320; x_wconf 84' lang='grc' dir='ltr'>τὴν</span> <span class='ocrx_word' id='word_1_89' title='bbox 982 1250 1278 1320; x_wconf 71' lang='grc' dir='ltr'>ἐκκλησίαν</span> <span class='ocrx_word' id='word_1_90' title='bbox 1302 1253 1378 1316; x_wconf 86' lang='grc' dir='ltr'>εἰς</span> <span class='ocrx_word' id='word_1_91' title='bbox 1406 1252 1667 1324; x_wconf 79' lang='grc' dir='ltr'>ἀλλήλους</span> <span class='ocrx_word' id='word_1_92' title='bbox 1695 1252 1859 1324; x_wconf 81' lang='grc' dir='ltr'>ἐτρά-</span> 
     </span>
    </p>
   </div>
   <div class='ocr_carea' id='block_1_15' title="bbox 277 1340 1859 1417">
    <p class='ocr_par' dir='ltr' id='par_1_15' title="bbox 277 1340 1859 1417">
     <span class='ocr_line' id='line_1_15' title="bbox 277 1340 1859 1417; baseline 0.003 -23"><span class='ocrx_word' id='word_1_93' title='bbox 277 1358 477 1413; x_wconf 87' lang='grc' dir='ltr'>πησαν.</span> <span class='ocrx_word' id='word_1_94' title='bbox 514 1340 644 1394; x_wconf 74' lang='grc' dir='ltr'>’Καὶ</span> <span class='ocrx_word' id='word_1_95' title='bbox 691 1341 1082 1409; x_wconf 83' lang='grc' dir='ltr'>τελευτῶντες,</span> <span class='ocrx_word' id='word_1_96' title='bbox 1124 1342 1287 1396; x_wconf 82' lang='grc' dir='ltr'>αὐτόν</span> <span class='ocrx_word' id='word_1_97' title='bbox 1333 1361 1392 1398; x_wconf 89' lang='grc' dir='ltr'><strong>τε</strong></span> <span class='ocrx_word' id='word_1_98' title='bbox 1436 1344 1528 1398; x_wconf 81' lang='grc' dir='ltr'><strong>τὸν</strong></span> <span class='ocrx_word' id='word_1_99' title='bbox 1571 1345 1859 1417; x_wconf 84' lang='grc' dir='ltr'>εὐκτήριον</span> 
     </span>
    </p>
   </div>
   <div class='ocr_carea' id='block_1_16' title="bbox 274 1428 1857 1506">
    <p class='ocr_par' dir='ltr' id='par_1_16' title="bbox 274 1428 1857 1506">
     <span class='ocr_line' id='line_1_16' title="bbox 274 1428 1857 1506; baseline 0.004 -22"><span class='ocrx_word' id='word_1_100' title='bbox 274 1428 418 1485; x_wconf 65' lang='grc' dir='ltr'>οἷκον</span> <span class='ocrx_word' id='word_1_101' title='bbox 468 1431 563 1486; x_wconf 72' lang='grc' dir='ltr'><strong>καὶ</strong></span> <span class='ocrx_word' id='word_1_102' title='bbox 593 1432 685 1485; x_wconf 77' lang='grc' dir='ltr'><strong>τὸν</strong></span> <span class='ocrx_word' id='word_1_103' title='bbox 734 1432 890 1504; x_wconf 80' lang='grc' dir='ltr'>πέριξ</span> <span class='ocrx_word' id='word_1_104' title='bbox 923 1432 1099 1504; x_wconf 83' lang='grc' dir='ltr'>χῶρον</span> <span class='ocrx_word' id='word_1_105' title='bbox 1130 1434 1381 1505; x_wconf 78' lang='grc' dir='ltr'>αἱμάτων</span> <span class='ocrx_word' id='word_1_106' title='bbox 1422 1436 1515 1492; x_wconf 77' lang='grc' dir='ltr'><strong>καὶ</strong></span> <span class='ocrx_word' id='word_1_107' title='bbox 1548 1436 1721 1506; x_wconf 79' lang='grc' dir='ltr'>φόνων</span> <span class='ocrx_word' id='word_1_108' title='bbox 1767 1437 1857 1490; x_wconf 87' lang='grc' dir='ltr'>ἐν-</span> 
     </span>
    </p>
   </div>
   <div class='ocr_carea' id='block_1_17' title="bbox 276 1508 1859 1599">
    <p class='ocr_par' dir='ltr' id='par_1_17' title="bbox 276 1508 1859 1599">
     <span class='ocr_line' id='line_1_17' title="bbox 276 1508 1859 1599; baseline 0.004 -25"><span class='ocrx_word' id='word_1_109' title='bbox 276 1522 534 1593; x_wconf 80' lang='grc' dir='ltr'>έπλησαν.</span> <span class='ocrx_word' id='word_1_110' title='bbox 562 1523 620 1576; x_wconf 86' lang='lat' dir='ltr'><strong>&#39;O</strong></span> <span class='ocrx_word' id='word_1_111' title='bbox 644 1522 701 1575; x_wconf 79' lang='grc' dir='ltr'>δὲ</span> <span class='ocrx_word' id='word_1_112' title='bbox 736 1522 989 1593; x_wconf 82' lang='grc' dir='ltr'>βασιλεὺς</span> <span class='ocrx_word' id='word_1_113' title='bbox 1016 1522 1094 1577; x_wconf 75' lang='grc' dir='ltr'>ἔτι</span> <span class='ocrx_word' id='word_1_114' title='bbox 1131 1523 1333 1595; x_wconf 86' lang='grc' dir='ltr'>διάγων</span> <span class='ocrx_word' id='word_1_115' title='bbox 1361 1527 1418 1580; x_wconf 89' lang='grc' dir='ltr'><strong>ἐν</strong></span> <span class='ocrx_word' id='word_1_116' title='bbox 1545 1527 1681 1599; x_wconf 80' lang='grc' dir='ltr'>πρὸς</span> <span class='ocrx_word' id='word_1_117' title='bbox 1708 1526 1859 1582; x_wconf 89' lang='grc' dir='ltr'>δύσιν</span> 
     </span>
    </p>
   </div>
   <div class='ocr_carea' id='block_1_18' title="bbox 273 1616 1858 1695">
    <p class='ocr_par' dir='ltr' id='par_1_18' title="bbox 273 1616 1858 1695">
     <span class='ocr_line' id='line_1_18' title="bbox 273 1616 1858 1695; baseline 0.006 -27"><span class='ocrx_word' id='word_1_118' title='bbox 273 1616 569 1689; x_wconf 77' lang='grc' dir='ltr'>ἀρχομένη,</span> <span class='ocrx_word' id='word_1_119' title='bbox 598 1616 725 1670; x_wconf 89' lang='grc' dir='ltr'>τάδε</span> <span class='ocrx_word' id='word_1_120' title='bbox 757 1616 941 1687; x_wconf 87' lang='grc' dir='ltr'>μαθὼν</span> <span class='ocrx_word' id='word_1_121' title='bbox 973 1618 1296 1690; x_wconf 77' lang='grc' dir='ltr'>ἐχαλέπαινε</span> <span class='ocrx_word' id='word_1_122' title='bbox 1320 1636 1333 1652; x_wconf 91' lang='grc'><strong>·</strong></span> <span class='ocrx_word' id='word_1_123' title='bbox 1365 1622 1460 1676; x_wconf 79' lang='grc' dir='ltr'><strong>καὶ</strong></span> <span class='ocrx_word' id='word_1_124' title='bbox 1487 1623 1563 1687; x_wconf 84' lang='grc' dir='ltr'><strong>ὡς</strong></span> <span class='ocrx_word' id='word_1_125' title='bbox 1597 1623 1858 1695; x_wconf 74' lang='grc' dir='ltr'>ὑϐρισμέ-</span> 
     </span>
    </p>
   </div>
   <div class='ocr_carea' id='block_1_19' title="bbox 272 1707 1853 1787">
    <p class='ocr_par' dir='ltr' id='par_1_19' title="bbox 272 1707 1853 1787">
     <span class='ocr_line' id='line_1_19' title="bbox 272 1707 1853 1787; baseline 0.008 -29"><span class='ocrx_word' id='word_1_126' title='bbox 272 1724 365 1759; x_wconf 89' lang='grc' dir='ltr'><strong>νου</strong></span> <span class='ocrx_word' id='word_1_127' title='bbox 393 1707 487 1761; x_wconf 85' lang='grc' dir='ltr'>τοῦ</span> <span class='ocrx_word' id='word_1_128' title='bbox 518 1709 723 1780; x_wconf 77' lang='grc' dir='ltr'>πατρὸς</span> <span class='ocrx_word' id='word_1_129' title='bbox 740 1751 754 1775; x_wconf 91' lang='grc'><strong>,</strong></span> <span class='ocrx_word' id='word_1_130' title='bbox 778 1711 873 1763; x_wconf 74' lang='grc' dir='ltr'>καὶ</span> <span class='ocrx_word' id='word_1_131' title='bbox 896 1711 1005 1766; x_wconf 82' lang='grc' dir='ltr'>τῶν</span> <span class='ocrx_word' id='word_1_132' title='bbox 1029 1712 1158 1784; x_wconf 78' lang='grc' dir='ltr'>περὶ</span> <span class='ocrx_word' id='word_1_133' title='bbox 1185 1712 1277 1768; x_wconf 83' lang='grc' dir='ltr'><strong>τὸν</strong></span> <span class='ocrx_word' id='word_1_134' title='bbox 1300 1713 1428 1769; x_wconf 83' lang='grc' dir='ltr'>λαὸν</span> <span class='ocrx_word' id='word_1_135' title='bbox 1465 1716 1636 1787; x_wconf 85' lang='grc' dir='ltr'>ἁτυχη</span> <span class='ocrx_word' id='word_1_136' title='bbox 1646 1716 1853 1787; x_wconf 87' lang='grc' dir='ltr'>μάτων,</span> 
     </span>
    </p>
   </div>
   <div class='ocr_carea' id='block_1_20' title="bbox 1960 526 3542 597">
    <p class='ocr_par' dir='ltr' id='par_1_20' title="bbox 1960 526 3542 597">
     <span class='ocr_line' id='line_1_20' title="bbox 1960 526 3542 597; baseline 0.003 -16"><span class='ocrx_word' id='word_1_137' title='bbox 1960 526 2311 597; x_wconf 70' lang='lat' dir='ltr'><strong>imperatoris</strong></span> <span class='ocrx_word' id='word_1_138' title='bbox 2359 543 2543 585; x_wconf 89' lang='lat' dir='ltr'><strong>arcam</strong></span> <span class='ocrx_word' id='word_1_139' title='bbox 2589 528 2700 584; x_wconf 88' lang='lat' dir='ltr'><strong>alio</strong></span> <span class='ocrx_word' id='word_1_140' title='bbox 2751 528 3060 587; x_wconf 76' lang='lat' dir='ltr'><strong>transferre</strong></span> <span class='ocrx_word' id='word_1_141' title='bbox 3096 532 3317 587; x_wconf 89' lang='lat' dir='ltr'><strong>volebat</strong></span> <span class='ocrx_word' id='word_1_142' title='bbox 3360 529 3542 585; x_wconf 73' lang='lat' dir='ltr'><strong>Mace-</strong></span> 
     </span>
    </p>
   </div>
   <div class='ocr_carea' id='block_1_21' title="bbox 1959 617 3540 692">
    <p class='ocr_par' dir='ltr' id='par_1_21' title="bbox 1959 617 3540 692">
     <span class='ocr_line' id='line_1_21' title="bbox 1959 617 3540 692; baseline 0.001 -19"><span class='ocrx_word' id='word_1_143' title='bbox 1959 617 2179 676; x_wconf 83' lang='lat' dir='ltr'><strong>donius.</strong></span> <span class='ocrx_word' id='word_1_144' title='bbox 2236 618 2406 677; x_wconf 67' lang='lat' dir='ltr'><strong>Edes</strong></span> <span class='ocrx_word' id='word_1_145' title='bbox 2438 620 2586 675; x_wconf 88' lang='lat' dir='ltr'><strong>enim</strong></span> <span class='ocrx_word' id='word_1_146' title='bbox 2635 620 2728 675; x_wconf 90' lang='lat' dir='ltr'><strong>illa</strong></span> <span class='ocrx_word' id='word_1_147' title='bbox 2780 621 2838 676; x_wconf 91' lang='lat' dir='ltr'><strong>in</strong></span> <span class='ocrx_word' id='word_1_148' title='bbox 2877 636 2984 691; x_wconf 89' lang='lat' dir='ltr'><strong>qua</strong></span> <span class='ocrx_word' id='word_1_149' title='bbox 3033 636 3164 678; x_wconf 89' lang='lat' dir='ltr'><strong>arca</strong></span> <span class='ocrx_word' id='word_1_150' title='bbox 3217 629 3335 677; x_wconf 88' lang='lat' dir='ltr'><strong>erat</strong></span> <span class='ocrx_word' id='word_1_151' title='bbox 3374 637 3540 692; x_wconf 83' lang='lat' dir='ltr'><strong>repo-</strong></span> 
     </span>
    </p>
   </div>
   <div class='ocr_carea' id='block_1_22' title="bbox 1959 711 3540 784">
    <p class='ocr_par' dir='ltr' id='par_1_22' title="bbox 1959 711 3540 784">
     <span class='ocr_line' id='line_1_22' title="bbox 1959 711 3540 784; baseline -0.001 -16"><span class='ocrx_word' id='word_1_152' title='bbox 1959 711 2086 778; x_wconf 87' lang='lat' dir='ltr'><strong>sita,</strong></span> <span class='ocrx_word' id='word_1_153' title='bbox 2122 712 2340 767; x_wconf 90' lang='lat' dir='ltr'><strong>ruinam</strong></span> <span class='ocrx_word' id='word_1_154' title='bbox 2388 713 2729 768; x_wconf 76' lang='lat' dir='ltr'><strong>minabatur.</strong></span> <span class='ocrx_word' id='word_1_155' title='bbox 2779 712 2859 767; x_wconf 79' lang='lat' dir='ltr'><strong>Ex</strong></span> <span class='ocrx_word' id='word_1_156' title='bbox 2887 713 3050 784; x_wconf 84' lang='lat' dir='ltr'><strong>plebe</strong></span> <span class='ocrx_word' id='word_1_157' title='bbox 3081 728 3234 783; x_wconf 82' lang='lat' dir='ltr'><strong>vero,</strong></span> <span class='ocrx_word' id='word_1_158' title='bbox 3267 713 3362 767; x_wconf 86' lang='lat' dir='ltr'><strong>alii</strong></span> <span class='ocrx_word' id='word_1_159' title='bbox 3396 720 3454 767; x_wconf 90' lang='lat' dir='ltr'><strong>ut</strong></span> <span class='ocrx_word' id='word_1_160' title='bbox 3485 713 3540 767; x_wconf 94' lang='lat' dir='ltr'><strong>id</strong></span> 
     </span>
    </p>
   </div>
   <div class='ocr_carea' id='block_1_23' title="bbox 1958 798 3541 871">
    <p class='ocr_par' dir='ltr' id='par_1_23' title="bbox 1958 798 3541 871">
     <span class='ocr_line' id='line_1_23' title="bbox 1958 798 3541 871; baseline -0.001 -13"><span class='ocrx_word' id='word_1_161' title='bbox 1958 801 2116 859; x_wconf 80' lang='lat' dir='ltr'><strong>fieret</strong></span> <span class='ocrx_word' id='word_1_162' title='bbox 2143 798 2564 860; x_wconf 81' lang='lat' dir='ltr'><strong>consentiebant</strong></span> <span class='ocrx_word' id='word_1_163' title='bbox 2595 821 2610 859; x_wconf 90' lang='lat'><strong>:</strong></span> <span class='ocrx_word' id='word_1_164' title='bbox 2644 804 2740 860; x_wconf 86' lang='lat' dir='ltr'><strong>alii</strong></span> <span class='ocrx_word' id='word_1_165' title='bbox 2782 815 2977 861; x_wconf 84' lang='lat' dir='ltr'><strong>contra</strong></span> <span class='ocrx_word' id='word_1_166' title='bbox 3022 805 3393 871; x_wconf 74' lang='lat' dir='ltr'><strong>obsistebant,</strong></span> <span class='ocrx_word' id='word_1_167' title='bbox 3438 803 3541 858; x_wconf 87' lang='lat' dir='ltr'><strong>im-</strong></span> 
     </span>
    </p>
   </div>
   <div class='ocr_carea' id='block_1_24' title="bbox 1959 894 3539 968">
    <p class='ocr_par' dir='ltr' id='par_1_24' title="bbox 1959 894 3539 968">
     <span class='ocr_line' id='line_1_24' title="bbox 1959 894 3539 968; baseline -0.001 -17"><span class='ocrx_word' id='word_1_168' title='bbox 1959 897 2109 968; x_wconf 92' lang='lat' dir='ltr'><strong>pium</strong></span> <span class='ocrx_word' id='word_1_169' title='bbox 2166 895 2222 951; x_wconf 89' lang='lat' dir='ltr'><strong>id</strong></span> <span class='ocrx_word' id='word_1_170' title='bbox 2270 897 2493 953; x_wconf 80' lang='lat' dir='ltr'><strong>facinus</strong></span> <span class='ocrx_word' id='word_1_171' title='bbox 2551 897 2964 965; x_wconf 81' lang='lat' dir='ltr'><strong>existimantes,</strong></span> <span class='ocrx_word' id='word_1_172' title='bbox 3016 913 3120 954; x_wconf 93' lang='lat' dir='ltr'><strong>nec</strong></span> <span class='ocrx_word' id='word_1_173' title='bbox 3159 912 3322 954; x_wconf 88' lang='lat' dir='ltr'><strong>secus</strong></span> <span class='ocrx_word' id='word_1_174' title='bbox 3376 911 3442 951; x_wconf 89' lang='lat' dir='ltr'><strong>ac</strong></span> <span class='ocrx_word' id='word_1_175' title='bbox 3490 894 3539 950; x_wconf 94' lang='lat' dir='ltr'><strong>si</strong></span> 
     </span>
    </p>
   </div>
   <div class='ocr_carea' id='block_1_25' title="bbox 1958 985 3541 1057">
    <p class='ocr_par' dir='ltr' id='par_1_25' title="bbox 1958 985 3541 1057">
     <span class='ocr_line' id='line_1_25' title="bbox 1958 985 3541 1057; baseline -0.001 -15"><span class='ocrx_word' id='word_1_176' title='bbox 1958 987 2206 1043; x_wconf 88' lang='lat' dir='ltr'><strong>tumulus</strong></span> <span class='ocrx_word' id='word_1_177' title='bbox 2236 987 2587 1044; x_wconf 69' lang='lat' dir='ltr'><strong>effoderetur.</strong></span> <span class='ocrx_word' id='word_1_178' title='bbox 2619 985 2718 1044; x_wconf 85' lang='lat' dir='ltr'><strong>His</strong></span> <span class='ocrx_word' id='word_1_179' title='bbox 2780 998 2963 1044; x_wconf 90' lang='lat' dir='ltr'><strong>autem</strong></span> <span class='ocrx_word' id='word_1_180' title='bbox 3014 1003 3136 1045; x_wconf 90' lang='lat' dir='ltr'><strong>sese</strong></span> <span class='ocrx_word' id='word_1_181' title='bbox 3166 987 3541 1057; x_wconf 82' lang='lat' dir='ltr'><strong>adiunxerunt</strong></span> 
     </span>
    </p>
   </div>
   <div class='ocr_carea' id='block_1_26' title="bbox 1959 1078 3547 1152">
    <p class='ocr_par' dir='ltr' id='par_1_26' title="bbox 1959 1078 3547 1152">
     <span class='ocr_line' id='line_1_26' title="bbox 1959 1078 3547 1152; baseline 0.001 -19"><span class='ocrx_word' id='word_1_182' title='bbox 1959 1079 1997 1136; x_wconf 92' lang='lat' dir='ltr'><strong>ii</strong></span> <span class='ocrx_word' id='word_1_183' title='bbox 2055 1080 2152 1151; x_wconf 90' lang='lat' dir='ltr'><strong>qui</strong></span> <span class='ocrx_word' id='word_1_184' title='bbox 2205 1078 2441 1137; x_wconf 69' lang='lat' dir='ltr'><strong>Nicaenae</strong></span> <span class='ocrx_word' id='word_1_185' title='bbox 2487 1079 2708 1152; x_wconf 75' lang='lat' dir='ltr'><strong>synodi</strong></span> <span class='ocrx_word' id='word_1_186' title='bbox 2739 1080 3047 1137; x_wconf 88' lang='lat' dir='ltr'><strong>doctrinam</strong></span> <span class='ocrx_word' id='word_1_187' title='bbox 3110 1080 3486 1151; x_wconf 86' lang='lat' dir='ltr'><strong>sequebantur</strong></span> <span class='ocrx_word' id='word_1_188' title='bbox 3520 1098 3547 1135; x_wconf 77' lang='grc' dir='ltr'>ι-</span> 
     </span>
    </p>
   </div>
   <div class='ocr_carea' id='block_1_27' title="bbox 1957 1171 3536 1245">
    <p class='ocr_par' dir='ltr' id='par_1_27' title="bbox 1957 1171 3536 1245">
     <span class='ocr_line' id='line_1_27' title="bbox 1957 1171 3536 1245; baseline -0.002 -18"><span class='ocrx_word' id='word_1_189' title='bbox 1957 1173 2052 1245; x_wconf 86' lang='lat' dir='ltr'><strong>qui</strong></span> <span class='ocrx_word' id='word_1_190' title='bbox 2109 1186 2212 1229; x_wconf 82' lang='lat' dir='ltr'><strong>nec</strong></span> <span class='ocrx_word' id='word_1_191' title='bbox 2264 1185 2473 1242; x_wconf 82' lang='lat' dir='ltr'><strong>corpus</strong></span> <span class='ocrx_word' id='word_1_192' title='bbox 2518 1171 2866 1229; x_wconf 87' lang='lat' dir='ltr'><strong>Constantini</strong></span> <span class='ocrx_word' id='word_1_193' title='bbox 2923 1173 3120 1228; x_wconf 88' lang='lat' dir='ltr'><strong>violari</strong></span> <span class='ocrx_word' id='word_1_194' title='bbox 3169 1171 3536 1236; x_wconf 83' lang='lat' dir='ltr'><strong>sustinebant,</strong></span> 
     </span>
    </p>
   </div>
   <div class='ocr_carea' id='block_1_28' title="bbox 1958 1260 3535 1334">
    <p class='ocr_par' dir='ltr' id='par_1_28' title="bbox 1958 1260 3535 1334">
     <span class='ocr_line' id='line_1_28' title="bbox 1958 1260 3535 1334; baseline -0.002 -16"><span class='ocrx_word' id='word_1_195' title='bbox 1958 1271 2147 1332; x_wconf 90' lang='lat' dir='ltr'><strong>utpote</strong></span> <span class='ocrx_word' id='word_1_196' title='bbox 2179 1262 2274 1332; x_wconf 88' lang='lat' dir='ltr'><strong>qui</strong></span> <span class='ocrx_word' id='word_1_197' title='bbox 2314 1261 2564 1331; x_wconf 83' lang='lat' dir='ltr'><strong>ejusdem</strong></span> <span class='ocrx_word' id='word_1_198' title='bbox 2617 1277 2742 1317; x_wconf 89' lang='lat' dir='ltr'><strong>eum</strong></span> <span class='ocrx_word' id='word_1_199' title='bbox 2790 1263 2926 1334; x_wconf 87' lang='lat' dir='ltr'><strong>ipsis</strong></span> <span class='ocrx_word' id='word_1_200' title='bbox 2970 1261 3168 1319; x_wconf 90' lang='lat' dir='ltr'><strong>fuisset</strong></span> <span class='ocrx_word' id='word_1_201' title='bbox 3208 1260 3535 1317; x_wconf 62' lang='lat' dir='ltr'><strong>sententiae:</strong></span> 
     </span>
    </p>
   </div>
   <div class='ocr_carea' id='block_1_29' title="bbox 1957 1342 3538 1424">
    <p class='ocr_par' dir='ltr' id='par_1_29' title="bbox 1957 1342 3538 1424">
     <span class='ocr_line' id='line_1_29' title="bbox 1957 1342 3538 1424; baseline -0.003 -15"><span class='ocrx_word' id='word_1_202' title='bbox 1957 1360 2011 1409; x_wconf 90' lang='lat' dir='ltr'><strong>et</strong></span> <span class='ocrx_word' id='word_1_203' title='bbox 2056 1351 2398 1419; x_wconf 79' lang='lat' dir='ltr'><strong>Macedonio,</strong></span> <span class='ocrx_word' id='word_1_204' title='bbox 2436 1360 2498 1407; x_wconf 90' lang='lat' dir='ltr'><strong>ut</strong></span> <span class='ocrx_word' id='word_1_205' title='bbox 2543 1352 2798 1423; x_wconf 88' lang='lat' dir='ltr'><strong>equidem</strong></span> <span class='ocrx_word' id='word_1_206' title='bbox 2831 1342 3049 1424; x_wconf 87' lang='lat' dir='ltr'><strong>opinor,</strong></span> <span class='ocrx_word' id='word_1_207' title='bbox 3092 1353 3370 1409; x_wconf 88' lang='lat' dir='ltr'><strong>adversari</strong></span> <span class='ocrx_word' id='word_1_208' title='bbox 3421 1360 3538 1406; x_wconf 90' lang='lat' dir='ltr'><strong>stu-</strong></span> 
     </span>
    </p>
   </div>
   <div class='ocr_carea' id='block_1_30' title="bbox 1958 1445 3537 1515">
    <p class='ocr_par' dir='ltr' id='par_1_30' title="bbox 1958 1445 3537 1515">
     <span class='ocr_line' id='line_1_30' title="bbox 1958 1445 3537 1515; baseline -0.004 -11"><span class='ocrx_word' id='word_1_209' title='bbox 1958 1446 2183 1504; x_wconf 87' lang='lat' dir='ltr'><strong>debant.</strong></span> <span class='ocrx_word' id='word_1_210' title='bbox 2214 1445 2417 1502; x_wconf 83' lang='lat' dir='ltr'><strong>Verum</strong></span> <span class='ocrx_word' id='word_1_211' title='bbox 2449 1447 2544 1502; x_wconf 92' lang='lat' dir='ltr'><strong>ille</strong></span> <span class='ocrx_word' id='word_1_212' title='bbox 2571 1447 2650 1501; x_wconf 90' lang='lat' dir='ltr'><strong>nil</strong></span> <span class='ocrx_word' id='word_1_213' title='bbox 2680 1458 2999 1515; x_wconf 87' lang='lat' dir='ltr'><strong>cunctatus,</strong></span> <span class='ocrx_word' id='word_1_214' title='bbox 3042 1460 3229 1502; x_wconf 90' lang='lat' dir='ltr'><strong>arcam</strong></span> <span class='ocrx_word' id='word_1_215' title='bbox 3255 1445 3537 1502; x_wconf 82' lang='lat' dir='ltr'><strong>transtulit</strong></span> 
     </span>
    </p>
   </div>
   <div class='ocr_carea' id='block_1_31' title="bbox 1958 1533 3536 1606">
    <p class='ocr_par' dir='ltr' id='par_1_31' title="bbox 1958 1533 3536 1606">
     <span class='ocr_line' id='line_1_31' title="bbox 1958 1533 3536 1606; baseline -0.003 -14"><span class='ocrx_word' id='word_1_216' title='bbox 1958 1537 2027 1593; x_wconf 88' lang='lat' dir='ltr'><strong>ad</strong></span> <span class='ocrx_word' id='word_1_217' title='bbox 2073 1537 2358 1594; x_wconf 83' lang='lat' dir='ltr'><strong>basilicam</strong></span> <span class='ocrx_word' id='word_1_218' title='bbox 2410 1537 2562 1591; x_wconf 87' lang='lat' dir='ltr'><strong>illam</strong></span> <span class='ocrx_word' id='word_1_219' title='bbox 2613 1537 2667 1590; x_wconf 91' lang='lat' dir='ltr'><strong>in</strong></span> <span class='ocrx_word' id='word_1_220' title='bbox 2714 1551 2825 1606; x_wconf 89' lang='lat' dir='ltr'><strong>qua</strong></span> <span class='ocrx_word' id='word_1_221' title='bbox 2868 1537 3182 1606; x_wconf 88' lang='lat' dir='ltr'><strong>sepulcrum</strong></span> <span class='ocrx_word' id='word_1_222' title='bbox 3221 1544 3306 1592; x_wconf 90' lang='lat' dir='ltr'><strong>est</strong></span> <span class='ocrx_word' id='word_1_223' title='bbox 3346 1533 3536 1589; x_wconf 86' lang='lat' dir='ltr'><strong>Acacii</strong></span> 
     </span>
    </p>
   </div>
   <div class='ocr_carea' id='block_1_32' title="bbox 1957 1625 3536 1699">
    <p class='ocr_par' dir='ltr' id='par_1_32' title="bbox 1957 1625 3536 1699">
     <span class='ocr_line' id='line_1_32' title="bbox 1957 1625 3536 1699; baseline -0.002 -17"><span class='ocrx_word' id='word_1_224' title='bbox 1957 1628 2238 1699; x_wconf 88' lang='lat' dir='ltr'><strong>martyris.</strong></span> <span class='ocrx_word' id='word_1_225' title='bbox 2303 1627 2465 1683; x_wconf 90' lang='lat' dir='ltr'><strong>Plebs</strong></span> <span class='ocrx_word' id='word_1_226' title='bbox 2516 1641 2648 1682; x_wconf 86' lang='lat' dir='ltr'><strong>vero</strong></span> <span class='ocrx_word' id='word_1_227' title='bbox 2705 1626 2761 1681; x_wconf 90' lang='lat' dir='ltr'><strong>in</strong></span> <span class='ocrx_word' id='word_1_228' title='bbox 2806 1626 2947 1682; x_wconf 89' lang='lat' dir='ltr'><strong>duas</strong></span> <span class='ocrx_word' id='word_1_229' title='bbox 2992 1634 3176 1696; x_wconf 88' lang='lat' dir='ltr'><strong>partes</strong></span> <span class='ocrx_word' id='word_1_230' title='bbox 3232 1625 3430 1691; x_wconf 89' lang='lat' dir='ltr'><strong>divisa,</strong></span> <span class='ocrx_word' id='word_1_231' title='bbox 3480 1625 3536 1679; x_wconf 91' lang='lat' dir='ltr'><strong>hi</strong></span> 
     </span>
    </p>
   </div>
   <div class='ocr_carea' id='block_1_33' title="bbox 1957 1714 3537 1787">
    <p class='ocr_par' dir='ltr' id='par_1_33' title="bbox 1957 1714 3537 1787">
     <span class='ocr_line' id='line_1_33' title="bbox 1957 1714 3537 1787; baseline -0.003 -15"><span class='ocrx_word' id='word_1_232' title='bbox 1957 1717 2167 1773; x_wconf 86' lang='lat' dir='ltr'><strong>factum</strong></span> <span class='ocrx_word' id='word_1_233' title='bbox 2197 1715 2589 1787; x_wconf 87' lang='lat' dir='ltr'><strong>approbantes,</strong></span> <span class='ocrx_word' id='word_1_234' title='bbox 2625 1715 2705 1770; x_wconf 91' lang='lat' dir='ltr'><strong>illi</strong></span> <span class='ocrx_word' id='word_1_235' title='bbox 2735 1725 2928 1771; x_wconf 87' lang='lat' dir='ltr'><strong>contra</strong></span> <span class='ocrx_word' id='word_1_236' title='bbox 2955 1714 3441 1785; x_wconf 86' lang='lat' dir='ltr'><strong>reprehendentes,</strong></span> <span class='ocrx_word' id='word_1_237' title='bbox 3478 1714 3537 1768; x_wconf 92' lang='lat' dir='ltr'><strong>in</strong></span> 
     </span>
    </p>
   </div>
   <div class='ocr_carea' id='block_1_34' title="bbox 273 1797 1859 1879">
    <p class='ocr_par' dir='ltr' id='par_1_34' title="bbox 273 1797 1853 1876">
     <span class='ocr_line' id='line_1_34' title="bbox 273 1797 1853 1876; baseline 0.007 -27"><span class='ocrx_word' id='word_1_238' title='bbox 273 1797 537 1868; x_wconf 81' lang='grc' dir='ltr'>ἐπῃτιᾶτο</span> <span class='ocrx_word' id='word_1_239' title='bbox 570 1797 920 1865; x_wconf 77' lang='grc' dir='ltr'>Μακεδόνων,</span> <span class='ocrx_word' id='word_1_240' title='bbox 955 1802 1049 1855; x_wconf 79' lang='grc' dir='ltr'>καὶ</span> <span class='ocrx_word' id='word_1_241' title='bbox 1086 1802 1151 1855; x_wconf 88' lang='grc' dir='ltr'>δι’</span> <span class='ocrx_word' id='word_1_242' title='bbox 1174 1804 1343 1875; x_wconf 75' lang='grc' dir='ltr'>ὀργῆς</span> <span class='ocrx_word' id='word_1_243' title='bbox 1385 1798 1498 1876; x_wconf 79' lang='grc' dir='ltr'>εἶχε</span> <span class='ocrx_word' id='word_1_244' title='bbox 1518 1822 1532 1836; x_wconf 90' lang='grc'>·</span> <span class='ocrx_word' id='word_1_245' title='bbox 1563 1805 1853 1876; x_wconf 85' lang='grc' dir='ltr'>βουλευσά-</span> 
     </span>
    </p>
   </div>
   <div class='ocr_carea' id='block_1_35' title="bbox 1960 1797 3536 1879">
    <p class='ocr_par' dir='ltr' id='par_1_35' title="bbox 1960 1803 3536 1879">
     <span class='ocr_line' id='line_1_35' title="bbox 1960 1803 3536 1879; baseline -0.003 -17"><span class='ocrx_word' id='word_1_246' title='bbox 1960 1809 2072 1879; x_wconf 89' lang='lat' dir='ltr'><strong>ipsa</strong></span> <span class='ocrx_word' id='word_1_247' title='bbox 2103 1808 2333 1864; x_wconf 89' lang='lat' dir='ltr'><strong>basilica</strong></span> <span class='ocrx_word' id='word_1_248' title='bbox 2367 1808 2633 1864; x_wconf 86' lang='lat' dir='ltr'><strong>adversus</strong></span> <span class='ocrx_word' id='word_1_249' title='bbox 2683 1823 2744 1864; x_wconf 90' lang='lat' dir='ltr'><strong>se</strong></span> <span class='ocrx_word' id='word_1_250' title='bbox 2777 1817 2969 1864; x_wconf 90' lang='lat' dir='ltr'><strong>mutuo</strong></span> <span class='ocrx_word' id='word_1_251' title='bbox 3024 1807 3324 1863; x_wconf 90' lang='lat' dir='ltr'><strong>irruerunt.</strong></span> <span class='ocrx_word' id='word_1_252' title='bbox 3358 1803 3536 1875; x_wconf 89' lang='lat' dir='ltr'><strong>Ipsam</strong></span> 
     </span>
    </p>
   </div>
   <div class='ocr_carea' id='block_1_36' title="bbox 276 1888 1855 1965">
    <p class='ocr_par' dir='ltr' id='par_1_36' title="bbox 276 1888 1855 1965">
     <span class='ocr_line' id='line_1_36' title="bbox 276 1888 1855 1965; baseline 0.005 -25"><span class='ocrx_word' id='word_1_253' title='bbox 276 1903 438 1957; x_wconf 86' lang='grc' dir='ltr'>μενος</span> <span class='ocrx_word' id='word_1_254' title='bbox 456 1888 515 1942; x_wconf 83' lang='grc' dir='ltr'>δὲ</span> <span class='ocrx_word' id='word_1_255' title='bbox 551 1888 648 1960; x_wconf 79' lang='grc' dir='ltr'>τὴν</span> <span class='ocrx_word' id='word_1_256' title='bbox 674 1891 789 1943; x_wconf 83' lang='grc' dir='ltr'>Ἕω</span> <span class='ocrx_word' id='word_1_257' title='bbox 816 1891 1163 1959; x_wconf 73' lang='grc' dir='ltr'>καταλαϐεῖν,</span> <span class='ocrx_word' id='word_1_258' title='bbox 1187 1893 1363 1964; x_wconf 83' lang='grc' dir='ltr'>εἴχετο</span> <span class='ocrx_word' id='word_1_259' title='bbox 1381 1895 1482 1965; x_wconf 83' lang='grc' dir='ltr'>τῆς</span> <span class='ocrx_word' id='word_1_260' title='bbox 1513 1894 1654 1949; x_wconf 77' lang='grc' dir='ltr'>ὁδοῦ.</span> <span class='ocrx_word' id='word_1_261' title='bbox 1674 1897 1855 1949; x_wconf 85' lang='grc' dir='ltr'>Μετα-</span> 
     </span>
    </p>
   </div>
   <div class='ocr_carea' id='block_1_37' title="bbox 272 1979 1854 2060">
    <p class='ocr_par' dir='ltr' id='par_1_37' title="bbox 272 1979 1854 2060">
     <span class='ocr_line' id='line_1_37' title="bbox 272 1979 1854 2060; baseline 0.004 -25"><span class='ocrx_word' id='word_1_262' title='bbox 272 1979 643 2052; x_wconf 85' lang='grc' dir='ltr'>καλεσάμενος</span> <span class='ocrx_word' id='word_1_263' title='bbox 664 1983 722 2037; x_wconf 74' lang='grc' dir='ltr'>δὲ</span> <span class='ocrx_word' id='word_1_264' title='bbox 753 1983 1036 2040; x_wconf 73' lang='grc' dir='ltr'>Ἰουλιανόν</span> <span class='ocrx_word' id='word_1_265' title='bbox 1066 1986 1177 2057; x_wconf 75' lang='grc'><strong>(15)</strong></span> <span class='ocrx_word' id='word_1_266' title='bbox 1207 1987 1296 2042; x_wconf 77' lang='grc' dir='ltr'><strong>τὸν</strong></span> <span class='ocrx_word' id='word_1_267' title='bbox 1329 1988 1568 2058; x_wconf 78' lang='grc' dir='ltr'>ἀνεψιὸν,</span> <span class='ocrx_word' id='word_1_268' title='bbox 1598 1988 1854 2060; x_wconf 86' lang='grc' dir='ltr'>Καίσαρα</span> 
     </span>
    </p>
   </div>
   <div class='ocr_carea' id='block_1_38' title="bbox 273 2072 1851 2150">
    <p class='ocr_par' dir='ltr' id='par_1_38' title="bbox 273 2072 1851 2150">
     <span class='ocr_line' id='line_1_38' title="bbox 273 2072 1851 2150; baseline 0.005 -26"><span class='ocrx_word' id='word_1_269' title='bbox 273 2072 598 2144; x_wconf 84' lang='grc' dir='ltr'>κατέστησε,</span> <span class='ocrx_word' id='word_1_270' title='bbox 624 2077 719 2130; x_wconf 75' lang='grc' dir='ltr'>καὶ</span> <span class='ocrx_word' id='word_1_271' title='bbox 751 2077 831 2140; x_wconf 84' lang='grc' dir='ltr'><strong>εἰς</strong></span> <span class='ocrx_word' id='word_1_272' title='bbox 850 2077 976 2143; x_wconf 79' lang='grc' dir='ltr'>τοὺς</span> <span class='ocrx_word' id='word_1_273' title='bbox 1002 2077 1139 2150; x_wconf 77' lang='grc' dir='ltr'>πρὸς</span> <span class='ocrx_word' id='word_1_274' title='bbox 1161 2078 1312 2135; x_wconf 85' lang='grc' dir='ltr'>δύσιν</span> <span class='ocrx_word' id='word_1_275' title='bbox 1353 2080 1600 2145; x_wconf 85' lang='grc' dir='ltr'>Γαλάτας</span> <span class='ocrx_word' id='word_1_276' title='bbox 1634 2079 1851 2150; x_wconf 79' lang='grc' dir='ltr'>πέπομ-</span> 
     </span>
    </p>
   </div>
   <div class='ocr_carea' id='block_1_39' title="bbox 272 2180 392 2219">
    <p class='ocr_par' dir='ltr' id='par_1_39' title="bbox 272 2180 392 2219">
     <span class='ocr_line' id='line_1_39' title="bbox 272 2180 392 2219; baseline 0.008 -1"><span class='ocrx_word' id='word_1_277' title='bbox 272 2180 392 2219; x_wconf 75' lang='grc' dir='ltr'>ωεν.</span> 
     </span>
    </p>
   </div>
   <div class='ocr_carea' id='block_1_40' title="bbox 1960 1892 3539 1968">
    <p class='ocr_par' dir='ltr' id='par_1_40' title="bbox 1960 1892 3539 1968">
     <span class='ocr_line' id='line_1_40' title="bbox 1960 1892 3539 1968; baseline -0.004 -15"><span class='ocrx_word' id='word_1_278' title='bbox 1960 1898 2198 1968; x_wconf 84' lang='lat' dir='ltr'><strong>denique</strong></span> <span class='ocrx_word' id='word_1_279' title='bbox 2225 1897 2522 1953; x_wconf 86' lang='lat' dir='ltr'><strong>ecclesiam</strong></span> <span class='ocrx_word' id='word_1_280' title='bbox 2544 1908 2598 1953; x_wconf 85' lang='lat' dir='ltr'><strong>et</strong></span> <span class='ocrx_word' id='word_1_281' title='bbox 2628 1896 2808 1952; x_wconf 84' lang='lat' dir='ltr'><strong>vicina</strong></span> <span class='ocrx_word' id='word_1_282' title='bbox 2839 1898 2961 1952; x_wconf 89' lang='lat' dir='ltr'><strong>loca</strong></span> <span class='ocrx_word' id='word_1_283' title='bbox 2993 1896 3260 1967; x_wconf 84' lang='lat' dir='ltr'><strong>sanguine</strong></span> <span class='ocrx_word' id='word_1_284' title='bbox 3284 1908 3348 1948; x_wconf 85' lang='lat' dir='ltr'><strong>ac</strong></span> <span class='ocrx_word' id='word_1_285' title='bbox 3375 1892 3539 1947; x_wconf 83' lang='lat' dir='ltr'><strong>caedi-</strong></span> 
     </span>
    </p>
   </div>
   <div class='ocr_carea' id='block_1_41' title="bbox 1958 1983 3537 2057">
    <p class='ocr_par' dir='ltr' id='par_1_41' title="bbox 1958 1983 3537 2057">
     <span class='ocr_line' id='line_1_41' title="bbox 1958 1983 3537 2057; baseline -0.003 -16"><span class='ocrx_word' id='word_1_286' title='bbox 1958 1987 2063 2042; x_wconf 90' lang='lat' dir='ltr'><strong>bus</strong></span> <span class='ocrx_word' id='word_1_287' title='bbox 2094 1987 2526 2056; x_wconf 89' lang='lat' dir='ltr'><strong>compleverunt.</strong></span> <span class='ocrx_word' id='word_1_288' title='bbox 2548 1987 2853 2057; x_wconf 84' lang='lat' dir='ltr'><strong>Imperator</strong></span> <span class='ocrx_word' id='word_1_289' title='bbox 2878 2002 3032 2054; x_wconf 81' lang='lat' dir='ltr'><strong>vero,</strong></span> <span class='ocrx_word' id='word_1_290' title='bbox 3062 1986 3156 2057; x_wconf 90' lang='lat' dir='ltr'><strong>qui</strong></span> <span class='ocrx_word' id='word_1_291' title='bbox 3181 1986 3236 2040; x_wconf 91' lang='lat' dir='ltr'><strong>in</strong></span> <span class='ocrx_word' id='word_1_292' title='bbox 3265 1983 3537 2041; x_wconf 86' lang='lat' dir='ltr'><strong>Occiden-</strong></span> 
     </span>
    </p>
   </div>
   <div class='ocr_carea' id='block_1_42' title="bbox 1958 2076 3539 2148">
    <p class='ocr_par' dir='ltr' id='par_1_42' title="bbox 1958 2076 3539 2148">
     <span class='ocr_line' id='line_1_42' title="bbox 1958 2076 3539 2148; baseline -0.001 -18"><span class='ocrx_word' id='word_1_293' title='bbox 1958 2079 2031 2132; x_wconf 89' lang='lat' dir='ltr'><strong>tis</strong></span> <span class='ocrx_word' id='word_1_294' title='bbox 2066 2078 2317 2147; x_wconf 85' lang='lat' dir='ltr'><strong>partibus</strong></span> <span class='ocrx_word' id='word_1_295' title='bbox 2342 2078 2524 2133; x_wconf 90' lang='lat' dir='ltr'><strong>adhuc</strong></span> <span class='ocrx_word' id='word_1_296' title='bbox 2554 2078 2898 2144; x_wconf 84' lang='lat' dir='ltr'><strong>morabatur,</strong></span> <span class='ocrx_word' id='word_1_297' title='bbox 2931 2079 3020 2135; x_wconf 89' lang='lat' dir='ltr'><strong>his</strong></span> <span class='ocrx_word' id='word_1_298' title='bbox 3063 2078 3267 2133; x_wconf 89' lang='lat' dir='ltr'><strong>auditis</strong></span> <span class='ocrx_word' id='word_1_299' title='bbox 3299 2076 3539 2148; x_wconf 80' lang='lat' dir='ltr'><strong>graviter</strong></span> 
     </span>
    </p>
   </div>
   <div class='ocr_carea' id='block_1_43' title="bbox 1957 2165 3537 2242">
    <p class='ocr_par' dir='ltr' id='par_1_43' title="bbox 1957 2165 3537 2242">
     <span class='ocr_line' id='line_1_43' title="bbox 1957 2165 3537 2242; baseline -0.003 -18"><span class='ocrx_word' id='word_1_300' title='bbox 1957 2178 2266 2227; x_wconf 88' lang='lat' dir='ltr'><strong>commotus</strong></span> <span class='ocrx_word' id='word_1_301' title='bbox 2290 2177 2378 2227; x_wconf 87' lang='lat' dir='ltr'><strong>est</strong></span> <span class='ocrx_word' id='word_1_302' title='bbox 2408 2187 2422 2227; x_wconf 89' lang='lat'><strong>:</strong></span> <span class='ocrx_word' id='word_1_303' title='bbox 2455 2177 2511 2225; x_wconf 91' lang='lat' dir='ltr'><strong>et</strong></span> <span class='ocrx_word' id='word_1_304' title='bbox 2548 2171 2939 2227; x_wconf 85' lang='lat' dir='ltr'><strong>contumeliam</strong></span> <span class='ocrx_word' id='word_1_305' title='bbox 2970 2171 3145 2242; x_wconf 89' lang='lat' dir='ltr'><strong>patris</strong></span> <span class='ocrx_word' id='word_1_306' title='bbox 3178 2169 3289 2234; x_wconf 87' lang='lat' dir='ltr'><strong>sui,</strong></span> <span class='ocrx_word' id='word_1_307' title='bbox 3325 2165 3537 2237; x_wconf 82' lang='lat' dir='ltr'><strong>plebis-</strong></span> 
     </span>
    </p>
   </div>
   <div class='ocr_carea' id='block_1_44' title="bbox 270 2258 3538 2339">
    <p class='ocr_par' dir='ltr' id='par_1_44' title="bbox 270 2258 3538 2339">
     <span class='ocr_line' id='line_1_44' title="bbox 270 2258 3538 2339; baseline 0.001 -28"><span class='ocrx_word' id='word_1_308' title='bbox 270 2272 381 2326; x_wconf 88' lang='lat' dir='ltr'><strong>que</strong></span> <span class='ocrx_word' id='word_1_309' title='bbox 408 2258 775 2317; x_wconf 88' lang='lat' dir='ltr'><strong>miserabilem</strong></span> <span class='ocrx_word' id='word_1_310' title='bbox 813 2262 1023 2320; x_wconf 89' lang='lat' dir='ltr'><strong>cladem</strong></span> <span class='ocrx_word' id='word_1_311' title='bbox 1054 2264 1376 2321; x_wconf 88' lang='lat' dir='ltr'><strong>Macedonio</strong></span> <span class='ocrx_word' id='word_1_312' title='bbox 1416 2273 1721 2337; x_wconf 79' lang='lat' dir='ltr'><strong>imputans,</strong></span> <span class='ocrx_word' id='word_1_313' title='bbox 1760 2263 2028 2320; x_wconf 86' lang='lat' dir='ltr'><strong>adversus</strong></span> <span class='ocrx_word' id='word_1_314' title='bbox 2058 2264 2211 2319; x_wconf 89' lang='lat' dir='ltr'><strong>illum</strong></span> <span class='ocrx_word' id='word_1_315' title='bbox 2233 2266 2553 2323; x_wconf 82' lang='lat' dir='ltr'><strong>excanduit.</strong></span> <span class='ocrx_word' id='word_1_316' title='bbox 2614 2267 2866 2339; x_wconf 84' lang='lat' dir='ltr'><strong>Cumque</strong></span> <span class='ocrx_word' id='word_1_317' title='bbox 2923 2266 2993 2325; x_wconf 89' lang='lat' dir='ltr'><strong>ad</strong></span> <span class='ocrx_word' id='word_1_318' title='bbox 3057 2264 3298 2321; x_wconf 87' lang='lat' dir='ltr'><strong>Orientis</strong></span> <span class='ocrx_word' id='word_1_319' title='bbox 3352 2272 3538 2333; x_wconf 88' lang='lat' dir='ltr'><strong>partes</strong></span> 
     </span>
    </p>
   </div>
   <div class='ocr_carea' id='block_1_45' title="bbox 270 2352 3544 2429">
    <p class='ocr_par' dir='ltr' id='par_1_45' title="bbox 270 2352 3544 2429">
     <span class='ocr_line' id='line_1_45' title="bbox 270 2352 3544 2429; baseline 0.002 -27"><span class='ocrx_word' id='word_1_320' title='bbox 270 2362 498 2419; x_wconf 75' lang='lat' dir='ltr'><strong>pergere</strong></span> <span class='ocrx_word' id='word_1_321' title='bbox 528 2352 883 2418; x_wconf 81' lang='lat' dir='ltr'><strong>decrevisset,</strong></span> <span class='ocrx_word' id='word_1_322' title='bbox 910 2356 1099 2410; x_wconf 85' lang='lat' dir='ltr'><strong>statim</strong></span> <span class='ocrx_word' id='word_1_323' title='bbox 1139 2357 1245 2412; x_wconf 89' lang='lat' dir='ltr'><strong>iter</strong></span> <span class='ocrx_word' id='word_1_324' title='bbox 1285 2359 1542 2429; x_wconf 89' lang='lat' dir='ltr'><strong>arripuit.</strong></span> <span class='ocrx_word' id='word_1_325' title='bbox 1593 2356 1660 2412; x_wconf 89' lang='lat' dir='ltr'><strong>Et</strong></span> <span class='ocrx_word' id='word_1_326' title='bbox 1721 2356 2008 2413; x_wconf 80' lang='lat' dir='ltr'><strong>Julianum</strong></span> <span class='ocrx_word' id='word_1_327' title='bbox 2086 2357 2392 2428; x_wconf 88' lang='lat' dir='ltr'><strong>patruelem</strong></span> <span class='ocrx_word' id='word_1_328' title='bbox 2466 2359 2534 2416; x_wconf 84' lang='lat' dir='ltr'><strong>ad</strong></span> <span class='ocrx_word' id='word_1_329' title='bbox 2576 2373 2638 2417; x_wconf 82' lang='lat' dir='ltr'><strong>se</strong></span> <span class='ocrx_word' id='word_1_330' title='bbox 2682 2359 3040 2427; x_wconf 88' lang='lat' dir='ltr'><strong>accersitum,</strong></span> <span class='ocrx_word' id='word_1_331' title='bbox 3085 2357 3359 2416; x_wconf 70' lang='lat' dir='ltr'><strong>Caesarem</strong></span> <span class='ocrx_word' id='word_1_332' title='bbox 3403 2367 3544 2410; x_wconf 70' lang='lat' dir='ltr'><strong>con-</strong></span> 
     </span>
    </p>
   </div>
   <div class='ocr_carea' id='block_1_46' title="bbox 270 2444 1248 2519">
    <p class='ocr_par' dir='ltr' id='par_1_46' title="bbox 270 2444 1248 2519">
     <span class='ocr_line' id='line_1_46' title="bbox 270 2444 1248 2519; baseline 0.008 -20"><span class='ocrx_word' id='word_1_333' title='bbox 270 2444 481 2512; x_wconf 84' lang='lat' dir='ltr'><strong>stituit,</strong></span> <span class='ocrx_word' id='word_1_334' title='bbox 517 2457 681 2519; x_wconf 89' lang='lat' dir='ltr'><strong>atque</strong></span> <span class='ocrx_word' id='word_1_335' title='bbox 712 2448 768 2503; x_wconf 88' lang='lat' dir='ltr'><strong>in</strong></span> <span class='ocrx_word' id='word_1_336' title='bbox 798 2448 1004 2505; x_wconf 82' lang='lat' dir='ltr'><strong>Gallias</strong></span> <span class='ocrx_word' id='word_1_337' title='bbox 1035 2453 1248 2508; x_wconf 73' lang='lat' dir='ltr'><strong>misit‘.</strong></span> 
     </span>
    </p>
   </div>
   <div class='ocr_carea' id='block_1_47' title="bbox 860 2546 1268 2603">
    <p class='ocr_par' dir='ltr' id='par_1_47' title="bbox 860 2546 1268 2603">
     <span class='ocr_line' id='line_1_47' title="bbox 860 2546 1268 2603; baseline 0.01 -4"><span class='ocrx_word' id='word_1_338' title='bbox 860 2546 1110 2602; x_wconf 82' lang='grc' dir='ltr'><strong>ΚΕΦΑΛ.</strong></span> <span class='ocrx_word' id='word_1_339' title='bbox 1142 2549 1268 2603; x_wconf 86' lang='lat' dir='ltr'><strong>KB’.</strong></span> 
     </span>
    </p>
   </div>
   <div class='ocr_carea' id='block_1_48' title="bbox 284 2634 1612 2711">
    <p class='ocr_par' dir='ltr' id='par_1_48' title="bbox 284 2634 1612 2711">
     <span class='ocr_line' id='line_1_48' title="bbox 284 2634 1612 2711; baseline 0.011 -27"><span class='ocrx_word' id='word_1_340' title='bbox 284 2635 298 2669; x_wconf 80' lang='grc' dir='ltr'>ι</span> <span class='ocrx_word' id='word_1_341' title='bbox 514 2634 653 2703; x_wconf 79' lang='grc' dir='ltr'>Περὶ</span> <span class='ocrx_word' id='word_1_342' title='bbox 686 2636 798 2705; x_wconf 81' lang='grc' dir='ltr'>τῆς</span> <span class='ocrx_word' id='word_1_343' title='bbox 833 2639 904 2692; x_wconf 74' lang='grc' dir='ltr'>ἐν</span> <span class='ocrx_word' id='word_1_344' title='bbox 948 2641 1273 2711; x_wconf 81' lang='grc' dir='ltr'>Σελευκείᾳ</span> <span class='ocrx_word' id='word_1_345' title='bbox 1323 2642 1612 2698; x_wconf 83' lang='grc' dir='ltr'>συνόδου.</span> 
     </span>
    </p>
   </div>
   <div class='ocr_carea' id='block_1_49' title="bbox 356 2721 1857 2806">
    <p class='ocr_par' dir='ltr' id='par_1_49' title="bbox 356 2721 1857 2806">
     <span class='ocr_line' id='line_1_49' title="bbox 356 2721 1857 2806; baseline 0.009 -31"><span class='ocrx_word' id='word_1_346' title='bbox 356 2721 447 2777; x_wconf 83' lang='grc' dir='ltr'><strong>Ἐν</strong></span> <span class='ocrx_word' id='word_1_347' title='bbox 473 2724 649 2798; x_wconf 78' lang='grc' dir='ltr'>τούτῳ</span> <span class='ocrx_word' id='word_1_348' title='bbox 667 2727 722 2781; x_wconf 83' lang='grc' dir='ltr'><strong>δὲ</strong></span> <span class='ocrx_word' id='word_1_349' title='bbox 748 2730 798 2783; x_wconf 78' lang='grc' dir='ltr'>οἱ</span> <span class='ocrx_word' id='word_1_350' title='bbox 831 2729 936 2784; x_wconf 78' lang='grc' dir='ltr'><strong>ἀπὸ</strong></span> <span class='ocrx_word' id='word_1_351' title='bbox 964 2732 1062 2803; x_wconf 82' lang='grc' dir='ltr'>τῆς</span> <span class='ocrx_word' id='word_1_352' title='bbox 1097 2732 1212 2786; x_wconf 86' lang='grc' dir='ltr'>Ἕω</span> <span class='ocrx_word' id='word_1_353' title='bbox 1243 2733 1530 2788; x_wconf 83' lang='grc' dir='ltr'>ἐπίσκοποι</span> <span class='ocrx_word' id='word_1_354' title='bbox 1555 2734 1697 2806; x_wconf 73' lang='grc' dir='ltr'>ἀμφὶ</span> <span class='ocrx_word' id='word_1_355' title='bbox 1728 2735 1857 2789; x_wconf 86' lang='grc' dir='ltr'>ἐκα-</span> 
     </span>
    </p>
   </div>
   <div class='ocr_carea' id='block_1_50' title="bbox 238 2812 1855 2897">
    <p class='ocr_par' dir='ltr' id='par_1_50' title="bbox 238 2812 1855 2897">
     <span class='ocr_line' id='line_1_50' title="bbox 238 2812 1855 2897; baseline 0.007 -33"><span class='ocrx_word' id='word_1_356' title='bbox 238 2812 366 2867; x_wconf 69' lang='grc' dir='ltr'>ντδν</span> <span class='ocrx_word' id='word_1_357' title='bbox 406 2814 502 2867; x_wconf 80' lang='grc' dir='ltr'>καὶ</span> <span class='ocrx_word' id='word_1_358' title='bbox 548 2814 810 2887; x_wconf 77' lang='grc' dir='ltr'>ἐξήκοντα</span> <span class='ocrx_word' id='word_1_359' title='bbox 861 2818 1036 2885; x_wconf 75' lang='grc' dir='ltr'>ὄντες,</span> <span class='ocrx_word' id='word_1_360' title='bbox 1076 2821 1157 2884; x_wconf 86' lang='grc' dir='ltr'><strong>είς</strong></span> <span class='ocrx_word' id='word_1_361' title='bbox 1198 2821 1521 2875; x_wconf 87' lang='grc' dir='ltr'>Σελεύκειαν</span> <span class='ocrx_word' id='word_1_362' title='bbox 1548 2822 1649 2893; x_wconf 82' lang='grc' dir='ltr'>τὴν</span> <span class='ocrx_word' id='word_1_363' title='bbox 1702 2821 1855 2897; x_wconf 82' lang='grc' dir='ltr'>παρὰ</span> 
     </span>
    </p>
   </div>
   <div class='ocr_carea' id='block_1_51' title="bbox 284 2905 1854 2984">
    <p class='ocr_par' dir='ltr' id='par_1_51' title="bbox 284 2905 1854 2984">
     <span class='ocr_line' id='line_1_51' title="bbox 284 2905 1854 2984; baseline 0.006 -27"><span class='ocrx_word' id='word_1_364' title='bbox 284 2905 550 2978; x_wconf 84' lang='grc' dir='ltr'>Ἶσαύροις</span> <span class='ocrx_word' id='word_1_365' title='bbox 576 2909 853 2980; x_wconf 82' lang='grc' dir='ltr'>συνῆλθον.</span> <span class='ocrx_word' id='word_1_366' title='bbox 874 2912 1030 2975; x_wconf 85' lang='grc' dir='ltr'>Ἔτος</span> <span class='ocrx_word' id='word_1_367' title='bbox 1055 2912 1112 2966; x_wconf 80' lang='grc' dir='ltr'><strong>δὲ</strong></span> <span class='ocrx_word' id='word_1_368' title='bbox 1146 2908 1214 2984; x_wconf 79' lang='grc' dir='ltr'>ἧν</span> <span class='ocrx_word' id='word_1_369' title='bbox 1240 2915 1297 2966; x_wconf 83' lang='grc' dir='ltr'>ὲν</span> <span class='ocrx_word' id='word_1_370' title='bbox 1326 2907 1371 2983; x_wconf 80' lang='grc' dir='ltr'>ᾧ</span> <span class='ocrx_word' id='word_1_371' title='bbox 1393 2914 1656 2968; x_wconf 84' lang='grc' dir='ltr'>ὑπάτευεν</span> <span class='ocrx_word' id='word_1_372' title='bbox 1679 2914 1854 2967; x_wconf 82' lang='grc' dir='ltr'><strong>Εὐσέ-</strong></span> 
     </span>
    </p>
   </div>
   <div class='ocr_carea' id='block_1_52' title="bbox 150 2992 1855 3076">
    <p class='ocr_par' dir='ltr' id='par_1_52' title="bbox 150 2992 1855 3076">
     <span class='ocr_line' id='line_1_52' title="bbox 150 2992 1855 3076; baseline 0.005 -27"><span class='ocrx_word' id='word_1_373' title='bbox 150 2992 160 3002; x_wconf 84' lang='grc'><em>’</em></span> <span class='ocrx_word' id='word_1_374' title='bbox 271 2997 391 3063; x_wconf 77' lang='grc' dir='ltr'>διός</span> <span class='ocrx_word' id='word_1_375' title='bbox 431 3016 492 3053; x_wconf 85' lang='grc' dir='ltr'><strong>τε</strong></span> <span class='ocrx_word' id='word_1_376' title='bbox 534 3001 628 3055; x_wconf 78' lang='grc' dir='ltr'><strong>καὶ</strong></span> <span class='ocrx_word' id='word_1_377' title='bbox 666 3001 922 3068; x_wconf 85' lang='grc' dir='ltr'>Ὺπάτιος</span> <span class='ocrx_word' id='word_1_378' title='bbox 949 3014 987 3043; x_wconf 74' lang='grc' dir='ltr'>ιη</span> <span class='ocrx_word' id='word_1_379' title='bbox 1024 3023 1037 3036; x_wconf 82' lang='grc'><strong>·</strong></span> <span class='ocrx_word' id='word_1_380' title='bbox 1083 3005 1428 3076; x_wconf 77' lang='grc' dir='ltr'>συνεληλύθει</span> <span class='ocrx_word' id='word_1_381' title='bbox 1461 3006 1518 3058; x_wconf 86' lang='grc' dir='ltr'>δὲ</span> <span class='ocrx_word' id='word_1_382' title='bbox 1549 3007 1731 3069; x_wconf 78' lang='grc' dir='ltr'>αὐτοῖς</span> <span class='ocrx_word' id='word_1_383' title='bbox 1761 3005 1855 3059; x_wconf 72' lang='lat' dir='ltr'><strong>xui.</strong></span> 
     </span>
    </p>
   </div>
   <div class='ocr_carea' id='block_1_53' title="bbox 270 3092 1856 3169">
    <p class='ocr_par' dir='ltr' id='par_1_53' title="bbox 270 3092 1856 3169">
     <span class='ocr_line' id='line_1_53' title="bbox 270 3092 1856 3169; baseline 0.003 -24"><span class='ocrx_word' id='word_1_384' title='bbox 270 3092 514 3156; x_wconf 79' lang='grc' dir='ltr'>Λεωνᾶς,</span> <span class='ocrx_word' id='word_1_385' title='bbox 538 3095 566 3146; x_wconf 89' lang='lat'><strong>6</strong></span> <span class='ocrx_word' id='word_1_386' title='bbox 598 3095 657 3148; x_wconf 82' lang='grc' dir='ltr'><strong>ἐν</strong></span> <span class='ocrx_word' id='word_1_387' title='bbox 694 3094 961 3166; x_wconf 81' lang='grc' dir='ltr'>ἀξιώματι</span> <span class='ocrx_word' id='word_1_388' title='bbox 999 3097 1265 3169; x_wconf 82' lang='grc' dir='ltr'>λαμπρῶς</span> <span class='ocrx_word' id='word_1_389' title='bbox 1310 3100 1369 3151; x_wconf 89' lang='grc' dir='ltr'><strong>ἐν</strong></span> <span class='ocrx_word' id='word_1_390' title='bbox 1421 3100 1534 3162; x_wconf 88' lang='grc' dir='ltr'>τοῖς</span> <span class='ocrx_word' id='word_1_391' title='bbox 1564 3096 1856 3168; x_wconf 74' lang='grc' dir='ltr'>βασιλείοις</span> 
     </span>
    </p>
   </div>
   <div class='ocr_carea' id='block_1_54' title="bbox 273 3183 1849 3260">
    <p class='ocr_par' dir='ltr' id='par_1_54' title="bbox 273 3183 1849 3260">
     <span class='ocr_line' id='line_1_54' title="bbox 273 3183 1849 3260; baseline 0.004 -25"><span class='ocrx_word' id='word_1_392' title='bbox 273 3183 720 3253; x_wconf 79' lang='grc' dir='ltr'>στρατευόμενος.</span> <span class='ocrx_word' id='word_1_393' title='bbox 750 3188 845 3249; x_wconf 85' lang='grc' dir='ltr'>Ὃς</span> <span class='ocrx_word' id='word_1_394' title='bbox 866 3189 929 3240; x_wconf 90' lang='grc' dir='ltr'><strong>ἐκ</strong></span> <span class='ocrx_word' id='word_1_395' title='bbox 949 3190 1368 3260; x_wconf 83' lang='grc' dir='ltr'>προστάγματος</span> <span class='ocrx_word' id='word_1_396' title='bbox 1384 3187 1762 3242; x_wconf 86' lang='grc' dir='ltr'>Κωνσταντίου</span> <span class='ocrx_word' id='word_1_397' title='bbox 1786 3190 1849 3259; x_wconf 85' lang='grc' dir='ltr'>τῇ</span> 
     </span>
    </p>
   </div>
   <div class='ocr_carea' id='block_1_55' title="bbox 2545 2544 2911 2603">
    <p class='ocr_par' dir='ltr' id='par_1_55' title="bbox 2545 2544 2911 2603">
     <span class='ocr_line' id='line_1_55' title="bbox 2545 2544 2911 2603; baseline 0.003 -3"><span class='ocrx_word' id='word_1_398' title='bbox 2545 2544 2700 2603; x_wconf 86' lang='lat' dir='ltr'><strong>CAP.</strong></span> <span class='ocrx_word' id='word_1_399' title='bbox 2742 2544 2911 2601; x_wconf 81' lang='lat' dir='ltr'><strong>XXII.</strong></span> 
     </span>
    </p>
   </div>
   <div class='ocr_carea' id='block_1_56' title="bbox 2395 2635 3101 2695">
    <p class='ocr_par' dir='ltr' id='par_1_56' title="bbox 2395 2635 3101 2695">
     <span class='ocr_line' id='line_1_56' title="bbox 2395 2635 3101 2695; baseline 0.006 -4"><span class='ocrx_word' id='word_1_400' title='bbox 2395 2636 2475 2693; x_wconf 86' lang='lat' dir='ltr'><strong>De</strong></span> <span class='ocrx_word' id='word_1_401' title='bbox 2504 2635 2826 2693; x_wconf 78' lang='lat' dir='ltr'><strong>Seleuciensi</strong></span> <span class='ocrx_word' id='word_1_402' title='bbox 2854 2638 3101 2695; x_wconf 84' lang='lat' dir='ltr'><strong>concilio.</strong></span> 
     </span>
    </p>
   </div>
   <div class='ocr_carea' id='block_1_57' title="bbox 2023 2725 3539 2797">
    <p class='ocr_par' dir='ltr' id='par_1_57' title="bbox 2023 2725 3539 2797">
     <span class='ocr_line' id='line_1_57' title="bbox 2023 2725 3539 2797; baseline 0.003 -16"><span class='ocrx_word' id='word_1_403' title='bbox 2023 2728 2235 2782; x_wconf 86' lang='lat' dir='ltr'><strong>Interea</strong></span> <span class='ocrx_word' id='word_1_404' title='bbox 2267 2742 2396 2782; x_wconf 86' lang='lat' dir='ltr'><strong>vero</strong></span> <span class='ocrx_word' id='word_1_405' title='bbox 2427 2725 2736 2783; x_wconf 87' lang='lat' dir='ltr'><strong>Orientales</strong></span> <span class='ocrx_word' id='word_1_406' title='bbox 2774 2727 3024 2797; x_wconf 81' lang='lat' dir='ltr'><strong>episcOpi</strong></span> <span class='ocrx_word' id='word_1_407' title='bbox 3055 2734 3279 2782; x_wconf 90' lang='lat' dir='ltr'><strong>centum</strong></span> <span class='ocrx_word' id='word_1_408' title='bbox 3314 2727 3539 2785; x_wconf 88' lang='lat' dir='ltr'><strong>circiter</strong></span> 
     </span>
    </p>
   </div>
   <div class='ocr_carea' id='block_1_58' title="bbox 1953 2816 3540 2889">
    <p class='ocr_par' dir='ltr' id='par_1_58' title="bbox 1953 2816 3540 2889">
     <span class='ocr_line' id='line_1_58' title="bbox 1953 2816 3540 2889; baseline 0.002 -14"><span class='ocrx_word' id='word_1_409' title='bbox 1953 2834 2018 2876; x_wconf 90' lang='lat' dir='ltr'><strong>ac</strong></span> <span class='ocrx_word' id='word_1_410' title='bbox 2054 2820 2361 2889; x_wconf 80' lang='lat' dir='ltr'><strong>sexaginta,</strong></span> <span class='ocrx_word' id='word_1_411' title='bbox 2416 2816 2724 2874; x_wconf 90' lang='lat' dir='ltr'><strong>Seleuciam</strong></span> <span class='ocrx_word' id='word_1_412' title='bbox 2760 2818 2981 2874; x_wconf 69' lang='lat' dir='ltr'><strong>Isauria:</strong></span> <span class='ocrx_word' id='word_1_413' title='bbox 3011 2822 3376 2876; x_wconf 75' lang='lat' dir='ltr'><strong>convenere’.</strong></span> <span class='ocrx_word' id='word_1_414' title='bbox 3424 2822 3540 2878; x_wconf 81' lang='grc' dir='ltr'><strong>Δη-</strong></span> 
     </span>
    </p>
   </div>
   <div class='ocr_carea' id='block_1_59' title="bbox 1955 2908 3535 2981">
    <p class='ocr_par' dir='ltr' id='par_1_59' title="bbox 1955 2908 3535 2981">
     <span class='ocr_line' id='line_1_59' title="bbox 1955 2908 3535 2981; baseline 0 -15"><span class='ocrx_word' id='word_1_415' title='bbox 1955 2927 2062 2966; x_wconf 83' lang='lat' dir='ltr'><strong>nus</strong></span> <span class='ocrx_word' id='word_1_416' title='bbox 2092 2911 2182 2965; x_wconf 89' lang='lat' dir='ltr'><strong>hic</strong></span> <span class='ocrx_word' id='word_1_417' title='bbox 2209 2917 2331 2965; x_wconf 89' lang='lat' dir='ltr'><strong>erat</strong></span> <span class='ocrx_word' id='word_1_418' title='bbox 2361 2926 2470 2979; x_wconf 93' lang='lat' dir='ltr'><strong>quo</strong></span> <span class='ocrx_word' id='word_1_419' title='bbox 2499 2909 2774 2967; x_wconf 87' lang='lat' dir='ltr'><strong>Eusebius</strong></span> <span class='ocrx_word' id='word_1_420' title='bbox 2803 2916 2858 2965; x_wconf 95' lang='lat' dir='ltr'><strong>et</strong></span> <span class='ocrx_word' id='word_1_421' title='bbox 2888 2908 3156 2981; x_wconf 88' lang='lat' dir='ltr'><strong>Hypatius</strong></span> <span class='ocrx_word' id='word_1_422' title='bbox 3190 2913 3535 2968; x_wconf 91' lang='lat' dir='ltr'><strong>consulatum</strong></span> 
     </span>
    </p>
   </div>
   <div class='ocr_carea' id='block_1_60' title="bbox 1956 3002 3538 3074">
    <p class='ocr_par' dir='ltr' id='par_1_60' title="bbox 1956 3002 3538 3074">
     <span class='ocr_line' id='line_1_60' title="bbox 1956 3002 3538 3074; baseline 0.003 -18"><span class='ocrx_word' id='word_1_423' title='bbox 1956 3011 2268 3072; x_wconf 83' lang='lat' dir='ltr'><strong>gesserunt.</strong></span> <span class='ocrx_word' id='word_1_424' title='bbox 2309 3002 2466 3074; x_wconf 78' lang='lat'><strong>163</strong></span> <span class='ocrx_word' id='word_1_425' title='bbox 2502 3002 2819 3058; x_wconf 83' lang='lat' dir='ltr'><strong>Advenerat</strong></span> <span class='ocrx_word' id='word_1_426' title='bbox 2858 3018 3026 3073; x_wconf 88' lang='lat' dir='ltr'><strong>porro</strong></span> <span class='ocrx_word' id='word_1_427' title='bbox 3081 3020 3192 3058; x_wconf 89' lang='lat' dir='ltr'><strong>una</strong></span> <span class='ocrx_word' id='word_1_428' title='bbox 3246 3020 3374 3060; x_wconf 92' lang='lat' dir='ltr'><strong>cum</strong></span> <span class='ocrx_word' id='word_1_429' title='bbox 3426 3006 3538 3061; x_wconf 91' lang='lat' dir='ltr'><strong>illis</strong></span> 
     </span>
    </p>
   </div>
   <div class='ocr_carea' id='block_1_61' title="bbox 1956 3093 3539 3166">
    <p class='ocr_par' dir='ltr' id='par_1_61' title="bbox 1956 3093 3539 3166">
     <span class='ocr_line' id='line_1_61' title="bbox 1956 3093 3539 3166; baseline 0.003 -19"><span class='ocrx_word' id='word_1_430' title='bbox 1956 3094 2199 3161; x_wconf 85' lang='lat' dir='ltr'><strong>Leonas,</strong></span> <span class='ocrx_word' id='word_1_431' title='bbox 2236 3094 2331 3164; x_wconf 89' lang='lat' dir='ltr'><strong>qui</strong></span> <span class='ocrx_word' id='word_1_432' title='bbox 2387 3093 2674 3163; x_wconf 86' lang='lat' dir='ltr'><strong>splendido</strong></span> <span class='ocrx_word' id='word_1_433' title='bbox 2723 3095 2957 3164; x_wconf 86' lang='lat' dir='ltr'><strong>quodam</strong></span> <span class='ocrx_word' id='word_1_434' title='bbox 3007 3095 3186 3149; x_wconf 87' lang='lat' dir='ltr'><strong>ollieio</strong></span> <span class='ocrx_word' id='word_1_435' title='bbox 3230 3096 3283 3150; x_wconf 88' lang='lat' dir='ltr'><strong>in</strong></span> <span class='ocrx_word' id='word_1_436' title='bbox 3335 3097 3539 3166; x_wconf 88' lang='lat' dir='ltr'><strong>palatio</strong></span> 
     </span>
    </p>
   </div>
   <div class='ocr_carea' id='block_1_62' title="bbox 1957 3185 3539 3258">
    <p class='ocr_par' dir='ltr' id='par_1_62' title="bbox 1957 3185 3539 3258">
     <span class='ocr_line' id='line_1_62' title="bbox 1957 3185 3539 3258; baseline 0.001 -19"><span class='ocrx_word' id='word_1_437' title='bbox 1957 3185 2310 3257; x_wconf 80' lang='lat' dir='ltr'><strong>fungebatur.</strong></span> <span class='ocrx_word' id='word_1_438' title='bbox 2393 3185 2568 3252; x_wconf 85' lang='lat' dir='ltr'><strong>Quem</strong></span> <span class='ocrx_word' id='word_1_439' title='bbox 2635 3187 2853 3256; x_wconf 87' lang='lat' dir='ltr'><strong>quidem</strong></span> <span class='ocrx_word' id='word_1_440' title='bbox 2937 3188 3236 3258; x_wconf 89' lang='lat' dir='ltr'><strong>imperator</strong></span> <span class='ocrx_word' id='word_1_441' title='bbox 3300 3189 3539 3244; x_wconf 84' lang='lat' dir='ltr'><strong>concilio</strong></span> 
     </span>
    </p>
   </div>
   <div class='ocr_carea' id='block_1_63' title="bbox 272 3271 1859 3353">
    <p class='ocr_par' dir='ltr' id='par_1_63' title="bbox 272 3272 1855 3353">
     <span class='ocr_line' id='line_1_63' title="bbox 272 3272 1855 3353; baseline 0.006 -28"><span class='ocrx_word' id='word_1_442' title='bbox 272 3272 482 3345; x_wconf 81' lang='grc' dir='ltr'>συνόδῳ</span> <span class='ocrx_word' id='word_1_443' title='bbox 508 3277 710 3346; x_wconf 80' lang='grc' dir='ltr'>παρῆν,</span> <span class='ocrx_word' id='word_1_444' title='bbox 755 3275 897 3330; x_wconf 83' lang='grc' dir='ltr'>ὥστε</span> <span class='ocrx_word' id='word_1_445' title='bbox 948 3279 1034 3333; x_wconf 86' lang='grc' dir='ltr'>ἐπ’</span> <span class='ocrx_word' id='word_1_446' title='bbox 1065 3279 1229 3334; x_wconf 79' lang='grc' dir='ltr'>αὐτοῦ</span> <span class='ocrx_word' id='word_1_447' title='bbox 1282 3281 1538 3349; x_wconf 81' lang='grc' dir='ltr'>γενέσθαι</span> <span class='ocrx_word' id='word_1_448' title='bbox 1587 3281 1686 3351; x_wconf 85' lang='grc' dir='ltr'>τὴν</span> <span class='ocrx_word' id='word_1_449' title='bbox 1725 3282 1855 3353; x_wconf 76' lang='grc' dir='ltr'>περὶ</span> 
     </span>
    </p>
   </div>
   <div class='ocr_carea' id='block_1_64' title="bbox 1960 3271 3539 3353">
    <p class='ocr_par' dir='ltr' id='par_1_64' title="bbox 1960 3271 3539 3347">
     <span class='ocr_line' id='line_1_64' title="bbox 1960 3271 3539 3347; baseline -0.001 -15"><span class='ocrx_word' id='word_1_450' title='bbox 1960 3280 2227 3334; x_wconf 83' lang='lat' dir='ltr'><strong>interesse</strong></span> <span class='ocrx_word' id='word_1_451' title='bbox 2276 3277 2485 3333; x_wconf 90' lang='lat' dir='ltr'><strong>idcirco</strong></span> <span class='ocrx_word' id='word_1_452' title='bbox 2513 3278 2779 3347; x_wconf 87' lang='lat' dir='ltr'><strong>jusserat,</strong></span> <span class='ocrx_word' id='word_1_453' title='bbox 2813 3287 2873 3333; x_wconf 89' lang='lat' dir='ltr'><strong>ut</strong></span> <span class='ocrx_word' id='word_1_454' title='bbox 2901 3293 2968 3332; x_wconf 92' lang='lat' dir='ltr'><strong>eo</strong></span> <span class='ocrx_word' id='word_1_455' title='bbox 3013 3271 3284 3347; x_wconf 72' lang='lat' dir='ltr'><strong>praesente</strong></span> <span class='ocrx_word' id='word_1_456' title='bbox 3330 3278 3399 3332; x_wconf 92' lang='lat' dir='ltr'><strong>de</strong></span> <span class='ocrx_word' id='word_1_457' title='bbox 3442 3279 3539 3331; x_wconf 58' lang='lat' dir='ltr'><strong>(lo-</strong></span> 
     </span>
    </p>
   </div>
   <div class='ocr_carea' id='block_1_65' title="bbox 271 3364 1857 3445">
    <p class='ocr_par' dir='ltr' id='par_1_65' title="bbox 271 3364 1857 3445">
     <span class='ocr_line' id='line_1_65' title="bbox 271 3364 1857 3445; baseline 0.006 -28"><span class='ocrx_word' id='word_1_458' title='bbox 271 3364 372 3421; x_wconf 65' lang='grc' dir='ltr'>τ.ιῦ</span> <span class='ocrx_word' id='word_1_459' title='bbox 399 3366 662 3437; x_wconf 83' lang='grc' dir='ltr'>δόγματος</span> <span class='ocrx_word' id='word_1_460' title='bbox 691 3370 892 3424; x_wconf 85' lang='grc' dir='ltr'>πίστιν.</span> <span class='ocrx_word' id='word_1_461' title='bbox 928 3372 1117 3443; x_wconf 85' lang='grc' dir='ltr'>Παρῆν</span> <span class='ocrx_word' id='word_1_462' title='bbox 1144 3372 1315 3427; x_wconf 78' lang='grc' dir='ltr'>δὲκαὶ</span> <span class='ocrx_word' id='word_1_463' title='bbox 1340 3374 1659 3445; x_wconf 80' lang='grc' dir='ltr'>Λαυρίκιος,</span> <span class='ocrx_word' id='word_1_464' title='bbox 1694 3377 1723 3428; x_wconf 92' lang='lat'><strong>6</strong></span> <span class='ocrx_word' id='word_1_465' title='bbox 1749 3374 1857 3427; x_wconf 81' lang='grc' dir='ltr'>τῶν</span> 
     </span>
    </p>
   </div>
   <div class='ocr_carea' id='block_1_66' title="bbox 275 3456 1860 3535">
    <p class='ocr_par' dir='ltr' id='par_1_66' title="bbox 275 3456 1860 3535">
     <span class='ocr_line' id='line_1_66' title="bbox 275 3456 1860 3535; baseline 0.006 -27"><span class='ocrx_word' id='word_1_466' title='bbox 275 3456 628 3527; x_wconf 73' lang='grc' dir='ltr'>στρατιωτῶν</span> <span class='ocrx_word' id='word_1_467' title='bbox 662 3458 756 3511; x_wconf 80' lang='grc' dir='ltr'>τοῦ</span> <span class='ocrx_word' id='word_1_468' title='bbox 796 3458 982 3524; x_wconf 80' lang='grc' dir='ltr'>ἔθνους</span> <span class='ocrx_word' id='word_1_469' title='bbox 1028 3461 1274 3533; x_wconf 81' lang='grc' dir='ltr'>ἡγεμὼν,</span> <span class='ocrx_word' id='word_1_470' title='bbox 1321 3464 1377 3516; x_wconf 73' lang='grc' dir='ltr'>εἴ</span> <span class='ocrx_word' id='word_1_471' title='bbox 1418 3480 1471 3516; x_wconf 90' lang='grc' dir='ltr'><strong>τι</strong></span> <span class='ocrx_word' id='word_1_472' title='bbox 1515 3464 1625 3517; x_wconf 83' lang='grc' dir='ltr'>δέοι</span> <span class='ocrx_word' id='word_1_473' title='bbox 1680 3480 1860 3535; x_wconf 85' lang='grc' dir='ltr'>παρα-</span> 
     </span>
    </p>
   </div>
   <div class='ocr_carea' id='block_1_67' title="bbox 275 3548 1860 3625">
    <p class='ocr_par' dir='ltr' id='par_1_67' title="bbox 275 3548 1860 3625">
     <span class='ocr_line' id='line_1_67' title="bbox 275 3548 1860 3625; baseline 0.007 -28"><span class='ocrx_word' id='word_1_474' title='bbox 275 3548 562 3600; x_wconf 87' lang='grc' dir='ltr'>σκευάσων</span> <span class='ocrx_word' id='word_1_475' title='bbox 583 3565 597 3578; x_wconf 91' lang='grc'>·</span> <span class='ocrx_word' id='word_1_476' title='bbox 638 3548 931 3620; x_wconf 81' lang='grc' dir='ltr'>ὑπουργεῖν</span> <span class='ocrx_word' id='word_1_477' title='bbox 970 3552 1078 3624; x_wconf 86' lang='grc' dir='ltr'>γὰρ</span> <span class='ocrx_word' id='word_1_478' title='bbox 1112 3553 1259 3624; x_wconf 83' lang='grc' dir='ltr'>αὐτῷ</span> <span class='ocrx_word' id='word_1_479' title='bbox 1292 3553 1552 3625; x_wconf 83' lang='grc' dir='ltr'>βασιλέως</span> <span class='ocrx_word' id='word_1_480' title='bbox 1598 3554 1860 3608; x_wconf 73' lang='grc' dir='ltr'>ἐπέταττε</span> 
     </span>
    </p>
   </div>
   <div class='ocr_carea' id='block_1_68' title="bbox 272 3643 1861 3725">
    <p class='ocr_par' dir='ltr' id='par_1_68' title="bbox 272 3643 1861 3725">
     <span class='ocr_line' id='line_1_68' title="bbox 272 3643 1861 3725; baseline 0.006 -30"><span class='ocrx_word' id='word_1_481' title='bbox 272 3643 609 3725; x_wconf 60' lang='grc' dir='ltr'>γράμματα.</span> <span class='ocrx_word' id='word_1_482' title='bbox 636 3646 792 3699; x_wconf 84' lang='grc' dir='ltr'>Κατὰ</span> <span class='ocrx_word' id='word_1_483' title='bbox 815 3646 873 3699; x_wconf 84' lang='grc' dir='ltr'>δὲ</span> <span class='ocrx_word' id='word_1_484' title='bbox 895 3647 986 3701; x_wconf 81' lang='grc' dir='ltr'><strong>τὸν</strong></span> <span class='ocrx_word' id='word_1_485' title='bbox 1024 3649 1240 3720; x_wconf 85' lang='grc' dir='ltr'>πρῶτον</span> <span class='ocrx_word' id='word_1_486' title='bbox 1266 3650 1524 3720; x_wconf 85' lang='grc' dir='ltr'>σύλλογον</span> <span class='ocrx_word' id='word_1_487' title='bbox 1547 3650 1861 3722; x_wconf 84' lang='grc' dir='ltr'>ἀπολιμπά-</span> 
     </span>
    </p>
   </div>
   <div class='ocr_carea' id='block_1_69' title="bbox 271 3733 1861 3811">
    <p class='ocr_par' dir='ltr' id='par_1_69' title="bbox 271 3733 1861 3811">
     <span class='ocr_line' id='line_1_69' title="bbox 271 3733 1861 3811; baseline 0.006 -27"><span class='ocrx_word' id='word_1_488' title='bbox 271 3749 463 3786; x_wconf 86' lang='grc' dir='ltr'>νονται</span> <span class='ocrx_word' id='word_1_489' title='bbox 511 3733 691 3804; x_wconf 74' lang='grc' dir='ltr'>ἕτεροί</span> <span class='ocrx_word' id='word_1_490' title='bbox 724 3734 784 3788; x_wconf 80' lang='grc' dir='ltr'>τέ</span> <span class='ocrx_word' id='word_1_491' title='bbox 815 3753 960 3801; x_wconf 84' lang='grc' dir='ltr'>τινες</span> <span class='ocrx_word' id='word_1_492' title='bbox 1000 3737 1307 3805; x_wconf 79' lang='grc' dir='ltr'>ἐπίσκοποι,</span> <span class='ocrx_word' id='word_1_493' title='bbox 1345 3741 1436 3794; x_wconf 71' lang='grc' dir='ltr'><strong>καὶ</strong></span> <span class='ocrx_word' id='word_1_494' title='bbox 1474 3740 1809 3811; x_wconf 83' lang='grc' dir='ltr'>Πατρόφι).ος</span> <span class='ocrx_word' id='word_1_495' title='bbox 1831 3740 1861 3793; x_wconf 89' lang='lat'><strong>6</strong></span> 
     </span>
    </p>
   </div>
   <div class='ocr_carea' id='block_1_70' title="bbox 273 3822 1862 3894">
    <p class='ocr_par' dir='ltr' id='par_1_70' title="bbox 273 3822 1862 3894">
     <span class='ocr_line' id='line_1_70' title="bbox 273 3822 1862 3894; baseline 0.008 -20"><span class='ocrx_word' id='word_1_496' title='bbox 273 3822 665 3887; x_wconf 86' lang='grc' dir='ltr'>Σκυθοπόλεως</span> <span class='ocrx_word' id='word_1_497' title='bbox 691 3864 705 3888; x_wconf 90' lang='grc'><strong>,</strong></span> <span class='ocrx_word' id='word_1_498' title='bbox 752 3827 845 3880; x_wconf 76' lang='grc' dir='ltr'>καὶ</span> <span class='ocrx_word' id='word_1_499' title='bbox 887 3829 1215 3894; x_wconf 81' lang='grc' dir='ltr'>Μακεδόνιος</span> <span class='ocrx_word' id='word_1_500' title='bbox 1252 3833 1281 3885; x_wconf 88' lang='lat'><strong>6</strong></span> <span class='ocrx_word' id='word_1_501' title='bbox 1319 3832 1724 3885; x_wconf 85' lang='grc' dir='ltr'>Κωνσταντίνου</span> <span class='ocrx_word' id='word_1_502' title='bbox 1766 3831 1862 3885; x_wconf 87' lang='grc' dir='ltr'>πό-</span> 
     </span>
    </p>
   </div>
   <div class='ocr_carea' id='block_1_71' title="bbox 271 3912 1862 3994">
    <p class='ocr_par' dir='ltr' id='par_1_71' title="bbox 271 3912 1862 3994">
     <span class='ocr_line' id='line_1_71' title="bbox 271 3912 1862 3994; baseline 0.007 -29"><span class='ocrx_word' id='word_1_503' title='bbox 271 3912 438 3980; x_wconf 66' lang='grc' dir='ltr'>λεως,</span> <span class='ocrx_word' id='word_1_504' title='bbox 466 3916 560 3971; x_wconf 84' lang='grc' dir='ltr'><strong>καὶ</strong></span> <span class='ocrx_word' id='word_1_505' title='bbox 594 3917 871 3982; x_wconf 82' lang='grc' dir='ltr'>Βασίλειος</span> <span class='ocrx_word' id='word_1_506' title='bbox 890 3922 918 3974; x_wconf 88' lang='lat'><strong>6</strong></span> <span class='ocrx_word' id='word_1_507' title='bbox 946 3921 1239 3993; x_wconf 85' lang='grc' dir='ltr'>Ἀγκύρας.</span> <span class='ocrx_word' id='word_1_508' title='bbox 1268 3923 1553 3994; x_wconf 86' lang='grc' dir='ltr'>Πρόφασις</span> <span class='ocrx_word' id='word_1_509' title='bbox 1582 3923 1639 3978; x_wconf 86' lang='grc' dir='ltr'>δὲ</span> <span class='ocrx_word' id='word_1_510' title='bbox 1670 3923 1862 3993; x_wconf 79' lang='grc' dir='ltr'>γέγονε</span> 
     </span>
    </p>
   </div>
   <div class='ocr_carea' id='block_1_72' title="bbox 272 4007 1863 4084">
    <p class='ocr_par' dir='ltr' id='par_1_72' title="bbox 272 4007 1863 4084">
     <span class='ocr_line' id='line_1_72' title="bbox 272 4007 1863 4084; baseline 0.004 -26"><span class='ocrx_word' id='word_1_511' title='bbox 272 4008 393 4070; x_wconf 82' lang='grc' dir='ltr'>τοῖς</span> <span class='ocrx_word' id='word_1_512' title='bbox 419 4007 518 4077; x_wconf 82' lang='grc' dir='ltr'><strong>μὲν</strong></span> <span class='ocrx_word' id='word_1_513' title='bbox 562 4008 744 4073; x_wconf 78' lang='grc' dir='ltr'>ἄλλοις</span> <span class='ocrx_word' id='word_1_514' title='bbox 785 4010 917 4082; x_wconf 82' lang='grc' dir='ltr'>ἄλλη</span> <span class='ocrx_word' id='word_1_515' title='bbox 939 4029 954 4043; x_wconf 72' lang='grc' dir='ltr'><strong><em>ο</em></strong></span> <span class='ocrx_word' id='word_1_516' title='bbox 989 4013 1316 4084; x_wconf 83' lang='grc' dir='ltr'>Πατροφί).ῳ</span> <span class='ocrx_word' id='word_1_517' title='bbox 1341 4013 1396 4066; x_wconf 83' lang='grc' dir='ltr'><strong>δὲ</strong></span> <span class='ocrx_word' id='word_1_518' title='bbox 1425 4013 1728 4084; x_wconf 80' lang='grc' dir='ltr'>ὀφθαλμία,</span> <span class='ocrx_word' id='word_1_519' title='bbox 1767 4013 1863 4066; x_wconf 80' lang='grc' dir='ltr'>καὶ</span> 
     </span>
    </p>
   </div>
   <div class='ocr_carea' id='block_1_73' title="bbox 273 4099 1864 4174">
    <p class='ocr_par' dir='ltr' id='par_1_73' title="bbox 273 4099 1864 4174">
     <span class='ocr_line' id='line_1_73' title="bbox 273 4099 1864 4174; baseline 0.003 -24"><span class='ocrx_word' id='word_1_520' title='bbox 273 4099 598 4170; x_wconf 80' lang='grc' dir='ltr'>Μακεδονίῳ</span> <span class='ocrx_word' id='word_1_521' title='bbox 620 4101 792 4165; x_wconf 82' lang='grc' dir='ltr'>νόσος.</span> <span class='ocrx_word' id='word_1_522' title='bbox 834 4103 1087 4156; x_wconf 77' lang='grc' dir='ltr'>’Υπόνοια</span> <span class='ocrx_word' id='word_1_523' title='bbox 1114 4103 1169 4156; x_wconf 74' lang='grc' dir='ltr'>δὲ</span> <span class='ocrx_word' id='word_1_524' title='bbox 1191 4101 1258 4174; x_wconf 86' lang='grc' dir='ltr'>ἦν</span> <span class='ocrx_word' id='word_1_525' title='bbox 1275 4145 1289 4169; x_wconf 92' lang='grc'><strong>,</strong></span> <span class='ocrx_word' id='word_1_526' title='bbox 1315 4104 1391 4167; x_wconf 86' lang='grc' dir='ltr'>ὼς</span> <span class='ocrx_word' id='word_1_527' title='bbox 1415 4103 1645 4166; x_wconf 84' lang='grc' dir='ltr'>δεδιότες</span> <span class='ocrx_word' id='word_1_528' title='bbox 1666 4102 1864 4172; x_wconf 84' lang='grc' dir='ltr'>ἐγκλή-</span> 
     </span>
    </p>
   </div>
   <div class='ocr_carea' id='block_1_74' title="bbox 278 4192 1864 4266">
    <p class='ocr_par' dir='ltr' id='par_1_74' title="bbox 278 4192 1864 4266">
     <span class='ocr_line' id='line_1_74' title="bbox 278 4192 1864 4266; baseline 0.003 -25"><span class='ocrx_word' id='word_1_529' title='bbox 278 4206 431 4259; x_wconf 83' lang='grc' dir='ltr'>ματα</span> <span class='ocrx_word' id='word_1_530' title='bbox 470 4192 813 4264; x_wconf 81' lang='grc' dir='ltr'>κατηγόρων,</span> <span class='ocrx_word' id='word_1_531' title='bbox 854 4194 914 4246; x_wconf 68' lang='grc' dir='ltr'><strong>οὐ</strong></span> <span class='ocrx_word' id='word_1_532' title='bbox 958 4196 1323 4265; x_wconf 80' lang='grc' dir='ltr'>παρεγένοντο</span> <span class='ocrx_word' id='word_1_533' title='bbox 1366 4196 1487 4249; x_wconf 85' lang='grc' dir='ltr'>τότε</span> <span class='ocrx_word' id='word_1_534' title='bbox 1517 4212 1531 4225; x_wconf 75' lang='grc' dir='ltr'><strong>ο</strong></span> <span class='ocrx_word' id='word_1_535' title='bbox 1565 4210 1864 4266; x_wconf 86' lang='grc' dir='ltr'>παραιτου-</span> 
     </span>
    </p>
   </div>
   <div class='ocr_carea' id='block_1_75' title="bbox 278 4281 1867 4357">
    <p class='ocr_par' dir='ltr' id='par_1_75' title="bbox 278 4281 1867 4357">
     <span class='ocr_line' id='line_1_75' title="bbox 278 4281 1867 4357; baseline 0.004 -25"><span class='ocrx_word' id='word_1_536' title='bbox 278 4281 464 4350; x_wconf 82' lang='grc' dir='ltr'>μένων</span> <span class='ocrx_word' id='word_1_537' title='bbox 500 4283 556 4336; x_wconf 84' lang='grc' dir='ltr'>δὲ</span> <span class='ocrx_word' id='word_1_538' title='bbox 604 4285 712 4337; x_wconf 85' lang='grc' dir='ltr'><strong>τῶν</strong></span> <span class='ocrx_word' id='word_1_539' title='bbox 755 4285 929 4339; x_wconf 78' lang='grc' dir='ltr'>ἄλλων</span> <span class='ocrx_word' id='word_1_540' title='bbox 958 4286 1045 4339; x_wconf 75' lang='grc' dir='ltr'>διὰ</span> <span class='ocrx_word' id='word_1_541' title='bbox 1093 4286 1189 4357; x_wconf 82' lang='grc' dir='ltr'>τὴν</span> <span class='ocrx_word' id='word_1_542' title='bbox 1224 4286 1426 4341; x_wconf 81' lang='grc' dir='ltr'>τούτων</span> <span class='ocrx_word' id='word_1_543' title='bbox 1466 4287 1752 4351; x_wconf 81' lang='grc' dir='ltr'>ἀπουσίαν,</span> <span class='ocrx_word' id='word_1_544' title='bbox 1786 4285 1867 4349; x_wconf 77' lang='grc' dir='ltr'><strong>ἐξ-</strong></span> 
     </span>
    </p>
   </div>
   <div class='ocr_carea' id='block_1_76' title="bbox 216 4368 1864 4445">
    <p class='ocr_par' dir='ltr' id='par_1_76' title="bbox 216 4368 1864 4445">
     <span class='ocr_line' id='line_1_76' title="bbox 216 4368 1864 4445; baseline 0.004 -23"><span class='ocrx_word' id='word_1_545' title='bbox 216 4368 221 4373; x_wconf 82' lang='grc'><strong>’</strong></span> <span class='ocrx_word' id='word_1_546' title='bbox 275 4370 495 4434; x_wconf 77' lang='grc' dir='ltr'>ετάζειν</span> <span class='ocrx_word' id='word_1_547' title='bbox 533 4372 603 4426; x_wconf 85' lang='grc' dir='ltr'>τὰ</span> <span class='ocrx_word' id='word_1_548' title='bbox 651 4374 960 4445; x_wconf 72' lang='grc' dir='ltr'>ἀμφίϐολα,</span> <span class='ocrx_word' id='word_1_549' title='bbox 987 4376 1080 4429; x_wconf 77' lang='grc' dir='ltr'><strong>καὶ</strong></span> <span class='ocrx_word' id='word_1_550' title='bbox 1124 4375 1297 4439; x_wconf 72' lang='grc' dir='ltr'>οὕτως</span> <span class='ocrx_word' id='word_1_551' title='bbox 1345 4376 1597 4430; x_wconf 80' lang='grc' dir='ltr'>ἐκέλευσε.</span> <span class='ocrx_word' id='word_1_552' title='bbox 1645 4376 1864 4439; x_wconf 81' lang='grc' dir='ltr'>Λεωνᾶς</span> 
     </span>
    </p>
   </div>
   <div class='ocr_carea' id='block_1_77' title="bbox 272 4463 1865 4541">
    <p class='ocr_par' dir='ltr' id='par_1_77' title="bbox 272 4463 1865 4541">
     <span class='ocr_line' id='line_1_77' title="bbox 272 4463 1865 4541; baseline 0.003 -25"><span class='ocrx_word' id='word_1_553' title='bbox 272 4463 382 4526; x_wconf 73' lang='grc' dir='ltr'><strong>τὰς</strong></span> <span class='ocrx_word' id='word_1_554' title='bbox 429 4463 685 4535; x_wconf 80' lang='grc' dir='ltr'>ζητήσεις</span> <span class='ocrx_word' id='word_1_555' title='bbox 715 4470 903 4522; x_wconf 78' lang='grc' dir='ltr'>κινεῖν.</span> <span class='ocrx_word' id='word_1_556' title='bbox 945 4468 1221 4521; x_wconf 84' lang='grc' dir='ltr'>Ἐντεῦθεν</span> <span class='ocrx_word' id='word_1_557' title='bbox 1264 4469 1313 4521; x_wconf 82' lang='lat' dir='ltr'><strong>oi</strong></span> <span class='ocrx_word' id='word_1_558' title='bbox 1362 4468 1459 4538; x_wconf 80' lang='grc' dir='ltr'><strong>μὲν</strong></span> <span class='ocrx_word' id='word_1_559' title='bbox 1498 4467 1762 4541; x_wconf 85' lang='grc' dir='ltr'>πρότερον</span> <span class='ocrx_word' id='word_1_560' title='bbox 1803 4466 1865 4520; x_wconf 81' lang='grc' dir='ltr'><strong>τὸ</strong></span> 
     </span>
    </p>
   </div>
   <div class='ocr_carea' id='block_1_78' title="bbox 272 4553 1865 4651">
    <p class='ocr_par' dir='ltr' id='par_1_78' title="bbox 272 4553 1865 4651">
     <span class='ocr_line' id='line_1_78' title="bbox 272 4553 1865 4651; baseline 0.002 -43"><span class='ocrx_word' id='word_1_561' title='bbox 272 4553 463 4627; x_wconf 83' lang='grc' dir='ltr'>δόγμα</span> <span class='ocrx_word' id='word_1_562' title='bbox 513 4557 786 4622; x_wconf 78' lang='grc' dir='ltr'>ἐξετάζειν</span> <span class='ocrx_word' id='word_1_563' title='bbox 811 4574 824 4587; x_wconf 82' lang='lat'><strong><em>°</em></strong></span> <span class='ocrx_word' id='word_1_564' title='bbox 849 4560 898 4611; x_wconf 79' lang='grc' dir='ltr'>οἱ</span> <span class='ocrx_word' id='word_1_565' title='bbox 928 4559 983 4612; x_wconf 84' lang='grc' dir='ltr'>δὲ</span> <span class='ocrx_word' id='word_1_566' title='bbox 1007 4599 1021 4624; x_wconf 89' lang='grc'><strong>,</strong></span> <span class='ocrx_word' id='word_1_567' title='bbox 1049 4560 1177 4622; x_wconf 77' lang='grc' dir='ltr'>τοὺς</span> <span class='ocrx_word' id='word_1_568' title='bbox 1228 4559 1374 4629; x_wconf 82' lang='grc' dir='ltr'>βίους</span> <span class='ocrx_word' id='word_1_569' title='bbox 1417 4559 1727 4651; x_wconf 58' lang='grc' dir='ltr'>ἀνακρίνειν</span> <span class='ocrx_word' id='word_1_570' title='bbox 1757 4558 1865 4612; x_wconf 83' lang='grc' dir='ltr'><strong>τῶν</strong></span> 
     </span>
    </p>
   </div>
   <div class='ocr_carea' id='block_1_79' title="bbox 1958 3368 3534 3440">
    <p class='ocr_par' dir='ltr' id='par_1_79' title="bbox 1958 3368 3534 3440">
     <span class='ocr_line' id='line_1_79' title="bbox 1958 3368 3534 3440; baseline -0.002 -15"><span class='ocrx_word' id='word_1_571' title='bbox 1958 3370 2132 3425; x_wconf 90' lang='lat' dir='ltr'><strong>ctrina</strong></span> <span class='ocrx_word' id='word_1_572' title='bbox 2162 3369 2284 3425; x_wconf 88' lang='lat' dir='ltr'><strong>ﬁdei</strong></span> <span class='ocrx_word' id='word_1_573' title='bbox 2316 3370 2707 3440; x_wconf 90' lang='lat' dir='ltr'><strong>inquireretur.</strong></span> <span class='ocrx_word' id='word_1_574' title='bbox 2750 3369 2959 3425; x_wconf 88' lang='lat' dir='ltr'><strong>Aderat</strong></span> <span class='ocrx_word' id='word_1_575' title='bbox 3014 3371 3181 3425; x_wconf 88' lang='lat' dir='ltr'><strong>etiam</strong></span> <span class='ocrx_word' id='word_1_576' title='bbox 3217 3368 3534 3430; x_wconf 88' lang='lat' dir='ltr'><strong>Lauricius,</strong></span> 
     </span>
    </p>
   </div>
   <div class='ocr_carea' id='block_1_80' title="bbox 1958 3460 3541 3533">
    <p class='ocr_par' dir='ltr' id='par_1_80' title="bbox 1958 3460 3541 3533">
     <span class='ocr_line' id='line_1_80' title="bbox 1958 3460 3541 3533; baseline -0.001 -16"><span class='ocrx_word' id='word_1_577' title='bbox 1958 3461 2066 3517; x_wconf 80' lang='lat' dir='ltr'><strong>dux</strong></span> <span class='ocrx_word' id='word_1_578' title='bbox 2095 3470 2152 3517; x_wconf 90' lang='lat' dir='ltr'><strong>et</strong></span> <span class='ocrx_word' id='word_1_579' title='bbox 2179 3478 2384 3532; x_wconf 65' lang='lat' dir='ltr'><strong>praeses</strong></span> <span class='ocrx_word' id='word_1_580' title='bbox 2418 3462 2736 3533; x_wconf 84' lang='lat' dir='ltr'><strong>provinciae,</strong></span> <span class='ocrx_word' id='word_1_581' title='bbox 2788 3462 2834 3517; x_wconf 92' lang='lat' dir='ltr'><strong>si</strong></span> <span class='ocrx_word' id='word_1_582' title='bbox 2866 3462 2999 3532; x_wconf 89' lang='lat' dir='ltr'><strong>quid</strong></span> <span class='ocrx_word' id='word_1_583' title='bbox 3024 3475 3163 3531; x_wconf 92' lang='lat' dir='ltr'><strong>opus</strong></span> <span class='ocrx_word' id='word_1_584' title='bbox 3209 3460 3350 3517; x_wconf 89' lang='lat' dir='ltr'><strong>foret</strong></span> <span class='ocrx_word' id='word_1_585' title='bbox 3399 3476 3541 3532; x_wconf 88' lang='lat' dir='ltr'><strong>prae-</strong></span> 
     </span>
    </p>
   </div>
   <div class='ocr_carea' id='block_1_81' title="bbox 1959 3550 3537 3622">
    <p class='ocr_par' dir='ltr' id='par_1_81' title="bbox 1959 3550 3537 3622">
     <span class='ocr_line' id='line_1_81' title="bbox 1959 3550 3537 3622; baseline -0.002 -13"><span class='ocrx_word' id='word_1_586' title='bbox 1959 3554 2212 3609; x_wconf 90' lang='lat' dir='ltr'><strong>stiturus.</strong></span> <span class='ocrx_word' id='word_1_587' title='bbox 2269 3552 2403 3608; x_wconf 89' lang='lat' dir='ltr'><strong>Nam</strong></span> <span class='ocrx_word' id='word_1_588' title='bbox 2458 3562 2518 3609; x_wconf 90' lang='lat' dir='ltr'><strong>ut</strong></span> <span class='ocrx_word' id='word_1_589' title='bbox 2567 3553 2670 3608; x_wconf 89' lang='lat' dir='ltr'><strong>hoc</strong></span> <span class='ocrx_word' id='word_1_590' title='bbox 2722 3552 3027 3607; x_wconf 89' lang='lat' dir='ltr'><strong>ministerio</strong></span> <span class='ocrx_word' id='word_1_591' title='bbox 3082 3550 3537 3622; x_wconf 81' lang='lat' dir='ltr'><strong>perfungeretur,</strong></span> 
     </span>
    </p>
   </div>
   <div class='ocr_carea' id='block_1_82' title="bbox 1959 3642 3545 3714">
    <p class='ocr_par' dir='ltr' id='par_1_82' title="bbox 1959 3642 3545 3714">
     <span class='ocr_line' id='line_1_82' title="bbox 1959 3642 3545 3714; baseline 0 -14"><span class='ocrx_word' id='word_1_592' title='bbox 1959 3644 2256 3714; x_wconf 85' lang='lat' dir='ltr'><strong>imperator</strong></span> <span class='ocrx_word' id='word_1_593' title='bbox 2312 3646 2429 3701; x_wconf 89' lang='lat' dir='ltr'><strong>suis</strong></span> <span class='ocrx_word' id='word_1_594' title='bbox 2456 3644 2652 3699; x_wconf 91' lang='lat' dir='ltr'><strong>litteris</strong></span> <span class='ocrx_word' id='word_1_595' title='bbox 2698 3651 3049 3713; x_wconf 85' lang='lat' dir='ltr'><strong>praeceperat.</strong></span> <span class='ocrx_word' id='word_1_596' title='bbox 3081 3642 3268 3698; x_wconf 84' lang='lat' dir='ltr'><strong>Primo</strong></span> <span class='ocrx_word' id='word_1_597' title='bbox 3315 3657 3545 3700; x_wconf 87' lang='lat' dir='ltr'><strong>conses-</strong></span> 
     </span>
    </p>
   </div>
   <div class='ocr_carea' id='block_1_83' title="bbox 1961 3733 3544 3806">
    <p class='ocr_par' dir='ltr' id='par_1_83' title="bbox 1961 3733 3544 3806">
     <span class='ocr_line' id='line_1_83' title="bbox 1961 3733 3544 3806; baseline -0.001 -15"><span class='ocrx_word' id='word_1_598' title='bbox 1961 3751 2024 3791; x_wconf 91' lang='lat' dir='ltr'><strong>su</strong></span> <span class='ocrx_word' id='word_1_599' title='bbox 2049 3776 2063 3801; x_wconf 90' lang='lat'><strong>,</strong></span> <span class='ocrx_word' id='word_1_600' title='bbox 2105 3734 2332 3791; x_wconf 89' lang='lat' dir='ltr'><strong>abfuere</strong></span> <span class='ocrx_word' id='word_1_601' title='bbox 2359 3744 2474 3791; x_wconf 92' lang='lat' dir='ltr'><strong>tum</strong></span> <span class='ocrx_word' id='word_1_602' title='bbox 2523 3735 2616 3790; x_wconf 88' lang='lat' dir='ltr'><strong>alii</strong></span> <span class='ocrx_word' id='word_1_603' title='bbox 2646 3735 2870 3806; x_wconf 89' lang='lat' dir='ltr'><strong>quidam</strong></span> <span class='ocrx_word' id='word_1_604' title='bbox 2905 3734 3174 3805; x_wconf 81' lang='lat' dir='ltr'><strong>episcOpi,</strong></span> <span class='ocrx_word' id='word_1_605' title='bbox 3208 3743 3322 3787; x_wconf 93' lang='lat' dir='ltr'><strong>tum</strong></span> <span class='ocrx_word' id='word_1_606' title='bbox 3351 3733 3544 3801; x_wconf 66' lang='lat' dir='ltr'><strong>Patro,-</strong></span> 
     </span>
    </p>
   </div>
   <div class='ocr_carea' id='block_1_84' title="bbox 1960 3824 3543 3899">
    <p class='ocr_par' dir='ltr' id='par_1_84' title="bbox 1960 3824 3543 3899">
     <span class='ocr_line' id='line_1_84' title="bbox 1960 3824 3543 3899; baseline 0.001 -20"><span class='ocrx_word' id='word_1_607' title='bbox 1960 3827 2142 3898; x_wconf 88' lang='lat' dir='ltr'><strong>philus</strong></span> <span class='ocrx_word' id='word_1_608' title='bbox 2208 3824 2604 3899; x_wconf 81' lang='lat' dir='ltr'><strong>Scytltopoleos</strong></span> <span class='ocrx_word' id='word_1_609' title='bbox 2670 3827 2997 3896; x_wconf 88' lang='lat' dir='ltr'><strong>episcopus,</strong></span> <span class='ocrx_word' id='word_1_610' title='bbox 3061 3833 3117 3881; x_wconf 87' lang='lat' dir='ltr'><strong>et</strong></span> <span class='ocrx_word' id='word_1_611' title='bbox 3187 3825 3543 3882; x_wconf 84' lang='lat' dir='ltr'><strong>Macedonius</strong></span> 
     </span>
    </p>
   </div>
   <div class='ocr_carea' id='block_1_85' title="bbox 1961 3916 3539 3990">
    <p class='ocr_par' dir='ltr' id='par_1_85' title="bbox 1961 3916 3539 3990">
     <span class='ocr_line' id='line_1_85' title="bbox 1961 3916 3539 3990; baseline -0.003 -15"><span class='ocrx_word' id='word_1_612' title='bbox 1961 3920 2531 3990; x_wconf 83' lang='lat' dir='ltr'><strong>Constantinopoleos,</strong></span> <span class='ocrx_word' id='word_1_613' title='bbox 2562 3929 2618 3974; x_wconf 93' lang='lat' dir='ltr'><strong>et</strong></span> <span class='ocrx_word' id='word_1_614' title='bbox 2649 3918 2886 3975; x_wconf 88' lang='lat' dir='ltr'><strong>Basilius</strong></span> <span class='ocrx_word' id='word_1_615' title='bbox 2914 3919 3160 3988; x_wconf 71' lang='lat' dir='ltr'><strong>Ancyrae.</strong></span> <span class='ocrx_word' id='word_1_616' title='bbox 3193 3916 3259 3970; x_wconf 85' lang='lat' dir='ltr'><strong>Et</strong></span> <span class='ocrx_word' id='word_1_617' title='bbox 3286 3918 3377 3972; x_wconf 88' lang='lat' dir='ltr'><strong>alii</strong></span> <span class='ocrx_word' id='word_1_618' title='bbox 3408 3919 3539 3987; x_wconf 85' lang='lat' dir='ltr'><strong>qui-</strong></span> 
     </span>
    </p>
   </div>
   <div class='ocr_carea' id='block_1_86' title="bbox 1962 4009 3538 4079">
    <p class='ocr_par' dir='ltr' id='par_1_86' title="bbox 1962 4009 3538 4079">
     <span class='ocr_line' id='line_1_86' title="bbox 1962 4009 3538 4079; baseline -0.003 -13"><span class='ocrx_word' id='word_1_619' title='bbox 1962 4011 2087 4066; x_wconf 90' lang='lat' dir='ltr'><strong>dem</strong></span> <span class='ocrx_word' id='word_1_620' title='bbox 2137 4011 2301 4065; x_wconf 89' lang='lat' dir='ltr'><strong>aliam</strong></span> <span class='ocrx_word' id='word_1_621' title='bbox 2352 4011 2619 4066; x_wconf 54' lang='lat' dir='ltr'><strong>absentia;</strong></span> <span class='ocrx_word' id='word_1_622' title='bbox 2652 4026 2767 4065; x_wconf 67' lang='lat' dir='ltr'><strong>suae</strong></span> <span class='ocrx_word' id='word_1_623' title='bbox 2823 4024 3047 4065; x_wconf 89' lang='lat' dir='ltr'><strong>causam</strong></span> <span class='ocrx_word' id='word_1_624' title='bbox 3102 4009 3538 4079; x_wconf 68' lang='lat' dir='ltr'><strong>praetendebant.</strong></span> 
     </span>
    </p>
   </div>
   <div class='ocr_carea' id='block_1_87' title="bbox 1961 4097 3540 4172">
    <p class='ocr_par' dir='ltr' id='par_1_87' title="bbox 1961 4097 3540 4172">
     <span class='ocr_line' id='line_1_87' title="bbox 1961 4097 3540 4172; baseline -0.003 -17"><span class='ocrx_word' id='word_1_625' title='bbox 1961 4100 2314 4172; x_wconf 90' lang='lat' dir='ltr'><strong>Patrophilus</strong></span> <span class='ocrx_word' id='word_1_626' title='bbox 2351 4114 2482 4155; x_wconf 88' lang='lat' dir='ltr'><strong>vero</strong></span> <span class='ocrx_word' id='word_1_627' title='bbox 2516 4100 2807 4154; x_wconf 90' lang='lat' dir='ltr'><strong>oculorum</strong></span> <span class='ocrx_word' id='word_1_628' title='bbox 2832 4098 3097 4163; x_wconf 87' lang='lat' dir='ltr'><strong>dolorem,</strong></span> <span class='ocrx_word' id='word_1_629' title='bbox 3147 4097 3400 4153; x_wconf 87' lang='lat' dir='ltr'><strong>morbum</strong></span> <span class='ocrx_word' id='word_1_630' title='bbox 3439 4113 3540 4151; x_wconf 88' lang='lat' dir='ltr'><strong>au-</strong></span> 
     </span>
    </p>
   </div>
   <div class='ocr_carea' id='block_1_88' title="bbox 1965 4188 3541 4260">
    <p class='ocr_par' dir='ltr' id='par_1_88' title="bbox 1965 4188 3541 4260">
     <span class='ocr_line' id='line_1_88' title="bbox 1965 4188 3541 4260; baseline -0.002 -14"><span class='ocrx_word' id='word_1_631' title='bbox 1965 4201 2071 4248; x_wconf 88' lang='lat' dir='ltr'><strong>tem</strong></span> <span class='ocrx_word' id='word_1_632' title='bbox 2112 4191 2466 4248; x_wconf 82' lang='lat' dir='ltr'><strong>Macedonius</strong></span> <span class='ocrx_word' id='word_1_633' title='bbox 2521 4189 2914 4246; x_wconf 88' lang='lat' dir='ltr'><strong>causabantur.</strong></span> <span class='ocrx_word' id='word_1_634' title='bbox 2971 4188 3079 4244; x_wconf 88' lang='lat' dir='ltr'><strong>Sed</strong></span> <span class='ocrx_word' id='word_1_635' title='bbox 3132 4190 3377 4260; x_wconf 77' lang='lat' dir='ltr'><strong>suSpicio</strong></span> <span class='ocrx_word' id='word_1_636' title='bbox 3421 4198 3541 4244; x_wconf 87' lang='lat' dir='ltr'><strong>erat</strong></span> 
     </span>
    </p>
   </div>
   <div class='ocr_carea' id='block_1_89' title="bbox 1963 4280 3544 4354">
    <p class='ocr_par' dir='ltr' id='par_1_89' title="bbox 1963 4280 3544 4354">
     <span class='ocr_line' id='line_1_89' title="bbox 1963 4280 3544 4354; baseline -0.004 -13"><span class='ocrx_word' id='word_1_637' title='bbox 1963 4300 2059 4341; x_wconf 85' lang='lat' dir='ltr'><strong>eos</strong></span> <span class='ocrx_word' id='word_1_638' title='bbox 2088 4283 2271 4340; x_wconf 86' lang='lat' dir='ltr'><strong>dedita</strong></span> <span class='ocrx_word' id='word_1_639' title='bbox 2320 4296 2487 4354; x_wconf 90' lang='lat' dir='ltr'><strong>opera</strong></span> <span class='ocrx_word' id='word_1_640' title='bbox 2513 4281 2776 4348; x_wconf 90' lang='lat' dir='ltr'><strong>abfuisse,</strong></span> <span class='ocrx_word' id='word_1_641' title='bbox 2826 4296 2895 4336; x_wconf 91' lang='lat' dir='ltr'><strong>ne</strong></span> <span class='ocrx_word' id='word_1_642' title='bbox 2926 4280 2998 4337; x_wconf 92' lang='lat' dir='ltr'><strong>ob</strong></span> <span class='ocrx_word' id='word_1_643' title='bbox 3034 4280 3266 4336; x_wconf 89' lang='lat' dir='ltr'><strong>crimina</strong></span> <span class='ocrx_word' id='word_1_644' title='bbox 3315 4295 3544 4336; x_wconf 86' lang='lat' dir='ltr'><strong>accusa-</strong></span> 
     </span>
    </p>
   </div>
   <div class='ocr_carea' id='block_1_90' title="bbox 1966 4372 3542 4445">
    <p class='ocr_par' dir='ltr' id='par_1_90' title="bbox 1966 4372 3542 4445">
     <span class='ocr_line' id='line_1_90' title="bbox 1966 4372 3542 4445; baseline -0.003 -14"><span class='ocrx_word' id='word_1_645' title='bbox 1966 4384 2177 4432; x_wconf 87' lang='lat' dir='ltr'><strong>rentnr.</strong></span> <span class='ocrx_word' id='word_1_646' title='bbox 2253 4375 2503 4445; x_wconf 90' lang='lat' dir='ltr'><strong>Cumque</strong></span> <span class='ocrx_word' id='word_1_647' title='bbox 2560 4374 2740 4431; x_wconf 58' lang='lat' dir='ltr'><strong>caeteri</strong></span> <span class='ocrx_word' id='word_1_648' title='bbox 2806 4374 2878 4430; x_wconf 90' lang='lat' dir='ltr'><strong>ob</strong></span> <span class='ocrx_word' id='word_1_649' title='bbox 2931 4373 3161 4429; x_wconf 87' lang='lat' dir='ltr'><strong>istorum</strong></span> <span class='ocrx_word' id='word_1_650' title='bbox 3233 4372 3542 4428; x_wconf 82' lang='lat' dir='ltr'><strong>absentiam</strong></span> 
     </span>
    </p>
   </div>
   <div class='ocr_carea' id='block_1_91' title="bbox 1965 4464 3534 4530">
    <p class='ocr_par' dir='ltr' id='par_1_91' title="bbox 1965 4464 3534 4530">
     <span class='ocr_line' id='line_1_91' title="bbox 1965 4464 3534 4530; baseline -0.004 -7"><span class='ocrx_word' id='word_1_651' title='bbox 1965 4468 2333 4525; x_wconf 85' lang='lat' dir='ltr'><strong>detrectarent</strong></span> <span class='ocrx_word' id='word_1_652' title='bbox 2380 4468 2790 4523; x_wconf 88' lang='lat' dir='ltr'><strong>controversias</strong></span> <span class='ocrx_word' id='word_1_653' title='bbox 2818 4465 2885 4520; x_wconf 90' lang='lat' dir='ltr'><strong>de</strong></span> <span class='ocrx_word' id='word_1_654' title='bbox 2914 4464 3039 4530; x_wconf 35' lang='lat' dir='ltr'><strong>fide.</strong></span> <span class='ocrx_word' id='word_1_655' title='bbox 3065 4464 3411 4526; x_wconf 82' lang='lat' dir='ltr'><strong>examinare,</strong></span> <span class='ocrx_word' id='word_1_656' title='bbox 3443 4464 3534 4517; x_wconf 83' lang='lat' dir='ltr'><strong>ni-</strong></span> 
     </span>
    </p>
   </div>
   <div class='ocr_carea' id='block_1_92' title="bbox 1967 4557 3543 4630">
    <p class='ocr_par' dir='ltr' id='par_1_92' title="bbox 1967 4557 3543 4630">
     <span class='ocr_line' id='line_1_92' title="bbox 1967 4557 3543 4630; baseline 0 -17"><span class='ocrx_word' id='word_1_657' title='bbox 1967 4561 2265 4616; x_wconf 87' lang='lat' dir='ltr'><strong>hilominus</strong></span> <span class='ocrx_word' id='word_1_658' title='bbox 2294 4560 2463 4630; x_wconf 87' lang='lat' dir='ltr'><strong>jussit</strong></span> <span class='ocrx_word' id='word_1_659' title='bbox 2489 4560 2703 4616; x_wconf 92' lang='lat' dir='ltr'><strong>Leonas</strong></span> <span class='ocrx_word' id='word_1_660' title='bbox 2734 4566 2794 4614; x_wconf 91' lang='lat' dir='ltr'><strong>ut</strong></span> <span class='ocrx_word' id='word_1_661' title='bbox 2822 4557 3156 4630; x_wconf 65' lang='lat' dir='ltr'><strong>quaestiones</strong></span> <span class='ocrx_word' id='word_1_662' title='bbox 3182 4557 3543 4627; x_wconf 84' lang='lat' dir='ltr'><strong>agitarentur.</strong></span> 
     </span>
    </p>
   </div>
   <div class='ocr_carea' id='block_1_93' title="bbox 276 4645 1859 4726">
    <p class='ocr_par' dir='ltr' id='par_1_93' title="bbox 276 4645 1859 4726">
     <span class='ocr_line' id='line_1_93' title="bbox 276 4645 1859 4726; baseline 0.001 -23"><span class='ocrx_word' id='word_1_663' title='bbox 276 4651 776 4721; x_wconf 78' lang='grc' dir='ltr'>κατηγορουμένων</span> <span class='ocrx_word' id='word_1_664' title='bbox 798 4651 855 4705; x_wconf 87' lang='grc' dir='ltr'><strong>ἐν</strong></span> <span class='ocrx_word' id='word_1_665' title='bbox 884 4652 1066 4716; x_wconf 83' lang='grc' dir='ltr'>αὐτοῖς</span> <span class='ocrx_word' id='word_1_666' title='bbox 1091 4667 1104 4682; x_wconf 87' lang='grc'><strong>·</strong></span> <span class='ocrx_word' id='word_1_667' title='bbox 1135 4646 1209 4708; x_wconf 84' lang='grc' dir='ltr'>ὧν</span> <span class='ocrx_word' id='word_1_668' title='bbox 1232 4648 1300 4726; x_wconf 77' lang='grc' dir='ltr'>ἦν</span> <span class='ocrx_word' id='word_1_669' title='bbox 1333 4651 1600 4723; x_wconf 85' lang='grc' dir='ltr'>Κύριλλος</span> <span class='ocrx_word' id='word_1_670' title='bbox 1633 4645 1859 4724; x_wconf 80' lang='grc' dir='ltr'>’Ῑεροσο-</span> 
     </span>
    </p>
   </div>
   <div class='ocr_carea' id='block_1_94' title="bbox 1960 4645 3544 4726">
    <p class='ocr_par' dir='ltr' id='par_1_94' title="bbox 1966 4647 3544 4722">
     <span class='ocr_line' id='line_1_94' title="bbox 1966 4647 3544 4722; baseline -0.003 -18"><span class='ocrx_word' id='word_1_671' title='bbox 1966 4649 2104 4705; x_wconf 92' lang='lat' dir='ltr'><strong>Ilinc</strong></span> <span class='ocrx_word' id='word_1_672' title='bbox 2144 4651 2237 4706; x_wconf 91' lang='lat' dir='ltr'><strong>alii</strong></span> <span class='ocrx_word' id='word_1_673' title='bbox 2285 4650 2505 4722; x_wconf 86' lang='lat' dir='ltr'><strong>quidem</strong></span> <span class='ocrx_word' id='word_1_674' title='bbox 2565 4651 2875 4706; x_wconf 89' lang='lat' dir='ltr'><strong>doctrinam</strong></span> <span class='ocrx_word' id='word_1_675' title='bbox 2908 4647 3035 4704; x_wconf 81' lang='lat' dir='ltr'><strong>fidei</strong></span> <span class='ocrx_word' id='word_1_676' title='bbox 3070 4655 3197 4702; x_wconf 87' lang='lat' dir='ltr'><strong>ante</strong></span> <span class='ocrx_word' id='word_1_677' title='bbox 3222 4647 3404 4701; x_wconf 90' lang='lat' dir='ltr'><strong>omnia</strong></span> <span class='ocrx_word' id='word_1_678' title='bbox 3444 4662 3544 4702; x_wconf 80' lang='lat' dir='ltr'><strong>ex-</strong></span> 
     </span>
    </p>
   </div>
   <div class='ocr_carea' id='block_1_95' title="bbox 275 4740 1865 4813">
    <p class='ocr_par' dir='ltr' id='par_1_95' title="bbox 275 4740 1865 4813">
     <span class='ocr_line' id='line_1_95' title="bbox 275 4740 1865 4813; baseline 0.002 -21"><span class='ocrx_word' id='word_1_679' title='bbox 275 4740 473 4811; x_wconf 80' lang='grc' dir='ltr'>λύμων</span> <span class='ocrx_word' id='word_1_680' title='bbox 498 4781 512 4805; x_wconf 88' lang='grc'><strong>,</strong></span> <span class='ocrx_word' id='word_1_681' title='bbox 537 4742 629 4795; x_wconf 81' lang='grc' dir='ltr'><strong>καὶ</strong></span> <span class='ocrx_word' id='word_1_682' title='bbox 658 4742 955 4808; x_wconf 83' lang='grc' dir='ltr'>Εὑστάθιος</span> <span class='ocrx_word' id='word_1_683' title='bbox 984 4747 1011 4798; x_wconf 90' lang='grc' dir='ltr'>ὁ</span> <span class='ocrx_word' id='word_1_684' title='bbox 1040 4744 1389 4809; x_wconf 74' lang='grc' dir='ltr'>Σεϐαστείας,</span> <span class='ocrx_word' id='word_1_685' title='bbox 1421 4745 1716 4813; x_wconf 86' lang='grc' dir='ltr'>ἀναγκαῖον</span> <span class='ocrx_word' id='word_1_686' title='bbox 1750 4742 1865 4796; x_wconf 77' lang='grc' dir='ltr'>ἐλε-</span> 
     </span>
    </p>
   </div>
   <div class='ocr_carea' id='block_1_96' title="bbox 275 4823 1867 4905">
    <p class='ocr_par' dir='ltr' id='par_1_96' title="bbox 275 4823 1867 4905">
     <span class='ocr_line' id='line_1_96' title="bbox 275 4823 1867 4905; baseline 0.002 -20"><span class='ocrx_word' id='word_1_687' title='bbox 275 4849 400 4901; x_wconf 82' lang='grc' dir='ltr'>γον.</span> <span class='ocrx_word' id='word_1_688' title='bbox 443 4833 719 4903; x_wconf 71' lang='grc' dir='ltr'>Πρόφασιν</span> <span class='ocrx_word' id='word_1_689' title='bbox 755 4833 810 4886; x_wconf 83' lang='grc' dir='ltr'><strong>δέ</strong></span> <span class='ocrx_word' id='word_1_690' title='bbox 841 4835 1020 4898; x_wconf 84' lang='grc' dir='ltr'>αὐτοῖς</span> <span class='ocrx_word' id='word_1_691' title='bbox 1054 4837 1146 4888; x_wconf 75' lang='grc' dir='ltr'>καὶ</span> <span class='ocrx_word' id='word_1_692' title='bbox 1175 4823 1450 4905; x_wconf 62' lang='grc' dir='ltr'>βασιλέως</span> <span class='ocrx_word' id='word_1_693' title='bbox 1478 4835 1649 4889; x_wconf 82' lang='grc' dir='ltr'>ἐδίδου</span> <span class='ocrx_word' id='word_1_694' title='bbox 1686 4834 1867 4905; x_wconf 73' lang='grc' dir='ltr'>γράμ‹</span> 
     </span>
    </p>
   </div>
   <div class='ocr_carea' id='block_1_97' title="bbox 279 4924 1861 5001">
    <p class='ocr_par' dir='ltr' id='par_1_97' title="bbox 279 4924 1861 5001">
     <span class='ocr_line' id='line_1_97' title="bbox 279 4924 1861 5001; baseline 0.003 -26"><span class='ocrx_word' id='word_1_695' title='bbox 279 4940 454 4994; x_wconf 83' lang='grc' dir='ltr'>ματα,</span> <span class='ocrx_word' id='word_1_696' title='bbox 482 4924 556 4995; x_wconf 86' lang='grc' dir='ltr'>πῆ</span> <span class='ocrx_word' id='word_1_697' title='bbox 607 4924 704 4995; x_wconf 83' lang='grc' dir='ltr'>μὲν</span> <span class='ocrx_word' id='word_1_698' title='bbox 754 4924 930 4992; x_wconf 76' lang='grc' dir='ltr'>τοῦτο,</span> <span class='ocrx_word' id='word_1_699' title='bbox 965 4928 1039 4997; x_wconf 81' lang='grc' dir='ltr'>πῆ</span> <span class='ocrx_word' id='word_1_700' title='bbox 1083 4927 1138 4980; x_wconf 83' lang='grc' dir='ltr'>δὲ</span> <span class='ocrx_word' id='word_1_701' title='bbox 1194 4929 1370 4982; x_wconf 82' lang='grc' dir='ltr'>ἐκεῖνο</span> <span class='ocrx_word' id='word_1_702' title='bbox 1425 4927 1706 5001; x_wconf 76' lang='grc' dir='ltr'>δηλοῦντα.</span> <span class='ocrx_word' id='word_1_703' title='bbox 1765 4927 1861 4980; x_wconf 85' lang='grc' dir='ltr'>Ἐκ</span> 
     </span>
    </p>
   </div>
   <div class='ocr_carea' id='block_1_98' title="bbox 376 5079 1757 5151">
    <p class='ocr_par' dir='ltr' id='par_1_98' title="bbox 376 5079 1757 5151">
     <span class='ocr_line' id='line_1_98' title="bbox 376 5079 1757 5151; baseline 0.004 -16"><span class='ocrx_word' id='word_1_704' title='bbox 376 5079 703 5147; x_wconf 78' lang='lat' dir='ltr'><strong>&#39;Socr.,lib,</strong></span> <span class='ocrx_word' id='word_1_705' title='bbox 737 5100 798 5148; x_wconf 87' lang='grc' dir='ltr'><strong>ιι,</strong></span> <span class='ocrx_word' id='word_1_706' title='bbox 836 5097 886 5137; x_wconf 93' lang='lat' dir='ltr'><strong>c.</strong></span> <span class='ocrx_word' id='word_1_707' title='bbox 922 5083 1011 5140; x_wconf 72' lang='grc'><strong>54.</strong></span> <span class='ocrx_word' id='word_1_708' title='bbox 1089 5086 1110 5116; x_wconf 80' lang='grc'>⁸</span> <span class='ocrx_word' id='word_1_709' title='bbox 1145 5083 1325 5151; x_wconf 90' lang='lat' dir='ltr'><strong>Socr.,</strong></span> <span class='ocrx_word' id='word_1_710' title='bbox 1355 5085 1449 5141; x_wconf 89' lang='lat' dir='ltr'><strong>lib.</strong></span> <span class='ocrx_word' id='word_1_711' title='bbox 1482 5102 1541 5151; x_wconf 87' lang='grc' dir='ltr'><strong>ιι,</strong></span> <span class='ocrx_word' id='word_1_712' title='bbox 1580 5101 1631 5141; x_wconf 93' lang='lat' dir='ltr'><strong>c.</strong></span> <span class='ocrx_word' id='word_1_713' title='bbox 1667 5087 1757 5142; x_wconf 76' lang='lat'><strong>59.</strong></span> 
     </span>
    </p>
   </div>
   <div class='ocr_carea' id='block_1_99' title="bbox 1969 4738 3544 4808">
    <p class='ocr_par' dir='ltr' id='par_1_99' title="bbox 1969 4738 3544 4808">
     <span class='ocr_line' id='line_1_99' title="bbox 1969 4738 3544 4808; baseline -0.004 -10"><span class='ocrx_word' id='word_1_714' title='bbox 1969 4744 2281 4799; x_wconf 88' lang='lat' dir='ltr'><strong>cutiendam</strong></span> <span class='ocrx_word' id='word_1_715' title='bbox 2320 4759 2443 4800; x_wconf 88' lang='lat' dir='ltr'><strong>esse</strong></span> <span class='ocrx_word' id='word_1_716' title='bbox 2496 4743 2759 4798; x_wconf 79' lang='lat' dir='ltr'><strong>dixerunt</strong></span> <span class='ocrx_word' id='word_1_717' title='bbox 2795 4761 2808 4797; x_wconf 91' lang='lat'><strong>:</strong></span> <span class='ocrx_word' id='word_1_718' title='bbox 2859 4740 2950 4797; x_wconf 90' lang='lat' dir='ltr'><strong>alii</strong></span> <span class='ocrx_word' id='word_1_719' title='bbox 2994 4754 3145 4805; x_wconf 89' lang='lat' dir='ltr'><strong>vero,</strong></span> <span class='ocrx_word' id='word_1_720' title='bbox 3180 4738 3544 4808; x_wconf 66' lang='lat' dir='ltr'><strong>quaestionem</strong></span> 
     </span>
    </p>
   </div>
   <div class='ocr_carea' id='block_1_100' title="bbox 1970 4830 3543 4905">
    <p class='ocr_par' dir='ltr' id='par_1_100' title="bbox 1970 4830 3543 4905">
     <span class='ocr_line' id='line_1_100' title="bbox 1970 4830 3543 4905; baseline -0.005 -15"><span class='ocrx_word' id='word_1_721' title='bbox 1970 4840 2123 4905; x_wconf 85' lang='lat' dir='ltr'><strong>prius</strong></span> <span class='ocrx_word' id='word_1_722' title='bbox 2155 4837 2457 4891; x_wconf 86' lang='lat' dir='ltr'><strong>habendam</strong></span> <span class='ocrx_word' id='word_1_723' title='bbox 2484 4851 2607 4892; x_wconf 90' lang='lat' dir='ltr'><strong>esse</strong></span> <span class='ocrx_word' id='word_1_724' title='bbox 2635 4836 2703 4890; x_wconf 84' lang='lat' dir='ltr'><strong>de</strong></span> <span class='ocrx_word' id='word_1_725' title='bbox 2732 4836 2841 4889; x_wconf 87' lang='lat' dir='ltr'><strong>vita</strong></span> <span class='ocrx_word' id='word_1_726' title='bbox 2870 4848 2935 4889; x_wconf 90' lang='lat' dir='ltr'><strong>ac</strong></span> <span class='ocrx_word' id='word_1_727' title='bbox 2968 4832 3213 4886; x_wconf 87' lang='lat' dir='ltr'><strong>moribus</strong></span> <span class='ocrx_word' id='word_1_728' title='bbox 3236 4844 3424 4885; x_wconf 88' lang='lat' dir='ltr'><strong>eorum</strong></span> <span class='ocrx_word' id='word_1_729' title='bbox 3448 4830 3543 4899; x_wconf 83' lang='lat' dir='ltr'><strong>qui</strong></span> 
     </span>
    </p>
   </div>
   <div class='ocr_carea' id='block_1_101' title="bbox 1967 4928 3546 5021">
    <p class='ocr_par' dir='ltr' id='par_1_101' title="bbox 1967 4928 3546 5021">
     <span class='ocr_line' id='line_1_101' title="bbox 1967 4928 3546 5021; baseline -0.003 -39"><span class='ocrx_word' id='word_1_730' title='bbox 1967 4930 2113 4984; x_wconf 86' lang='lat' dir='ltr'><strong>inter</strong></span> <span class='ocrx_word' id='word_1_731' title='bbox 2156 4928 2306 4999; x_wconf 85' lang='lat' dir='ltr'><strong>ipsos</strong></span> <span class='ocrx_word' id='word_1_732' title='bbox 2353 4928 2761 4984; x_wconf 89' lang='lat' dir='ltr'><strong>accusabantur</strong></span> <span class='ocrx_word' id='word_1_733' title='bbox 2814 4943 2829 4980; x_wconf 83' lang='lat'><strong>:</strong></span> <span class='ocrx_word' id='word_1_734' title='bbox 2889 4940 2957 4981; x_wconf 79' lang='lat' dir='ltr'><strong>ex</strong></span> <span class='ocrx_word' id='word_1_735' title='bbox 3018 4937 3273 5021; x_wconf 57' lang='grc' dir='ltr'><strong>(ιιιοιῚιιιιχ</strong></span> <span class='ocrx_word' id='word_1_736' title='bbox 3313 4935 3546 4977; x_wconf 86' lang='lat' dir='ltr'><strong>numero</strong></span> 
     </span>
    </p>
   </div>
   <div class='ocr_carea' id='block_1_102' title="bbox 1492 5196 2352 5298">
    <p class='ocr_par' dir='ltr' id='par_1_102' title="bbox 1492 5196 2352 5298">
     <span class='ocr_line' id='line_1_102' title="bbox 1492 5196 2352 5298; baseline -0.007 0"><span class='ocrx_word' id='word_1_737' title='bbox 1492 5239 1761 5298; x_wconf 77' lang='lat' dir='ltr'><strong>VALESII</strong></span> <span class='ocrx_word' id='word_1_738' title='bbox 1801 5196 2352 5297; x_wconf 58' lang='lat' dir='ltr'><strong>ANNOTATIONCS.</strong></span> 
     </span>
    </p>
   </div>
   <div class='ocr_carea' id='block_1_103' title="bbox 358 5352 1864 5422">
    <p class='ocr_par' dir='ltr' id='par_1_103' title="bbox 358 5352 1864 5422">
     <span class='ocr_line' id='line_1_103' title="bbox 358 5352 1864 5422; baseline 0.002 -17"><span class='ocrx_word' id='word_1_739' title='bbox 358 5352 474 5422; x_wconf 78' lang='lat' dir='ltr'><strong>(l5)</strong></span> <span class='ocrx_word' id='word_1_740' title='bbox 507 5352 1080 5422; x_wconf 77' lang='grc' dir='ltr'>Μετακαλεσάμενος</span> <span class='ocrx_word' id='word_1_741' title='bbox 1105 5355 1173 5408; x_wconf 78' lang='grc' dir='ltr'>δὲ</span> <span class='ocrx_word' id='word_1_742' title='bbox 1206 5355 1556 5409; x_wconf 76' lang='grc' dir='ltr'>Ἰουλιανόν.</span> <span class='ocrx_word' id='word_1_743' title='bbox 1588 5354 1725 5410; x_wconf 82' lang='lat' dir='ltr'><strong>Male</strong></span> <span class='ocrx_word' id='word_1_744' title='bbox 1759 5355 1864 5409; x_wconf 90' lang='lat' dir='ltr'><strong>So-</strong></span> 
     </span>
    </p>
   </div>
   <div class='ocr_carea' id='block_1_104' title="bbox 287 5423 1861 5493">
    <p class='ocr_par' dir='ltr' id='par_1_104' title="bbox 287 5423 1861 5493">
     <span class='ocr_line' id='line_1_104' title="bbox 287 5423 1861 5493; baseline -0.001 -13"><span class='ocrx_word' id='word_1_745' title='bbox 287 5437 563 5480; x_wconf 84' lang='lat' dir='ltr'><strong>zomenus</strong></span> <span class='ocrx_word' id='word_1_746' title='bbox 616 5423 732 5478; x_wconf 82' lang='lat' dir='ltr'><strong>haec</strong></span> <span class='ocrx_word' id='word_1_747' title='bbox 778 5425 963 5478; x_wconf 87' lang='lat' dir='ltr'><strong>retulit</strong></span> <span class='ocrx_word' id='word_1_748' title='bbox 1015 5434 1138 5493; x_wconf 87' lang='lat' dir='ltr'><strong>post</strong></span> <span class='ocrx_word' id='word_1_749' title='bbox 1166 5427 1509 5479; x_wconf 77' lang='lat' dir='ltr'><strong>Ariminense</strong></span> <span class='ocrx_word' id='word_1_750' title='bbox 1540 5425 1861 5487; x_wconf 85' lang='lat' dir='ltr'><strong>concilium,</strong></span> 
     </span>
    </p>
   </div>
   <div class='ocr_carea' id='block_1_105' title="bbox 289 5493 1866 5565">
    <p class='ocr_par' dir='ltr' id='par_1_105' title="bbox 289 5493 1866 5565">
     <span class='ocr_line' id='line_1_105' title="bbox 289 5493 1866 5565; baseline -0.001 -17"><span class='ocrx_word' id='word_1_751' title='bbox 289 5494 440 5565; x_wconf 85' lang='lat' dir='ltr'><strong>quod</strong></span> <span class='ocrx_word' id='word_1_752' title='bbox 470 5493 805 5550; x_wconf 88' lang='lat' dir='ltr'><strong>celebratum</strong></span> <span class='ocrx_word' id='word_1_753' title='bbox 836 5502 919 5549; x_wconf 88' lang='lat' dir='ltr'><strong>est</strong></span> <span class='ocrx_word' id='word_1_754' title='bbox 952 5509 1096 5550; x_wconf 90' lang='lat' dir='ltr'><strong>anno</strong></span> <span class='ocrx_word' id='word_1_755' title='bbox 1125 5497 1329 5551; x_wconf 88' lang='lat' dir='ltr'><strong>Christi</strong></span> <span class='ocrx_word' id='word_1_756' title='bbox 1369 5496 1473 5553; x_wconf 76' lang='grc'><strong>559</strong></span> <span class='ocrx_word' id='word_1_757' title='bbox 1493 5537 1506 5559; x_wconf 89' lang='grc'><strong>,</strong></span> <span class='ocrx_word' id='word_1_758' title='bbox 1544 5494 1780 5550; x_wconf 88' lang='lat' dir='ltr'><strong>Eusebio</strong></span> <span class='ocrx_word' id='word_1_759' title='bbox 1813 5502 1866 5548; x_wconf 90' lang='lat' dir='ltr'><strong>et</strong></span> 
     </span>
    </p>
   </div>
   <div class='ocr_carea' id='block_1_106' title="bbox 1973 5342 3546 5425">
    <p class='ocr_par' dir='ltr' id='par_1_106' title="bbox 1973 5342 3546 5425">
     <span class='ocr_line' id='line_1_106' title="bbox 1973 5342 3546 5425; baseline -0.007 -18"><span class='ocrx_word' id='word_1_760' title='bbox 1973 5353 2207 5423; x_wconf 80' lang='lat' dir='ltr'><strong>Hypatio</strong></span> <span class='ocrx_word' id='word_1_761' title='bbox 2257 5348 2889 5425; x_wconf 33' lang='lat' dir='ltr'><strong>consulibnsintlulianus</strong></span> <span class='ocrx_word' id='word_1_762' title='bbox 2943 5353 3142 5425; x_wconf 83' lang='lat' dir='ltr'><strong>_aulem_</strong></span> <span class='ocrx_word' id='word_1_763' title='bbox 3158 5343 3341 5425; x_wconf 77' lang='lat' dir='ltr'><strong>Caesar</strong></span> <span class='ocrx_word' id='word_1_764' title='bbox 3368 5342 3546 5425; x_wconf 68' lang='lat' dir='ltr'><strong>factus</strong></span> 
     </span>
    </p>
   </div>
   <div class='ocr_carea' id='block_1_107' title="bbox 1971 5417 3549 5485">
    <p class='ocr_par' dir='ltr' id='par_1_107' title="bbox 1971 5417 3549 5485">
     <span class='ocr_line' id='line_1_107' title="bbox 1971 5417 3549 5485; baseline -0.006 -10"><span class='ocrx_word' id='word_1_765' title='bbox 1971 5417 2075 5479; x_wconf 61' lang='lat' dir='ltr'><strong>est</strong></span> <span class='ocrx_word' id='word_1_766' title='bbox 2117 5437 2262 5477; x_wconf 85' lang='lat' dir='ltr'><strong>anno</strong></span> <span class='ocrx_word' id='word_1_767' title='bbox 2311 5421 2519 5477; x_wconf 87' lang='lat' dir='ltr'><strong>Christi</strong></span> <span class='ocrx_word' id='word_1_768' title='bbox 2571 5419 2705 5485; x_wconf 74' lang='grc'><strong>555,</strong></span> <span class='ocrx_word' id='word_1_769' title='bbox 2762 5418 3055 5472; x_wconf 85' lang='lat' dir='ltr'><strong>consulatu</strong></span> <span class='ocrx_word' id='word_1_770' title='bbox 3116 5417 3427 5473; x_wconf 88' lang='lat' dir='ltr'><strong>Arbetionis</strong></span> <span class='ocrx_word' id='word_1_771' title='bbox 3490 5421 3549 5467; x_wconf 87' lang='lat' dir='ltr'><strong>et</strong></span> 
     </span>
    </p>
   </div>
   <div class='ocr_carea' id='block_1_108' title="bbox 1973 5493 2228 5549">
    <p class='ocr_par' dir='ltr' id='par_1_108' title="bbox 1973 5493 2228 5549">
     <span class='ocr_line' id='line_1_108' title="bbox 1973 5493 2228 5549; baseline 0.004 -2"><span class='ocrx_word' id='word_1_772' title='bbox 1973 5493 2228 5549; x_wconf 86' lang='lat' dir='ltr'><strong>Lolliani.</strong></span> 
     </span>
    </p>
   </div>
   <div class='ocr_carea' id='block_1_109' title="bbox 1708 5647 2098 5704">
    <p class='ocr_par' dir='ltr' id='par_1_109' title="bbox 1708 5647 2098 5704">
     <span class='ocr_line' id='line_1_109' title="bbox 1708 5647 2098 5704; baseline -0.013 0"><span class='ocrx_word' id='word_1_773' title='bbox 1708 5647 2098 5704; x_wconf 54' lang='lat' dir='ltr'><strong>VklllOleM.</strong></span> 
     </span>
    </p>
   </div>
   <div class='ocr_carea' id='block_1_110' title="bbox 372 5755 1859 5837">
    <p class='ocr_par' dir='ltr' id='par_1_110' title="bbox 372 5760 1859 5837">
     <span class='ocr_line' id='line_1_110' title="bbox 372 5760 1859 5837; baseline -0.001 -16"><span class='ocrx_word' id='word_1_774' title='bbox 372 5773 415 5804; x_wconf 78' lang='lat'>&quot;&#39;</span> <span class='ocrx_word' id='word_1_775' title='bbox 446 5767 620 5834; x_wconf 79' lang='grc' dir='ltr'>Ἔτος</span> <span class='ocrx_word' id='word_1_776' title='bbox 651 5767 715 5821; x_wconf 77' lang='grc' dir='ltr'>δὲ</span> <span class='ocrx_word' id='word_1_777' title='bbox 754 5762 826 5837; x_wconf 70' lang='grc' dir='ltr'>ἦν</span> <span class='ocrx_word' id='word_1_778' title='bbox 853 5767 918 5819; x_wconf 69' lang='grc' dir='ltr'><strong>ἐν</strong></span> <span class='ocrx_word' id='word_1_779' title='bbox 944 5760 989 5833; x_wconf 77' lang='grc' dir='ltr'>ᾧ</span> <span class='ocrx_word' id='word_1_780' title='bbox 1018 5765 1310 5822; x_wconf 60' lang='grc' dir='ltr'>ίπάτεινν</span> <span class='ocrx_word' id='word_1_781' title='bbox 1349 5769 1637 5832; x_wconf 66' lang='grc' dir='ltr'>Εὺσέἴιός</span> <span class='ocrx_word' id='word_1_782' title='bbox 1679 5783 1740 5820; x_wconf 82' lang='grc' dir='ltr'><strong>τε</strong></span> <span class='ocrx_word' id='word_1_783' title='bbox 1771 5766 1859 5820; x_wconf 70' lang='grc' dir='ltr'>καὶ</span> 
     </span>
    </p>
   </div>
   <div class='ocr_carea' id='block_1_111' title="bbox 1960 5755 3053 5837">
    <p class='ocr_par' dir='ltr' id='par_1_111' title="bbox 1960 5755 3053 5829">
     <span class='ocr_line' id='line_1_111' title="bbox 1960 5755 3053 5829; baseline -0.008 -12"><span class='ocrx_word' id='word_1_784' title='bbox 1960 5766 2199 5829; x_wconf 74' lang='grc' dir='ltr'>“π‹ἰτιος.</span> <span class='ocrx_word' id='word_1_785' title='bbox 2244 5760 2291 5818; x_wconf 92' lang='lat' dir='ltr'><strong>ls</strong></span> <span class='ocrx_word' id='word_1_786' title='bbox 2319 5766 2438 5817; x_wconf 86' lang='lat' dir='ltr'><strong>erat</strong></span> <span class='ocrx_word' id='word_1_787' title='bbox 2465 5773 2644 5816; x_wconf 87' lang='lat' dir='ltr'><strong>annus</strong></span> <span class='ocrx_word' id='word_1_788' title='bbox 2673 5757 2888 5814; x_wconf 86' lang='lat' dir='ltr'><strong>Domini</strong></span> <span class='ocrx_word' id='word_1_789' title='bbox 2928 5755 3053 5812; x_wconf 76' lang='lat'><strong>359.</strong></span> 
     </span>
    </p>
   </div>
  </div>
