4056 6326
576 325 713 382 H79

2037 320 2377 381 SOZOMENI

3664 319 3783 376 llSO

569 454 686 498 erat
713 441 951 514 Cyrillus
987 440 1484 511 Hierosolymorum
1513 439 1825 510 episcopus,
1861 449 1914 494 et
1942 439 2136 494 Eusta-

2245 439 2437 508 ταύτης
2463 437 2520 490 δὲ
2555 436 2650 505 τῆς
2697 435 2869 506 ἔριδος
2906 434 3236 506 ἀρξάμενοι,
3265 433 3444 488 οὐκέτι
3472 434 3634 503 ὑγιῶς
3669 442 3785 510 πρὶς

571 535 720 588 thius
743 531 1019 586 Sebastize.
1043 529 1419 585 Contentionis
1442 540 1621 584 autem
1649 544 1869 585 causam
1895 531 1974 586 eis
2001 544 2135 599 prae-

572 625 771 679 bebant
821 624 948 692 ipsa:
998 637 1216 692 quoque
1274 621 1616 690 imperatoris
1666 621 1877 686 littera),
1937 621 2135 690 quibus

570 731 717 770 nunc
759 714 886 780 hoc,
927 729 1072 768 nunc
1119 714 1250 768 illud
1283 713 1663 768 mandabatur.
1694 713 1774 767 Ab
1819 713 2136 783 hujusmodi

570 806 923 860 contentione
964 805 1134 860 semel
1185 805 1392 865 exorsi,
1435 819 1546 858 non
1583 804 1817 875 amplius
1859 812 2043 859 mutua
2078 820 2137 860 se

571 892 944 948 benevolentia
973 894 1497 963 complectebautur,
1559 893 1653 948 sed
1705 895 1758 948 in
1789 894 1926 950 duas
1952 904 2136 964 partes

568 985 894 1041 discessere.
944 985 1235 1040 Praevaluit
1273 992 1454 1040 tamen
1497 994 1554 1039 ut
1585 985 1736 1054 prius
1777 985 1846 1040 de
1884 986 2134 1040 doctrina

569 1078 691 1132 fidei
719 1077 1110 1146 disputaretur.
1147 1077 1247 1132 Ubi
1294 1093 1421 1132 vero
1455 1077 1519 1131 ad
1555 1077 1868 1147 bLjusmodi
1914 1085 2134 1133 ventum

567 1176 652 1222 est
681 1169 1105 1235 disputationes,
1159 1171 1282 1226 aliis
1313 1170 1532 1240 quidem
1565 1170 1812 1240 placebat
1845 1179 1904 1224 ut
1936 1185 2135 1224 nomen

568 1259 890 1313 substantiae
927 1274 1152 1329 prorsus
1179 1275 1210 1316 e
1235 1260 1412 1315 medio
1470 1261 1750 1314 tolleretur
1785 1276 1802 1314 :
1839 1261 2138 1328 praetende-

570 1351 809 1421 bantque
861 1350 1151 1405 formulam
1209 1350 1331 1406 fidei
1374 1366 1538 1420 quam
1581 1352 1740 1420 paulo
1767 1358 1892 1406 ante
1920 1351 2135 1407 Marcus

572 1440 761 1493 Sirmii
795 1448 1202 1510 composuerat,
1235 1448 1289 1495 et
1318 1455 1479 1510 quam
1512 1451 1624 1494 tum
1656 1441 1748 1495 alii
1783 1449 2136 1511 susceperant

569 1531 812 1602 episcopi
853 1532 944 1601 qui
982 1540 1094 1585 tum
1121 1542 1278 1586 erant
1322 1533 1379 1586 in
1412 1533 1696 1596 COKIIilalu,
1736 1542 1849 1585 tum
1899 1531 2136 1588 Basilius

568 1623 862 1692 episcopus
905 1622 1152 1694 Ancyrae.
1206 1621 1399 1678 Plures
1440 1637 1570 1677 vero
1600 1638 1718 1677 eam
1769 1624 2136 1692 prmierebant

569 1714 752 1781 fidem,
783 1729 904 1784 qua:
953 1714 1006 1768 in
1047 1714 1390 1770 dedicatione
1436 1715 1829 1771 Antiochensis
1888 1716 2134 1770 ecclesiae

572 1804 749 1859 fuerat
772 1804 1130 1872 promulgata.
1153 1803 1328 1859 Priori
1349 1807 1632 1860 sententiae
1651 1807 2138 1875 patrocinabantur

571 1894 840 1964 imprimis
872 1893 1174 1961 Eudoxius,
1207 1895 1438 1951 Aeacius
1476 1903 1532 1950 et
1561 1895 1934 1967 Patrophilus,
1966 1897 2138 1953 Geor-

573 1987 694 2055 gius
725 1986 854 2040 item
883 1986 1306 2051 Alexandrinus,
1332 1996 1387 2042 et
1409 1986 1648 2044 Uranius
1669 1989 1962 2058 episcopus
1986 1988 2138 2061 Tyri,

572 2077 775 2146 aliique
805 2078 1026 2148 triginta
1060 2078 1192 2133 duo.
1218 2078 1512 2134 Posteriori
1545 2094 1673 2134 vero
1705 2080 1973 2150 Georgius
1999 2080 2140 2136 Lao-

571 2170 798 2224 dicenus
856 2168 1044 2238 Syria,
1105 2169 1360 2225 Eleusius
1412 2170 1621 2240 Cyzici,
1676 2179 1731 2226 et
1794 2171 2140 2244 Sophronius

575 2262 974 2331 Pompeiopolis
1026 2261 1432 2332 Paphlagoniae,
1475 2281 1615 2334 quos
1665 2265 1844 2332 major
1881 2281 2010 2336 pars
2044 2281 2143 2321 an-

571 2354 806 2407 tistitum
834 2353 1183 2423 sequebatur.
1209 2355 1378 2410 Porro
1409 2371 1516 2410 non
1547 2357 1680 2412 levis
1712 2357 1957 2427 suspicio
1985 2366 2140 2424 erat,

571 2447 875 2500 Acaciauos
928 2446 996 2500 de
1056 2445 1323 2502 industria
1370 2448 1425 2502 in
1456 2449 1706 2504 doctrina
1766 2450 1890 2505 lidci
1922 2452 1990 2508 ab
2019 2451 2142 2507 aliis

573 2536 860 2600 dissidere,
893 2553 1067 2608 eoque
1103 2546 1369 2608 praetextu
1397 2541 1758 2609 quaestionem
1788 2555 1908 2610 qua:
1945 2541 2011 2596 de
2034 2543 2144 2598 cri-

575 2628 817 2684 minibus
849 2628 1094 2700 ipsorum
1133 2630 1379 2686 habenda
1411 2641 1550 2696 erat,
1575 2632 1812 2687 eludere.
1850 2631 1985 2688 Nam
2015 2648 2142 2688 cum

573 2728 735 2776 antea
781 2721 1005 2790 scriptis
1053 2721 1257 2777 litteris
1297 2723 1362 2776 ad
1397 2722 1777 2777 Macedonium
1812 2723 2137 2780 Constanti-

574 2811 954 2881 nopolitanum
993 2813 1356 2884 episcopum,
1394 2812 1593 2868 Filium
1631 2813 1781 2869 Patri
1821 2831 1916 2884 per
1955 2815 2142 2870 omnia

573 2903 846 2974 similem,
908 2907 1278 2978 ejusdemque
1329 2923 1455 2964 esse
1511 2909 1840 2964 substantiae
1894 2908 2145 2964 confessi

575 2994 840 3065 fuissent,
874 3005 1008 3054 tunc
1045 2999 1309 3069 perfricta
1344 2999 1527 3055 fronte
1559 3001 1798 3070 priorem
1831 2999 2142 3055 confessio-

2237 529 2498 598 ἀλλήλους
2548 523 2716 597 εἶχον,
2748 525 2860 580 ἀλλ’
2899 527 2978 589 είς
3023 525 3116 578 δύο
3168 525 3516 596 διῃρέθησαν.
3566 528 3784 600 Ἑκράτει

2235 620 2290 673 δὲ
2344 621 2512 689 ὅμως,
2543 619 2805 689 πρότερον
2848 619 2976 688 περὶ
3016 617 3111 670 τοῦ
3143 617 3415 686 δόγματος
3460 618 3556 688 τὴν
3583 619 3787 685 διάλεξιν

2237 707 2524 762 ποιεῖσθαι.
2573 707 2725 760 Ἐπεὶ
2766 707 2820 759 δὲ
2873 708 2956 770 εἰς
3006 707 3132 769 τοὺς
3186 706 3460 770 τοιούτους
3493 709 3790 767 καθίσταντο

2235 799 2444 867 λόγους,
2481 800 2594 861 τοῖς
2626 797 2724 868 μὲν
2771 798 2942 852 έδόκει
2976 797 3250 861 παντελῶς
3281 799 3341 850 τὸ
3367 800 3465 870 τῆς
3500 801 3677 865 οὐσίας
3709 804 3790 856 άν-

2237 891 2378 943 ελεῖν
2403 889 2592 960 ὄνομα,
2609 889 3025 960 προῖσχομένοις
3057 889 3168 959 (16)
3193 889 3295 959 τὴν
3327 889 3510 942 πίστιν
3531 890 3594 960 ἣν
3618 891 3673 943 ού
3703 892 3790 962 πρὸ

2237 980 2430 1034 πολλοῦ
2461 980 2600 1034 κατά
2630 980 2691 1034 τὸ
2719 981 2940 1051 Σίρμιον
2971 983 3000 1034 ὁ
3027 981 3253 1052 Μάρκος
3285 979 3567 1050 συνέθηκε,
3602 983 3796 1034 κατεδέο

2238 1071 2394 1138 ξαντο
2415 1071 2469 1124 δὲ
2499 1074 2546 1124 οί
2576 1071 2982 1142 παρατυχόντες
3006 1072 3062 1123 ὲν
3082 1070 3160 1141 τῷ
3192 1072 3563 1141 στρατοπέδῳ,
3605 1071 3710 1143 μεθ’
3729 1065 3791 1125 ὧν

2234 1157 2302 1232 ἦν
2344 1161 2440 1216 καὶ
2481 1160 2760 1222 Βασίλειος
2803 1160 2912 1230 (Π)
2953 1162 2982 1213 ό
3040 1161 3142 1231 τῆς
3175 1161 3452 1232 Ἀγκύρας
3495 1164 3788 1225 ἐπίσκοπος.

2235 1255 2362 1316 Τοῖς
2397 1252 2454 1305 δὲ
2492 1252 2730 1305 πλείοσιν
2751 1251 3168 1324 ὲσπουδάζετοή
3203 1253 3488 1307 ὲκτεθεῖσα
3525 1255 3695 1317 πίστις
3716 1257 3793 1308 ὲτὴ

2234 1347 2300 1413 τῇ
2316 1343 2554 1396 τελεσιου
2564 1341 2690 1413 ργίᾳ
2709 1343 2808 1411 τῆς
2827 1343 3146 1412 Ἀντιοχέων
3161 1342 3506 1413 Ἐκκλησίας.
3528 1327 3796 1414 Προἲσταν-

2235 1448 2297 1484 το
2328 1431 2383 1483 δὲ
2417 1429 2650 1500 μάλιστα
2686 1430 2788 1498 τῆς
2843 1429 3116 1502 προτέρας
3162 1431 3388 1502 γνώμης
3432 1433 3690 1498 Εύδόξιος,
3716 1436 3793 1488 καὶ

2249 1520 2517 1585 Ἀκάκιος,
2555 1521 2650 1573 καὶ
2685 1519 3039 1590 Πατρόφιλος,
3075 1521 3168 1573 καὶ
3193 1521 3466 1590 Γεώργιος
3506 1523 3534 1574 ὁ
3579 1523 3795 1588 Ἀλεξαν-

2234 1611 2436 1684 δρείας,
2465 1612 2558 1666 καὶ
2591 1612 2850 1683 Ούράνιος
2887 1613 2916 1665 ό
2942 1612 3141 1684 Τύρου,
3180 1614 3274 1666 καὶ
3305 1613 3483 1684 ἕτεροι
3532 1615 3796 1686 τριάκοντα

2236 1704 2350 1758 δύο.
2381 1704 2493 1775 Τῆς
2515 1706 2570 1758 δὲ
2593 1705 2868 1775 δευτέρας,
2903 1704 3174 1775 Γεὼργιος
3201 1706 3228 1757 ό
3253 1705 3572 1768 Λαοδικείας
3595 1707 3686 1776 τῆς
3711 1708 3796 1759 Συ-

2245 1801 2404 1872 ρίας,
2448 1801 2542 1853 καὶ
2588 1800 2860 1863 Ἐλεύσιος
2897 1801 2925 1852 ό
2972 1798 3213 1863 Κυζίκου
3241 1839 3254 1862 ,
3287 1799 3386 1852 καὶ
3446 1800 3736 1869 Σωφρόνιος
3774 1801 3798 1851 ὁ

2242 1891 2526 1960 Πομπηΐου
2571 1890 2778 1953 πόλεως
2823 1890 2920 1960 τῆς
2976 1889 3346 1958 Παφλαγόνος,
3378 1885 3461 1952 οἷς
3514 1890 3563 1942 οἱ
3607 1889 3798 1951 πλείους

2242 1980 2478 2032 εἵποντο.
2518 1976 2869 2031 Ὑπενοοῦντο
2910 1977 2967 2031 δὲ
3011 1979 3060 2030 οἱ
3109 1978 3251 2047 ἀμφὶ
3284 1977 3539 2031 Ἀκάκιον
3575 1977 3798 2047 ἐπίτηδες

2242 2071 2377 2143 πρὸς
2410 2071 2537 2134 τοὺς
2572 2070 2764 2133 ἄλλους
2817 2068 2947 2140 περὶ
2991 2069 3051 2122 τὸ
3101 2069 3276 2139 δόγμα
3320 2068 3690 2139 διαφέρεσθαι,
3717 2069 3797 2120 καὶ

2241 2164 2510 2235 προφάσει
2556 2161 2729 2234 ταύτῃ
2768 2161 2866 2224 τὰς
2899 2161 3022 2213 κατ’
3052 2161 3232 2214 αὐτῶν
3269 2161 3504 2223 εὐθύνας
3533 2163 3758 2231 ἀναιρεῖν
3781 2177 3794 2189 δ

2242 2255 2432 2310 καθότι
2461 2254 2589 2325 πρὶν
2616 2253 2681 2306 δι’
2705 2246 2780 2308 ὧν
2804 2251 3049 2323 ἔγραψαν
3072 2252 3388 2323 Μακεδονίῳ
3425 2253 3501 2321 τῷ
3531 2255 3794 2306 Κωνσταν-

2241 2345 2597 2408 τινουπόλεως
2637 2344 2938 2414 ὲπισκόπῳ,
2959 2343 3489 2414 συνομολογήσαντες
3521 2343 3657 2396 κατά
3683 2344 3795 2396 πάν-

2241 2453 2308 2488 τα
2343 2437 2525 2500 ὅμοιον
2575 2430 2714 2488 εἶναι
2747 2434 2823 2504 τῷ
2857 2436 3032 2504 Πατρὶ
3073 2434 3166 2486 τὸν
3207 2435 3352 2498 Υίὸν,
3394 2434 3493 2487 καὶ
3515 2434 3612 2503 τῆς
3648 2434 3798 2504 αὐτῆς

2241 2527 2398 2580 οὐσία
2435 2567 2451 2591 ,
2493 2527 2685 2598 ἀνέδην
2713 2527 2807 2580 νῦν
2833 2527 3179 2596 ἀπεμάχοντο
3213 2529 3332 2590 ταῖς
3371 2526 3659 2597 προτέραις
3683 2527 3798 2595 ὁμο-

2241 2619 2469 2686 λογίαις.
2538 2617 2860 2688 Ἐριστικῶς
2917 2619 2974 2670 δὲ
3035 2617 3244 2670 πολλῶν
3311 2617 3668 2686 κινηθέντων,
3714 2615 3802 2668 οὐκ

2242 2711 2470 2766 ἀνεκτὸν
2487 2704 2626 2763 εἶναι
2657 2709 2920 2780 ἀνεϐόησε
2947 2708 3204 2773 Σιλϐανὸς
3224 2711 3251 2760 ό
3272 2709 3492 2780 Ταρσοῦ
3515 2708 3800 2769 ἐπίσκοπος,

2243 2801 2436 2871 καινὴν
2473 2801 2665 2872 ἐτέρας
2695 2801 2930 2864 πίστεως
2963 2803 3278 2872 ἐπεισάγειν
3311 2804 3534 2874 γραφὴν
3563 2801 3700 2872 παρά
3714 2799 3798 2870 τὴν

2242 2895 2299 2947 ὲν
2328 2894 2624 2965 Ἀντιοχείᾳ
2660 2894 3084 2965 δοκιμασθεῖσαν
3119 2911 3132 2924 ·
3166 2895 3373 2966 ταύτην,
3412 2896 3468 2949 δὲ
3503 2895 3660 2966 μόνην
3683 2892 3795 2963 χρῆ-

2242 3004 2329 3040 ναι
2377 2989 2617 3057 κρατεῖν.
2662 2987 2783 3040 Ἐπλ⁸
2811 2986 2983 3057 τούτῳ
3029 2987 3086 3040 δὲ
3137 2987 3395 3058 χαλεπῶς
3441 2986 3733 3055 ἐνεγκόντες
3753 2983 3795 3034 οί

573 3101 698 3140 nem
740 3103 899 3142 suam
938 3089 1358 3160 impugnabant.
1398 3091 1531 3147 Post
1563 3092 1733 3146 multa
1769 3093 1981 3161 ingenti
2012 3105 2144 3146 con-

2245 3079 2388 3150 ἀμφὶ
2432 3079 2703 3144 Ἀκάκιονν
2735 3078 3104 3152 ἐξανέστησαν
3125 3098 3139 3113 ο
3175 3082 3224 3134 οἱ
3258 3081 3314 3134 δὲ
3347 3080 3544 3152 ἕτεροι,
3577 3081 3686 3132 τότε
3715 3077 3796 3146 μὲν

574 3179 824 3236 tentione
896 3182 1163 3252 utrinque
1222 3183 1464 3254 agitata,
1532 3183 1790 3237 Silvanus
1850 3183 2145 3254 episcopus

574 3267 734 3326 Tarsi
765 3273 1146 3342 proclamavit,
1176 3274 1466 3330 ferendum
1495 3291 1605 3330 non
1632 3291 1756 3331 esse
1778 3285 1837 3330 ut
1866 3276 2024 3348 164
2053 3292 2148 3331 no-

574 3377 643 3414 va
689 3362 812 3418 tldei
865 3363 1107 3419 formula
1145 3365 1526 3430 induceretur,
1567 3378 1762 3435 praeter
1817 3368 1967 3421 illam
2024 3383 2148 3437 quae

574 3453 885 3509 Antiochiae
933 3456 1161 3525 probata
1207 3463 1400 3511 esset:
1453 3472 1688 3527 eamque
1739 3459 1912 3512 solam
1969 3466 2146 3512 ratam

577 3559 702 3599 esse
740 3554 1016 3614 oportere.
1065 3547 1324 3601 Acaciani
1360 3563 1491 3602 vero
1523 3549 1577 3602 id
1609 3549 1837 3604 moleste
1867 3548 2108 3604 ferentes
2130 3590 2146 3613 ,

578 3648 610 3687 e
648 3637 888 3691 concilio
927 3637 1328 3693 discesserunt.
1377 3622 1604 3696 Residui
1648 3647 1765 3695 tum
1812 3642 2033 3711 quidem
2084 3656 2149 3696 ea

579 3741 705 3794 qua:
730 3729 1033 3784 Antiochiae
1084 3729 1304 3785 decreta
1353 3730 1610 3798 fuerant,
1663 3732 1984 3788 recitarunt.
2039 3734 2150 3789 Po-

578 3823 730 3871 stera
759 3817 847 3873 die
883 3819 940 3874 in
976 3820 1269 3876 ecclesiam
1304 3822 1697 3878 convenientes
1719 3860 1736 3884 .
1777 3822 1924 3880 fores
1959 3825 2150 3878 occlu-

579 3917 793 3965 serunt.
828 3910 1190 3983 Remotisque
1216 3913 1473 3979 arbitris,
1504 3914 1722 3970 decreta
1753 3915 1846 3969 illa
1875 3915 2158 3988 suffragiis

577 3997 700 4056 suis
736 4001 1153 4058 conﬁrmarunt.
1202 4004 1275 4058 At
1315 4018 1446 4059 vero
1486 4004 1766 4068 Aeacius,
1814 4019 1880 4059 ea
1931 4005 2152 4075 quidem

579 4109 702 4162 quae
738 4097 819 4150 sic
849 4103 1004 4164 gesta
1035 4103 1226 4160 erant,
1273 4097 1654 4168 reprehendit.
1706 4097 1972 4153 Privatim
2020 4111 2152 4153 vero

578 4182 777 4238 Leonae
805 4169 868 4240 ac
903 4185 1162 4241 Lauricio
1209 4186 1504 4242 formulam
1552 4188 1699 4251 ﬁdei,
1732 4203 1832 4259 pro
1881 4203 1989 4259 qua
2033 4188 2152 4258 ipse

581 4279 1000 4347 propugnabat,
1049 4281 1313 4336 ostendit.
1366 4281 1553 4336 Tertio
1601 4282 1691 4337 die
1740 4282 1902 4336 iidem
1949 4294 2146 4334 rursus

2249 3170 2644 3237 ἀνέγνωσαντά
2671 3172 2730 3225 ὲν
2769 3171 3068 3244 Ἀντιοχείᾳ
3097 3173 3345 3239 δόξαντα.
3378 3173 3459 3244 Τῇ
3485 3172 3541 3224 δὲ
3567 3167 3795 3240 ὑστεραίᾳ

2251 3263 2590 3326 συνελθόντες
2618 3263 2675 3316 ὲν
2710 3264 2776 3333 τῇ
2821 3263 3107 3334 ἐκκλησίᾳ,
3139 3265 3238 3326 τὰς
3267 3262 3440 3332 θύρας
3473 3261 3789 3316 ἀπέκλεισαν·

2253 3357 2348 3411 καὶ
2403 3355 2526 3410 καθ’
2584 3357 2810 3418 ἑαυτοὺς
2866 3354 3196 3425 γενόμενοι,
3243 3353 3645 3424 ἐπεψηφίσαντο
3694 3347 3796 3401 τούο

2249 3465 2372 3510 τους
2397 3446 2529 3517 (18).
2560 3446 2814 3510 Ἀκάκιος
2845 3446 2903 3499 δὲ
2924 3443 2992 3499 τὰ
3019 3445 3116 3516 μὲν
3148 3444 3291 3498 οὕτω
3317 3445 3587 3515 γενόμενα
3615 3439 3795 3495 διέϐαλ-

2249 3541 2342 3594 λεν
2368 3557 2381 3572 ’
2405 3539 2510 3610 ἰδίᾳ
2539 3539 2592 3593 δὲ
2618 3539 2806 3607 Λεωνᾷ
2838 3537 2930 3590 καὶ
2962 3536 3242 3608 Λαυρικίῳ
3263 3536 3363 3605 τὴν
3392 3529 3794 3602 σπουδαζομένην

2251 3631 2399 3702 αὐτῷ
2430 3632 2644 3702 γραφὴν
2673 3629 2934 3693 ἐπέδειξε.
2962 3628 3132 3699 Τρίτῃ
3164 3627 3221 3682 δὲ
3251 3625 3627 3697 πάλινήμέρᾳ,
3651 3624 3693 3674 οἱ
3713 3619 3795 3690 μὲν

2250 3723 2398 3779 ἄλλοι
2432 3722 2705 3793 συνῆλθον,
2735 3720 3065 3784 Μακεδόνιός
3104 3736 3163 3773 τε
3198 3718 3292 3772 καὶ
3318 3718 3595 3779 Βασίλειος
3617 3715 3663 3767 οἱ
3687 3711 3799 3781 πρὶν

2251 3815 2688 3884 ἀπολειφθέντες.
2718 3813 2971 3877 Ἀκάκιος
3009 3811 3067 3865 δὲ
3100 3811 3194 3865 καὶ
3236 3811 3287 3863 οἱ
3325 3809 3466 3882 ἀμφ’
3518 3807 3668 3862 αὐτὸν
3711 3803 3796 3877 οὐκ

2249 3908 2433 3978 ἠξίουν
2459 3906 2552 3960 τοῦ
2594 3905 2850 3972 συλλόγου
2887 3904 3183 3968 κοινωνεῖν,
3215 3903 3263 3955 εἰ
3287 3901 3362 3973 μὴ
3388 3900 3644 3971 πρότερον
3667 3893 3792 3959 ὲξέλ-

2249 4001 2413 4055 θωσιν
2446 4000 2496 4053 οἱ
2531 3998 2666 4070 πρὸς
2687 3997 2865 4052 αὐτῶν
2901 3994 3276 4068 καθῃρημένοι
3306 3995 3401 4048 καὶ
3430 3985 3794 4062 κατηγορηθέν-

2247 4111 2336 4157 τες
2355 4108 2368 4121 ·
2397 4093 2491 4146 καὶ
2526 4090 2685 4145 τοῦτο
2722 4089 2956 4158 ἐγένετο.
2977 4088 3323 4158 Συνεχώρουν
3365 4087 3476 4158 γὰρ
3505 4088 3552 4139 οἱ
3586 4083 3685 4138 ἀπὸ
3713 4074 3794 4132 τοῦ

2245 4185 2433 4254 ἐτέρου
2488 4183 2687 4255 μέρους
2707 4223 2721 4247 ,
2751 4181 3110 4244 ὑπολαϐόντες
3141 4177 3397 4232 Ἀκάκιόν
3445 4177 3642 4244 ταύτην
3675 4170 3790 4240 πρό-

2253 4293 2416 4345 φασιν
2446 4275 2715 4346 θηρᾶσθαι
2760 4274 3006 4329 διαλῦσαι
3046 4273 3145 4344 τὴν
3187 4271 3425 4336 σύνοδον,
3469 4271 3544 4332 ὡς
3590 4265 3674 4321 καὶ
3711 4262 3794 4330 τὴν

581 4368 956 4434 conveniunt,
985 4375 1042 4424 et
1070 4385 1179 4426 una
1208 4385 1333 4426 cum
1365 4371 1476 4428 illis
1505 4371 1862 4428 Macedonius
1891 4387 1957 4428 ac
1988 4371 2140 4424 Basio

2247 4367 2453 4422 Ἀετίου
2483 4368 2692 4437 αἵρεσιν
2727 4365 2826 4438 τὴν
2883 4365 3164 4436 παροῦσαν
3213 4363 3463 4441 ἐξέτασιν
3510 4357 3792 4430 διαφυγεῖν,

3353 4471 3384 4504 κ

1748 4566 2015 4624 VALESII
2052 4566 2602 4624 ANNOTATIONES.

655 4697 768 4775 (l6)
952 4698 1165 4775 πίστιν.
1183 4697 1262 4775 ἢν
1291 4701 1362 4775 gi)
1384 4700 1493 4775 πρὸ
1522 4703 1750 4758 πολλοῦ
1780 4708 2034 4773 Μάρκος.
2067 4702 2153 4756 ln-

583 4770 782 4843 telligit
812 4768 932 4823 (idei
971 4768 1259 4843 formulam
1297 4768 1648 4843 Siruiieuscm
1673 4812 1687 4834 ,
1731 4768 2150 4843 quiaa'cOnsules

585 4840 830 4913 habebat
872 4840 1168 4913 ascriptos
1203 4839 1498 4896 Eusebium
1541 4851 1594 4897 et
1639 4839 1950 4913 Hypatium.
1999 4843 2150 4897 Hanc

585 4910 733 4982 enim
772 4909 1080 4982 dictaverat
1113 4910 1339 4982 Asiarcus
1360 4950 1374 4974 ,
1423 4921 1482 4966 ut
1526 4909 1701 4982 supra
1725 4909 1907 4968 notavi
1937 4929 2001 4968 ex
2033 4914 2150 4977 epi-

586 4979 729 5032 stola
762 4978 1035 5051 Gerruinii
1061 4979 1130 5051 ad
1158 4980 1461 5041 Valentem,
1497 4978 1618 5051 qua}
1653 4983 1893 5037 refertur
1925 4984 1980 5036 in
2015 4982 2147 5036 Fra-

587 5049 819 5121 gmentis
849 5047 1061 5103 Hilarii.
1102 5049 1280 5121 Quare
1313 5047 1528 5105 fallitur
1555 5053 1844 5118 Socrates,
1876 5054 1968 5121 qui
2003 5052 2150 5105 Mar-

586 5134 714 5191 cum
745 5119 989 5191 dictasse
1025 5120 1218 5174 scribit
1260 5121 1550 5176 ferundam
1599 5123 1723 5176 ﬁdei
1766 5119 1907 5177 eam‘
1932 5138 2053 5191 qua:
2095 5123 2152 5176 in

588 5188 874 5262 Sirmiensi
903 5191 1137 5262 concilio
1175 5191 1438 5262 adversus
1486 5192 1774 5246 Photinum
1811 5188 2155 5262 promulgata

588 5265 689 5310 est.
735 5257 888 5314 Hanc
933 5261 1078 5332 enim
1125 5275 1154 5313 a
1203 5261 1404 5315 Basilio
1436 5261 1725 5332 Ancyrano
1765 5257 1946 5331 potius
1983 5257 2155 5316 dicta-

589 5336 701 5408 tam
730 5343 852 5386 esse
879 5329 1242 5410 crediderim,
1287 5333 1492 5402 quippe
1537 5329 1631 5402 qui
1673 5331 1732 5386 in
1765 5329 1872 5388 'illo
1914 5332 2153 5388 concilio

591 5411 795 5470 prunas
822 5408 1159 5470 partes_egit.

663 5469 775 5540 (Π)
815 5465 952 5540 Μεθ’
991 5465 1088 5524 ὧιῖ
1113 5467 1190 5540 ἦν
1217 5471 1315 5525 καὶ
1356 5473 1693 5536 Βασίλειος.
1718 5470 1854 5527 Vide
1897 5486 2063 5539 supra
2101 5469 2156 5524 in

590 5539 775 5610 capite
801 5540 868 5594 16
899 5539 1063 5610 hujus
1094 5542 1253 5606 libri,
1289 5542 1382 5596 ubi
1427 5542 1764 5597 Sozomenus
1805 5550 1992 5595 narrat
2021 5555 2157 5610 qua-

591 5607 718 5661 liter
743 5607 986 5681 Basilius
1009 5611 1335 5681 Ancyranus
1360 5612 1428 5665 ad
1461 5613 1778 5666 comitatum
1811 5607 2158 5681 imperatpris

591 5680 839 5752 venerit,
875 5679 968 5747 qui
999 5688 1111 5752 tum
1134 5679 1332 5752 ‘Sirmii
1368 5683 1637 5752 (legebat;
1671 5690 1835 5752 atque
1887 5679 1963 5734 ibi
2010 5679 2156 5752 Mar-

595 5759 719 5804 cum
764 5751 1153 5818 Arethusium,
1201 5748 1492 5824 Georgium
1542 5751 2004 5825 Alexandrinum,
2051 5748 2155 5804 Ya-

2256 4703 2484 4764 lentem,
2517 4708 2570 4755 et
2601 4701 2736 4756 alios
2768 4699 3032 4770 quosdam
3079 4699 3368 4754 invenerit.
3416 4695 3518 4770 Qui
3550 4705 3663 4749 cum
3691 4685 3784 4741 for-

2259 4777 2465 4827 mulam
2499 4766 2796 4840 quamdam
2823 4770 2944 4824 fidei
2975 4769 3440 4838 conscripsissent
3460 4806 3474 4828 ,
3503 4766 3558 4840 in
3586 4770 3789 4840 qua-90:

2254 4858 2380 4897 men
2414 4829 2724 4896 substantia:
2753 4829 3257 4912 suppressumgerat
3276 4853 3438 4912 ,_eam
3467 4836 3534 4912 ab
3562 4829 3788 4912 omnibus

2253 4911 2776 4981 episcopisgsuscipi
2821 4905 2885 4965 ac
2920 4905 3652 4981 subscriptionibu_s__ﬁrmari
3691 4905 3791 4981 alii:

2251 4977 2512 5052 direrul'it.
2545 4977 2835 5035 Porro’hic
2864 4981 3049 5052 mirari
3097 4979 3243 5052 subit
3288 4977 3575 5052 Basilium,
3607 4977 3788 5052 .quiln

2253 5051 2775 5122 synodo_Ancyrana
2805 5066 2900 5122 eos
2927 5051 3018 5120 qui
3047 5049 3356 5103 substantia:
3383 5061 3576 5122 nomen
3607 5048 3654 5093 in
3680 5048 3790 5122 coti-

2254 5114 2415 5176 ventu
2454 5114 2742 5175 Sirmieusi
2779 5114 3086 5189 rejeceraut
3111 5161 3124 5181 ,
3161 5128 3492 5189 tam_severe
3522 5114 3790 5189 damnare:

2256 5173 2555 5245 rati—iidem
2606 5173 2785 5244 tamen
2836 5173 3026 5259 pbstea
3077 5173 3225 5259 apud
3267 5185 3523 5239 Sirmium
3571 5173 3790 5259 formulie

2260 5239 2383 5316 ίὶῖἰίξί
2412 5239 2898 5314 E‘ith'rc'é'iiiéiaiaé
2911 5239 3257 5326 subscripsit
3276 5297 3291 5324 ,
3320 5269 3439 5326 qum
3470 5264 3660 5307 nomen
3687 5239 3791 5298 sub-

2259 5333 2471 5385 stantia:
2503 5347 2612 5384 non
2644 5330 2898 5384 habebat.
3541 5390 3555 5394 _
3702 5383 3713 5394 ,

2497 5380 3263 5470 ’ὲξτεῷἦέρίᾶάκτοξτούτουᾳ
3296 5390 3648 5470 Scribendum
3671 5380 3790 5470 Vitis:

2261 5452 2739 5534 ιυιῖἶούτοιςῗυῗ
2782 5471 2909 5536 legit
2958 5452 3514 5535 Christopliorsonue.
3562 5452 3789 5536 Eamdctll

2262 5523 2634 5609 conjecturam
2670 5523 2948 5610 ithpdice
2985 5523 3201 5610 Savili‘i'
3225 5543 3531 5610 annotatam
3561 5527 3636 5610 .ad
3665 5523 3790 5610 .la‘l-l‘lf

3042 5605 3229 5660 codice
3261 5604 3524 5677 scribitur
3550 5583 3787 5663 anethi"

2267 5673 2425 5734 σαντο
2464 5680 2681 5744 τούτους
2706 5718 2718 5742 ,
2745 5679 2892 5749 quod
2926 5692 3108 5731 tamen
3141 5691 3249 5730 non
3283 5673 3474 5745 probo.
