4056 6326
323 309 453 366 “Si

1234 320 1555 379 msruma
1595 326 2154 390 ECCl.ESlASTlCA.
2197 365 2263 376 --
2292 310 2418 393 Lm.
2461 338 2547 393 rv.

320 427 413 479 καί
448 429 590 496 σφᾶς
622 430 822 496 αὐτοὺς
852 432 949 498 τὰς
993 435 1218 502 εὐθύνας
1253 440 1360 493 τῶν
1387 447 1884 518 κατηγορουμένων,

2004 454 2148 519 lius,
2190 459 2284 527 qui
2324 460 2704 529 superioribus
2744 460 2946 519 diebus
2983 464 3289 523 abfuerant.
3332 467 3567 525 Acacius

310 513 562 610 ,Ἐπεὶ-δὲ
589 519 789 585 πάντες
818 525 1088 595 παρῆσαν,
1108 525 1320 597 βιϐλίον
1343 531 1448 604 ἔφη
1484 513 1896 610 Λεωνᾶςῠέχειν,

320 607 564 695 ἑπιδοθὲν
610 611 763 683 παρά
803 612 913 669 τῶν
955 615 1097 686 ἀμφὶ
1126 618 1379 676 Ἀκάκιον
1406 639 1419 653 ⁸
1448 624 1507 678 τὸ
1546 626 1603 679 δὲ
1621 666 1636 690 ,
1664 607 1898 695 πίστεως

316 693 387 769 ἦν
425 701 609 772 γραφὴ
651 702 749 756 σὺν
778 706 1048 779 προοιμίῳ
1081 710 1220 765 τινί·
1242 712 1336 767 καὶ
1364 716 1491 780 τοὺς
1512 717 1707 782 ἄλλους
1734 693 1896 775 ἑλάνέ

320 789 498 843 θανεν.
534 788 708 845 Ἑκὼν
738 793 848 865 γὰρ
875 794 1034 849 τοῦτο
1058 799 1151 854 καὶ
1179 801 1401 866 Λεωνᾶς
1426 804 1801 877 ἀπεκρύψατο,
1826 806 1897 861 τὰ

318 882 575 937 Ἀκακίου
608 886 840 955 φρονῶν.
872 889 1030 952 mea
1064 891 1400 966 ἀνεγνώσθη,
1422 895 1650 967 θορύϐου
1682 897 1898 972 πλήρης

318 974 347 1028 ὁ
371 974 629 1046 σύλλογος
664 979 910 1048 γέγονεν.
928 982 1146 1055 Ἐδήλου
1170 984 1298 1058 γάρ,
1320 988 1395 1052 ὡς
1437 987 1698 1059 βασιλέως
1729 1009 1897 1062 προσ-

316 1064 580 1131 τάξαντος
617 1069 787 1142 μηδὲν
818 1073 1132 1142 ἐπεισάγειν
1164 1079 1230 1148 τῇ
1264 1078 1444 1132 πίστει
1484 1081 1637 1152 παρά
1684 1082 1784 1146 τὰς
1817 1084 1894 1136 is-

319 1156 420 1227 ράς
448 1158 693 1229 Γραφάς,
723 1162 1055 1236 ἑπαγόμενοί
1079 1183 1224 1232 τινες
1243 1169 1369 1233 τοὺς
1393 1170 1808 1243 καθῃρημένους
1831 1176 1896 1229 ἐκ

313 1246 586 1320 διαφόρων
626 1251 830 1315 ἑθνῶν,
862 1255 958 1309 καὶ
1006 1258 1130 1322 τοὺς
1186 1260 1518 1331 παρανόμως
1562 1264 1895 1330 ἐπισκόπους

314 1341 713 1412 καταστάντας,
747 1347 1017 1418 ἐτάραξαν
1049 1349 1149 1420 τὴν
1194 1350 1441 1406 σύνοδον·
1477 1356 1571 1409 καὶ
1621 1358 1750 1420 τοὺς
1780 1357 1894 1429 μὲν

314 1432 492 1488 αὐτῶν
512 1434 738 1506 ὕϐρισαν
758 1454 771 1470 °
802 1440 929 1505 τοὺς
952 1440 1009 1494 δὲ
1034 1440 1212 1497 λαλεῖν
1231 1441 1292 1496 ού
1318 1445 1719 1518 συνεχώρησαν.
1745 1451 1894 1518 Σφᾶς

313 1522 393 1589 δὲ’,
412 1525 511 1596 τὴν
538 1527 854 1586 ἑκτεθεῖσαν
880 1533 1064 1588 πίστιν
1083 1534 1141 1588 ἑν
1157 1536 1456 1609 Ἀντιοχείᾳ
1478 1538 1554 1610 μὴ
1571 1540 1891 1611 ἀποφυγεῖν,

312 1619 364 1671 εί
394 1620 488 1674 καὶ
511 1621 648 1692 πρὸς
674 1623 773 1695 τὴν
814 1624 936 1678 τότε
967 1626 1251 1697 συμϐᾶσαν
1272 1628 1518 1701 ζήτησιν,
1542 1632 1592 1684 οἱ
1617 1632 1893 1688 συνελθόν-

310 1728 405 1775 τες
430 1713 609 1767 ἐκεῖσε
629 1714 833 1787 ταύτην
865 1716 962 1790 τὴν
989 1719 1205 1793 γραφὴν
1233 1722 1614 1793 εἰσηγήσαντο.
1647 1725 1802 1780 Ἐπεὶ
1834 1726 1892 1780 δὲ

1998 562 2128 603 vero
2160 556 2215 604 et
2251 550 2344 619 qui
2378 552 2447 606 ab
2480 553 2631 609 illius
2668 554 2917 624 partibus
2953 558 3207 625 stabant,
3248 561 3305 615 in
3342 575 3577 617 conses—

1996 654 2118 694 sum
2145 642 2336 698 venire
2359 652 2719 729 recusarunt,
2749 646 2857 703 nisi
2882 649 3036 717 prius
3063 652 3307 723 episcopi
3335 652 3403 708 ab
3429 653 3577 724 ipsis

1996 731 2233 801 depositi
2269 737 2628 807 accusatique
2652 776 2667 801 ,
2701 753 2733 794 e
2761 740 3001 796 concilio
3029 743 3440 812 egrederentur.
3478 744 3568 799 ld-

1996 839 2103 892 que
2134 824 2207 878 ita
2237 825 2444 882 factum
2472 836 2576 884 est.
2610 828 2746 884 Nam
2774 832 2867 901 qui
2894 847 2960 888 ex
2988 834 3161 890 altera
3193 847 3348 904 parte
3375 845 3564 903 erant,

1996 913 2051 967 id
2089 913 2207 970 ﬁeri
2247 918 2653 987 permiserunt,
2701 936 2826 976 cum
2876 924 3259 981 existimarent
3302 926 3565 982 Acacium

1994 1005 2137 1062 hanc
2165 1006 2502 1065 dissolvendi
2536 1013 2755 1068 concilii
2787 1018 3139 1073 occasionem
3170 1025 3423 1087 captare,
3455 1034 3567 1089 quo

1994 1103 2050 1152 et
2098 1097 2327 1155 hmresis
2372 1101 2517 1156 Aetii
2568 1104 2875 1160 imminenti
2925 1107 3167 1162 examini
3209 1109 3567 1165 subtrahere.

1996 1192 2107 1250 tur,
2140 1195 2195 1242 et
2226 1186 2330 1258 ipsi
2373 1191 2732 1260 quastionem
2759 1194 2827 1250 de
2856 1197 3182 1252 criminibus
3211 1214 3444 1268 quorum
3476 1215 3566 1253 ar-

1994 1280 2378 1346 cessebantur,
2440 1283 2767 1353 effugerent.
2815 1286 3113 1359 Postquam
3169 1290 3413 1367 universi
3469 1290 3568 1346 ad-

1993 1369 2185 1437 fuere,
2219 1371 2433 1430 Leonas
2464 1375 2703 1430 libellum
2759 1393 2820 1433 se
2871 1380 3075 1437 habere
3117 1381 3258 1436 dixit
3301 1382 3566 1437 traditum

1992 1464 2062 1519 ab
2086 1462 2396 1520 Acacianis.
2429 1465 2559 1520 Erat
2592 1467 2683 1521 bic
2714 1469 2971 1536 libellus,
3011 1471 3248 1526 formula
3283 1472 3405 1528 ﬁdei
3439 1488 3564 1528 cum

1992 1556 2259 1626 prooemio
2274 1555 2544 1625 quodam;
2565 1558 2729 1628 idque
2741 1568 2967 1615 αιτιοι-οε
2980 1577 3171 1618 omnes
3187 1562 3408 1617 latebat.
3428 1562 3564 1623 Nam

1990 1658 2044 1702 et
2067 1646 2278 1703 Leonas
2302 1648 2445 1703 idem
2475 1664 2598 1704 cum
2626 1651 2831 1707 Acacio
2861 1654 3109 1709 sentiens
3129 1693 3144 1719 ,
3167 1670 3291 1709 eum
3320 1655 3562 1711 libellum

1991 1734 2060 1791 de
2092 1736 2367 1793 industria
2405 1739 2460 1793 in
2500 1739 2716 1795 occulto
2747 1740 3029 1797 habuerat.
3071 1742 3175 1799 Ubi
3204 1759 3334 1800 vero
3367 1746 3566 1799 recita-

3432 350 3570 404 il82
3668 367 3675 381 ‘

312 1801 374 1856 τὸ
431 1805 737 1874 όμοούσιον,
777 1809 873 1862 καὶ
906 1809 969 1863 τὺ
1004 1812 1340 1882 όμοιοούσιον
1382 1814 1551 1869 εἰσέτι
1606 1816 1702 1870 νῦν
1761 1816 1884 1872 πολ-

1992 1836 2082 1884 tus
2118 1836 2204 1884 est
2242 1829 2460 1886 libellus
2486 1870 2501 1895 ,
2537 1832 2733 1902 ingens
2772 1833 2829 1887 in
2864 1843 3140 1889 conventu
3177 1836 3564 1906 episcoporum

310 1891 435 1957 λοὺς
464 1894 710 1965 θορυϐεῖ,
744 1899 947 1971 ἀρτίως
997 1901 1055 1956 δὲ
1099 1907 1441 1976 καινοτομεῖν
1489 1923 1635 1971 τινες
1682 1909 1884 1979 ἑπιχει-

1990 1920 2257 1976 tumultus
2288 1891 2519 1977 exstitit.
2544 1891 2825 1978 indicabat
2845 1924 2992 1978 enim
3016 1924 3106 1979 hic
3134 1891 3558 1995 libellus‘quod,

312 1985 468 2058 ροῦσι
495 1988 556 2041 τὸ
586 1989 838 2061 ἀνόμοιον
883 1990 979 2046 τοῦ
1014 1994 1145 2048 Υίοῦ
1192 1995 1329 2066 πρὸς
1360 1996 1450 2050 τὸν
1495 1998 1714 2071 Πατέρα
1739 2016 1753 2030 °
1800 1999 1884 2055 διά

1989 2026 2114 2065 cum
2139 2011 2439 2081 imperator
2459 2013 2721 2085 iussisset
2742 2030 2815 2071 ne
2841 2015 2974 2086 quid
3000 2017 3125 2073 novi
3150 2024 3344 2087 praeter
3371 2033 3562 2073 sacras

307 2078 467 2134 τοῦτο
523 2080 585 2134 τὸ
616 2081 715 2152 μὲν
770 2083 1054 2154 όμοούσιον
1092 2087 1275 2141 καὶτὸ
1313 2088 1647 2158 ὁμοιοούσιον
1684 2090 1884 2146 ἐκϐάλ-

1990 2100 2307 2170 Scripturas
2346 2104 2403 2158 in
2442 2104 2601 2160 ﬁdem
2650 2105 3023 2170 inveberetur,
3075 2108 3330 2162 nonnulli
3379 2116 3562 2163 tamen

307 2169 424 2225 λειν
453 2171 657 2242 χρεὼν,
685 2172 761 2238 ὡς
799 2174 1076 2246 ἀλλότριον
1103 2177 1335 2249 Γραφῶν
1356 2195 1371 2211 ⁸
1400 2181 1804 2254 ἀποκηρύττειν
1830 2183 1884 2238 δὲ

1988 2169 2239 2247 adductis
2264 2208 2450 2249 secum
2477 2196 2754 2266 episcopis
2780 2211 2847 2251 ex
2878 2198 3045 2253 variis
3072 2199 3394 2268 provinciis,
3422 2212 3564 2281 quo:

309 2259 371 2312 τὸ
412 2260 665 2331 ἀνόμοιον
684 2280 696 2292 ·
728 2262 789 2317 τὸ
815 2264 870 2318 δὲ
890 2267 1074 2336 ὅμοιον
1111 2268 1244 2323 Υἱοῦ
1294 2270 1427 2343 πρὸς
1454 2272 1672 2344 Πατέρα
1702 2273 1884 2344 σαφῶς

1987 2295 2110 2337 rum
2144 2284 2237 2338 alii
2274 2259 2788 2354 depositi-fuerant,
2813 2289 2906 2343 alii
2940 2259 3385 2360 vero-“legitime
3412 2272 3559 2344 ordi:

305 2350 604 2421 ὁμολογεῖν.
638 2354 793 2409 Ἔστι
823 2357 952 2429 γὰρ,
979 2358 1054 2423 ὥς
1087 2358 1185 2413 πού
1207 2378 1338 2433 φησι
1366 2362 1575 2427 Παῦλος
1601 2366 1629 2418 ὁ
1658 2365 1890 2420 ἀπόστο-

304 2437 417 2503 λος,
454 2440 618 2496 εἰκὼν
645 2444 738 2498 τοῦ
766 2446 1000 2517 ἀοράτου
1026 2448 1186 2505 Θεοῦ.
1224 2451 1412 2506 Ταῦτα
1447 2456 1886 2527 προοιμιασάμε-

305 2548 405 2597 νοι,
432 2531 562 2603 ἑξῆς
605 2534 842 2601 πίστεως
883 2540 1222 2611 ἑπισυνῆψαν
1260 2543 1497 2615 γραφὴν,
1527 2545 1668 2615 μήτε
1686 2548 1803 2613 τοῖς
1829 2549 1887 2602 ἑν

303 2623 529 2697 Νικαίᾳ,
561 2628 700 2699 μήτε
725 2631 838 2695 τοῖς
871 2633 929 2687 ὲν
972 2632 1270 2705 Ἀντιοχείᾳ
1305 2635 1485 2700 δόξασι
1518 2638 1881 2708 συνᾴδουσανυ

303 2713 421 2768 ἀλλ’
437 2714 624 2781 ἁπλῶς
642 2717 784 2773 οὓτω
811 2723 1202 2794 συγκειμένην,
1221 2725 1297 2788 ὼς
1314 2727 1409 2779 καὶ
1423 2726 1550 2790 τοὺς
1568 2727 1635 2781 τὰ
1648 2728 1862 2800 Ἀρείου

304 2808 399 2861 καὶ
421 2808 490 2860 τὰ
504 2810 709 2864 Ἀετίου
730 2813 1057 2883 φρονοῦντας
1081 2816 1243 2887 μηδὲν
1264 2817 1437 2871 δοκεῖν
1469 2819 1820 2891 ἁμαρτάνειν,
1834 2822 1883 2875 ει

304 2898 398 2951 καὶ
427 2892 529 2953 ὧδε
574 2902 906 2958 πιστεύουσι.
946 2906 1402 2979 Παραδραμόντες
1428 2910 1538 2982 γὰρ
1559 2910 1627 2969 τὰ
1647 2913 1885 2981 ὀνόματα

301 2990 369 3044 δι’
398 2984 473 3045 ὧν
509 2993 609 3064 τὴν
651 2995 860 3067 Ἀρείου
905 2997 1060 3065 δόξαν
1107 3000 1457 3057 ἐκϐάλλουσιν
1495 3006 1544 3057 oi
1577 3004 1634 3058 ἑν
1679 3005 1886 3078 Νικαίᾳ

1989 2377 2100 2431 nati
2128 2416 2142 2442 ,
2167 2377 2463 2432 concilium
2494 2381 2913 2448 perturbassent
2942 2395 2958 2436 :
2987 2388 3043 2436 et
3071 2381 3212 2436 alios
3243 2381 3465 2452 quidem
3492 2395 3561 2435 ex

1987 2466 2125 2537 ipsis
2177 2470 2511 2524 contumelia
2561 2470 2919 2540 aﬁ‘ecissent;
2977 2474 3117 2529 alios
3168 2482 3350 2529 autem
3407 2472 3560 2543 loqui

1984 2559 2419 2628 prohibuissent.
2462 2558 2535 2615 Se
2571 2576 2737 2631 porro
2774 2560 2936 2617 ﬁdem
2985 2563 3292 2635 Antiochiae
3336 2565 3562 2634 exposi-

1987 2656 2098 2702 tam
2128 2665 2238 2704 non
2272 2650 2595 2720 repudiare,
2634 2652 2761 2707 licet
2796 2653 2874 2707 illi
2912 2655 3006 2723 qui
3057 2663 3168 2710 tum
3211 2656 3265 2710 in
3311 2671 3376 2711 ea
3424 2656 3561 2712 urbe

1986 2739 2303 2810 congregati
2338 2749 2503 2806 sunt,
2536 2749 2760 2812 propter
2789 2744 3148 2813 quaestionem
3180 2751 3311 2800 tunc
3348 2743 3561 2801 excita-

1985 2836 2129 2893 tam,
2177 2845 2299 2886 eam
2342 2830 2634 2886 formulam
2679 2832 3052 2890 condiderint.
3105 2835 3375 2891 Caeterum
3416 2850 3557 2906 quo-

1987 2923 2136 2977 niam
2193 2924 2311 2981 hmc
2362 2926 2631 2981 vocabula
2672 2925 3039 2984 homoousion
3079 2936 3134 2984 et
3172 2930 3558 2987 bommousion

1985 3017 2187 3071 multos
2211 3018 2510 3073 etiamnum
2538 3019 2857 3083 turbarent,
2884 3028 2938 3075 et
2963 3020 3183 3090 quidam
3209 3022 3372 3091 paulo
3397 3029 3557 3076 antea

304 3082 673 3149 συνελθόντες*
698 3090 1072 3160 σιωπήσαντες
1096 3091 1152 3146 δὲ
1180 3094 1272 3147 καὶ
1290 3093 1365 3158 ὡς
1387 3096 1742 3162 ἀναλλοίωτός
1765 3100 1882 3152 ἐστι

1985 3107 2493 3164 dissimilitudinem
2526 3108 2651 3165 Filii
2681 3126 2806 3165 cum
2844 3082 3012 3167 Patre
3051 3112 3315 3168 inducere
3352 3112 3555 3182 cmpis-

300 3175 400 3244 τῆς
425 3173 675 3248 θεότητος
703 3180 731 3232 ό
760 3179 908 3248 Υἱὸς,
940 3183 1129 3247 οὐσίας
1154 3203 1211 3239 τε
1238 3188 1333 3240 καὶ
1382 3186 1575 3260 βουλῆς
1601 3191 1695 3245 καὶ
1720 3191 1882 3247 δυνά-

304 3280 452 3333 μεως
477 3266 570 3320 καὶ
595 3267 751 3339 δόξης
782 3271 1199 3343 ἀπαράλλακτος
1229 3275 1392 3329 εἰκὼν
1413 3278 1506 3331 τοῦ
1538 3280 1769 3351 Πατρὸς,
1796 3277 1884 3335 οἷα

299 3358 367 3427 τῇ
418 3358 475 3411 ἑν
512 3357 811 3435 Ἀντιοχείᾳ
849 3360 1049 3437 συνόδῳ
1099 3366 1351 3438 εἴρηταιο
1395 3369 1749 3442 ὡμολόγησαν
1790 3392 1883 3427 πι-

301 3448 514 3502 στεύειν
566 3452 646 3513 είς
690 3454 929 3525 Πατέρα,
969 3461 1250 3513 πιστεύειν
1282 3460 1339 3523 δὲ
1365 3462 1460 3515 καὶ
1491 3464 1568 3526 είς
1606 3464 1699 3517 τὸν
1755 3466 1881 3519 Υίὺν

297 3540 396 3592 καὶ
422 3540 485 3593 τὸ
522 3542 678 3612 ἅγιον
710 3545 956 3616 Πνεῦμα.
997 3548 1113 3620 Ἐφ’
1157 3551 1370 3622 ἑκάστῳ
1393 3553 1450 3607 δὲ
1476 3554 1747 3620 ἐπιθέτοις
1773 3557 1884 3611 ὀνό-

302 3649 436 3702 μασι
483 3639 683 3700 κοινοῖς
709 3656 819 3693 τισι
859 3641 1215 3712 χρησάμενοι,
1249 3644 1286 3698 ἃ
1330 3648 1467 3717 μήτε
1501 3648 1704 3713 αὐτοῖς,
1740 3650 1880 3721 μήτε

296 3730 411 3790 τοῖς
462 3727 678 3783 ἐναντία
723 3730 1033 3797 δοξάζουσιν
1080 3735 1368 3806 ἐμάχοντο.
1410 3740 1537 3802 τοὺς
1568 3739 1744 3804 ἄλλως
1790 3759 1881 3796 πι-

300 3817 589 3883 στεύοντας
622 3820 933 3894 ἀλλοτρίους
983 3827 1082 3897 τῆς
1126 3828 1353 3883 καθόλου
1388 3830 1716 3901 Ἐκκλησίας
1746 3832 1879 3905 ἑψη-

297 3913 545 3981 φίσαντο.
595 3905 785 3969 Τοὶάδε
829 3917 927 3988 μὲν
969 3917 1032 3971 τὸ
1075 3921 1228 3991 παρά
1277 3924 1470 3977 Λεωνᾶ
1512 3928 1878 3998 προκομισθὲν

299 4002 506 4073 βιϐλίον
536 4010 836 4077 περιεῖχεν,
898 4010 990 4063 ὑπ’
1030 4013 1195 4067 αὑτοῦ
1235 4014 1291 4067 δὲ
1338 4016 1593 4071 Ἀκακίου
1630 4021 1742 4088 (19)
1786 4023 1880 4074 καὶ

293 4095 407 4148 τῶν
430 4095 578 4167 αύτῷ
603 4097 937 4170 πειθομένων
964 4102 1474 4176 ὑπογεγραμμένον.
1502 4109 1656 4164 Μετά
1689 4111 1745 4165 δὲ
1779 4112 1878 4184 τὴν

294 4184 490 4239 τούτου
512 4188 835 4257 ἀνάγνωσιν,
848 4192 1159 4265 ἀναϐοήσας
1182 4199 1487 4270 Σωφρόνιος
1501 4203 1529 4254 ὁ
1551 4203 1875 4273 Παφλαγὼν,

295 4278 362 4330 Εἰ
392 4278 452 4331 τὸ
498 4280 737 4353 ἑκάστης
764 4285 1000 4356 ἡμέρας,
1030 4288 1156 4360 ἔφη,
1194 4290 1328 4344 ἰδίαν
1363 4292 1670 4348 ἐκτίθεσθαι
1694 4296 1880 4370 βούλη-

1984 3208 2142 3266 sent,
2179 3200 2391 3255 idcirco
2417 3216 2510 3257 cas
2553 3216 2716 3258 voces
2756 3202 3122 3259 bomoousion
3160 3212 3217 3258 et
3265 3203 3556 3257 homoeou-

1983 3291 2102 3344 sion
2128 3330 2143 3354 ,
2176 3295 2436 3361 tanquam
2469 3292 2680 3349 alienas
2727 3309 2757 3348 a
2797 3295 2975 3350 sacris
3017 3292 3356 3365 Scripturis,
3401 3294 3557 3363 rejici

1982 3387 2277 3449 Oportere;
2339 3396 2630 3436 anommon
2684 3398 2814 3439 vero
2856 3384 3334 3440 condemnandum
3385 3399 3552 3439 esse:

1981 3480 2036 3524 et
2082 3470 2316 3525 similem
2367 3469 2515 3525 Patri
2561 3471 2761 3527 Filium
2807 3481 2997 3543 aperte
3029 3473 3421 3528 conﬁtendum.
3461 3472 3558 3526 Est

1981 3561 2126 3615 enim
2149 3600 2164 3623 ,
2192 3570 2252 3615 ut
2282 3560 2485 3618 Paulus
2522 3565 2806 3634 apostolus
2856 3565 3058 3619 alicubi
3091 3564 3227 3619 dicit
3269 3565 3287 3596 ¹
3312 3606 3329 3632 ,
3375 3565 3558 3635 imago

1982 3653 2074 3709 Dei
2109 3653 2417 3710 invisibilis:
2453 3652 2579 3710 Haec
2604 3654 2814 3725 prefati
2838 3695 2854 3722 ,
2887 3657 3010 3712 ﬁdei
3043 3656 3331 3712 formulam
3363 3664 3555 3726 postea

1982 3746 2319 3815 subjiciunt,
2353 3762 2453 3802 nec
2482 3763 2605 3802 cum
2635 3747 2868 3804 Nicaeus:
2887 3789 2901 3813 ,
2925 3765 3026 3805 nec
3054 3764 3178 3804 cum
3200 3748 3557 3804 Antiochense

1984 3837 2220 3895 decretis
2269 3838 2749 3895 consentientem:
2797 3840 2894 3895 scd
2939 3840 3015 3894 ita
3063 3841 3288 3894 omnino
3331 3853 3558 3909 compo-
3650 3848 3657 3849 ί

1982 3930 2141 3984 sitam
2164 3969 2179 3993 ,
2230 3937 2289 3984 ut
2337 3945 2515 3999 neque
2539 3930 2730 3985 Ariani
2756 3970 2771 3996 ,
2802 3945 2983 4002 neque
3012 3930 3224 3985 Aetiani
3256 3930 3555 4000 quidquam

1978 4034 2208 4089 peccare
2236 4019 2340 4075 sibi
2366 4020 2705 4085 viderentur,
2737 4020 2783 4076 si
2801 4035 2866 4075 eo
2889 4020 3050 4075 modo
3072 4020 3380 4074 crederent.
3406 4019 3555 4072 Prte-

1979 4111 2254 4166 tcrmissis
2300 4112 2446 4166 enim
2498 4112 2781 4167 vocabulis
2824 4112 3026 4182 quibus
3066 4108 3276 4164 Nicaeni
3323 4109 3552 4163 concilii

1977 4202 2171 4258 Patres
2212 4203 2279 4258 ad
2329 4203 2688 4273 rejiciendam
2738 4204 2854 4259 Arii
2905 4203 3217 4274 opinionem
3276 4209 3542 4259 utuntur:

1979 4298 2197 4352 omissis
2220 4297 2379 4351 etiam
2401 4295 2469 4353 iis
2488 4311 2609 4366 quae
2653 4298 2723 4352 ab
2756 4296 3101 4351 Antiochena
3127 4295 3336 4366 synodo
3356 4294 3552 4350 dicun-

298 4385 407 4433 σιν,
434 4370 670 4438 πίστεώς
722 4376 871 4431 ἑστιν
916 4378 1131 4444 ἑκθεσις
1155 4422 1170 4445 ,
1203 4381 1467 4453 ἐπιλείψει
1514 4386 1663 4455 ἡμᾶς
1699 4388 1732 4459 ἡ
1778 4388 1879 4459 τῆς

1984 4395 2089 4454 tur,
2141 4386 2340 4442 Filium
2388 4388 2600 4443 scilicet
2639 4389 2846 4444 deitate
2887 4388 3280 4444 immutabilem
3308 4402 3466 4455 esse,
3494 4394 3552 4445 et

295 4459 558 4531 ἀληθείας
593 4464 864 4536 ἀκρίϐεια.
900 4467 1334 4542 ’ἰσχυριζομένου
1368 4475 1425 4528 δὲ
1457 4474 1736 4541 Ἀκακίου,
1771 4495 1875 4549 μη-

1984 4481 2318 4547 substantim,
2351 4482 2590 4548 consilii,
2622 4482 2846 4539 virtutis
2873 4489 2928 4539 et
2960 4482 3148 4554 gloriae
3179 4481 3364 4537 Patris
3405 4483 3553 4536 ima-

295 4550 384 4604 δὲν
439 4553 671 4608 κωλύειν
727 4556 921 4631 ἑτέραν
967 4560 1408 4634 ὑπαγορευθῆναι
1460 4568 1711 4638 γραφὴν,
1760 4568 1877 4637 εἴγε

1984 4572 2190 4642 ginem,
2239 4574 2389 4628 nulla
2430 4574 2486 4628 in
2527 4589 2588 4628 re
2627 4575 3077 4644 discrepantem:
3123 4573 3369 4629 confessi
3421 4581 3553 4629 sunt

295 4640 445 4706 ἅπαξ
492 4644 642 4715 καὶὴ
672 4647 730 4700 ἑν
760 4647 966 4721 Νικαίᾳ
1009 4652 1191 4717 πίστις
1229 4657 1583 4728 μετεποιήθη,
1617 4664 1710 4711 καὶ
1738 4661 1877 4730 μετὰ

1984 4640 2035 4716 se
2081 4662 2308 4717 credere
2347 4663 2403 4717 in
2448 4661 2705 4730 Patrem,
2755 4662 2983 4718 credere
3030 4662 3159 4718 item
3208 4662 3266 4716 in
3314 4661 3547 4724 Filium.

296 4731 466 4786 ταῦτα
511 4735 768 4802 πολλάκις
799 4753 816 4768 ⁸
864 4740 1152 4798 ὑπολαϐὼν
1182 4744 1456 4811 Ἐλεύσιυς
1480 4748 1615 4819 (‘20),
1663 4749 1867 4824 ’Λλλ’ή

1984 4753 2137 4827 165
2168 4769 2234 4809 ac
2251 4752 2518 4826 Spiritum
2537 4754 2912 4813 sanctum.Ad
2939 4754 3187 4825 singulas
3218 4761 3402 4810 autem
3423 4765 3551 4824 pcr-

365 4897 390 4930 ⁸
420 4902 634 4961 Coioss.
672 4923 710 4971 ι,
740 4907 828 4963 15.

1459 5065 1722 5123 VALESII
1763 5065 2310 5153 ANNOTATIONES.

370 5171 482 5247 (το)
523 5176 653 5230 ’Υπ“
694 5179 884 5233 αὐτοῦ
912 5178 981 5232 δὲ
1014 5180 1315 5237 Ἀκακίου.
1365 5181 1730 5238 Scribendum
1765 5190 1869 5247 est,

293 5244 386 5298 ὑπ’
426 5247 590 5321 αὐτοῦ
623 5265 681 5301 τε
722 5250 998 5315 Ἀκακίου,
1026 5259 1170 5316 etc.;
1213 5263 1340 5307 ante
1397 5253 1515 5307 haec
1559 5254 1721 5306 verba
1774 5244 1873 5321 po;

293 5317 474 5370 nenda
522 5327 606 5372 est
640 5321 1055 5376 subdistinctio.
1091 5321 1260 5376 Porro
1304 5324 1419 5376 haec
1474 5324 1712 5377 formula
1745 5317 1870 5377 ﬁdei

294 5386 364 5436 ab
389 5387 602 5463 Acacio
631 5390 797 5463 edita,
829 5391 1064 5463 habetur
1092 5393 1235 5463 apud
1273 5392 1635 5463 Epiphanium
1671 5394 1725 5445 in
1756 5394 1868 5447 hae-

293 5457 401 5509 resi
441 5457 965 5533 Semi-arianorum,
1001 5457 1202 5533 additis
1221 5457 1538 5519 nominibus
1579 5464 1868 5533 episcopo-

293 5531 553 5601 numqui
588 5530 641 5601 ei
682 5529 931 5601 formulae
957 5532 1435 5601 subscripserunt.

364 5596 487 5661 (20)
538 5600 649 5652 Καὶ
705 5600 858 5668 μετὰ
921 5602 1108 5655 ταῦτα
1182 5596 1485 5667 πολλάκις
1547 5602 1870 5656 ὑπολαϐὼν

214 5697 229 5703 -
306 5667 640 5740 ⁹Ε.ῖεύσήιο‹;.
706 5667 832 5726 Post
880 5687 1070 5727 vocem
1121 5671 1379 5733 πολλάκις
1433 5672 1755 5740 apponenda
1784 5683 1868 5725 cst

292 5736 468 5792 media
503 5738 804 5797 distinctio.
843 5749 900 5795 ut
925 5742 978 5796 in
1018 5741 1265 5798 versione
1302 5758 1416 5800 mea
1447 5736 1568 5797 feci.
1613 5741 1689 5795 ita
1719 5751 1863 5798 certe

1975 5183 2101 5252 legit
2130 5183 2493 5251 Nicephorius.
2522 5184 2613 5254 qui
2637 5183 2784 5238 hunc
2812 5182 3101 5239 Sozomeni
3132 5185 3309 5239 locum
3326 5185 3422 5254 ‘sic
3450 5200 3542 5241 ex-

1973 5255 2177 5326 pressit
2208 5273 2221 5308 :
2265 5256 2339 5326 ,ὈΔ
2376 5255 2432 5307 δὲ
2479 5251 2733 5326 Ἀκάκιος
2771 5255 3074 5324 ἰσχυρίζετο
3103 5256 3269 5326 μηδὲν
3298 5251 3435 5308 εἶναι
3478 5257 3542 5311 τὸ

1971 5323 2222 5398 ἐμποδὼν
2256 5324 2447 5398 ἑτέραν
2469 5324 2648 5377 πίστιν
2679 5323 2942 5398 είσάγειν,
2977 5323 3394 5398 ἐπεῖ-’καθάπαξ
3424 5329 3457 5398 η
3483 5328 3539 5398 ἑν

1968 5393 2796 5477 Νιὶκαίοιιλπίπιςῆμετεποιήθη,
2846 5396 2941 5477 κιαὶ
2975 5397 3074 5464 οὐχ
3106 5395 3287 5477 ᾇπαξ,
3315 5393 3453 5477 ἀλλῇ
3479 5393 3543 5476 δῇ

1971 5410 2136 5447 tvm:
2213 5410 2398 5456 πιστις
2441 5410 2796 5464 μετεποιηυη,
2846 5410 2941 5447 και
2975 5412 3074 5464 ουχ
3106 5410 3287 5459 απας,
3315 5410 3448 5477 cum,
3479 5410 3540 5476 οξ]

1971 5465 2061 5517 καὶ
2083 5410 2364 5527 ποζλλάκις.
2395 5464 2633 5521 Possunt
2664 5467 2827 5521 etiam
2875 5467 2990 5519 haac
3023 5467 3211 5529 verba,
3255 5465 3349 5516 καὶ
3400 5479 3540 5532 μετα

1974 5534 2146 5586 ταῦτα
2182 5535 2465 5599 πολλάκις,
2520 5537 2681 5591 aliter
2697 5537 2986 5613 Δ(ξοηδῐΐιιξ,
3020 5544 3079 5588 ut
3137 5531 3445 5613 referantur
3476 5531 3546 5583 ad

1974 5620 2035 5658 ea
2071 5620 2193 5685 quin
2224 5614 2647 5685 praecesserunt,
2692 5607 2886 5685 ἑτέραν
2936 5603 3371 5685 ὑπαγορευθῆναι
3403 5615 3545 5685 γρα-

1974 5671 2103 5742 φήν.
2133 5671 2413 5754 Atqueita
2449 5677 2601 5754 locus
2630 5677 2736 5754 erit
2771 5671 3063 5753 vertendus
3097 5688 3112 5725 :
3141 5671 3373 5754 Cumque
3398 5671 3543 5754 a/[tr-

1973 5756 2135 5797 mare!
2167 5747 2387 5799 ,εισηςίιιδ
2423 5747 2551 5801 nihil
2590 5747 2795 5802 obstare
2834 5747 3110 5813 quominus
3144 5750 3258 5803 Ρυδι
3295 5747 3545 5791 τίηηειιιίν
