  <div class='ocr_page' id='page_1' title='image "/cluster/home/n/w/nwhite01/storage/ocr_20150623/67/mdp.39015018620115/597.png"; bbox 0 0 4056 6326; ppageno 0'>
   <div class='ocr_carea' id='block_1_1' title="bbox 543 320 684 380">
    <p class='ocr_par' dir='ltr' id='par_1_1' title="bbox 543 320 684 380">
     <span class='ocr_line' id='line_1_1' title="bbox 543 320 684 380; baseline 0 -1"><span class='ocrx_word' id='word_1_1' title='bbox 543 320 684 380; x_wconf 73' lang='lat' dir='ltr'><strong>H83</strong></span> 
     </span>
    </p>
   </div>
   <div class='ocr_carea' id='block_1_2' title="bbox 1993 330 2339 389">
    <p class='ocr_par' dir='ltr' id='par_1_2' title="bbox 1993 330 2339 389">
     <span class='ocr_line' id='line_1_2' title="bbox 1993 330 2339 389; baseline 0.012 -6"><span class='ocrx_word' id='word_1_2' title='bbox 1993 330 2339 389; x_wconf 72' lang='lat' dir='ltr'><strong>SOZOMENI</strong></span> 
     </span>
    </p>
   </div>
   <div class='ocr_carea' id='block_1_3' title="bbox 3631 332 3745 389">
    <p class='ocr_par' dir='ltr' id='par_1_3' title="bbox 3631 332 3745 389">
     <span class='ocr_line' id='line_1_3' title="bbox 3631 332 3745 389; baseline 0.009 -1"><span class='ocrx_word' id='word_1_3' title='bbox 3631 332 3745 389; x_wconf 55' lang='lat' dir='ltr'><strong>HS}</strong></span> 
     </span>
    </p>
   </div>
   <div class='ocr_carea' id='block_1_4' title="bbox 543 437 2116 524">
    <p class='ocr_par' dir='ltr' id='par_1_4' title="bbox 543 437 2104 517">
     <span class='ocr_line' id='line_1_4' title="bbox 543 437 2104 517; baseline 0.009 -26"><span class='ocrx_word' id='word_1_4' title='bbox 543 451 731 502; x_wconf 82' lang='lat' dir='ltr'><strong>sonas,</strong></span> <span class='ocrx_word' id='word_1_5' title='bbox 774 437 1007 509; x_wconf 75' lang='lat' dir='ltr'><strong>adjectis</strong></span> <span class='ocrx_word' id='word_1_6' title='bbox 1053 441 1369 513; x_wconf 82' lang='lat' dir='ltr'><strong>vulgaribus</strong></span> <span class='ocrx_word' id='word_1_7' title='bbox 1413 442 1745 514; x_wconf 82' lang='lat' dir='ltr'><strong>quibusdam</strong></span> <span class='ocrx_word' id='word_1_8' title='bbox 1806 446 2064 516; x_wconf 75' lang='lat' dir='ltr'><strong>epithetis</strong></span> <span class='ocrx_word' id='word_1_9' title='bbox 2091 492 2104 517; x_wconf 96' lang='lat'><strong>,</strong></span> 
     </span>
    </p>
   </div>
   <div class='ocr_carea' id='block_1_5' title="bbox 2219 437 3748 524">
    <p class='ocr_par' dir='ltr' id='par_1_5' title="bbox 2219 447 3748 524">
     <span class='ocr_line' id='line_1_5' title="bbox 2219 447 3748 524; baseline 0.001 -22"><span class='ocrx_word' id='word_1_10' title='bbox 2219 450 2445 515; x_wconf 79' lang='grc' dir='ltr'>σύνοδος,</span> <span class='ocrx_word' id='word_1_11' title='bbox 2491 449 2611 522; x_wconf 75' lang='grc' dir='ltr'><strong>ἔφη,</strong></span> <span class='ocrx_word' id='word_1_12' title='bbox 2649 451 3015 524; x_wconf 78' lang='grc' dir='ltr'>συνεκροτήθη</span> <span class='ocrx_word' id='word_1_13' title='bbox 3061 451 3177 519; x_wconf 78' lang='grc' dir='ltr'>νῦν,</span> <span class='ocrx_word' id='word_1_14' title='bbox 3212 451 3311 521; x_wconf 85' lang='grc' dir='ltr'>οὐχ</span> <span class='ocrx_word' id='word_1_15' title='bbox 3344 450 3430 504; x_wconf 81' lang='grc' dir='ltr'>ἵνα</span> <span class='ocrx_word' id='word_1_16' title='bbox 3468 448 3606 521; x_wconf 82' lang='grc' dir='ltr'>μάθῃ</span> <span class='ocrx_word' id='word_1_17' title='bbox 3632 447 3663 503; x_wconf 66' lang='grc' dir='ltr'>ἃ</span> <span class='ocrx_word' id='word_1_18' title='bbox 3687 450 3748 521; x_wconf 79' lang='grc' dir='ltr'>μὴ</span> 
     </span>
    </p>
   </div>
   <div class='ocr_carea' id='block_1_6' title="bbox 543 532 2112 601">
    <p class='ocr_par' dir='ltr' id='par_1_6' title="bbox 543 532 2112 601">
     <span class='ocr_line' id='line_1_6' title="bbox 543 532 2112 601; baseline 0.008 -18"><span class='ocrx_word' id='word_1_19' title='bbox 543 544 668 596; x_wconf 70' lang='lat' dir='ltr'><strong>quae</strong></span> <span class='ocrx_word' id='word_1_20' title='bbox 706 544 807 584; x_wconf 89' lang='lat' dir='ltr'><strong>nec</strong></span> <span class='ocrx_word' id='word_1_21' title='bbox 846 546 943 584; x_wconf 91' lang='lat' dir='ltr'><strong>sua</strong></span> <span class='ocrx_word' id='word_1_22' title='bbox 975 532 1242 601; x_wconf 91' lang='lat' dir='ltr'><strong>ipsorum,</strong></span> <span class='ocrx_word' id='word_1_23' title='bbox 1273 549 1373 590; x_wconf 91' lang='lat' dir='ltr'><strong>nec</strong></span> <span class='ocrx_word' id='word_1_24' title='bbox 1402 536 1850 592; x_wconf 81' lang='lat' dir='ltr'><strong>adversariorum</strong></span> <span class='ocrx_word' id='word_1_25' title='bbox 1882 548 2112 595; x_wconf 84' lang='lat' dir='ltr'><strong>senten-</strong></span> 
     </span>
    </p>
   </div>
   <div class='ocr_carea' id='block_1_7' title="bbox 544 621 2116 695">
    <p class='ocr_par' dir='ltr' id='par_1_7' title="bbox 544 621 2116 695">
     <span class='ocr_line' id='line_1_7' title="bbox 544 621 2116 695; baseline 0.008 -22"><span class='ocrx_word' id='word_1_26' title='bbox 544 621 635 674; x_wconf 70' lang='lat' dir='ltr'><strong>tiae</strong></span> <span class='ocrx_word' id='word_1_27' title='bbox 666 632 1050 690; x_wconf 84' lang='lat' dir='ltr'><strong>repugnarent,</strong></span> <span class='ocrx_word' id='word_1_28' title='bbox 1072 638 1168 680; x_wconf 89' lang='lat' dir='ltr'><strong>eos</strong></span> <span class='ocrx_word' id='word_1_29' title='bbox 1207 625 1303 695; x_wconf 85' lang='lat' dir='ltr'><strong>qui</strong></span> <span class='ocrx_word' id='word_1_30' title='bbox 1337 626 1496 681; x_wconf 88' lang='lat' dir='ltr'><strong>aliter</strong></span> <span class='ocrx_word' id='word_1_31' title='bbox 1548 628 1857 692; x_wconf 87' lang='lat' dir='ltr'><strong>crederent,</strong></span> <span class='ocrx_word' id='word_1_32' title='bbox 1892 632 1963 685; x_wconf 87' lang='lat' dir='ltr'><strong>ab</strong></span> <span class='ocrx_word' id='word_1_33' title='bbox 2015 632 2116 687; x_wconf 86' lang='lat' dir='ltr'><strong>Ee-</strong></span> 
     </span>
    </p>
   </div>
   <div class='ocr_carea' id='block_1_8' title="bbox 543 711 2113 775">
    <p class='ocr_par' dir='ltr' id='par_1_8' title="bbox 543 711 2113 775">
     <span class='ocr_line' id='line_1_8' title="bbox 543 711 2113 775; baseline 0.008 -13"><span class='ocrx_word' id='word_1_34' title='bbox 543 711 711 765; x_wconf 84' lang='lat' dir='ltr'><strong>clesia</strong></span> <span class='ocrx_word' id='word_1_35' title='bbox 736 711 1006 765; x_wconf 85' lang='lat' dir='ltr'><strong>catholica</strong></span> <span class='ocrx_word' id='word_1_36' title='bbox 1036 713 1248 769; x_wconf 86' lang='lat' dir='ltr'><strong>alienos</strong></span> <span class='ocrx_word' id='word_1_37' title='bbox 1283 728 1406 775; x_wconf 88' lang='lat' dir='ltr'><strong>esse</strong></span> <span class='ocrx_word' id='word_1_38' title='bbox 1444 717 1827 773; x_wconf 90' lang='lat' dir='ltr'><strong>decreverunt.</strong></span> <span class='ocrx_word' id='word_1_39' title='bbox 1867 719 1930 773; x_wconf 85' lang='lat' dir='ltr'><strong>Et</strong></span> <span class='ocrx_word' id='word_1_40' title='bbox 1956 720 2113 774; x_wconf 92' lang='lat' dir='ltr'><strong>libel-</strong></span> 
     </span>
    </p>
   </div>
   <div class='ocr_carea' id='block_1_9' title="bbox 544 799 2113 877">
    <p class='ocr_par' dir='ltr' id='par_1_9' title="bbox 544 799 2113 877">
     <span class='ocr_line' id='line_1_9' title="bbox 544 799 2113 877; baseline 0.009 -25"><span class='ocrx_word' id='word_1_41' title='bbox 544 800 632 853; x_wconf 86' lang='lat' dir='ltr'><strong>lus</strong></span> <span class='ocrx_word' id='word_1_42' title='bbox 663 799 885 869; x_wconf 87' lang='lat' dir='ltr'><strong>quidem</strong></span> <span class='ocrx_word' id='word_1_43' title='bbox 920 816 950 855; x_wconf 93' lang='lat' dir='ltr'><strong>a</strong></span> <span class='ocrx_word' id='word_1_44' title='bbox 975 801 1157 859; x_wconf 88' lang='lat' dir='ltr'><strong>Leona</strong></span> <span class='ocrx_word' id='word_1_45' title='bbox 1196 807 1443 875; x_wconf 88' lang='lat' dir='ltr'><strong>prolatus</strong></span> <span class='ocrx_word' id='word_1_46' title='bbox 1477 808 1593 864; x_wconf 66' lang='lat' dir='ltr'><strong>haec</strong></span> <span class='ocrx_word' id='word_1_47' title='bbox 1639 811 1983 877; x_wconf 76' lang='lat' dir='ltr'><strong>continebat,</strong></span> <span class='ocrx_word' id='word_1_48' title='bbox 2023 811 2113 866; x_wconf 91' lang='lat' dir='ltr'><strong>cui</strong></span> 
     </span>
    </p>
   </div>
   <div class='ocr_carea' id='block_1_10' title="bbox 547 889 2118 970">
    <p class='ocr_par' dir='ltr' id='par_1_10' title="bbox 547 889 2118 970">
     <span class='ocr_line' id='line_1_10' title="bbox 547 889 2118 970; baseline 0.01 -29"><span class='ocrx_word' id='word_1_49' title='bbox 547 899 659 942; x_wconf 81' lang='lat' dir='ltr'><strong>tum</strong></span> <span class='ocrx_word' id='word_1_50' title='bbox 694 889 928 947; x_wconf 87' lang='lat' dir='ltr'><strong>Aeacius</strong></span> <span class='ocrx_word' id='word_1_51' title='bbox 963 893 1103 962; x_wconf 89' lang='lat' dir='ltr'><strong>ipse,</strong></span> <span class='ocrx_word' id='word_1_52' title='bbox 1133 902 1247 949; x_wconf 88' lang='lat' dir='ltr'><strong>tum</strong></span> <span class='ocrx_word' id='word_1_53' title='bbox 1273 897 1472 968; x_wconf 86' lang='lat' dir='ltr'><strong>reliqui</strong></span> <span class='ocrx_word' id='word_1_54' title='bbox 1501 899 1625 970; x_wconf 85' lang='lat' dir='ltr'><strong>ejus</strong></span> <span class='ocrx_word' id='word_1_55' title='bbox 1651 910 1954 957; x_wconf 73' lang='lat' dir='ltr'><strong>sectatores</strong></span> <span class='ocrx_word' id='word_1_56' title='bbox 1988 902 2118 959; x_wconf 87' lang='lat' dir='ltr'><strong>sub-</strong></span> 
     </span>
    </p>
   </div>
   <div class='ocr_carea' id='block_1_11' title="bbox 545 981 2115 1062">
    <p class='ocr_par' dir='ltr' id='par_1_11' title="bbox 545 981 2115 1062">
     <span class='ocr_line' id='line_1_11' title="bbox 545 981 2115 1062; baseline 0.01 -29"><span class='ocrx_word' id='word_1_57' title='bbox 545 981 903 1050; x_wconf 87' lang='lat' dir='ltr'><strong>scripserant.</strong></span> <span class='ocrx_word' id='word_1_58' title='bbox 930 981 1066 1042; x_wconf 86' lang='lat' dir='ltr'><strong>Post</strong></span> <span class='ocrx_word' id='word_1_59' title='bbox 1112 986 1273 1056; x_wconf 89' lang='lat' dir='ltr'><strong>cujus</strong></span> <span class='ocrx_word' id='word_1_60' title='bbox 1296 990 1715 1057; x_wconf 63' lang='lat' dir='ltr'><strong>,recitationem,</strong></span> <span class='ocrx_word' id='word_1_61' title='bbox 1771 990 2115 1062; x_wconf 89' lang='lat' dir='ltr'><strong>Sophronius</strong></span> 
     </span>
    </p>
   </div>
   <div class='ocr_carea' id='block_1_12' title="bbox 547 1072 2114 1154">
    <p class='ocr_par' dir='ltr' id='par_1_12' title="bbox 547 1072 2114 1154">
     <span class='ocr_line' id='line_1_12' title="bbox 547 1072 2114 1154; baseline 0.008 -30"><span class='ocrx_word' id='word_1_62' title='bbox 547 1072 823 1143; x_wconf 78' lang='lat' dir='ltr'><strong>Paphlago</strong></span> <span class='ocrx_word' id='word_1_63' title='bbox 869 1075 1189 1132; x_wconf 84' lang='lat' dir='ltr'><strong>exclamans</strong></span> <span class='ocrx_word' id='word_1_64' title='bbox 1217 1077 1394 1135; x_wconf 83' lang='lat' dir='ltr'><strong>dixit:</strong></span> <span class='ocrx_word' id='word_1_65' title='bbox 1441 1078 1501 1135; x_wconf 91' lang='lat' dir='ltr'><strong>Si</strong></span> <span class='ocrx_word' id='word_1_66' title='bbox 1532 1083 1782 1152; x_wconf 85' lang='lat' dir='ltr'><strong>quotidie</strong></span> <span class='ocrx_word' id='word_1_67' title='bbox 1837 1084 2114 1154; x_wconf 88' lang='lat' dir='ltr'><strong>propriam</strong></span> 
     </span>
    </p>
   </div>
   <div class='ocr_carea' id='block_1_13' title="bbox 546 1167 2114 1244">
    <p class='ocr_par' dir='ltr' id='par_1_13' title="bbox 546 1167 2114 1244">
     <span class='ocr_line' id='line_1_13' title="bbox 546 1167 2114 1244; baseline 0.008 -25"><span class='ocrx_word' id='word_1_68' title='bbox 546 1167 873 1221; x_wconf 87' lang='lat' dir='ltr'><strong>sententiam</strong></span> <span class='ocrx_word' id='word_1_69' title='bbox 914 1183 1207 1237; x_wconf 76' lang='lat' dir='ltr'><strong>exponere,</strong></span> <span class='ocrx_word' id='word_1_70' title='bbox 1243 1171 1364 1226; x_wconf 87' lang='lat' dir='ltr'><strong>lldei</strong></span> <span class='ocrx_word' id='word_1_71' title='bbox 1393 1176 1664 1244; x_wconf 78' lang='lat' dir='ltr'><strong>expositio</strong></span> <span class='ocrx_word' id='word_1_72' title='bbox 1692 1182 1797 1240; x_wconf 88' lang='lat' dir='ltr'><strong>est,</strong></span> <span class='ocrx_word' id='word_1_73' title='bbox 1857 1177 2114 1232; x_wconf 83' lang='lat' dir='ltr'><strong>veritatis</strong></span> 
     </span>
    </p>
   </div>
   <div class='ocr_carea' id='block_1_14' title="bbox 543 1255 2115 1332">
    <p class='ocr_par' dir='ltr' id='par_1_14' title="bbox 543 1255 2115 1332">
     <span class='ocr_line' id='line_1_14' title="bbox 543 1255 2115 1332; baseline 0.007 -24"><span class='ocrx_word' id='word_1_74' title='bbox 543 1255 729 1326; x_wconf 76' lang='lat' dir='ltr'><strong>regula</strong></span> <span class='ocrx_word' id='word_1_75' title='bbox 763 1270 866 1332; x_wconf 82' lang='lat' dir='ltr'><strong>n_os</strong></span> <span class='ocrx_word' id='word_1_76' title='bbox 904 1257 1184 1314; x_wconf 86' lang='lat' dir='ltr'><strong>destituet.</strong></span> <span class='ocrx_word' id='word_1_77' title='bbox 1216 1260 1467 1332; x_wconf 87' lang='lat' dir='ltr'><strong>Cumque</strong></span> <span class='ocrx_word' id='word_1_78' title='bbox 1487 1263 1721 1320; x_wconf 81' lang='lat' dir='ltr'><strong>Aeacius</strong></span> <span class='ocrx_word' id='word_1_79' title='bbox 1753 1264 2115 1320; x_wconf 83' lang='lat' dir='ltr'><strong>contenderet</strong></span> 
     </span>
    </p>
   </div>
   <div class='ocr_carea' id='block_1_15' title="bbox 546 1323 2116 1421">
    <p class='ocr_par' dir='ltr' id='par_1_15' title="bbox 546 1323 2116 1421">
     <span class='ocr_line' id='line_1_15' title="bbox 546 1323 2116 1421; baseline 0.006 -19"><span class='ocrx_word' id='word_1_80' title='bbox 546 1323 684 1403; x_wconf 81' lang='lat' dir='ltr'><strong>nihil</strong></span> <span class='ocrx_word' id='word_1_81' title='bbox 721 1323 943 1406; x_wconf 61' lang='lat' dir='ltr'><strong>obstare</strong></span> <span class='ocrx_word' id='word_1_82' title='bbox 978 1351 1277 1421; x_wconf 88' lang='lat' dir='ltr'><strong>quominus</strong></span> <span class='ocrx_word' id='word_1_83' title='bbox 1311 1323 1418 1409; x_wconf 76' lang='lat' dir='ltr'><strong>alia</strong></span> <span class='ocrx_word' id='word_1_84' title='bbox 1451 1353 1574 1410; x_wconf 84' lang='lat' dir='ltr'><strong>ﬁdei</strong></span> <span class='ocrx_word' id='word_1_85' title='bbox 1599 1356 1836 1411; x_wconf 80' lang='lat' dir='ltr'><strong>formula</strong></span> <span class='ocrx_word' id='word_1_86' title='bbox 1866 1358 2116 1413; x_wconf 90' lang='lat' dir='ltr'><strong>conscri-</strong></span> 
     </span>
    </p>
   </div>
   <div class='ocr_carea' id='block_1_16' title="bbox 545 1445 2118 1521">
    <p class='ocr_par' dir='ltr' id='par_1_16' title="bbox 545 1445 2118 1521">
     <span class='ocr_line' id='line_1_16' title="bbox 545 1445 2118 1521; baseline 0.005 -22"><span class='ocrx_word' id='word_1_87' title='bbox 545 1445 789 1512; x_wconf 90' lang='lat' dir='ltr'><strong>beretur,</strong></span> <span class='ocrx_word' id='word_1_88' title='bbox 828 1446 1269 1518; x_wconf 83' lang='lat' dir='ltr'><strong>quandoquidem</strong></span> <span class='ocrx_word' id='word_1_89' title='bbox 1323 1449 1442 1519; x_wconf 88' lang='lat' dir='ltr'><strong>ipsa</strong></span> <span class='ocrx_word' id='word_1_90' title='bbox 1473 1467 1690 1521; x_wconf 88' lang='lat' dir='ltr'><strong>quoque</strong></span> <span class='ocrx_word' id='word_1_91' title='bbox 1723 1451 1926 1507; x_wconf 81' lang='lat' dir='ltr'><strong>Nicaeni</strong></span> <span class='ocrx_word' id='word_1_92' title='bbox 1981 1467 2118 1507; x_wconf 92' lang='lat' dir='ltr'><strong>con-</strong></span> 
     </span>
    </p>
   </div>
   <div class='ocr_carea' id='block_1_17' title="bbox 545 1536 2099 1613">
    <p class='ocr_par' dir='ltr' id='par_1_17' title="bbox 545 1536 2099 1613">
     <span class='ocr_line' id='line_1_17' title="bbox 545 1536 2099 1613; baseline 0.007 -24"><span class='ocrx_word' id='word_1_93' title='bbox 545 1536 657 1590; x_wconf 84' lang='lat' dir='ltr'><strong>cilii</strong></span> <span class='ocrx_word' id='word_1_94' title='bbox 681 1536 813 1593; x_wconf 81' lang='lat' dir='ltr'><strong>ﬁdes</strong></span> <span class='ocrx_word' id='word_1_95' title='bbox 837 1540 1007 1596; x_wconf 89' lang='lat' dir='ltr'><strong>semel</strong></span> <span class='ocrx_word' id='word_1_96' title='bbox 1047 1541 1330 1596; x_wconf 84' lang='lat' dir='ltr'><strong>immutata</strong></span> <span class='ocrx_word' id='word_1_97' title='bbox 1357 1551 1526 1607; x_wconf 90' lang='lat' dir='ltr'><strong>esset,</strong></span> <span class='ocrx_word' id='word_1_98' title='bbox 1562 1559 1626 1598; x_wconf 91' lang='lat' dir='ltr'><strong>ac</strong></span> <span class='ocrx_word' id='word_1_99' title='bbox 1651 1552 1774 1613; x_wconf 88' lang='lat' dir='ltr'><strong>post</strong></span> <span class='ocrx_word' id='word_1_100' title='bbox 1795 1546 1962 1599; x_wconf 89' lang='lat' dir='ltr'><strong>etiam</strong></span> <span class='ocrx_word' id='word_1_101' title='bbox 1994 1561 2099 1599; x_wconf 69' lang='lat' dir='ltr'><strong>sae-</strong></span> 
     </span>
    </p>
   </div>
   <div class='ocr_carea' id='block_1_18' title="bbox 545 1628 2116 1702">
    <p class='ocr_par' dir='ltr' id='par_1_18' title="bbox 545 1628 2116 1702">
     <span class='ocr_line' id='line_1_18' title="bbox 545 1628 2116 1702; baseline 0.006 -21"><span class='ocrx_word' id='word_1_102' title='bbox 545 1628 671 1695; x_wconf 88' lang='lat' dir='ltr'><strong>pius</strong></span> <span class='ocrx_word' id='word_1_103' title='bbox 691 1629 742 1683; x_wconf 93' lang='lat' dir='ltr'><strong>id</strong></span> <span class='ocrx_word' id='word_1_104' title='bbox 773 1629 1133 1700; x_wconf 79' lang='lat' dir='ltr'><strong>contigisset;</strong></span> <span class='ocrx_word' id='word_1_105' title='bbox 1168 1636 1507 1702; x_wconf 88' lang='lat' dir='ltr'><strong>respondens</strong></span> <span class='ocrx_word' id='word_1_106' title='bbox 1541 1634 1797 1692; x_wconf 85' lang='lat' dir='ltr'><strong>Eleusius</strong></span> <span class='ocrx_word' id='word_1_107' title='bbox 1827 1636 2008 1692; x_wconf 81' lang='lat' dir='ltr'><strong>dixit:</strong></span> <span class='ocrx_word' id='word_1_108' title='bbox 2043 1637 2116 1691; x_wconf 93' lang='lat' dir='ltr'><strong>At</strong></span> 
     </span>
    </p>
   </div>
   <div class='ocr_carea' id='block_1_19' title="bbox 546 1720 2114 1795">
    <p class='ocr_par' dir='ltr' id='par_1_19' title="bbox 546 1720 2114 1795">
     <span class='ocr_line' id='line_1_19' title="bbox 546 1720 2114 1795; baseline 0.006 -22"><span class='ocrx_word' id='word_1_109' title='bbox 546 1720 790 1790; x_wconf 82' lang='lat' dir='ltr'><strong>synodus</strong></span> <span class='ocrx_word' id='word_1_110' title='bbox 851 1737 1001 1777; x_wconf 91' lang='lat' dir='ltr'><strong>nunc</strong></span> <span class='ocrx_word' id='word_1_111' title='bbox 1048 1732 1377 1795; x_wconf 82' lang='lat' dir='ltr'><strong>congregata</strong></span> <span class='ocrx_word' id='word_1_112' title='bbox 1409 1734 1519 1787; x_wconf 85' lang='lat' dir='ltr'><strong>est.</strong></span> <span class='ocrx_word' id='word_1_113' title='bbox 1570 1742 1683 1782; x_wconf 93' lang='lat' dir='ltr'><strong>non</strong></span> <span class='ocrx_word' id='word_1_114' title='bbox 1735 1736 1795 1783; x_wconf 91' lang='lat' dir='ltr'><strong>ut</strong></span> <span class='ocrx_word' id='word_1_115' title='bbox 1836 1729 2013 1784; x_wconf 86' lang='lat' dir='ltr'><strong>discat</strong></span> <span class='ocrx_word' id='word_1_116' title='bbox 2050 1743 2114 1784; x_wconf 89' lang='lat' dir='ltr'><strong>ea</strong></span> 
     </span>
    </p>
   </div>
   <div class='ocr_carea' id='block_1_20' title="bbox 2217 538 3749 614">
    <p class='ocr_par' dir='ltr' id='par_1_20' title="bbox 2217 538 3749 614">
     <span class='ocr_line' id='line_1_20' title="bbox 2217 538 3749 614; baseline -0.001 -21"><span class='ocrx_word' id='word_1_117' title='bbox 2217 541 2537 614; x_wconf 83' lang='grc' dir='ltr'>μεμάθηκεν</span> <span class='ocrx_word' id='word_1_118' title='bbox 2577 542 2721 614; x_wconf 71' lang='lat'><strong>(‘21),</strong></span> <span class='ocrx_word' id='word_1_119' title='bbox 2750 543 2857 596; x_wconf 72' lang='grc' dir='ltr'>οὐδ’</span> <span class='ocrx_word' id='word_1_120' title='bbox 2897 543 2984 596; x_wconf 84' lang='grc' dir='ltr'><strong>ῐνα</strong></span> <span class='ocrx_word' id='word_1_121' title='bbox 3028 543 3210 596; x_wconf 70' lang='grc' dir='ltr'>πίστιν</span> <span class='ocrx_word' id='word_1_122' title='bbox 3258 541 3448 611; x_wconf 77' lang='grc' dir='ltr'><strong>ἑτέραν</strong></span> <span class='ocrx_word' id='word_1_123' title='bbox 3496 538 3749 613; x_wconf 76' lang='grc' dir='ltr'>παραλάϐῃ</span> 
     </span>
    </p>
   </div>
   <div class='ocr_carea' id='block_1_21' title="bbox 2215 628 3745 705">
    <p class='ocr_par' dir='ltr' id='par_1_21' title="bbox 2215 628 3745 705">
     <span class='ocr_line' id='line_1_21' title="bbox 2215 628 3745 705; baseline -0.003 -20"><span class='ocrx_word' id='word_1_124' title='bbox 2215 632 2363 703; x_wconf 77' lang='grc' dir='ltr'>παρὰ</span> <span class='ocrx_word' id='word_1_125' title='bbox 2387 635 2484 702; x_wconf 83' lang='grc' dir='ltr'>τὴν</span> <span class='ocrx_word' id='word_1_126' title='bbox 2510 633 2610 705; x_wconf 75' lang='grc' dir='ltr'><strong>ἤδη</strong></span> <span class='ocrx_word' id='word_1_127' title='bbox 2639 633 3058 704; x_wconf 76' lang='grc' dir='ltr'><strong>δοκιμασθεῖσαν</strong></span> <span class='ocrx_word' id='word_1_128' title='bbox 3086 630 3369 702; x_wconf 52' lang='lat' dir='ltr'><strong>napi“:th</strong></span> <span class='ocrx_word' id='word_1_129' title='bbox 3394 632 3451 683; x_wconf 85' lang='grc' dir='ltr'>ὲν</span> <span class='ocrx_word' id='word_1_130' title='bbox 3475 628 3745 701; x_wconf 62' lang='grc' dir='ltr'>Ἀντιοχείᾳ</span> 
     </span>
    </p>
   </div>
   <div class='ocr_carea' id='block_1_22' title="bbox 2215 719 3750 795">
    <p class='ocr_par' dir='ltr' id='par_1_22' title="bbox 2215 719 3750 795">
     <span class='ocr_line' id='line_1_22' title="bbox 2215 719 3750 795; baseline -0.001 -22"><span class='ocrx_word' id='word_1_131' title='bbox 2215 722 2596 777; x_wconf 87' lang='grc' dir='ltr'>συνελθόντων.</span> <span class='ocrx_word' id='word_1_132' title='bbox 2637 723 2747 776; x_wconf 78' lang='grc' dir='ltr'><strong>Καὶ</strong></span> <span class='ocrx_word' id='word_1_133' title='bbox 2800 724 2960 794; x_wconf 83' lang='grc' dir='ltr'>μέχρι</span> <span class='ocrx_word' id='word_1_134' title='bbox 2999 722 3146 795; x_wconf 70' lang='grc' dir='ltr'><strong>ζωῆς</strong></span> <span class='ocrx_word' id='word_1_135' title='bbox 3183 723 3277 775; x_wconf 77' lang='grc' dir='ltr'><strong>καὶ</strong></span> <span class='ocrx_word' id='word_1_136' title='bbox 3321 719 3547 774; x_wconf 88' lang='grc' dir='ltr'>θανάτου</span> <span class='ocrx_word' id='word_1_137' title='bbox 3578 719 3750 788; x_wconf 87' lang='grc' dir='ltr'>ταύτης</span> 
     </span>
    </p>
   </div>
   <div class='ocr_carea' id='block_1_23' title="bbox 2215 810 3751 885">
    <p class='ocr_par' dir='ltr' id='par_1_23' title="bbox 2215 810 3751 885">
     <span class='ocr_line' id='line_1_23' title="bbox 2215 810 3751 885; baseline -0.002 -19"><span class='ocrx_word' id='word_1_138' title='bbox 2215 814 2431 884; x_wconf 80' lang='grc' dir='ltr'>ἔχεσθαι</span> <span class='ocrx_word' id='word_1_139' title='bbox 2455 816 2614 884; x_wconf 75' lang='grc' dir='ltr'>σφᾶς.</span> <span class='ocrx_word' id='word_1_140' title='bbox 2639 810 2767 868; x_wconf 77' lang='grc' dir='ltr'>Ὧδε</span> <span class='ocrx_word' id='word_1_141' title='bbox 2799 815 3094 885; x_wconf 78' lang='grc' dir='ltr'><strong>προϊούσης</strong></span> <span class='ocrx_word' id='word_1_142' title='bbox 3122 815 3220 885; x_wconf 84' lang='grc' dir='ltr'>τῆς</span> <span class='ocrx_word' id='word_1_143' title='bbox 3239 810 3538 877; x_wconf 78' lang='grc' dir='ltr'>διαλέξεως,</span> <span class='ocrx_word' id='word_1_144' title='bbox 3562 810 3643 863; x_wconf 75' lang='grc' dir='ltr'><strong>ἐπὶ</strong></span> <span class='ocrx_word' id='word_1_145' title='bbox 3658 810 3751 863; x_wconf 76' lang='grc' dir='ltr'><strong>ἑτέ-</strong></span> 
     </span>
    </p>
   </div>
   <div class='ocr_carea' id='block_1_24' title="bbox 2216 900 3755 976">
    <p class='ocr_par' dir='ltr' id='par_1_24' title="bbox 2216 900 3755 976">
     <span class='ocr_line' id='line_1_24' title="bbox 2216 900 3755 976; baseline -0.003 -21"><span class='ocrx_word' id='word_1_146' title='bbox 2216 920 2316 973; x_wconf 88' lang='grc' dir='ltr'><strong>ραν</strong></span> <span class='ocrx_word' id='word_1_147' title='bbox 2348 904 2652 975; x_wconf 80' lang='grc' dir='ltr'>μετέϐησαν</span> <span class='ocrx_word' id='word_1_148' title='bbox 2677 904 2923 976; x_wconf 80' lang='grc' dir='ltr'>ζήτησιν.</span> <span class='ocrx_word' id='word_1_149' title='bbox 2967 906 3079 958; x_wconf 73' lang='grc' dir='ltr'>Καὶ</span> <span class='ocrx_word' id='word_1_150' title='bbox 3124 904 3482 957; x_wconf 76' lang='grc' dir='ltr'>ἐπυνθάνοντο</span> <span class='ocrx_word' id='word_1_151' title='bbox 3512 901 3610 955; x_wconf 85' lang='grc' dir='ltr'><strong>τῶν</strong></span> <span class='ocrx_word' id='word_1_152' title='bbox 3636 900 3755 969; x_wconf 75' lang='grc' dir='ltr'><strong>ἀμφὶ</strong></span> 
     </span>
    </p>
   </div>
   <div class='ocr_carea' id='block_1_25' title="bbox 2216 989 3753 1066">
    <p class='ocr_par' dir='ltr' id='par_1_25' title="bbox 2216 989 3753 1066">
     <span class='ocr_line' id='line_1_25' title="bbox 2216 989 3753 1066; baseline -0.005 -17"><span class='ocrx_word' id='word_1_153' title='bbox 2216 996 2491 1059; x_wconf 78' lang='grc' dir='ltr'>Ἀκάκιον,</span> <span class='ocrx_word' id='word_1_154' title='bbox 2520 995 2665 1050; x_wconf 84' lang='grc' dir='ltr'>κατὰ</span> <span class='ocrx_word' id='word_1_155' title='bbox 2690 996 2743 1048; x_wconf 82' lang='grc' dir='ltr'>τί</span> <span class='ocrx_word' id='word_1_156' title='bbox 2773 998 2961 1066; x_wconf 80' lang='grc' dir='ltr'>ὅμοιον</span> <span class='ocrx_word' id='word_1_157' title='bbox 2982 995 3060 1066; x_wconf 82' lang='grc' dir='ltr'>τῷ</span> <span class='ocrx_word' id='word_1_158' title='bbox 3094 996 3269 1066; x_wconf 75' lang='grc' dir='ltr'>Πατρὶ</span> <span class='ocrx_word' id='word_1_159' title='bbox 3294 994 3385 1047; x_wconf 81' lang='grc' dir='ltr'><strong>τὸν</strong></span> <span class='ocrx_word' id='word_1_160' title='bbox 3418 991 3541 1045; x_wconf 80' lang='grc' dir='ltr'>Υἱὸν</span> <span class='ocrx_word' id='word_1_161' title='bbox 3576 989 3753 1060; x_wconf 82' lang='grc' dir='ltr'>ὡμολό-</span> 
     </span>
    </p>
   </div>
   <div class='ocr_carea' id='block_1_26' title="bbox 2214 1081 3754 1159">
    <p class='ocr_par' dir='ltr' id='par_1_26' title="bbox 2214 1081 3754 1159">
     <span class='ocr_line' id='line_1_26' title="bbox 2214 1081 3754 1159; baseline -0.006 -18"><span class='ocrx_word' id='word_1_162' title='bbox 2214 1104 2410 1157; x_wconf 84' lang='grc' dir='ltr'>γησαν.</span> <span class='ocrx_word' id='word_1_163' title='bbox 2452 1088 2573 1141; x_wconf 83' lang='grc' dir='ltr'>Τῶν</span> <span class='ocrx_word' id='word_1_164' title='bbox 2603 1087 2688 1149; x_wconf 84' lang='grc' dir='ltr'><strong>δὲ.</strong></span> <span class='ocrx_word' id='word_1_165' title='bbox 2718 1087 2863 1141; x_wconf 74' lang='grc' dir='ltr'>κατὰ</span> <span class='ocrx_word' id='word_1_166' title='bbox 2907 1087 3160 1159; x_wconf 80' lang='grc' dir='ltr'>βούλησιν</span> <span class='ocrx_word' id='word_1_167' title='bbox 3189 1086 3350 1158; x_wconf 77' lang='grc' dir='ltr'>μόνον</span> <span class='ocrx_word' id='word_1_168' title='bbox 3371 1126 3385 1150; x_wconf 89' lang='grc'>,</span> <span class='ocrx_word' id='word_1_169' title='bbox 3416 1085 3475 1138; x_wconf 92' lang='grc' dir='ltr'><strong>οὐ</strong></span> <span class='ocrx_word' id='word_1_170' title='bbox 3514 1082 3611 1154; x_wconf 80' lang='grc' dir='ltr'><strong>μὴν</strong></span> <span class='ocrx_word' id='word_1_171' title='bbox 3651 1081 3754 1136; x_wconf 80' lang='grc' dir='ltr'>κατ’</span> 
     </span>
    </p>
   </div>
   <div class='ocr_carea' id='block_1_27' title="bbox 2214 1173 3758 1245">
    <p class='ocr_par' dir='ltr' id='par_1_27' title="bbox 2214 1173 3758 1245">
     <span class='ocr_line' id='line_1_27' title="bbox 2214 1173 3758 1245; baseline -0.003 -16"><span class='ocrx_word' id='word_1_172' title='bbox 2214 1176 2403 1230; x_wconf 78' lang='grc' dir='ltr'>οὐσίαν</span> <span class='ocrx_word' id='word_1_173' title='bbox 2433 1177 2722 1230; x_wconf 79' lang='grc' dir='ltr'>εἰπόντων’</span> <span class='ocrx_word' id='word_1_174' title='bbox 2755 1177 2806 1230; x_wconf 82' lang='grc' dir='ltr'>οἱ</span> <span class='ocrx_word' id='word_1_175' title='bbox 2847 1178 2947 1245; x_wconf 84' lang='grc' dir='ltr'>μὲν</span> <span class='ocrx_word' id='word_1_176' title='bbox 2991 1177 3140 1231; x_wconf 81' lang='grc' dir='ltr'>ἄλλοι</span> <span class='ocrx_word' id='word_1_177' title='bbox 3178 1176 3401 1239; x_wconf 84' lang='grc' dir='ltr'>πάντες,</span> <span class='ocrx_word' id='word_1_178' title='bbox 3430 1174 3521 1228; x_wconf 70' lang='grc' dir='ltr'>καὶ</span> <span class='ocrx_word' id='word_1_179' title='bbox 3559 1173 3665 1226; x_wconf 78' lang='grc' dir='ltr'>κατ’</span> <span class='ocrx_word' id='word_1_180' title='bbox 3688 1173 3758 1224; x_wconf 80' lang='grc' dir='ltr'>οὐ·</span> 
     </span>
    </p>
   </div>
   <div class='ocr_carea' id='block_1_28' title="bbox 2216 1263 3760 1339">
    <p class='ocr_par' dir='ltr' id='par_1_28' title="bbox 2216 1263 3760 1339">
     <span class='ocr_line' id='line_1_28' title="bbox 2216 1263 3760 1339; baseline -0.004 -19"><span class='ocrx_word' id='word_1_181' title='bbox 2216 1268 2339 1321; x_wconf 83' lang='grc' dir='ltr'>σίαν</span> <span class='ocrx_word' id='word_1_182' title='bbox 2393 1268 2577 1339; x_wconf 80' lang='grc' dir='ltr'>ὅμοιον</span> <span class='ocrx_word' id='word_1_183' title='bbox 2631 1269 2793 1322; x_wconf 86' lang='grc' dir='ltr'>αὐτὸν</span> <span class='ocrx_word' id='word_1_184' title='bbox 2851 1267 3202 1339; x_wconf 75' lang='grc' dir='ltr'>ἰσχυρίζοντο.</span> <span class='ocrx_word' id='word_1_185' title='bbox 3252 1267 3365 1321; x_wconf 76' lang='grc' dir='ltr'>Καὶ</span> <span class='ocrx_word' id='word_1_186' title='bbox 3409 1265 3496 1319; x_wconf 77' lang='grc' dir='ltr'><strong>τὸν</strong></span> <span class='ocrx_word' id='word_1_187' title='bbox 3538 1263 3760 1317; x_wconf 76' lang='grc' dir='ltr'>Ἀκάκιον</span> 
     </span>
    </p>
   </div>
   <div class='ocr_carea' id='block_1_29' title="bbox 2215 1354 3758 1429">
    <p class='ocr_par' dir='ltr' id='par_1_29' title="bbox 2215 1354 3758 1429">
     <span class='ocr_line' id='line_1_29' title="bbox 2215 1354 3758 1429; baseline -0.005 -18"><span class='ocrx_word' id='word_1_188' title='bbox 2215 1358 2441 1429; x_wconf 74' lang='grc' dir='ltr'>ἤλεγχον</span> <span class='ocrx_word' id='word_1_189' title='bbox 2463 1358 2549 1412; x_wconf 77' lang='grc' dir='ltr'><strong>διὰ</strong></span> <span class='ocrx_word' id='word_1_190' title='bbox 2569 1358 2660 1412; x_wconf 83' lang='grc' dir='ltr'><strong>τὸν</strong></span> <span class='ocrx_word' id='word_1_191' title='bbox 2686 1358 2847 1427; x_wconf 69' lang='grc' dir='ltr'>λόγον</span> <span class='ocrx_word' id='word_1_192' title='bbox 2868 1358 2927 1412; x_wconf 80' lang='grc' dir='ltr'><strong>δν</strong></span> <span class='ocrx_word' id='word_1_193' title='bbox 2958 1358 3334 1429; x_wconf 78' lang='grc' dir='ltr'>συνεγράψατο</span> <span class='ocrx_word' id='word_1_194' title='bbox 3358 1356 3452 1409; x_wconf 68' lang='grc' dir='ltr'>καὶ</span> <span class='ocrx_word' id='word_1_195' title='bbox 3481 1354 3758 1419; x_wconf 75' lang='grc' dir='ltr'><strong>ἐκδέδωκεν,</strong></span> 
     </span>
    </p>
   </div>
   <div class='ocr_carea' id='block_1_30' title="bbox 2215 1443 3762 1519">
    <p class='ocr_par' dir='ltr' id='par_1_30' title="bbox 2215 1443 3762 1519">
     <span class='ocr_line' id='line_1_30' title="bbox 2215 1443 3762 1519; baseline -0.005 -18"><span class='ocrx_word' id='word_1_196' title='bbox 2215 1447 2291 1513; x_wconf 85' lang='grc' dir='ltr'><strong>ὡς</strong></span> <span class='ocrx_word' id='word_1_197' title='bbox 2317 1448 2517 1519; x_wconf 82' lang='grc' dir='ltr'>ὁμοίως</span> <span class='ocrx_word' id='word_1_198' title='bbox 2544 1449 2729 1512; x_wconf 84' lang='grc' dir='ltr'>αὐτοῖς</span> <span class='ocrx_word' id='word_1_199' title='bbox 2758 1448 2974 1514; x_wconf 76' lang='grc' dir='ltr'>ἐδόξαζε</span> <span class='ocrx_word' id='word_1_200' title='bbox 3012 1448 3303 1519; x_wconf 86' lang='grc' dir='ltr'>πρότερον.</span> <span class='ocrx_word' id='word_1_201' title='bbox 3332 1446 3438 1500; x_wconf 78' lang='grc' dir='ltr'>Τοῦ</span> <span class='ocrx_word' id='word_1_202' title='bbox 3472 1446 3547 1507; x_wconf 77' lang='grc' dir='ltr'><strong>δὲ,</strong></span> <span class='ocrx_word' id='word_1_203' title='bbox 3582 1443 3649 1515; x_wconf 78' lang='grc' dir='ltr'>μὴ</span> <span class='ocrx_word' id='word_1_204' title='bbox 3671 1444 3762 1496; x_wconf 82' lang='grc' dir='ltr'>δεῖν</span> 
     </span>
    </p>
   </div>
   <div class='ocr_carea' id='block_1_31' title="bbox 2216 1536 3760 1611">
    <p class='ocr_par' dir='ltr' id='par_1_31' title="bbox 2216 1536 3760 1611">
     <span class='ocr_line' id='line_1_31' title="bbox 2216 1536 3760 1611; baseline -0.005 -16"><span class='ocrx_word' id='word_1_205' title='bbox 2216 1540 2325 1595; x_wconf 85' lang='grc' dir='ltr'>ἀπὸ</span> <span class='ocrx_word' id='word_1_206' title='bbox 2374 1542 2823 1611; x_wconf 81' lang='grc' dir='ltr'>συγγραμμάτων</span> <span class='ocrx_word' id='word_1_207' title='bbox 2855 1540 2954 1604; x_wconf 83' lang='grc' dir='ltr'>τάς</span> <span class='ocrx_word' id='word_1_208' title='bbox 2992 1540 3221 1604; x_wconf 82' lang='grc' dir='ltr'>εὐθύνας</span> <span class='ocrx_word' id='word_1_209' title='bbox 3263 1539 3487 1607; x_wconf 79' lang='grc' dir='ltr'>ἐπάγειν</span> <span class='ocrx_word' id='word_1_210' title='bbox 3528 1536 3760 1604; x_wconf 80' lang='grc' dir='ltr'>λέγοντος,</span> 
     </span>
    </p>
   </div>
   <div class='ocr_carea' id='block_1_32' title="bbox 2216 1627 3759 1705">
    <p class='ocr_par' dir='ltr' id='par_1_32' title="bbox 2216 1627 3759 1705">
     <span class='ocr_line' id='line_1_32' title="bbox 2216 1627 3759 1705; baseline -0.003 -20"><span class='ocrx_word' id='word_1_211' title='bbox 2216 1634 2309 1685; x_wconf 79' lang='grc' dir='ltr'><strong>καὶ</strong></span> <span class='ocrx_word' id='word_1_212' title='bbox 2338 1634 2438 1703; x_wconf 82' lang='grc' dir='ltr'><strong>τῆς</strong></span> <span class='ocrx_word' id='word_1_213' title='bbox 2461 1632 2748 1699; x_wconf 80' lang='grc' dir='ltr'>διαλέξεως</span> <span class='ocrx_word' id='word_1_214' title='bbox 2780 1633 2872 1687; x_wconf 74' lang='grc' dir='ltr'><strong>ἐπὶ</strong></span> <span class='ocrx_word' id='word_1_215' title='bbox 2912 1632 3113 1705; x_wconf 81' lang='grc' dir='ltr'>μᾶλλον</span> <span class='ocrx_word' id='word_1_216' title='bbox 3145 1629 3440 1702; x_wconf 73' lang='grc' dir='ltr'><strong>ἐριστικῶς</strong></span> <span class='ocrx_word' id='word_1_217' title='bbox 3477 1627 3759 1700; x_wconf 73' lang='grc' dir='ltr'><strong>προϊούσης,</strong></span> 
     </span>
    </p>
   </div>
   <div class='ocr_carea' id='block_1_33' title="bbox 2214 1715 3762 1789">
    <p class='ocr_par' dir='ltr' id='par_1_33' title="bbox 2214 1715 3762 1789">
     <span class='ocr_line' id='line_1_33' title="bbox 2214 1715 3762 1789; baseline -0.003 -16"><span class='ocrx_word' id='word_1_218' title='bbox 2214 1721 2276 1774; x_wconf 85' lang='grc' dir='ltr'><strong>τὸ</strong></span> <span class='ocrx_word' id='word_1_219' title='bbox 2332 1721 2640 1776; x_wconf 86' lang='grc' dir='ltr'>τελευταῖον</span> <span class='ocrx_word' id='word_1_220' title='bbox 2676 1721 2950 1786; x_wconf 83' lang='grc' dir='ltr'>Ἐλεύσιος</span> <span class='ocrx_word' id='word_1_221' title='bbox 2989 1723 3017 1774; x_wconf 98' lang='lat'><strong>6</strong></span> <span class='ocrx_word' id='word_1_222' title='bbox 3060 1720 3387 1789; x_wconf 76' lang='grc' dir='ltr'>Κυζικηνὸς.</span> <span class='ocrx_word' id='word_1_223' title='bbox 3414 1720 3477 1773; x_wconf 80' lang='grc' dir='ltr'><strong>Εἰ</strong></span> <span class='ocrx_word' id='word_1_224' title='bbox 3518 1717 3628 1786; x_wconf 81' lang='grc' dir='ltr'>μὲν.</span> <span class='ocrx_word' id='word_1_225' title='bbox 3658 1715 3762 1784; x_wconf 78' lang='grc' dir='ltr'><strong>ἔφη,</strong></span> 
     </span>
    </p>
   </div>
   <div class='ocr_carea' id='block_1_34' title="bbox 543 1791 2116 1887">
    <p class='ocr_par' dir='ltr' id='par_1_34' title="bbox 543 1791 2110 1887">
     <span class='ocr_line' id='line_1_34' title="bbox 543 1791 2110 1887; baseline 0.008 -28"><span class='ocrx_word' id='word_1_226' title='bbox 543 1824 666 1876; x_wconf 69' lang='lat' dir='ltr'><strong>qua:</strong></span> <span class='ocrx_word' id='word_1_227' title='bbox 692 1808 806 1878; x_wconf 89' lang='lat' dir='ltr'><strong>jam</strong></span> <span class='ocrx_word' id='word_1_228' title='bbox 827 1808 1039 1873; x_wconf 90' lang='lat' dir='ltr'><strong>didicit,</strong></span> <span class='ocrx_word' id='word_1_229' title='bbox 1081 1791 1278 1880; x_wconf 31' lang='lat' dir='ltr'><strong>neque-</strong></span> <span class='ocrx_word' id='word_1_230' title='bbox 1307 1820 1366 1867; x_wconf 91' lang='lat' dir='ltr'><strong>ut</strong></span> <span class='ocrx_word' id='word_1_231' title='bbox 1401 1814 1563 1869; x_wconf 88' lang='lat' dir='ltr'><strong>aliam</strong></span> <span class='ocrx_word' id='word_1_232' title='bbox 1620 1817 1779 1870; x_wconf 80' lang='lat' dir='ltr'><strong>[idem</strong></span> <span class='ocrx_word' id='word_1_233' title='bbox 1841 1818 2110 1887; x_wconf 90' lang='lat' dir='ltr'><strong>suscipiat</strong></span> 
     </span>
    </p>
   </div>
   <div class='ocr_carea' id='block_1_35' title="bbox 2219 1791 3763 1887">
    <p class='ocr_par' dir='ltr' id='par_1_35' title="bbox 2219 1811 3763 1885">
     <span class='ocr_line' id='line_1_35' title="bbox 2219 1811 3763 1885; baseline 0.001 -20"><span class='ocrx_word' id='word_1_234' title='bbox 2219 1812 2494 1876; x_wconf 80' lang='grc' dir='ltr'>Βασίλειος</span> <span class='ocrx_word' id='word_1_235' title='bbox 2523 1812 2555 1884; x_wconf 81' lang='grc' dir='ltr'>ἢ</span> <span class='ocrx_word' id='word_1_236' title='bbox 2595 1814 2822 1885; x_wconf 85' lang='grc' dir='ltr'>Μάρκος</span> <span class='ocrx_word' id='word_1_237' title='bbox 2865 1814 2988 1868; x_wconf 82' lang='grc' dir='ltr'>καθ’</span> <span class='ocrx_word' id='word_1_238' title='bbox 3015 1813 3241 1877; x_wconf 82' lang='grc' dir='ltr'>ἑαυτούς</span> <span class='ocrx_word' id='word_1_239' title='bbox 3268 1831 3393 1867; x_wconf 85' lang='grc' dir='ltr'>τινα</span> <span class='ocrx_word' id='word_1_240' title='bbox 3437 1811 3763 1881; x_wconf 82' lang='grc' dir='ltr'>πεπράχασιν.</span> 
     </span>
    </p>
   </div>
   <div class='ocr_carea' id='block_1_36' title="bbox 544 1898 2118 1967">
    <p class='ocr_par' dir='ltr' id='par_1_36' title="bbox 544 1898 2118 1967">
     <span class='ocr_line' id='line_1_36' title="bbox 544 1898 2118 1967; baseline 0.008 -17"><span class='ocrx_word' id='word_1_241' title='bbox 544 1912 709 1966; x_wconf 80' lang='lat' dir='ltr'><strong>quam</strong></span> <span class='ocrx_word' id='word_1_242' title='bbox 746 1898 896 1951; x_wconf 89' lang='lat' dir='ltr'><strong>illam</strong></span> <span class='ocrx_word' id='word_1_243' title='bbox 931 1914 1053 1967; x_wconf 74' lang='lat' dir='ltr'><strong>qua:</strong></span> <span class='ocrx_word' id='word_1_244' title='bbox 1075 1900 1203 1953; x_wconf 90' lang='lat' dir='ltr'><strong>olim</strong></span> <span class='ocrx_word' id='word_1_245' title='bbox 1231 1901 1300 1957; x_wconf 92' lang='lat' dir='ltr'><strong>ab</strong></span> <span class='ocrx_word' id='word_1_246' title='bbox 1328 1902 1673 1960; x_wconf 86' lang='lat' dir='ltr'><strong>Antioclieno</strong></span> <span class='ocrx_word' id='word_1_247' title='bbox 1705 1907 1943 1962; x_wconf 90' lang='lat' dir='ltr'><strong>concilio</strong></span> <span class='ocrx_word' id='word_1_248' title='bbox 1967 1924 2118 1963; x_wconf 91' lang='lat' dir='ltr'><strong>com-</strong></span> 
     </span>
    </p>
   </div>
   <div class='ocr_carea' id='block_1_37' title="bbox 548 1987 2118 2069">
    <p class='ocr_par' dir='ltr' id='par_1_37' title="bbox 548 1987 2118 2069">
     <span class='ocr_line' id='line_1_37' title="bbox 548 1987 2118 2069; baseline 0.01 -31"><span class='ocrx_word' id='word_1_249' title='bbox 548 1987 775 2057; x_wconf 85' lang='lat' dir='ltr'><strong>probata</strong></span> <span class='ocrx_word' id='word_1_250' title='bbox 798 1999 903 2045; x_wconf 88' lang='lat' dir='ltr'><strong>est.</strong></span> <span class='ocrx_word' id='word_1_251' title='bbox 932 1989 1148 2047; x_wconf 84' lang='lat' dir='ltr'><strong>Hancce</strong></span> <span class='ocrx_word' id='word_1_252' title='bbox 1180 1992 1339 2049; x_wconf 79' lang='lat' dir='ltr'><strong>ﬁdem</strong></span> <span class='ocrx_word' id='word_1_253' title='bbox 1363 1994 1429 2049; x_wconf 90' lang='lat' dir='ltr'><strong>ad</strong></span> <span class='ocrx_word' id='word_1_254' title='bbox 1461 2005 1766 2052; x_wconf 80' lang='lat' dir='ltr'><strong>extremum</strong></span> <span class='ocrx_word' id='word_1_255' title='bbox 1798 2015 1973 2069; x_wconf 91' lang='lat' dir='ltr'><strong>usque</strong></span> <span class='ocrx_word' id='word_1_256' title='bbox 2001 2000 2118 2069; x_wconf 88' lang='lat' dir='ltr'><strong>spi-</strong></span> 
     </span>
    </p>
   </div>
   <div class='ocr_carea' id='block_1_38' title="bbox 546 2080 2116 2145">
    <p class='ocr_par' dir='ltr' id='par_1_38' title="bbox 546 2080 2116 2145">
     <span class='ocr_line' id='line_1_38' title="bbox 546 2080 2116 2145; baseline 0.009 -14"><span class='ocrx_word' id='word_1_257' title='bbox 546 2080 713 2133; x_wconf 87' lang='lat' dir='ltr'><strong>ritum</strong></span> <span class='ocrx_word' id='word_1_258' title='bbox 746 2088 1057 2136; x_wconf 86' lang='lat' dir='ltr'><strong>retenturos</strong></span> <span class='ocrx_word' id='word_1_259' title='bbox 1076 2098 1218 2140; x_wconf 87' lang='lat' dir='ltr'><strong>esse.</strong></span> <span class='ocrx_word' id='word_1_260' title='bbox 1245 2083 1585 2143; x_wconf 86' lang='lat' dir='ltr'><strong>Procedente</strong></span> <span class='ocrx_word' id='word_1_261' title='bbox 1620 2088 1768 2143; x_wconf 89' lang='lat' dir='ltr'><strong>hunc</strong></span> <span class='ocrx_word' id='word_1_262' title='bbox 1810 2091 1865 2143; x_wconf 94' lang='lat' dir='ltr'><strong>in</strong></span> <span class='ocrx_word' id='word_1_263' title='bbox 1895 2091 2116 2145; x_wconf 91' lang='lat' dir='ltr'><strong>modum</strong></span> 
     </span>
    </p>
   </div>
   <div class='ocr_carea' id='block_1_39' title="bbox 545 2168 2114 2248">
    <p class='ocr_par' dir='ltr' id='par_1_39' title="bbox 545 2168 2114 2248">
     <span class='ocr_line' id='line_1_39' title="bbox 545 2168 2114 2248; baseline 0.008 -26"><span class='ocrx_word' id='word_1_264' title='bbox 545 2168 941 2238; x_wconf 89' lang='lat' dir='ltr'><strong>disputatione,</strong></span> <span class='ocrx_word' id='word_1_265' title='bbox 963 2171 1032 2226; x_wconf 87' lang='lat' dir='ltr'><strong>ad</strong></span> <span class='ocrx_word' id='word_1_266' title='bbox 1060 2173 1227 2228; x_wconf 89' lang='lat' dir='ltr'><strong>aliam</strong></span> <span class='ocrx_word' id='word_1_267' title='bbox 1250 2176 1609 2245; x_wconf 71' lang='lat' dir='ltr'><strong>quaestionem</strong></span> <span class='ocrx_word' id='word_1_268' title='bbox 1650 2179 1929 2248; x_wconf 84' lang='lat' dir='ltr'><strong>progressi</strong></span> <span class='ocrx_word' id='word_1_269' title='bbox 1961 2188 2114 2234; x_wconf 91' lang='lat' dir='ltr'><strong>sunt.</strong></span> 
     </span>
    </p>
   </div>
   <div class='ocr_carea' id='block_1_40' title="bbox 547 2255 2115 2338">
    <p class='ocr_par' dir='ltr' id='par_1_40' title="bbox 547 2255 2115 2338">
     <span class='ocr_line' id='line_1_40' title="bbox 547 2255 2115 2338; baseline 0.01 -30"><span class='ocrx_word' id='word_1_270' title='bbox 547 2255 615 2310; x_wconf 80' lang='lat' dir='ltr'><strong>Et</strong></span> <span class='ocrx_word' id='word_1_271' title='bbox 658 2258 964 2317; x_wconf 83' lang='lat' dir='ltr'><strong>Acacianos</strong></span> <span class='ocrx_word' id='word_1_272' title='bbox 1025 2262 1465 2333; x_wconf 84' lang='lat' dir='ltr'><strong>interrogarunt,</strong></span> <span class='ocrx_word' id='word_1_273' title='bbox 1528 2283 1636 2337; x_wconf 85' lang='lat' dir='ltr'><strong>qua</strong></span> <span class='ocrx_word' id='word_1_274' title='bbox 1694 2278 1850 2338; x_wconf 87' lang='lat' dir='ltr'><strong>parte</strong></span> <span class='ocrx_word' id='word_1_275' title='bbox 1879 2270 2115 2325; x_wconf 86' lang='lat' dir='ltr'><strong>similem</strong></span> 
     </span>
    </p>
   </div>
   <div class='ocr_carea' id='block_1_41' title="bbox 545 2344 2113 2426">
    <p class='ocr_par' dir='ltr' id='par_1_41' title="bbox 545 2344 2113 2426">
     <span class='ocr_line' id='line_1_41' title="bbox 545 2344 2113 2426; baseline 0.009 -28"><span class='ocrx_word' id='word_1_276' title='bbox 545 2344 693 2402; x_wconf 85' lang='lat' dir='ltr'><strong>Patri</strong></span> <span class='ocrx_word' id='word_1_277' title='bbox 717 2347 915 2404; x_wconf 87' lang='lat' dir='ltr'><strong>Filium</strong></span> <span class='ocrx_word' id='word_1_278' title='bbox 954 2352 1366 2408; x_wconf 89' lang='lat' dir='ltr'><strong>conliterentur.</strong></span> <span class='ocrx_word' id='word_1_279' title='bbox 1398 2355 1646 2426; x_wconf 88' lang='lat' dir='ltr'><strong>Cumque</strong></span> <span class='ocrx_word' id='word_1_280' title='bbox 1686 2356 1764 2411; x_wconf 91' lang='lat' dir='ltr'><strong>illi</strong></span> <span class='ocrx_word' id='word_1_281' title='bbox 1821 2358 2113 2421; x_wconf 82' lang='lat' dir='ltr'><strong>dixissent,</strong></span> 
     </span>
    </p>
   </div>
   <div class='ocr_carea' id='block_1_42' title="bbox 500 2439 2115 2510">
    <p class='ocr_par' dir='ltr' id='par_1_42' title="bbox 500 2439 2115 2510">
     <span class='ocr_line' id='line_1_42' title="bbox 500 2439 2115 2510; baseline 0.009 -19"><span class='ocrx_word' id='word_1_282' title='bbox 500 2466 503 2469; x_wconf 96' lang='lat'><strong><em>-</em></strong></span> <span class='ocrx_word' id='word_1_283' title='bbox 546 2439 824 2496; x_wconf 81' lang='lat' dir='ltr'><strong>voluntate</strong></span> <span class='ocrx_word' id='word_1_284' title='bbox 857 2450 1095 2510; x_wconf 87' lang='lat' dir='ltr'><strong>tantum,</strong></span> <span class='ocrx_word' id='word_1_285' title='bbox 1128 2460 1237 2500; x_wconf 94' lang='lat' dir='ltr'><strong>non</strong></span> <span class='ocrx_word' id='word_1_286' title='bbox 1294 2454 1477 2503; x_wconf 89' lang='lat' dir='ltr'><strong>autem</strong></span> <span class='ocrx_word' id='word_1_287' title='bbox 1512 2449 1826 2505; x_wconf 83' lang='lat' dir='ltr'><strong>substantia</strong></span> <span class='ocrx_word' id='word_1_288' title='bbox 1877 2451 2115 2506; x_wconf 87' lang='lat' dir='ltr'><strong>similem</strong></span> 
     </span>
    </p>
   </div>
   <div class='ocr_carea' id='block_1_43' title="bbox 545 2533 2116 2611">
    <p class='ocr_par' dir='ltr' id='par_1_43' title="bbox 545 2533 2116 2611">
     <span class='ocr_line' id='line_1_43' title="bbox 545 2533 2116 2611; baseline 0.009 -26"><span class='ocrx_word' id='word_1_289' title='bbox 545 2546 687 2596; x_wconf 87' lang='lat' dir='ltr'><strong>esse,</strong></span> <span class='ocrx_word' id='word_1_290' title='bbox 719 2533 1117 2604; x_wconf 86' lang='lat' dir='ltr'><strong>reliquiomnes</strong></span> <span class='ocrx_word' id='word_1_291' title='bbox 1144 2538 1452 2595; x_wconf 89' lang='lat' dir='ltr'><strong>substantia</strong></span> <span class='ocrx_word' id='word_1_292' title='bbox 1476 2556 1696 2611; x_wconf 89' lang='lat' dir='ltr'><strong>quoque</strong></span> <span class='ocrx_word' id='word_1_293' title='bbox 1732 2542 1967 2599; x_wconf 87' lang='lat' dir='ltr'><strong>similem</strong></span> <span class='ocrx_word' id='word_1_294' title='bbox 1994 2559 2116 2600; x_wconf 88' lang='lat' dir='ltr'><strong>esse</strong></span> 
     </span>
    </p>
   </div>
   <div class='ocr_carea' id='block_1_44' title="bbox 546 2623 2120 2705">
    <p class='ocr_par' dir='ltr' id='par_1_44' title="bbox 546 2623 2120 2705">
     <span class='ocr_line' id='line_1_44' title="bbox 546 2623 2120 2705; baseline 0.011 -31"><span class='ocrx_word' id='word_1_295' title='bbox 546 2623 972 2680; x_wconf 89' lang='lat' dir='ltr'><strong>contenderunt.</strong></span> <span class='ocrx_word' id='word_1_296' title='bbox 1000 2626 1065 2681; x_wconf 87' lang='lat' dir='ltr'><strong>Et</strong></span> <span class='ocrx_word' id='word_1_297' title='bbox 1089 2628 1352 2685; x_wconf 85' lang='lat' dir='ltr'><strong>Acacium</strong></span> <span class='ocrx_word' id='word_1_298' title='bbox 1382 2646 1448 2688; x_wconf 81' lang='lat' dir='ltr'><strong>ex</strong></span> <span class='ocrx_word' id='word_1_299' title='bbox 1473 2632 1615 2687; x_wconf 92' lang='lat' dir='ltr'><strong>libro</strong></span> <span class='ocrx_word' id='word_1_300' title='bbox 1640 2649 1803 2704; x_wconf 87' lang='lat' dir='ltr'><strong>quem</strong></span> <span class='ocrx_word' id='word_1_301' title='bbox 1837 2635 1955 2705; x_wconf 90' lang='lat' dir='ltr'><strong>ipse</strong></span> <span class='ocrx_word' id='word_1_302' title='bbox 1983 2650 2120 2691; x_wconf 91' lang='lat' dir='ltr'><strong>con-</strong></span> 
     </span>
    </p>
   </div>
   <div class='ocr_carea' id='block_1_45' title="bbox 546 2713 2121 2790">
    <p class='ocr_par' dir='ltr' id='par_1_45' title="bbox 546 2713 2121 2790">
     <span class='ocr_line' id='line_1_45' title="bbox 546 2713 2121 2790; baseline 0.01 -23"><span class='ocrx_word' id='word_1_303' title='bbox 546 2713 847 2785; x_wconf 89' lang='lat' dir='ltr'><strong>scripserat</strong></span> <span class='ocrx_word' id='word_1_304' title='bbox 884 2726 1050 2789; x_wconf 88' lang='lat' dir='ltr'><strong>atque</strong></span> <span class='ocrx_word' id='word_1_305' title='bbox 1099 2719 1156 2773; x_wconf 91' lang='lat' dir='ltr'><strong>in</strong></span> <span class='ocrx_word' id='word_1_306' title='bbox 1192 2721 1369 2777; x_wconf 88' lang='lat' dir='ltr'><strong>lucem</strong></span> <span class='ocrx_word' id='word_1_307' title='bbox 1430 2722 1700 2790; x_wconf 86' lang='lat' dir='ltr'><strong>ediderat,</strong></span> <span class='ocrx_word' id='word_1_308' title='bbox 1760 2726 2121 2782; x_wconf 87' lang='lat' dir='ltr'><strong>convicerunt</strong></span> 
     </span>
    </p>
   </div>
   <div class='ocr_carea' id='block_1_46' title="bbox 546 2808 2120 2881">
    <p class='ocr_par' dir='ltr' id='par_1_46' title="bbox 546 2808 2120 2881">
     <span class='ocr_line' id='line_1_46' title="bbox 546 2808 2120 2881; baseline 0.008 -20"><span class='ocrx_word' id='word_1_309' title='bbox 546 2808 695 2875; x_wconf 89' lang='lat' dir='ltr'><strong>quod</strong></span> <span class='ocrx_word' id='word_1_310' title='bbox 721 2808 864 2863; x_wconf 91' lang='lat' dir='ltr'><strong>idem</strong></span> <span class='ocrx_word' id='word_1_311' title='bbox 892 2824 1016 2865; x_wconf 93' lang='lat' dir='ltr'><strong>cum</strong></span> <span class='ocrx_word' id='word_1_312' title='bbox 1070 2812 1206 2881; x_wconf 90' lang='lat' dir='ltr'><strong>ipsis</strong></span> <span class='ocrx_word' id='word_1_313' title='bbox 1236 2821 1398 2870; x_wconf 89' lang='lat' dir='ltr'><strong>antea</strong></span> <span class='ocrx_word' id='word_1_314' title='bbox 1445 2815 1732 2872; x_wconf 87' lang='lat' dir='ltr'><strong>sensisset.</strong></span> <span class='ocrx_word' id='word_1_315' title='bbox 1765 2817 1902 2872; x_wconf 92' lang='lat' dir='ltr'><strong>Cum</strong></span> <span class='ocrx_word' id='word_1_316' title='bbox 1936 2827 2120 2873; x_wconf 88' lang='lat' dir='ltr'><strong>autem</strong></span> 
     </span>
    </p>
   </div>
   <div class='ocr_carea' id='block_1_47' title="bbox 546 2901 2122 2976">
    <p class='ocr_par' dir='ltr' id='par_1_47' title="bbox 546 2901 2122 2976">
     <span class='ocr_line' id='line_1_47' title="bbox 546 2901 2122 2976; baseline 0.01 -25"><span class='ocrx_word' id='word_1_317' title='bbox 546 2901 821 2955; x_wconf 79' lang='lat' dir='ltr'><strong>neminem</strong></span> <span class='ocrx_word' id='word_1_318' title='bbox 854 2915 922 2955; x_wconf 84' lang='lat' dir='ltr'><strong>ex</strong></span> <span class='ocrx_word' id='word_1_319' title='bbox 962 2901 1120 2957; x_wconf 84' lang='lat' dir='ltr'><strong>libris</strong></span> <span class='ocrx_word' id='word_1_320' title='bbox 1163 2903 1281 2960; x_wconf 86' lang='lat' dir='ltr'><strong>suis</strong></span> <span class='ocrx_word' id='word_1_321' title='bbox 1329 2904 1673 2976; x_wconf 83' lang='lat' dir='ltr'><strong>arguendum</strong></span> <span class='ocrx_word' id='word_1_322' title='bbox 1708 2922 1833 2963; x_wconf 91' lang='lat' dir='ltr'><strong>esse</strong></span> <span class='ocrx_word' id='word_1_323' title='bbox 1883 2909 2122 2966; x_wconf 81' lang='lat' dir='ltr'><strong>Aeacius</strong></span> 
     </span>
    </p>
   </div>
   <div class='ocr_carea' id='block_1_48' title="bbox 544 2987 2120 3064">
    <p class='ocr_par' dir='ltr' id='par_1_48' title="bbox 544 2987 2120 3064">
     <span class='ocr_line' id='line_1_48' title="bbox 544 2987 2120 3064; baseline 0.008 -23"><span class='ocrx_word' id='word_1_324' title='bbox 544 2987 772 3054; x_wconf 89' lang='lat' dir='ltr'><strong>diceret,</strong></span> <span class='ocrx_word' id='word_1_325' title='bbox 798 2996 854 3045; x_wconf 92' lang='lat' dir='ltr'><strong>et</strong></span> <span class='ocrx_word' id='word_1_326' title='bbox 901 2990 1204 3061; x_wconf 87' lang='lat' dir='ltr'><strong>disputatio</strong></span> <span class='ocrx_word' id='word_1_327' title='bbox 1268 2993 1335 3048; x_wconf 89' lang='lat' dir='ltr'><strong>ad</strong></span> <span class='ocrx_word' id='word_1_328' title='bbox 1394 2994 1658 3064; x_wconf 86' lang='lat' dir='ltr'><strong>majorem</strong></span> <span class='ocrx_word' id='word_1_329' title='bbox 1712 3000 2120 3056; x_wconf 84' lang='lat' dir='ltr'><strong>contentionem</strong></span> 
     </span>
    </p>
   </div>
   <div class='ocr_carea' id='block_1_49' title="bbox 549 3080 2108 3160">
    <p class='ocr_par' dir='ltr' id='par_1_49' title="bbox 549 3080 2108 3160">
     <span class='ocr_line' id='line_1_49' title="bbox 549 3080 2108 3160; baseline 0.01 -28"><span class='ocrx_word' id='word_1_330' title='bbox 549 3080 969 3150; x_wconf 87' lang='lat' dir='ltr'><strong>progrederetur</strong></span> <span class='ocrx_word' id='word_1_331' title='bbox 992 3124 1007 3148; x_wconf 94' lang='lat'><strong>,</strong></span> <span class='ocrx_word' id='word_1_332' title='bbox 1043 3083 1113 3138; x_wconf 91' lang='lat' dir='ltr'><strong>ad</strong></span> <span class='ocrx_word' id='word_1_333' title='bbox 1159 3092 1463 3140; x_wconf 83' lang='lat' dir='ltr'><strong>extremum</strong></span> <span class='ocrx_word' id='word_1_334' title='bbox 1496 3085 1752 3145; x_wconf 85' lang='lat' dir='ltr'><strong>Eleusius</strong></span> <span class='ocrx_word' id='word_1_335' title='bbox 1800 3088 2108 3160; x_wconf 77' lang='lat' dir='ltr'><strong>Cyzicenus</strong></span> 
     </span>
    </p>
   </div>
   <div class='ocr_carea' id='block_1_50' title="bbox 545 3158 2117 3254">
    <p class='ocr_par' dir='ltr' id='par_1_50' title="bbox 545 3158 2117 3254">
     <span class='ocr_line' id='line_1_50' title="bbox 545 3158 2117 3254; baseline 0.01 -29"><span class='ocrx_word' id='word_1_336' title='bbox 545 3172 686 3226; x_wconf 83' lang='lat' dir='ltr'><strong>dixit</strong></span> <span class='ocrx_word' id='word_1_337' title='bbox 721 3172 838 3227; x_wconf 80' lang='lat' dir='ltr'><strong>:An</strong></span> <span class='ocrx_word' id='word_1_338' title='bbox 865 3158 1104 3232; x_wconf 80' lang='lat' dir='ltr'><strong>Basilius</strong></span> <span class='ocrx_word' id='word_1_339' title='bbox 1132 3188 1188 3231; x_wconf 89' lang='lat' dir='ltr'><strong>et</strong></span> <span class='ocrx_word' id='word_1_340' title='bbox 1213 3175 1433 3234; x_wconf 84' lang='lat' dir='ltr'><strong>Marcus</strong></span> <span class='ocrx_word' id='word_1_341' title='bbox 1465 3180 1721 3237; x_wconf 89' lang='lat' dir='ltr'><strong>clanculo</strong></span> <span class='ocrx_word' id='word_1_342' title='bbox 1752 3158 1962 3252; x_wconf 78' lang='lat' dir='ltr'><strong>aliquid</strong></span> <span class='ocrx_word' id='word_1_343' title='bbox 1992 3199 2117 3254; x_wconf 81' lang='lat' dir='ltr'><strong>ges-</strong></span> 
     </span>
    </p>
   </div>
   <div class='ocr_carea' id='block_1_51' title="bbox 546 3264 2119 3345">
    <p class='ocr_par' dir='ltr' id='par_1_51' title="bbox 546 3264 2119 3345">
     <span class='ocr_line' id='line_1_51' title="bbox 546 3264 2119 3345; baseline 0.008 -27"><span class='ocrx_word' id='word_1_344' title='bbox 546 3264 745 3330; x_wconf 79' lang='lat' dir='ltr'><strong>serint,</strong></span> <span class='ocrx_word' id='word_1_345' title='bbox 783 3272 839 3321; x_wconf 93' lang='lat' dir='ltr'><strong>et</strong></span> <span class='ocrx_word' id='word_1_346' title='bbox 886 3280 957 3320; x_wconf 90' lang='lat' dir='ltr'><strong>an</strong></span> <span class='ocrx_word' id='word_1_347' title='bbox 1013 3268 1274 3338; x_wconf 87' lang='lat' dir='ltr'><strong>privatim</strong></span> <span class='ocrx_word' id='word_1_348' title='bbox 1332 3285 1393 3325; x_wconf 92' lang='lat' dir='ltr'><strong>se</strong></span> <span class='ocrx_word' id='word_1_349' title='bbox 1431 3280 1623 3328; x_wconf 91' lang='lat' dir='ltr'><strong>mutuo</strong></span> <span class='ocrx_word' id='word_1_350' title='bbox 1679 3279 1746 3330; x_wconf 87' lang='lat' dir='ltr'><strong>de</strong></span> <span class='ocrx_word' id='word_1_351' title='bbox 1791 3276 2119 3345; x_wconf 88' lang='lat' dir='ltr'><strong>quibusdam</strong></span> 
     </span>
    </p>
   </div>
   <div class='ocr_carea' id='block_1_52' title="bbox 547 3356 2119 3431">
    <p class='ocr_par' dir='ltr' id='par_1_52' title="bbox 547 3356 2119 3431">
     <span class='ocr_line' id='line_1_52' title="bbox 547 3356 2119 3431; baseline 0.009 -21"><span class='ocrx_word' id='word_1_352' title='bbox 547 3356 714 3413; x_wconf 89' lang='lat' dir='ltr'><strong>rebus</strong></span> <span class='ocrx_word' id='word_1_353' title='bbox 753 3366 1037 3425; x_wconf 88' lang='lat' dir='ltr'><strong>accusent,</strong></span> <span class='ocrx_word' id='word_1_354' title='bbox 1072 3368 1187 3415; x_wconf 89' lang='lat' dir='ltr'><strong>tum</strong></span> <span class='ocrx_word' id='word_1_355' title='bbox 1213 3362 1315 3426; x_wconf 91' lang='lat' dir='ltr'><strong>illi,</strong></span> <span class='ocrx_word' id='word_1_356' title='bbox 1372 3372 1488 3417; x_wconf 88' lang='lat' dir='ltr'><strong>tum</strong></span> <span class='ocrx_word' id='word_1_357' title='bbox 1528 3364 1815 3431; x_wconf 88' lang='lat' dir='ltr'><strong>Acaciani,</strong></span> <span class='ocrx_word' id='word_1_358' title='bbox 1863 3369 2001 3423; x_wconf 90' lang='lat' dir='ltr'><strong>nihil</strong></span> <span class='ocrx_word' id='word_1_359' title='bbox 2031 3370 2119 3424; x_wconf 92' lang='lat' dir='ltr'><strong>ln-</strong></span> 
     </span>
    </p>
   </div>
   <div class='ocr_carea' id='block_1_53' title="bbox 548 3448 2117 3528">
    <p class='ocr_par' dir='ltr' id='par_1_53' title="bbox 548 3448 2117 3528">
     <span class='ocr_line' id='line_1_53' title="bbox 548 3448 2117 3528; baseline 0.008 -28"><span class='ocrx_word' id='word_1_360' title='bbox 548 3454 720 3502; x_wconf 87' lang='lat' dir='ltr'><strong>terest</strong></span> <span class='ocrx_word' id='word_1_361' title='bbox 765 3448 961 3519; x_wconf 86' lang='lat' dir='ltr'><strong>synodi</strong></span> <span class='ocrx_word' id='word_1_362' title='bbox 998 3467 1012 3505; x_wconf 90' lang='lat'><strong>:</strong></span> <span class='ocrx_word' id='word_1_363' title='bbox 1063 3465 1166 3505; x_wconf 92' lang='lat' dir='ltr'><strong>nec</strong></span> <span class='ocrx_word' id='word_1_364' title='bbox 1205 3458 1388 3506; x_wconf 89' lang='lat' dir='ltr'><strong>utrum</strong></span> <span class='ocrx_word' id='word_1_365' title='bbox 1426 3452 1560 3509; x_wconf 81' lang='lat' dir='ltr'><strong>ﬁdes</strong></span> <span class='ocrx_word' id='word_1_366' title='bbox 1586 3454 1656 3509; x_wconf 88' lang='lat' dir='ltr'><strong>ab</strong></span> <span class='ocrx_word' id='word_1_367' title='bbox 1687 3455 1797 3512; x_wconf 92' lang='lat' dir='ltr'><strong>illis</strong></span> <span class='ocrx_word' id='word_1_368' title='bbox 1850 3459 2117 3528; x_wconf 76' lang='lat' dir='ltr'><strong>exposita,</strong></span> 
     </span>
    </p>
   </div>
   <div class='ocr_carea' id='block_1_54' title="bbox 549 3540 2122 3615">
    <p class='ocr_par' dir='ltr' id='par_1_54' title="bbox 549 3540 2122 3615">
     <span class='ocr_line' id='line_1_54' title="bbox 549 3540 2122 3615; baseline 0.008 -24"><span class='ocrx_word' id='word_1_369' title='bbox 549 3544 700 3593; x_wconf 88' lang='lat' dir='ltr'><strong>recte</strong></span> <span class='ocrx_word' id='word_1_370' title='bbox 727 3553 958 3594; x_wconf 79' lang='lat' dir='ltr'><strong>secusve</strong></span> <span class='ocrx_word' id='word_1_371' title='bbox 979 3554 1039 3595; x_wconf 90' lang='lat' dir='ltr'><strong>se</strong></span> <span class='ocrx_word' id='word_1_372' title='bbox 1060 3540 1280 3607; x_wconf 89' lang='lat' dir='ltr'><strong>habeat,</strong></span> <span class='ocrx_word' id='word_1_373' title='bbox 1299 3543 1577 3600; x_wconf 91' lang='lat' dir='ltr'><strong>curiosius</strong></span> <span class='ocrx_word' id='word_1_374' title='bbox 1592 3544 1873 3615; x_wconf 90' lang='lat' dir='ltr'><strong>inquirere</strong></span> <span class='ocrx_word' id='word_1_375' title='bbox 1893 3563 2122 3604; x_wconf 90' lang='lat' dir='ltr'><strong>necesse</strong></span> 
     </span>
    </p>
   </div>
   <div class='ocr_carea' id='block_1_55' title="bbox 546 3630 2119 3708">
    <p class='ocr_par' dir='ltr' id='par_1_55' title="bbox 546 3630 2119 3708">
     <span class='ocr_line' id='line_1_55' title="bbox 546 3630 2119 3708; baseline 0.008 -24"><span class='ocrx_word' id='word_1_376' title='bbox 546 3635 673 3684; x_wconf 89' lang='lat' dir='ltr'><strong>est:</strong></span> <span class='ocrx_word' id='word_1_377' title='bbox 716 3630 811 3685; x_wconf 89' lang='lat' dir='ltr'><strong>sed</strong></span> <span class='ocrx_word' id='word_1_378' title='bbox 844 3630 991 3684; x_wconf 90' lang='lat' dir='ltr'><strong>illam</strong></span> <span class='ocrx_word' id='word_1_379' title='bbox 1040 3632 1198 3701; x_wconf 90' lang='lat' dir='ltr'><strong>sequi</strong></span> <span class='ocrx_word' id='word_1_380' title='bbox 1231 3641 1449 3703; x_wconf 86' lang='lat' dir='ltr'><strong>oportet</strong></span> <span class='ocrx_word' id='word_1_381' title='bbox 1480 3651 1601 3705; x_wconf 71' lang='lat' dir='ltr'><strong>qua:</strong></span> <span class='ocrx_word' id='word_1_382' title='bbox 1631 3651 1661 3691; x_wconf 89' lang='lat' dir='ltr'><strong>a</strong></span> <span class='ocrx_word' id='word_1_383' title='bbox 1702 3641 2002 3708; x_wconf 78' lang='lat' dir='ltr'><strong>nonaginta</strong></span> <span class='ocrx_word' id='word_1_384' title='bbox 2030 3656 2119 3695; x_wconf 91' lang='lat' dir='ltr'><strong>se-</strong></span> 
     </span>
    </p>
   </div>
   <div class='ocr_carea' id='block_1_56' title="bbox 549 3722 2121 3800">
    <p class='ocr_par' dir='ltr' id='par_1_56' title="bbox 549 3722 2121 3800">
     <span class='ocr_line' id='line_1_56' title="bbox 549 3722 2121 3800; baseline 0.01 -29"><span class='ocrx_word' id='word_1_385' title='bbox 549 3733 693 3788; x_wconf 81' lang='lat' dir='ltr'><strong>ptem</strong></span> <span class='ocrx_word' id='word_1_386' title='bbox 727 3722 1004 3792; x_wconf 87' lang='lat' dir='ltr'><strong>episcopis</strong></span> <span class='ocrx_word' id='word_1_387' title='bbox 1036 3722 1132 3793; x_wconf 89' lang='lat' dir='ltr'><strong>qui</strong></span> <span class='ocrx_word' id='word_1_388' title='bbox 1168 3724 1305 3781; x_wconf 88' lang='lat' dir='ltr'><strong>istos</strong></span> <span class='ocrx_word' id='word_1_389' title='bbox 1356 3733 1517 3782; x_wconf 71' lang='lat' dir='ltr'><strong>aetate</strong></span> <span class='ocrx_word' id='word_1_390' title='bbox 1546 3742 1967 3800; x_wconf 63' lang='lat' dir='ltr'><strong>praecesserunt,</strong></span> <span class='ocrx_word' id='word_1_391' title='bbox 2006 3732 2121 3787; x_wconf 84' lang='lat' dir='ltr'><strong>An-</strong></span> 
     </span>
    </p>
   </div>
   <div class='ocr_carea' id='block_1_57' title="bbox 550 3811 2123 3893">
    <p class='ocr_par' dir='ltr' id='par_1_57' title="bbox 550 3811 2123 3893">
     <span class='ocr_line' id='line_1_57' title="bbox 550 3811 2123 3893; baseline 0.008 -29"><span class='ocrx_word' id='word_1_392' title='bbox 550 3811 769 3866; x_wconf 67' lang='lat' dir='ltr'><strong>tiochiae</strong></span> <span class='ocrx_word' id='word_1_393' title='bbox 799 3812 1122 3868; x_wconf 84' lang='lat' dir='ltr'><strong>conﬁrmata</strong></span> <span class='ocrx_word' id='word_1_394' title='bbox 1169 3821 1274 3870; x_wconf 91' lang='lat' dir='ltr'><strong>est.</strong></span> <span class='ocrx_word' id='word_1_395' title='bbox 1302 3813 1359 3869; x_wconf 91' lang='lat' dir='ltr'><strong>Si</strong></span> <span class='ocrx_word' id='word_1_396' title='bbox 1388 3817 1513 3888; x_wconf 81' lang='lat' dir='ltr'><strong>quis</strong></span> <span class='ocrx_word' id='word_1_397' title='bbox 1564 3835 1692 3876; x_wconf 87' lang='lat' dir='ltr'><strong>vero</strong></span> <span class='ocrx_word' id='word_1_398' title='bbox 1729 3822 1875 3876; x_wconf 90' lang='lat' dir='ltr'><strong>aliud</strong></span> <span class='ocrx_word' id='word_1_399' title='bbox 1927 3830 2123 3893; x_wconf 58' lang='lat' dir='ltr'><strong>praeter</strong></span> 
     </span>
    </p>
   </div>
   <div class='ocr_carea' id='block_1_58' title="bbox 548 3902 2124 3979">
    <p class='ocr_par' dir='ltr' id='par_1_58' title="bbox 548 3902 2124 3979">
     <span class='ocr_line' id='line_1_58' title="bbox 548 3902 2124 3979; baseline 0.01 -24"><span class='ocrx_word' id='word_1_400' title='bbox 548 3902 653 3957; x_wconf 85' lang='lat' dir='ltr'><strong>ista</strong></span> <span class='ocrx_word' id='word_1_401' title='bbox 684 3903 1065 3974; x_wconf 67' lang='lat' dir='ltr'><strong>introduxerit,</strong></span> <span class='ocrx_word' id='word_1_402' title='bbox 1096 3905 1143 3963; x_wconf 88' lang='lat' dir='ltr'><strong>is</strong></span> <span class='ocrx_word' id='word_1_403' title='bbox 1175 3923 1206 3962; x_wconf 91' lang='lat' dir='ltr'><strong>a</strong></span> <span class='ocrx_word' id='word_1_404' title='bbox 1245 3909 1508 3979; x_wconf 86' lang='lat' dir='ltr'><strong>religione</strong></span> <span class='ocrx_word' id='word_1_405' title='bbox 1537 3922 1592 3966; x_wconf 94' lang='lat' dir='ltr'><strong>et</strong></span> <span class='ocrx_word' id='word_1_406' title='bbox 1630 3913 1699 3967; x_wconf 90' lang='lat' dir='ltr'><strong>ab</strong></span> <span class='ocrx_word' id='word_1_407' title='bbox 1719 3912 1967 3969; x_wconf 87' lang='lat' dir='ltr'><strong>Ecclesia</strong></span> <span class='ocrx_word' id='word_1_408' title='bbox 1990 3914 2124 3970; x_wconf 82' lang='lat' dir='ltr'><strong>alie-</strong></span> 
     </span>
    </p>
   </div>
   <div class='ocr_carea' id='block_1_59' title="bbox 548 3994 2121 4072">
    <p class='ocr_par' dir='ltr' id='par_1_59' title="bbox 548 3994 2121 4072">
     <span class='ocr_line' id='line_1_59' title="bbox 548 3994 2121 4072; baseline 0.006 -20"><span class='ocrx_word' id='word_1_409' title='bbox 548 4009 656 4054; x_wconf 80' lang='lat' dir='ltr'><strong>nus</strong></span> <span class='ocrx_word' id='word_1_410' title='bbox 679 3996 771 4054; x_wconf 89' lang='lat' dir='ltr'><strong>sit.</strong></span> <span class='ocrx_word' id='word_1_411' title='bbox 806 3994 1101 4070; x_wconf 87' lang='lat' dir='ltr'><strong>Postquam</strong></span> <span class='ocrx_word' id='word_1_412' title='bbox 1142 4014 1335 4057; x_wconf 89' lang='lat' dir='ltr'><strong>omnes</strong></span> <span class='ocrx_word' id='word_1_413' title='bbox 1388 4001 1483 4072; x_wconf 90' lang='lat' dir='ltr'><strong>qui</strong></span> <span class='ocrx_word' id='word_1_414' title='bbox 1520 4017 1645 4059; x_wconf 91' lang='lat' dir='ltr'><strong>cum</strong></span> <span class='ocrx_word' id='word_1_415' title='bbox 1676 4005 1771 4059; x_wconf 90' lang='lat' dir='ltr'><strong>illo</strong></span> <span class='ocrx_word' id='word_1_416' title='bbox 1796 4013 1955 4061; x_wconf 87' lang='lat' dir='ltr'><strong>erant</strong></span> <span class='ocrx_word' id='word_1_417' title='bbox 2005 4005 2121 4063; x_wconf 63' lang='lat' dir='ltr'><strong>bare</strong></span> 
     </span>
    </p>
   </div>
   <div class='ocr_carea' id='block_1_60' title="bbox 548 4088 2118 4168">
    <p class='ocr_par' dir='ltr' id='par_1_60' title="bbox 548 4088 2118 4168">
     <span class='ocr_line' id='line_1_60' title="bbox 548 4088 2118 4168; baseline 0.007 -25"><span class='ocrx_word' id='word_1_418' title='bbox 548 4088 698 4144; x_wconf 89' lang='lat' dir='ltr'><strong>dicta</strong></span> <span class='ocrx_word' id='word_1_419' title='bbox 754 4089 952 4147; x_wconf 80' lang='lat' dir='ltr'><strong>faustis</strong></span> <span class='ocrx_word' id='word_1_420' title='bbox 1035 4091 1533 4150; x_wconf 87' lang='lat' dir='ltr'><strong>acclamationibus</strong></span> <span class='ocrx_word' id='word_1_421' title='bbox 1588 4097 1864 4166; x_wconf 90' lang='lat' dir='ltr'><strong>prosecuti</strong></span> <span class='ocrx_word' id='word_1_422' title='bbox 1905 4108 2118 4168; x_wconf 88' lang='lat' dir='ltr'><strong>essent,</strong></span> 
     </span>
    </p>
   </div>
   <div class='ocr_carea' id='block_1_61' title="bbox 547 4182 2121 4253">
    <p class='ocr_par' dir='ltr' id='par_1_61' title="bbox 547 4182 2121 4253">
     <span class='ocr_line' id='line_1_61' title="bbox 547 4182 2121 4253; baseline 0.008 -18"><span class='ocrx_word' id='word_1_423' title='bbox 547 4182 847 4236; x_wconf 88' lang='lat' dir='ltr'><strong>concilium</strong></span> <span class='ocrx_word' id='word_1_424' title='bbox 908 4190 1025 4236; x_wconf 92' lang='lat' dir='ltr'><strong>tum</strong></span> <span class='ocrx_word' id='word_1_425' title='bbox 1059 4183 1286 4253; x_wconf 88' lang='lat' dir='ltr'><strong>quidem</strong></span> <span class='ocrx_word' id='word_1_426' title='bbox 1350 4186 1641 4242; x_wconf 91' lang='lat' dir='ltr'><strong>dimissum</strong></span> <span class='ocrx_word' id='word_1_427' title='bbox 1687 4196 1793 4245; x_wconf 91' lang='lat' dir='ltr'><strong>est.</strong></span> <span class='ocrx_word' id='word_1_428' title='bbox 1848 4187 2121 4247; x_wconf 89' lang='lat' dir='ltr'><strong>Postridie</strong></span> 
     </span>
    </p>
   </div>
   <div class='ocr_carea' id='block_1_62' title="bbox 549 4273 2116 4349">
    <p class='ocr_par' dir='ltr' id='par_1_62' title="bbox 549 4273 2116 4349">
     <span class='ocr_line' id='line_1_62' title="bbox 549 4273 2116 4349; baseline 0.007 -24"><span class='ocrx_word' id='word_1_429' title='bbox 549 4288 681 4329; x_wconf 71' lang='lat' dir='ltr'><strong>vero</strong></span> <span class='ocrx_word' id='word_1_430' title='bbox 708 4274 802 4343; x_wconf 90' lang='lat' dir='ltr'><strong>qui</strong></span> <span class='ocrx_word' id='word_1_431' title='bbox 832 4289 955 4329; x_wconf 91' lang='lat' dir='ltr'><strong>cum</strong></span> <span class='ocrx_word' id='word_1_432' title='bbox 992 4273 1194 4330; x_wconf 86' lang='lat' dir='ltr'><strong>Acacio</strong></span> <span class='ocrx_word' id='word_1_433' title='bbox 1215 4283 1269 4331; x_wconf 91' lang='lat' dir='ltr'><strong>et</strong></span> <span class='ocrx_word' id='word_1_434' title='bbox 1307 4273 1541 4349; x_wconf 81' lang='lat' dir='ltr'><strong>Georgio</strong></span> <span class='ocrx_word' id='word_1_435' title='bbox 1575 4288 1757 4344; x_wconf 89' lang='lat' dir='ltr'><strong>erant,</strong></span> <span class='ocrx_word' id='word_1_436' title='bbox 1824 4280 1881 4335; x_wconf 93' lang='lat' dir='ltr'><strong>in</strong></span> <span class='ocrx_word' id='word_1_437' title='bbox 1925 4281 2116 4336; x_wconf 91' lang='lat' dir='ltr'><strong>conci-</strong></span> 
     </span>
    </p>
   </div>
   <div class='ocr_carea' id='block_1_63' title="bbox 2219 1900 3766 1977">
    <p class='ocr_par' dir='ltr' id='par_1_63' title="bbox 2219 1900 3766 1977">
     <span class='ocr_line' id='line_1_63' title="bbox 2219 1900 3766 1977; baseline -0.003 -21"><span class='ocrx_word' id='word_1_438' title='bbox 2219 1903 2251 1975; x_wconf 75' lang='grc' dir='ltr'>ἢ</span> <span class='ocrx_word' id='word_1_439' title='bbox 2287 1904 2391 1976; x_wconf 77' lang='grc' dir='ltr'>ἰδίᾳ</span> <span class='ocrx_word' id='word_1_440' title='bbox 2417 1904 2568 1976; x_wconf 80' lang='grc' dir='ltr'>παρά</span> <span class='ocrx_word' id='word_1_441' title='bbox 2600 1922 2761 1960; x_wconf 90' lang='grc' dir='ltr'>τινων</span> <span class='ocrx_word' id='word_1_442' title='bbox 2785 1906 2896 1977; x_wconf 72' lang='lat'><strong>(22)</strong></span> <span class='ocrx_word' id='word_1_443' title='bbox 2914 1906 3163 1977; x_wconf 84' lang='grc' dir='ltr'>ἀλλήλοις</span> <span class='ocrx_word' id='word_1_444' title='bbox 3190 1900 3514 1974; x_wconf 73' lang='grc' dir='ltr'>ἐγκαλοῦσιν</span> <span class='ocrx_word' id='word_1_445' title='bbox 3543 1904 3680 1956; x_wconf 83' lang='grc' dir='ltr'>αὐτοί</span> <span class='ocrx_word' id='word_1_446' title='bbox 3716 1917 3766 1952; x_wconf 84' lang='grc' dir='ltr'><strong>τε</strong></span> 
     </span>
    </p>
   </div>
   <div class='ocr_carea' id='block_1_64' title="bbox 2221 1994 3765 2069">
    <p class='ocr_par' dir='ltr' id='par_1_64' title="bbox 2221 1994 3765 2069">
     <span class='ocr_line' id='line_1_64' title="bbox 2221 1994 3765 2069; baseline 0.004 -21"><span class='ocrx_word' id='word_1_447' title='bbox 2221 1996 2315 2050; x_wconf 76' lang='grc' dir='ltr'>καὶ</span> <span class='ocrx_word' id='word_1_448' title='bbox 2356 1997 2405 2049; x_wconf 89' lang='grc' dir='ltr'>οἱ</span> <span class='ocrx_word' id='word_1_449' title='bbox 2452 1997 2598 2067; x_wconf 75' lang='grc' dir='ltr'>ἀμφὶ</span> <span class='ocrx_word' id='word_1_450' title='bbox 2653 1998 2910 2052; x_wconf 84' lang='grc' dir='ltr'>Ἀκάκιον</span> <span class='ocrx_word' id='word_1_451' title='bbox 2935 2038 2950 2062; x_wconf 85' lang='grc'><em>,</em></span> <span class='ocrx_word' id='word_1_452' title='bbox 2984 1998 3139 2052; x_wconf 85' lang='grc' dir='ltr'>οὐδὲν</span> <span class='ocrx_word' id='word_1_453' title='bbox 3177 2001 3242 2069; x_wconf 80' lang='grc' dir='ltr'>τῇ</span> <span class='ocrx_word' id='word_1_454' title='bbox 3290 1996 3493 2066; x_wconf 81' lang='grc' dir='ltr'><strong>συνόδῳ</strong></span> <span class='ocrx_word' id='word_1_455' title='bbox 3534 1994 3765 2063; x_wconf 69' lang='grc' dir='ltr'>διαφέρειν</span> 
     </span>
    </p>
   </div>
   <div class='ocr_carea' id='block_1_65' title="bbox 2216 2086 3767 2161">
    <p class='ocr_par' dir='ltr' id='par_1_65' title="bbox 2216 2086 3767 2161">
     <span class='ocr_line' id='line_1_65' title="bbox 2216 2086 3767 2161; baseline -0.003 -20"><span class='ocrx_word' id='word_1_456' title='bbox 2216 2087 2338 2141; x_wconf 79' lang='grc' dir='ltr'>οὐδὲ</span> <span class='ocrx_word' id='word_1_457' title='bbox 2369 2087 2595 2158; x_wconf 89' lang='grc' dir='ltr'>πότερον</span> <span class='ocrx_word' id='word_1_458' title='bbox 2617 2089 2851 2161; x_wconf 78' lang='grc' dir='ltr'>καλῶςῆ</span> <span class='ocrx_word' id='word_1_459' title='bbox 2880 2089 3052 2154; x_wconf 77' lang='grc' dir='ltr'>ἄλλως</span> <span class='ocrx_word' id='word_1_460' title='bbox 3086 2091 3198 2160; x_wconf 77' lang='grc' dir='ltr'>ἔχει</span> <span class='ocrx_word' id='word_1_461' title='bbox 3229 2092 3262 2158; x_wconf 79' lang='grc' dir='ltr'>ἡ</span> <span class='ocrx_word' id='word_1_462' title='bbox 3296 2089 3574 2142; x_wconf 80' lang='grc' dir='ltr'>ὲκτεθεῖσα</span> <span class='ocrx_word' id='word_1_463' title='bbox 3615 2086 3767 2147; x_wconf 74' lang='grc' dir='ltr'>πίστις</span> 
     </span>
    </p>
   </div>
   <div class='ocr_carea' id='block_1_66' title="bbox 2219 2177 3768 2253">
    <p class='ocr_par' dir='ltr' id='par_1_66' title="bbox 2219 2177 3768 2253">
     <span class='ocr_line' id='line_1_66' title="bbox 2219 2177 3768 2253; baseline -0.001 -22"><span class='ocrx_word' id='word_1_464' title='bbox 2219 2181 2350 2247; x_wconf 88' lang='grc' dir='ltr'>παρ’</span> <span class='ocrx_word' id='word_1_465' title='bbox 2399 2179 2581 2232; x_wconf 80' lang='grc' dir='ltr'>αὐτῶν</span> <span class='ocrx_word' id='word_1_466' title='bbox 2605 2218 2620 2244; x_wconf 87' lang='grc'><strong><em>,</em></strong></span> <span class='ocrx_word' id='word_1_467' title='bbox 2652 2180 3128 2253; x_wconf 81' lang='grc' dir='ltr'>πολυπραγμονεῖν</span> <span class='ocrx_word' id='word_1_468' title='bbox 3156 2183 3453 2250; x_wconf 84' lang='grc' dir='ltr'>ἀναγκαῖον</span> <span class='ocrx_word' id='word_1_469' title='bbox 3472 2198 3485 2213; x_wconf 79' lang='grc' dir='ltr'><strong>ο</strong></span> <span class='ocrx_word' id='word_1_470' title='bbox 3517 2182 3579 2250; x_wconf 80' lang='grc' dir='ltr'>τῇ</span> <span class='ocrx_word' id='word_1_471' title='bbox 3613 2177 3768 2249; x_wconf 81' lang='grc' dir='ltr'>μέντοι</span> 
     </span>
    </p>
   </div>
   <div class='ocr_carea' id='block_1_67' title="bbox 2218 2269 3769 2344">
    <p class='ocr_par' dir='ltr' id='par_1_67' title="bbox 2218 2269 3769 2344">
     <span class='ocr_line' id='line_1_67' title="bbox 2218 2269 3769 2344; baseline -0.003 -20"><span class='ocrx_word' id='word_1_472' title='bbox 2218 2270 2369 2341; x_wconf 86' lang='grc' dir='ltr'>παρὰ</span> <span class='ocrx_word' id='word_1_473' title='bbox 2396 2271 2506 2326; x_wconf 84' lang='grc' dir='ltr'><strong>τῶν</strong></span> <span class='ocrx_word' id='word_1_474' title='bbox 2556 2271 2931 2344; x_wconf 76' lang='grc' dir='ltr'>παλαιοτέρων</span> <span class='ocrx_word' id='word_1_475' title='bbox 2965 2274 3293 2343; x_wconf 82' lang='grc' dir='ltr'>ἐνενήκοντα</span> <span class='ocrx_word' id='word_1_476' title='bbox 3327 2272 3420 2326; x_wconf 81' lang='grc' dir='ltr'><strong>καὶ</strong></span> <span class='ocrx_word' id='word_1_477' title='bbox 3449 2270 3580 2323; x_wconf 77' lang='grc' dir='ltr'>ἑπτὰ</span> <span class='ocrx_word' id='word_1_478' title='bbox 3608 2269 3769 2340; x_wconf 74' lang='grc' dir='ltr'>ἱερέων</span> 
     </span>
    </p>
   </div>
   <div class='ocr_carea' id='block_1_68' title="bbox 2218 2359 3769 2436">
    <p class='ocr_par' dir='ltr' id='par_1_68' title="bbox 2218 2359 3769 2436">
     <span class='ocr_line' id='line_1_68' title="bbox 2218 2359 3769 2436; baseline -0.002 -21"><span class='ocrx_word' id='word_1_479' title='bbox 2218 2363 2276 2415; x_wconf 83' lang='grc' dir='ltr'>ὲν</span> <span class='ocrx_word' id='word_1_480' title='bbox 2300 2364 2597 2434; x_wconf 78' lang='grc' dir='ltr'>Ἀντιοχείᾳ</span> <span class='ocrx_word' id='word_1_481' title='bbox 2627 2364 2923 2435; x_wconf 80' lang='grc' dir='ltr'>κυρωθήσῃ</span> <span class='ocrx_word' id='word_1_482' title='bbox 2945 2367 3142 2436; x_wconf 84' lang='grc' dir='ltr'>χρῆναι</span> <span class='ocrx_word' id='word_1_483' title='bbox 3168 2363 3420 2418; x_wconf 72' lang='grc' dir='ltr'>ἕπεσθαι.</span> <span class='ocrx_word' id='word_1_484' title='bbox 3449 2362 3601 2433; x_wconf 70' lang='grc' dir='ltr'>Παρὰ</span> <span class='ocrx_word' id='word_1_485' title='bbox 3626 2359 3769 2414; x_wconf 76' lang='grc' dir='ltr'>ταῦτα</span> 
     </span>
    </p>
   </div>
   <div class='ocr_carea' id='block_1_69' title="bbox 2217 2450 3769 2525">
    <p class='ocr_par' dir='ltr' id='par_1_69' title="bbox 2217 2450 3769 2525">
     <span class='ocr_line' id='line_1_69' title="bbox 2217 2450 3769 2525; baseline -0.003 -19"><span class='ocrx_word' id='word_1_486' title='bbox 2217 2452 2273 2506; x_wconf 83' lang='grc' dir='ltr'>δὲ</span> <span class='ocrx_word' id='word_1_487' title='bbox 2290 2452 2445 2516; x_wconf 75' lang='grc' dir='ltr'>εἴτις</span> <span class='ocrx_word' id='word_1_488' title='bbox 2481 2456 2773 2523; x_wconf 77' lang='grc' dir='ltr'>εἰσηγοῖτο,</span> <span class='ocrx_word' id='word_1_489' title='bbox 2797 2454 3074 2525; x_wconf 83' lang='grc' dir='ltr'>ἀλλότριον</span> <span class='ocrx_word' id='word_1_490' title='bbox 3106 2450 3246 2507; x_wconf 78' lang='grc' dir='ltr'>εἶναι</span> <span class='ocrx_word' id='word_1_491' title='bbox 3277 2453 3559 2515; x_wconf 77' lang='grc' dir='ltr'>εὐσεϐείας</span> <span class='ocrx_word' id='word_1_492' title='bbox 3580 2454 3664 2506; x_wconf 74' lang='grc' dir='ltr'><strong>καὶ</strong></span> <span class='ocrx_word' id='word_1_493' title='bbox 3686 2453 3769 2521; x_wconf 77' lang='grc' dir='ltr'><strong>τῆς</strong></span> 
     </span>
    </p>
   </div>
   <div class='ocr_carea' id='block_1_70' title="bbox 2232 2543 3770 2615">
    <p class='ocr_par' dir='ltr' id='par_1_70' title="bbox 2232 2543 3770 2615">
     <span class='ocr_line' id='line_1_70' title="bbox 2232 2543 3770 2615; baseline -0.002 -16"><span class='ocrx_word' id='word_1_494' title='bbox 2232 2543 2578 2613; x_wconf 81' lang='grc' dir='ltr'>Ἐκκλησίας.</span> <span class='ocrx_word' id='word_1_495' title='bbox 2605 2545 2696 2610; x_wconf 83' lang='grc' dir='ltr'><strong>Ὠς</strong></span> <span class='ocrx_word' id='word_1_496' title='bbox 2717 2544 2774 2598; x_wconf 85' lang='grc' dir='ltr'>δὲ</span> <span class='ocrx_word' id='word_1_497' title='bbox 2799 2544 3013 2609; x_wconf 79' lang='grc' dir='ltr'>τούτοις</span> <span class='ocrx_word' id='word_1_498' title='bbox 3036 2546 3086 2598; x_wconf 85' lang='grc' dir='ltr'>οἱ</span> <span class='ocrx_word' id='word_1_499' title='bbox 3115 2547 3211 2600; x_wconf 77' lang='grc' dir='ltr'><strong>σὺν</strong></span> <span class='ocrx_word' id='word_1_500' title='bbox 3241 2545 3393 2615; x_wconf 84' lang='grc' dir='ltr'>αὐτῷ</span> <span class='ocrx_word' id='word_1_501' title='bbox 3426 2547 3613 2607; x_wconf 83' lang='grc' dir='ltr'>πάντες</span> <span class='ocrx_word' id='word_1_502' title='bbox 3636 2545 3770 2597; x_wconf 74' lang='grc' dir='ltr'>ἑπευ-</span> 
     </span>
    </p>
   </div>
   <div class='ocr_carea' id='block_1_71' title="bbox 2220 2634 3772 2707">
    <p class='ocr_par' dir='ltr' id='par_1_71' title="bbox 2220 2634 3772 2707">
     <span class='ocr_line' id='line_1_71' title="bbox 2220 2634 3772 2707; baseline -0.005 -16"><span class='ocrx_word' id='word_1_503' title='bbox 2220 2636 2500 2706; x_wconf 82' lang='grc' dir='ltr'>φήμησαν,</span> <span class='ocrx_word' id='word_1_504' title='bbox 2524 2636 2647 2689; x_wconf 89' lang='grc' dir='ltr'>τότε</span> <span class='ocrx_word' id='word_1_505' title='bbox 2691 2635 2790 2706; x_wconf 83' lang='grc' dir='ltr'><strong>μὲν</strong></span> <span class='ocrx_word' id='word_1_506' title='bbox 2821 2638 2850 2690; x_wconf 89' lang='lat'><strong>6</strong></span> <span class='ocrx_word' id='word_1_507' title='bbox 2896 2635 3151 2704; x_wconf 86' lang='grc' dir='ltr'>σύλλογος</span> <span class='ocrx_word' id='word_1_508' title='bbox 3194 2635 3436 2707; x_wconf 87' lang='grc' dir='ltr'>διελύθη.</span> <span class='ocrx_word' id='word_1_509' title='bbox 3470 2637 3544 2705; x_wconf 83' lang='grc' dir='ltr'>Τῇ</span> <span class='ocrx_word' id='word_1_510' title='bbox 3570 2634 3623 2687; x_wconf 85' lang='grc' dir='ltr'>δὲ</span> <span class='ocrx_word' id='word_1_511' title='bbox 3648 2634 3772 2685; x_wconf 72' lang='grc' dir='ltr'>ὐστευ</span> 
     </span>
    </p>
   </div>
   <div class='ocr_carea' id='block_1_72' title="bbox 2221 2714 3769 2799">
    <p class='ocr_par' dir='ltr' id='par_1_72' title="bbox 2221 2714 3769 2799">
     <span class='ocr_line' id='line_1_72' title="bbox 2221 2714 3769 2799; baseline -0.004 -19"><span class='ocrx_word' id='word_1_512' title='bbox 2221 2728 2350 2799; x_wconf 79' lang='grc' dir='ltr'><strong>ραίᾳ</strong></span> <span class='ocrx_word' id='word_1_513' title='bbox 2376 2767 2391 2793; x_wconf 86' lang='grc'><strong><em>,</em></strong></span> <span class='ocrx_word' id='word_1_514' title='bbox 2419 2727 2604 2781; x_wconf 79' lang='grc' dir='ltr'>οὐκέτι</span> <span class='ocrx_word' id='word_1_515' title='bbox 2651 2730 2733 2791; x_wconf 78' lang='grc' dir='ltr'>εἰς</span> <span class='ocrx_word' id='word_1_516' title='bbox 2773 2728 2940 2781; x_wconf 82' lang='grc' dir='ltr'><strong>ταύτὸ</strong></span> <span class='ocrx_word' id='word_1_517' title='bbox 2981 2714 3221 2782; x_wconf 55' lang='grc' dir='ltr'>συνῆναι</span> <span class='ocrx_word' id='word_1_518' title='bbox 3261 2729 3541 2799; x_wconf 77' lang='grc' dir='ltr'>ἠνείχοντο</span> <span class='ocrx_word' id='word_1_519' title='bbox 3572 2726 3618 2779; x_wconf 88' lang='grc' dir='ltr'>οἱ</span> <span class='ocrx_word' id='word_1_520' title='bbox 3663 2723 3769 2795; x_wconf 68' lang='grc' dir='ltr'>περὶ</span> 
     </span>
    </p>
   </div>
   <div class='ocr_carea' id='block_1_73' title="bbox 2220 2816 3770 2891">
    <p class='ocr_par' dir='ltr' id='par_1_73' title="bbox 2220 2816 3770 2891">
     <span class='ocr_line' id='line_1_73' title="bbox 2220 2816 3770 2891; baseline -0.001 -20"><span class='ocrx_word' id='word_1_521' title='bbox 2220 2819 2476 2872; x_wconf 82' lang='grc' dir='ltr'>’Λκάκιον</span> <span class='ocrx_word' id='word_1_522' title='bbox 2527 2820 2623 2873; x_wconf 60' lang='grc' dir='ltr'><strong>καὶ¹</strong></span> <span class='ocrx_word' id='word_1_523' title='bbox 2652 2818 2945 2891; x_wconf 87' lang='grc' dir='ltr'>Γεώργιον.</span> <span class='ocrx_word' id='word_1_524' title='bbox 2989 2821 3064 2872; x_wconf 84' lang='grc' dir='ltr'>Οὐ</span> <span class='ocrx_word' id='word_1_525' title='bbox 3117 2820 3223 2890; x_wconf 85' lang='grc' dir='ltr'>μὴν</span> <span class='ocrx_word' id='word_1_526' title='bbox 3247 2820 3374 2873; x_wconf 81' lang='grc' dir='ltr'>οὐδὲ</span> <span class='ocrx_word' id='word_1_527' title='bbox 3420 2820 3629 2881; x_wconf 80' lang='grc' dir='ltr'>Λεωνᾶς</span> <span class='ocrx_word' id='word_1_528' title='bbox 3662 2816 3770 2883; x_wconf 75' lang='grc' dir='ltr'>κλησ</span> 
     </span>
    </p>
   </div>
   <div class='ocr_carea' id='block_1_74' title="bbox 2222 2906 3771 2980">
    <p class='ocr_par' dir='ltr' id='par_1_74' title="bbox 2222 2906 3771 2980">
     <span class='ocr_line' id='line_1_74' title="bbox 2222 2906 3771 2980; baseline -0.002 -18"><span class='ocrx_word' id='word_1_529' title='bbox 2222 2907 2335 2971; x_wconf 73' lang='grc' dir='ltr'>θεὶς</span> <span class='ocrx_word' id='word_1_530' title='bbox 2384 2908 2716 2979; x_wconf 82' lang='grc' dir='ltr'>παρεγένετο</span> <span class='ocrx_word' id='word_1_531' title='bbox 2758 2926 2772 2939; x_wconf 77' lang='grc' dir='ltr'><strong>ο</strong></span> <span class='ocrx_word' id='word_1_532' title='bbox 2805 2909 3122 2980; x_wconf 84' lang='grc' dir='ltr'>περιφανῶς</span> <span class='ocrx_word' id='word_1_533' title='bbox 3169 2908 3279 2980; x_wconf 81' lang='grc' dir='ltr'><strong>γὰρ</strong></span> <span class='ocrx_word' id='word_1_534' title='bbox 3330 2909 3434 2980; x_wconf 69' lang='grc' dir='ltr'><strong>ἤδη</strong></span> <span class='ocrx_word' id='word_1_535' title='bbox 3489 2908 3555 2962; x_wconf 76' lang='grc' dir='ltr'>τὰ</span> <span class='ocrx_word' id='word_1_536' title='bbox 3597 2906 3771 2960; x_wconf 83' lang='grc' dir='ltr'>τούτων</span> 
     </span>
    </p>
   </div>
   <div class='ocr_carea' id='block_1_75' title="bbox 2221 2998 3770 3072">
    <p class='ocr_par' dir='ltr' id='par_1_75' title="bbox 2221 2998 3770 3072">
     <span class='ocr_line' id='line_1_75' title="bbox 2221 2998 3770 3072; baseline -0.002 -19"><span class='ocrx_word' id='word_1_537' title='bbox 2221 3000 2459 3071; x_wconf 76' lang='grc' dir='ltr'>ἐφρόνει.</span> <span class='ocrx_word' id='word_1_538' title='bbox 2500 3000 2715 3070; x_wconf 83' lang='grc' dir='ltr'>Ἀμέλει</span> <span class='ocrx_word' id='word_1_539' title='bbox 2736 3017 2818 3054; x_wconf 84' lang='grc' dir='ltr'><strong>τοι</strong></span> <span class='ocrx_word' id='word_1_540' title='bbox 2843 3003 2891 3054; x_wconf 82' lang='grc' dir='ltr'>οἱ</span> <span class='ocrx_word' id='word_1_541' title='bbox 2920 3000 3057 3072; x_wconf 80' lang='grc' dir='ltr'>πρὸς</span> <span class='ocrx_word' id='word_1_542' title='bbox 3092 3001 3256 3055; x_wconf 78' lang='grc' dir='ltr'>αὐτὸν</span> <span class='ocrx_word' id='word_1_543' title='bbox 3279 3001 3621 3071; x_wconf 79' lang='grc' dir='ltr'>ἀφικόμενοι,</span> <span class='ocrx_word' id='word_1_544' title='bbox 3645 3000 3695 3051; x_wconf 76' lang='grc' dir='ltr'>ἐν</span> <span class='ocrx_word' id='word_1_545' title='bbox 3717 2998 3770 3067; x_wconf 75' lang='grc' dir='ltr'>τῇ</span> 
     </span>
    </p>
   </div>
   <div class='ocr_carea' id='block_1_76' title="bbox 2223 3089 3770 3165">
    <p class='ocr_par' dir='ltr' id='par_1_76' title="bbox 2223 3089 3770 3165">
     <span class='ocr_line' id='line_1_76' title="bbox 2223 3089 3770 3165; baseline -0.003 -20"><span class='ocrx_word' id='word_1_546' title='bbox 2223 3090 2385 3145; x_wconf 88' lang='grc' dir='ltr'><strong>αὐτοῦ</strong></span> <span class='ocrx_word' id='word_1_547' title='bbox 2408 3091 2554 3163; x_wconf 75' lang='grc' dir='ltr'>οἰκίᾳ</span> <span class='ocrx_word' id='word_1_548' title='bbox 2588 3091 2889 3146; x_wconf 77' lang='grc' dir='ltr'>κατέλαϐον</span> <span class='ocrx_word' id='word_1_549' title='bbox 2910 3093 3038 3156; x_wconf 83' lang='grc' dir='ltr'>τοὺς</span> <span class='ocrx_word' id='word_1_550' title='bbox 3071 3094 3198 3165; x_wconf 78' lang='grc' dir='ltr'>περὶ</span> <span class='ocrx_word' id='word_1_551' title='bbox 3219 3093 3498 3147; x_wconf 80' lang='grc' dir='ltr'>Ἀκάκιον.</span> <span class='ocrx_word' id='word_1_552' title='bbox 3531 3089 3770 3159; x_wconf 79' lang='grc' dir='ltr'>Δεομένων</span> 
     </span>
    </p>
   </div>
   <div class='ocr_carea' id='block_1_77' title="bbox 2222 3181 3770 3252">
    <p class='ocr_par' dir='ltr' id='par_1_77' title="bbox 2222 3181 3770 3252">
     <span class='ocr_line' id='line_1_77' title="bbox 2222 3181 3770 3252; baseline -0.003 -16"><span class='ocrx_word' id='word_1_553' title='bbox 2222 3183 2279 3237; x_wconf 85' lang='grc' dir='ltr'>δὲ</span> <span class='ocrx_word' id='word_1_554' title='bbox 2311 3182 2403 3237; x_wconf 79' lang='grc' dir='ltr'><strong>καὶ</strong></span> <span class='ocrx_word' id='word_1_555' title='bbox 2430 3183 2740 3238; x_wconf 86' lang='grc' dir='ltr'>καλούντων</span> <span class='ocrx_word' id='word_1_556' title='bbox 2783 3184 2945 3238; x_wconf 78' lang='grc' dir='ltr'>αὐτὸν</span> <span class='ocrx_word' id='word_1_557' title='bbox 2998 3184 3091 3238; x_wconf 75' lang='grc' dir='ltr'><strong>ἐπὶ</strong></span> <span class='ocrx_word' id='word_1_558' title='bbox 3139 3183 3229 3237; x_wconf 80' lang='grc' dir='ltr'><strong>τὸν</strong></span> <span class='ocrx_word' id='word_1_559' title='bbox 3256 3183 3518 3252; x_wconf 87' lang='grc' dir='ltr'>σύλλογον</span> <span class='ocrx_word' id='word_1_560' title='bbox 3537 3224 3549 3247; x_wconf 91' lang='grc'>,</span> <span class='ocrx_word' id='word_1_561' title='bbox 3575 3182 3662 3251; x_wconf 88' lang='grc' dir='ltr'>οὐχ</span> <span class='ocrx_word' id='word_1_562' title='bbox 3689 3181 3770 3232; x_wconf 83' lang='grc' dir='ltr'>ὐπ-</span> 
     </span>
    </p>
   </div>
   <div class='ocr_carea' id='block_1_78' title="bbox 2221 3274 3773 3347">
    <p class='ocr_par' dir='ltr' id='par_1_78' title="bbox 2221 3274 3773 3347">
     <span class='ocr_line' id='line_1_78' title="bbox 2221 3274 3773 3347; baseline -0.003 -18"><span class='ocrx_word' id='word_1_563' title='bbox 2221 3276 2451 3347; x_wconf 89' lang='grc' dir='ltr'>ήκουσεν</span> <span class='ocrx_word' id='word_1_564' title='bbox 2471 3316 2485 3342; x_wconf 88' lang='grc'><em>,</em></span> <span class='ocrx_word' id='word_1_565' title='bbox 2512 3275 2587 3339; x_wconf 86' lang='grc' dir='ltr'>ὼς</span> <span class='ocrx_word' id='word_1_566' title='bbox 2611 3278 2710 3347; x_wconf 63' lang='grc' dir='ltr'><strong>τῆς</strong></span> <span class='ocrx_word' id='word_1_567' title='bbox 2745 3276 2964 3329; x_wconf 90' lang='grc' dir='ltr'>συνόδου</span> <span class='ocrx_word' id='word_1_568' title='bbox 2990 3274 3336 3347; x_wconf 82' lang='grc' dir='ltr'>διχονοούσης</span> <span class='ocrx_word' id='word_1_569' title='bbox 3356 3294 3369 3307; x_wconf 93' lang='grc'><strong>·</strong></span> <span class='ocrx_word' id='word_1_570' title='bbox 3400 3274 3563 3329; x_wconf 76' lang='grc' dir='ltr'>αὐτοῦ</span> <span class='ocrx_word' id='word_1_571' title='bbox 3590 3274 3640 3327; x_wconf 80' lang='grc' dir='ltr'>δὲ</span> <span class='ocrx_word' id='word_1_572' title='bbox 3663 3286 3773 3341; x_wconf 89' lang='grc' dir='ltr'>παρ-</span> 
     </span>
    </p>
   </div>
   <div class='ocr_carea' id='block_1_79' title="bbox 2221 3364 3773 3438">
    <p class='ocr_par' dir='ltr' id='par_1_79' title="bbox 2221 3364 3773 3438">
     <span class='ocr_line' id='line_1_79' title="bbox 2221 3364 3773 3438; baseline -0.003 -19"><span class='ocrx_word' id='word_1_573' title='bbox 2221 3368 2356 3421; x_wconf 82' lang='grc' dir='ltr'>εῖναι</span> <span class='ocrx_word' id='word_1_574' title='bbox 2392 3366 2825 3438; x_wconf 81' lang='grc' dir='ltr'>προσταχθέντος</span> <span class='ocrx_word' id='word_1_575' title='bbox 2872 3366 3024 3438; x_wconf 87' lang='grc' dir='ltr'><strong>παρά</strong></span> <span class='ocrx_word' id='word_1_576' title='bbox 3076 3365 3368 3436; x_wconf 83' lang='grc' dir='ltr'>βασιλέως,</span> <span class='ocrx_word' id='word_1_577' title='bbox 3421 3364 3773 3420; x_wconf 84' lang='grc' dir='ltr'>συναινούντων</span> 
     </span>
    </p>
   </div>
   <div class='ocr_carea' id='block_1_80' title="bbox 2222 3453 3773 3525">
    <p class='ocr_par' dir='ltr' id='par_1_80' title="bbox 2222 3453 3773 3525">
     <span class='ocr_line' id='line_1_80' title="bbox 2222 3453 3773 3525; baseline 0.002 -15"><span class='ocrx_word' id='word_1_578' title='bbox 2222 3457 2440 3511; x_wconf 88' lang='grc' dir='ltr'>πάντων</span> <span class='ocrx_word' id='word_1_579' title='bbox 2473 3456 2569 3510; x_wconf 79' lang='grc' dir='ltr'>καὶ</span> <span class='ocrx_word' id='word_1_580' title='bbox 2606 3459 2685 3520; x_wconf 80' lang='grc' dir='ltr'><strong>εἰς</strong></span> <span class='ocrx_word' id='word_1_581' title='bbox 2725 3456 2922 3510; x_wconf 84' lang='grc' dir='ltr'>ταύτὸν</span> <span class='ocrx_word' id='word_1_582' title='bbox 2972 3458 3260 3511; x_wconf 89' lang='grc' dir='ltr'>συνιόντων</span> <span class='ocrx_word' id='word_1_583' title='bbox 3295 3473 3312 3487; x_wconf 76' lang='grc' dir='ltr'><strong><em>ο</em></strong></span> <span class='ocrx_word' id='word_1_584' title='bbox 3350 3457 3474 3510; x_wconf 78' lang='grc' dir='ltr'>ἐπεὶ</span> <span class='ocrx_word' id='word_1_585' title='bbox 3520 3456 3573 3509; x_wconf 85' lang='grc' dir='ltr'>δὲ</span> <span class='ocrx_word' id='word_1_586' title='bbox 3615 3453 3773 3525; x_wconf 66' lang='grc' dir='ltr'>χρῧνος</span> 
     </span>
    </p>
   </div>
   <div class='ocr_carea' id='block_1_81' title="bbox 2220 3544 3772 3619">
    <p class='ocr_par' dir='ltr' id='par_1_81' title="bbox 2220 3544 3772 3619">
     <span class='ocr_line' id='line_1_81' title="bbox 2220 3544 3772 3619; baseline -0.005 -16"><span class='ocrx_word' id='word_1_587' title='bbox 2220 3548 2537 3619; x_wconf 79' lang='grc' dir='ltr'>διετρίϐετο,</span> <span class='ocrx_word' id='word_1_588' title='bbox 2558 3547 2817 3612; x_wconf 87' lang='grc' dir='ltr'>πολλάκις</span> <span class='ocrx_word' id='word_1_589' title='bbox 2845 3548 2944 3618; x_wconf 84' lang='grc' dir='ltr'>μὲν</span> <span class='ocrx_word' id='word_1_590' title='bbox 2972 3547 3078 3602; x_wconf 86' lang='grc' dir='ltr'>τῶν</span> <span class='ocrx_word' id='word_1_591' title='bbox 3110 3547 3288 3603; x_wconf 80' lang='grc' dir='ltr'>ἄλλων</span> <span class='ocrx_word' id='word_1_592' title='bbox 3324 3549 3453 3612; x_wconf 80' lang='grc' dir='ltr'>τοὺς</span> <span class='ocrx_word' id='word_1_593' title='bbox 3484 3544 3772 3618; x_wconf 74' lang='grc' dir='ltr'><strong>ἀμφὶἈκά-</strong></span> 
     </span>
    </p>
   </div>
   <div class='ocr_carea' id='block_1_82' title="bbox 2222 3634 3773 3711">
    <p class='ocr_par' dir='ltr' id='par_1_82' title="bbox 2222 3634 3773 3711">
     <span class='ocr_line' id='line_1_82' title="bbox 2222 3634 3773 3711; baseline -0.006 -18"><span class='ocrx_word' id='word_1_594' title='bbox 2222 3656 2340 3693; x_wconf 90' lang='grc' dir='ltr'>κιον</span> <span class='ocrx_word' id='word_1_595' title='bbox 2369 3638 2676 3693; x_wconf 84' lang='grc' dir='ltr'>καλούντων</span> <span class='ocrx_word' id='word_1_596' title='bbox 2695 3654 2708 3668; x_wconf 92' lang='grc'><strong>·</strong></span> <span class='ocrx_word' id='word_1_597' title='bbox 2729 3638 2838 3691; x_wconf 85' lang='grc' dir='ltr'><strong>τῶν</strong></span> <span class='ocrx_word' id='word_1_598' title='bbox 2864 3639 2941 3705; x_wconf 85' lang='grc' dir='ltr'><strong>δὲ,</strong></span> <span class='ocrx_word' id='word_1_599' title='bbox 2960 3639 3034 3710; x_wconf 85' lang='grc' dir='ltr'>πῆ</span> <span class='ocrx_word' id='word_1_600' title='bbox 3062 3639 3161 3710; x_wconf 81' lang='grc' dir='ltr'>μὲν</span> <span class='ocrx_word' id='word_1_601' title='bbox 3183 3642 3264 3704; x_wconf 76' lang='grc' dir='ltr'><strong>εις</strong></span> <span class='ocrx_word' id='word_1_602' title='bbox 3284 3639 3388 3711; x_wconf 84' lang='grc' dir='ltr'><strong>τὴν</strong></span> <span class='ocrx_word' id='word_1_603' title='bbox 3418 3639 3601 3691; x_wconf 78' lang='grc' dir='ltr'>Δεωνᾶ</span> <span class='ocrx_word' id='word_1_604' title='bbox 3624 3634 3773 3707; x_wconf 69' lang='grc' dir='ltr'>οὶκίαν</span> 
     </span>
    </p>
   </div>
   <div class='ocr_carea' id='block_1_83' title="bbox 2226 3726 3774 3803">
    <p class='ocr_par' dir='ltr' id='par_1_83' title="bbox 2226 3726 3774 3803">
     <span class='ocr_line' id='line_1_83' title="bbox 2226 3726 3774 3803; baseline -0.005 -19"><span class='ocrx_word' id='word_1_605' title='bbox 2226 3732 2422 3803; x_wconf 76' lang='grc' dir='ltr'>ρητούς</span> <span class='ocrx_word' id='word_1_606' title='bbox 2473 3730 2745 3785; x_wconf 86' lang='grc' dir='ltr'>συνελθεῖν</span> <span class='ocrx_word' id='word_1_607' title='bbox 2786 3728 3110 3796; x_wconf 78' lang='grc' dir='ltr'>ἀξιούντων·</span> <span class='ocrx_word' id='word_1_608' title='bbox 3139 3729 3215 3799; x_wconf 84' lang='grc' dir='ltr'>πῆ</span> <span class='ocrx_word' id='word_1_609' title='bbox 3257 3728 3317 3781; x_wconf 80' lang='grc' dir='ltr'>δὲ</span> <span class='ocrx_word' id='word_1_610' title='bbox 3369 3727 3563 3790; x_wconf 84' lang='grc' dir='ltr'>αὐτοὺς</span> <span class='ocrx_word' id='word_1_611' title='bbox 3599 3726 3774 3797; x_wconf 76' lang='grc' dir='ltr'>κρὶνειν</span> 
     </span>
    </p>
   </div>
   <div class='ocr_carea' id='block_1_84' title="bbox 2221 3814 3773 3890">
    <p class='ocr_par' dir='ltr' id='par_1_84' title="bbox 2221 3814 3773 3890">
     <span class='ocr_line' id='line_1_84' title="bbox 2221 3814 3773 3890; baseline -0.006 -15"><span class='ocrx_word' id='word_1_612' title='bbox 2221 3823 2347 3886; x_wconf 85' lang='grc' dir='ltr'>τοὺς</span> <span class='ocrx_word' id='word_1_613' title='bbox 2400 3820 2595 3885; x_wconf 81' lang='grc' dir='ltr'>ἄλλους</span> <span class='ocrx_word' id='word_1_614' title='bbox 2651 3818 3099 3890; x_wconf 78' lang='grc' dir='ltr'>ὶσχυριζομὲνους</span> <span class='ocrx_word' id='word_1_615' title='bbox 3162 3818 3275 3889; x_wconf 75' lang='grc'>(25)</span> <span class='ocrx_word' id='word_1_616' title='bbox 3335 3816 3489 3888; x_wconf 84' lang='grc' dir='ltr'>παρά</span> <span class='ocrx_word' id='word_1_617' title='bbox 3545 3814 3773 3885; x_wconf 77' lang='grc' dir='ltr'>βασιλέως</span> 
     </span>
    </p>
   </div>
   <div class='ocr_carea' id='block_1_85' title="bbox 2223 3902 3771 3981">
    <p class='ocr_par' dir='ltr' id='par_1_85' title="bbox 2223 3902 3771 3981">
     <span class='ocr_line' id='line_1_85' title="bbox 2223 3902 3771 3981; baseline -0.006 -15"><span class='ocrx_word' id='word_1_618' title='bbox 2223 3911 2594 3980; x_wconf 79' lang='grc' dir='ltr'>ἐπιτετάχθαι.</span> <span class='ocrx_word' id='word_1_619' title='bbox 2634 3909 2769 3963; x_wconf 86' lang='grc' dir='ltr'>Οὐδὲ</span> <span class='ocrx_word' id='word_1_620' title='bbox 2801 3909 2901 3981; x_wconf 80' lang='grc' dir='ltr'>τὴν</span> <span class='ocrx_word' id='word_1_621' title='bbox 2934 3909 3106 3980; x_wconf 78' lang='grc' dir='ltr'>αὐτὴν</span> <span class='ocrx_word' id='word_1_622' title='bbox 3140 3911 3324 3962; x_wconf 79' lang='grc' dir='ltr'>πίστιν</span> <span class='ocrx_word' id='word_1_623' title='bbox 3376 3907 3651 3979; x_wconf 86' lang='grc' dir='ltr'>ὁμολογεῖν</span> <span class='ocrx_word' id='word_1_624' title='bbox 3679 3902 3771 3973; x_wconf 60' lang='lat'><strong>(24)</strong></span> 
     </span>
    </p>
   </div>
   <div class='ocr_carea' id='block_1_86' title="bbox 2222 3992 3771 4073">
    <p class='ocr_par' dir='ltr' id='par_1_86' title="bbox 2222 3992 3771 4073">
     <span class='ocr_line' id='line_1_86' title="bbox 2222 3992 3771 4073; baseline -0.008 -17"><span class='ocrx_word' id='word_1_625' title='bbox 2222 4001 2530 4073; x_wconf 76' lang='grc' dir='ltr'>ἠϐούλοντο,</span> <span class='ocrx_word' id='word_1_626' title='bbox 2555 4002 2588 4072; x_wconf 85' lang='grc' dir='ltr'>ἢ</span> <span class='ocrx_word' id='word_1_627' title='bbox 2612 4000 2740 4070; x_wconf 77' lang='grc' dir='ltr'>περὶ</span> <span class='ocrx_word' id='word_1_628' title='bbox 2757 4000 2867 4054; x_wconf 85' lang='grc' dir='ltr'>τῶν</span> <span class='ocrx_word' id='word_1_629' title='bbox 2885 3999 3248 4070; x_wconf 76' lang='grc' dir='ltr'>ἐγκλημάτων</span> <span class='ocrx_word' id='word_1_630' title='bbox 3270 3999 3303 4054; x_wconf 84' lang='grc' dir='ltr'><strong>ά</strong></span> <span class='ocrx_word' id='word_1_631' title='bbox 3316 3992 3771 4067; x_wconf 76' lang='grc' dir='ltr'>πολογεῖσθαι,οὐτε</span> 
     </span>
    </p>
   </div>
   <div class='ocr_carea' id='block_1_87' title="bbox 2220 4082 3772 4173">
    <p class='ocr_par' dir='ltr' id='par_1_87' title="bbox 2220 4082 3772 4173">
     <span class='ocr_line' id='line_1_87' title="bbox 2220 4082 3772 4173; baseline -0.009 -24"><span class='ocrx_word' id='word_1_632' title='bbox 2220 4097 2302 4159; x_wconf 72' lang='grc' dir='ltr'><strong>εἰς</strong></span> <span class='ocrx_word' id='word_1_633' title='bbox 2328 4096 2424 4166; x_wconf 82' lang='grc' dir='ltr'><strong>τὴν</strong></span> <span class='ocrx_word' id='word_1_634' title='bbox 2460 4092 2602 4147; x_wconf 87' lang='grc' dir='ltr'>κατὰ</span> <span class='ocrx_word' id='word_1_635' title='bbox 2635 4090 2902 4173; x_wconf 32' lang='grc' dir='ltr'>Κύριιλλον</span> <span class='ocrx_word' id='word_1_636' title='bbox 2939 4090 3187 4155; x_wconf 78' lang='grc' dir='ltr'>ἐξέτασιν</span> <span class='ocrx_word' id='word_1_637' title='bbox 3218 4089 3625 4162; x_wconf 81' lang='grc' dir='ltr'>παραγενέσθαι</span> <span class='ocrx_word' id='word_1_638' title='bbox 3646 4082 3772 4173; x_wconf 73' lang='grc' dir='ltr'>ἠνεί-</span> 
     </span>
    </p>
   </div>
   <div class='ocr_carea' id='block_1_88' title="bbox 2219 4171 3767 4259">
    <p class='ocr_par' dir='ltr' id='par_1_88' title="bbox 2219 4171 3767 4259">
     <span class='ocr_line' id='line_1_88' title="bbox 2219 4171 3767 4259; baseline -0.012 -16"><span class='ocrx_word' id='word_1_639' title='bbox 2219 4205 2397 4259; x_wconf 86' lang='grc' dir='ltr'>χοντο,</span> <span class='ocrx_word' id='word_1_640' title='bbox 2439 4186 2498 4239; x_wconf 84' lang='grc' dir='ltr'>ὃν</span> <span class='ocrx_word' id='word_1_641' title='bbox 2520 4185 2671 4239; x_wconf 66' lang='grc' dir='ltr'><strong>αὐτοὶ⁵</strong></span> <span class='ocrx_word' id='word_1_642' title='bbox 2693 4171 2963 4238; x_wconf 85' lang='grc' dir='ltr'>καθεῖλον.</span> <span class='ocrx_word' id='word_1_643' title='bbox 2993 4183 3104 4237; x_wconf 79' lang='grc' dir='ltr'>Καὶ</span> <span class='ocrx_word' id='word_1_644' title='bbox 3138 4185 3166 4236; x_wconf 88' lang='grc' dir='ltr'>ὁ</span> <span class='ocrx_word' id='word_1_645' title='bbox 3205 4182 3554 4251; x_wconf 81' lang='grc' dir='ltr'>κατεπείγων</span> <span class='ocrx_word' id='word_1_646' title='bbox 3575 4180 3667 4233; x_wconf 85' lang='grc' dir='ltr'><strong>οὐκ</strong></span> <span class='ocrx_word' id='word_1_647' title='bbox 3695 4171 3767 4246; x_wconf 76' lang='grc' dir='ltr'><strong>ἦν.</strong></span> 
     </span>
    </p>
   </div>
   <div class='ocr_carea' id='block_1_89' title="bbox 2219 4266 3772 4349">
    <p class='ocr_par' dir='ltr' id='par_1_89' title="bbox 2219 4266 3772 4349">
     <span class='ocr_line' id='line_1_89' title="bbox 2219 4266 3772 4349; baseline -0.009 -16"><span class='ocrx_word' id='word_1_648' title='bbox 2219 4276 2587 4349; x_wconf 81' lang='grc' dir='ltr'>Καθαιροῦσιν</span> <span class='ocrx_word' id='word_1_649' title='bbox 2607 4274 2798 4337; x_wconf 77' lang='grc' dir='ltr'>ἄλλους</span> <span class='ocrx_word' id='word_1_650' title='bbox 2822 4274 2880 4327; x_wconf 85' lang='grc' dir='ltr'>τέ</span> <span class='ocrx_word' id='word_1_651' title='bbox 2909 4290 3081 4336; x_wconf 78' lang='grc' dir='ltr'>τινας,</span> <span class='ocrx_word' id='word_1_652' title='bbox 3100 4273 3194 4326; x_wconf 78' lang='grc' dir='ltr'>καὶ</span> <span class='ocrx_word' id='word_1_653' title='bbox 3219 4271 3499 4343; x_wconf 85' lang='grc' dir='ltr'>Γεώργιον</span> <span class='ocrx_word' id='word_1_654' title='bbox 3542 4270 3628 4324; x_wconf 85' lang='grc' dir='ltr'><strong>τὸν</strong></span> <span class='ocrx_word' id='word_1_655' title='bbox 3649 4266 3772 4319; x_wconf 79' lang='grc' dir='ltr'>Ἀλε-</span> 
     </span>
    </p>
   </div>
   <div class='ocr_carea' id='block_1_90' title="bbox 3967 1893 3971 2495">
    <p class='ocr_par' dir='ltr' id='par_1_90' title="bbox 3967 1960 3969 2057">
     <span class='ocr_line' id='line_1_90' title="bbox 3967 1960 3969 2057; baseline 0 -9"><span class='ocrx_word' id='word_1_656' title='bbox 3967 1960 3969 2037; x_wconf 70' lang='lat' dir='ltr'><strong>l</strong></span> 
     </span>
    </p>
   </div>
   <div class='ocr_carea' id='block_1_91' title="bbox 549 4357 2116 4442">
    <p class='ocr_par' dir='ltr' id='par_1_91' title="bbox 549 4364 2116 4442">
     <span class='ocr_line' id='line_1_91' title="bbox 549 4364 2116 4442; baseline 0.005 -24"><span class='ocrx_word' id='word_1_657' title='bbox 549 4364 686 4419; x_wconf 89' lang='lat' dir='ltr'><strong>lium</strong></span> <span class='ocrx_word' id='word_1_658' title='bbox 717 4364 957 4434; x_wconf 87' lang='lat' dir='ltr'><strong>amplius</strong></span> <span class='ocrx_word' id='word_1_659' title='bbox 990 4366 1181 4422; x_wconf 87' lang='lat' dir='ltr'><strong>venire</strong></span> <span class='ocrx_word' id='word_1_660' title='bbox 1211 4376 1561 4424; x_wconf 87' lang='lat' dir='ltr'><strong>recusarunt.</strong></span> <span class='ocrx_word' id='word_1_661' title='bbox 1598 4369 1706 4425; x_wconf 90' lang='lat' dir='ltr'><strong>Sed</strong></span> <span class='ocrx_word' id='word_1_662' title='bbox 1764 4386 1945 4442; x_wconf 88' lang='lat' dir='ltr'><strong>neque</strong></span> <span class='ocrx_word' id='word_1_663' title='bbox 1974 4370 2116 4427; x_wconf 87' lang='lat' dir='ltr'><strong>Leo-</strong></span> 
     </span>
    </p>
   </div>
   <div class='ocr_carea' id='block_1_92' title="bbox 2219 4357 3768 4442">
    <p class='ocr_par' dir='ltr' id='par_1_92' title="bbox 2222 4357 3768 4440">
     <span class='ocr_line' id='line_1_92' title="bbox 2222 4357 3768 4440; baseline -0.006 -16"><span class='ocrx_word' id='word_1_664' title='bbox 2222 4370 2502 4440; x_wconf 80' lang='grc' dir='ltr'>ξανδρείας</span> <span class='ocrx_word' id='word_1_665' title='bbox 2553 4366 2872 4429; x_wconf 72' lang='grc' dir='ltr'>ἐπίσκοπον,</span> <span class='ocrx_word' id='word_1_666' title='bbox 2907 4365 3002 4419; x_wconf 82' lang='grc' dir='ltr'><strong>καὶ</strong></span> <span class='ocrx_word' id='word_1_667' title='bbox 3039 4364 3293 4420; x_wconf 82' lang='grc' dir='ltr'>’Δκάκιον</span> <span class='ocrx_word' id='word_1_668' title='bbox 3327 4364 3423 4418; x_wconf 83' lang='grc' dir='ltr'><strong>τὸν</strong></span> <span class='ocrx_word' id='word_1_669' title='bbox 3446 4357 3768 4430; x_wconf 70' lang='grc' dir='ltr'>Καισαρείας.</span> 
     </span>
    </p>
   </div>
   <div class='ocr_carea' id='block_1_93' title="bbox 551 4450 2116 4557">
    <p class='ocr_par' dir='ltr' id='par_1_93' title="bbox 551 4456 2116 4534">
     <span class='ocr_line' id='line_1_93' title="bbox 551 4456 2116 4534; baseline 0.005 -23"><span class='ocrx_word' id='word_1_670' title='bbox 551 4472 652 4512; x_wconf 88' lang='lat' dir='ltr'><strong>uas</strong></span> <span class='ocrx_word' id='word_1_671' title='bbox 677 4494 691 4520; x_wconf 90' lang='lat'><strong>,</strong></span> <span class='ocrx_word' id='word_1_672' title='bbox 716 4456 844 4511; x_wconf 90' lang='lat' dir='ltr'><strong>licet</strong></span> <span class='ocrx_word' id='word_1_673' title='bbox 882 4463 1135 4520; x_wconf 78' lang='lat' dir='ltr'><strong>vocatus,</strong></span> <span class='ocrx_word' id='word_1_674' title='bbox 1192 4457 1457 4514; x_wconf 76' lang='lat' dir='ltr'><strong>interluit</strong></span> <span class='ocrx_word' id='word_1_675' title='bbox 1491 4476 1505 4513; x_wconf 89' lang='lat'><strong>:</strong></span> <span class='ocrx_word' id='word_1_676' title='bbox 1545 4460 1660 4530; x_wconf 90' lang='lat' dir='ltr'><strong>jam</strong></span> <span class='ocrx_word' id='word_1_677' title='bbox 1711 4463 1858 4518; x_wconf 92' lang='lat' dir='ltr'><strong>enim</strong></span> <span class='ocrx_word' id='word_1_678' title='bbox 1924 4470 2116 4534; x_wconf 90' lang='lat' dir='ltr'><strong>aperte</strong></span> 
     </span>
    </p>
   </div>
   <div class='ocr_carea' id='block_1_94' title="bbox 2219 4450 3772 4557">
    <p class='ocr_par' dir='ltr' id='par_1_94' title="bbox 2221 4450 3772 4557">
     <span class='ocr_line' id='line_1_94' title="bbox 2221 4450 3772 4557; baseline -0.01 -40"><span class='ocrx_word' id='word_1_679' title='bbox 2221 4463 2316 4516; x_wconf 77' lang='grc' dir='ltr'>καὶ</span> <span class='ocrx_word' id='word_1_680' title='bbox 2356 4461 2619 4533; x_wconf 81' lang='grc' dir='ltr'>Οὐράνιον</span> <span class='ocrx_word' id='word_1_681' title='bbox 2650 4457 2741 4512; x_wconf 81' lang='grc' dir='ltr'><strong>τὸν</strong></span> <span class='ocrx_word' id='word_1_682' title='bbox 2773 4456 2975 4528; x_wconf 86' lang='grc' dir='ltr'>Τύρου,</span> <span class='ocrx_word' id='word_1_683' title='bbox 3019 4456 3113 4510; x_wconf 73' lang='grc' dir='ltr'>καὶ</span> <span class='ocrx_word' id='word_1_684' title='bbox 3143 4455 3488 4527; x_wconf 81' lang='grc' dir='ltr'>Πατρόφιλον</span> <span class='ocrx_word' id='word_1_685' title='bbox 3535 4450 3772 4557; x_wconf 34' lang='grc' dir='ltr'>τὶνιΣκΪ</span> 
     </span>
    </p>
   </div>
   <div class='ocr_carea' id='block_1_95' title="bbox 550 4536 2116 4621">
    <p class='ocr_par' dir='ltr' id='par_1_95' title="bbox 550 4544 2115 4621">
     <span class='ocr_line' id='line_1_95' title="bbox 550 4544 2115 4621; baseline 0.004 -21"><span class='ocrx_word' id='word_1_686' title='bbox 550 4561 738 4600; x_wconf 85' lang='lat' dir='ltr'><strong>eorum</strong></span> <span class='ocrx_word' id='word_1_687' title='bbox 773 4544 1104 4600; x_wconf 89' lang='lat' dir='ltr'><strong>sententiam</strong></span> <span class='ocrx_word' id='word_1_688' title='bbox 1150 4547 1512 4615; x_wconf 83' lang='lat' dir='ltr'><strong>sequebatur.</strong></span> <span class='ocrx_word' id='word_1_689' title='bbox 1557 4548 1717 4605; x_wconf 90' lang='lat' dir='ltr'><strong>Certe</strong></span> <span class='ocrx_word' id='word_1_690' title='bbox 1748 4552 1838 4621; x_wconf 91' lang='lat' dir='ltr'><strong>qui</strong></span> <span class='ocrx_word' id='word_1_691' title='bbox 1871 4553 1938 4607; x_wconf 89' lang='lat' dir='ltr'><strong>ad</strong></span> <span class='ocrx_word' id='word_1_692' title='bbox 1989 4568 2115 4608; x_wconf 89' lang='lat' dir='ltr'><strong>eum</strong></span> 
     </span>
    </p>
   </div>
   <div class='ocr_carea' id='block_1_96' title="bbox 2219 4536 3769 4621">
    <p class='ocr_par' dir='ltr' id='par_1_96' title="bbox 2223 4536 3769 4615">
     <span class='ocr_line' id='line_1_96' title="bbox 2223 4536 3769 4615; baseline -0.008 -11"><span class='ocrx_word' id='word_1_693' title='bbox 2223 4551 2493 4613; x_wconf 86' lang='grc' dir='ltr'>θοπόλεως</span> <span class='ocrx_word' id='word_1_694' title='bbox 2519 4587 2534 4613; x_wconf 87' lang='grc'><strong><em>,</em></strong></span> <span class='ocrx_word' id='word_1_695' title='bbox 2566 4548 2659 4602; x_wconf 76' lang='grc' dir='ltr'>καὶ</span> <span class='ocrx_word' id='word_1_696' title='bbox 2715 4546 2967 4611; x_wconf 81' lang='grc' dir='ltr'>Εὐδόξιον</span> <span class='ocrx_word' id='word_1_697' title='bbox 3023 4546 3115 4600; x_wconf 73' lang='grc' dir='ltr'><strong>τὸν</strong></span> <span class='ocrx_word' id='word_1_698' title='bbox 3163 4546 3519 4615; x_wconf 80' lang='grc' dir='ltr'>’Δντιοχείας.</span> <span class='ocrx_word' id='word_1_699' title='bbox 3565 4542 3690 4601; x_wconf 81' lang='grc' dir='ltr'>Τοὺς</span> <span class='ocrx_word' id='word_1_700' title='bbox 3723 4536 3769 4588; x_wconf 74' lang='grc' dir='ltr'>δὲ</span> 
     </span>
    </p>
   </div>
   <div class='ocr_carea' id='block_1_97' title="bbox 550 4627 2116 4715">
    <p class='ocr_par' dir='ltr' id='par_1_97' title="bbox 550 4636 2114 4715">
     <span class='ocr_line' id='line_1_97' title="bbox 550 4636 2114 4715; baseline 0.006 -26"><span class='ocrx_word' id='word_1_701' title='bbox 550 4637 706 4692; x_wconf 89' lang='lat' dir='ltr'><strong>missi</strong></span> <span class='ocrx_word' id='word_1_702' title='bbox 734 4636 972 4701; x_wconf 83' lang='lat' dir='ltr'><strong>fuerant,</strong></span> <span class='ocrx_word' id='word_1_703' title='bbox 1012 4636 1322 4691; x_wconf 81' lang='lat' dir='ltr'><strong>Acacianos</strong></span> <span class='ocrx_word' id='word_1_704' title='bbox 1355 4638 1411 4693; x_wconf 89' lang='lat' dir='ltr'><strong>in</strong></span> <span class='ocrx_word' id='word_1_705' title='bbox 1468 4640 1589 4710; x_wconf 90' lang='lat' dir='ltr'><strong>ejus</strong></span> <span class='ocrx_word' id='word_1_706' title='bbox 1651 4642 1862 4699; x_wconf 77' lang='lat' dir='ltr'><strong>aedibus</strong></span> <span class='ocrx_word' id='word_1_707' title='bbox 1918 4644 2114 4715; x_wconf 82' lang='lat' dir='ltr'><strong>depre-</strong></span> 
     </span>
    </p>
   </div>
   <div class='ocr_carea' id='block_1_98' title="bbox 2219 4627 3771 4715">
    <p class='ocr_par' dir='ltr' id='par_1_98' title="bbox 2222 4627 3771 4710">
     <span class='ocr_line' id='line_1_98' title="bbox 2222 4627 3771 4710; baseline -0.01 -14"><span class='ocrx_word' id='word_1_708' title='bbox 2222 4643 2439 4706; x_wconf 79' lang='grc' dir='ltr'>πλείους</span> <span class='ocrx_word' id='word_1_709' title='bbox 2489 4640 2891 4705; x_wconf 85' lang='grc' dir='ltr'>άκοινωνήτους</span> <span class='ocrx_word' id='word_1_710' title='bbox 2941 4638 3225 4708; x_wconf 76' lang='grc' dir='ltr'>ἐποίησαν,</span> <span class='ocrx_word' id='word_1_711' title='bbox 3257 4638 3421 4710; x_wconf 75' lang='grc' dir='ltr'>ἄχρις</span> <span class='ocrx_word' id='word_1_712' title='bbox 3468 4636 3533 4691; x_wconf 82' lang='grc' dir='ltr'><strong>ἂν</strong></span> <span class='ocrx_word' id='word_1_713' title='bbox 3572 4631 3695 4705; x_wconf 77' lang='grc' dir='ltr'>πρὸς</span> <span class='ocrx_word' id='word_1_714' title='bbox 3715 4627 3771 4682; x_wconf 73' lang='grc' dir='ltr'><strong>τά</strong></span> 
     </span>
    </p>
   </div>
   <div class='ocr_carea' id='block_1_99' title="bbox 550 4724 2116 4806">
    <p class='ocr_par' dir='ltr' id='par_1_99' title="bbox 550 4725 2116 4798">
     <span class='ocr_line' id='line_1_99' title="bbox 550 4725 2116 4798; baseline 0.007 -18"><span class='ocrx_word' id='word_1_715' title='bbox 550 4725 871 4781; x_wconf 86' lang='lat' dir='ltr'><strong>benderunt.</strong></span> <span class='ocrx_word' id='word_1_716' title='bbox 903 4725 1150 4798; x_wconf 89' lang='lat' dir='ltr'><strong>Cumque</strong></span> <span class='ocrx_word' id='word_1_717' title='bbox 1195 4735 1478 4798; x_wconf 79' lang='lat' dir='ltr'><strong>rogaretur</strong></span> <span class='ocrx_word' id='word_1_718' title='bbox 1501 4730 1570 4785; x_wconf 91' lang='lat' dir='ltr'><strong>ab</strong></span> <span class='ocrx_word' id='word_1_719' title='bbox 1611 4732 1722 4789; x_wconf 92' lang='lat' dir='ltr'><strong>illis</strong></span> <span class='ocrx_word' id='word_1_720' title='bbox 1756 4743 1810 4789; x_wconf 92' lang='lat' dir='ltr'><strong>et</strong></span> <span class='ocrx_word' id='word_1_721' title='bbox 1852 4735 2116 4791; x_wconf 86' lang='lat' dir='ltr'><strong>invitare-</strong></span> 
     </span>
    </p>
   </div>
   <div class='ocr_carea' id='block_1_100' title="bbox 2219 4724 3769 4806">
    <p class='ocr_par' dir='ltr' id='par_1_100' title="bbox 2220 4724 3769 4806">
     <span class='ocr_line' id='line_1_100' title="bbox 2220 4724 3769 4806; baseline -0.009 -18"><span class='ocrx_word' id='word_1_722' title='bbox 2220 4734 2538 4806; x_wconf 82' lang='grc' dir='ltr'>ὲπαγόμενα</span> <span class='ocrx_word' id='word_1_723' title='bbox 2566 4731 2888 4804; x_wconf 78' lang='grc' dir='ltr'>ἐγκλήματα</span> <span class='ocrx_word' id='word_1_724' title='bbox 2920 4729 3392 4802; x_wconf 75' lang='grc' dir='ltr'>ἀπολογήσωνται.</span> <span class='ocrx_word' id='word_1_725' title='bbox 3427 4727 3540 4784; x_wconf 80' lang='grc' dir='ltr'><strong>Καὶ</strong></span> <span class='ocrx_word' id='word_1_726' title='bbox 3558 4724 3626 4779; x_wconf 79' lang='grc' dir='ltr'><strong>τά</strong></span> <span class='ocrx_word' id='word_1_727' title='bbox 3649 4737 3769 4793; x_wconf 82' lang='grc' dir='ltr'>πρα-</span> 
     </span>
    </p>
   </div>
   <div class='ocr_carea' id='block_1_101' title="bbox 1748 4876 2600 4935">
    <p class='ocr_par' dir='ltr' id='par_1_101' title="bbox 1748 4876 2600 4935">
     <span class='ocr_line' id='line_1_101' title="bbox 1748 4876 2600 4935; baseline -0.004 -1"><span class='ocrx_word' id='word_1_728' title='bbox 1748 4877 2020 4934; x_wconf 79' lang='lat' dir='ltr'><strong>VALESII</strong></span> <span class='ocrx_word' id='word_1_729' title='bbox 2051 4876 2600 4935; x_wconf 79' lang='lat' dir='ltr'><strong>ANNOTATIONES.</strong></span> 
     </span>
    </p>
   </div>
   <div class='ocr_carea' id='block_1_102' title="bbox 550 4968 3765 5057">
    <p class='ocr_par' dir='ltr' id='par_1_102' title="bbox 550 4968 3765 5057">
     <span class='ocr_line' id='line_1_102' title="bbox 550 4968 3765 5057; baseline -0.002 -34"><span class='ocrx_word' id='word_1_730' title='bbox 550 4979 659 5023; x_wconf 86' lang='lat' dir='ltr'><strong>tam</strong></span> <span class='ocrx_word' id='word_1_731' title='bbox 696 4970 853 5024; x_wconf 83' lang='lat' dir='ltr'><strong>semel</strong></span> <span class='ocrx_word' id='word_1_732' title='bbox 901 4968 1137 5057; x_wconf 64' lang='grc' dir='ltr'>Νξεανηαε</span> <span class='ocrx_word' id='word_1_733' title='bbox 1174 4974 1299 5043; x_wconf 80' lang='lat' dir='ltr'><strong>ﬁdei</strong></span> <span class='ocrx_word' id='word_1_734' title='bbox 1331 4972 1641 5057; x_wconf 53' lang='lat' dir='ltr'><strong>formularii,</strong></span> <span class='ocrx_word' id='word_1_735' title='bbox 1696 4988 1829 5053; x_wconf 71' lang='lat' dir='ltr'><strong>noua</strong></span> <span class='ocrx_word' id='word_1_736' title='bbox 1876 4973 2110 5057; x_wconf 61' lang='lat' dir='ltr'><strong>deinceps</strong></span> <span class='ocrx_word' id='word_1_737' title='bbox 2217 4981 2480 5057; x_wconf 55' lang='grc' dir='ltr'>τινωνηιι</span> <span class='ocrx_word' id='word_1_738' title='bbox 2498 4968 3387 5057; x_wconf 62' lang='lat' dir='ltr'><strong>ChristophorsonusetSavilius</strong></span> <span class='ocrx_word' id='word_1_739' title='bbox 3410 4969 3765 5028; x_wconf 84' lang='lat' dir='ltr'><strong>emendarunt.</strong></span> 
     </span>
    </p>
   </div>
   <div class='ocr_carea' id='block_1_103' title="bbox 545 5039 3266 5127">
    <p class='ocr_par' dir='ltr' id='par_1_103' title="bbox 545 5039 3266 5127">
     <span class='ocr_line' id='line_1_103' title="bbox 545 5039 3266 5127; baseline 0 -34"><span class='ocrx_word' id='word_1_740' title='bbox 545 5041 742 5109; x_wconf 64' lang='lat' dir='ltr'><strong>saepius</strong></span> <span class='ocrx_word' id='word_1_741' title='bbox 780 5041 909 5127; x_wconf 56' lang='grc' dir='ltr'>βείω</span> <span class='ocrx_word' id='word_1_742' title='bbox 934 5039 1247 5123; x_wconf 69' lang='grc' dir='ltr'>ἀίριατειιὶν,</span> <span class='ocrx_word' id='word_1_743' title='bbox 1279 5039 1382 5100; x_wconf 76' lang='lat' dir='ltr'><strong>etc.</strong></span> <span class='ocrx_word' id='word_1_744' title='bbox 1432 5044 1544 5098; x_wconf 82' lang='lat' dir='ltr'><strong>Erit</strong></span> <span class='ocrx_word' id='word_1_745' title='bbox 1574 5043 1845 5127; x_wconf 56' lang='lat' dir='ltr'><strong>igiturin</strong></span> <span class='ocrx_word' id='word_1_746' title='bbox 1881 5039 2113 5127; x_wconf 73' lang='lat' dir='ltr'><strong>arbitrio</strong></span> <span class='ocrx_word' id='word_1_747' title='bbox 2219 5044 2401 5127; x_wconf 49' lang='lat' dir='ltr'><strong>Atque</strong></span> <span class='ocrx_word' id='word_1_748' title='bbox 2436 5044 2525 5127; x_wconf 56' lang='lat' dir='ltr'><strong>ita</strong></span> <span class='ocrx_word' id='word_1_749' title='bbox 2546 5042 2721 5127; x_wconf 40' lang='lat' dir='ltr'><strong>etiam.</strong></span> <span class='ocrx_word' id='word_1_750' title='bbox 2745 5041 2868 5126; x_wconf 72' lang='lat' dir='ltr'><strong>legit</strong></span> <span class='ocrx_word' id='word_1_751' title='bbox 2902 5039 3266 5127; x_wconf 42' lang='lat' dir='ltr'><strong>biic&#39;ephorus:</strong></span> 
     </span>
    </p>
   </div>
   <div class='ocr_carea' id='block_1_104' title="bbox 549 5110 2116 5192">
    <p class='ocr_par' dir='ltr' id='par_1_104' title="bbox 549 5110 2113 5192">
     <span class='ocr_line' id='line_1_104' title="bbox 549 5110 2113 5192; baseline 0.004 -31"><span class='ocrx_word' id='word_1_752' title='bbox 549 5115 783 5178; x_wconf 76' lang='lat' dir='ltr'><strong>positum</strong></span> <span class='ocrx_word' id='word_1_753' title='bbox 817 5112 1058 5192; x_wconf 49' lang='lat' dir='ltr'><strong>lectoris&quot;.</strong></span> <span class='ocrx_word' id='word_1_754' title='bbox 1093 5124 1151 5168; x_wconf 93' lang='lat' dir='ltr'><strong>ut</strong></span> <span class='ocrx_word' id='word_1_755' title='bbox 1180 5131 1299 5169; x_wconf 84' lang='lat' dir='ltr'><strong>eam</strong></span> <span class='ocrx_word' id='word_1_756' title='bbox 1333 5130 1495 5184; x_wconf 92' lang='lat' dir='ltr'><strong>quam</strong></span> <span class='ocrx_word' id='word_1_757' title='bbox 1522 5110 1668 5167; x_wconf 83' lang='lat' dir='ltr'><strong>volet</strong></span> <span class='ocrx_word' id='word_1_758' title='bbox 1698 5112 2113 5192; x_wconf 59' lang='lat' dir='ltr'><strong>interpretatio-</strong></span> 
     </span>
    </p>
   </div>
   <div class='ocr_carea' id='block_1_105' title="bbox 2219 5110 3767 5192">
    <p class='ocr_par' dir='ltr' id='par_1_105' title="bbox 2287 5110 3767 5192">
     <span class='ocr_line' id='line_1_105' title="bbox 2287 5110 3767 5192; baseline -0.003 -26"><span class='ocrx_word' id='word_1_759' title='bbox 2287 5110 2407 5192; x_wconf 44' lang='lat'><strong>.(‘252</strong></span> <span class='ocrx_word' id='word_1_760' title='bbox 2434 5112 2525 5182; x_wconf 84' lang='grc' dir='ltr'><strong><em>Πῆ</em></strong></span> <span class='ocrx_word' id='word_1_761' title='bbox 2562 5110 2876 5192; x_wconf 36' lang='grc' dir='ltr'>δὲιᾳύτρὺς</span> <span class='ocrx_word' id='word_1_762' title='bbox 2896 5110 3151 5192; x_wconf 44' lang='grc' dir='ltr'>’κρῖνε-ιη</span> <span class='ocrx_word' id='word_1_763' title='bbox 3171 5110 3312 5192; x_wconf 66' lang='grc' dir='ltr'>τοὺς</span> <span class='ocrx_word' id='word_1_764' title='bbox 3343 5110 3575 5192; x_wconf 51' lang='grc' dir='ltr'><strong>ἄλειοιξς</strong></span> <span class='ocrx_word' id='word_1_765' title='bbox 3615 5111 3767 5192; x_wconf 52' lang='grc' dir='ltr'>ἰσχύς</span> 
     </span>
    </p>
   </div>
   <div class='ocr_carea' id='block_1_106' title="bbox 549 5177 2116 5308">
    <p class='ocr_par' dir='ltr' id='par_1_106' title="bbox 549 5177 2116 5304">
     <span class='ocr_line' id='line_1_106' title="bbox 549 5177 2116 5262; baseline 0.003 -29"><span class='ocrx_word' id='word_1_766' title='bbox 549 5177 671 5262; x_wconf 74' lang='lat' dir='ltr'><strong>nem</strong></span> <span class='ocrx_word' id='word_1_767' title='bbox 706 5189 985 5251; x_wconf 90' lang='lat' dir='ltr'><strong>sequatur.</strong></span> <span class='ocrx_word' id='word_1_768' title='bbox 1020 5182 1248 5254; x_wconf 84' lang='lat' dir='ltr'><strong>Semper</strong></span> <span class='ocrx_word' id='word_1_769' title='bbox 1286 5177 1467 5241; x_wconf 78' lang='lat' dir='ltr'><strong>tamen</strong></span> <span class='ocrx_word' id='word_1_770' title='bbox 1497 5184 1762 5240; x_wconf 88' lang='lat' dir='ltr'><strong>mutanda</strong></span> <span class='ocrx_word' id='word_1_771' title='bbox 1804 5177 1889 5238; x_wconf 76' lang='lat' dir='ltr'><strong>est</strong></span> <span class='ocrx_word' id='word_1_772' title='bbox 1917 5182 2116 5238; x_wconf 91' lang='lat' dir='ltr'><strong>distin-</strong></span> 
     </span>
     <span class='ocr_line' id='line_1_107' title="bbox 549 5257 680 5304; baseline -0.008 0"><span class='ocrx_word' id='word_1_773' title='bbox 549 5257 680 5304; x_wconf 57' lang='lat' dir='ltr'><strong>ctIO.</strong></span> 
     </span>
    </p>
   </div>
   <div class='ocr_carea' id='block_1_107' title="bbox 2219 5177 3767 5308">
    <p class='ocr_par' dir='ltr' id='par_1_107' title="bbox 2219 5177 3767 5308">
     <span class='ocr_line' id='line_1_108' title="bbox 2219 5177 3767 5252; baseline -0.003 -19"><span class='ocrx_word' id='word_1_774' title='bbox 2219 5177 2575 5252; x_wconf 76' lang='grc' dir='ltr'>ριζομένούς.</span> <span class='ocrx_word' id='word_1_775' title='bbox 2645 5177 3009 5236; x_wconf 87' lang='lat' dir='ltr'><strong>Scribendum</strong></span> <span class='ocrx_word' id='word_1_776' title='bbox 3072 5187 3158 5235; x_wconf 87' lang='lat' dir='ltr'><strong>est</strong></span> <span class='ocrx_word' id='word_1_777' title='bbox 3223 5180 3673 5251; x_wconf 79' lang='grc' dir='ltr'>ἰσχυριζομένων,</span> <span class='ocrx_word' id='word_1_778' title='bbox 3717 5181 3767 5229; x_wconf 91' lang='lat' dir='ltr'><strong>ut</strong></span> 
     </span>
     <span class='ocr_line' id='line_1_109' title="bbox 2223 5249 2738 5308; baseline -0.01 0"><span class='ocrx_word' id='word_1_779' title='bbox 2223 5254 2354 5308; x_wconf 72' lang='lat' dir='ltr'><strong>lcait</strong></span> <span class='ocrx_word' id='word_1_780' title='bbox 2379 5249 2738 5308; x_wconf 73' lang='lat' dir='ltr'><strong>Nicenhorus.</strong></span> 
     </span>
    </p>
   </div>
   <div class='ocr_carea' id='block_1_108' title="bbox 545 5252 3564 5329">
    <p class='ocr_par' dir='ltr' id='par_1_108' title="bbox 545 5252 3564 5329">
     <span class='ocr_line' id='line_1_110' title="bbox 545 5252 3564 5329; baseline 0 0"><span class='ocrx_word' id='word_1_781' title='bbox 545 5252 728 5329; x_wconf 53' lang='lat' dir='ltr'><strong>die.</strong></span> <span class='ocrx_word' id='word_1_782' title='bbox 926 5321 949 5329; x_wconf 88' lang='lat'><strong><em>_</em></strong></span> <span class='ocrx_word' id='word_1_783' title='bbox 1111 5252 1168 5329; x_wconf 74' lang='grc'><strong>.“</strong></span> <span class='ocrx_word' id='word_1_784' title='bbox 1237 5322 1258 5329; x_wconf 82' lang='grc'><strong>-</strong></span> <span class='ocrx_word' id='word_1_785' title='bbox 1428 5324 1440 5329; x_wconf 83' lang='grc'><strong>-</strong></span> <span class='ocrx_word' id='word_1_786' title='bbox 1682 5323 1699 5329; x_wconf 89' lang='grc'><strong>-</strong></span> <span class='ocrx_word' id='word_1_787' title='bbox 1866 5322 1903 5329; x_wconf 84' lang='grc'><strong>-,</strong></span> <span class='ocrx_word' id='word_1_788' title='bbox 2010 5319 2047 5329; x_wconf 83' lang='lat'><em>_</em></span> <span class='ocrx_word' id='word_1_789' title='bbox 2223 5252 2738 5329; x_wconf 58' lang='lat' dir='ltr'><strong>108i}.Niaerl*9rll.s-</strong></span> <span class='ocrx_word' id='word_1_790' title='bbox 2853 5321 2937 5329; x_wconf 90' lang='lat'><strong>..</strong></span> <span class='ocrx_word' id='word_1_791' title='bbox 3079 5319 3091 5329; x_wconf 93' lang='lat'><strong>.</strong></span> <span class='ocrx_word' id='word_1_792' title='bbox 3305 5322 3318 5329; x_wconf 92' lang='lat'><strong>-</strong></span> <span class='ocrx_word' id='word_1_793' title='bbox 3419 5322 3437 5329; x_wconf 87' lang='lat'>_</span> <span class='ocrx_word' id='word_1_794' title='bbox 3544 5317 3564 5329; x_wconf 88' lang='lat'><strong>.</strong></span> 
     </span>
    </p>
   </div>
   <div class='ocr_carea' id='block_1_109' title="bbox 620 5312 2116 5402">
    <p class='ocr_par' dir='ltr' id='par_1_109' title="bbox 620 5318 2116 5402">
     <span class='ocr_line' id='line_1_111' title="bbox 620 5318 2116 5402; baseline -0.012 -10"><span class='ocrx_word' id='word_1_795' title='bbox 620 5318 736 5402; x_wconf 60' lang='lat'><strong>(.21)</strong></span> <span class='ocrx_word' id='word_1_796' title='bbox 771 5321 1027 5402; x_wconf 51' lang='grc' dir='ltr'><strong>οὺχβνα</strong></span> <span class='ocrx_word' id='word_1_797' title='bbox 1040 5321 1200 5402; x_wconf 67' lang='grc' dir='ltr'>μάθῃ</span> <span class='ocrx_word' id='word_1_798' title='bbox 1222 5322 1259 5377; x_wconf 80' lang='grc' dir='ltr'><em>ἁ</em></span> <span class='ocrx_word' id='word_1_799' title='bbox 1283 5324 1644 5402; x_wconf 55' lang='grc' dir='ltr'>μεμάθηκεν.</span> <span class='ocrx_word' id='word_1_800' title='bbox 1682 5323 1755 5402; x_wconf 66' lang='grc' dir='ltr'><strong>Ιιι⁸</strong></span> <span class='ocrx_word' id='word_1_801' title='bbox 1781 5322 1974 5378; x_wconf 83' lang='lat' dir='ltr'><strong>codice</strong></span> <span class='ocrx_word' id='word_1_802' title='bbox 2008 5319 2116 5402; x_wconf 53' lang='lat' dir='ltr'><strong>Fu:</strong></span> 
     </span>
    </p>
   </div>
   <div class='ocr_carea' id='block_1_110' title="bbox 2219 5312 3766 5402">
    <p class='ocr_par' dir='ltr' id='par_1_110' title="bbox 2242 5312 3766 5402">
     <span class='ocr_line' id='line_1_112' title="bbox 2242 5312 3766 5402; baseline -0.01 -22"><span class='ocrx_word' id='word_1_803' title='bbox 2242 5312 2410 5402; x_wconf 36' lang='lat'><strong>‘12.“</strong></span> <span class='ocrx_word' id='word_1_804' title='bbox 2446 5312 2750 5402; x_wconf 53' lang='lat' dir='ltr'><strong>Oddénthr</strong></span> <span class='ocrx_word' id='word_1_805' title='bbox 2799 5321 2996 5389; x_wconf 80' lang='grc' dir='ltr'>αὐτὴν</span> <span class='ocrx_word' id='word_1_806' title='bbox 3021 5319 3257 5402; x_wconf 32' lang='grc' dir='ltr'>πζστιη-</span> <span class='ocrx_word' id='word_1_807' title='bbox 3286 5317 3617 5402; x_wconf 51' lang='grc' dir='ltr'>ὁμολογεῖς.</span> 
     </span>
    </p>
   </div>
   <div class='ocr_carea' id='block_1_111' title="bbox 545 5375 2116 5473">
    <p class='ocr_par' dir='ltr' id='par_1_111' title="bbox 545 5375 2116 5473">
     <span class='ocr_line' id='line_1_113' title="bbox 545 5375 2116 5473; baseline 0.001 -29"><span class='ocrx_word' id='word_1_808' title='bbox 545 5375 767 5471; x_wconf 62' lang='grc' dir='ltr'>κρίὶεειὶο</span> <span class='ocrx_word' id='word_1_809' title='bbox 814 5375 1079 5473; x_wconf 47' lang='grc' dir='ltr'>ερἱῃιυλῖί</span> <span class='ocrx_word' id='word_1_810' title='bbox 1095 5375 1101 5376; x_wconf 28' lang='grc' dir='ltr'>ί</span> <span class='ocrx_word' id='word_1_811' title='bbox 1118 5375 1933 5473; x_wconf 24' lang='lat' dir='ltr'><strong>inrisui,fdi—piipégabﬁzég,‘</strong></span> <span class='ocrx_word' id='word_1_812' title='bbox 1954 5375 2116 5473; x_wconf 51' lang='lat' dir='ltr'><strong>&#39;qupd</strong></span> 
     </span>
    </p>
   </div>
   <div class='ocr_carea' id='block_1_112' title="bbox 2219 5375 3763 5473">
    <p class='ocr_par' dir='ltr' id='par_1_112' title="bbox 2224 5375 3763 5473">
     <span class='ocr_line' id='line_1_114' title="bbox 2224 5375 3763 5473; baseline -0.002 -30"><span class='ocrx_word' id='word_1_813' title='bbox 2224 5375 2578 5473; x_wconf 38' lang='lat' dir='ltr'><strong>dubiio‘quin.</strong></span> <span class='ocrx_word' id='word_1_814' title='bbox 2602 5375 2949 5473; x_wconf 68' lang='lat' dir='ltr'><strong>Soiomepus</strong></span> <span class='ocrx_word' id='word_1_815' title='bbox 2970 5390 3266 5473; x_wconf 71' lang='lat' dir='ltr'><strong>scripserit</strong></span> <span class='ocrx_word' id='word_1_816' title='bbox 3314 5375 3630 5473; x_wconf 53' lang='lat' dir='ltr'><strong>iIECJIlOdO,</strong></span> <span class='ocrx_word' id='word_1_817' title='bbox 3660 5382 3763 5473; x_wconf 56' lang='grc' dir='ltr'>οὐδὲ</span> 
     </span>
    </p>
   </div>
   <div class='ocr_carea' id='block_1_113' title="bbox 546 5458 2116 5543">
    <p class='ocr_par' dir='ltr' id='par_1_113' title="bbox 546 5458 2116 5543">
     <span class='ocr_line' id='line_1_115' title="bbox 546 5458 2116 5543; baseline -0.01 -14"><span class='ocrx_word' id='word_1_818' title='bbox 546 5460 728 5543; x_wconf 53' lang='lat' dir='ltr'><strong>magis</strong></span> <span class='ocrx_word' id='word_1_819' title='bbox 759 5458 985 5543; x_wconf 43' lang='lat' dir='ltr'><strong>probo.&quot;</strong></span> <span class='ocrx_word' id='word_1_820' title='bbox 1006 5461 1168 5518; x_wconf 86' lang='lat' dir='ltr'><strong>Certe</strong></span> <span class='ocrx_word' id='word_1_821' title='bbox 1195 5458 1821 5543; x_wconf 53' lang='lat' dir='ltr'><strong>l‘iicepliorusjta&#39;legit.</strong></span> <span class='ocrx_word' id='word_1_822' title='bbox 1861 5461 1953 5543; x_wconf 72' lang='lat' dir='ltr'><strong>Sic</strong></span> <span class='ocrx_word' id='word_1_823' title='bbox 1973 5458 2116 5543; x_wconf 77' lang='lat' dir='ltr'><strong>enim</strong></span> 
     </span>
    </p>
   </div>
   <div class='ocr_carea' id='block_1_114' title="bbox 2219 5458 3763 5543">
    <p class='ocr_par' dir='ltr' id='par_1_114' title="bbox 2220 5458 3763 5543">
     <span class='ocr_line' id='line_1_116' title="bbox 2220 5458 3763 5543; baseline -0.003 -29"><span class='ocrx_word' id='word_1_824' title='bbox 2220 5461 2330 5543; x_wconf 58' lang='grc' dir='ltr'>γὰρ</span> <span class='ocrx_word' id='word_1_825' title='bbox 2379 5458 2478 5542; x_wconf 62' lang='grc' dir='ltr'>τὴν</span> <span class='ocrx_word' id='word_1_826' title='bbox 2521 5460 2698 5543; x_wconf 41' lang='grc' dir='ltr'>αὐτὴν.</span> <span class='ocrx_word' id='word_1_827' title='bbox 2738 5458 3259 5543; x_wconf 40' lang='grc' dir='ltr'>ὁμολογεῖν-,πίστιν</span> <span class='ocrx_word' id='word_1_828' title='bbox 3305 5458 3619 5543; x_wconf 65' lang='grc' dir='ltr'>ἠϐούλοωῖ</span> 
     </span>
    </p>
   </div>
   <div class='ocr_carea' id='block_1_115' title="bbox 549 5529 3765 5614">
    <p class='ocr_par' dir='ltr' id='par_1_115' title="bbox 549 5529 3765 5614">
     <span class='ocr_line' id='line_1_117' title="bbox 549 5529 3765 5614; baseline 0.006 -31"><span class='ocrx_word' id='word_1_829' title='bbox 549 5529 730 5583; x_wconf 86' lang='lat' dir='ltr'><strong>reddit</strong></span> <span class='ocrx_word' id='word_1_830' title='bbox 771 5532 914 5583; x_wconf 88' lang='lat' dir='ltr'><strong>hunc</strong></span> <span class='ocrx_word' id='word_1_831' title='bbox 953 5531 1244 5585; x_wconf 87' lang='lat' dir='ltr'><strong>Sozomeui</strong></span> <span class='ocrx_word' id='word_1_832' title='bbox 1293 5529 1471 5587; x_wconf 74' lang='lat' dir='ltr'><strong>locum</strong></span> <span class='ocrx_word' id='word_1_833' title='bbox 1503 5553 1516 5589; x_wconf 90' lang='lat'><strong>:</strong></span> <span class='ocrx_word' id='word_1_834' title='bbox 1551 5536 1615 5587; x_wconf 83' lang='lat' dir='ltr'><strong>&#39;H</strong></span> <span class='ocrx_word' id='word_1_835' title='bbox 1652 5529 1767 5600; x_wconf 67' lang='grc' dir='ltr'>νῦν,</span> <span class='ocrx_word' id='word_1_836' title='bbox 1811 5534 1965 5614; x_wconf 52' lang='grc' dir='ltr'>φησι,</span> <span class='ocrx_word' id='word_1_837' title='bbox 1998 5531 2121 5614; x_wconf 68' lang='grc' dir='ltr'>σύν·</span> <span class='ocrx_word' id='word_1_838' title='bbox 2224 5529 2349 5614; x_wconf 50' lang='lat' dir='ltr'><strong>&quot;gift:</strong></span> <span class='ocrx_word' id='word_1_839' title='bbox 2376 5529 2521 5613; x_wconf 57' lang='lat' dir='ltr'><strong>filii!&quot;</strong></span> <span class='ocrx_word' id='word_1_840' title='bbox 2561 5529 2961 5614; x_wconf 60' lang='grc' dir='ltr'><strong>(ξίξλεεῖείθηῖξ</strong></span> <span class='ocrx_word' id='word_1_841' title='bbox 3007 5530 3291 5614; x_wconf 39' lang='lat' dir='ltr'><strong>dicuntur!</strong></span> <span class='ocrx_word' id='word_1_842' title='bbox 3323 5529 3419 5614; x_wconf 60' lang='grc' dir='ltr'><strong>(Ιυῖ</strong></span> <span class='ocrx_word' id='word_1_843' title='bbox 3444 5532 3765 5614; x_wconf 10' lang='lat' dir='ltr'><strong>inmugit&quot;,</strong></span> 
     </span>
    </p>
   </div>
   <div class='ocr_carea' id='block_1_116' title="bbox 547 5598 2116 5679">
    <p class='ocr_par' dir='ltr' id='par_1_116' title="bbox 547 5598 2116 5677">
     <span class='ocr_line' id='line_1_118' title="bbox 547 5598 2116 5677; baseline 0.002 -25"><span class='ocrx_word' id='word_1_844' title='bbox 547 5598 667 5662; x_wconf 87' lang='grc' dir='ltr'>οδος</span> <span class='ocrx_word' id='word_1_845' title='bbox 702 5599 987 5673; x_wconf 75' lang='grc' dir='ltr'>ἠθροίσθη,</span> <span class='ocrx_word' id='word_1_846' title='bbox 1029 5602 1127 5673; x_wconf 83' lang='grc' dir='ltr'><strong>οὐχ</strong></span> <span class='ocrx_word' id='word_1_847' title='bbox 1166 5602 1254 5656; x_wconf 80' lang='grc' dir='ltr'>ἵνα</span> <span class='ocrx_word' id='word_1_848' title='bbox 1272 5603 1385 5676; x_wconf 80' lang='grc' dir='ltr'><strong>γνῷ</strong></span> <span class='ocrx_word' id='word_1_849' title='bbox 1409 5604 1445 5658; x_wconf 78' lang='grc' dir='ltr'>ἃ</span> <span class='ocrx_word' id='word_1_850' title='bbox 1472 5605 1546 5676; x_wconf 85' lang='grc' dir='ltr'><strong>μὴ</strong></span> <span class='ocrx_word' id='word_1_851' title='bbox 1578 5604 1704 5676; x_wconf 75' lang='grc' dir='ltr'>ἔσχε</span> <span class='ocrx_word' id='word_1_852' title='bbox 1728 5598 1976 5677; x_wconf 69' lang='grc' dir='ltr'>μαθοῦσα</span> <span class='ocrx_word' id='word_1_853' title='bbox 1993 5603 2116 5675; x_wconf 80' lang='grc' dir='ltr'>πρό-</span> 
     </span>
    </p>
   </div>
   <div class='ocr_carea' id='block_1_117' title="bbox 2219 5598 3767 5679">
    <p class='ocr_par' dir='ltr' id='par_1_117' title="bbox 2220 5598 3767 5679">
     <span class='ocr_line' id='line_1_119' title="bbox 2220 5598 3767 5679; baseline -0.006 -22"><span class='ocrx_word' id='word_1_854' title='bbox 2220 5603 2449 5679; x_wconf 78' lang='lat' dir='ltr'><strong>reliquis</strong></span> <span class='ocrx_word' id='word_1_855' title='bbox 2472 5604 2525 5679; x_wconf 83' lang='lat' dir='ltr'><strong>in</strong></span> <span class='ocrx_word' id='word_1_856' title='bbox 2569 5601 2670 5679; x_wconf 74' lang='lat' dir='ltr'><strong>[ide</strong></span> <span class='ocrx_word' id='word_1_857' title='bbox 2703 5602 3017 5656; x_wconf 85' lang='lat' dir='ltr'><strong>consentire</strong></span> <span class='ocrx_word' id='word_1_858' title='bbox 3045 5600 3317 5679; x_wconf 76' lang='lat' dir='ltr'><strong>volebant.</strong></span> <span class='ocrx_word' id='word_1_859' title='bbox 3356 5613 3461 5652; x_wconf 89' lang='lat' dir='ltr'><strong>nec</strong></span> <span class='ocrx_word' id='word_1_860' title='bbox 3486 5598 3767 5679; x_wconf 44' lang='lat' dir='ltr'><strong>aderant}-</strong></span> 
     </span>
    </p>
   </div>
   <div class='ocr_carea' id='block_1_118' title="bbox 547 5664 3765 5747">
    <p class='ocr_par' dir='ltr' id='par_1_118' title="bbox 547 5664 3765 5747">
     <span class='ocr_line' id='line_1_120' title="bbox 547 5664 3765 5747; baseline -0.002 -24"><span class='ocrx_word' id='word_1_861' title='bbox 547 5664 738 5739; x_wconf 83' lang='grc' dir='ltr'>τερον.’</span> <span class='ocrx_word' id='word_1_862' title='bbox 778 5664 791 5672; x_wconf 84' lang='grc'><em>’</em></span> <span class='ocrx_word' id='word_1_863' title='bbox 952 5664 982 5673; x_wconf 62' lang='grc'><strong>’⁷</strong></span> <span class='ocrx_word' id='word_1_864' title='bbox 1095 5664 1127 5673; x_wconf 77' lang='grc'><em>”“</em></span> <span class='ocrx_word' id='word_1_865' title='bbox 1284 5664 1298 5674; x_wconf 84' lang='grc'><em>’</em></span> <span class='ocrx_word' id='word_1_866' title='bbox 1356 5664 1369 5676; x_wconf 87' lang='grc'><em>’</em></span> <span class='ocrx_word' id='word_1_867' title='bbox 1472 5664 1485 5676; x_wconf 90' lang='grc'><em>’</em></span> <span class='ocrx_word' id='word_1_868' title='bbox 1535 5664 1546 5676; x_wconf 91' lang='grc'><em>’</em></span> <span class='ocrx_word' id='word_1_869' title='bbox 1642 5664 1675 5676; x_wconf 81' lang='grc'><strong>’“</strong></span> <span class='ocrx_word' id='word_1_870' title='bbox 1728 5664 1740 5677; x_wconf 84' lang='grc'><em>’</em></span> <span class='ocrx_word' id='word_1_871' title='bbox 2037 5664 2049 5675; x_wconf 87' lang='grc'><em>’</em></span> <span class='ocrx_word' id='word_1_872' title='bbox 2220 5664 2457 5725; x_wconf 77' lang='lat' dir='ltr'><strong>nandum</strong></span> <span class='ocrx_word' id='word_1_873' title='bbox 2482 5671 2672 5747; x_wconf 72' lang='lat' dir='ltr'><strong>Cyrilli</strong></span> <span class='ocrx_word' id='word_1_874' title='bbox 2708 5685 2936 5747; x_wconf 73' lang='lat' dir='ltr'><strong>causam</strong></span> <span class='ocrx_word' id='word_1_875' title='bbox 2972 5670 3450 5747; x_wconf 76' lang='lat' dir='ltr'><strong>ac_cedere,_quen|</strong></span> 
     </span>
    </p>
   </div>
   <div class='ocr_carea' id='block_1_119' title="bbox 623 5730 2116 5815">
    <p class='ocr_par' dir='ltr' id='par_1_119' title="bbox 623 5730 2116 5815">
     <span class='ocr_line' id='line_1_121' title="bbox 623 5730 2116 5815; baseline 0.006 -23"><span class='ocrx_word' id='word_1_876' title='bbox 623 5730 739 5810; x_wconf 68' lang='lat'><strong>(22)</strong></span> <span class='ocrx_word' id='word_1_877' title='bbox 779 5743 855 5796; x_wconf 86' lang='grc' dir='ltr'><em>Ἦ</em></span> <span class='ocrx_word' id='word_1_878' title='bbox 898 5741 1015 5810; x_wconf 68' lang='grc' dir='ltr'><strong>ἰδίᾳ</strong></span> <span class='ocrx_word' id='word_1_879' title='bbox 1045 5743 1203 5815; x_wconf 58' lang='lat' dir='ltr'><strong>«argi</strong></span> <span class='ocrx_word' id='word_1_880' title='bbox 1231 5762 1426 5803; x_wconf 80' lang='grc' dir='ltr'>τινων.</span> <span class='ocrx_word' id='word_1_881' title='bbox 1485 5742 1847 5802; x_wconf 77' lang='lat' dir='ltr'><strong>Scribendum</strong></span> <span class='ocrx_word' id='word_1_882' title='bbox 1882 5755 1962 5803; x_wconf 87' lang='lat' dir='ltr'><strong>cst</strong></span> <span class='ocrx_word' id='word_1_883' title='bbox 2002 5762 2116 5815; x_wconf 64' lang='grc' dir='ltr'>περι</span> 
     </span>
    </p>
   </div>
   <div class='ocr_carea' id='block_1_120' title="bbox 2219 5730 3763 5815">
    <p class='ocr_par' dir='ltr' id='par_1_120' title="bbox 2221 5730 3763 5813">
     <span class='ocr_line' id='line_1_122' title="bbox 2221 5730 3763 5813; baseline -0.008 -14"><span class='ocrx_word' id='word_1_884' title='bbox 2221 5747 2470 5799; x_wconf 83' lang='lat' dir='ltr'><strong>sueraut.</strong></span> <span class='ocrx_word' id='word_1_885' title='bbox 2513 5730 2589 5796; x_wconf 60' lang='lat' dir='ltr'><strong>l&#39;ta</strong></span> <span class='ocrx_word' id='word_1_886' title='bbox 2621 5746 2773 5797; x_wconf 75' lang='lat' dir='ltr'><strong>certe</strong></span> <span class='ocrx_word' id='word_1_887' title='bbox 2824 5740 2973 5813; x_wconf 86' lang='lat' dir='ltr'><strong>hunc</strong></span> <span class='ocrx_word' id='word_1_888' title='bbox 3030 5739 3211 5794; x_wconf 87' lang='lat' dir='ltr'><strong>locum</strong></span> <span class='ocrx_word' id='word_1_889' title='bbox 3245 5730 3533 5793; x_wconf 70' lang='lat' dir='ltr'><strong>intellexit</strong></span> <span class='ocrx_word' id='word_1_890' title='bbox 3564 5730 3763 5803; x_wconf 63' lang='lat' dir='ltr'><strong>Niceph.</strong></span> 
     </span>
    </p>
   </div>
  </div>
