  <div class='ocr_page' id='page_1' title='image "/cluster/home/n/w/nwhite01/storage/ocr_20150623/67/mdp.39015018620115/598.png"; bbox 0 0 4056 6326; ppageno 0'>
   <div class='ocr_carea' id='block_1_1' title="bbox 331 448 472 510">
    <p class='ocr_par' dir='ltr' id='par_1_1' title="bbox 331 448 472 510">
     <span class='ocr_line' id='line_1_1' title="bbox 331 448 472 510; baseline -0.007 0"><span class='ocrx_word' id='word_1_1' title='bbox 331 448 472 510; x_wconf 76' lang='lat' dir='ltr'><strong>H85</strong></span> 
     </span>
    </p>
   </div>
   <div class='ocr_carea' id='block_1_2' title="bbox 1297 422 2614 513">
    <p class='ocr_par' dir='ltr' id='par_1_2' title="bbox 1297 422 2614 513">
     <span class='ocr_line' id='line_1_2' title="bbox 1297 422 2614 513; baseline 0.001 -5"><span class='ocrx_word' id='word_1_2' title='bbox 1297 451 1623 510; x_wconf 75' lang='lat' dir='ltr'><strong>HISTORIA</strong></span> <span class='ocrx_word' id='word_1_3' title='bbox 1661 422 2195 513; x_wconf 72' lang='lat' dir='ltr'><strong>ECCLESLAS&#39;I‘ICA</strong></span> <span class='ocrx_word' id='word_1_4' title='bbox 2269 487 2326 499; x_wconf 86' lang='grc'><strong>-</strong></span> <span class='ocrx_word' id='word_1_5' title='bbox 2356 451 2481 510; x_wconf 81' lang='lat' dir='ltr'><strong>LIB.</strong></span> <span class='ocrx_word' id='word_1_6' title='bbox 2527 452 2614 509; x_wconf 81' lang='lat' dir='ltr'><strong>IV.</strong></span> 
     </span>
    </p>
   </div>
   <div class='ocr_carea' id='block_1_3' title="bbox 3471 451 3608 512">
    <p class='ocr_par' dir='ltr' id='par_1_3' title="bbox 3471 451 3608 512">
     <span class='ocr_line' id='line_1_3' title="bbox 3471 451 3608 512; baseline 0.015 -2"><span class='ocrx_word' id='word_1_7' title='bbox 3471 451 3608 512; x_wconf 75' lang='grc'><strong>1186</strong></span> 
     </span>
    </p>
   </div>
   <div class='ocr_carea' id='block_1_4' title="bbox 329 550 1896 652">
    <p class='ocr_par' dir='ltr' id='par_1_4' title="bbox 329 550 1896 648">
     <span class='ocr_line' id='line_1_4' title="bbox 329 550 1896 648; baseline 0.004 -19"><span class='ocrx_word' id='word_1_8' title='bbox 329 550 529 647; x_wconf 79' lang='grc' dir='ltr'>χθέντα</span> <span class='ocrx_word' id='word_1_9' title='bbox 576 576 641 646; x_wconf 85' lang='grc' dir='ltr'>τῇ</span> <span class='ocrx_word' id='word_1_10' title='bbox 677 574 907 629; x_wconf 77' lang='grc' dir='ltr'><strong>ἑκάστου</strong></span> <span class='ocrx_word' id='word_1_11' title='bbox 945 574 1208 648; x_wconf 80' lang='grc' dir='ltr'>παροικίᾳ</span> <span class='ocrx_word' id='word_1_12' title='bbox 1239 575 1507 648; x_wconf 79' lang='grc' dir='ltr'><strong>ἔγραψαν.</strong></span> <span class='ocrx_word' id='word_1_13' title='bbox 1552 581 1696 633; x_wconf 77' lang='grc' dir='ltr'>’Δντὶ</span> <span class='ocrx_word' id='word_1_14' title='bbox 1717 582 1773 634; x_wconf 82' lang='grc' dir='ltr'><strong>δὲ</strong></span> <span class='ocrx_word' id='word_1_15' title='bbox 1812 583 1896 635; x_wconf 81' lang='grc' dir='ltr'><strong>Εὑ-</strong></span> 
     </span>
    </p>
   </div>
   <div class='ocr_carea' id='block_1_5' title="bbox 2002 550 3605 652">
    <p class='ocr_par' dir='ltr' id='par_1_5' title="bbox 2018 574 3605 652">
     <span class='ocr_line' id='line_1_5' title="bbox 2018 574 3605 652; baseline -0.003 -16"><span class='ocrx_word' id='word_1_16' title='bbox 2018 588 2108 636; x_wconf 89' lang='lat' dir='ltr'><strong>tur</strong></span> <span class='ocrx_word' id='word_1_17' title='bbox 2161 581 2228 635; x_wconf 88' lang='lat' dir='ltr'><strong>ad</strong></span> <span class='ocrx_word' id='word_1_18' title='bbox 2279 580 2576 652; x_wconf 86' lang='lat' dir='ltr'><strong>synodum,</strong></span> <span class='ocrx_word' id='word_1_19' title='bbox 2612 576 2834 631; x_wconf 91' lang='lat' dir='ltr'><strong>minime</strong></span> <span class='ocrx_word' id='word_1_20' title='bbox 2880 574 3301 645; x_wconf 86' lang='lat' dir='ltr'><strong>obtemperavit,</strong></span> <span class='ocrx_word' id='word_1_21' title='bbox 3342 586 3605 633; x_wconf 75' lang='lat' dir='ltr'><strong>causatus</strong></span> 
     </span>
    </p>
   </div>
   <div class='ocr_carea' id='block_1_6' title="bbox 328 666 1915 742">
    <p class='ocr_par' dir='ltr' id='par_1_6' title="bbox 328 666 1915 742">
     <span class='ocr_line' id='line_1_6' title="bbox 328 666 1915 742; baseline 0.006 -23"><span class='ocrx_word' id='word_1_22' title='bbox 328 666 526 733; x_wconf 78' lang='grc' dir='ltr'>δοξίου,</span> <span class='ocrx_word' id='word_1_23' title='bbox 558 666 840 739; x_wconf 81' lang='grc' dir='ltr'>Ἀδριανὸν</span> <span class='ocrx_word' id='word_1_24' title='bbox 875 668 1291 739; x_wconf 80' lang='grc' dir='ltr'><strong>ἐχειροτόνησαν</strong></span> <span class='ocrx_word' id='word_1_25' title='bbox 1326 670 1657 742; x_wconf 83' lang='grc' dir='ltr'><strong>Ἀντιοχείας</strong></span> <span class='ocrx_word' id='word_1_26' title='bbox 1695 673 1915 728; x_wconf 76' lang='grc' dir='ltr'>ἐπίσκο-</span> 
     </span>
    </p>
   </div>
   <div class='ocr_carea' id='block_1_7' title="bbox 327 759 1914 836">
    <p class='ocr_par' dir='ltr' id='par_1_7' title="bbox 327 759 1914 836">
     <span class='ocr_line' id='line_1_7' title="bbox 327 759 1914 836; baseline 0.006 -23"><span class='ocrx_word' id='word_1_27' title='bbox 327 776 451 824; x_wconf 83' lang='grc' dir='ltr'>πον,</span> <span class='ocrx_word' id='word_1_28' title='bbox 495 759 868 831; x_wconf 76' lang='grc' dir='ltr'>πρεσϐύτερον</span> <span class='ocrx_word' id='word_1_29' title='bbox 905 762 1036 814; x_wconf 79' lang='grc' dir='ltr'>ὄντα</span> <span class='ocrx_word' id='word_1_30' title='bbox 1082 761 1173 815; x_wconf 82' lang='grc' dir='ltr'><strong>τοῦ</strong></span> <span class='ocrx_word' id='word_1_31' title='bbox 1225 764 1405 817; x_wconf 82' lang='grc' dir='ltr'>ἐκεῖσε</span> <span class='ocrx_word' id='word_1_32' title='bbox 1436 765 1660 836; x_wconf 85' lang='grc' dir='ltr'>κλήρου.</span> <span class='ocrx_word' id='word_1_33' title='bbox 1712 767 1914 823; x_wconf 89' lang='grc' dir='ltr'>Συλλα-</span> 
     </span>
    </p>
   </div>
   <div class='ocr_carea' id='block_1_8' title="bbox 326 847 1912 926">
    <p class='ocr_par' dir='ltr' id='par_1_8' title="bbox 326 847 1912 926">
     <span class='ocr_line' id='line_1_8' title="bbox 326 847 1912 926; baseline 0.006 -26"><span class='ocrx_word' id='word_1_34' title='bbox 326 847 514 913; x_wconf 83' lang='grc' dir='ltr'>6όντες</span> <span class='ocrx_word' id='word_1_35' title='bbox 552 848 609 902; x_wconf 87' lang='grc' dir='ltr'>δὲ</span> <span class='ocrx_word' id='word_1_36' title='bbox 635 847 827 903; x_wconf 80' lang='grc' dir='ltr'>τοῦτον</span> <span class='ocrx_word' id='word_1_37' title='bbox 853 851 904 903; x_wconf 79' lang='lat' dir='ltr'><strong>oi</strong></span> <span class='ocrx_word' id='word_1_38' title='bbox 929 849 1074 921; x_wconf 77' lang='grc' dir='ltr'><strong>ἀμφὶ</strong></span> <span class='ocrx_word' id='word_1_39' title='bbox 1108 850 1386 916; x_wconf 82' lang='grc' dir='ltr'>Ἀκάκιον,</span> <span class='ocrx_word' id='word_1_40' title='bbox 1418 856 1611 926; x_wconf 79' lang='grc' dir='ltr'>Λεωνᾷ</span> <span class='ocrx_word' id='word_1_41' title='bbox 1640 857 1735 910; x_wconf 76' lang='grc' dir='ltr'><strong>καὶ</strong></span> <span class='ocrx_word' id='word_1_42' title='bbox 1767 858 1912 911; x_wconf 90' lang='grc' dir='ltr'>Λαυ-</span> 
     </span>
    </p>
   </div>
   <div class='ocr_carea' id='block_1_9' title="bbox 330 937 1909 1021">
    <p class='ocr_par' dir='ltr' id='par_1_9' title="bbox 330 937 1909 1021">
     <span class='ocr_line' id='line_1_9' title="bbox 330 937 1909 1021; baseline 0.006 -29"><span class='ocrx_word' id='word_1_43' title='bbox 330 937 489 1010; x_wconf 88' lang='grc' dir='ltr'>ρικίῳ</span> <span class='ocrx_word' id='word_1_44' title='bbox 532 940 892 1021; x_wconf 79' lang='grc' dir='ltr'>παρέδωκανο</span> <span class='ocrx_word' id='word_1_45' title='bbox 929 942 978 995; x_wconf 78' lang='lat' dir='ltr'><strong>oi</strong></span> <span class='ocrx_word' id='word_1_46' title='bbox 1022 941 1118 1008; x_wconf 75' lang='grc' dir='ltr'><strong>δὲ,</strong></span> <span class='ocrx_word' id='word_1_47' title='bbox 1146 944 1266 997; x_wconf 88' lang='grc' dir='ltr'>τότε</span> <span class='ocrx_word' id='word_1_48' title='bbox 1311 945 1409 1014; x_wconf 79' lang='grc' dir='ltr'>μὲν</span> <span class='ocrx_word' id='word_1_49' title='bbox 1452 947 1509 1000; x_wconf 85' lang='grc' dir='ltr'>ὲν</span> <span class='ocrx_word' id='word_1_50' title='bbox 1545 952 1909 1021; x_wconf 78' lang='grc' dir='ltr'>στρατιωτικῇ</span> 
     </span>
    </p>
   </div>
   <div class='ocr_carea' id='block_1_10' title="bbox 324 1020 1909 1107">
    <p class='ocr_par' dir='ltr' id='par_1_10' title="bbox 324 1020 1909 1107">
     <span class='ocr_line' id='line_1_10' title="bbox 324 1020 1909 1107; baseline 0.007 -26"><span class='ocrx_word' id='word_1_51' title='bbox 324 1020 545 1101; x_wconf 80' lang='grc' dir='ltr'>φρουρᾷ</span> <span class='ocrx_word' id='word_1_52' title='bbox 567 1030 728 1083; x_wconf 77' lang='grc' dir='ltr'>αὐτὸν</span> <span class='ocrx_word' id='word_1_53' title='bbox 777 1025 946 1101; x_wconf 71' lang='grc' dir='ltr'>εἶχον.</span> <span class='ocrx_word' id='word_1_54' title='bbox 980 1031 1247 1103; x_wconf 85' lang='grc' dir='ltr'>Ὕστερον</span> <span class='ocrx_word' id='word_1_55' title='bbox 1271 1033 1329 1088; x_wconf 83' lang='grc' dir='ltr'>δὲ</span> <span class='ocrx_word' id='word_1_56' title='bbox 1352 1074 1367 1100; x_wconf 91' lang='grc'><strong>,</strong></span> <span class='ocrx_word' id='word_1_57' title='bbox 1401 1035 1698 1107; x_wconf 76' lang='grc' dir='ltr'>ὑπερορίαν</span> <span class='ocrx_word' id='word_1_58' title='bbox 1741 1020 1909 1092; x_wconf 72' lang='grc' dir='ltr'>αὑτοῦ</span> 
     </span>
    </p>
   </div>
   <div class='ocr_carea' id='block_1_11' title="bbox 322 1119 1911 1198">
    <p class='ocr_par' dir='ltr' id='par_1_11' title="bbox 322 1119 1911 1198">
     <span class='ocr_line' id='line_1_11' title="bbox 322 1119 1911 1198; baseline 0.006 -26"><span class='ocrx_word' id='word_1_59' title='bbox 322 1119 503 1190; x_wconf 84' lang='grc' dir='ltr'>φυγὴν</span> <span class='ocrx_word' id='word_1_60' title='bbox 528 1120 914 1177; x_wconf 87' lang='grc' dir='ltr'>κατεδίκασαν.</span> <span class='ocrx_word' id='word_1_61' title='bbox 948 1121 1120 1178; x_wconf 83' lang='grc' dir='ltr'>Τοῦτο</span> <span class='ocrx_word' id='word_1_62' title='bbox 1150 1124 1346 1195; x_wconf 82' lang='grc' dir='ltr'>πέρας,</span> <span class='ocrx_word' id='word_1_63' title='bbox 1366 1124 1441 1189; x_wconf 84' lang='grc' dir='ltr'>ὡς</span> <span class='ocrx_word' id='word_1_64' title='bbox 1463 1127 1522 1179; x_wconf 88' lang='grc' dir='ltr'><strong>ἐν</strong></span> <span class='ocrx_word' id='word_1_65' title='bbox 1549 1126 1761 1197; x_wconf 82' lang='grc' dir='ltr'>βραχεῖ,</span> <span class='ocrx_word' id='word_1_66' title='bbox 1793 1131 1824 1198; x_wconf 85' lang='grc' dir='ltr'>ἠ</span> <span class='ocrx_word' id='word_1_67' title='bbox 1854 1131 1911 1183; x_wconf 80' lang='grc' dir='ltr'><strong>ἐν</strong></span> 
     </span>
    </p>
   </div>
   <div class='ocr_carea' id='block_1_12' title="bbox 322 1212 1909 1291">
    <p class='ocr_par' dir='ltr' id='par_1_12' title="bbox 322 1212 1909 1291">
     <span class='ocr_line' id='line_1_12' title="bbox 322 1212 1909 1291; baseline 0.006 -26"><span class='ocrx_word' id='word_1_68' title='bbox 322 1212 615 1285; x_wconf 72' lang='grc' dir='ltr'>Σελευκείᾳ</span> <span class='ocrx_word' id='word_1_69' title='bbox 644 1213 860 1278; x_wconf 82' lang='grc' dir='ltr'>σύνοδος</span> <span class='ocrx_word' id='word_1_70' title='bbox 894 1215 1074 1286; x_wconf 76' lang='grc' dir='ltr'>ἔσχεν.</span> <span class='ocrx_word' id='word_1_71' title='bbox 1113 1217 1171 1270; x_wconf 86' lang='lat'><strong>&#39;0</strong></span> <span class='ocrx_word' id='word_1_72' title='bbox 1213 1217 1270 1271; x_wconf 83' lang='grc' dir='ltr'>δὲ</span> <span class='ocrx_word' id='word_1_73' title='bbox 1302 1217 1473 1287; x_wconf 80' lang='grc' dir='ltr'>φιλῶν</span> <span class='ocrx_word' id='word_1_74' title='bbox 1505 1218 1619 1290; x_wconf 79' lang='grc'><strong>(25)</strong></span> <span class='ocrx_word' id='word_1_75' title='bbox 1662 1221 1909 1291; x_wconf 80' lang='grc' dir='ltr'>ἀκριϐῶς</span> 
     </span>
    </p>
   </div>
   <div class='ocr_carea' id='block_1_13' title="bbox 318 1303 1909 1383">
    <p class='ocr_par' dir='ltr' id='par_1_13' title="bbox 318 1303 1909 1383">
     <span class='ocr_line' id='line_1_13' title="bbox 318 1303 1909 1383; baseline 0.006 -27"><span class='ocrx_word' id='word_1_76' title='bbox 318 1303 382 1357; x_wconf 84' lang='grc' dir='ltr'><strong>τὸ</strong></span> <span class='ocrx_word' id='word_1_77' title='bbox 402 1304 527 1358; x_wconf 89' lang='grc' dir='ltr'>καθ’</span> <span class='ocrx_word' id='word_1_78' title='bbox 555 1305 784 1361; x_wconf 75' lang='grc' dir='ltr'>ἕκαστον</span> <span class='ocrx_word' id='word_1_79' title='bbox 808 1307 1027 1371; x_wconf 78' lang='grc' dir='ltr'>εἰδέναι,</span> <span class='ocrx_word' id='word_1_80' title='bbox 1045 1310 1109 1361; x_wconf 82' lang='grc' dir='ltr'><strong>ἐκ</strong></span> <span class='ocrx_word' id='word_1_81' title='bbox 1137 1308 1244 1362; x_wconf 86' lang='grc' dir='ltr'><strong>τῶν</strong></span> <span class='ocrx_word' id='word_1_82' title='bbox 1275 1310 1365 1362; x_wconf 77' lang='grc' dir='ltr'>ἐπὶ</span> <span class='ocrx_word' id='word_1_83' title='bbox 1390 1309 1599 1375; x_wconf 87' lang='grc' dir='ltr'>τούτοις</span> <span class='ocrx_word' id='word_1_84' title='bbox 1636 1312 1909 1383; x_wconf 81' lang='grc' dir='ltr'>πραχθέν-</span> 
     </span>
    </p>
   </div>
   <div class='ocr_carea' id='block_1_14' title="bbox 317 1398 1905 1475">
    <p class='ocr_par' dir='ltr' id='par_1_14' title="bbox 317 1398 1905 1475">
     <span class='ocr_line' id='line_1_14' title="bbox 317 1398 1905 1475; baseline 0.005 -25"><span class='ocrx_word' id='word_1_85' title='bbox 317 1414 428 1451; x_wconf 86' lang='grc' dir='ltr'><strong>των</strong></span> <span class='ocrx_word' id='word_1_86' title='bbox 457 1398 887 1470; x_wconf 79' lang='grc' dir='ltr'>ὑπομνημάτων,</span> <span class='ocrx_word' id='word_1_87' title='bbox 919 1399 1146 1466; x_wconf 83' lang='grc' dir='ltr'>εἴσεται,</span> <span class='ocrx_word' id='word_1_88' title='bbox 1180 1399 1218 1454; x_wconf 75' lang='grc' dir='ltr'><strong>ἃ.</strong></span> <span class='ocrx_word' id='word_1_89' title='bbox 1262 1401 1608 1474; x_wconf 82' lang='grc' dir='ltr'>ταχυγράφοι</span> <span class='ocrx_word' id='word_1_90' title='bbox 1639 1405 1905 1475; x_wconf 85' lang='grc' dir='ltr'>παρόντες</span> 
     </span>
    </p>
   </div>
   <div class='ocr_carea' id='block_1_15' title="bbox 2021 668 3606 746">
    <p class='ocr_par' dir='ltr' id='par_1_15' title="bbox 2021 668 3606 746">
     <span class='ocr_line' id='line_1_15' title="bbox 2021 668 3606 746; baseline -0.007 -15"><span class='ocrx_word' id='word_1_91' title='bbox 2021 674 2292 746; x_wconf 86' lang='lat' dir='ltr'><strong>synodum</strong></span> <span class='ocrx_word' id='word_1_92' title='bbox 2324 674 2465 730; x_wconf 90' lang='lat' dir='ltr'><strong>duas</strong></span> <span class='ocrx_word' id='word_1_93' title='bbox 2502 672 2557 726; x_wconf 93' lang='lat' dir='ltr'><strong>in</strong></span> <span class='ocrx_word' id='word_1_94' title='bbox 2603 678 2789 741; x_wconf 88' lang='lat' dir='ltr'><strong>partes</strong></span> <span class='ocrx_word' id='word_1_95' title='bbox 2822 669 3057 724; x_wconf 81' lang='lat' dir='ltr'><strong>divisam</strong></span> <span class='ocrx_word' id='word_1_96' title='bbox 3102 684 3225 723; x_wconf 89' lang='lat' dir='ltr'><strong>esse</strong></span> <span class='ocrx_word' id='word_1_97' title='bbox 3259 689 3271 723; x_wconf 92' lang='lat'>:</span> <span class='ocrx_word' id='word_1_98' title='bbox 3307 668 3606 739; x_wconf 77' lang='lat' dir='ltr'><strong>imperato-</strong></span> 
     </span>
    </p>
   </div>
   <div class='ocr_carea' id='block_1_16' title="bbox 2020 759 3604 837">
    <p class='ocr_par' dir='ltr' id='par_1_16' title="bbox 2020 759 3604 837">
     <span class='ocr_line' id='line_1_16' title="bbox 2020 759 3604 837; baseline -0.004 -16"><span class='ocrx_word' id='word_1_99' title='bbox 2020 782 2133 821; x_wconf 92' lang='lat' dir='ltr'><strong>rem</strong></span> <span class='ocrx_word' id='word_1_100' title='bbox 2163 765 2331 837; x_wconf 71' lang='lat'><strong>166</strong></span> <span class='ocrx_word' id='word_1_101' title='bbox 2353 780 2482 820; x_wconf 86' lang='lat' dir='ltr'><strong>vero</strong></span> <span class='ocrx_word' id='word_1_102' title='bbox 2513 764 2617 833; x_wconf 85' lang='lat' dir='ltr'><strong>ipsi</strong></span> <span class='ocrx_word' id='word_1_103' title='bbox 2650 762 2704 816; x_wconf 90' lang='lat' dir='ltr'><strong>in</strong></span> <span class='ocrx_word' id='word_1_104' title='bbox 2741 759 3015 815; x_wconf 74' lang='lat' dir='ltr'><strong>mandatis</strong></span> <span class='ocrx_word' id='word_1_105' title='bbox 3063 759 3283 815; x_wconf 87' lang='lat' dir='ltr'><strong>dedisse</strong></span> <span class='ocrx_word' id='word_1_106' title='bbox 3329 767 3390 813; x_wconf 85' lang='grc' dir='ltr'><strong>ιιι</strong></span> <span class='ocrx_word' id='word_1_107' title='bbox 3422 761 3604 814; x_wconf 89' lang='lat' dir='ltr'><strong>omni-</strong></span> 
     </span>
    </p>
   </div>
   <div class='ocr_carea' id='block_1_17' title="bbox 2019 852 3605 914">
    <p class='ocr_par' dir='ltr' id='par_1_17' title="bbox 2019 852 3605 914">
     <span class='ocr_line' id='line_1_17' title="bbox 2019 852 3605 914; baseline -0.006 0"><span class='ocrx_word' id='word_1_108' title='bbox 2019 860 2122 914; x_wconf 85' lang='lat' dir='ltr'><strong>bus</strong></span> <span class='ocrx_word' id='word_1_109' title='bbox 2174 857 2652 914; x_wconf 77' lang='lat' dir='ltr'><strong>consentientibus</strong></span> <span class='ocrx_word' id='word_1_110' title='bbox 2702 862 2761 912; x_wconf 89' lang='lat' dir='ltr'><strong>et</strong></span> <span class='ocrx_word' id='word_1_111' title='bbox 2810 855 2866 909; x_wconf 93' lang='lat' dir='ltr'><strong>in</strong></span> <span class='ocrx_word' id='word_1_112' title='bbox 2918 867 3088 908; x_wconf 91' lang='lat' dir='ltr'><strong>unum</strong></span> <span class='ocrx_word' id='word_1_113' title='bbox 3142 852 3605 907; x_wconf 74' lang='lat' dir='ltr'><strong>convenientibus</strong></span> 
     </span>
    </p>
   </div>
   <div class='ocr_carea' id='block_1_18' title="bbox 2020 943 3605 1015">
    <p class='ocr_par' dir='ltr' id='par_1_18' title="bbox 2020 943 3605 1015">
     <span class='ocr_line' id='line_1_18' title="bbox 2020 943 3605 1015; baseline -0.003 -12"><span class='ocrx_word' id='word_1_114' title='bbox 2020 948 2334 1006; x_wconf 86' lang='lat' dir='ltr'><strong>interesset.</strong></span> <span class='ocrx_word' id='word_1_115' title='bbox 2382 947 2518 1002; x_wconf 84' lang='lat' dir='ltr'><strong>Cum</strong></span> <span class='ocrx_word' id='word_1_116' title='bbox 2555 954 2772 1015; x_wconf 89' lang='lat' dir='ltr'><strong>tempus</strong></span> <span class='ocrx_word' id='word_1_117' title='bbox 2813 943 3021 1000; x_wconf 79' lang='lat' dir='ltr'><strong>frustra</strong></span> <span class='ocrx_word' id='word_1_118' title='bbox 3068 951 3359 1007; x_wconf 88' lang='lat' dir='ltr'><strong>tereretur,</strong></span> <span class='ocrx_word' id='word_1_119' title='bbox 3391 943 3605 999; x_wconf 78' lang='lat' dir='ltr'><strong>caeteris</strong></span> 
     </span>
    </p>
   </div>
   <div class='ocr_carea' id='block_1_19' title="bbox 2020 1035 3602 1112">
    <p class='ocr_par' dir='ltr' id='par_1_19' title="bbox 2020 1035 3602 1112">
     <span class='ocr_line' id='line_1_19' title="bbox 2020 1035 3602 1112; baseline -0.004 -16"><span class='ocrx_word' id='word_1_120' title='bbox 2020 1041 2243 1111; x_wconf 90' lang='lat' dir='ltr'><strong>quidem</strong></span> <span class='ocrx_word' id='word_1_121' title='bbox 2290 1040 2568 1112; x_wconf 84' lang='lat' dir='ltr'><strong>episcopis</strong></span> <span class='ocrx_word' id='word_1_122' title='bbox 2618 1038 2925 1093; x_wconf 86' lang='lat' dir='ltr'><strong>Acacianos</strong></span> <span class='ocrx_word' id='word_1_123' title='bbox 2986 1036 3184 1091; x_wconf 81' lang='lat' dir='ltr'><strong>crebro</strong></span> <span class='ocrx_word' id='word_1_124' title='bbox 3239 1035 3602 1099; x_wconf 90' lang='lat' dir='ltr'><strong>vocantibus,</strong></span> 
     </span>
    </p>
   </div>
   <div class='ocr_carea' id='block_1_20' title="bbox 2017 1125 3604 1196">
    <p class='ocr_par' dir='ltr' id='par_1_20' title="bbox 2017 1125 3604 1196">
     <span class='ocr_line' id='line_1_20' title="bbox 2017 1125 3604 1196; baseline -0.006 -10"><span class='ocrx_word' id='word_1_125' title='bbox 2017 1130 2308 1186; x_wconf 87' lang='lat' dir='ltr'><strong>Acacianis</strong></span> <span class='ocrx_word' id='word_1_126' title='bbox 2338 1144 2469 1186; x_wconf 85' lang='lat' dir='ltr'><strong>vero</strong></span> <span class='ocrx_word' id='word_1_127' title='bbox 2517 1127 2791 1183; x_wconf 85' lang='lat' dir='ltr'><strong>interdum</strong></span> <span class='ocrx_word' id='word_1_128' title='bbox 2837 1125 3058 1196; x_wconf 91' lang='lat' dir='ltr'><strong>quidem</strong></span> <span class='ocrx_word' id='word_1_129' title='bbox 3101 1125 3513 1195; x_wconf 89' lang='lat' dir='ltr'><strong>postulantibus</strong></span> <span class='ocrx_word' id='word_1_130' title='bbox 3544 1134 3604 1177; x_wconf 91' lang='lat' dir='ltr'><strong>ut</strong></span> 
     </span>
    </p>
   </div>
   <div class='ocr_carea' id='block_1_21' title="bbox 2016 1217 3600 1294">
    <p class='ocr_par' dir='ltr' id='par_1_21' title="bbox 2016 1217 3600 1294">
     <span class='ocr_line' id='line_1_21' title="bbox 2016 1217 3600 1294; baseline -0.008 -13"><span class='ocrx_word' id='word_1_131' title='bbox 2016 1224 2152 1281; x_wconf 86' lang='lat' dir='ltr'><strong>certi</strong></span> <span class='ocrx_word' id='word_1_132' title='bbox 2195 1223 2442 1294; x_wconf 84' lang='lat' dir='ltr'><strong>episcopi</strong></span> <span class='ocrx_word' id='word_1_133' title='bbox 2477 1223 2532 1276; x_wconf 90' lang='lat' dir='ltr'><strong>in</strong></span> <span class='ocrx_word' id='word_1_134' title='bbox 2566 1220 2711 1277; x_wconf 84' lang='lat' dir='ltr'><strong>aedes</strong></span> <span class='ocrx_word' id='word_1_135' title='bbox 2748 1219 2943 1274; x_wconf 72' lang='lat' dir='ltr'><strong>Leona:</strong></span> <span class='ocrx_word' id='word_1_136' title='bbox 2992 1217 3397 1273; x_wconf 74' lang='lat' dir='ltr'><strong>convenirent-2</strong></span> <span class='ocrx_word' id='word_1_137' title='bbox 3428 1217 3600 1270; x_wconf 89' lang='lat' dir='ltr'><strong>inter-</strong></span> 
     </span>
    </p>
   </div>
   <div class='ocr_carea' id='block_1_22' title="bbox 2014 1307 3602 1380">
    <p class='ocr_par' dir='ltr' id='par_1_22' title="bbox 2014 1307 3602 1380">
     <span class='ocr_line' id='line_1_22' title="bbox 2014 1307 3602 1380; baseline -0.006 -10"><span class='ocrx_word' id='word_1_138' title='bbox 2014 1316 2144 1370; x_wconf 91' lang='lat' dir='ltr'><strong>dum</strong></span> <span class='ocrx_word' id='word_1_139' title='bbox 2180 1330 2311 1370; x_wconf 89' lang='lat' dir='ltr'><strong>vero</strong></span> <span class='ocrx_word' id='word_1_140' title='bbox 2340 1312 2721 1370; x_wconf 86' lang='lat' dir='ltr'><strong>asserentibus</strong></span> <span class='ocrx_word' id='word_1_141' title='bbox 2754 1311 3063 1380; x_wconf 90' lang='lat' dir='ltr'><strong>injunctum</strong></span> <span class='ocrx_word' id='word_1_142' title='bbox 3091 1310 3197 1364; x_wconf 87' lang='lat' dir='ltr'><strong>sibi</strong></span> <span class='ocrx_word' id='word_1_143' title='bbox 3232 1323 3360 1365; x_wconf 90' lang='lat' dir='ltr'><strong>esse</strong></span> <span class='ocrx_word' id='word_1_144' title='bbox 3391 1308 3461 1363; x_wconf 87' lang='lat' dir='ltr'><strong>ab</strong></span> <span class='ocrx_word' id='word_1_145' title='bbox 3497 1307 3602 1361; x_wconf 91' lang='lat' dir='ltr'><strong>im-</strong></span> 
     </span>
    </p>
   </div>
   <div class='ocr_carea' id='block_1_23' title="bbox 2013 1401 3600 1477">
    <p class='ocr_par' dir='ltr' id='par_1_23' title="bbox 2013 1401 3600 1477">
     <span class='ocr_line' id='line_1_23' title="bbox 2013 1401 3600 1477; baseline -0.004 -17"><span class='ocrx_word' id='word_1_146' title='bbox 2013 1415 2271 1477; x_wconf 89' lang='lat' dir='ltr'><strong>peratore</strong></span> <span class='ocrx_word' id='word_1_147' title='bbox 2320 1416 2381 1462; x_wconf 91' lang='lat' dir='ltr'><strong>ut</strong></span> <span class='ocrx_word' id='word_1_148' title='bbox 2432 1405 2539 1477; x_wconf 86' lang='lat' dir='ltr'><strong>ipsi</strong></span> <span class='ocrx_word' id='word_1_149' title='bbox 2585 1405 2653 1460; x_wconf 86' lang='lat' dir='ltr'><strong>de</strong></span> <span class='ocrx_word' id='word_1_150' title='bbox 2687 1404 2811 1459; x_wconf 88' lang='lat' dir='ltr'><strong>aliis</strong></span> <span class='ocrx_word' id='word_1_151' title='bbox 2841 1402 3180 1471; x_wconf 77' lang='lat' dir='ltr'><strong>iudicarent.</strong></span> <span class='ocrx_word' id='word_1_152' title='bbox 3233 1401 3369 1455; x_wconf 87' lang='lat' dir='ltr'><strong>Nam</strong></span> <span class='ocrx_word' id='word_1_153' title='bbox 3421 1415 3600 1470; x_wconf 90' lang='lat' dir='ltr'><strong>neque</strong></span> 
     </span>
    </p>
   </div>
   <div class='ocr_carea' id='block_1_24' title="bbox 317 1490 3599 1567">
    <p class='ocr_par' dir='ltr' id='par_1_24' title="bbox 317 1490 3599 1567">
     <span class='ocr_line' id='line_1_24' title="bbox 317 1490 3599 1567; baseline 0 -24"><span class='ocrx_word' id='word_1_154' title='bbox 317 1490 654 1561; x_wconf 75' lang='grc' dir='ltr'>ἀνέγραψαν.</span> <span class='ocrx_word' id='word_1_155' title='bbox 2010 1498 2261 1553; x_wconf 87' lang='lat' dir='ltr'><strong>eamdem</strong></span> <span class='ocrx_word' id='word_1_156' title='bbox 2292 1512 2418 1552; x_wconf 92' lang='lat' dir='ltr'><strong>cum</strong></span> <span class='ocrx_word' id='word_1_157' title='bbox 2447 1496 2677 1567; x_wconf 85' lang='lat' dir='ltr'><strong>reliquis</strong></span> <span class='ocrx_word' id='word_1_158' title='bbox 2708 1494 2868 1549; x_wconf 80' lang='lat' dir='ltr'><strong>ﬁdem</strong></span> <span class='ocrx_word' id='word_1_159' title='bbox 2898 1492 3150 1549; x_wconf 87' lang='lat' dir='ltr'><strong>confiteri</strong></span> <span class='ocrx_word' id='word_1_160' title='bbox 3177 1492 3460 1555; x_wconf 86' lang='lat' dir='ltr'><strong>volebant,</strong></span> <span class='ocrx_word' id='word_1_161' title='bbox 3495 1490 3599 1546; x_wconf 72' lang='lat' dir='ltr'><strong>n‘ee</strong></span> 
     </span>
    </p>
   </div>
   <div class='ocr_carea' id='block_1_25' title="bbox 316 1584 3600 1661">
    <p class='ocr_par' dir='ltr' id='par_1_25' title="bbox 316 1584 3600 1661">
     <span class='ocr_line' id='line_1_25' title="bbox 316 1584 3600 1661; baseline -0 -22"><span class='ocrx_word' id='word_1_162' title='bbox 316 1584 386 1641; x_wconf 89' lang='lat' dir='ltr'><strong>de</strong></span> <span class='ocrx_word' id='word_1_163' title='bbox 418 1586 743 1644; x_wconf 91' lang='lat' dir='ltr'><strong>criminibus</strong></span> <span class='ocrx_word' id='word_1_164' title='bbox 789 1587 897 1643; x_wconf 82' lang='lat' dir='ltr'><strong>sibi</strong></span> <span class='ocrx_word' id='word_1_165' title='bbox 941 1587 1113 1643; x_wconf 86' lang='lat' dir='ltr'><strong>illatis</strong></span> <span class='ocrx_word' id='word_1_166' title='bbox 1172 1602 1398 1644; x_wconf 86' lang='lat' dir='ltr'><strong>causam</strong></span> <span class='ocrx_word' id='word_1_167' title='bbox 1446 1588 1672 1657; x_wconf 90' lang='lat' dir='ltr'><strong>dicere;</strong></span> <span class='ocrx_word' id='word_1_168' title='bbox 1736 1606 1840 1647; x_wconf 90' lang='lat' dir='ltr'><strong>nec</strong></span> <span class='ocrx_word' id='word_1_169' title='bbox 1909 1591 1974 1647; x_wconf 65' lang='lat' dir='ltr'><strong>an</strong></span> <span class='ocrx_word' id='word_1_170' title='bbox 2013 1592 2439 1648; x_wconf 85' lang='lat' dir='ltr'><strong>examinandum</strong></span> <span class='ocrx_word' id='word_1_171' title='bbox 2484 1589 2676 1661; x_wconf 87' lang='lat' dir='ltr'><strong>Cyrilli</strong></span> <span class='ocrx_word' id='word_1_172' title='bbox 2720 1589 3001 1659; x_wconf 78' lang='lat' dir='ltr'><strong>negotium</strong></span> <span class='ocrx_word' id='word_1_173' title='bbox 3051 1585 3312 1642; x_wconf 86' lang='lat' dir='ltr'><strong>accedere</strong></span> <span class='ocrx_word' id='word_1_174' title='bbox 3356 1585 3600 1640; x_wconf 75' lang='lat' dir='ltr'><strong>sustine-</strong></span> 
     </span>
    </p>
   </div>
   <div class='ocr_carea' id='block_1_26' title="bbox 316 1680 3596 1759">
    <p class='ocr_par' dir='ltr' id='par_1_26' title="bbox 316 1680 3596 1759">
     <span class='ocr_line' id='line_1_26' title="bbox 316 1680 3596 1759; baseline 0.001 -28"><span class='ocrx_word' id='word_1_175' title='bbox 316 1680 468 1747; x_wconf 84' lang='lat' dir='ltr'><strong>bant,</strong></span> <span class='ocrx_word' id='word_1_176' title='bbox 493 1696 654 1749; x_wconf 91' lang='lat' dir='ltr'><strong>quem</strong></span> <span class='ocrx_word' id='word_1_177' title='bbox 682 1680 785 1751; x_wconf 91' lang='lat' dir='ltr'><strong>ipsi</strong></span> <span class='ocrx_word' id='word_1_178' title='bbox 821 1681 1210 1751; x_wconf 84' lang='lat' dir='ltr'><strong>deposuerant.</strong></span> <span class='ocrx_word' id='word_1_179' title='bbox 1241 1682 1308 1737; x_wconf 90' lang='lat' dir='ltr'><strong>Et</strong></span> <span class='ocrx_word' id='word_1_180' title='bbox 1341 1684 1545 1755; x_wconf 90' lang='lat' dir='ltr'><strong>alioqui</strong></span> <span class='ocrx_word' id='word_1_181' title='bbox 1578 1701 1742 1741; x_wconf 89' lang='lat' dir='ltr'><strong>nemo</strong></span> <span class='ocrx_word' id='word_1_182' title='bbox 1769 1694 1889 1743; x_wconf 83' lang='lat' dir='ltr'><strong>erat</strong></span> <span class='ocrx_word' id='word_1_183' title='bbox 1927 1688 2022 1759; x_wconf 91' lang='lat' dir='ltr'><strong>qui</strong></span> <span class='ocrx_word' id='word_1_184' title='bbox 2062 1689 2186 1744; x_wconf 91' lang='lat' dir='ltr'><strong>illos</strong></span> <span class='ocrx_word' id='word_1_185' title='bbox 2222 1693 2466 1759; x_wconf 90' lang='lat' dir='ltr'><strong>cogeret.</strong></span> <span class='ocrx_word' id='word_1_186' title='bbox 2502 1684 2747 1740; x_wconf 88' lang='lat' dir='ltr'><strong>Tandem</strong></span> <span class='ocrx_word' id='word_1_187' title='bbox 2789 1689 2904 1738; x_wconf 87' lang='lat' dir='ltr'><strong>tum</strong></span> <span class='ocrx_word' id='word_1_188' title='bbox 2942 1682 3082 1739; x_wconf 91' lang='lat' dir='ltr'><strong>alios</strong></span> <span class='ocrx_word' id='word_1_189' title='bbox 3144 1681 3414 1752; x_wconf 86' lang='lat' dir='ltr'><strong>quosdam</strong></span> <span class='ocrx_word' id='word_1_190' title='bbox 3492 1680 3596 1735; x_wconf 90' lang='lat' dir='ltr'><strong>dc-</strong></span> 
     </span>
    </p>
   </div>
   <div class='ocr_carea' id='block_1_27' title="bbox 315 1771 3594 1848">
    <p class='ocr_par' dir='ltr' id='par_1_27' title="bbox 315 1771 3594 1848">
     <span class='ocr_line' id='line_1_27' title="bbox 315 1771 3594 1848; baseline -0.001 -23"><span class='ocrx_word' id='word_1_191' title='bbox 315 1783 646 1841; x_wconf 84' lang='lat' dir='ltr'><strong>posuerunt,</strong></span> <span class='ocrx_word' id='word_1_192' title='bbox 679 1781 795 1828; x_wconf 91' lang='lat' dir='ltr'><strong>tum</strong></span> <span class='ocrx_word' id='word_1_193' title='bbox 842 1773 1136 1846; x_wconf 81' lang='lat' dir='ltr'><strong>Georgium</strong></span> <span class='ocrx_word' id='word_1_194' title='bbox 1181 1775 1500 1848; x_wconf 85' lang='lat' dir='ltr'><strong>episcopum</strong></span> <span class='ocrx_word' id='word_1_195' title='bbox 1570 1777 1935 1845; x_wconf 65' lang='lat' dir='ltr'><strong>Alexandriae,</strong></span> <span class='ocrx_word' id='word_1_196' title='bbox 2009 1780 2273 1835; x_wconf 86' lang='lat' dir='ltr'><strong>Acacium</strong></span> <span class='ocrx_word' id='word_1_197' title='bbox 2333 1779 2620 1841; x_wconf 67' lang='lat' dir='ltr'><strong>Caesareae,</strong></span> <span class='ocrx_word' id='word_1_198' title='bbox 2677 1774 2945 1830; x_wconf 87' lang='lat' dir='ltr'><strong>Uranium</strong></span> <span class='ocrx_word' id='word_1_199' title='bbox 3000 1772 3155 1845; x_wconf 84' lang='lat' dir='ltr'><strong>Tyri,</strong></span> <span class='ocrx_word' id='word_1_200' title='bbox 3210 1771 3594 1841; x_wconf 88' lang='lat' dir='ltr'><strong>Patrophilum</strong></span> 
     </span>
    </p>
   </div>
   <div class='ocr_carea' id='block_1_28' title="bbox 314 1862 3595 1942">
    <p class='ocr_par' dir='ltr' id='par_1_28' title="bbox 314 1862 3595 1942">
     <span class='ocr_line' id='line_1_28' title="bbox 314 1862 3595 1942; baseline -0.001 -25"><span class='ocrx_word' id='word_1_201' title='bbox 314 1864 739 1935; x_wconf 84' lang='lat' dir='ltr'><strong>Seythopoleos,</strong></span> <span class='ocrx_word' id='word_1_202' title='bbox 773 1874 828 1921; x_wconf 91' lang='lat' dir='ltr'><strong>et</strong></span> <span class='ocrx_word' id='word_1_203' title='bbox 873 1865 1182 1921; x_wconf 82' lang='lat' dir='ltr'><strong>Eudoxium</strong></span> <span class='ocrx_word' id='word_1_204' title='bbox 1253 1869 1581 1925; x_wconf 67' lang='lat' dir='ltr'><strong>Antiochiae.</strong></span> <span class='ocrx_word' id='word_1_205' title='bbox 1641 1871 1967 1942; x_wconf 88' lang='lat' dir='ltr'><strong>Complures</strong></span> <span class='ocrx_word' id='word_1_206' title='bbox 2006 1888 2133 1929; x_wconf 92' lang='lat' dir='ltr'><strong>vero</strong></span> <span class='ocrx_word' id='word_1_207' title='bbox 2172 1889 2203 1928; x_wconf 91' lang='lat' dir='ltr'><strong>a</strong></span> <span class='ocrx_word' id='word_1_208' title='bbox 2248 1871 2639 1928; x_wconf 89' lang='lat' dir='ltr'><strong>communione</strong></span> <span class='ocrx_word' id='word_1_209' title='bbox 2684 1867 2944 1922; x_wconf 83' lang='lat' dir='ltr'><strong>Ecclesiae</strong></span> <span class='ocrx_word' id='word_1_210' title='bbox 2989 1870 3372 1936; x_wconf 86' lang='lat' dir='ltr'><strong>segregarunt,</strong></span> <span class='ocrx_word' id='word_1_211' title='bbox 3416 1862 3595 1917; x_wconf 91' lang='lat' dir='ltr'><strong>donec</strong></span> 
     </span>
    </p>
   </div>
   <div class='ocr_carea' id='block_1_29' title="bbox 312 1954 3593 2034">
    <p class='ocr_par' dir='ltr' id='par_1_29' title="bbox 312 1954 3593 2034">
     <span class='ocr_line' id='line_1_29' title="bbox 312 1954 3593 2034; baseline 0.001 -26"><span class='ocrx_word' id='word_1_212' title='bbox 312 1956 636 2012; x_wconf 86' lang='lat' dir='ltr'><strong>criminibus</strong></span> <span class='ocrx_word' id='word_1_213' title='bbox 685 1958 793 2012; x_wconf 84' lang='lat' dir='ltr'><strong>sibi</strong></span> <span class='ocrx_word' id='word_1_214' title='bbox 838 1957 1072 2028; x_wconf 88' lang='lat' dir='ltr'><strong>objectis</strong></span> <span class='ocrx_word' id='word_1_215' title='bbox 1118 1960 1554 2029; x_wconf 87' lang='lat' dir='ltr'><strong>respondissent.</strong></span> <span class='ocrx_word' id='word_1_216' title='bbox 1598 1962 1671 2016; x_wconf 88' lang='lat' dir='ltr'><strong>Ea</strong></span> <span class='ocrx_word' id='word_1_217' title='bbox 1725 1979 1892 2033; x_wconf 90' lang='lat' dir='ltr'><strong>porro</strong></span> <span class='ocrx_word' id='word_1_218' title='bbox 1925 1979 2046 2034; x_wconf 69' lang='lat' dir='ltr'><strong>qua:</strong></span> <span class='ocrx_word' id='word_1_219' title='bbox 2083 1972 2237 2034; x_wconf 84' lang='lat' dir='ltr'><strong>gesta</strong></span> <span class='ocrx_word' id='word_1_220' title='bbox 2276 1964 2512 2029; x_wconf 90' lang='lat' dir='ltr'><strong>fuerant,</strong></span> <span class='ocrx_word' id='word_1_221' title='bbox 2557 1961 2901 2032; x_wconf 89' lang='lat' dir='ltr'><strong>singulorum</strong></span> <span class='ocrx_word' id='word_1_222' title='bbox 2971 1956 3235 2012; x_wconf 89' lang='lat' dir='ltr'><strong>Ecclesiis</strong></span> <span class='ocrx_word' id='word_1_223' title='bbox 3298 1970 3398 2025; x_wconf 89' lang='lat' dir='ltr'><strong>per</strong></span> <span class='ocrx_word' id='word_1_224' title='bbox 3438 1954 3593 2012; x_wconf 84' lang='lat' dir='ltr'><strong>litte-</strong></span> 
     </span>
    </p>
   </div>
   <div class='ocr_carea' id='block_1_30' title="bbox 312 2042 3587 2126">
    <p class='ocr_par' dir='ltr' id='par_1_30' title="bbox 312 2042 3587 2126">
     <span class='ocr_line' id='line_1_30' title="bbox 312 2042 3587 2126; baseline -0.001 -27"><span class='ocrx_word' id='word_1_225' title='bbox 312 2060 404 2102; x_wconf 86' lang='lat' dir='ltr'><strong>ras</strong></span> <span class='ocrx_word' id='word_1_226' title='bbox 473 2046 880 2118; x_wconf 81' lang='lat' dir='ltr'><strong>signiﬁcarunt.</strong></span> <span class='ocrx_word' id='word_1_227' title='bbox 952 2047 1021 2102; x_wconf 90' lang='lat' dir='ltr'><strong>Et</strong></span> <span class='ocrx_word' id='word_1_228' title='bbox 1064 2064 1166 2119; x_wconf 90' lang='lat' dir='ltr'><strong>pro</strong></span> <span class='ocrx_word' id='word_1_229' title='bbox 1214 2048 1459 2106; x_wconf 82' lang='lat' dir='ltr'><strong>Eudoxio</strong></span> <span class='ocrx_word' id='word_1_230' title='bbox 1504 2053 1724 2121; x_wconf 87' lang='lat' dir='ltr'><strong>quidem</strong></span> <span class='ocrx_word' id='word_1_231' title='bbox 1793 2053 2110 2126; x_wconf 84' lang='lat' dir='ltr'><strong>episcOpum</strong></span> <span class='ocrx_word' id='word_1_232' title='bbox 2158 2055 2468 2109; x_wconf 79' lang='lat' dir='ltr'><strong>Antiochiae</strong></span> <span class='ocrx_word' id='word_1_233' title='bbox 2521 2052 2849 2108; x_wconf 88' lang='lat' dir='ltr'><strong>ordinarunt</strong></span> <span class='ocrx_word' id='word_1_234' title='bbox 2892 2047 3208 2103; x_wconf 88' lang='lat' dir='ltr'><strong>Annianum</strong></span> <span class='ocrx_word' id='word_1_235' title='bbox 3279 2042 3587 2115; x_wconf 67' lang='lat' dir='ltr'><strong>quemdam,</strong></span> 
     </span>
    </p>
   </div>
   <div class='ocr_carea' id='block_1_31' title="bbox 309 2133 3590 2217">
    <p class='ocr_par' dir='ltr' id='par_1_31' title="bbox 309 2133 3590 2217">
     <span class='ocr_line' id='line_1_31' title="bbox 309 2133 3590 2217; baseline -0.002 -25"><span class='ocrx_word' id='word_1_236' title='bbox 309 2141 402 2209; x_wconf 84' lang='lat' dir='ltr'><strong>qui</strong></span> <span class='ocrx_word' id='word_1_237' title='bbox 434 2139 691 2196; x_wconf 76' lang='lat' dir='ltr'><strong>Ecclesiae</strong></span> <span class='ocrx_word' id='word_1_238' title='bbox 723 2141 873 2196; x_wconf 93' lang='lat' dir='ltr'><strong>illius</strong></span> <span class='ocrx_word' id='word_1_239' title='bbox 897 2149 1014 2196; x_wconf 89' lang='lat' dir='ltr'><strong>erat</strong></span> <span class='ocrx_word' id='word_1_240' title='bbox 1041 2138 1375 2214; x_wconf 47' lang='lat' dir='ltr'><strong>presbyter.’</strong></span> <span class='ocrx_word' id='word_1_241' title='bbox 1409 2143 1579 2211; x_wconf 85' lang='lat' dir='ltr'><strong>Quem</strong></span> <span class='ocrx_word' id='word_1_242' title='bbox 1626 2159 1753 2200; x_wconf 82' lang='lat' dir='ltr'><strong>mox</strong></span> <span class='ocrx_word' id='word_1_243' title='bbox 1784 2148 2313 2217; x_wconf 86' lang='lat' dir='ltr'><strong>comprehendentes</strong></span> <span class='ocrx_word' id='word_1_244' title='bbox 2381 2144 2665 2208; x_wconf 82' lang='lat' dir='ltr'><strong>Aeaciani,</strong></span> <span class='ocrx_word' id='word_1_245' title='bbox 2739 2140 2943 2196; x_wconf 78' lang='lat' dir='ltr'><strong>Leonas</strong></span> <span class='ocrx_word' id='word_1_246' title='bbox 2982 2153 3048 2193; x_wconf 92' lang='lat' dir='ltr'><strong>ac</strong></span> <span class='ocrx_word' id='word_1_247' title='bbox 3094 2137 3351 2203; x_wconf 83' lang='lat' dir='ltr'><strong>Lauricio</strong></span> <span class='ocrx_word' id='word_1_248' title='bbox 3415 2133 3590 2189; x_wconf 89' lang='lat' dir='ltr'><strong>tradi-</strong></span> 
     </span>
    </p>
   </div>
   <div class='ocr_carea' id='block_1_32' title="bbox 309 2224 3590 2305">
    <p class='ocr_par' dir='ltr' id='par_1_32' title="bbox 309 2224 3590 2305">
     <span class='ocr_line' id='line_1_32' title="bbox 309 2224 3590 2305; baseline -0.003 -17"><span class='ocrx_word' id='word_1_249' title='bbox 309 2233 526 2288; x_wconf 86' lang='lat' dir='ltr'><strong>derunt.</strong></span> <span class='ocrx_word' id='word_1_250' title='bbox 562 2230 643 2287; x_wconf 90' lang='lat' dir='ltr'><strong>Illi</strong></span> <span class='ocrx_word' id='word_1_251' title='bbox 680 2247 810 2288; x_wconf 89' lang='lat' dir='ltr'><strong>vero</strong></span> <span class='ocrx_word' id='word_1_252' title='bbox 851 2233 1165 2303; x_wconf 85' lang='lat' dir='ltr'><strong>aliquandiu</strong></span> <span class='ocrx_word' id='word_1_253' title='bbox 1228 2235 1446 2305; x_wconf 90' lang='lat' dir='ltr'><strong>quidem</strong></span> <span class='ocrx_word' id='word_1_254' title='bbox 1516 2251 1642 2292; x_wconf 91' lang='lat' dir='ltr'><strong>eum</strong></span> <span class='ocrx_word' id='word_1_255' title='bbox 1707 2239 1811 2293; x_wconf 88' lang='lat' dir='ltr'><strong>sub</strong></span> <span class='ocrx_word' id='word_1_256' title='bbox 1872 2240 2096 2296; x_wconf 83' lang='lat' dir='ltr'><strong>militari</strong></span> <span class='ocrx_word' id='word_1_257' title='bbox 2155 2240 2407 2298; x_wconf 88' lang='lat' dir='ltr'><strong>custodia</strong></span> <span class='ocrx_word' id='word_1_258' title='bbox 2461 2238 2870 2294; x_wconf 87' lang='lat' dir='ltr'><strong>detinuerunt:</strong></span> <span class='ocrx_word' id='word_1_259' title='bbox 2924 2232 3143 2286; x_wconf 86' lang='lat' dir='ltr'><strong>tandem</strong></span> <span class='ocrx_word' id='word_1_260' title='bbox 3209 2242 3340 2284; x_wconf 90' lang='lat' dir='ltr'><strong>vero</strong></span> <span class='ocrx_word' id='word_1_261' title='bbox 3392 2224 3590 2292; x_wconf 78' lang='lat' dir='ltr'><strong>exsilio</strong></span> 
     </span>
    </p>
   </div>
   <div class='ocr_carea' id='block_1_33' title="bbox 309 2321 3591 2396">
    <p class='ocr_par' dir='ltr' id='par_1_33' title="bbox 309 2321 3591 2396">
     <span class='ocr_line' id='line_1_33' title="bbox 309 2321 3591 2396; baseline -0.002 -18"><span class='ocrx_word' id='word_1_262' title='bbox 309 2323 666 2378; x_wconf 81' lang='lat' dir='ltr'><strong>damnarunt.</strong></span> <span class='ocrx_word' id='word_1_263' title='bbox 735 2322 859 2388; x_wconf 83' lang='lat' dir='ltr'><strong>Hic,</strong></span> <span class='ocrx_word' id='word_1_264' title='bbox 926 2332 989 2378; x_wconf 92' lang='lat' dir='ltr'><strong>ut</strong></span> <span class='ocrx_word' id='word_1_265' title='bbox 1014 2327 1326 2380; x_wconf 89' lang='lat' dir='ltr'><strong>summatim</strong></span> <span class='ocrx_word' id='word_1_266' title='bbox 1358 2325 1558 2393; x_wconf 88' lang='lat' dir='ltr'><strong>dicam,</strong></span> <span class='ocrx_word' id='word_1_267' title='bbox 1587 2327 1959 2387; x_wconf 88' lang='lat' dir='ltr'><strong>Seleuciensis</strong></span> <span class='ocrx_word' id='word_1_268' title='bbox 1998 2332 2223 2388; x_wconf 89' lang='lat' dir='ltr'><strong>concilii</strong></span> <span class='ocrx_word' id='word_1_269' title='bbox 2258 2333 2444 2388; x_wconf 79' lang='lat' dir='ltr'><strong>exitus</strong></span> <span class='ocrx_word' id='word_1_270' title='bbox 2480 2330 2604 2385; x_wconf 88' lang='lat' dir='ltr'><strong>fuit.</strong></span> <span class='ocrx_word' id='word_1_271' title='bbox 2647 2327 2804 2396; x_wconf 87' lang='lat' dir='ltr'><strong>Quod</strong></span> <span class='ocrx_word' id='word_1_272' title='bbox 2845 2324 2892 2382; x_wconf 88' lang='lat' dir='ltr'><strong>si</strong></span> <span class='ocrx_word' id='word_1_273' title='bbox 2926 2324 3051 2394; x_wconf 91' lang='lat' dir='ltr'><strong>quis</strong></span> <span class='ocrx_word' id='word_1_274' title='bbox 3081 2321 3298 2393; x_wconf 83' lang='lat' dir='ltr'><strong>singula</strong></span> <span class='ocrx_word' id='word_1_275' title='bbox 3330 2326 3591 2375; x_wconf 76' lang='lat' dir='ltr'><strong>accurate</strong></span> 
     </span>
    </p>
   </div>
   <div class='ocr_carea' id='block_1_34' title="bbox 309 2402 3587 2491">
    <p class='ocr_par' dir='ltr' id='par_1_34' title="bbox 309 2402 3587 2491">
     <span class='ocr_line' id='line_1_34' title="bbox 309 2402 3587 2491; baseline -0 -23"><span class='ocrx_word' id='word_1_276' title='bbox 309 2414 470 2484; x_wconf 88' lang='lat' dir='ltr'><strong>cupit</strong></span> <span class='ocrx_word' id='word_1_277' title='bbox 505 2428 867 2485; x_wconf 81' lang='lat' dir='ltr'><strong>cognoscere,</strong></span> <span class='ocrx_word' id='word_1_278' title='bbox 909 2414 959 2470; x_wconf 91' lang='lat' dir='ltr'><strong>is</strong></span> <span class='ocrx_word' id='word_1_279' title='bbox 1000 2429 1065 2470; x_wconf 89' lang='lat' dir='ltr'><strong>ea</strong></span> <span class='ocrx_word' id='word_1_280' title='bbox 1115 2414 1333 2472; x_wconf 90' lang='lat' dir='ltr'><strong>discere</strong></span> <span class='ocrx_word' id='word_1_281' title='bbox 1372 2417 1572 2486; x_wconf 89' lang='lat' dir='ltr'><strong>poterit</strong></span> <span class='ocrx_word' id='word_1_282' title='bbox 1614 2433 1681 2473; x_wconf 81' lang='lat' dir='ltr'><strong>ex</strong></span> <span class='ocrx_word' id='word_1_283' title='bbox 1721 2423 2094 2478; x_wconf 87' lang='lat' dir='ltr'><strong>monumentis</strong></span> <span class='ocrx_word' id='word_1_284' title='bbox 2128 2430 2376 2478; x_wconf 90' lang='lat' dir='ltr'><strong>actorum</strong></span> <span class='ocrx_word' id='word_1_285' title='bbox 2421 2433 2545 2491; x_wconf 61' lang='lat' dir='ltr'><strong>quae</strong></span> <span class='ocrx_word' id='word_1_286' title='bbox 2588 2417 2815 2483; x_wconf 90' lang='lat' dir='ltr'><strong>notarii,</strong></span> <span class='ocrx_word' id='word_1_287' title='bbox 2879 2402 2974 2490; x_wconf 90' lang='lat' dir='ltr'><strong>qui</strong></span> <span class='ocrx_word' id='word_1_288' title='bbox 3040 2425 3176 2472; x_wconf 90' lang='lat' dir='ltr'><strong>tunc</strong></span> <span class='ocrx_word' id='word_1_289' title='bbox 3241 2415 3470 2472; x_wconf 87' lang='lat' dir='ltr'><strong>aderant</strong></span> <span class='ocrx_word' id='word_1_290' title='bbox 3529 2413 3587 2467; x_wconf 91' lang='lat' dir='ltr'><strong>in</strong></span> 
     </span>
    </p>
   </div>
   <div class='ocr_carea' id='block_1_35' title="bbox 308 2509 1051 2583">
    <p class='ocr_par' dir='ltr' id='par_1_35' title="bbox 308 2509 1051 2583">
     <span class='ocr_line' id='line_1_35' title="bbox 308 2509 1051 2583; baseline 0.001 -18"><span class='ocrx_word' id='word_1_291' title='bbox 308 2509 546 2583; x_wconf 85' lang='lat' dir='ltr'><strong>synodo,</strong></span> <span class='ocrx_word' id='word_1_292' title='bbox 575 2509 1051 2579; x_wconf 89' lang='lat' dir='ltr'><strong>conscripserunt.</strong></span> 
     </span>
    </p>
   </div>
   <div class='ocr_carea' id='block_1_36' title="bbox 843 2597 1896 2671">
    <p class='ocr_par' dir='ltr' id='par_1_36' title="bbox 843 2603 1707 2660">
     <span class='ocr_line' id='line_1_36' title="bbox 843 2603 1707 2660; baseline -0.008 -4"><span class='ocrx_word' id='word_1_293' title='bbox 843 2604 1099 2658; x_wconf 76' lang='grc' dir='ltr'><strong>ΚΕΦΑΛ.</strong></span> <span class='ocrx_word' id='word_1_294' title='bbox 1135 2603 1264 2660; x_wconf 78' lang='lat' dir='ltr'><strong>Kl&quot;.</strong></span> <span class='ocrx_word' id='word_1_295' title='bbox 1698 2640 1707 2649; x_wconf 47' lang='grc' dir='ltr'><em>κ</em></span> 
     </span>
    </p>
   </div>
   <div class='ocr_carea' id='block_1_37' title="bbox 2002 2597 2984 2671">
    <p class='ocr_par' dir='ltr' id='par_1_37' title="bbox 2598 2597 2984 2656">
     <span class='ocr_line' id='line_1_37' title="bbox 2598 2597 2984 2656; baseline -0.008 0"><span class='ocrx_word' id='word_1_296' title='bbox 2598 2598 2753 2656; x_wconf 84' lang='lat' dir='ltr'><strong>CAP.</strong></span> <span class='ocrx_word' id='word_1_297' title='bbox 2796 2597 2984 2654; x_wconf 67' lang='lat' dir='ltr'>XXIII.</span> 
     </span>
    </p>
   </div>
   <div class='ocr_carea' id='block_1_38' title="bbox 304 2689 1896 2762">
    <p class='ocr_par' dir='ltr' id='par_1_38' title="bbox 304 2692 1896 2762">
     <span class='ocr_line' id='line_1_38' title="bbox 304 2692 1896 2762; baseline 0.001 -14"><span class='ocrx_word' id='word_1_298' title='bbox 304 2692 451 2762; x_wconf 68' lang='grc' dir='ltr'>Περὶ</span> <span class='ocrx_word' id='word_1_299' title='bbox 504 2693 781 2749; x_wconf 83' lang='grc' dir='ltr'>Ἀκακίου</span> <span class='ocrx_word' id='word_1_300' title='bbox 835 2695 933 2748; x_wconf 79' lang='grc' dir='ltr'>καὶ</span> <span class='ocrx_word' id='word_1_301' title='bbox 976 2694 1199 2748; x_wconf 80' lang='grc' dir='ltr'>Ἀετίου</span> <span class='ocrx_word' id='word_1_302' title='bbox 1223 2710 1237 2725; x_wconf 90' lang='grc'><strong>·</strong></span> <span class='ocrx_word' id='word_1_303' title='bbox 1274 2695 1373 2748; x_wconf 78' lang='grc' dir='ltr'>καὶ</span> <span class='ocrx_word' id='word_1_304' title='bbox 1411 2695 1492 2760; x_wconf 85' lang='grc' dir='ltr'>ὡς</span> <span class='ocrx_word' id='word_1_305' title='bbox 1532 2698 1565 2750; x_wconf 86' lang='grc' dir='ltr'>ὁ</span> <span class='ocrx_word' id='word_1_306' title='bbox 1599 2694 1896 2762; x_wconf 76' lang='grc' dir='ltr'>,βασιλεὺς</span> 
     </span>
    </p>
   </div>
   <div class='ocr_carea' id='block_1_39' title="bbox 2002 2689 3584 2762">
    <p class='ocr_par' dir='ltr' id='par_1_39' title="bbox 2006 2689 3584 2762">
     <span class='ocr_line' id='line_1_39' title="bbox 2006 2689 3584 2762; baseline -0.003 -13"><span class='ocrx_word' id='word_1_307' title='bbox 2006 2696 2081 2751; x_wconf 89' lang='lat' dir='ltr'><strong>De</strong></span> <span class='ocrx_word' id='word_1_308' title='bbox 2120 2694 2312 2750; x_wconf 76' lang='lat' dir='ltr'><strong>Acacio</strong></span> <span class='ocrx_word' id='word_1_309' title='bbox 2343 2701 2393 2748; x_wconf 83' lang='lat' dir='ltr'><strong>et</strong></span> <span class='ocrx_word' id='word_1_310' title='bbox 2425 2692 2576 2747; x_wconf 79' lang='lat' dir='ltr'><strong>Aetio</strong></span> <span class='ocrx_word' id='word_1_311' title='bbox 2609 2706 2627 2745; x_wconf 90' lang='lat'><strong><em>:</em></strong></span> <span class='ocrx_word' id='word_1_312' title='bbox 2659 2702 2706 2744; x_wconf 88' lang='lat' dir='ltr'><strong>et</strong></span> <span class='ocrx_word' id='word_1_313' title='bbox 2742 2689 3003 2761; x_wconf 85' lang='lat' dir='ltr'><strong>quomodo</strong></span> <span class='ocrx_word' id='word_1_314' title='bbox 3041 2689 3333 2762; x_wconf 71' lang='lat' dir='ltr'><strong>imperator</strong></span> <span class='ocrx_word' id='word_1_315' title='bbox 3365 2704 3584 2762; x_wconf 78' lang='lat' dir='ltr'><strong>operam</strong></span> 
     </span>
    </p>
   </div>
   <div class='ocr_carea' id='block_1_40' title="bbox 376 2759 1896 2843">
    <p class='ocr_par' dir='ltr' id='par_1_40' title="bbox 376 2759 1896 2843">
     <span class='ocr_line' id='line_1_40' title="bbox 376 2759 1896 2843; baseline 0.001 -27"><span class='ocrx_word' id='word_1_316' title='bbox 376 2759 807 2843; x_wconf 55' lang='grc' dir='ltr'>μετεχειρίζετο</span> <span class='ocrx_word' id='word_1_317' title='bbox 830 2764 1272 2843; x_wconf 43' lang='grc' dir='ltr'>τοὺς-πρέσᾷεις</span> <span class='ocrx_word' id='word_1_318' title='bbox 1300 2759 1559 2843; x_wconf 35' lang='grc' dir='ltr'>τῶγθδύο</span> <span class='ocrx_word' id='word_1_319' title='bbox 1597 2759 1896 2843; x_wconf 49' lang='grc' dir='ltr'>συνᾴδων,</span> 
     </span>
    </p>
   </div>
   <div class='ocr_carea' id='block_1_41' title="bbox 2002 2759 3587 2843">
    <p class='ocr_par' dir='ltr' id='par_1_41' title="bbox 2072 2759 3587 2843">
     <span class='ocr_line' id='line_1_41' title="bbox 2072 2759 3587 2843; baseline -0.003 -25"><span class='ocrx_word' id='word_1_320' title='bbox 2072 2766 2213 2843; x_wconf 59' lang='lat' dir='ltr'><strong>dedit</strong></span> <span class='ocrx_word' id='word_1_321' title='bbox 2259 2773 2315 2843; x_wconf 68' lang='lat' dir='ltr'><strong>ut</strong></span> <span class='ocrx_word' id='word_1_322' title='bbox 2366 2764 2524 2843; x_wconf 59' lang='lat' dir='ltr'><strong>legati</strong></span> <span class='ocrx_word' id='word_1_323' title='bbox 2564 2759 2839 2843; x_wconf 54' lang='lat' dir='ltr'><strong>utriusque</strong></span> <span class='ocrx_word' id='word_1_324' title='bbox 2882 2759 3110 2841; x_wconf 75' lang='lat' dir='ltr'><strong>synodi,</strong></span> <span class='ocrx_word' id='word_1_325' title='bbox 3154 2759 3506 2820; x_wconf 77' lang='lat' dir='ltr'><strong>Ariminensis</strong></span> <span class='ocrx_word' id='word_1_326' title='bbox 3533 2768 3587 2815; x_wconf 80' lang='lat' dir='ltr'><strong>et</strong></span> 
     </span>
    </p>
   </div>
   <div class='ocr_carea' id='block_1_42' title="bbox 378 2830 1896 2905">
    <p class='ocr_par' dir='ltr' id='par_1_42' title="bbox 378 2830 1895 2905">
     <span class='ocr_line' id='line_1_42' title="bbox 378 2830 1895 2905; baseline 0.002 -18"><span class='ocrx_word' id='word_1_327' title='bbox 378 2830 488 2900; x_wconf 67' lang='grc' dir='ltr'>τῆς</span> <span class='ocrx_word' id='word_1_328' title='bbox 502 2830 572 2887; x_wconf 55' lang='grc' dir='ltr'><strong>ἐν</strong></span> <span class='ocrx_word' id='word_1_329' title='bbox 587 2830 870 2903; x_wconf 77' lang='grc' dir='ltr'>Ἀριμήνῳ</span> <span class='ocrx_word' id='word_1_330' title='bbox 885 2835 980 2887; x_wconf 81' lang='grc' dir='ltr'>καὶ</span> <span class='ocrx_word' id='word_1_331' title='bbox 1000 2830 1319 2900; x_wconf 65' lang='grc' dir='ltr'>Σελεύκου,</span> <span class='ocrx_word' id='word_1_332' title='bbox 1334 2834 1402 2888; x_wconf 83' lang='grc' dir='ltr'>τὸ</span> <span class='ocrx_word' id='word_1_333' title='bbox 1420 2830 1561 2888; x_wconf 73' lang='grc' dir='ltr'>ἴσον</span> <span class='ocrx_word' id='word_1_334' title='bbox 1572 2830 1895 2905; x_wconf 58' lang='grc' dir='ltr'>φρονῆσαι,</span> 
     </span>
    </p>
   </div>
   <div class='ocr_carea' id='block_1_43' title="bbox 2002 2830 3204 2905">
    <p class='ocr_par' dir='ltr' id='par_1_43' title="bbox 2075 2830 3204 2901">
     <span class='ocr_line' id='line_1_43' title="bbox 2075 2830 3204 2901; baseline -0.008 -10"><span class='ocrx_word' id='word_1_335' title='bbox 2075 2830 2447 2898; x_wconf 73' lang='lat' dir='ltr'><strong>Seleuciensis,</strong></span> <span class='ocrx_word' id='word_1_336' title='bbox 2476 2849 2637 2886; x_wconf 85' lang='lat' dir='ltr'><strong>unum</strong></span> <span class='ocrx_word' id='word_1_337' title='bbox 2664 2830 2902 2901; x_wconf 76' lang='lat' dir='ltr'><strong>idemque</strong></span> <span class='ocrx_word' id='word_1_338' title='bbox 2928 2831 3204 2885; x_wconf 78' lang='lat' dir='ltr'><strong>sentirent.</strong></span> 
     </span>
    </p>
   </div>
   <div class='ocr_carea' id='block_1_44' title="bbox 380 2919 1898 2998">
    <p class='ocr_par' dir='ltr' id='par_1_44' title="bbox 380 2919 1898 2998">
     <span class='ocr_line' id='line_1_44' title="bbox 380 2919 1898 2998; baseline 0.001 -19"><span class='ocrx_word' id='word_1_339' title='bbox 380 2926 535 2979; x_wconf 78' lang='grc' dir='ltr'>Ἐπεὶ</span> <span class='ocrx_word' id='word_1_340' title='bbox 572 2926 629 2979; x_wconf 84' lang='grc' dir='ltr'>δὲ</span> <span class='ocrx_word' id='word_1_341' title='bbox 679 2926 804 2979; x_wconf 78' lang='grc' dir='ltr'>τάδε</span> <span class='ocrx_word' id='word_1_342' title='bbox 834 2919 935 2979; x_wconf 85' lang='grc' dir='ltr'>ὦδε</span> <span class='ocrx_word' id='word_1_343' title='bbox 964 2926 1181 2994; x_wconf 81' lang='grc' dir='ltr'>ἐγένετο</span> <span class='ocrx_word' id='word_1_344' title='bbox 1199 2969 1212 2991; x_wconf 90' lang='grc'><strong>,</strong></span> <span class='ocrx_word' id='word_1_345' title='bbox 1239 2928 1289 2980; x_wconf 80' lang='grc' dir='ltr'>οἱ</span> <span class='ocrx_word' id='word_1_346' title='bbox 1323 2928 1421 2998; x_wconf 86' lang='grc' dir='ltr'>μὲν</span> <span class='ocrx_word' id='word_1_347' title='bbox 1453 2929 1597 2996; x_wconf 76' lang='grc' dir='ltr'>ἀμφὶ</span> <span class='ocrx_word' id='word_1_348' title='bbox 1627 2929 1717 2981; x_wconf 80' lang='grc' dir='ltr'><strong>τὸν</strong></span> <span class='ocrx_word' id='word_1_349' title='bbox 1735 2928 1898 2981; x_wconf 76' lang='grc' dir='ltr'><strong>Ἀκά-</strong></span> 
     </span>
    </p>
   </div>
   <div class='ocr_carea' id='block_1_45' title="bbox 304 3017 1895 3089">
    <p class='ocr_par' dir='ltr' id='par_1_45' title="bbox 304 3017 1895 3089">
     <span class='ocr_line' id='line_1_45' title="bbox 304 3017 1895 3089; baseline -0.001 -17"><span class='ocrx_word' id='word_1_350' title='bbox 304 3036 448 3082; x_wconf 84' lang='grc' dir='ltr'>κιον,</span> <span class='ocrx_word' id='word_1_351' title='bbox 484 3018 687 3089; x_wconf 78' lang='grc' dir='ltr'>σπουδῇ</span> <span class='ocrx_word' id='word_1_352' title='bbox 723 3018 815 3071; x_wconf 78' lang='grc' dir='ltr'><strong>ἐπὶ</strong></span> <span class='ocrx_word' id='word_1_353' title='bbox 853 3018 920 3070; x_wconf 83' lang='grc' dir='ltr'>τὰ</span> <span class='ocrx_word' id='word_1_354' title='bbox 951 3017 1194 3087; x_wconf 82' lang='grc' dir='ltr'>βασίλεια</span> <span class='ocrx_word' id='word_1_355' title='bbox 1227 3020 1483 3088; x_wconf 84' lang='grc' dir='ltr'>ἀφίκοντο</span> <span class='ocrx_word' id='word_1_356' title='bbox 1504 3035 1517 3049; x_wconf 90' lang='grc'><strong>·</strong></span> <span class='ocrx_word' id='word_1_357' title='bbox 1558 3019 1608 3071; x_wconf 84' lang='lat' dir='ltr'><strong>oi</strong></span> <span class='ocrx_word' id='word_1_358' title='bbox 1637 3018 1691 3072; x_wconf 81' lang='grc' dir='ltr'>δὲ</span> <span class='ocrx_word' id='word_1_359' title='bbox 1726 3018 1895 3084; x_wconf 78' lang='grc' dir='ltr'>ἄλλοι,</span> 
     </span>
    </p>
   </div>
   <div class='ocr_carea' id='block_1_46' title="bbox 306 3106 1896 3181">
    <p class='ocr_par' dir='ltr' id='par_1_46' title="bbox 306 3106 1896 3181">
     <span class='ocr_line' id='line_1_46' title="bbox 306 3106 1896 3181; baseline 0 -17"><span class='ocrx_word' id='word_1_360' title='bbox 306 3112 539 3173; x_wconf 81' lang='grc' dir='ltr'>ἕκαστος</span> <span class='ocrx_word' id='word_1_361' title='bbox 585 3110 774 3164; x_wconf 81' lang='grc' dir='ltr'>οἴκαδε</span> <span class='ocrx_word' id='word_1_362' title='bbox 826 3110 1156 3181; x_wconf 82' lang='grc' dir='ltr'>ἀνεχώρουν.</span> <span class='ocrx_word' id='word_1_363' title='bbox 1215 3106 1360 3164; x_wconf 81' lang='grc' dir='ltr'>Δέκα</span> <span class='ocrx_word' id='word_1_364' title='bbox 1405 3110 1500 3178; x_wconf 80' lang='grc' dir='ltr'><strong>δὲ,</strong></span> <span class='ocrx_word' id='word_1_365' title='bbox 1531 3111 1606 3174; x_wconf 87' lang='grc' dir='ltr'>ὡς</span> <span class='ocrx_word' id='word_1_366' title='bbox 1663 3110 1896 3181; x_wconf 87' lang='grc' dir='ltr'>προστέ-</span> 
     </span>
    </p>
   </div>
   <div class='ocr_carea' id='block_1_47' title="bbox 314 3200 1905 3275">
    <p class='ocr_par' dir='ltr' id='par_1_47' title="bbox 314 3200 1905 3275">
     <span class='ocr_line' id='line_1_47' title="bbox 314 3200 1905 3275; baseline 0.001 -19"><span class='ocrx_word' id='word_1_367' title='bbox 314 3220 474 3256; x_wconf 79' lang='grc' dir='ltr'>τακτο</span> <span class='ocrx_word' id='word_1_368' title='bbox 503 3243 518 3269; x_wconf 91' lang='grc'><strong>,</strong></span> <span class='ocrx_word' id='word_1_369' title='bbox 550 3206 703 3275; x_wconf 80' lang='grc' dir='ltr'>κοινῇ</span> <span class='ocrx_word' id='word_1_370' title='bbox 756 3200 949 3275; x_wconf 84' lang='grc' dir='ltr'>γνώμῃ</span> <span class='ocrx_word' id='word_1_371' title='bbox 1014 3202 1415 3273; x_wconf 81' lang='grc' dir='ltr'>ἐπιτραπέντες</span> <span class='ocrx_word' id='word_1_372' title='bbox 1482 3201 1621 3271; x_wconf 84' lang='grc' dir='ltr'>πρὸς</span> <span class='ocrx_word' id='word_1_373' title='bbox 1676 3202 1905 3272; x_wconf 64' lang='grc' dir='ltr'>βασιλέα,</span> 
     </span>
    </p>
   </div>
   <div class='ocr_carea' id='block_1_48' title="bbox 307 3293 1897 3365">
    <p class='ocr_par' dir='ltr' id='par_1_48' title="bbox 307 3293 1897 3365">
     <span class='ocr_line' id='line_1_48' title="bbox 307 3293 1897 3365; baseline 0.002 -19"><span class='ocrx_word' id='word_1_374' title='bbox 307 3293 739 3365; x_wconf 80' lang='grc' dir='ltr'>παραγενέσθαι,</span> <span class='ocrx_word' id='word_1_375' title='bbox 770 3293 1255 3365; x_wconf 81' lang='grc' dir='ltr'>καταλαμϐάνουσι</span> <span class='ocrx_word' id='word_1_376' title='bbox 1287 3294 1413 3359; x_wconf 78' lang='grc' dir='ltr'>τοὺς</span> <span class='ocrx_word' id='word_1_377' title='bbox 1449 3293 1897 3365; x_wconf 79' lang='grc' dir='ltr'>ἀπεσταλμένους</span> 
     </span>
    </p>
   </div>
   <div class='ocr_carea' id='block_1_49' title="bbox 307 3383 1897 3459">
    <p class='ocr_par' dir='ltr' id='par_1_49' title="bbox 307 3383 1897 3459">
     <span class='ocr_line' id='line_1_49' title="bbox 307 3383 1897 3459; baseline 0.001 -21"><span class='ocrx_word' id='word_1_378' title='bbox 307 3384 441 3438; x_wconf 81' lang='grc' dir='ltr'>δέκα</span> <span class='ocrx_word' id='word_1_379' title='bbox 492 3385 643 3455; x_wconf 72' lang='grc' dir='ltr'>παρὰ</span> <span class='ocrx_word' id='word_1_380' title='bbox 680 3383 897 3453; x_wconf 63' lang='grc' dir='ltr'>τῶν,έν</span> <span class='ocrx_word' id='word_1_381' title='bbox 942 3386 1223 3459; x_wconf 87' lang='grc' dir='ltr'>Ἀριμήνῳ</span> <span class='ocrx_word' id='word_1_382' title='bbox 1262 3384 1655 3450; x_wconf 83' lang='grc' dir='ltr'>συνελθόντων,</span> <span class='ocrx_word' id='word_1_383' title='bbox 1687 3387 1813 3449; x_wconf 87' lang='grc' dir='ltr'>τοὺς</span> <span class='ocrx_word' id='word_1_384' title='bbox 1841 3386 1897 3439; x_wconf 85' lang='grc' dir='ltr'>δὲ</span> 
     </span>
    </p>
   </div>
   <div class='ocr_carea' id='block_1_50' title="bbox 306 3475 1897 3550">
    <p class='ocr_par' dir='ltr' id='par_1_50' title="bbox 306 3475 1897 3550">
     <span class='ocr_line' id='line_1_50' title="bbox 306 3475 1897 3550; baseline 0.003 -22"><span class='ocrx_word' id='word_1_385' title='bbox 306 3475 728 3545; x_wconf 73' lang='grc' dir='ltr'>ἀμφὶἈκάκιον</span> <span class='ocrx_word' id='word_1_386' title='bbox 754 3477 853 3548; x_wconf 74' lang='grc' dir='ltr'>ἤδη</span> <span class='ocrx_word' id='word_1_387' title='bbox 893 3477 1329 3550; x_wconf 88' lang='grc' dir='ltr'>κατωρθωκότας</span> <span class='ocrx_word' id='word_1_388' title='bbox 1366 3478 1434 3532; x_wconf 78' lang='grc' dir='ltr'>τὰ</span> <span class='ocrx_word' id='word_1_389' title='bbox 1460 3476 1641 3533; x_wconf 80' lang='grc' dir='ltr'>αὐτῶν</span> <span class='ocrx_word' id='word_1_390' title='bbox 1679 3480 1897 3550; x_wconf 81' lang='grc' dir='ltr'>φρονεῖν</span> 
     </span>
    </p>
   </div>
   <div class='ocr_carea' id='block_1_51' title="bbox 306 3566 1899 3639">
    <p class='ocr_par' dir='ltr' id='par_1_51' title="bbox 306 3566 1899 3639">
     <span class='ocr_line' id='line_1_51' title="bbox 306 3566 1899 3639; baseline 0.002 -21"><span class='ocrx_word' id='word_1_391' title='bbox 306 3566 434 3630; x_wconf 77' lang='grc' dir='ltr'>τοὺς</span> <span class='ocrx_word' id='word_1_392' title='bbox 465 3568 522 3618; x_wconf 86' lang='grc' dir='ltr'><strong>ἐν</strong></span> <span class='ocrx_word' id='word_1_393' title='bbox 575 3568 688 3629; x_wconf 86' lang='grc' dir='ltr'>τοῖς</span> <span class='ocrx_word' id='word_1_394' title='bbox 734 3566 1027 3637; x_wconf 82' lang='grc' dir='ltr'>βασιλείοις</span> <span class='ocrx_word' id='word_1_395' title='bbox 1084 3567 1414 3639; x_wconf 83' lang='grc' dir='ltr'>δυναμένους</span> <span class='ocrx_word' id='word_1_396' title='bbox 1445 3610 1461 3636; x_wconf 90' lang='grc'><strong>,</strong></span> <span class='ocrx_word' id='word_1_397' title='bbox 1495 3571 1592 3624; x_wconf 75' lang='grc' dir='ltr'><strong>καὶ</strong></span> <span class='ocrx_word' id='word_1_398' title='bbox 1645 3569 1733 3623; x_wconf 83' lang='grc' dir='ltr'>διὰ</span> <span class='ocrx_word' id='word_1_399' title='bbox 1776 3568 1899 3622; x_wconf 89' lang='grc' dir='ltr'>τού-</span> 
     </span>
    </p>
   </div>
   <div class='ocr_carea' id='block_1_52' title="bbox 307 3658 1899 3732">
    <p class='ocr_par' dir='ltr' id='par_1_52' title="bbox 307 3658 1899 3732">
     <span class='ocr_line' id='line_1_52' title="bbox 307 3658 1899 3732; baseline 0.002 -21"><span class='ocrx_word' id='word_1_400' title='bbox 307 3674 417 3712; x_wconf 84' lang='grc' dir='ltr'><strong>των</strong></span> <span class='ocrx_word' id='word_1_401' title='bbox 467 3658 1071 3730; x_wconf 81' lang='grc' dir='ltr'>πραγματευσαμένους</span> <span class='ocrx_word' id='word_1_402' title='bbox 1124 3658 1222 3731; x_wconf 84' lang='grc' dir='ltr'><strong>τὴν</strong></span> <span class='ocrx_word' id='word_1_403' title='bbox 1276 3660 1429 3732; x_wconf 75' lang='grc' dir='ltr'>παρὰ</span> <span class='ocrx_word' id='word_1_404' title='bbox 1484 3660 1578 3714; x_wconf 78' lang='grc' dir='ltr'>τοῦ</span> <span class='ocrx_word' id='word_1_405' title='bbox 1636 3659 1899 3732; x_wconf 79' lang='grc' dir='ltr'>κρατοῦν-</span> 
     </span>
    </p>
   </div>
   <div class='ocr_carea' id='block_1_53' title="bbox 306 3746 1897 3823">
    <p class='ocr_par' dir='ltr' id='par_1_53' title="bbox 306 3746 1897 3823">
     <span class='ocr_line' id='line_1_53' title="bbox 306 3746 1897 3823; baseline 0.001 -20"><span class='ocrx_word' id='word_1_406' title='bbox 306 3767 401 3814; x_wconf 85' lang='grc' dir='ltr'><strong>τος</strong></span> <span class='ocrx_word' id='word_1_407' title='bbox 428 3749 660 3804; x_wconf 78' lang='grc' dir='ltr'>εὖνοιαν.</span> <span class='ocrx_word' id='word_1_408' title='bbox 693 3746 848 3803; x_wconf 82' lang='grc' dir='ltr'>Εἶναι</span> <span class='ocrx_word' id='word_1_409' title='bbox 877 3751 1008 3821; x_wconf 79' lang='grc' dir='ltr'>γὰρ,</span> <span class='ocrx_word' id='word_1_410' title='bbox 1032 3750 1107 3814; x_wconf 85' lang='grc' dir='ltr'>ὡς</span> <span class='ocrx_word' id='word_1_411' title='bbox 1134 3751 1373 3819; x_wconf 78' lang='grc' dir='ltr'>ἐλέγετο,</span> <span class='ocrx_word' id='word_1_412' title='bbox 1396 3753 1525 3815; x_wconf 77' lang='grc' dir='ltr'>τοὺς</span> <span class='ocrx_word' id='word_1_413' title='bbox 1560 3752 1679 3823; x_wconf 85' lang='grc' dir='ltr'>μὲν,</span> <span class='ocrx_word' id='word_1_414' title='bbox 1710 3753 1897 3823; x_wconf 79' lang='grc' dir='ltr'>ὁμοδό-</span> 
     </span>
    </p>
   </div>
   <div class='ocr_carea' id='block_1_54' title="bbox 309 3842 1897 3913">
    <p class='ocr_par' dir='ltr' id='par_1_54' title="bbox 309 3842 1897 3913">
     <span class='ocr_line' id='line_1_54' title="bbox 309 3842 1897 3913; baseline -0.002 -17"><span class='ocrx_word' id='word_1_415' title='bbox 309 3842 435 3907; x_wconf 86' lang='grc' dir='ltr'>ξους</span> <span class='ocrx_word' id='word_1_416' title='bbox 467 3844 648 3907; x_wconf 76' lang='grc' dir='ltr'>αὐτοῖς</span> <span class='ocrx_word' id='word_1_417' title='bbox 674 3859 688 3874; x_wconf 84' lang='lat'><strong>&#39;</strong></span> <span class='ocrx_word' id='word_1_418' title='bbox 712 3845 838 3907; x_wconf 82' lang='grc' dir='ltr'>τοὺς</span> <span class='ocrx_word' id='word_1_419' title='bbox 888 3844 964 3911; x_wconf 84' lang='grc' dir='ltr'><strong>δὲ,</strong></span> <span class='ocrx_word' id='word_1_420' title='bbox 1009 3846 1128 3906; x_wconf 81' lang='grc' dir='ltr'>ταῖς</span> <span class='ocrx_word' id='word_1_421' title='bbox 1172 3843 1650 3913; x_wconf 79' lang='grc' dir='ltr'>ἐκκλησιαστικαῖς</span> <span class='ocrx_word' id='word_1_422' title='bbox 1686 3842 1897 3904; x_wconf 83' lang='grc' dir='ltr'>οὐσίαις</span> 
     </span>
    </p>
   </div>
   <div class='ocr_carea' id='block_1_55' title="bbox 304 3923 1896 4008">
    <p class='ocr_par' dir='ltr' id='par_1_55' title="bbox 304 3934 1893 4007">
     <span class='ocr_line' id='line_1_55' title="bbox 304 3934 1893 4007; baseline 0 -18"><span class='ocrx_word' id='word_1_423' title='bbox 304 3935 656 4006; x_wconf 67' lang='grc' dir='ltr'>διεφθάρθαγ</span> <span class='ocrx_word' id='word_1_424' title='bbox 693 3936 819 3999; x_wconf 85' lang='grc' dir='ltr'>τοὺς</span> <span class='ocrx_word' id='word_1_425' title='bbox 847 3935 903 3989; x_wconf 84' lang='grc' dir='ltr'>δὲ</span> <span class='ocrx_word' id='word_1_426' title='bbox 922 3975 936 4001; x_wconf 95' lang='grc'><strong>,</strong></span> <span class='ocrx_word' id='word_1_427' title='bbox 963 3936 1223 3998; x_wconf 83' lang='grc' dir='ltr'>θωπείαις</span> <span class='ocrx_word' id='word_1_428' title='bbox 1278 3935 1451 4003; x_wconf 89' lang='grc' dir='ltr'>λόγων</span> <span class='ocrx_word' id='word_1_429' title='bbox 1481 3934 1893 4007; x_wconf 74' lang='grc' dir='ltr'>ἐξηπατῆσθαι,</span> 
     </span>
    </p>
   </div>
   <div class='ocr_carea' id='block_1_56' title="bbox 2002 3923 2596 4008">
    <p class='ocr_par' dir='ltr' id='par_1_56' title="bbox 2002 3923 2596 3993">
     <span class='ocr_line' id='line_1_56' title="bbox 2002 3923 2596 3993; baseline -0.012 -13"><span class='ocrx_word' id='word_1_430' title='bbox 2002 3925 2247 3993; x_wconf 89' lang='lat' dir='ltr'><strong>corrupti</strong></span> <span class='ocrx_word' id='word_1_431' title='bbox 2312 3923 2530 3976; x_wconf 82' lang='lat' dir='ltr'><strong>fuerant</strong></span> <span class='ocrx_word' id='word_1_432' title='bbox 2582 3934 2596 3973; x_wconf 86' lang='lat'><strong>:</strong></span> 
     </span>
    </p>
   </div>
   <div class='ocr_carea' id='block_1_57' title="bbox 307 4027 1891 4101">
    <p class='ocr_par' dir='ltr' id='par_1_57' title="bbox 307 4027 1891 4101">
     <span class='ocr_line' id='line_1_57' title="bbox 307 4027 1891 4101; baseline -0.003 -17"><span class='ocrx_word' id='word_1_433' title='bbox 307 4031 406 4084; x_wconf 82' lang='grc' dir='ltr'>καὶ</span> <span class='ocrx_word' id='word_1_434' title='bbox 447 4032 513 4101; x_wconf 83' lang='grc' dir='ltr'>τῇ</span> <span class='ocrx_word' id='word_1_435' title='bbox 557 4027 683 4100; x_wconf 70' lang='grc' dir='ltr'>ἀξίᾳ</span> <span class='ocrx_word' id='word_1_436' title='bbox 716 4028 810 4083; x_wconf 81' lang='grc' dir='ltr'>τοῦ</span> <span class='ocrx_word' id='word_1_437' title='bbox 855 4028 1151 4093; x_wconf 81' lang='grc' dir='ltr'>πείθοντος.</span> <span class='ocrx_word' id='word_1_438' title='bbox 1177 4028 1251 4081; x_wconf 85' lang='grc' dir='ltr'><strong>Οὐ</strong></span> <span class='ocrx_word' id='word_1_439' title='bbox 1315 4027 1424 4101; x_wconf 78' lang='grc' dir='ltr'><strong>γὰρ</strong></span> <span class='ocrx_word' id='word_1_440' title='bbox 1456 4031 1484 4083; x_wconf 82' lang='grc' dir='ltr'>ὁ</span> <span class='ocrx_word' id='word_1_441' title='bbox 1515 4027 1690 4099; x_wconf 87' lang='grc' dir='ltr'>τυχὼν</span> <span class='ocrx_word' id='word_1_442' title='bbox 1718 4028 1891 4081; x_wconf 81' lang='grc' dir='ltr'>ἐδόκει</span> 
     </span>
    </p>
   </div>
   <div class='ocr_carea' id='block_1_58' title="bbox 307 4114 1887 4189">
    <p class='ocr_par' dir='ltr' id='par_1_58' title="bbox 307 4114 1887 4189">
     <span class='ocr_line' id='line_1_58' title="bbox 307 4114 1887 4189; baseline -0.003 -14"><span class='ocrx_word' id='word_1_443' title='bbox 307 4120 598 4182; x_wconf 75' lang='grc' dir='ltr'>Ἀκάκιοςο</span> <span class='ocrx_word' id='word_1_444' title='bbox 629 4119 788 4189; x_wconf 84' lang='grc' dir='ltr'>φύσει</span> <span class='ocrx_word' id='word_1_445' title='bbox 817 4136 875 4172; x_wconf 87' lang='grc' dir='ltr'><strong>τε</strong></span> <span class='ocrx_word' id='word_1_446' title='bbox 924 4118 1094 4182; x_wconf 86' lang='grc' dir='ltr'>δεινὸς</span> <span class='ocrx_word' id='word_1_447' title='bbox 1140 4117 1215 4172; x_wconf 83' lang='grc' dir='ltr'>ὣν</span> <span class='ocrx_word' id='word_1_448' title='bbox 1247 4114 1405 4173; x_wconf 63' lang='grc' dir='ltr'>νοεὶν</span> <span class='ocrx_word' id='word_1_449' title='bbox 1427 4119 1522 4172; x_wconf 77' lang='grc' dir='ltr'><strong>καὶ</strong></span> <span class='ocrx_word' id='word_1_450' title='bbox 1551 4119 1753 4187; x_wconf 84' lang='grc' dir='ltr'>λέγειν,</span> <span class='ocrx_word' id='word_1_451' title='bbox 1789 4120 1887 4173; x_wconf 83' lang='grc' dir='ltr'><strong>καὶ</strong></span> 
     </span>
    </p>
   </div>
   <div class='ocr_carea' id='block_1_59' title="bbox 306 4198 1890 4282">
    <p class='ocr_par' dir='ltr' id='par_1_59' title="bbox 306 4198 1890 4282">
     <span class='ocr_line' id='line_1_59' title="bbox 306 4198 1890 4282; baseline -0.003 -17"><span class='ocrx_word' id='word_1_452' title='bbox 306 4211 379 4265; x_wconf 79' lang='grc' dir='ltr'>τὰ</span> <span class='ocrx_word' id='word_1_453' title='bbox 437 4198 836 4282; x_wconf 79' lang='grc' dir='ltr'>βεϐουλευμένα</span> <span class='ocrx_word' id='word_1_454' title='bbox 886 4210 967 4273; x_wconf 88' lang='grc' dir='ltr'><strong>είς</strong></span> <span class='ocrx_word' id='word_1_455' title='bbox 1026 4209 1185 4280; x_wconf 79' lang='grc' dir='ltr'>ἔργον</span> <span class='ocrx_word' id='word_1_456' title='bbox 1236 4210 1391 4276; x_wconf 80' lang='grc' dir='ltr'>ἄγειν</span> <span class='ocrx_word' id='word_1_457' title='bbox 1426 4224 1440 4238; x_wconf 81' lang='grc'><em>’</em></span> <span class='ocrx_word' id='word_1_458' title='bbox 1477 4210 1571 4262; x_wconf 77' lang='grc' dir='ltr'>καὶ</span> <span class='ocrx_word' id='word_1_459' title='bbox 1621 4211 1890 4280; x_wconf 72' lang='grc' dir='ltr'>ἐπισήμου</span> 
     </span>
    </p>
   </div>
   <div class='ocr_carea' id='block_1_60' title="bbox 308 4292 1890 4376">
    <p class='ocr_par' dir='ltr' id='par_1_60' title="bbox 308 4292 1890 4376">
     <span class='ocr_line' id='line_1_60' title="bbox 308 4292 1890 4376; baseline -0.003 -18"><span class='ocrx_word' id='word_1_460' title='bbox 308 4292 591 4376; x_wconf 84' lang='grc' dir='ltr'>προεστὼς</span> <span class='ocrx_word' id='word_1_461' title='bbox 611 4300 926 4372; x_wconf 84' lang='grc' dir='ltr'>ἐκκλησίας,</span> <span class='ocrx_word' id='word_1_462' title='bbox 948 4302 1043 4355; x_wconf 79' lang='grc' dir='ltr'><strong>καὶ</strong></span> <span class='ocrx_word' id='word_1_463' title='bbox 1058 4301 1315 4355; x_wconf 81' lang='grc' dir='ltr'>Εὑσέόισν</span> <span class='ocrx_word' id='word_1_464' title='bbox 1335 4300 1424 4354; x_wconf 81' lang='grc' dir='ltr'><strong>τὸν</strong></span> <span class='ocrx_word' id='word_1_465' title='bbox 1440 4295 1750 4370; x_wconf 76' lang='grc' dir='ltr'>Παμφίλου,</span> <span class='ocrx_word' id='word_1_466' title='bbox 1774 4300 1890 4371; x_wconf 85' lang='grc' dir='ltr'>μεθ’</span> 
     </span>
    </p>
   </div>
   <div class='ocr_carea' id='block_1_61' title="bbox 305 4390 1890 4466">
    <p class='ocr_par' dir='ltr' id='par_1_61' title="bbox 305 4390 1890 4466">
     <span class='ocr_line' id='line_1_61' title="bbox 305 4390 1890 4466; baseline -0.003 -16"><span class='ocrx_word' id='word_1_467' title='bbox 305 4396 370 4450; x_wconf 82' lang='grc' dir='ltr'>ὃν</span> <span class='ocrx_word' id='word_1_468' title='bbox 417 4396 578 4459; x_wconf 79' lang='grc' dir='ltr'>αὐτὸς</span> <span class='ocrx_word' id='word_1_469' title='bbox 611 4396 709 4466; x_wconf 85' lang='grc' dir='ltr'>τὴν</span> <span class='ocrx_word' id='word_1_470' title='bbox 752 4393 1056 4466; x_wconf 78' lang='grc' dir='ltr'>ἐπισκοπὴν</span> <span class='ocrx_word' id='word_1_471' title='bbox 1105 4394 1236 4463; x_wconf 72' lang='grc' dir='ltr'>ἤνυε</span> <span class='ocrx_word' id='word_1_472' title='bbox 1258 4432 1273 4456; x_wconf 89' lang='grc'><strong>,</strong></span> <span class='ocrx_word' id='word_1_473' title='bbox 1303 4391 1620 4445; x_wconf 84' lang='grc' dir='ltr'>διδάσκαλον</span> <span class='ocrx_word' id='word_1_474' title='bbox 1668 4390 1890 4462; x_wconf 82' lang='grc' dir='ltr'>αὐχῶν,</span> 
     </span>
    </p>
   </div>
   <div class='ocr_carea' id='block_1_62' title="bbox 306 4483 1890 4560">
    <p class='ocr_par' dir='ltr' id='par_1_62' title="bbox 306 4483 1890 4560">
     <span class='ocr_line' id='line_1_62' title="bbox 306 4483 1890 4560; baseline -0.004 -17"><span class='ocrx_word' id='word_1_475' title='bbox 306 4490 403 4543; x_wconf 78' lang='grc' dir='ltr'><strong>καὶ</strong></span> <span class='ocrx_word' id='word_1_476' title='bbox 420 4492 489 4560; x_wconf 84' lang='grc' dir='ltr'>τῇ</span> <span class='ocrx_word' id='word_1_477' title='bbox 517 4488 735 4559; x_wconf 85' lang='grc' dir='ltr'>δοκήσει</span> <span class='ocrx_word' id='word_1_478' title='bbox 763 4487 859 4540; x_wconf 74' lang='grc' dir='ltr'><strong>καὶ</strong></span> <span class='ocrx_word' id='word_1_479' title='bbox 887 4486 1103 4558; x_wconf 83' lang='grc' dir='ltr'>διαδοχῇ</span> <span class='ocrx_word' id='word_1_480' title='bbox 1132 4484 1241 4538; x_wconf 85' lang='grc' dir='ltr'><strong>τῶν</strong></span> <span class='ocrx_word' id='word_1_481' title='bbox 1269 4483 1434 4537; x_wconf 80' lang='grc' dir='ltr'>αὐτοῦ</span> <span class='ocrx_word' id='word_1_482' title='bbox 1467 4483 1690 4555; x_wconf 79' lang='grc' dir='ltr'>βίϐλων,</span> <span class='ocrx_word' id='word_1_483' title='bbox 1715 4484 1890 4537; x_wconf 90' lang='grc' dir='ltr'>πλείω</span> 
     </span>
    </p>
   </div>
   <div class='ocr_carea' id='block_1_63' title="bbox 305 4574 1888 4647">
    <p class='ocr_par' dir='ltr' id='par_1_63' title="bbox 305 4574 1888 4647">
     <span class='ocr_line' id='line_1_63' title="bbox 305 4574 1888 4647; baseline -0.003 -12"><span class='ocrx_word' id='word_1_484' title='bbox 305 4582 420 4635; x_wconf 80' lang='grc' dir='ltr'><strong>τῶν</strong></span> <span class='ocrx_word' id='word_1_485' title='bbox 457 4582 632 4636; x_wconf 86' lang='grc' dir='ltr'>ἄλλων</span> <span class='ocrx_word' id='word_1_486' title='bbox 688 4579 852 4644; x_wconf 78' lang='grc' dir='ltr'>ἀξιῶν</span> <span class='ocrx_word' id='word_1_487' title='bbox 893 4579 1108 4632; x_wconf 78' lang='grc' dir='ltr'>εἰδέναι.</span> <span class='ocrx_word' id='word_1_488' title='bbox 1161 4577 1270 4630; x_wconf 67' lang='grc' dir='ltr'>Καὶ</span> <span class='ocrx_word' id='word_1_489' title='bbox 1301 4579 1328 4630; x_wconf 89' lang='grc' dir='ltr'><strong>ό</strong></span> <span class='ocrx_word' id='word_1_490' title='bbox 1366 4577 1463 4647; x_wconf 77' lang='grc' dir='ltr'><strong>μὲν</strong></span> <span class='ocrx_word' id='word_1_491' title='bbox 1504 4574 1743 4640; x_wconf 81' lang='grc' dir='ltr'>τοιοῦτος</span> <span class='ocrx_word' id='word_1_492' title='bbox 1774 4577 1849 4631; x_wconf 84' lang='grc' dir='ltr'><strong>ὢν</strong></span> <span class='ocrx_word' id='word_1_493' title='bbox 1872 4616 1888 4641; x_wconf 92' lang='grc'><strong>,</strong></span> 
     </span>
    </p>
   </div>
   <div class='ocr_carea' id='block_1_64' title="bbox 309 4668 1889 4748">
    <p class='ocr_par' dir='ltr' id='par_1_64' title="bbox 309 4668 1889 4748">
     <span class='ocr_line' id='line_1_64' title="bbox 309 4668 1889 4748; baseline -0.006 -20"><span class='ocrx_word' id='word_1_494' title='bbox 309 4676 513 4748; x_wconf 67' lang='grc' dir='ltr'>ῥᾳδίως</span> <span class='ocrx_word' id='word_1_495' title='bbox 532 4675 644 4742; x_wconf 80' lang='grc' dir='ltr'>ἆγε</span> <span class='ocrx_word' id='word_1_496' title='bbox 673 4672 921 4726; x_wconf 77' lang='grc' dir='ltr'>ἐϐούλετο</span> <span class='ocrx_word' id='word_1_497' title='bbox 940 4670 1308 4734; x_wconf 80' lang='grc' dir='ltr'>διεσκεύαζεν.</span> <span class='ocrx_word' id='word_1_498' title='bbox 1340 4673 1547 4723; x_wconf 86' lang='grc' dir='ltr'>Ὄντων</span> <span class='ocrx_word' id='word_1_499' title='bbox 1570 4668 1626 4721; x_wconf 85' lang='grc' dir='ltr'>δὲ</span> <span class='ocrx_word' id='word_1_500' title='bbox 1650 4669 1708 4720; x_wconf 83' lang='grc' dir='ltr'><strong>ἐν</strong></span> <span class='ocrx_word' id='word_1_501' title='bbox 1736 4670 1889 4721; x_wconf 86' lang='grc' dir='ltr'>Κων-</span> 
     </span>
    </p>
   </div>
   <div class='ocr_carea' id='block_1_65' title="bbox 307 4757 1888 4832">
    <p class='ocr_par' dir='ltr' id='par_1_65' title="bbox 307 4757 1888 4832">
     <span class='ocr_line' id='line_1_65' title="bbox 307 4757 1888 4832; baseline -0.007 -10"><span class='ocrx_word' id='word_1_502' title='bbox 307 4765 746 4822; x_wconf 83' lang='grc' dir='ltr'>σταντινουπόλει</span> <span class='ocrx_word' id='word_1_503' title='bbox 768 4765 875 4817; x_wconf 81' lang='grc' dir='ltr'><strong>τῶν</strong></span> <span class='ocrx_word' id='word_1_504' title='bbox 904 4762 962 4830; x_wconf 76' lang='grc' dir='ltr'>ἐξ</span> <span class='ocrx_word' id='word_1_505' title='bbox 1001 4762 1267 4832; x_wconf 80' lang='grc' dir='ltr'>ἑκατέρας</span> <span class='ocrx_word' id='word_1_506' title='bbox 1303 4761 1521 4815; x_wconf 86' lang='grc' dir='ltr'>συνόδου</span> <span class='ocrx_word' id='word_1_507' title='bbox 1544 4760 1718 4813; x_wconf 79' lang='grc' dir='ltr'>εἴκοσι</span> <span class='ocrx_word' id='word_1_508' title='bbox 1748 4799 1762 4825; x_wconf 95' lang='grc'><strong>,</strong></span> <span class='ocrx_word' id='word_1_509' title='bbox 1794 4757 1888 4811; x_wconf 80' lang='grc' dir='ltr'>καὶ</span> 
     </span>
    </p>
   </div>
   <div class='ocr_carea' id='block_1_66' title="bbox 304 4848 1888 4928">
    <p class='ocr_par' dir='ltr' id='par_1_66' title="bbox 304 4848 1888 4928">
     <span class='ocr_line' id='line_1_66' title="bbox 304 4848 1888 4928; baseline -0.009 -13"><span class='ocrx_word' id='word_1_510' title='bbox 304 4861 484 4917; x_wconf 80' lang='grc' dir='ltr'>ἄλλων</span> <span class='ocrx_word' id='word_1_511' title='bbox 530 4858 688 4928; x_wconf 82' lang='grc' dir='ltr'>οἵπερ</span> <span class='ocrx_word' id='word_1_512' title='bbox 728 4856 918 4927; x_wconf 73' lang='grc' dir='ltr'>ἔτυχον</span> <span class='ocrx_word' id='word_1_513' title='bbox 968 4853 1362 4924; x_wconf 73' lang='grc' dir='ltr'>ἐνδημοῦντες,</span> <span class='ocrx_word' id='word_1_514' title='bbox 1413 4851 1474 4905; x_wconf 86' lang='grc' dir='ltr'><strong>τὸ</strong></span> <span class='ocrx_word' id='word_1_515' title='bbox 1524 4850 1622 4921; x_wconf 81' lang='grc' dir='ltr'><strong>μὲν</strong></span> <span class='ocrx_word' id='word_1_516' title='bbox 1673 4848 1888 4920; x_wconf 83' lang='grc' dir='ltr'>πρῶτον</span> 
     </span>
    </p>
   </div>
   <div class='ocr_carea' id='block_1_67' title="bbox 305 4942 1885 5022">
    <p class='ocr_par' dir='ltr' id='par_1_67' title="bbox 305 4942 1885 5022">
     <span class='ocr_line' id='line_1_67' title="bbox 305 4942 1885 5022; baseline -0.009 -16"><span class='ocrx_word' id='word_1_517' title='bbox 305 4951 663 5022; x_wconf 81' lang='grc' dir='ltr'>ἐπιτρέπεται</span> <span class='ocrx_word' id='word_1_518' title='bbox 691 4948 908 5002; x_wconf 81' lang='grc' dir='ltr'>δικάσαι</span> <span class='ocrx_word' id='word_1_519' title='bbox 948 4949 1014 5016; x_wconf 84' lang='grc' dir='ltr'>τῇ</span> <span class='ocrx_word' id='word_1_520' title='bbox 1043 4945 1186 4999; x_wconf 80' lang='grc' dir='ltr'>κατὰ</span> <span class='ocrx_word' id='word_1_521' title='bbox 1224 4944 1425 4998; x_wconf 82' lang='grc' dir='ltr'>Ἀέτιον</span> <span class='ocrx_word' id='word_1_522' title='bbox 1456 4942 1703 5013; x_wconf 72' lang='grc' dir='ltr'>ζητήσει,</span> <span class='ocrx_word' id='word_1_523' title='bbox 1744 4958 1885 5012; x_wconf 88' lang='grc' dir='ltr'>παρ-</span> 
     </span>
    </p>
   </div>
   <div class='ocr_carea' id='block_1_68' title="bbox 304 5032 1889 5109">
    <p class='ocr_par' dir='ltr' id='par_1_68' title="bbox 304 5032 1889 5109">
     <span class='ocr_line' id='line_1_68' title="bbox 304 5032 1889 5109; baseline -0.01 -10"><span class='ocrx_word' id='word_1_524' title='bbox 304 5046 479 5099; x_wconf 85' lang='grc' dir='ltr'>όντων</span> <span class='ocrx_word' id='word_1_525' title='bbox 551 5041 661 5096; x_wconf 88' lang='grc' dir='ltr'>τῶν</span> <span class='ocrx_word' id='word_1_526' title='bbox 715 5039 824 5094; x_wconf 78' lang='grc' dir='ltr'>ἀπὸ</span> <span class='ocrx_word' id='word_1_527' title='bbox 874 5039 976 5109; x_wconf 82' lang='grc' dir='ltr'>τῆς</span> <span class='ocrx_word' id='word_1_528' title='bbox 1024 5036 1265 5108; x_wconf 79' lang='grc' dir='ltr'>μεγάλης</span> <span class='ocrx_word' id='word_1_529' title='bbox 1311 5034 1501 5105; x_wconf 81' lang='grc' dir='ltr'>βουλῆς</span> <span class='ocrx_word' id='word_1_530' title='bbox 1548 5033 1812 5104; x_wconf 80' lang='grc' dir='ltr'>ἐξάρχων,</span> <span class='ocrx_word' id='word_1_531' title='bbox 1860 5032 1889 5084; x_wconf 86' lang='grc' dir='ltr'>ὁ</span> 
     </span>
    </p>
   </div>
   <div class='ocr_carea' id='block_1_69' title="bbox 318 5123 1889 5209">
    <p class='ocr_par' dir='ltr' id='par_1_69' title="bbox 318 5123 1889 5209">
     <span class='ocr_line' id='line_1_69' title="bbox 318 5123 1889 5209; baseline -0.011 -18"><span class='ocrx_word' id='word_1_532' title='bbox 318 5135 624 5209; x_wconf 82' lang='grc' dir='ltr'>Ὁνωράτος</span> <span class='ocrx_word' id='word_1_533' title='bbox 649 5132 787 5205; x_wconf 66' lang='grc'>(26),</span> <span class='ocrx_word' id='word_1_534' title='bbox 825 5131 885 5186; x_wconf 83' lang='grc' dir='ltr'>ὂν</span> <span class='ocrx_word' id='word_1_535' title='bbox 912 5129 1163 5202; x_wconf 81' lang='grc' dir='ltr'>βασιλεὺς</span> <span class='ocrx_word' id='word_1_536' title='bbox 1191 5128 1250 5181; x_wconf 86' lang='grc' dir='ltr'><strong>οὐ</strong></span> <span class='ocrx_word' id='word_1_537' title='bbox 1280 5126 1387 5197; x_wconf 84' lang='grc' dir='ltr'><strong>πρὸ</strong></span> <span class='ocrx_word' id='word_1_538' title='bbox 1421 5124 1614 5179; x_wconf 78' lang='grc' dir='ltr'>πολλοῦ</span> <span class='ocrx_word' id='word_1_539' title='bbox 1646 5124 1754 5177; x_wconf 84' lang='grc' dir='ltr'><strong>ἀπὸ</strong></span> <span class='ocrx_word' id='word_1_540' title='bbox 1788 5123 1889 5193; x_wconf 82' lang='grc' dir='ltr'><strong>τῆς</strong></span> 
     </span>
    </p>
   </div>
   <div class='ocr_carea' id='block_1_70' title="bbox 2073 2918 3582 2984">
    <p class='ocr_par' dir='ltr' id='par_1_70' title="bbox 2073 2918 3582 2984">
     <span class='ocr_line' id='line_1_70' title="bbox 2073 2918 3582 2984; baseline -0.004 -5"><span class='ocrx_word' id='word_1_541' title='bbox 2073 2924 2169 2979; x_wconf 86' lang='lat' dir='ltr'><strong>llis</strong></span> <span class='ocrx_word' id='word_1_542' title='bbox 2203 2924 2270 2978; x_wconf 87' lang='lat' dir='ltr'><strong>ad</strong></span> <span class='ocrx_word' id='word_1_543' title='bbox 2305 2924 2452 2977; x_wconf 91' lang='lat' dir='ltr'><strong>hunc</strong></span> <span class='ocrx_word' id='word_1_544' title='bbox 2498 2921 2723 2976; x_wconf 87' lang='lat' dir='ltr'><strong>modum</strong></span> <span class='ocrx_word' id='word_1_545' title='bbox 2757 2919 3043 2984; x_wconf 90' lang='lat' dir='ltr'><strong>confectis,</strong></span> <span class='ocrx_word' id='word_1_546' title='bbox 3073 2919 3333 2974; x_wconf 86' lang='lat' dir='ltr'><strong>Acaciani</strong></span> <span class='ocrx_word' id='word_1_547' title='bbox 3368 2918 3436 2974; x_wconf 87' lang='lat' dir='ltr'><strong>ad</strong></span> <span class='ocrx_word' id='word_1_548' title='bbox 3482 2934 3582 2974; x_wconf 88' lang='lat' dir='ltr'><strong>co-</strong></span> 
     </span>
    </p>
   </div>
   <div class='ocr_carea' id='block_1_71' title="bbox 2002 3008 3577 3086">
    <p class='ocr_par' dir='ltr' id='par_1_71' title="bbox 2002 3008 3577 3086">
     <span class='ocr_line' id='line_1_71' title="bbox 2002 3008 3577 3086; baseline -0.006 -16"><span class='ocrx_word' id='word_1_549' title='bbox 2002 3018 2251 3071; x_wconf 80' lang='lat' dir='ltr'><strong>mitatum</strong></span> <span class='ocrx_word' id='word_1_550' title='bbox 2278 3012 2544 3086; x_wconf 88' lang='lat' dir='ltr'><strong>principis</strong></span> <span class='ocrx_word' id='word_1_551' title='bbox 2573 3012 2829 3068; x_wconf 83' lang='lat' dir='ltr'><strong>celeriter</strong></span> <span class='ocrx_word' id='word_1_552' title='bbox 2870 3009 3104 3081; x_wconf 89' lang='lat' dir='ltr'><strong>profecti</strong></span> <span class='ocrx_word' id='word_1_553' title='bbox 3154 3016 3285 3065; x_wconf 92' lang='lat' dir='ltr'><strong>sunt</strong></span> <span class='ocrx_word' id='word_1_554' title='bbox 3325 3027 3338 3063; x_wconf 90' lang='lat'><strong>:</strong></span> <span class='ocrx_word' id='word_1_555' title='bbox 3374 3008 3577 3078; x_wconf 89' lang='lat' dir='ltr'><strong>reliqui</strong></span> 
     </span>
    </p>
   </div>
   <div class='ocr_carea' id='block_1_72' title="bbox 2001 3098 3583 3174">
    <p class='ocr_par' dir='ltr' id='par_1_72' title="bbox 2001 3098 3583 3174">
     <span class='ocr_line' id='line_1_72' title="bbox 2001 3098 3583 3174; baseline -0.007 -11"><span class='ocrx_word' id='word_1_556' title='bbox 2001 3109 2067 3163; x_wconf 85' lang='lat' dir='ltr'><strong>ad</strong></span> <span class='ocrx_word' id='word_1_557' title='bbox 2098 3123 2230 3164; x_wconf 90' lang='lat' dir='ltr'><strong>suas</strong></span> <span class='ocrx_word' id='word_1_558' title='bbox 2257 3107 2415 3163; x_wconf 87' lang='lat' dir='ltr'><strong>sedes</strong></span> <span class='ocrx_word' id='word_1_559' title='bbox 2445 3122 2503 3161; x_wconf 92' lang='lat' dir='ltr'><strong>se</strong></span> <span class='ocrx_word' id='word_1_560' title='bbox 2528 3111 2874 3174; x_wconf 88' lang='lat' dir='ltr'><strong>receperunt.</strong></span> <span class='ocrx_word' id='word_1_561' title='bbox 2908 3101 3105 3158; x_wconf 88' lang='lat' dir='ltr'><strong>Decem</strong></span> <span class='ocrx_word' id='word_1_562' title='bbox 3135 3116 3267 3156; x_wconf 85' lang='lat' dir='ltr'><strong>vero</strong></span> <span class='ocrx_word' id='word_1_563' title='bbox 3300 3098 3583 3155; x_wconf 90' lang='lat' dir='ltr'><strong>communi</strong></span> 
     </span>
    </p>
   </div>
   <div class='ocr_carea' id='block_1_73' title="bbox 2001 3192 3580 3271">
    <p class='ocr_par' dir='ltr' id='par_1_73' title="bbox 2001 3192 3580 3271">
     <span class='ocr_line' id='line_1_73' title="bbox 2001 3192 3580 3271; baseline -0.008 -14"><span class='ocrx_word' id='word_1_564' title='bbox 2001 3201 2285 3271; x_wconf 75' lang='lat' dir='ltr'><strong>suffragio,</strong></span> <span class='ocrx_word' id='word_1_565' title='bbox 2335 3199 2501 3255; x_wconf 89' lang='lat' dir='ltr'><strong>sicuti</strong></span> <span class='ocrx_word' id='word_1_566' title='bbox 2546 3196 2858 3251; x_wconf 85' lang='lat' dir='ltr'><strong>mandatum</strong></span> <span class='ocrx_word' id='word_1_567' title='bbox 2906 3194 3100 3258; x_wconf 81' lang='lat' dir='ltr'><strong>fuerat,</strong></span> <span class='ocrx_word' id='word_1_568' title='bbox 3142 3193 3321 3258; x_wconf 89' lang='lat' dir='ltr'><strong>electi,</strong></span> <span class='ocrx_word' id='word_1_569' title='bbox 3352 3192 3448 3262; x_wconf 92' lang='lat' dir='ltr'><strong>qui</strong></span> <span class='ocrx_word' id='word_1_570' title='bbox 3508 3192 3580 3246; x_wconf 87' lang='lat' dir='ltr'><strong>ad</strong></span> 
     </span>
    </p>
   </div>
   <div class='ocr_carea' id='block_1_74' title="bbox 2001 3280 3574 3364">
    <p class='ocr_par' dir='ltr' id='par_1_74' title="bbox 2001 3280 3574 3364">
     <span class='ocr_line' id='line_1_74' title="bbox 2001 3280 3574 3364; baseline -0.009 -15"><span class='ocrx_word' id='word_1_571' title='bbox 2001 3284 2389 3364; x_wconf 84' lang='lat' dir='ltr'><strong>imperatorem</strong></span> <span class='ocrx_word' id='word_1_572' title='bbox 2425 3288 2929 3361; x_wconf 89' lang='lat' dir='ltr'><strong>proficiscerentur,</strong></span> <span class='ocrx_word' id='word_1_573' title='bbox 2960 3287 3146 3341; x_wconf 91' lang='lat' dir='ltr'><strong>decem</strong></span> <span class='ocrx_word' id='word_1_574' title='bbox 3183 3284 3322 3339; x_wconf 88' lang='lat' dir='ltr'><strong>alios</strong></span> <span class='ocrx_word' id='word_1_575' title='bbox 3360 3284 3429 3337; x_wconf 90' lang='lat' dir='ltr'><strong>ab</strong></span> <span class='ocrx_word' id='word_1_576' title='bbox 3445 3280 3574 3336; x_wconf 80' lang='lat' dir='ltr'><strong>Ari-</strong></span> 
     </span>
    </p>
   </div>
   <div class='ocr_carea' id='block_1_75' title="bbox 2000 3373 3577 3443">
    <p class='ocr_par' dir='ltr' id='par_1_75' title="bbox 2000 3373 3577 3443">
     <span class='ocr_line' id='line_1_75' title="bbox 2000 3373 3577 3443; baseline -0.009 -1"><span class='ocrx_word' id='word_1_577' title='bbox 2000 3385 2237 3442; x_wconf 83' lang='lat' dir='ltr'><strong>Ininensi</strong></span> <span class='ocrx_word' id='word_1_578' title='bbox 2276 3382 2513 3438; x_wconf 90' lang='lat' dir='ltr'><strong>concilio</strong></span> <span class='ocrx_word' id='word_1_579' title='bbox 2545 3381 2749 3434; x_wconf 90' lang='lat' dir='ltr'><strong>missos</strong></span> <span class='ocrx_word' id='word_1_580' title='bbox 2777 3375 3082 3433; x_wconf 72' lang='lat' dir='ltr'><strong>offendunt.</strong></span> <span class='ocrx_word' id='word_1_581' title='bbox 3110 3373 3406 3428; x_wconf 78' lang='lat' dir='ltr'><strong>Offendunt</strong></span> <span class='ocrx_word' id='word_1_582' title='bbox 3437 3388 3577 3443; x_wconf 90' lang='lat' dir='ltr'><strong>quo-</strong></span> 
     </span>
    </p>
   </div>
   <div class='ocr_carea' id='block_1_76' title="bbox 2001 3466 3570 3547">
    <p class='ocr_par' dir='ltr' id='par_1_76' title="bbox 2001 3466 3570 3547">
     <span class='ocr_line' id='line_1_76' title="bbox 2001 3466 3570 3547; baseline -0.008 -17"><span class='ocrx_word' id='word_1_583' title='bbox 2001 3494 2106 3547; x_wconf 88' lang='lat' dir='ltr'><strong>que</strong></span> <span class='ocrx_word' id='word_1_584' title='bbox 2144 3476 2472 3533; x_wconf 81' lang='lat' dir='ltr'><strong>Acacianos.</strong></span> <span class='ocrx_word' id='word_1_585' title='bbox 2501 3472 2594 3542; x_wconf 89' lang='lat' dir='ltr'><strong>qui</strong></span> <span class='ocrx_word' id='word_1_586' title='bbox 2638 3471 2752 3540; x_wconf 92' lang='lat' dir='ltr'><strong>jam</strong></span> <span class='ocrx_word' id='word_1_587' title='bbox 2799 3470 2948 3539; x_wconf 91' lang='lat' dir='ltr'><strong>ipsos</strong></span> <span class='ocrx_word' id='word_1_588' title='bbox 2988 3467 3175 3537; x_wconf 90' lang='lat' dir='ltr'><strong>palatii</strong></span> <span class='ocrx_word' id='word_1_589' title='bbox 3224 3480 3482 3536; x_wconf 89' lang='lat' dir='ltr'><strong>proceres</strong></span> <span class='ocrx_word' id='word_1_590' title='bbox 3514 3466 3570 3519; x_wconf 92' lang='lat' dir='ltr'><strong>in</strong></span> 
     </span>
    </p>
   </div>
   <div class='ocr_carea' id='block_1_77' title="bbox 2000 3556 3581 3628">
    <p class='ocr_par' dir='ltr' id='par_1_77' title="bbox 2000 3556 3581 3628">
     <span class='ocr_line' id='line_1_77' title="bbox 2000 3556 3581 3628; baseline -0.011 -2"><span class='ocrx_word' id='word_1_591' title='bbox 2000 3585 2157 3626; x_wconf 87' lang='lat' dir='ltr'><strong>suam</strong></span> <span class='ocrx_word' id='word_1_592' title='bbox 2200 3567 2527 3624; x_wconf 89' lang='lat' dir='ltr'><strong>sententiam</strong></span> <span class='ocrx_word' id='word_1_593' title='bbox 2564 3569 2865 3617; x_wconf 82' lang='lat' dir='ltr'><strong>traxerant.</strong></span> <span class='ocrx_word' id='word_1_594' title='bbox 2901 3558 3219 3628; x_wconf 90' lang='lat' dir='ltr'><strong>Eorumque</strong></span> <span class='ocrx_word' id='word_1_595' title='bbox 3267 3571 3431 3626; x_wconf 89' lang='lat' dir='ltr'><strong>opera</strong></span> <span class='ocrx_word' id='word_1_596' title='bbox 3485 3556 3581 3610; x_wconf 89' lang='lat' dir='ltr'><strong>be-</strong></span> 
     </span>
    </p>
   </div>
   <div class='ocr_carea' id='block_1_78' title="bbox 2000 3644 3579 3728">
    <p class='ocr_par' dir='ltr' id='par_1_78' title="bbox 2000 3644 3579 3728">
     <span class='ocr_line' id='line_1_78' title="bbox 2000 3644 3579 3728; baseline -0.013 -10"><span class='ocrx_word' id='word_1_597' title='bbox 2000 3660 2364 3717; x_wconf 87' lang='lat' dir='ltr'><strong>nevolentiam</strong></span> <span class='ocrx_word' id='word_1_598' title='bbox 2402 3654 2667 3728; x_wconf 81' lang='lat' dir='ltr'><strong>principis</strong></span> <span class='ocrx_word' id='word_1_599' title='bbox 2714 3652 2817 3708; x_wconf 91' lang='lat' dir='ltr'><strong>sibi</strong></span> <span class='ocrx_word' id='word_1_600' title='bbox 2869 3648 3323 3705; x_wconf 87' lang='lat' dir='ltr'><strong>conciliaverant.</strong></span> <span class='ocrx_word' id='word_1_601' title='bbox 3362 3644 3579 3700; x_wconf 91' lang='lat' dir='ltr'><strong>Etenim</strong></span> 
     </span>
    </p>
   </div>
   <div class='ocr_carea' id='block_1_79' title="bbox 2000 3735 3576 3809">
    <p class='ocr_par' dir='ltr' id='par_1_79' title="bbox 2000 3735 3576 3809">
     <span class='ocr_line' id='line_1_79' title="bbox 2000 3735 3576 3809; baseline -0.01 -7"><span class='ocrx_word' id='word_1_602' title='bbox 2000 3764 2064 3802; x_wconf 80' lang='lat' dir='ltr'><strong>ex</strong></span> <span class='ocrx_word' id='word_1_603' title='bbox 2103 3747 2321 3809; x_wconf 90' lang='lat' dir='ltr'><strong>aulicis,</strong></span> <span class='ocrx_word' id='word_1_604' title='bbox 2357 3754 2418 3798; x_wconf 90' lang='lat' dir='ltr'><strong>ut</strong></span> <span class='ocrx_word' id='word_1_605' title='bbox 2447 3742 2743 3805; x_wconf 85' lang='lat' dir='ltr'><strong>ferebatur,</strong></span> <span class='ocrx_word' id='word_1_606' title='bbox 2777 3738 2870 3792; x_wconf 91' lang='lat' dir='ltr'><strong>alii</strong></span> <span class='ocrx_word' id='word_1_607' title='bbox 2898 3736 3122 3807; x_wconf 88' lang='lat' dir='ltr'><strong>quidem</strong></span> <span class='ocrx_word' id='word_1_608' title='bbox 3157 3735 3405 3804; x_wconf 85' lang='lat' dir='ltr'><strong>ejusdem</strong></span> <span class='ocrx_word' id='word_1_609' title='bbox 3447 3748 3576 3787; x_wconf 90' lang='lat' dir='ltr'><strong>cum</strong></span> 
     </span>
    </p>
   </div>
   <div class='ocr_carea' id='block_1_80' title="bbox 2002 3823 3572 3908">
    <p class='ocr_par' dir='ltr' id='par_1_80' title="bbox 2002 3823 3572 3908">
     <span class='ocr_line' id='line_1_80' title="bbox 2002 3823 3572 3908; baseline -0.009 -18"><span class='ocrx_word' id='word_1_610' title='bbox 2002 3838 2137 3908; x_wconf 88' lang='lat' dir='ltr'><strong>ipsis</strong></span> <span class='ocrx_word' id='word_1_611' title='bbox 2191 3844 2349 3890; x_wconf 87' lang='lat' dir='ltr'><strong>erant</strong></span> <span class='ocrx_word' id='word_1_612' title='bbox 2412 3831 2694 3902; x_wconf 91' lang='lat' dir='ltr'><strong>opinionis</strong></span> <span class='ocrx_word' id='word_1_613' title='bbox 2739 3847 2753 3883; x_wconf 86' lang='lat'><strong>:</strong></span> <span class='ocrx_word' id='word_1_614' title='bbox 2805 3827 2895 3881; x_wconf 88' lang='lat' dir='ltr'><strong>alii</strong></span> <span class='ocrx_word' id='word_1_615' title='bbox 2956 3824 3317 3882; x_wconf 89' lang='lat' dir='ltr'><strong>ecclesiarum</strong></span> <span class='ocrx_word' id='word_1_616' title='bbox 3368 3823 3572 3891; x_wconf 88' lang='lat' dir='ltr'><strong>opibus</strong></span> 
     </span>
    </p>
   </div>
   <div class='ocr_carea' id='block_1_81' title="bbox 2659 3911 3577 3977">
    <p class='ocr_par' dir='ltr' id='par_1_81' title="bbox 2659 3911 3577 3977">
     <span class='ocr_line' id='line_1_81' title="bbox 2659 3911 3577 3977; baseline -0.01 -5"><span class='ocrx_word' id='word_1_617' title='bbox 2659 3917 2754 3972; x_wconf 87' lang='lat' dir='ltr'><strong>alii</strong></span> <span class='ocrx_word' id='word_1_618' title='bbox 2811 3915 3105 3970; x_wconf 83' lang='lat' dir='ltr'><strong>verborum</strong></span> <span class='ocrx_word' id='word_1_619' title='bbox 3157 3911 3465 3977; x_wconf 90' lang='lat' dir='ltr'><strong>blanditiis,</strong></span> <span class='ocrx_word' id='word_1_620' title='bbox 3524 3917 3577 3965; x_wconf 88' lang='lat' dir='ltr'><strong>et</strong></span> 
     </span>
    </p>
   </div>
   <div class='ocr_carea' id='block_1_82' title="bbox 1999 4001 3576 4088">
    <p class='ocr_par' dir='ltr' id='par_1_82' title="bbox 1999 4001 3576 4088">
     <span class='ocr_line' id='line_1_82' title="bbox 1999 4001 3576 4088; baseline -0.011 -16"><span class='ocrx_word' id='word_1_621' title='bbox 1999 4016 2285 4088; x_wconf 70' lang='lat' dir='ltr'><strong>suadentis</strong></span> <span class='ocrx_word' id='word_1_622' title='bbox 2325 4013 2651 4067; x_wconf 83' lang='lat' dir='ltr'><strong>auctoritate</strong></span> <span class='ocrx_word' id='word_1_623' title='bbox 2694 4011 2750 4064; x_wconf 90' lang='lat' dir='ltr'><strong>in</strong></span> <span class='ocrx_word' id='word_1_624' title='bbox 2794 4005 3048 4062; x_wconf 83' lang='lat' dir='ltr'><strong>fraudem</strong></span> <span class='ocrx_word' id='word_1_625' title='bbox 3091 4004 3321 4059; x_wconf 87' lang='lat' dir='ltr'><strong>inducti.</strong></span> <span class='ocrx_word' id='word_1_626' title='bbox 3362 4001 3576 4055; x_wconf 86' lang='lat' dir='ltr'><strong>Etenim</strong></span> 
     </span>
    </p>
   </div>
   <div class='ocr_carea' id='block_1_83' title="bbox 1999 4094 3597 4173">
    <p class='ocr_par' dir='ltr' id='par_1_83' title="bbox 1999 4094 3597 4173">
     <span class='ocr_line' id='line_1_83' title="bbox 1999 4094 3597 4173; baseline -0.012 -9"><span class='ocrx_word' id='word_1_627' title='bbox 1999 4110 2237 4164; x_wconf 83' lang='lat' dir='ltr'><strong>Aeacius</strong></span> <span class='ocrx_word' id='word_1_628' title='bbox 2292 4105 2721 4173; x_wconf 81' lang='lat' dir='ltr'><strong>haudquaquam</strong></span> <span class='ocrx_word' id='word_1_629' title='bbox 2816 4097 3161 4169; x_wconf 84' lang='lat' dir='ltr'><strong>spernendus</strong></span> <span class='ocrx_word' id='word_1_630' title='bbox 3239 4094 3597 4148; x_wconf 45' lang='lat' dir='ltr'><strong>videbatur?</strong></span> 
     </span>
    </p>
   </div>
   <div class='ocr_carea' id='block_1_84' title="bbox 1998 4184 3570 4272">
    <p class='ocr_par' dir='ltr' id='par_1_84' title="bbox 1998 4184 3570 4272">
     <span class='ocr_line' id='line_1_84' title="bbox 1998 4184 3570 4272; baseline -0.013 -17"><span class='ocrx_word' id='word_1_631' title='bbox 1998 4201 2200 4272; x_wconf 82' lang='lat' dir='ltr'><strong>quippe</strong></span> <span class='ocrx_word' id='word_1_632' title='bbox 2232 4199 2326 4268; x_wconf 88' lang='lat' dir='ltr'><strong>qui</strong></span> <span class='ocrx_word' id='word_1_633' title='bbox 2367 4203 2560 4265; x_wconf 86' lang='lat' dir='ltr'><strong>suapte</strong></span> <span class='ocrx_word' id='word_1_634' title='bbox 2603 4204 2800 4247; x_wconf 90' lang='lat' dir='ltr'><strong>natura</strong></span> <span class='ocrx_word' id='word_1_635' title='bbox 2847 4204 2973 4245; x_wconf 90' lang='lat' dir='ltr'><strong>cum</strong></span> <span class='ocrx_word' id='word_1_636' title='bbox 3018 4187 3081 4241; x_wconf 87' lang='lat' dir='ltr'><strong>ad</strong></span> <span class='ocrx_word' id='word_1_637' title='bbox 3131 4184 3570 4255; x_wconf 84' lang='lat' dir='ltr'><strong>intelligendum,</strong></span> 
     </span>
    </p>
   </div>
   <div class='ocr_carea' id='block_1_85' title="bbox 1998 4274 3575 4356">
    <p class='ocr_par' dir='ltr' id='par_1_85' title="bbox 1998 4274 3575 4356">
     <span class='ocr_line' id='line_1_85' title="bbox 1998 4274 3575 4356; baseline -0.013 -9"><span class='ocrx_word' id='word_1_638' title='bbox 1998 4301 2113 4347; x_wconf 86' lang='lat' dir='ltr'><strong>tum</strong></span> <span class='ocrx_word' id='word_1_639' title='bbox 2174 4290 2241 4344; x_wconf 92' lang='lat' dir='ltr'><strong>ad</strong></span> <span class='ocrx_word' id='word_1_640' title='bbox 2298 4285 2630 4356; x_wconf 90' lang='lat' dir='ltr'><strong>loquendum</strong></span> <span class='ocrx_word' id='word_1_641' title='bbox 2699 4286 3024 4352; x_wconf 87' lang='lat' dir='ltr'><strong>promptus,</strong></span> <span class='ocrx_word' id='word_1_642' title='bbox 3084 4285 3139 4332; x_wconf 87' lang='lat' dir='ltr'><strong>et</strong></span> <span class='ocrx_word' id='word_1_643' title='bbox 3200 4274 3269 4329; x_wconf 86' lang='lat' dir='ltr'><strong>ad</strong></span> <span class='ocrx_word' id='word_1_644' title='bbox 3332 4290 3395 4330; x_wconf 88' lang='lat' dir='ltr'><strong>ea</strong></span> <span class='ocrx_word' id='word_1_645' title='bbox 3451 4288 3575 4344; x_wconf 66' lang='lat' dir='ltr'><strong>qua:</strong></span> 
     </span>
    </p>
   </div>
   <div class='ocr_carea' id='block_1_86' title="bbox 2000 4367 3574 4449">
    <p class='ocr_par' dir='ltr' id='par_1_86' title="bbox 2000 4367 3574 4449">
     <span class='ocr_line' id='line_1_86' title="bbox 2000 4367 3574 4449; baseline -0.014 -7"><span class='ocrx_word' id='word_1_646' title='bbox 2000 4387 2319 4441; x_wconf 87' lang='lat' dir='ltr'><strong>decreverat</strong></span> <span class='ocrx_word' id='word_1_647' title='bbox 2379 4375 2712 4449; x_wconf 82' lang='lat' dir='ltr'><strong>perficienda</strong></span> <span class='ocrx_word' id='word_1_648' title='bbox 2772 4387 2983 4443; x_wconf 84' lang='lat' dir='ltr'><strong>gnavus</strong></span> <span class='ocrx_word' id='word_1_649' title='bbox 3036 4378 3201 4440; x_wconf 83' lang='lat' dir='ltr'><strong>atque</strong></span> <span class='ocrx_word' id='word_1_650' title='bbox 3264 4367 3574 4421; x_wconf 86' lang='lat' dir='ltr'><strong>industrius</strong></span> 
     </span>
    </p>
   </div>
   <div class='ocr_carea' id='block_1_87' title="bbox 1995 4457 3573 4539">
    <p class='ocr_par' dir='ltr' id='par_1_87' title="bbox 1995 4457 3573 4539">
     <span class='ocr_line' id='line_1_87' title="bbox 1995 4457 3573 4539; baseline -0.012 -6"><span class='ocrx_word' id='word_1_651' title='bbox 1995 4482 2162 4532; x_wconf 91' lang='lat' dir='ltr'><strong>esset.</strong></span> <span class='ocrx_word' id='word_1_652' title='bbox 2223 4471 2369 4525; x_wconf 89' lang='lat' dir='ltr'><strong>Idem</strong></span> <span class='ocrx_word' id='word_1_653' title='bbox 2432 4474 2696 4539; x_wconf 84' lang='lat' dir='ltr'><strong>praeterea</strong></span> <span class='ocrx_word' id='word_1_654' title='bbox 2754 4463 2949 4518; x_wconf 86' lang='lat' dir='ltr'><strong>illustri</strong></span> <span class='ocrx_word' id='word_1_655' title='bbox 3003 4459 3331 4534; x_wconf 64' lang='lat' dir='ltr'><strong>praesidebat</strong></span> <span class='ocrx_word' id='word_1_656' title='bbox 3380 4457 3573 4514; x_wconf 87' lang='lat' dir='ltr'><strong>Eccle-</strong></span> 
     </span>
    </p>
   </div>
   <div class='ocr_carea' id='block_1_88' title="bbox 1997 4551 3569 4631">
    <p class='ocr_par' dir='ltr' id='par_1_88' title="bbox 1997 4551 3569 4631">
     <span class='ocr_line' id='line_1_88' title="bbox 1997 4551 3569 4631; baseline -0.011 -9"><span class='ocrx_word' id='word_1_657' title='bbox 1997 4569 2113 4631; x_wconf 77' lang='lat' dir='ltr'><strong>siae,</strong></span> <span class='ocrx_word' id='word_1_658' title='bbox 2166 4574 2222 4621; x_wconf 91' lang='lat' dir='ltr'><strong>et</strong></span> <span class='ocrx_word' id='word_1_659' title='bbox 2276 4561 2574 4617; x_wconf 88' lang='lat' dir='ltr'><strong>Eusebium</strong></span> <span class='ocrx_word' id='word_1_660' title='bbox 2638 4556 2933 4627; x_wconf 83' lang='lat' dir='ltr'><strong>Pamphili,</strong></span> <span class='ocrx_word' id='word_1_661' title='bbox 2983 4554 3073 4609; x_wconf 86' lang='lat' dir='ltr'><strong>cui</strong></span> <span class='ocrx_word' id='word_1_662' title='bbox 3136 4553 3190 4607; x_wconf 91' lang='lat' dir='ltr'><strong>in</strong></span> <span class='ocrx_word' id='word_1_663' title='bbox 3251 4551 3569 4622; x_wconf 85' lang='lat' dir='ltr'><strong>episcopatu</strong></span> 
     </span>
    </p>
   </div>
   <div class='ocr_carea' id='block_1_89' title="bbox 1996 4641 3570 4721">
    <p class='ocr_par' dir='ltr' id='par_1_89' title="bbox 1996 4641 3570 4721">
     <span class='ocr_line' id='line_1_89' title="bbox 1996 4641 3570 4721; baseline -0.013 -7"><span class='ocrx_word' id='word_1_664' title='bbox 1996 4662 2366 4716; x_wconf 86' lang='lat' dir='ltr'><strong>successerat,</strong></span> <span class='ocrx_word' id='word_1_665' title='bbox 2395 4650 2718 4721; x_wconf 84' lang='lat' dir='ltr'><strong>magistrum</strong></span> <span class='ocrx_word' id='word_1_666' title='bbox 2747 4662 2806 4701; x_wconf 91' lang='lat' dir='ltr'><strong>se</strong></span> <span class='ocrx_word' id='word_1_667' title='bbox 2832 4643 3089 4699; x_wconf 87' lang='lat' dir='ltr'><strong>habuisse</strong></span> <span class='ocrx_word' id='word_1_668' title='bbox 3120 4641 3481 4709; x_wconf 81' lang='lat' dir='ltr'><strong>gloriabatur,</strong></span> <span class='ocrx_word' id='word_1_669' title='bbox 3516 4648 3570 4696; x_wconf 90' lang='lat' dir='ltr'><strong>et</strong></span> 
     </span>
    </p>
   </div>
   <div class='ocr_carea' id='block_1_90' title="bbox 1999 4732 3567 4821">
    <p class='ocr_par' dir='ltr' id='par_1_90' title="bbox 1999 4732 3567 4821">
     <span class='ocr_line' id='line_1_90' title="bbox 1999 4732 3567 4821; baseline -0.017 -13"><span class='ocrx_word' id='word_1_670' title='bbox 1999 4750 2156 4821; x_wconf 78' lang='lat'><strong>161</strong></span> <span class='ocrx_word' id='word_1_671' title='bbox 2210 4747 2281 4802; x_wconf 92' lang='lat' dir='ltr'><strong>ob</strong></span> <span class='ocrx_word' id='word_1_672' title='bbox 2333 4744 2454 4815; x_wconf 87' lang='lat' dir='ltr'><strong>ejus</strong></span> <span class='ocrx_word' id='word_1_673' title='bbox 2485 4741 2755 4796; x_wconf 90' lang='lat' dir='ltr'><strong>librorum</strong></span> <span class='ocrx_word' id='word_1_674' title='bbox 2804 4736 3005 4790; x_wconf 86' lang='lat' dir='ltr'><strong>famam</strong></span> <span class='ocrx_word' id='word_1_675' title='bbox 3046 4749 3109 4788; x_wconf 88' lang='lat' dir='ltr'><strong>ac</strong></span> <span class='ocrx_word' id='word_1_676' title='bbox 3139 4732 3567 4795; x_wconf 89' lang='lat' dir='ltr'><strong>successionem,</strong></span> 
     </span>
    </p>
   </div>
   <div class='ocr_carea' id='block_1_91' title="bbox 1995 4824 3567 4897">
    <p class='ocr_par' dir='ltr' id='par_1_91' title="bbox 1995 4824 3567 4897">
     <span class='ocr_line' id='line_1_91' title="bbox 1995 4824 3567 4897; baseline -0.013 0"><span class='ocrx_word' id='word_1_677' title='bbox 1995 4842 2206 4897; x_wconf 90' lang='lat' dir='ltr'><strong>doctior</strong></span> <span class='ocrx_word' id='word_1_678' title='bbox 2244 4837 2455 4893; x_wconf 78' lang='lat' dir='ltr'><strong>caeteris</strong></span> <span class='ocrx_word' id='word_1_679' title='bbox 2485 4832 2659 4887; x_wconf 89' lang='lat' dir='ltr'><strong>videri</strong></span> <span class='ocrx_word' id='word_1_680' title='bbox 2712 4828 2948 4884; x_wconf 90' lang='lat' dir='ltr'><strong>volebat.</strong></span> <span class='ocrx_word' id='word_1_681' title='bbox 2985 4825 3048 4878; x_wconf 88' lang='lat' dir='ltr'><strong>Et</strong></span> <span class='ocrx_word' id='word_1_682' title='bbox 3078 4825 3165 4879; x_wconf 89' lang='lat' dir='ltr'><strong>hic</strong></span> <span class='ocrx_word' id='word_1_683' title='bbox 3197 4824 3414 4895; x_wconf 91' lang='lat' dir='ltr'><strong>quidem</strong></span> <span class='ocrx_word' id='word_1_684' title='bbox 3442 4838 3567 4876; x_wconf 88' lang='lat' dir='ltr'><strong>cum</strong></span> 
     </span>
    </p>
   </div>
   <div class='ocr_carea' id='block_1_92' title="bbox 1993 4911 3570 5000">
    <p class='ocr_par' dir='ltr' id='par_1_92' title="bbox 1993 4911 3570 5000">
     <span class='ocr_line' id='line_1_92' title="bbox 1993 4911 3570 5000; baseline -0.015 -10"><span class='ocrx_word' id='word_1_685' title='bbox 1993 4941 2140 4990; x_wconf 86' lang='lat' dir='ltr'><strong>esset</strong></span> <span class='ocrx_word' id='word_1_686' title='bbox 2181 4926 2475 5000; x_wconf 88' lang='lat' dir='ltr'><strong>ejusmodi,</strong></span> <span class='ocrx_word' id='word_1_687' title='bbox 2525 4934 2865 4994; x_wconf 73' lang='lat' dir='ltr'><strong>quaecunque</strong></span> <span class='ocrx_word' id='word_1_688' title='bbox 2919 4917 3191 4986; x_wconf 89' lang='lat' dir='ltr'><strong>cupiebat,</strong></span> <span class='ocrx_word' id='word_1_689' title='bbox 3240 4911 3399 4968; x_wconf 84' lang='lat' dir='ltr'><strong>facile</strong></span> <span class='ocrx_word' id='word_1_690' title='bbox 3448 4927 3570 4982; x_wconf 84' lang='lat' dir='ltr'><strong>per-</strong></span> 
     </span>
    </p>
   </div>
   <div class='ocr_carea' id='block_1_93' title="bbox 1996 5002 3567 5087">
    <p class='ocr_par' dir='ltr' id='par_1_93' title="bbox 1996 5002 3567 5087">
     <span class='ocr_line' id='line_1_93' title="bbox 1996 5002 3567 5087; baseline -0.014 -9"><span class='ocrx_word' id='word_1_691' title='bbox 1996 5024 2146 5080; x_wconf 83' lang='lat' dir='ltr'><strong>fecit.</strong></span> <span class='ocrx_word' id='word_1_692' title='bbox 2212 5021 2347 5077; x_wconf 90' lang='lat' dir='ltr'><strong>Cum</strong></span> <span class='ocrx_word' id='word_1_693' title='bbox 2409 5016 2576 5087; x_wconf 85' lang='lat' dir='ltr'><strong>igitur</strong></span> <span class='ocrx_word' id='word_1_694' title='bbox 2611 5011 2738 5065; x_wconf 87' lang='lat' dir='ltr'><strong>deni</strong></span> <span class='ocrx_word' id='word_1_695' title='bbox 2797 5024 2860 5064; x_wconf 77' lang='lat' dir='ltr'><strong>ex</strong></span> <span class='ocrx_word' id='word_1_696' title='bbox 2895 5014 3126 5075; x_wconf 87' lang='lat' dir='ltr'><strong>utraque</strong></span> <span class='ocrx_word' id='word_1_697' title='bbox 3156 5003 3367 5074; x_wconf 81' lang='lat' dir='ltr'><strong>synodo</strong></span> <span class='ocrx_word' id='word_1_698' title='bbox 3406 5002 3567 5074; x_wconf 84' lang='lat' dir='ltr'><strong>legati</strong></span> 
     </span>
    </p>
   </div>
   <div class='ocr_carea' id='block_1_94' title="bbox 1993 5095 3569 5175">
    <p class='ocr_par' dir='ltr' id='par_1_94' title="bbox 1993 5095 3569 5175">
     <span class='ocr_line' id='line_1_94' title="bbox 1993 5095 3569 5175; baseline -0.014 -3"><span class='ocrx_word' id='word_1_699' title='bbox 1993 5124 2183 5172; x_wconf 90' lang='lat' dir='ltr'><strong>essent</strong></span> <span class='ocrx_word' id='word_1_700' title='bbox 2245 5102 2749 5175; x_wconf 82' lang='lat' dir='ltr'><strong>Constantinopoli,</strong></span> <span class='ocrx_word' id='word_1_701' title='bbox 2810 5114 2919 5154; x_wconf 91' lang='lat' dir='ltr'><strong>una</strong></span> <span class='ocrx_word' id='word_1_702' title='bbox 2961 5112 3086 5152; x_wconf 91' lang='lat' dir='ltr'><strong>cum</strong></span> <span class='ocrx_word' id='word_1_703' title='bbox 3141 5096 3265 5150; x_wconf 89' lang='lat' dir='ltr'><strong>aliis</strong></span> <span class='ocrx_word' id='word_1_704' title='bbox 3293 5095 3569 5166; x_wconf 89' lang='lat' dir='ltr'><strong>episcopis</strong></span> 
     </span>
    </p>
   </div>
   <div class='ocr_carea' id='block_1_95' title="bbox 1472 5227 2376 5295">
    <p class='ocr_par' dir='ltr' id='par_1_95' title="bbox 1472 5227 2376 5295">
     <span class='ocr_line' id='line_1_95' title="bbox 1472 5227 2376 5295; baseline -0.015 0"><span class='ocrx_word' id='word_1_705' title='bbox 1472 5248 1485 5249; x_wconf 50' lang='lat'><strong><em>’</em></strong></span> <span class='ocrx_word' id='word_1_706' title='bbox 1514 5236 1785 5295; x_wconf 78' lang='lat' dir='ltr'><strong>VALESII</strong></span> <span class='ocrx_word' id='word_1_707' title='bbox 1822 5227 2376 5289; x_wconf 79' lang='lat' dir='ltr'><strong>ANNOTATIONES.</strong></span> 
     </span>
    </p>
   </div>
   <div class='ocr_carea' id='block_1_96' title="bbox 377 5305 3568 5415">
    <p class='ocr_par' dir='ltr' id='par_1_96' title="bbox 377 5305 3568 5415">
     <span class='ocr_line' id='line_1_96' title="bbox 377 5305 3568 5415; baseline -0.011 -15"><span class='ocrx_word' id='word_1_708' title='bbox 377 5345 494 5415; x_wconf 66' lang='grc' dir='ltr'>(εει</span> <span class='ocrx_word' id='word_1_709' title='bbox 532 5345 596 5396; x_wconf 92' lang='lat'><strong>&#39;0</strong></span> <span class='ocrx_word' id='word_1_710' title='bbox 622 5342 691 5395; x_wconf 84' lang='grc' dir='ltr'>δὲ</span> <span class='ocrx_word' id='word_1_711' title='bbox 714 5338 926 5410; x_wconf 66' lang='grc' dir='ltr'><strong>φιλῶν.</strong></span> <span class='ocrx_word' id='word_1_712' title='bbox 958 5336 1079 5391; x_wconf 83' lang='grc' dir='ltr'>Νοη</span> <span class='ocrx_word' id='word_1_713' title='bbox 1125 5334 1317 5390; x_wconf 90' lang='lat' dir='ltr'><strong>dubito</strong></span> <span class='ocrx_word' id='word_1_714' title='bbox 1371 5333 1503 5402; x_wconf 88' lang='lat' dir='ltr'><strong>quin</strong></span> <span class='ocrx_word' id='word_1_715' title='bbox 1546 5330 1884 5386; x_wconf 88' lang='lat' dir='ltr'><strong>Sozomenus</strong></span> <span class='ocrx_word' id='word_1_716' title='bbox 1925 5329 1968 5383; x_wconf 87' lang='lat' dir='ltr'><strong>D</strong></span> <span class='ocrx_word' id='word_1_717' title='bbox 2001 5317 2558 5415; x_wconf 48' lang='lat' dir='ltr'><strong>SepternherAponitlI‘r</strong></span> <span class='ocrx_word' id='word_1_718' title='bbox 2593 5313 2648 5367; x_wconf 91' lang='lat' dir='ltr'><strong>in</strong></span> <span class='ocrx_word' id='word_1_719' title='bbox 2679 5325 2745 5367; x_wconf 87' lang='lat' dir='ltr'><strong>eo</strong></span> <span class='ocrx_word' id='word_1_720' title='bbox 2775 5305 3066 5366; x_wconf 61' lang='lat' dir='ltr'><strong>Chronico,</strong></span> <span class='ocrx_word' id='word_1_721' title='bbox 3096 5314 3411 5384; x_wconf 61' lang='grc' dir='ltr'>ρθςικετωῖι,</span> <span class='ocrx_word' id='word_1_722' title='bbox 3446 5312 3568 5380; x_wconf 72' lang='grc' dir='ltr'><strong>ιη(ξο</strong></span> 
     </span>
     <span class='ocr_line' id='line_1_97' title="bbox 654 5374 3567 5415; baseline 0 0"><span class='ocrx_word' id='word_1_723' title='bbox 654 5408 679 5415; x_wconf 81' lang='lat'><strong>-</strong></span> <span class='ocrx_word' id='word_1_724' title='bbox 737 5410 773 5415; x_wconf 83' lang='lat'><strong>_.</strong></span> <span class='ocrx_word' id='word_1_725' title='bbox 886 5409 912 5415; x_wconf 88' lang='lat'><strong>.-</strong></span> <span class='ocrx_word' id='word_1_726' title='bbox 1037 5409 1049 5415; x_wconf 92' lang='lat'><strong>-</strong></span> <span class='ocrx_word' id='word_1_727' title='bbox 1247 5404 1257 5415; x_wconf 89' lang='lat'><strong>.</strong></span> <span class='ocrx_word' id='word_1_728' title='bbox 1394 5405 1438 5415; x_wconf 62' lang='grc' dir='ltr'><strong>μ</strong></span> <span class='ocrx_word' id='word_1_729' title='bbox 1477 5402 1499 5415; x_wconf 88' lang='grc'><strong><em>..</em></strong></span> <span class='ocrx_word' id='word_1_730' title='bbox 1782 5399 1853 5415; x_wconf 71' lang='grc' dir='ltr'><strong>νυ</strong></span> <span class='ocrx_word' id='word_1_731' title='bbox 2003 5396 2214 5415; x_wconf 69' lang='lat'><strong>___:_.-_-</strong></span> <span class='ocrx_word' id='word_1_732' title='bbox 2350 5404 2450 5415; x_wconf 52' lang='lat' dir='ltr'><strong>.n...</strong></span> <span class='ocrx_word' id='word_1_733' title='bbox 2559 5391 2786 5415; x_wconf 61' lang='lat' dir='ltr'><strong>minis-Ini</strong></span> <span class='ocrx_word' id='word_1_734' title='bbox 2815 5394 2877 5415; x_wconf 75' lang='lat' dir='ltr'><strong>av</strong></span> <span class='ocrx_word' id='word_1_735' title='bbox 2912 5379 3015 5415; x_wconf 72' lang='lat' dir='ltr'><strong>lmn</strong></span> <span class='ocrx_word' id='word_1_736' title='bbox 3056 5374 3208 5415; x_wconf 73' lang='grc' dir='ltr'>ΙιΙιιιιι</span> <span class='ocrx_word' id='word_1_737' title='bbox 3249 5379 3567 5415; x_wconf 64' lang='lat' dir='ltr'><strong>testimonio</strong></span> 
     </span>
    </p>
   </div>
   <div class='ocr_carea' id='block_1_97' title="bbox 305 5399 1886 5486">
    <p class='ocr_par' dir='ltr' id='par_1_97' title="bbox 305 5399 1886 5486">
     <span class='ocr_line' id='line_1_98' title="bbox 305 5399 1886 5486; baseline -0.014 -14"><span class='ocrx_word' id='word_1_738' title='bbox 305 5399 691 5486; x_wconf 63' lang='lat' dir='ltr'><strong>scripserit,</strong></span> <span class='ocrx_word' id='word_1_739' title='bbox 714 5399 787 5463; x_wconf 73' lang='grc' dir='ltr'><strong>’δὲ</strong></span> <span class='ocrx_word' id='word_1_740' title='bbox 813 5409 988 5486; x_wconf 65' lang='grc' dir='ltr'><strong>Δφίλον</strong></span> <span class='ocrx_word' id='word_1_741' title='bbox 1027 5409 1155 5486; x_wconf 71' lang='grc' dir='ltr'>ἁκρ.</span> <span class='ocrx_word' id='word_1_742' title='bbox 1205 5404 1267 5486; x_wconf 66' lang='grc' dir='ltr'><strong>τό</strong></span> <span class='ocrx_word' id='word_1_743' title='bbox 1317 5399 1438 5486; x_wconf 78' lang='grc' dir='ltr'>καθ’</span> <span class='ocrx_word' id='word_1_744' title='bbox 1462 5402 1721 5486; x_wconf 36' lang='grc' dir='ltr'>,ἕκαστον</span> <span class='ocrx_word' id='word_1_745' title='bbox 1748 5399 1886 5451; x_wconf 75' lang='grc' dir='ltr'>είδέ·</span> 
     </span>
    </p>
   </div>
   <div class='ocr_carea' id='block_1_98' title="bbox 302 5474 1810 5547">
    <p class='ocr_par' dir='ltr' id='par_1_98' title="bbox 302 5474 1810 5547">
     <span class='ocr_line' id='line_1_99' title="bbox 302 5474 1810 5547; baseline -0.013 -6"><span class='ocrx_word' id='word_1_746' title='bbox 302 5474 442 5547; x_wconf 80' lang='grc' dir='ltr'>ναι,’</span> <span class='ocrx_word' id='word_1_747' title='bbox 469 5493 575 5539; x_wconf 89' lang='lat' dir='ltr'><strong>etc.</strong></span> <span class='ocrx_word' id='word_1_748' title='bbox 604 5474 705 5536; x_wconf 77' lang='lat' dir='ltr'><strong>Sic</strong></span> <span class='ocrx_word' id='word_1_749' title='bbox 739 5474 885 5533; x_wconf 82' lang='lat' dir='ltr'><strong>enim</strong></span> <span class='ocrx_word' id='word_1_750' title='bbox 910 5478 1083 5532; x_wconf 70' lang='lat' dir='ltr'><strong>Graeci</strong></span> <span class='ocrx_word' id='word_1_751' title='bbox 1123 5475 1269 5547; x_wconf 82' lang='lat' dir='ltr'><strong>loqui</strong></span> <span class='ocrx_word' id='word_1_752' title='bbox 1300 5476 1480 5547; x_wconf 75' lang='lat' dir='ltr'><strong>solent</strong></span> <span class='ocrx_word' id='word_1_753' title='bbox 1514 5474 1810 5547; x_wconf 76' lang='lat' dir='ltr'><strong>eleganter.</strong></span> 
     </span>
    </p>
   </div>
   <div class='ocr_carea' id='block_1_99' title="bbox 380 5541 1886 5627">
    <p class='ocr_par' dir='ltr' id='par_1_99' title="bbox 380 5541 1886 5627">
     <span class='ocr_line' id='line_1_100' title="bbox 380 5541 1886 5627; baseline -0.011 -16"><span class='ocrx_word' id='word_1_754' title='bbox 380 5541 493 5627; x_wconf 63' lang='grc' dir='ltr'><strong>(ξ’-6)</strong></span> <span class='ocrx_word' id='word_1_755' title='bbox 541 5551 846 5627; x_wconf 68' lang='grc' dir='ltr'>Ἐξάρχων</span> <span class='ocrx_word' id='word_1_756' title='bbox 862 5551 924 5627; x_wconf 53' lang='lat' dir='ltr'><strong>Hd</strong></span> <span class='ocrx_word' id='word_1_757' title='bbox 964 5541 1407 5627; x_wconf 30' lang='grc' dir='ltr'><strong>ᾮνῳρά-ξρςιπῡο</strong></span> <span class='ocrx_word' id='word_1_758' title='bbox 1446 5543 1555 5627; x_wconf 74' lang='lat' dir='ltr'><strong>_h_Oc</strong></span> <span class='ocrx_word' id='word_1_759' title='bbox 1605 5541 1886 5627; x_wconf 51' lang='lat' dir='ltr'><strong>Il&#39;o&#39;norato</strong></span> 
     </span>
    </p>
   </div>
   <div class='ocr_carea' id='block_1_100' title="bbox 306 5609 1886 5684">
    <p class='ocr_par' dir='ltr' id='par_1_100' title="bbox 306 5609 1886 5684">
     <span class='ocr_line' id='line_1_101' title="bbox 306 5609 1886 5684; baseline -0.014 -1"><span class='ocrx_word' id='word_1_760' title='bbox 306 5609 430 5684; x_wconf 62' lang='lat' dir='ltr'><strong>ista</strong></span> <span class='ocrx_word' id='word_1_761' title='bbox 474 5609 815 5684; x_wconf 56' lang='lat' dir='ltr'><strong>leguntur&#39;in</strong></span> <span class='ocrx_word' id='word_1_762' title='bbox 851 5617 1033 5672; x_wconf 84' lang='lat' dir='ltr'><strong>Fastis</strong></span> <span class='ocrx_word' id='word_1_763' title='bbox 1074 5609 1255 5678; x_wconf 78' lang='lat' dir='ltr'><strong>Idatii,</strong></span> <span class='ocrx_word' id='word_1_764' title='bbox 1298 5613 1539 5684; x_wconf 77' lang='lat' dir='ltr'><strong>Eusebio</strong></span> <span class='ocrx_word' id='word_1_765' title='bbox 1569 5621 1621 5666; x_wconf 92' lang='lat' dir='ltr'><strong>et</strong></span> <span class='ocrx_word' id='word_1_766' title='bbox 1650 5609 1886 5684; x_wconf 69' lang='lat' dir='ltr'><strong>Hypatio</strong></span> 
     </span>
    </p>
   </div>
   <div class='ocr_carea' id='block_1_101' title="bbox 304 5675 2143 5764">
    <p class='ocr_par' dir='ltr' id='par_1_101' title="bbox 304 5675 2143 5764">
     <span class='ocr_line' id='line_1_102' title="bbox 304 5675 2143 5764; baseline -0.013 -12"><span class='ocrx_word' id='word_1_767' title='bbox 304 5675 435 5752; x_wconf 55' lang='lat' dir='ltr'><strong>30&#39;s}</strong></span> <span class='ocrx_word' id='word_1_768' title='bbox 462 5675 639 5764; x_wconf 24' lang='lat' dir='ltr'><strong>:pr};</strong></span> <span class='ocrx_word' id='word_1_769' title='bbox 675 5675 817 5764; x_wconf 70' lang='lat' dir='ltr'><strong>arma</strong></span> <span class='ocrx_word' id='word_1_770' title='bbox 841 5689 1070 5764; x_wconf 46' lang='lat' dir='ltr'><strong>primum</strong></span> <span class='ocrx_word' id='word_1_771' title='bbox 1117 5675 1372 5764; x_wconf 72' lang='lat' dir='ltr'><strong>processit</strong></span> <span class='ocrx_word' id='word_1_772' title='bbox 1424 5675 1887 5764; x_wconf 54' lang='lat' dir='ltr'><strong>Constantinopoli</strong></span> <span class='ocrx_word' id='word_1_773' title='bbox 1988 5675 2143 5764; x_wconf 51' lang='lat' dir='ltr'><strong>ur‘bis</strong></span> 
     </span>
    </p>
   </div>
   <div class='ocr_carea' id='block_1_102' title="bbox 303 5750 1888 5837">
    <p class='ocr_par' dir='ltr' id='par_1_102' title="bbox 303 5750 1888 5837">
     <span class='ocr_line' id='line_1_103' title="bbox 303 5750 1888 5837; baseline -0.013 -15"><span class='ocrx_word' id='word_1_774' title='bbox 303 5750 586 5837; x_wconf 53' lang='lat' dir='ltr'><strong>pricjectu&#39;s</strong></span> <span class='ocrx_word' id='word_1_775' title='bbox 613 5763 731 5837; x_wconf 69' lang='lat' dir='ltr'><strong>urbi</strong></span> <span class='ocrx_word' id='word_1_776' title='bbox 752 5750 1286 5837; x_wconf 66' lang='lat' dir='ltr'><strong>nornineﬂonoratus</strong></span> <span class='ocrx_word' id='word_1_777' title='bbox 1313 5755 1475 5837; x_wconf 47' lang='lat' dir='ltr'><strong>die‘lu</strong></span> <span class='ocrx_word' id='word_1_778' title='bbox 1511 5751 1655 5837; x_wconf 64' lang='lat' dir='ltr'><strong>Idus</strong></span> <span class='ocrx_word' id='word_1_779' title='bbox 1674 5750 1888 5830; x_wconf 59' lang='lat' dir='ltr'><strong>Decem:</strong></span> 
     </span>
    </p>
   </div>
   <div class='ocr_carea' id='block_1_103' title="bbox 305 5819 1884 5901">
    <p class='ocr_par' dir='ltr' id='par_1_103' title="bbox 305 5819 1884 5901">
     <span class='ocr_line' id='line_1_104' title="bbox 305 5819 1884 5901; baseline -0.014 -9"><span class='ocrx_word' id='word_1_780' title='bbox 305 5819 438 5892; x_wconf 55' lang='lat' dir='ltr'><strong>iri-3&#39;.</strong></span> <span class='ocrx_word' id='word_1_781' title='bbox 469 5836 666 5889; x_wconf 83' lang='lat' dir='ltr'><strong>Eadem</strong></span> <span class='ocrx_word' id='word_1_782' title='bbox 685 5833 940 5901; x_wconf 83' lang='lat' dir='ltr'><strong>leguntur</strong></span> <span class='ocrx_word' id='word_1_783' title='bbox 971 5829 1025 5901; x_wconf 81' lang='lat' dir='ltr'><strong>in</strong></span> <span class='ocrx_word' id='word_1_784' title='bbox 1054 5827 1330 5881; x_wconf 89' lang='lat' dir='ltr'><strong>Chronico</strong></span> <span class='ocrx_word' id='word_1_785' title='bbox 1365 5821 1756 5901; x_wconf 59' lang='lat' dir='ltr'><strong>Alexandrino,</strong></span> <span class='ocrx_word' id='word_1_786' title='bbox 1779 5819 1884 5872; x_wconf 90' lang='lat' dir='ltr'><strong>nisi</strong></span> 
     </span>
    </p>
   </div>
   <div class='ocr_carea' id='block_1_104' title="bbox 315 5890 1884 5978">
    <p class='ocr_par' dir='ltr' id='par_1_104' title="bbox 315 5890 1884 5978">
     <span class='ocr_line' id='line_1_105' title="bbox 315 5890 1884 5978; baseline -0.01 -19"><span class='ocrx_word' id='word_1_787' title='bbox 315 5890 453 5978; x_wconf 73' lang='lat' dir='ltr'><strong>quad</strong></span> <span class='ocrx_word' id='word_1_788' title='bbox 468 5890 767 5964; x_wconf 68' lang='lat' dir='ltr'><strong>discrimen</strong></span> <span class='ocrx_word' id='word_1_789' title='bbox 780 5906 863 5955; x_wconf 89' lang='lat' dir='ltr'><strong>est</strong></span> <span class='ocrx_word' id='word_1_790' title='bbox 889 5898 944 5952; x_wconf 90' lang='lat' dir='ltr'><strong>in</strong></span> <span class='ocrx_word' id='word_1_791' title='bbox 963 5898 1050 5954; x_wconf 91' lang='lat' dir='ltr'><strong>die</strong></span> <span class='ocrx_word' id='word_1_792' title='bbox 1085 5915 1097 5951; x_wconf 89' lang='lat'><strong>:</strong></span> <span class='ocrx_word' id='word_1_793' title='bbox 1132 5912 1259 5951; x_wconf 90' lang='lat' dir='ltr'><strong>nam</strong></span> <span class='ocrx_word' id='word_1_794' title='bbox 1284 5909 1379 5965; x_wconf 88' lang='lat' dir='ltr'><strong>pro</strong></span> <span class='ocrx_word' id='word_1_795' title='bbox 1400 5890 1680 5948; x_wconf 84' lang='lat' dir='ltr'><strong>Decembri</strong></span> <span class='ocrx_word' id='word_1_796' title='bbox 1699 5904 1884 5944; x_wconf 85' lang='lat' dir='ltr'><strong>mense</strong></span> 
     </span>
    </p>
   </div>
   <div class='ocr_carea' id='block_1_105' title="bbox 1997 5370 3567 5465">
    <p class='ocr_par' dir='ltr' id='par_1_105' title="bbox 1997 5370 3567 5465">
     <span class='ocr_line' id='line_1_106' title="bbox 1997 5370 3567 5465; baseline -0.018 -16"><span class='ocrx_word' id='word_1_797' title='bbox 1997 5370 2472 5465; x_wconf 49' lang='lat' dir='ltr'><strong>quiiéiiﬁlidic&#39;ig,</strong></span> <span class='ocrx_word' id='word_1_798' title='bbox 2513 5384 2786 5465; x_wconf 64' lang='lat' dir='ltr'><strong>Caeterum</strong></span> <span class='ocrx_word' id='word_1_799' title='bbox 2815 5394 2881 5465; x_wconf 49' lang='lat' dir='ltr'><strong>e&#39;x</strong></span> <span class='ocrx_word' id='word_1_800' title='bbox 2912 5370 3209 5465; x_wconf 59' lang='lat' dir='ltr'><strong>liocnlilatii</strong></span> <span class='ocrx_word' id='word_1_801' title='bbox 3249 5370 3567 5465; x_wconf 45' lang='lat' dir='ltr'><strong>ECSi‘itllwll‘I‘O</strong></span> 
     </span>
    </p>
   </div>
   <div class='ocr_carea' id='block_1_106' title="bbox 1996 5439 3567 5534">
    <p class='ocr_par' dir='ltr' id='par_1_106' title="bbox 1996 5439 3567 5534">
     <span class='ocr_line' id='line_1_107' title="bbox 1996 5439 3567 5534; baseline -0.012 -15"><span class='ocrx_word' id='word_1_802' title='bbox 2315 5439 2625 5525; x_wconf 37' lang='lat' dir='ltr'><strong>rcolligitur</strong></span> <span class='ocrx_word' id='word_1_803' title='bbox 2684 5469 2744 5524; x_wconf 91' lang='lat' dir='ltr'><strong>sy</strong></span> <span class='ocrx_word' id='word_1_804' title='bbox 2753 5450 2893 5505; x_wconf 90' lang='lat' dir='ltr'><strong>nodu</strong></span> <span class='ocrx_word' id='word_1_805' title='bbox 2900 5462 2952 5534; x_wconf 53' lang='lat' dir='ltr'><strong>ﬁt</strong></span> <span class='ocrx_word' id='word_1_806' title='bbox 3004 5439 3567 5534; x_wconf 48' lang='lat' dir='ltr'><strong>Coqslflngttgplgljlg:</strong></span> 
     </span>
    </p>
   </div>
   <div class='ocr_carea' id='block_1_107' title="bbox 1993 5509 3566 5588">
    <p class='ocr_par' dir='ltr' id='par_1_107' title="bbox 1993 5509 3566 5588">
     <span class='ocr_line' id='line_1_108' title="bbox 1993 5509 3566 5588; baseline -0.018 0"><span class='ocrx_word' id='word_1_807' title='bbox 1993 5509 2635 5588; x_wconf 49' lang='lat' dir='ltr'><strong>namreel—ebratamuesse</strong></span> <span class='ocrx_word' id='word_1_808' title='bbox 2668 5509 2858 5578; x_wconf 69' lang='lat' dir='ltr'><strong>mense</strong></span> <span class='ocrx_word' id='word_1_809' title='bbox 2900 5513 3209 5588; x_wconf 79' lang='lat' dir='ltr'><strong>Decembri,</strong></span> <span class='ocrx_word' id='word_1_810' title='bbox 3244 5509 3490 5588; x_wconf 75' lang='lat' dir='ltr'><strong>Eusebio</strong></span> <span class='ocrx_word' id='word_1_811' title='bbox 3512 5514 3566 5560; x_wconf 90' lang='lat' dir='ltr'><strong>et</strong></span> 
     </span>
    </p>
   </div>
   <div class='ocr_carea' id='block_1_108' title="bbox 1992 5577 3566 5675">
    <p class='ocr_par' dir='ltr' id='par_1_108' title="bbox 1992 5577 3566 5675">
     <span class='ocr_line' id='line_1_109' title="bbox 1992 5577 3566 5675; baseline -0.012 -20"><span class='ocrx_word' id='word_1_812' title='bbox 1992 5577 2633 5675; x_wconf 37' lang='lat' dir='ltr'><strong>iiS-B&#39;aiijfébﬁ&#39;s&#39;liiiiiiis;</strong></span> <span class='ocrx_word' id='word_1_813' title='bbox 2655 5593 2869 5673; x_wconf 79' lang='lat' dir='ltr'><strong>Etenim</strong></span> <span class='ocrx_word' id='word_1_814' title='bbox 2905 5577 3566 5675; x_wconf 39' lang='lat' dir='ltr'><strong>Honoratus.“91333319?</strong></span> 
     </span>
    </p>
   </div>
   <div class='ocr_carea' id='block_1_109' title="bbox 2165 5656 3567 5735">
    <p class='ocr_par' dir='ltr' id='par_1_109' title="bbox 2165 5656 3567 5735">
     <span class='ocr_line' id='line_1_110' title="bbox 2165 5656 3567 5735; baseline -0.023 -8"><span class='ocrx_word' id='word_1_815' title='bbox 2165 5656 2801 5735; x_wconf 77' lang='lat' dir='ltr'><strong>Constantinopolitanae,</strong></span> <span class='ocrx_word' id='word_1_816' title='bbox 2818 5661 2978 5735; x_wconf 66' lang='lat' dir='ltr'><strong>jussu</strong></span> <span class='ocrx_word' id='word_1_817' title='bbox 3009 5656 3423 5735; x_wconf 46' lang='lat' dir='ltr'><strong>imperalqr‘isei</strong></span> <span class='ocrx_word' id='word_1_818' title='bbox 3443 5659 3567 5735; x_wconf 64' lang='lat' dir='ltr'><strong>syn-</strong></span> 
     </span>
    </p>
   </div>
   <div class='ocr_carea' id='block_1_110' title="bbox 1992 5713 3565 5812">
    <p class='ocr_par' dir='ltr' id='par_1_110' title="bbox 1992 5713 3565 5812">
     <span class='ocr_line' id='line_1_111' title="bbox 1992 5713 3565 5812; baseline -0.022 -13"><span class='ocrx_word' id='word_1_819' title='bbox 1992 5713 2560 5812; x_wconf 62' lang='grc' dir='ltr'><strong>ἓὲιῖ⁰ιῖιηέὲὲ”ἑᾶἱὶ’,“ιῖἴ</strong></span> <span class='ocrx_word' id='word_1_820' title='bbox 2585 5713 3232 5812; x_wconf 46' lang='grc' dir='ltr'><strong>ιιιειιῖᾦιίὃοῑιιιιιιθὶιιι-εῖ³</strong></span> 
     </span>
    </p>
   </div>
   <div class='ocr_carea' id='block_1_111' title="bbox 1993 5780 3564 5881">
    <p class='ocr_par' dir='ltr' id='par_1_111' title="bbox 1993 5780 3564 5881">
     <span class='ocr_line' id='line_1_112' title="bbox 1993 5780 3564 5881; baseline -0.021 -13"><span class='ocrx_word' id='word_1_821' title='bbox 2587 5780 2960 5860; x_wconf 66' lang='grc' dir='ltr'><strong>ἰιί·”ιὶἰ”ᾶι’ίιέχ</strong></span> <span class='ocrx_word' id='word_1_822' title='bbox 2988 5795 3075 5849; x_wconf 90' lang='lat' dir='ltr'><strong>die</strong></span> <span class='ocrx_word' id='word_1_823' title='bbox 3110 5788 3274 5846; x_wconf 92' lang='lat' dir='ltr'><strong>tertio</strong></span> <span class='ocrx_word' id='word_1_824' title='bbox 3295 5780 3422 5839; x_wconf 79' lang='lat' dir='ltr'><strong>Idus</strong></span> <span class='ocrx_word' id='word_1_825' title='bbox 3458 5780 3564 5836; x_wconf 80' lang='lat' dir='ltr'><strong>De-</strong></span> 
     </span>
    </p>
   </div>
   <div class='ocr_carea' id='block_1_112' title="bbox 1992 5883 2252 5939">
    <p class='ocr_par' dir='ltr' id='par_1_112' title="bbox 1992 5883 2252 5939">
     <span class='ocr_line' id='line_1_113' title="bbox 1992 5883 2252 5939; baseline -0.019 0"><span class='ocrx_word' id='word_1_826' title='bbox 1992 5883 2252 5939; x_wconf 86' lang='lat' dir='ltr'><strong>cembris.</strong></span> 
     </span>
    </p>
   </div>
  </div>
