4056 6326
602 440 744 498 1ἱ87

2020 443 2373 503 SOZOMEM

3626 445 3744 524 una

598 556 692 621 qui
727 563 839 607 tum
868 552 1002 608 forte
1029 552 1083 608 in
1105 554 1292 610 eadem
1333 558 1467 612 urbe
1492 559 1857 635 versabantur
1886 578 1897 614 :
1934 561 2161 631 primum

2274 562 2411 632 πρὸς
2436 560 2588 615 δύσιν
2630 562 2940 634 ἀρχομένης
2967 562 3299 630 ἐπανελθὼν,
3340 566 3535 637 πρῶτον
3570 569 3760 645 ὕπαρχον

594 645 817 714 quidem
876 643 944 699 de
982 647 1284 714 quaestione
1314 646 1456 702 Aetii
1481 649 1749 717 judicium
1784 649 1925 704 ferre
1950 651 2174 718 jubetur

598 737 942 801 Honoratus,
999 739 1371 795 assidentibus
1435 741 1697 796 senatorii
1734 742 1947 798 ordinis
1986 742 2119 797 viris
2157 760 2169 795 :

595 844 758 899 quem
792 830 1011 899 quidem
1043 829 1347 901 imperator
1375 833 1540 903 paulo
1569 840 1728 889 antea
1759 834 1828 889 ab
1859 833 2173 890 Occidentis

593 921 844 991 partibus
900 935 1191 985 reversus,
1256 922 1493 992 primum
1555 924 1800 979 omnium
1854 924 2171 994 praefectum

594 1012 749 1067 urbis
807 1012 1424 1083 Constantinopolitanae
1471 1023 1776 1070 creaverat.
1814 1014 2011 1071 Postea
2037 1030 2166 1071 vero

594 1119 718 1157 cum
767 1103 1126 1160 Constantius
1174 1106 1406 1175 ipsemet
1460 1122 1567 1161 una
1601 1123 1725 1162 cum
1759 1109 2171 1178 magistratibus

592 1195 839 1250 eamdem
902 1210 1127 1250 causam
1189 1199 1598 1264 examinassct,
1652 1200 2029 1269 deprehensus
2086 1205 2170 1254 est

594 1285 784 1340 Aetius
839 1286 978 1340 male
1028 1286 1234 1342 sentire
1259 1287 1325 1342 de
1358 1288 1462 1342 fide
1491 1308 1504 1343 :
1548 1289 1684 1343 adeo
1713 1299 1770 1344 ut
1792 1296 1909 1344 tum
1942 1290 2174 1359 impera-

595 1382 682 1429 tor
734 1376 871 1446 ipse,
909 1384 1025 1431 tum
1072 1378 1293 1448 reliqui,
1338 1379 1520 1450 impiis
1549 1380 1671 1449 ejus
1707 1382 2054 1437 sermonibus
2087 1380 2173 1437 of-

595 1464 966 1521 fenderentur.
1011 1468 1178 1522 Aiunt
1235 1484 1402 1539 porro
1447 1470 1772 1537 Acacianos,
1833 1488 1961 1526 cum
2013 1473 2172 1527 initio

597 1557 925 1613 simularent
972 1576 1031 1616 se
1085 1561 1403 1631 hujusmodi
1458 1564 1665 1621 erroris
1706 1565 1924 1635 penitus
1953 1566 2173 1637 ignaros

593 1663 738 1715 esse,
791 1650 859 1703 dc
918 1651 1188 1707 industria
1235 1668 1459 1722 operam
1508 1653 1728 1710 dedisse
1773 1665 1833 1709 ut
1867 1657 2169 1727 imperator

595 1753 722 1795 eum
767 1740 1031 1808 proximis
1083 1741 1152 1795 de
1214 1742 1343 1797 hoc“
1371 1745 1590 1814 negotio
1632 1745 1923 1815 judicaret.
1959 1749 2173 1820 Quippe

595 1828 810 1882 Aetium
850 1829 1029 1883 verbis
1069 1830 1547 1903 inexpugnabilem
1601 1834 1718 1891 fore
1757 1838 2164 1906 existimabant,

2276 653 2899 716 Κωνσταντινουπόλεως
2928 654 3207 725 ἀπέφηνεν
3225 670 3240 685 ο
3281 653 3488 728 ὕστερον
3519 659 3569 713 δὲ
3592 664 3669 716 καὶ
3692 667 3764 719 αὒ-

2273 742 2369 795 τοῦ
2405 744 2789 797 Κωνσταντίου
2838 744 2935 797 σὺν
2960 747 3074 807 τοῖς
3104 745 3331 817 ἄρχουσι
3374 747 3656 819 διαγνόντας,
3680 774 3764 824 ea).

2275 837 2438 905 ρᾶται
2479 835 2691 897 Ἀέτιοςν
2721 836 2986 900 κακόνους
3018 834 3093 891 ὢν
3129 840 3257 909 περὶ
3286 838 3380 911 τὴν
3407 840 3584 902 πίστιν.
3615 845 3675 911 ὡς
3697 850 3765 903 καὶ

2273 927 2365 981 τὸν
2396 927 2619 997 βασιλέα
2645 929 2738 982 καὶ
2767 931 2892 993 τοὺς
2920 928 3131 994 ἀλλους,
3157 930 3233 994 ὡς
3254 931 3346 985 ἐπὶ
3377 932 3668 1006 βλασφήμοις
3692 943 3766 994 αό-

2273 1017 2368 1070 τοῦ
2406 1018 2585 1086 λόγοις
2622 1020 2948 1091 χαλεπῆναι.
2992 1022 3225 1090 Λέγεται
3270 1022 3326 1075 δὲ
3373 1025 3477 1088 τοῖς
3507 1028 3615 1097 περὶ
3648 1032 3769 1084 Ἀκά-

2274 1125 2391 1161 κιον
2441 1108 2586 1180 (27),
2644 1100 2867 1180 ἄγνοιαν
2936 1113 3332 1183 σκηπτομένοις
3390 1114 3480 1187 τὴν
3515 1117 3660 1189 ἀρχὴν
3695 1123 3770 1190 τῆς

2273 1199 2527 1272 τοιαύτης
2561 1203 2846 1273 αἱρέσεως,
2887 1203 3141 1275 ἐπίτηδες
3176 1206 3465 1271 σπουδάσαι
3492 1208 3571 1262 τὸν
3601 1211 3772 1280 βασιλέα

2273 1290 2368 1342 καὶ
2404 1292 2531 1357 τοὺς
2559 1292 2695 1361 ἀμφ’
2724 1293 2888 1346 αὐτὸν
2909 1293 3152 1359 δικάσαι,
3178 1294 3581 1368 ἀκαταμάχητον
3605 1300 3770 1358 ἔσεσθαι

2272 1378 2388 1439 τοῖς
2431 1377 2609 1446 λόγοις
2647 1378 2739 1433 τὸν
2798 1381 3003 1434 Ἀέτιον
3042 1381 3327 1451 οἰηθέντας
3370 1383 3497 1456 (28),
3529 1387 3611 1440 mi
3635 1389 3773 1444 ἱκανὸν

2273 1468 2495 1533 πειθοῦς
2542 1471 2754 1543 ἀνάγκη
2805 1474 2931 1537 τοὺς
2981 1473 3279 1537 ἀκούοντας
3320 1476 3471 1542 ἑλεῖν,
3516 1478 3599 1531 καὶ
3631 1480 3775 1534 ἀκοντὶ

2229 1561 2252 1585 ⁹
2273 1559 2539 1630 κρατῦναι
2580 1561 2677 1632 τὴν
2703 1563 2933 1634 αἵρεσιν.
2981 1564 3135 1618 Ἐπεὶ
3170 1565 3228 1618 δὲ
3263 1567 3417 1620 τοῦτο
3452 1569 3567 1639 παρ’
3603 1569 3773 1635 ἐλπίδας

2272 1652 2455 1714 αὐτοῖς
2481 1651 2681 1724 ἀπέϐη,
2733 1653 3066 1725 προκομίσαι
3119 1654 3217 1725 τὴν
3248 1653 3309 1720 ἐξ
3358 1656 3621 1729 Ἀριμήνου
3655 1651 3790 1731 κομιέ

2274 1744 2493 1799 σθεῖσαν
2518 1746 2759 1815 γραφὴν,
2804 1747 2901 1799 καὶ
2931 1747 3062 1811 τοὺς
3101 1748 3533 1819 ἀπεσταλμένους
3555 1750 3682 1821 παρὰ
3702 1753 3777 1821 τῆς

2277 1837 2334 1889 ὲν
2357 1836 2649 1909 Σελευκείᾳ
2681 1839 2898 1892 συνόδου
2930 1838 3160 1903 ἀξιῶσαι
3195 1839 3401 1911 ταύτην
3431 1841 3777 1906 καταδέξασθαι.

590 1928 648 1972 et
681 1919 936 1972 idoneum
972 1923 1061 1990 qui
1094 1923 1459 1992 persuadendi
1490 1925 1541 1979 vi
1585 1928 1861 1984 auditores
1908 1932 2161 1999 percelle-

2286 1926 2750 1999 Ἰσχυριζομένους
2789 1929 2847 1983 δὲ
2894 1930 3161 2002 μηδαμῶς
3210 1931 3272 1987 τὸ
3322 1932 3419 2003 τῆς
3449 1932 3615 1997 οὐσίας
3649 1932 3777 2003 ὄνομα

594 2016 698 2071 ret,
733 2016 785 2063 et
828 2010 1077 2065 haeresim
1113 2028 1266 2067 suam
1306 2015 1495 2071 invitis
1517 2017 1850 2074 adversariis
1881 2021 2169 2078 stabiliret.

590 2096 799 2153 Verum
833 2101 921 2155 ubi
951 2117 1038 2158 res
1091 2118 1281 2158 contra
1312 2122 1475 2176 quam
1508 2118 1863 2178 speraverant
1896 2113 2008 2168 illis
2049 2128 2175 2168 suc-

493 2248 499 2257 ,
593 2191 883 2258 cessisset,
917 2200 1032 2248 tum
1085 2210 1216 2251 vero
1244 2196 1539 2253 formulam
1572 2216 1693 2270 quae
1719 2203 1970 2258 Arimino
2007 2205 2173 2260 allata

597 2280 778 2338 fuerat
822 2294 1247 2354 proposuerunt,
1302 2299 1471 2360 utque
1526 2292 1691 2362 legati
1748 2308 1779 2348 a
1833 2293 2173 2353 Seleuciensi

597 2374 838 2430 concilio
865 2376 1021 2432 missi
1060 2392 1179 2433 eam
1212 2381 1581 2452 susciperent,
1604 2385 1975 2453 postularunt.
2004 2388 2171 2444 Cum-

594 2482 703 2535 que
747 2466 837 2522 isti
870 2476 1191 2525 constanter
1219 2477 1604 2529 asseverare‘nt
1642 2476 1967 2532 substantiae
2008 2494 2172 2534 voca-

591 2555 778 2610 bulum
832 2572 1113 2627 nunquam
1162 2574 1223 2615 se
1268 2561 1659 2631 repudiaturos
1699 2564 1962 2621 Acaciani
2001 2567 2169 2623 inter-

592 2647 773 2715 posito
789 2648 1157 2718 jurejurando
1182 2653 1262 2707 eis
1287 2663 1684 2722 persuaserunt
1721 2670 1782 2712 se
1820 2672 2167 2729 nequaquam

591 2735 914 2793 dissimilem
945 2741 1256 2796 substantia
1281 2741 1476 2798 Filium
1510 2759 1759 2802 asserere
1788 2790 1803 2815 ,
1841 2760 2169 2820 paratosque

585 2842 712 2883 esse
766 2844 886 2883 eam
932 2830 1183 2887 haaresim
1231 2835 1623 2893 condemnare.
1678 2836 1879 2894 Verum
1905 2842 2167 2910 quoniam

584 2915 963 2977 Occidentales
1026 2924 1170 2993 apud
1227 2924 1533 2984 Ariminum
1594 2946 1791 2986 nomen
1846 2934 2168 2991 substantia:

583 3012 1006 3081 expunxissent,
1059 3016 1503 3086 acceptissimam
1540 3021 1648 3075 sibi
1700 3037 1819 3078 esse
1849 3024 2163 3095 hujusmodi

583 3100 880 3158 formulam
920 3105 1293 3163 affirmabant.
1324 3109 1485 3177 Nam,
1534 3119 1597 3167 ut
1649 3113 1893 3183 aiebant,
1942 3119 1989 3173 si
2047 3119 2163 3176 bzec

584 3194 965 3263 prmvaluerit,
1023 3212 1151 3252 eum
1191 3200 1412 3257 nomine
1460 3203 1784 3262 substantia:
1829 3209 2158 3265 vocabulum

579 3285 746 3340 etiam
802 3288 1286 3347 consubstantialis
1333 3294 1497 3349 simul
1543 3296 1853 3354 involvetur
1903 3300 2161 3368 silentio;

581 3373 729 3441 quod
771 3382 949 3431 tamen
979 3377 1349 3438 occidentales
1388 3383 1662 3442 antistites
1703 3387 1775 3442 ob
1802 3392 2163 3447 reverentiam

579 3462 812 3520 Nicaenas
848 3469 1041 3538 synodi
1076 3470 1294 3540 plurimi
1340 3473 1634 3530 faciebant.
1690 3478 1998 3545 Quinetiam
2061 3483 2165 3537 im-

581 3564 802 3623 perator
839 3559 957 3626 ipse
1011 3561 1079 3615 ad
1127 3575 1249 3616 eam
1290 3562 1578 3621 formulam
1613 3571 2020 3641 approbandam
2073 3574 2161 3629 in-

578 3644 779 3700 ductus
805 3657 931 3714 est;
967 3663 1092 3704 cum
1143 3653 1286 3722 apud
1323 3669 1384 3711 se
1419 3650 1702 3727 reputaret
1747 3662 2152 3721 multitudinem

579 3750 767 3791 eorum
812 3740 905 3806 qui
975 3740 1206 3796 Arimini
1254 3758 1627 3805 convenerant
1670 3770 1684 3807 :
1744 3761 1800 3811 et
1844 3757 1989 3826 quod
2053 3777 2157 3817 nc-

577 3839 846 3894 quaquam
877 3828 1212 3887 aberraverit
1243 3833 1289 3890 is
1320 3837 1415 3906 qui
1438 3838 1673 3896 similem
1705 3845 2032 3903 conﬁteatur
2061 3859 2156 3906 aut

575 3918 1134 3979 consubstantialem:
1179 3940 1280 3982 nec
1320 3929 1489 3985 ullum
1543 3933 1689 4003 apud
1745 3951 1805 3992 se
1856 3939 2158 3999 discrimen

574 4010 648 4062 sit
712 4011 888 4078 quoad
939 4027 1207 4084 sensum,
1270 4017 1318 4074 si
1377 4020 1504 4090 quis
1561 4024 1877 4084 nominibus
1936 4032 2156 4101 quidem

573 4098 774 4169 ignotis
795 4117 964 4160 sacrae
995 4107 1291 4178 Scriptura;
1314 4110 1540 4170 minime
1570 4124 1759 4172 utatur
1784 4138 1796 4174 :
1825 4098 2157 4192 aequi—valen-

574 4198 626 4244 te
654 4200 834 4247 autem
855 4198 1121 4255 vocabulo
1148 4210 1197 4257 et
1216 4210 1368 4258 extra
1390 4209 1820 4266 controversiam
1849 4214 2046 4283 posito,
2073 4217 2153 4274 si-

2275 2019 2734 2090 παραλιμπάνειν,
2760 2021 2943 2090 ὅρκοις
2972 2023 3176 2084 πεῖσαι,
3206 2022 3284 2085 ὼς
3308 2023 3409 2076 οὐκ
3444 2023 3665 2093 ἀνόμοιρν
3689 2026 3779 2076 κατ’

2272 2112 2460 2165 οὐσίαν
2491 2112 2587 2165 τὸν
2606 2111 2734 2166 Υίὸν
2756 2111 3090 2180 δοξάζουσιν,
3120 2114 3353 2183 ἑτοίμως
3370 2130 3427 2167 τε
3446 2114 3609 2186 ἔχουσι
3623 2115 3780 2184 ταύτην

2272 2206 2677 2276 ἀποκηρύττειν
2703 2206 2801 2277 τὴν
2829 2206 3063 2276 αἵρεσιν.
3113 2207 3253 2260 Ἀλλ’
3281 2209 3408 2261 ἐπεὶ
3447 2207 3720 2278 παραδόξοις
3747 2209 3783 2263 οι

2275 2295 2478 2350 δυτικοὶ
2503 2295 2566 2349 τδ
2595 2299 2695 2368 τῆς
2717 2297 2903 2361 οὐσίας
2929 2297 3101 2368 ὄνομα
3124 2298 3425 2371 παρέλιπον
3454 2300 3507 2351 ὲν
3543 2299 3782 2370 Ἀριμήνῳ,

2271 2388 2735 2458 περισπούδαστον
2767 2389 2949 2454 αὐτοῖς
2981 2386 3122 2444 εἶναι
3157 2378 3492 2462 ίσῂυρίζοντο
3519 2390 3609 2461 τὴν
3643 2389 3785 2443 τοιαύ-

2269 2492 2369 2546 την
2406 2480 2643 2551 γραφήν.
2674 2480 2734 2533 Εἰ
2776 2480 2907 2552 γὰρ,
2951 2482 3108 2553 φησὶ,
3155 2483 3445 2554 κρατήσοι,
3480 2482 3670 2543 πάντως
3704 2496 3782 2531 που

2269 2569 2347 2640 τῷ
2379 2568 2480 2639 τῆς
2503 2571 2692 2635 οὐσίας
2720 2571 2944 2643 ὀνόματι
2992 2575 3508 2647 συσσιωπηθήσεται
3531 2573 3616 2628 καὶ
3641 2573 3692 2625 τὸ
3714 2570 3786 2624 τοῦ

2268 2661 2574 2731 ὁμοουσίςυ,
2605 2662 2634 2715 ὃ
2658 2662 2720 2733 δὴ
2755 2662 2991 2733 μάλιστα
3016 2665 3064 2717 οἱ
3091 2664 3192 2720 ἀνὰ
3220 2664 3323 2736 τὴν
3341 2665 3489 2719 δύσιν
3521 2666 3663 2735 ἱερεῖς
3683 2662 3786 2716 αἰδοῖ

2267 2754 2366 2823 τῆς
2397 2755 2454 2806 ὲν
2485 2754 2688 2825 Νικαίᾳ
2719 2755 2936 2809 συνόδου
2980 2756 3110 2826 περὶ
3147 2756 3349 2810 πολλοῦ
3380 2755 3656 2810 ἐποιοῦντο.
3676 2752 3788 2823 Πρὺς

2264 2845 2476 2909 τούτοις
2519 2847 2597 2908 δὲ,
2644 2849 2740 2901 καὶ
2787 2848 2950 2912 αὐτὸς
2988 2850 3017 2902 ὁ
3059 2848 3316 2920 βασιλεὺς
3367 2847 3604 2919 ἐπείσθητ
3628 2845 3787 2915 ταύτην

2267 2938 2509 2990 ἐπαινεῖν
2540 2937 2639 3007 τὴν
2671 2939 2889 3010 γραφήν
2923 2955 2939 2970 ο
2974 2938 3328 3009 λογιζόμενος
3360 2939 3421 2993 τὸ
3455 2937 3557 2992 τῶν
3586 2940 3636 2991 ὲν
3673 2937 3788 3006 Ἀρι-

2268 3030 2425 3100 μήνῳ
2467 3027 2830 3083 συνελθόντων
2869 3028 3073 3100 πλῆθος
3095 3046 3110 3061 °
3141 3031 3237 3085 καὶ
3267 3031 3349 3095 ὡς
3383 3031 3498 3109 οὐκ.
3517 3029 3578 3085 ἂν
3605 3028 3788 3100 ἁμάρτοι

2264 3118 2448 3188 ὅμοιον
2475 3117 2758 3189 ὁμολογεῖν
2782 3121 2876 3173 καὶ
2904 3120 3188 3192 όμοούσιον
3217 3123 3335 3195 (29)
3351 3138 3363 3150 '
3393 3123 3485 3178 καὶ
3504 3121 3653 3193 μηδὲν
3676 3116 3789 3188 αύτῷ

2188 3241 2232 3299 C
2264 3210 2542 3282 διαφέρειν
2589 3211 2710 3265 κατ’
2756 3211 2985 3276 ἔννοιαν,
3030 3214 3079 3266 εἰ
3122 3213 3389 3285 ὀνόμασιν
3437 3213 3707 3282 ἀγνώστοις
3739 3211 3787 3279 τῇ

2266 3300 2385 3370 ἱερᾷ
2414 3300 2604 3372 Γραφῇ
2638 3300 2712 3373 μὴ
2737 3300 2938 3373 χρῷτο,
2965 3303 3023 3356 ὲν
3060 3302 3369 3376 ῑσοδυνάμῳ
3399 3320 3458 3358 τε
3481 3304 3570 3358 καὶ
3587 3303 3789 3371 ἀναμφη·

2266 3390 2433 3461 ρίστῳ
2452 3390 2680 3461 ὀνόματι
2706 3392 2768 3444 τὸ
2794 3392 3000 3463 ὅμοιον,
3032 3392 3131 3463 τὴν
3164 3394 3338 3466 αὐτὴν
3360 3392 3622 3464 σημασίαν
3644 3389 3792 3460 ὁμολο-

2259 3480 2405 3552 γοίη.
2455 3479 2645 3545 Οὕτως
2692 3476 2786 3535 οὖν
2820 3480 2957 3552 ἔχων
2996 3481 3258 3557 γνῴμης,
3311 3484 3553 3556 ὁμονοεῖν
3586 3480 3790 3535 ἐκέλευσε

2257 3571 2383 3634 τοὺς
2428 3570 2763 3635 ἐπισκόπους
2816 3571 2946 3644 περὶ
2994 3572 3092 3643 τὴν
3135 3573 3454 3628 ὲκτεθεῖσαν
3487 3572 3586 3627 ὑπὸ
3624 3569 3718 3625 τῶν
3749 3568 3794 3620 ἐν

2275 3664 2554 3737 Ἀριμήνῳ
2577 3664 2958 3720 συνελθόντων.
3006 3665 3467 3738 Ἐτοιμαζόμενός
3508 3683 3564 3719 τε
3590 3666 3648 3735 τῇ
3673 3663 3791 3716 ὑστε-

2265 3757 2393 3829 ραίᾳ
2425 3758 2563 3828 πρὸς
2607 3757 2877 3829 ὑπατικὴν
2914 3760 3160 3830 πομπὴν,
3194 3760 3343 3814 καθά
3385 3759 3665 3830 Ῥωμαίοις
3700 3753 3793 3814 ἔθος

2262 3848 2321 3903 ὲν
2342 3851 2406 3921 τῇ
2443 3850 2711 3921 νουμηνίᾳ
2742 3849 2837 3903 τοῦ
2861 3849 2990 3921 παρ’
3023 3850 3205 3914 αὐτοῖς
3251 3850 3605 3922 Ἰαννουαρίου
3640 3843 3789 3918 μηνὸς.

2257 3943 2437 3996 πᾶσαν
2461 3941 2560 4012 τὴν
2589 3942 2804 4013 ἡμέραν
2829 3943 2924 3996 καὶ
2962 3943 3097 3997 πολὺ
3127 3944 3226 4013 τῆς
3251 3942 3621 4013 ἐπιλαϐούσης
3638 3937 3792 3998 νυκτὸς

2257 4032 2528 4089 ἀναλῶσαι
2556 4033 2759 4105 μεταξὺ
2781 4034 2890 4088 τῶν
2909 4035 3244 4102 ἐπισκόπων,
3265 4034 3636 4104 διαγινώσκων
3654 4028 3791 4083 εἰσότε

2252 4124 2316 4196 δὴ
2346 4128 2413 4197 τῇ
2442 4125 2854 4199 διακομισθείσῃ
2894 4125 2955 4192 ἐξ
3000 4128 3301 4200 ’Δριμήνου
3331 4129 3521 4202 γραφῇ
3567 4124 3659 4179 καὶ
3677 4122 3720 4175 oi
3744 4120 3792 4172 ἐκ

2257 4218 2576 4283 Σελευκείας
2615 4218 2906 4291 ἀφιγμένοι
2934 4219 3281 4293 ὑπέγραψαν.

571 4281 689 4335 mili
728 4284 1000 4354 videlicet,
1065 4293 1311 4350 eamdem
1371 4302 1700 4359 sententiam
1739 4281 2084 4367 confiteatur.
2127 4312 2264 4368 Cum
2315 4310 2486 4383 igitur
2535 4281 2836 4384 imperator
2874 4315 3060 4370 animo
3082 4281 3201 4371 'suo
3247 4316 3332 4372 ita
3397 4316 3648 4380 sentiret,
3684 4322 3791 4381 ιιι-ε’

570 4377 715 4479 cepit
755 4376 1049 4479 Iepiscopis
1111 4390 1171 4436 ut
1232 4385 1289 4440 in
1324 4388 1484 4446 fidem
1515 4393 1585 4448 ab
1612 4394 1951 4456 Ariminensi
1984 4404 2147 4475 168
2183 4376 2422 4461 concilio
2451 4376 2759 4477 expositam
2788 4407 3191 4462 consentirent.
3249 4405 3509 4479 Cumque
3569 4399 3789 4476 postridie

570 4459 640 4513 ad
689 4461 988 4521 solemnem
1031 4472 1356 4531 consulatus
1418 4494 1672 4550 pompam
1735 4499 1796 4542 se
1863 4459 2146 4561 para-rei:
2175 4494 2338 4551 sicuti
2393 4459 2565 4553 moris
2612 4505 2698 4553 est
2741 4497 2883 4568 apud
2930 4497 3209 4555 Romanos
3256 4498 3533 4554 Kalendis
3562 4488 3788 4555 Januarii,

569 4561 742 4610 totum
796 4557 941 4615 diem
992 4569 1049 4617 et

1102 4563 1447 4637 insequentis
1510 4575 1696 4632 noctis
1744 4581 2040 4636 maximam
2103 4596 2311 4656 partem
2362 4591 2704 4661 consumpsit
2752 4605 2878 4644 cum
2918 4590 3220 4662 episcopis,
3271 4591 3592 4662 disceptans
3652 4585 3788 4641 donec

570 4648 731 4721 legati
753 4652 899 4723 quia
931 4652 1270 4715 Seleuciensi
1300 4664 1540 4721 concilio
1571 4668 1929 4743 advenerant,
1971 4648 2223 4735 formulae
2251 4681 2376 4739 fidei
2400 4683 2470 4738 ab
2488 4648 2820 4740 Ariininensi
2849 4648 3051 4755 oppido
3076 4648 3255 4740 allatae
3278 4648 3737 4754 subscripsisse!!!-

1168 4751 1324 4810 CAP.
1355 4756 1546 4816 XXIV.

801 4846 1139 4934 [οΙΑεςεῖαηῖ
1177 4846 1567 4934 Ariminensem
1612 4859 1871 4926 synodum
1899 4879 2141 4934 compro-

638 4904 891 5002 ffffrin‘t.
953 4910 1093 4997 .ltem
1139 4920 1356 5002 nomina
1394 4904 1879 5002 έρὲέἑὸρὸῖὲξῆἷ

635 4987 779 5041 sunt,
809 4990 857 5033 et
886 4987 1112 5039 crimina
1137 4998 1349 5056 propter
1376 4987 1494 5063 qua:
1521 4987 1643 5048 sunt
1672 4987 1916 5067 depositi.

635 5064 810 5123 Porro
861 5072 1122 5131 Aeaeiani
1185 5094 1310 5134 cum
1376 5084 1697 5155 aliquandiu
1736 5064 2138 5152 substitissent

562 5152 1062 5231 Constantinopoli,
1106 5166 1398 5239 episcopos
1421 5152 1488 5228 ex
1514 5173 1768 5248 Bithynia
1793 5194 2092 5240 evocarunt
2117 5205 2132 5242 :

564 5246 708 5303 inter
760 5264 901 5321 quos
954 5265 1073 5311 erat
1122 5257 1288 5317 Maris
1333 5246 1820 5338 Chalcedonensis,
1871 5282 1928 5330 et
1975 5275 2136 5334 Ultila

568 4832 842 4900 Quomodo
881 4840 1139 4899 Acaciani

2170 4776 2227 4836 D
2840 4778 3094 4834 ΚΕΦΑΛ.
3118 4778 3249 4835 KA'.

2249 4865 2460 4949 ὍτιΙοὶ
2480 4867 2611 4949 {rapi
2628 4866 2897 4949 Ἆκιξκιον
2922 4867 3039 4949 τὴν
3062 4867 3133 4922 ἐν
3162 4864 3793 4949 upgurireéﬁ‘st’eémff'f

2313 4932 2580 4992 σύνοδοῶ·
2616 4954 2630 4970 ·
2672 4937 2781 5007 καὶ
2817 4932 3152 5007 κατάλογος
3193 4932 3318 4994 {dir
3347 4932 3790 5006 ⁷κὰθαφεθέντω

2315 5008 2657 5077 ἀρχιερέων,
2691 5006 2791 5061 καὶ
2814 5007 2916 5061 ἐπὶ
2944 5006 3141 5076 ποίοις
3159 5008 3570 5080 ἐγκλήμασιν.

2315 5101 2379 5151 Οἱ
2399 5098 2457 5150 δὲ
2492 5099 2636 5169 ἀμφὶ
2677 5099 2931 5154 Ἀκάκιον
2967 5102 3349 5172 ὲπιμείναντές
3380 5119 3506 5157 τινα
3539 5098 3709 5172 χρονδν
3740 5092 3788 5143 ἐν

2241 5190 2830 5255 Κωνσταντινουπόλει,
2873 5193 3310 5263 μετεκαλέσαντο
3330 5194 3464 5259 τοὺς
3485 5194 3551 5248 ὲκ
3577 5184 3788 5245 Βιθυνίας

2242 5280 2578 5345 ἐπισκόπους
2606 5297 2618 5310 ·
2652 5283 2710 5336 ὲν
2746 5277 2827 5348 οἷς
2854 5278 2923 5355 ἦν
2943 5285 3038 5339 καὶ
3064 5285 3247 5358 Μάρις
3264 5288 3297 5340 ὁ
3320 5273 3790 5357 Χαλκηδόνιθςικαὶ

1760 5408 2030 5467 VALESII
2062 5412 2616 5477 ANNOTATIONES.

628 5473 741 5548 (27)
770 5477 1021 5553 Λέγεται
1058 5482 1127 5536 δὲ
1156 5485 1282 5553 τοῖς

556 5546 683 5601 dum
722 5546 808 5603 est
822 5546 1027 5639 lprocul
1060 5546 1415 5639 dul)io,"rob_c;'
1444 5546 2121 5639 m_ptjag&'x1&f&'f&3£2v

559 5619 986 5711 σκηπίοιὲέιᾚυςῖ
999 5619 1479 5711 quemadmodum
1510 5619 1639 5703 legit
1661 5619 2121 5711 οιιτίέιορϋόὲἐόζ

557 5702 662 5742 nus
695 5694 749 5741 et
781 5688 1043 5747 Saviliusl

628 5756 739 5837 (εδ)
772 5759 881 5813 Τὸν
916 5761 1141 5838 ᾊέτιρν
1155 5766 1539 5838 ἡττηθέντας.
1562 5772 1720 5830 Hunc
1740 5776 1918 5833 locum
1940 5797 2124 5837 emen-

557 5823 679 5915 davi
720 5823 808 5882 'ex
839 5832 1030 5915 codice
1071 5823 1395 5915 Fult'etia'no,
1421 5823 1667 5913 Viri-quo
1714 5823 2123 5915 scribitur-33v

570 5893 772 5951 ’Δέτιον
819 5901 1118 5973 οἰηθέντας.
1197 5907 1303 5965 Pro
1355 5893 1509 5983 quo"

1328 5490 1460 5574 περὶ
1521 5490 1821 5583 ’ρκᾀκεοια
1856 5497 2122 5583 scriben-

2248 5505 2526 5583 ἀσμένως,
2541 5506 2691 5583 (μιοᾴ
2705 5507 2852 5583 idem
2875 5519 2981 5566 est.
2999 5510 3170 5567 Paulo
3193 5518 3345 5583 post,
3371 5527 3476 5583 pro
3496 5511 3587 5583 xei
3607 5503 3782 5583 ἀκοντί.

2226 5575 2284 5629 in
2312 5575 2778 5655 eodemjcodiqe
2823 5581 3023 5651 legitur
3063 5575 3296 5650 ἀκονιτί,
3329 5575 3618 5655 quomodo
3645 5577 3783 5634 etiam

2225 5646 2497 5721 scriptum
2534 5648 2696 5705 habet
2716 5646 3081 5721 Nicepltorus.

2297 5717 2411 5793 ς29)
2439 5718 2685 5793 "Quota?
2712 5717 3028 5793 ὁμολογεῖν
3054 5723 3154 5779 καὶ
3178 5725 3537 5793 ὁμοούσιον.
3565 5717 3784 5793 ﬂendum

2227 5784 2458 5842 subesse
2481 5784 2697 5844 videtur
2737 5784 2864 5846 huic
2893 5784 3033 5848 loco.
3069 5796 3146 5851 Ac
3177 5784 3427 5851 fortasse
3460 5788 3785 5851 scribendum

2226 5864 2334 5921 εει,
2354 5857 2550 5940 ,ὅμοιον
2571 5860 2773 5940 Δλέγειν
2792 5862 2854 5940 το
2874 5863 3181 5940 ὁμοούσιον.
3208 5862 3307 5920 Vel
3332 5868 3532 5940 potius
3558 5871 3782 5940 transpo-

2226 5927 2402 5982 nenda
2458 5937 2585 5985 sunt
2622 5927 2974 5989 recabula'in
3028 5936 3173 5992 hunc
3215 5927 3476 6005 mod-um,
3508 5932 3598 5989 καὶ
3641 5927 3781 6002 μηδὲν
