4056 6326
308 437 448 495 1189

1266 436 1589 494 HISTORIA
1627 438 2189 497 ECCLESIASTICA.
2231 474 2298 483 -—
2329 441 2462 508 IuB‘.
2503 445 2592 501 ιν.

3419 447 3554 504 1190

306 555 574 625 Οὑλφίλας
619 555 648 607 ὁ
681 554 788 609 τῶν
830 555 867 607 Γ
871 552 1061 608 ότθων.
1101 554 1447 626 Πεντήκοντα
1483 556 1539 609 δὲ
1578 557 1751 621 ὅντες,
1798 560 1876 621 είς

1980 558 2284 613 Gothorum
2342 561 2636 631 episcopus
2706 559 2743 614 ¹.
2798 559 3043 631 Cumque
3096 569 3277 618 essent
3329 577 3558 618 numero

306 645 499 699 ταὺτδν
543 644 824 716 συνῆλθον,
860 647 954 700 καὶ
988 645 1321 700 ἐϐεϐαίωσαν
1367 647 1465 718 τὴν
1493 649 1548 701 ἐν
1604 648 1881 720 Ἀριμήνῳ

305 735 748 804 ἀναγνωσθεῖσαν
777 736 1017 807 γραφὴν,
1059 736 1408 808 προσθέντες,
1436 738 1530 791 τοῦ
1572 738 1759 792 λοιποῦ
1788 740 1881 793 οὑ-

307 827 430 881 σίαν
475 825 510 898 ἢ
554 825 851 880 ὑπόστασιν
888 827 981 880 ἐπὶ
1020 826 1154 881 Θεοῦ
1204 827 1488 899 ὀνομάζειν
1534 829 1656 899 μηδ’
1693 829 1827 894 ὅλως
1862 847 1875 861 ο

307 919 459 992 παρὰ
493 919 693 992 ταύτην
727 920 791 993 δὴ
820 922 918 991 τὴν
952 923 1169 994 γραφὴν
1207 921 1655 993 άποκεκηρῦχθαι
1697 926 1880 979 πᾶσαν

305 1011 495 1083 ἄλλην,
535 1013 569 1084 ἢ
621 1012 918 1084 γενομένην
971 1015 1005 1086 ἢ
1063 1013 1380 1084 μέλλουσαν
1427 1015 1549 1068 ἐπεὶ
1604 1015 1661 1068 δὲ
1708 1015 1879 1069 ταῦτα

305 1104 569 1176 ἔπραξαν,
623 1106 978 1178 καθαιροῦσιν
1040 1106 1245 1161 Ἀέτιον
1291 1107 1387 1178 τῆς
1441 1107 1739 1173 διακονίας,
1803 1108 1879 1172 ώς

308 1197 599 1265 ἐριστικῶς
647 1198 741 1251 καὶ
770 1198 906 1269 πρὸς
944 1197 1167 1263 ἔνδειξιν
1199 1200 1390 1269 σοφίας
1422 1200 1881 1272 ἐκκλησιαστικῆς

308 1288 684 1359 προαιρέσεως
720 1288 1051 1360 ἀπᾳδούσης,
1105 1291 1489 1363 συγγράφοντά
1540 1310 1601 1346 τε
1649 1294 1742 1347 καὶ
1782 1292 1880 1357 τὰς

306 1376 568 1442 διαλέξεις
612 1377 908 1449 δυσφήμως
962 1380 1303 1451 ποιούμενον,
1368 1384 1612 1455 ταραχῆς
1673 1402 1732 1438 τε
1787 1384 1881 1439 καὶ⁸

308 1468 549 1522 στάσεων
577 1470 694 1532 ταῖς
737 1468 1081 1540 Ἐκκλησίαις
1118 1470 1311 1527 αἴτιον.
1355 1472 1591 1542 Λέγεται
1640 1473 1697 1527 δὲ
1743 1476 1880 1544 πρός

302 1574 485 1622 τινων,
543 1558 617 1624 ὡς
658 1559 758 1613 οὑκ
784 1560 892 1614 ἀπὸ
932 1560 1158 1633 γνώμης
1205 1548 1393 1617 τοῦτον
1441 1564 1711 1629 καθεῖλον,
1761 1564 1879 1619 ἀλλ’

303 1648 689 1720 ἀφοσιούμενοι
726 1651 820 1705 καὶ
845 1654 965 1716 ταῖς
988 1655 1118 1725 περὶ
1148 1653 1325 1709 αὑτῶν
1351 1638 1530 1721 δόξαις
1559 1656 1696 1729 πρὸς
1727 1656 1880 1726 βασι-

302 1738 424 1793 λέα.
458 1740 804 1797 Διεϐάλλοντο
842 1743 952 1813 γὰρ
990 1743 1057 1798 τὰ
1086 1745 1251 1801 αὑτοῦ
1285 1750 1500 1818 φρονεῖν
1524 1764 1538 1776 ·
1562 1749 1879 1819 ἀποχρησά-

1981 651 2403 722 quinquaginta,
2452 653 2508 707 in
2558 668 2727 707 unutn
2785 653 3047 718 collecti,
3098 652 3385 709 formulam
3432 654 3555 710 fidei

1979 756 2103 811 quae
2150 741 2387 797 Arimini
2444 744 2675 799 recitata
2713 743 2913 809 fuerat,
2952 743 3228 816 suffragiis
3253 747 3370 802 suis
3407 761 3557 800 com-

1978 832 2306 901 probarunt,
2366 834 2469 888 boc
2519 841 2730 889 tantum
2774 834 3011 906 adjecto,
3042 852 3111 892 ne
3140 838 3265 908 quis
3294 839 3349 893 in
3376 830 3556 908 p’osteo

1980 936 2102 975 rum
2157 922 2522 977 substantiam
2559 924 2616 979 in
2660 923 2770 981 Deo
2807 936 2902 980 aut
2939 927 3276 998 bypostasim
3311 929 3554 996 diceret;

1980 1018 2152 1080 utque
2197 1022 2391 1080 praeter
2433 1012 2577 1067 hanc
2613 1011 2904 1069 formulam
2948 1016 3170 1085 reliqua:
3198 1030 3409 1084 omnes,
3444 1027 3554 1071 tam

1979 1111 2307 1173 quae,antea
2352 1104 2573 1174 scriptae
2624 1120 2790 1176 quam
2846 1121 2969 1176 quae
3024 1118 3211 1177 postea
3253 1108 3557 1163 scribendae

1978 1203 2208 1261 essent,
2268 1195 2792 1252 condemnarentur.
2874 1196 2972 1254 His
3022 1200 3186 1255 rebus
3247 1183 3552 1259 confectis.

1978 1286 2199 1342 Aetium
2252 1287 2548 1342 diaconatu
2598 1296 2832 1354 exuunt,
2876 1297 3063 1359 utpote
3100 1290 3195 1360 qui
3224 1291 3396 1347 libros
3422 1306 3557 1346 con-

1978 1378 2248 1435 tentiosos
2306 1387 2360 1434 et
2411 1380 2479 1434 ad
2528 1381 2956 1437 ostentationem
3010 1383 3274 1447 scientiae,
3328 1398 3359 1436 a
3405 1399 3555 1437 more

1978 1467 2346 1539 institutoque
2396 1467 2774 1524 Ecclesiarum
2821 1470 3030 1535 aliena),
3058 1473 3391 1541 compositos
3417 1473 3556 1527 scri-

1980 1560 2157 1627 beret,
2214 1568 2271 1616 et
2319 1560 2375 1614 in
2428 1558 2762 1631 disputando
2789 1562 2970 1632 impiis
3000 1563 3229 1619 vocibus
3260 1572 3551 1625 uteretur;

1980 1650 2253 1705 tumultus
2290 1650 2528 1722 denique
2559 1666 2622 1705 ac
2654 1651 2940 1708 seditionis
2983 1654 3036 1707 in
3069 1652 3329 1709 Ecclesiis
3364 1665 3555 1710 auctor

1977 1740 2192 1797 fuisset.
2254 1739 2395 1797 Sunt
2451 1743 2544 1813 qui
2605 1743 2792 1797 dicant
2862 1757 2959 1799 eos
2990 1759 3099 1798 non
3135 1756 3345 1814 sponte,
3380 1763 3554 1817 neque

300 1844 459 1898 ,μενοι
505 1830 561 1885 δὲ
609 1834 676 1904 τῇ
719 1833 855 1905 ὀργῇ
909 1834 1197 1906 βασιλέως,
1252 1837 1318 1907 ἢν
1361 1838 1501 1891 κατὰ
1541 1840 1873 1893 Μακεδονίου

1976 1847 2041 1887 ex
2091 1833 2297 1900 animo,
2325 1834 2545 1888 Aetium
2582 1833 2906 1907 deposuisse
2938 1851 2954 1890 :
2989 1835 3082 1889 sed
3117 1844 3173 1890 ut
3200 1837 3343 1906 apud
3379 1837 3553 1907 impe-

302 1917 450 1992 εἶχεν
471 1924 535 1975 ἐκ
564 1903 672 1977 τῶν
701 1903 935 1997 πρόσθεν
953 1903 1284 1999 εἰρημένων,
1297 1928 1650 2001 καθαιροῦσιν
1674 1930 1834 1984 αὑτόν
1855 1946 1873 1964 ο

1976 1931 2211 1978 ratorem
2265 1933 2562 1995 purgarent
2611 1903 2671 1980 se
2725 1938 2788 1979 ea
2814 1906 3140 1995 suspicione
3172 1903 3294 1995 quae
3322 1926 3389 1981 de
3418 1903 3553 1997 ipsis

303 2011 400 2064 καὶ
445 2011 711 2067 Ἐλεύσιον
732 2015 822 2068 τὸν
849 2010 1091 2079 Κυζίκου
1126 2017 1442 2086 ἐπίσκοπον,
1474 2019 1567 2073 καὶ
1596 2019 1876 2072 Βασίλειον

302 2102 396 2156 τὸν
460 2103 754 2174 Ἀγκύρας,
803 2106 898 2160 καὶ
940 2107 1249 2178 Ἐορτάσιον
1304 2108 1396 2161 τὸν
1458 2108 1738 2179 Σάρδεων,
1781 2109 1876 2163 καὶ

302 2192 626 2262 Δρακόντιον
672 2193 764 2247 τὸν
825 2195 1141 2267 Περγάμου.
1188 2197 1581 2270 Διαφερόμενοί
1632 2215 1693 2252 τε
1746 2200 1875 2272 περὶ

300 2284 593 2356 δόγματος,
633 2286 695 2342 ἐν
724 2286 802 2358 τῷ
832 2287 1114 2360 καθαιρεῖν
1154 2289 1394 2354 τούτους,
1426 2291 1526 2344 οὑκ
1568 2291 1878 2362 ἐμέμφοντο

300 2375 403 2447 τὴν
444 2377 622 2432 αὑτῶν
666 2378 869 2434 πίστιν.
925 2379 1116 2445 Αίτίας
1165 2381 1222 2435 δὲ
1283 2381 1530 2452 ἐπῆγον,
1582 2386 1735 2456 κοινῂ
1774 2383 1874 2453 μὲν

301 2470 490 2535 πᾶσιν,
521 2470 597 2533 ob;
648 2469 747 2535 τὰς
788 2456 1112 2543 Ἐκκλησῑας
1161 2471 1452 2547 ἐτάραξαν,
1491 2475 1582 2528 καὶ
1629 2475 1708 2538 είς
1746 2475 1876 2540 τοὺς

300 2559 789 2631 ἐκκλησιαστικοὺς
828 2563 1024 2633 νόμους
1053 2562 1361 2636 ἐξήμαρτον
1390 2582 1404 2596 ·
1438 2566 1544 2636 ἰδίᾳ
1591 2565 1648 2619 δὲ
1686 2566 1876 2638 ἐγκλὴ-

303 2669 454 2721 ματα
475 2653 760 2725 ἐπέφερον,
784 2654 1048 2726 Βασιλείῳ
1076 2656 1175 2726 μὲν
1197 2656 1272 2720 ώς
1304 2657 1559 2727 Διογένην
1584 2657 1877 2727 πρεσϐύτε-

302 2760 397 2814 ρον
430 2745 495 2798 ἐκ
528 2743 629 2814 τῆς
666 2744 1067 2819 Ἀλεξανδρείας
1093 2746 1192 2819 τὴν
1227 2748 1508 2819 ’Δγκυραν
1533 2749 1837 2804 διοδεύοντα
1856 2789 1873 2816 ,

302 2833 511 2904 χάρτας
530 2851 589 2888 τε
611 2835 876 2904 ἀφείλετο,
913 2820 1008 2891 καὶ
1029 2837 1298 2910 ἐτύπτησε
1321 2857 1336 2873 ο
1365 2840 1459 2894 καὶ
1495 2838 1788 2913 κληρικοῦς
1810 2842 1875 2894 ἐκ

300 2924 400 2994 τῆς
437 2924 783 2997 Ἀντιοχείας,
816 2916 911 2982 καὶ
942 2928 1093 3000 παρὰ
1137 2928 1226 2982 τὸν
1277 2930 1569 3001 Εὐφράτην
1609 2931 1871 3001 ποταμὸν,

302 3014 534 3080 Κίλικάς
577 3033 637 3069 τε
682 3018 776 3071 καὶ
809 3017 1056 3083 Γαλάτας
1106 3020 1198 3073 καὶ
1236 3021 1539 3088 ’Λσιανοὺς,
1567 3024 1874 3095 ὑπερορίοις

299 3109 501 3175 φυγαῖς
538 3109 639 3181 ’καὶ
669 3109 854 3173 ἄλλαις
894 3112 1187 3185 τιμωρίαις
1216 3113 1449 3186 ζημιοῦν
1478 3115 1720 3189 ἀκρίτως
1760 3119 1871 3182 τοῖς

1974 2021 2240 2085 concepta
2276 2025 2415 2070 erat.
2443 2015 2865 2070 Accusabantur
2889 2016 3036 2071 enim
3064 2022 3210 2087 quod
3240 2032 3365 2072 cum
3393 2016 3556 2073 Aetio

1972 2106 2118 2162 idem
2166 2109 2457 2164 sentirent.
2512 2107 2648 2164 Post
2704 2109 2817 2164 haec
2871 2110 3160 2166 abutentes
3208 2109 3555 2180 imperatoris

1973 2197 2096 2263 ira,
2155 2213 2264 2269 qua
2315 2199 2409 2255 ille
2470 2199 2737 2256 adversus
2791 2198 3192 2267 Macedonium,
3222 2200 3291 2255 ob
3334 2215 3398 2256 ea
3434 2214 3556 2270 qua:

1974 2303 2142 2360 supra
2198 2289 2462 2356 diximus,
2517 2299 2636 2346 erat
2681 2291 2963 2357 incensus,
3015 2289 3397 2346 Macedoniam
3432 2292 3552 2362 epi-

1973 2388 2202 2450 scopatu
2267 2381 2571 2437 abdicant:
2627 2396 2692 2437 ac
2735 2392 2996 2453 praeterea
3032 2382 3306 2439 Eleusium
3334 2383 3553 2452 episco-

1974 2486 2103 2543 pum
2163 2471 2369 2543 Cyzici,
2420 2471 2684 2527 Basilium
2736 2472 2988 2545 Ancyrae,
3045 2471 3393 2527 Hcortasium
3423 2468 3552 2524 Sar-

1975 2563 2149 2629 dium,
2178 2574 2234 2619 et
2262 2562 2616 2618 Dracontium
2651 2562 2929 2635 Pergami.
2955 2567 3035 2618 Ac
3057 2563 3187 2618 licet
3222 2561 3276 2616 in
3304 2562 3554 2617 doctrina

1974 2654 2101 2710 ﬁdei
2149 2656 2291 2710 inter
2338 2670 2399 2710 se
2445 2636 2828 2719 dissentirent,
2862 2662 3047 2709 tamen
3074 2653 3207 2709 dum
3234 2653 3369 2708 istos
3397 2651 3556 2723 depo«

1974 2753 2210 2812 nerent,
2263 2744 2423 2800 ﬁdem
2477 2760 2665 2800 eorum
2700 2746 3012 2800 nullatenus
3048 2742 3551 2814 reprehenderunt.

1976 2836 2085 2891 Sed
2117 2836 2347 2890 crimina
2373 2836 2483 2890 illis
2518 2834 2875 2904 objiciebant,
2906 2834 2960 2888 in
3003 2848 3293 2887 commune
3333 2830 3552 2903 quidem

1974 2927 2252 2993 omnibus,
2280 2924 2425 2997 quod
2456 2924 2722 2980 ecclesias
2765 2921 3554 2993 pet-turbassent,etadversus

1973 3022 2382 3079 ecclesiasticas
2413 3020 2558 3092 leges
2586 3018 2972 3088 deliquissent.
3000 3015 3262 3071 Privatim
3291 3030 3420 3071 vero
3447 3015 3554 3069 siu-
3610 3084 3615 3088 ἡ

1975 3113 2121 3186 gulis
2168 3112 2506 3182 objiciebant
2538 3128 2553 3165 :
2605 3109 2811 3164 Basilio
2868 3108 3113 3179 quidem,
3147 3106 3294 3177 quod
3325 3106 3552 3178 Diogeni

294 3213 561 3271 ἄρχουσιν
586 3199 880 3254 ἐπέταττεν
899 3217 913 3233 ο
949 3202 1027 3267 ὡς
1064 3205 1161 3257 καὶ
1185 3204 1422 3277 σιδηρῶν
1446 3207 1645 3272 αὑτοὺς
1677 3226 1873 3281 πειρα-

1977 3205 2194 3259 cuidam
2232 3203 2554 3274 presbytero
2594 3198 2969 3254 Alexandrino
3008 3214 3107 3268 per
3145 3199 3415 3270 Ancyram
3448 3200 3555 3254 iter

297 3286 464 3356 θῆναι
514 3288 750 3361 δεσμῶν,
789 3291 974 3346 καὶτὰ
1015 3292 1147 3349 ὄντα
1186 3296 1585 3366 προσαπολύειν
1611 3296 1722 3370 (50)
1762 3301 1877 3363 τοῖς

296 3378 574 3448 ἀπάγουσι
654 3382 1035 3453 στρατιώταις,
1077 3386 1166 3439 ἵνα
1207 3386 1282 3459 μὴ
1333 3387 1680 3459 ὑϐρίζωνται.
1756 3388 1881 3446 Ἐπ-

297 3470 534 3544 ῃτιῶντο
589 3471 647 3525 δὲ
706 3475 891 3541 αὑτὸν,
934 3477 1029 3530 καὶ
1047 3476 1122 3540 ὼς
1182 3477 1445 3547 βασιλέως
1471 3479 1877 3551 προστάξαντος

297 3560 533 3631 ἀχθῆναι
568 3562 703 3632 πρὸς
732 3564 1062 3635 Κεκρόπιον,
1120 3567 1322 3623 ’Δέτιόν
1361 3586 1421 3622 τε
1465 3569 1556 3622 καί
1574 3587 1723 3634 τινας
1766 3569 1876 3624 τῶν

297 3651 398 3704 σὺν
424 3651 1114 3726 αὑτῷ,ἁπολογησομένους
1138 3659 1223 3728 ἐφ’
1249 3654 1331 3722 οἷς
1357 3660 1623 3726 ἐνεκάλει,
1643 3663 1874 3715 πέπεικε

295 3742 387 3795 τὸν
421 3744 788 3815 ἐπιτραπέντα
813 3745 911 3818 τὴν
938 3746 1032 3800 τοῦ
1063 3749 1389 3821 κρατοῦντος
1406 3751 1718 3822 πρόσταξιν,
1749 3751 1784 3806 ἃ
1811 3768 1874 3820 γε

296 3833 447 3905 αῦτῷ
473 3836 645 3890 ἐδόκει
670 3836 874 3907 πρᾶξαι
901 3855 914 3869 ·
942 3839 1262 3911 Ἑρμογένει
1296 3841 1353 3896 δὲ
1379 3842 1456 3915 τῷ
1483 3845 1715 3916 ὑπάρχῳ
1739 3846 1871 3917 (51),

294 3927 393 3980 καὶ
434 3927 511 3999 τῷ
565 3929 856 4001 κρατοῦντι
891 3930 1093 4001 Συρίας
1129 3932 1358 4005 ἔγραψε,
1392 3936 1545 4000 τίνας
1565 3953 1624 3989 τε
1651 3936 1745 3990 καὶ
1767 3938 1873 4007 ὅπη

295 4016 406 4088 χρὴ
438 4019 879 4089 μετοικισθῆναιο
926 4021 1021 4075 καὶ
1059 4021 1152 4076 τοῦ
1197 4022 1459 4093 βασιλέως
1502 4027 1873 4097 μετακαλεσαι

299 4108 466 4179 μένου
500 4108 718 4173 τούτους
751 4111 859 4163 ὰπὸ
894 4113 994 4183 τῆς
1021 4113 1334 4186 ὑπερορίας,
1367 4115 1428 4168 οὑ
1473 4116 1873 4188 συνεχώρησεν,

294 4200 647 4271 ἄρχουσικαὶ
691 4201 924 4272 ἱερεῦσιν
958 4203 1387 4276 ἐναντιούμενος.
1441 4206 1782 4276 Προσέθεσαν
1818 4205 1876 4260 δὲ

293 4293 382 4346 ὅτι
411 4294 506 4347 καὶ
530 4292 813 4364 Γερμανίῳ
840 4294 931 4347 τὸν
961 4296 1017 4347 ἐν
1042 4296 1252 4367 Σιρμίῳ
1276 4297 1477 4369 κλῆρον
1515 4296 1872 4369 ἐπανέστησε,

294 4386 397 4437 καὶ
420 4388 694 4447 κοινωνεῖν
744 4387 890 4456 αὑτῷ
921 4384 1150 4456 (ὅῖ)’κα“ι
1173 4389 1433 4443 Οὐάλεντι
1464 4388 1559 4443 καὶ
1586 4390 1875 4462 Οὑρσακίῳ
1916 4432 1925 4439 ς

293 4475 551 4545 γράφων,
581 4475 857 4529 διέϐαλλεν
889 4478 1085 4541 αὑτοὺς
1133 4478 1270 4549 πρὸς
1296 4477 1423 4542 τοὺς
1467 4478 1729 4549 ’Δφρικῆς
1754 4479 1877 4531 ἐπι-

1979 3295 2222 3361 facienti,
2265 3294 2484 3348 chartas
2518 3291 2864 3356 abstulisset,
2892 3298 2947 3346 et
2978 3291 3204 3346 verbera
3228 3291 3503 3348 intulisset
3536 3310 3552 3347 :

1974 3386 2230 3458 quodque
2277 3384 2684 3455 provinciarum
2740 3382 3050 3437 rectoribus
3084 3383 3439 3453 praecepisset
3494 3391 3556 3437 ut

1974 3476 2209 3531 clericos
2267 3473 2536 3542 quosdam
2588 3470 3016 3536 Antiochenses,
3077 3483 3127 3527 et
3161 3487 3225 3527 ex
3257 3472 3554 3542 provinciis

1974 3567 2041 3622 ad
2096 3565 2431 3636 Euphratem
2483 3562 2647 3627 sitis,
2715 3561 2918 3617 Cilicas
2979 3562 3108 3615 item
3156 3568 3207 3615 et
3259 3560 3479 3617 Galatas
3501 3569 3556 3615 et

1975 3658 2239 3723 Asianos,
2295 3654 2498 3710 indicta
2535 3666 2729 3721 causa,
2759 3650 2957 3706 exsilio
2992 3650 3226 3721 aliisque
3256 3652 3557 3721 supplicio-

1974 3767 2097 3806 rum
2159 3747 2460 3819 generibus
2502 3744 2981 3800 eoudemnarent:
3038 3741 3114 3796 ita
3149 3748 3208 3796 ut
3251 3740 3331 3795 illi
3378 3741 3557 3797 ferrea

1974 3840 2224 3913 perpessi
2270 3841 2383 3895 sint
2429 3836 2672 3900 vincula,
2711 3848 2775 3888 ac
2816 3841 3081 3904 praeterea
3112 3831 3402 3888 facultates
3425 3847 3556 3887 suas

1977 3932 2244 3987 militibus
2299 3929 2450 3999 ipsos
2501 3924 2941 3989 deducentibus,
2992 3921 3390 3991 redemptionis
3433 3921 3555 3976 loco

1974 4024 2249 4088 dederint,
2301 4036 2370 4076 ne
2418 4017 2771 4074 contumeliis
2800 4014 3165 4069 afﬁcerentur.
3204 4012 3556 4068 Accusabaut

1974 4117 2138 4172 etiam
2193 4113 2344 4167 illum
2374 4109 2550 4180 quod,
2582 4121 2708 4161 cum
2745 4105 3043 4173 imperator
3062 4102 3277 4158 Aetium
3305 4109 3360 4156 et
3388 4117 3556 4172 quos-

1974 4208 2105 4263 dam
2164 4204 2284 4273 ejus
2327 4199 2569 4256 asseclas
2616 4198 2683 4251 ad
2734 4194 3060 4265 Cecropium
3107 4192 3234 4248 duci
3270 4191 3551 4263 iussisset,

1975 4308 2200 4353 causam
2226 4292 2471 4346 dicturos
2500 4288 2568 4342 de
2590 4284 2922 4341 criminibus
2949 4283 3199 4355 quaeillis
3217 4282 3550 4345 intentabat,

1973 4384 2343 4459 persuasisset
2360 4380 2597 4437 Basilius
2612 4379 2662 4434 ei
2683 4376 2769 4432 cui
2791 4390 2854 4430 ea
2870 4390 2961 4431 res
2975 4375 3043 4430 ab
3059 4375 3389 4445 imperatore
3400 4388 3522 4430 com
3536 4404 3553 4416 -

1977 4481 2149 4536 missa
2184 4475 2344 4547 169
2361 4473 2559 4538 fuerat,
2586 4477 2647 4526 ut
2670 4484 2735 4525 ea
2763 4482 2885 4538 quae
2909 4467 3025 4538 ipse
3046 4468 3207 4522 vellet
3226 4482 3555 4538 exsequere-

296 4564 572 4629 σκόπους·
627 4567 1026 4638 ἐγκαλούμενός
1067 4585 1128 4621 τε
1174 4571 1411 4640 ἠρνεῖτο,
1446 4568 1540 4622 καὶ
1574 4568 1872 4642 ἐπιώρκειο

1979 4577 2068 4625 tur
2094 4587 2107 4623 :
2142 4556 2397 4639 quodque
2422 4562 2490 4618 ad
2519 4561 2913 4631 Hermogenem
2944 4555 3257 4628 praefectum
3295 4558 3554 4629 praetorio

296 4656 397 4709 καὶ
431 4655 723 4726 φωραθεὶς,
775 4658 1051 4729 ἐπεχείρει
1098 4659 1413 4729 σοφίζεσθαι
1433 4659 1529 4732 τὴν
1566 4660 1867 4732 ἐπιορκίαν.

295 4749 409 4802 Καὶ
441 4748 707 4818 διχονοίας
743 4748 836 4802 καὶ
862 4750 1102 4814 στάσεως
1130 4741 1299 4816 αἴτιος
1338 4753 1553 4822 ἐγένετο
1597 4752 1870 4824 Ἰλλυριοῖς

374 4866 392 4897 ³
418 4866 603 4933 Socr.,
632 4866 730 4923 lib.
765 4883 827 4933 ιι,
866 4882 921 4923 c.
942 4866 1033 4921 Η.

1976 4667 2032 4715 et
2080 4657 2146 4712 ad
2172 4654 2517 4712 consularem
2545 4650 2719 4722 Syria:
2766 4647 3080 4718 scripsisset
3103 4646 3324 4716 quinam
3349 4653 3405 4702 et
3443 4662 3553 4715 quo

1976 4753 2083 4808 loci
2110 4747 2430 4821 deportandi
2464 4754 2681 4811 essent;
2719 4748 2775 4798 et
2796 4740 2941 4812 quod
2965 4747 3182 4810 postea,
3219 4754 3347 4794 cum
3370 4739 3546 4809 impe-

1501 4951 1770 5008 VALESII
1807 4949 2356 5009 ANNOTATIONES.

293 5099 462 5171 αὑτῷ-
502 5099 782 5171 διαφέρειν
825 5099 945 5154 κατ’
984 5098 1217 5171 ἔννοιαν,
1242 5095 1740 5171 ὅμοιον-ὁμολογεῖν
1778 5093 1874 5148 καὶ

295 5166 619 5243 ὁμοούσιονῖ
658 5166 752 5224 καὶ
782 5171 986 5243 ώςηοὺκ
1014 5170 1080 5224 ἂν
1111 5166 1368 5243 ἁμάρτοι,
1398 5167 1447 5218 εί
1474 5166 1871 5243 ὀνόμασιὶηειο.

295 5232 376 5314 lt'a
404 5242 690 5310 perspicua
726 5232 986 5314 redditur
1042 5232 1334 5314 sententia,
1368 5232 1674 5314 quartnn'nec
1702 5232 1872 5314 {lice-

297 5304 548 5381 pho'rus;
579 5326 681 5365 nec
725 5310 1053 5381 interpretes
1096 5308 1506 5381 intellexerunt.
1537 5304 1671 5381 Nam
1712 5304 1874 5381 [ξυρο-

296 5374 660 5451 ᾖιὶιοτυείιιιρο
677 5374 958 5451 verbm-ti);
981 5380 1080 5451 οὑκ
1104 5375 1454 5451 ἂν-ἁμάρτοι,
1475 5375 1543 5429 de
1563 5374 1877 5428 Ariminen-

297 5447 380 5508 sis
444 5449 667 5504 concilii
720 5448 980 5504 Patribus
1045 5447 1329 5510 intellexit,
1370 5461 1494 5499 cum
1548 5458 1730 5499 tamen
1778 5451 1877 5497 aut

297 5523 370 5576 de
408 5522 527 5590 ipso
568 5521 897 5574 Constantio
945 5519 1355 5587 intelligantur,
1387 5522 1481 5570 aut
1528 5516 1596 5571 de
1630 5514 1878 5584 quolibet.

300 5592 449 5646 alio:

373 5659 486 5731 (50)
518 5660 594 5731 Τὰ
620 5659 771 5731 ὄντων
797 5656 1314 5731 προᾳαπολλύεᾼιις.
1355 5653 1413 5708 ln
1451 5652 1756 5710 Fuketiano
1786 5667 1880 5707 co-

299 5724 426 5785 dice
448 5724 719 5798 scriptum
763 5724 945 5798 inueni
975 5724 1396 5798 npooarzoluiew.

376 5746 426 5785 :e
448 5746 559 5786 scrt
606 5746 719 5783 tum
763 5746 945 5782 tnvcut
975 5746 1396 5798 προσαποωειν.

376 5802 491 5871 (31)
541 5746 871 5871 ’ἒρμογένει
906 5796 975 5850 δὲ
1017 5794 1096 5871 τῷ
1144 5795 1410 5863 ὑπάρχῳ.
1445 5792 1545 5871 llic
1602 5800 1695 5871 est
1737 5790 1877 5871 Hier-

302 5861 563 5941 mdgcnes
594 5861 902 5931 Vort'ticus,
949 5861 1553 5936 praefectus’p’rietorio
1605 5861 1868 5928 Orientis,

1978 5095 2046 5150 de
2076 5108 2186 5164 quo
2204 5092 2447 5162 loquitur
2468 5088 2791 5164 Ammianus
2808 5083 3169 5164 _Mat_'cellin_us
3194 5080 3555 5164 inlibrortx.

2049 5149 2629 5235 (5³2)Καὶᾐκοινῳνεῖιρ
2681 5156 2862 5235 αὐτῷ..
2911 5154 3200 5235 ln_cod'tce
3254 5149 3559 5235 Fttltetiano

1982 5223 2252 5305 scripturn
2287 5230 2493 5305 inveni,
2520 5230 2613 5305 καὶ
2641 5227 2896 5305 κοινωνὸν
2927 5223 3243 5305 αὑτῷὩιιαξ
3257 5223 3557 5305 scriptura,

1979 5292 2118 5360 licet.
2162 5292 2652 5363 mendosa,’viam
2706 5297 2839 5352 mihi
2897 5297 2965 5351 ad
3030 5292 3214 5348 {teram
3256 5292 3550 5363 lectionem

1978 5361 2538 5445 aperuit._Sic_igit_ur_
2559 5368 2915 5445 scribendum
2933 5364 3213 5445 existimo,
3239 5361 3333 5445 καὶ
3361 5376 3552 5445 κοινω-

1979 5428 2085 5498 νῶν
2108 5442 2255 5513 αὐτῷ
2281 5428 2669 5513 καὶνούάλεντι
2715 5437 2812 5513 κα).
2852 5433 3168 5513 Οὐρσακίῳ.ἱ
3202 5432 3428 5513 γράφων
3473 5428 3555 5513 δι-

1977 5497 2200 5569 έϐαλλεν
2221 5497 2435 5576 αὐτούς,
2457 5497 2951 5582 etc.Accttsabatttr
2969 5497 3122 5582 ert-iui
3135 5497 3364 5582 Basilius
3383 5497 3553 5582 quod,

1975 5565 2569 5641 eumcomtnuni'caret
2591 5576 2878 5654 _Ge_rminio
2922 5583 2977 5629 et
3009 5565 3555 5654 Valenfﬁﬂlfluépfj

1977 5657 2147 5715 sacio,
2173 5670 2266 5708 eos
2303 5660 2483 5707 tamen
2525 5649 2854 5705 criminatus
2884 5651 3029 5700 esset
3067 5642 3122 5696 in
3173 5641 3555 5715 litteris_quas

1978 5704 2643 5795 ᾆδ”ἑριὲὲὸιίοέίίιτῑρω
2668 5718 3001 5788 scripserat,
3058 5720 3316 5780 tanquam
3378 5704 3556 5760 haereo

1980 5798 2138 5851 ticos.
