4056 6326
612 414 748 478 H9!

2065 414 2413 476 SOZOMENI

3689 426 3798 487 “92

518 514 519 521 ί
610 541 763 590 rator
791 531 911 588 illos
939 530 1009 588 ab
1041 530 1234 587 exsilio
1256 540 1587 598 revocasset,
1627 534 1679 589 id
1710 535 1799 591 ille
1834 551 1944 591 non
1991 537 2182 607 permi-

2292 535 2387 588 καὶ
2431 533 2652 598 Ἰταλοῖς
2673 533 2768 588 καὶ
2797 534 3045 606 Ἀφροις,
3070 534 3163 588 καὶ
3178 533 3284 590 τῶν
3302 535 3421 607 περὶ
3440 533 3529 608 τὴν
3573 538 3797 611 Ῥωμαίων

608 627 806 692 sisset;
864 624 1206 696 principibus
1233 639 1298 682 ac
1322 626 1704 684 sacerdotibus
1738 643 1859 684 sese
1888 644 2187 699 opponens.

620 716 717 772 llis
774 715 1049 771 addebant
1115 717 1262 787 quod
1312 719 1519 773 clerum
1569 718 1887 776 Sirmiensis
1934 719 2192 776 Ecclesia:

609 806 873 863 adversus
921 805 1258 862 Geminium
1304 808 1677 865 concitasset:
1717 818 1772 866 et
1825 798 1949 865 cum
1999 810 2189 865 eodem

608 898 892 955 Germinio
930 907 983 954 et
1016 899 1250 955 Ursacio
1298 915 1362 956 ac
1394 899 1626 958 Valente
1658 902 2100 958 communionem
2131 916 2191 958 se

611 987 813 1042 habere
843 987 1116 1053 scribens,
1143 1003 1239 1043 eos
1267 997 1450 1045 tamen
1491 991 1633 1061 apud
1678 992 1967 1062 episcopos
1993 991 2189 1046 Africae

612 1079 1029 1135 insimulasset:
1079 1094 1253 1150 eaque
1284 1080 1353 1135 de
1383 1096 1441 1137 re
1468 1092 1783 1146 accusatus,
1827 1091 2080 1152 negasset
2125 1095 2189 1135 ac

608 1171 944 1240 pejerasset:
998 1174 1285 1228 convictus
1336 1187 1489 1238 vero,
1532 1174 1832 1243 perjurium
1882 1173 2189 1230 cavillando

609 1265 834 1320 eludere
885 1275 1199 1320 conaretur.
1250 1264 1330 1319 Ad
1366 1265 1483 1319 haec
1514 1264 1659 1336 quod
1690 1263 1908 1337 Illyriis,
1944 1264 2096 1320 ltalis
2134 1273 2188 1319 et

609 1357 761 1411 Afris
792 1356 1010 1412 discidii
1045 1372 1108 1411 ac
1136 1358 1408 1412 tumultus
1444 1371 1608 1411 causa
1638 1357 1965 1420 exstitisset,
1990 1365 2045 1411 et
2087 1370 2186 1411 eo-

608 1463 728 1502 rum
785 1463 907 1519 qum
946 1446 1208 1503 Romana:
1256 1449 1513 1504 Ecclesia:
1562 1448 1943 1520 contigerant,
1994 1457 2187 1503 auctor

608 1540 824 1596 fuisset.
861 1540 990 1595 ltem
1018 1541 1164 1612 quod
1198 1556 1322 1595 cum
1356 1541 1612 1596 ancillam
1647 1542 1701 1594 in
1732 1540 1950 1595 vincula
1984 1539 2185 1610 conjici

609 1644 882 1695 curasset,
912 1631 1110 1688 falsum
1146 1633 1394 1688 confiteri
1425 1633 1689 1687 adversus
1716 1631 1991 1687 dominam
2026 1646 2182 1696 suam

606 1725 922 1793 adegisset:
959 1731 1013 1779 et
1044 1724 1189 1794 quod
1224 1724 1402 1794 turpis
1437 1724 1557 1779 vita:
1599 1723 1874 1776 hominem
1923 1723 2018 1793 qui
2066 1739 2186 1778 mu-

608 1816 795 1870 lierem
835 1829 1184 1884 nequaquam
1218 1815 1448 1885 nuptiali
1488 1814 1692 1869 foedere
1723 1815 1826 1869 sibi
1874 1814 2182 1885 copulatam

2298 625 2626 696 Ἐκκλησίαν
2658 624 3003 696 συμϐάντων.
3034 626 3236 698 Δούλην
3259 642 3319 680 τε
3337 627 3584 698 δεσμῶτιν
3600 630 3795 699 γενέσθαι

2300 718 2632 781 σπουδάσας,
2690 717 2938 782 ἐϐιάζετο
2993 717 3163 789 ψευδῆ
3222 717 3593 790 καθομολογεῖν
3633 722 3715 793 τῆς
3737 724 3800 777 δε-

2299 808 2526 879 σποίνης
2551 824 2565 838 ⁸
2597 807 2690 861 καὶ
2721 806 2892 878 ἀνδρα
2947 806 3189 879 αἰσχρῶς
3250 808 3558 879 βεϐιωκότα,
3598 812 3649 865 οὑ
3686 814 3800 886 νόμῳ

2297 900 2477 972 γάμου
2513 900 2735 969 γυναικὶ
2758 899 3115 972 συμϐιοῦντα,
3148 900 3407 956 ἐδάπτισέ
3422 919 3477 955 τε
3496 902 3582 956 καὶ
3592 903 3799 960 διακονεῖν

2296 990 2372 1061 τῷ
2429 987 2550 1059 Θεῷ
2594 985 2817 1059 ⁴ἠξίωσε.
2878 987 3233 1062 Περιοδευτὴν
3263 988 3322 1041 δὲ
3362 986 3470 1058 (⁸55)
3492 988 3646 1057 φόνων
3671 990 3799 1046 αίτιον
3836 1000 3843 1004 ’

2295 1081 2607 1151 γενόμενον,
2639 1081 2742 1134 οὐκ
2787 1078 3020 1150 ἐχώρισε
3048 1080 3147 1151 τῆς
3190 1078 3527 1148 Ἐκκλησίας.
3560 1081 3654 1133 Καὶ
3672 1081 3801 1149 ὅτιγε

2294 1172 2447 1243 παρὰ
2471 1173 2570 1244 τὴν
2593 1171 2746 1242 ίεράν
2766 1172 3047 1244 τράπεζαν
3075 1171 3415 1242 συνωμοσίας
3447 1171 3674 1235 ἐποιεῖτο,
3690 1172 3800 1242 ἀρῶ.

2297 1266 2459 1336 μενός
2482 1282 2563 1330 τε,
2590 1266 2683 1318 καὶ
2704 1264 2827 1326 τοὺς
2841 1263 2941 1333 κλη
2951 1263 3136 1334 ρικοὺς
3166 1261 3496 1333 ἐπόμνυσθαι
3512 1263 3799 1332 παρασκευὼ

2294 1349 2403 1412 ζων
2426 1389 2443 1415 ,
2503 1351 2578 1421 μὴ
2632 1353 2960 1422 κατηγορεῖν
3021 1350 3283 1422 ἀλλήλων.
3371 1345 3515 1405 Εἶναι
3558 1350 3609 1405 δέ
3643 1351 3801 1424 ταύτην

2291 1444 2491 1514 τέχνην
2535 1443 2630 1497 τοῦ
2701 1443 2865 1498 αὑτὸν
2894 1444 3221 1514 προεστῶτα
3266 1443 3363 1499 τοῦ
3391 1444 3599 1517 κλήρου,
3623 1446 3704 1507 τὰς
3722 1446 3801 1498 τῶν

2293 1534 2671 1604 ἐγκαλούντων
2731 1536 3072 1608 κατηγορίας
3125 1536 3427 1606 διαφυγεῖν.
3469 1537 3802 1608 Βασιλείουμὲν

2291 1621 2404 1691 οὖν,
2433 1626 2510 1690 ὡς
2541 1626 2600 1680 ἐν
2621 1626 2814 1699 βραχεῖ
2840 1628 3037 1691 εἰπεῖν,
3061 1627 3187 1681 τάδε
3210 1627 3360 1682 αίτια
3382 1628 3478 1698 τῆς
3496 1629 3803 1700 καθαιρέσεως

2291 1718 2589 1775 ἐποιοῦντο.
2616 1717 2915 1773 Εὑσταθίου
2938 1719 3015 1786 δὲ,
3047 1720 3262 1791 πρῶτον
3297 1720 3398 1791 μὲν
3426 1721 3497 1785 ὡς
3518 1721 3663 1792 ἡνίκα
3703 1738 3803 1792 πρε-

2293 1809 2550 1881 σϐύτερος
2576 1805 2644 1881 ἦν
2676 1809 3115 1883 προκατεγνὼκει
3138 1811 3301 1865 αὑτοῦ
3329 1812 3574 1877 Εύλάλιος
3597 1814 3623 1867 ὁ
3647 1812 3802 1884 πατὴρ,

607 1905 756 1959 domi
795 1904 1054 1969 habebat,
1092 1918 1254 1959 sacro
1288 1905 1510 1960 lavacro
1540 1904 1815 1970 tinxisset,
1861 1911 1914 1960 et
1952 1905 2018 1959 ad
2066 1904 2182 1960 dia-

2289 1902 2382 1955 xa‘t
2408 1902 2518 1955 τῶν
2551 1902 2727 1973 εὐχῶν
2755 1902 3053 1974 ἀφώρισεν,
3078 1902 3379 1968 ἐπίσκοπος
3407 1902 3477 1956 ῶν
3508 1903 3599 1973 τῆς
3615 1906 3663 1957 ὲν
3681 1904 3804 1957 Καπ-

608 2004 842 2052 conatus
879 1994 1113 2051 officium
1158 1997 1547 2066 promovisset.
1582 1995 1851 2052 Praeterea
1896 1996 2042 2067 quod
2075 2012 2187 2052 me-

606 2086 793 2141 dicum
842 2088 1136 2158 quemdam
1175 2087 1702 2153 circumforaneum,
1749 2087 1841 2159 qui
1890 2089 2185 2143 multarum

606 2179 836 2233 caedium
890 2188 1086 2234 auctor
1133 2180 1445 2242 exstiterat.
1479 2180 1547 2234 ab
1573 2180 1822 2236 Ecclesia
1860 2195 1968 2235 non
1998 2195 2186 2251 segre-

606 2280 808 2340 gassct.
846 2269 1137 2327 Postremo
1167 2272 1315 2343 quod
1361 2273 1427 2327 ad
1463 2288 1678 2328 sacram
1719 2288 1964 2329 mensam
1993 2272 2186 2343 conju-

607 2365 870 2441 rationes'.
909 2364 1090 2421 facere
1131 2367 1329 2422 solitus
1362 2371 1530 2431 esset,
1564 2365 1712 2420 diras
1764 2365 2189 2443 imprecationcs

607 2454 951 2523 concipiens,
998 2463 1053 2510 et
1108 2455 1347 2510 clericos
1391 2455 1582 2524 jurare
1626 2454 2003 2525 compellens,
2045 2469 2188 2508 nun-

607 2559 773 2611 quam
807 2562 867 2601 se
898 2555 1089 2601 mutuo
1122 2554 1503 2602 accusaturos.
1527 2544 1654 2601 Haec
1685 2557 1864 2601 autem
1898 2545 2095 2601 callide
2119 2546 2187 2600 ab

608 2639 734 2708 ipso
764 2638 882 2694 fieri
913 2639 1189 2706 dicebant,
1229 2649 1286 2693 ut
1318 2639 1436 2710 ipse
1465 2639 1558 2710 qui
1584 2639 1844 2695 universo
1882 2639 2033 2695 clero
2057 2655 2188 2709 prae-

606 2740 746 2792 erat,
779 2729 1192 2785 criminantium
1229 2730 1616 2785 accusationes
1648 2728 1930 2801 effugeret.
1988 2727 2055 2783 Et
2103 2730 2187 2784 hae

605 2822 825 2892 quidem
859 2832 988 2879 sunt
1016 2838 1220 2890 causae,
1248 2832 1309 2878 ut
1339 2824 1663 2894 compendio
1702 2823 1903 2889 dicam,
1935 2823 2004 2878 ob
2047 2836 2185 2892 quas

605 2913 868 2969 Basilium
910 2928 940 2968 a
982 2929 1042 2970 se
1084 2914 1393 2985 depositum
1432 2929 1554 2970 esse
1593 2914 1953 2983 scripserunt.
1986 2911 2185 2967 Eusta-

605 3007 761 3063 thius
809 3017 991 3063 autem
1027 2994 1312 3078 depositus
1351 3015 1456 3075 est,
1505 3007 1742 3077 primum
1792 3005 2014 3075 quidem
2058 3021 2183 3074 pro-

607 3107 795 3172 pterea
824 3099 994 3170 quod,
1027 3115 1152 3154 cum
1186 3099 1478 3171 presbyter
1509 3106 1676 3162 esset,
1695 3105 1849 3168 pater
1879 3098 2055 3168 ipsius
2076 3096 2183 3150 Eu-

607 3194 791 3261 lalius,
816 3194 1111 3264 episcopus
1130 3190 1396 3249 Caesarea:
1416 3191 1796 3263 Cappadociae,
1823 3191 2001 3260 ipsum
2033 3190 2182 3260 prius

605 3285 1055 3347 damnaverat,et
1083 3299 1112 3337 a
1133 3298 1357 3354 precum
1384 3282 1774 3336 communione
1804 3288 2174 3350 separaverat.
2208 3258 2249 3314 (ἶ

604 3373 802 3432 Postea
832 3390 960 3430 vero
986 3390 1051 3430 eo
1084 3374 1231 3444 quod
1261 3373 1404 3444 apud
1430 3372 1839 3428 Neocmsaream
1888 3368 2047 3424 Ponti
2088 3384 2179 3420 ur-

605 3467 728 3522 bem
753 3448 1262 3523 excommunicatus
1301 3465 1478 3518 fuerat
1518 3479 1547 3516 a
1582 3463 1792 3534 synodo
1822 3479 1836 3516 :
1870 3469 1924 3517 et
1968 3460 2037 3515 ab
2071 3458 2179 3513 Eu-

605 3554 760 3610 sebio
815 3550 1393 3624 Constantinopoleos
1427 3552 1689 3622 episeopo
1745 3551 2068 3621 depositus,
2115 3564 2179 3603 eo

605 3646 752 3716 quod
785 3646 840 3700 in
871 3646 1202 3716 quibusdam
1231 3644 1735 3715 dispensationibus
1765 3642 1869 3712 ipsi
1917 3641 2176 3696 commis-

604 3737 708 3803 sis,
740 3751 931 3807 parum
974 3736 1147 3791 lidelis
1176 3733 1551 3806 deprehensus
1582 3735 1797 3790 fuisset.
1828 3731 2033 3788 Deinde
2058 3739 2178 3785 tan-

607 3842 772 3897 quam
803 3841 966 3881 secus
1009 3841 1170 3896 quam
1202 3833 1419 3897 oportet
1452 3824 1780 3896 praedicans,
1815 3833 1871 3879 et
1899 3837 2088 3894 agens,
2123 3831 2177 3878 et

604 3920 874 3984 sentiens,
905 3934 934 3973 a
982 3918 1290 3990 Gangrensi
1339 3918 1577 3973 concilio
1607 3917 1924 3987 episcopatu
1975 3922 2177 3970 exutus

603 4010 818 4067 fuerat:
858 4011 910 4064 in
940 4007 1301 4064 Antiochensi
1332 4016 1515 4063 autem
1552 4006 1762 4078 synodo
1788 4004 2012 4077 perjurii
2045 4019 2178 4060 con-

600 4105 782 4160 victus
819 4113 959 4159 erat.
993 4102 1059 4156 Et
1102 4102 1249 4173 quod
1296 4102 1517 4157 decreta
1557 4116 1744 4157 eorum
1790 4099 1883 4170 qui
1923 4097 2177 4153 Melitiuae

600 4196 919 4268 congregati
948 4197 1186 4262 fuerant,
1208 4195 1527 4251 subvertere
1557 4202 1886 4249 conaretur:
1920 4194 2176 4264 quodque

2289 1993 2517 2065 παδοκίᾳ
2552 1993 2879 2064 Ἐκκλησίας
2907 1994 3247 2065 Καισαρείας
3282 1994 3397 2066 (54)
3420 2010 3435 2025 ‘
3466 1995 3591 2067 μετά
3610 1995 3660 2048 δὲ
3684 1994 3805 2048 τοῦτο

2287 2086 2345 2138 ἐν
2402 2087 2805 2158 Νεοκαισαρείᾳ
2850 2074 2945 2140 τοῦ
2999 2087 3225 2155 Πόντου,
3266 2087 3375 2141 ὑπὸ
3399 2088 3600 2142 συνόδου
3627 2087 3805 2142 ἀκοινὼο

2284 2192 2445 2247 νητος
2469 2176 2752 2245 ἐγεγόνει·
2805 2176 2900 2230 καὶ
2928 2177 3035 2231 ὑπὸ
3081 2178 3346 2232 Εὐσεϐίου
3398 2177 3490 2233 τοῦ
3526 2179 3807 2235 Κωνσταντι-

2287 2268 2595 2332 νουπόλεως
2624 2269 2925 2323 ἐπισκόπου
2946 2269 3247 2342 καθῃρέθη,
3281 2271 3379 2325 ἐπὶ
3403 2270 3675 2341 διοικήσεσί
3699 2288 3805 2324 τισιν

2287 2353 2375 2422 αἷς
2425 2359 2711 2431 ἐπετράπη
2765 2361 3174 2430 καταγνωσθείς
3204 2378 3219 2394 ·
3245 2362 3439 2417 ἔπειτα
3465 2361 3540 2429 δὲ,
3569 2362 3702 2425 ὡςού
3720 2362 3807 2416 δέον

2283 2451 2551 2505 διδάσκων
2580 2469 2639 2505 τε
2674 2453 2768 2506 καὶ
2793 2454 3049 2524 πράττων
3070 2455 3164 2508 καὶ
3210 2456 3447 2527 φρονῶν,
3485 2454 3703 2525 ἀφῃρέθη
3734 2454 3807 2523 τῆς

2286 2542 2593 2612 ἐπισκοπῆς
2619 2543 2773 2615 παρά
2827 2544 2937 2598 τῶν
2978 2548 3035 2600 ἐν
3063 2546 3348 2618 Γάγγραις
3399 2545 3804 2617 συνεληλυθότων·

2285 2638 2379 2691 ἐπὶ
2422 2639 2479 2691 δέ
2533 2640 2633 2708 τῆς
2657 2639 2715 2690 ἐν
2756 2636 3058 2710 Ἀντιοχείᾳ
3115 2637 3338 2691 συνόδου
3391 2637 3535 2708 (35),
3580 2635 3807 2707 ἐπιορκίας

2284 2729 2427 2783 ἐάλω
2449 2745 2464 2760 ο
2497 2730 2590 2782 καὶ
2619 2730 2700 2783 ὅτι
2738 2728 3067 2800 ἀνατρέπειν
3116 2727 3481 2800 ἐπιχειρεῖτά
3499 2727 3699 2794 δόξάντα
3724 2727 3808 2787 mi;

2283 2821 2341 2874 ὲν
2367 2818 2628 2892 Μελιτινῇ
2675 2817 3011 2874 συνελθοῦσι.
3068 2820 3175 2873 Καὶ
3228 2819 3505 2884 πλείστοις
3558 2818 3804 2888 ἐγκλήμασι

2283 2912 2465 2983 ἐνοχος
2518 2912 2616 2978 ὢν,
2669 2911 2926 2983 δικαστὴς
2989 2911 3141 2982 ἠξίου
3180 2906 3347 2977 εἶναι,
3403 2913 3495 2965 καλ⁸
3525 2908 3805 2981 ἐτεροδόξους

2284 3004 2415 3066 τοὺς
2460 3003 2655 3068 ἄλλους
2701 3002 2988 3057 ἀπεκάλει.
3032 3002 3308 3057 Ἐλεύσιον
3359 3003 3416 3056 δὲ
3454 3002 3705 3064 καθεῖλον,
3749 2998 3805 3061 ὡς

2293 3092 2613 3165 Ἡράκλειόν
2658 3109 2779 3147 τινα
2827 3093 3027 3164 Τύριον
3064 3092 3126 3147 τδ
3152 3094 3337 3163 γένος,
3374 3093 3521 3166 ίερέα
3553 3092 3638 3146 τοῦ
3663 3090 3805 3173 ἐνθάδε

2294 3182 2627 3254 Ἡρακλέους
2673 3186 2983 3255 γενόμενον,
3037 3184 3132 3238 ἐπὶ
3190 3184 3423 3256 γοητείᾳ
3464 3183 3713 3254 γραφέντα
3736 3180 3804 3233 καὶ

2284 3273 2544 3345 ζητητέον
2573 3273 2719 3337 ὄντα,
2747 3274 2841 3328 καὶ
2872 3273 2960 3327 διὰ
2984 3272 3144 3328 τοῦτο
3170 3273 3392 3344 φυγάδα
3423 3276 3478 3327 ἐν
3508 3270 3706 3340 Κυζίκῳ
3719 3268 3804 3321 δια-

2283 3366 2537 3438 τρίσοντα
2563 3408 2579 3433 ,
2631 3364 2908 3429 διακονίας
2957 3365 3093 3419 Θεοῦ
3152 3365 3571 3436 ἀπερισκέπτως
3629 3362 3802 3432 ἠξίωσεν

2284 3460 2328 3511 Χ
2337 3458 2709 3530 ριστιανισμὸν
2731 3457 3182 3530 ὑποκρινόμενον,
3211 3458 3305 3511 καὶ
3330 3456 3452 3511 οὐδὲ
3479 3454 3693 3510 τοιοῦτον
3708 3452 3804 3506 εντα

2289 3550 2426 3620 μετά
2481 3549 2656 3605 ταῦτα
2689 3550 2897 3621 μαθὼν,
2935 3552 3032 3622 τῆς
3081 3549 3413 3619 Ἐκκλησίας
3474 3548 3706 3620 ἐχώρισε·
3735 3544 3804 3597 καὶ

2282 3642 2358 3706 ὡς
2389 3643 2540 3713 παρά
2598 3645 2750 3718 Μάρι
2785 3643 2898 3716 ('56)
2932 3642 3026 3697 τοῦ
3060 3643 3410 3716 Χαλκηδόνος
3451 3640 3737 3701 ἐπισκόπου,
3760 3635 3804 3698 ὃς

2283 3734 2560 3790 ἐκοινώνει
2602 3736 2804 3810 ταύτης
2847 3738 2946 3809 τῆς
2977 3737 3217 3805 συνόδου,
3255 3736 3458 3807 ἄνδρας
3483 3731 3804 3804 κατεγνωσμέ-

2281 3845 2428 3893 νους,
2451 3830 2532 3892 εἰς
2556 3828 2796 3894 Κύζικον
2837 3830 3221 3901 ἀφικομένους,
3264 3831 3659 3904 ἐχειροτόνησεν
3683 3822 3802 3894 ἀκρί-

2280 3936 2407 3984 τως.
2452 3921 2762 3993 Ἐορτάσιον
2782 3921 2838 3974 δέ
2859 3920 3129 3986 καθεῖλον,
3174 3922 3250 3987 ὡς
3290 3923 3583 3977 ἐπίσκοπον
3609 3916 3804 3989 Σάρδεων

2281 4012 2572 4082 γενόμενον
2606 4013 2683 4085 μὴ
2714 4013 3146 4067 συναινεσάντων
3187 4014 3300 4067 τῶν
3343 4017 3404 4068 ἐν
3442 4013 3603 4083 Λυδίᾳ
3632 4006 3801 4062 ἐπισκό-

2283 4118 2402 4156 πων
2427 4116 2443 4131 ⁶
2470 4104 2794 4174 Δρακόντιον
2816 4104 2872 4158 δέ
2903 4104 2994 4158 τὸν
3048 4104 3371 4177 Περγάμου,
3410 4106 3487 4168 ὡς
3515 4102 3741 4174 πρότερον
3759 4099 3800 4148 ἐν

2282 4191 2519 4266 Γαλατίᾳ
2562 4196 3000 4252 ἐπισκοποῦνταο
3041 4198 3136 4252 καὶ
3180 4198 3257 4262 ὡς
3302 4198 3611 4270 παράνομον
3634 4192 3716 4264 τὴν
3737 4185 3798 4255 ἐφ’

1805 4420 2076 4478 VALESII
2114 4420 2668 4479 ANNOTATIONES.

675 4579 785 4649 (35)
816 4576 1211 4649 Περιοδευτῂν
1250 4577 1336 4631 δέ.
1372 4576 1462 4632 Sic
1493 4578 1666 4634 Graeci
1692 4585 1892 4645 vocant
1924 4578 2168 4649 medicos

2276 4597 2505 4640 necesse
2552 4588 2655 4638 est.
2712 4579 2875 4635 Miror
2940 4586 3129 4636 tamen.
3174 4577 3441 4634 Basilium
3496 4575 3727 4646 Magnum»
3759 4573 3801 4646 in

601 4641 1088 4723 circuu'nfor'aneos.
1138 4641 1219 4723 De
1259 4649 1459 4723 quibus
1514 4649 1643 4723 vide
1679 4641 1811 4723 qua:
1842 4646 2173 4723 notayjt_Ja-
2209 4649 2249 4703 ι)
2281 4653 2597 4723 supradicta
2641 4652 2874 4723 epistola
2906 4650 3108 4703 nullam
3140 4641 3612 4704 condemnatiouis
3651 4641 3801 4698 Eulalii

601 4720 773 4773 cobus
823 4717 1152 4773 Sirmondus
1208 4717 1261 4771 in
1300 4717 1456 4772 Notis
1490 4718 1555 4773 ad
1604 4717 1935 4773 Ennodium.
1974 4717 2173 4786 Hujus-

604 4789 752 4841 modi
811 4798 990 4843 autem
1035 4789 1228 4844 medici
1278 4789 1632 4843 homicidium
1669 4796 1884 4857 patrare
1940 4793 2174 4857 possunt

602 4858 814 4929 duobus
890 4857 1113 4923 modis,
1207 4867 1301 4914 aut
1368 4874 1463 4927 per
1521 4858 1945 4929 imprudentiam
1980 4895 1995 4921 ,
2081 4862 2175 4929 aut

603 4927 886 4997 scientes:
923 4936 1053 4997 puta
1096 4929 1141 4985 si
1184 4944 1456 4983 venenum
1512 4927 1675 4984 alicui
1716 4928 1969 4984 dederint
2026 4928 2174 4983 occi-

603 4996 764 5051 dendi
810 4997 1038 5055 alterius
1069 5014 1258 5053 causa.

674 5066 785 5137 (54)
821 5068 1178 5135 Ἐπίσκοπος
1202 5068 1287 5121 ὢν
1301 5068 1411 5138 τῆς
1432 5068 1503 5123 ἐν
1523 5066 1917 5135 Καππαδοκίᾳ
1934 5068 2176 5135 Ἐκκλη-

602 5136 743 5207 σίας
768 5140 1147 5206 Καισαρείας.
1184 5136 1397 5192 Mallem
1426 5141 1691 5203 scribere,
1720 5138 1819 5207 τῆς
1857 5139 1913 5189 ἐν
1938 5141 2175 5191 Καππα-

599 5205 771 5259 δοκῶν
802 5205 1108 5280 Καισαρείᾳ
1130 5208 1473 5280 Ἐκκλησίας.
1509 5209 1681 5264 Porro
1704 5205 1984 5280 Eulalium
2030 5210 2176 5280 hunc

601 5283 809 5345 patrem
836 5274 1106 5350 Eustalhii
1141 5274 1475 5350 Sebastenia
1496 5296 1655 5350 quem
1680 5278 2047 5350 iSocratesAac
2077 5279 2176 5331 So-

604 5362 865 5418 zomenus
893 5348 1209 5418 episcopum
1241 5349 1410 5403 fuisse
1447 5348 1635 5404 dicunt
1663 5349 1927 5418 Cesarere
1953 5348 2173 5418 Cappa-

601 5416 793 5477 dot-iac,
843 5416 1220 5486 suecessorem
1277 5419 1444 5473 fuisse
1507 5421 1764 5474 existimo
1816 5416 2174 5486 Hermogenis

600 5486 844 5556 episcopi
884 5485 1167 5544 Caesarem.
1204 5486 1415 5541 Etenim
1463 5484 1834 5557 Hermogenes
1879 5484 2173 5557 episeopus

599 5558 882 5623 Caesarem,
907 5565 1135 5626 accepto
1161 5559 1228 5612 ab
1252 5558 1536 5613 Eustathio
1562 5558 1928 5615 confessionis
1961 5559 2169 5622 libello,

601 5626 977 5697 presbyterum
1007 5642 1130 5681 eum
1172 5627 1544 5693 ordinaverat,
1579 5638 1636 5682 ut
1667 5637 1899 5685 testatur
1928 5627 2172 5697 Basilius

601 5694 945 5767 iniEp'istolai
979 5697 1048 5749 ad
1100 5697 1488 5754 Occidentales.
1547 5699 1680 5754 Cum
1719 5701 1884 5767 igitur
1924 5696 2172 5752 Eulalius

601 5766 891 5839 episcopus
910 5766 1171 5822 Cwsarem
1193 5768 1532 5823 Eustathium
1572 5771 1944 5839 presbyterum
1974 5783 2003 5821 a
2028 5783 2175 5821 com-

604 5837 860 5891 munione
884 5852 1105 5906 precum
1139 5839 1449 5908 removerit,
1479 5837 1803 5911 llcrniogeni
1843 5841 2172 5894 successerit

2278 4721 2612 4777 mentionem
2645 4721 2869 4776 fecisse.
3050 4788 3059 4791 _
3288 4788 3330 4791 __
3491 4785 3535 4791 _
3664 4783 3676 4791 _
3726 4780 3751 4791 4,

2348 4793 2460 4864 (35)
2501 4792 2609 4860 Τῆς
2771 4788 3096 4864 ’ᾼντιοχεζᾳ
3142 4788 3435 4864 συν-ᾅδου.
3491 4783 3801 4864 ﬁtecuAntitr

2277 4855 2454 4918 chena
2486 4855 2750 4933 synodus,
2817 4860 2869 4913 in
2900 4855 3007 4929 qua
3048 4855 3373 4933 Eustathius
3433 4855 3799 4933 perjuriinreus

2277 4924 2566 4987 convictus
2597 4940 2706 4996 est,
2740 4924 2966 5001 prorsus
3006 4930 3137 4984 mihi
3181 4930 3368 5001 ignota
3412 4924 3621 5001 estllle
3647 4924 3795 5001 Metiri;

2277 5005 2435 5058 nensi
2465 5010 2645 5057 autem
2686 4989 2896 5070 sy'nodo
2919 5000 3163 5069 loquitur
3185 4989 3429 5054 B‘asilius
3444 5000 3509 5070 in
3531 4994 3735 5066 epistola

2277 5072 2346 5127 ad
2392 5060 2814 5136 Occidentales;
2877 5060 3376 5140 ubi-Eustathium
3438 5069 3495 5123 in
3535 5060 3595 5122 ea
3636 5060 3800 5140 synodo

2276 5143 2586 5212 depositum
2644 5157 2770 5196 esse
2791 5133 3035 5212 iscribit.
3078 5140 3268 5212 Ambae
3313 5154 3448 5212 vero
3484 5133 3795 5212 istze‘synodi.

2278 5205 2388 5283 tam
2472 5211 2859 5274 Melitinensis,
2915 5225 3081 5283 quam
3145 5205 3801 5283 Antiochena,__aliquantn

2278 5276 2527 5351 tempore
2559 5272 2962 5351 praecesserunt
2987 5278 3341 5351 Seleucieuise
3390 5272 3701 5351 concilium;
3718 5272 3804 5323 Att-

2279 5298 2384 5337 tem
2432 5298 2527 5338 ore
2559 5298 2962 5351 praecesserunt
2987 5298 3341 5334 aeteuctense
3390 5298 3693 5334 concmum.
3718 5298 3801 5323 .m-

2279 5298 2532 5408 tiocﬁena
2572 5352 2739 5426 igitur
2764 5350 3009 5426 synodus
3043 5349 3112 5403 de
3132 5366 3239 5426 qua
3269 5350 3364 5403 hic
3409 5349 3642 5426 loquitur
3673 5341 3801 5426 Sese;

2277 5438 2493 5486 menus,
2522 5436 2583 5476 ea
2621 5420 2856 5475 fortasSe
2894 5420 3010 5489 ipsa
3055 5430 3138 5473 est
3193 5421 3246 5473 in
3294 5435 3409 5489 qua
3453 5420 3703 5486 Georgius
3725 5424 3790 5477 cpt

2278 5490 3225 5578 SC9P1'.S.‘}'9’F?"".'.‘?,deﬁlgl‘ﬂl'}

2345 5555 2458 5633 (36)
2489 5563 2721 5633 "00mg
2743 5559 2913 5633 ζιιοὶριΣ
2947 5555 3222 5614 Ιηόοιιὶοθ
3246 5555 3558 5633 Ὲιιιςοιίοηο
3584 5555 3800 5633 scriptum

2276 5622 2383 5696 est,
2412 5622 2488 5694 ὥς
2524 5632 2653 5701 περὶ
2671 5622 2849 5701 Μάρίιῖ
2876 5630 3055 5701 Quare
3076 5646 3187 5683 non
3224 5628 3421 5701 dubito
3442 5631 3571 5697 quin
3607 5622 3798 5701 scribcn:

2275 5692 2403 5756 dum
2433 5692 2524 5765 sit,
2548 5692 2646 5771 die:
2674 5692 2824 5771 παρὰ
2855 5692 3028 5771 Μξάρι,
3066 5709 3172 5754 etc.
3216 5692 3295 5751 lta
3353 5692 3518 5771 etiam
3571 5697 3799 5771 τηις-ρος

2274 5759 2587 5825 θηιυηόςινὶι
2615 5759 2856 5825 Ἰσροὶιιις
2883 5759 3249 5826 Gothofredus
3303 5771 3359 5823 in
3398 5769 3542 5823 notis
3576 5765 3635 5821 ad
3659 5759 3800 5816 Ρίιίιοο

2278 5842 2569 5908 storgium,
2606 5856 2731 5909 pag.
2765 5840 2889 5896 246.
