4056 6326
467 349 609 407 1197

1426 352 1761 412 HISTORIA
1799 356 2361 420 ECCLESIASTICA.
2402 394 2461 409 —
2506 364 2635 422 LIB.
2675 366 2761 421 IV.

3572 375 3714 434 “98

460 468 660 533 αὑτοὺς
683 470 1090 545 καθαιρεῖσθαιο
1125 472 1250 538 τοὺς
1281 472 1337 526 δὲ
1370 474 1491 528 κατ’
1522 474 1675 540 ἐθνος
1708 478 2019 532 ἐπισκόπου,

2142 483 2435 555 episcopos
2469 501 2535 542 ex
2564 500 2666 542 suo
2691 501 2947 556 numero,
2980 487 3073 557 qui
3103 488 3539 559 depositionibus
3576 497 3712 551 sub-

459 560 767 626 συνιόντας,
791 563 912 617 ἀντὶ
942 563 1122 618 αὑτῶν
1157 567 1478 635 χειροτονεῖν
1506 566 1744 638 ἐτέρους.
1791 568 1943 622 Ἐπεὶ
1979 571 2036 624 δὲ

459 646 631 702 ταῦτα
683 653 868 715 αὑτοῖς
918 652 1270 707 ἐϐεϐούλευτο
1300 654 1394 708 καὶ
1422 655 1500 719 είς
1538 654 1698 727 ἔργον
1724 651 1865 725 ἷκτο,
1901 660 2036 731 γρά-

458 756 617 809 φουσι
649 744 762 807 τοῖς
785 744 1060 816 πανταχοῦ
1096 746 1416 811 ἐπισκόποις
1459 749 1555 802 καὶ
1585 749 1887 823 κληρικοῖς,
1907 753 2034 807 τάδε

458 828 750 897 φυλάττειν
810 831 907 886 καὶ
954 833 1254 888 ἐπιτελεῖν·
1313 836 1379 888 ἐκ
1420 833 1609 889 τούτου
1638 854 1719 902 τε,
1749 838 1809 890 οὑ
1854 837 2034 909 πολλῷ

457 915 682 989 ὕστερον
701 920 1181 987 ἀντικαθίστανται
1210 922 1347 994 πρὸς
1366 922 1475 977 τῶν
1494 924 1637 994 ἀμφὶ
1655 924 1745 977 τὸν
1762 925 2032 993 Εὑδόξιον,

455 1007 615 1072 ἄλλος
647 1009 821 1082 ἄλλῳ·
851 1013 1168 1084 Μακεδονίῳ
1210 1031 1269 1066 τε
1306 1014 1470 1077 αὑτὸς
1500 1014 1770 1082 Εὑδόξιος,
1803 1016 1897 1070 καὶ
1930 1016 2035 1068 Βα-

458 1101 642 1172 σιλείῳ
682 1104 1032 1168 Ἀθανάσιοςο
1077 1105 1174 1159 καὶ
1215 1105 1474 1177 Ἐλευσίῳ
1517 1107 1802 1178 Εὑνόμιος,
1837 1107 1896 1172 ὃς
1936 1108 2036 1181 ἀρ-

2143 576 2389 632 scribere
2416 577 2836 647 detrectabant,
2886 580 3182 650 separatim
3213 595 3376 652 agere
3399 583 3712 653 jusserunt,

2141 675 2195 721 et
2229 683 2410 738 neque
2450 668 2639 725 divino
2667 670 2985 726 ministerio
3030 670 3206 742 fungi,
3235 688 3413 743 neque
3449 678 3714 735 ecclesias

2145 757 2304 828 172
2350 775 2479 817 suas
2522 760 2854 831 gubernare,
2904 762 3077 821 donec
3109 764 3549 835 depositionibus
3603 771 3714 828 illis

2139 850 2624 921 subscripsissent.
2666 850 2824 918 Quod
2858 856 2905 910 si
2958 856 3104 911 intra
3138 871 3233 913 sex
3282 850 3558 915 me'nsium
3592 877 3713 932 spa-

2139 937 2273 992 tium
2311 955 2418 994 non
2449 942 2834 1012 resipuissent,
2869 960 2969 1001 nec
3000 948 3265 1005 omnibus
3293 951 3491 1021 synodi
3523 950 3710 1008 decre-

2090 1072 2095 1077 .
2138 1028 2208 1083 tis
2229 1043 2293 1084 ac
2337 1031 2505 1101 gestis
2554 1035 2984 1103 consensissent,
3037 1038 3188 1109 ipsos
3247 1055 3470 1112 quoque
3515 1042 3716 1112 deponi

2135 1120 2423 1189 jusserunt
2449 1142 2464 1178 z
2488 1131 2656 1195 utque
2683 1126 2928 1199 episcopi
2958 1131 3395 1203 uniuscujusque
3424 1134 3719 1204 provinciae

455 1192 621 1261 χηγὺς
645 1192 782 1264 μετὰ
810 1192 982 1248 ταῦτα
1008 1195 1225 1265 ἐγένετο
1249 1196 1351 1267 τῆς
1382 1198 1478 1250 ἀπ’
1509 1197 1674 1252 αὐτοῦ
1695 1199 2019 1272 καλουμένης

2142 1208 2308 1265 simul
2338 1215 2756 1285 convenientes,
2793 1218 2848 1272 in
2891 1234 3080 1275 eorum
3122 1222 3304 1278 locum
3336 1224 3473 1280 alios
3516 1226 3718 1281 subro-

454 1283 721 1352 αῑρέσεως
789 1286 909 1339 ἀντὶ
928 1287 985 1340 δὲ
1004 1287 1326 1353 Εὑσταθίου,
1357 1288 1618 1354 Μελέτιος
1637 1291 1736 1364 τὴν
1770 1294 1828 1346 ἐν
1866 1293 2036 1347 Σεϐα-

456 1375 608 1445 στείᾳ
645 1377 968 1448 Ἐκκλησίαν
996 1379 1299 1451 ἐπετράπη.

2142 1306 2358 1369 garent.
2386 1300 2523 1357 Cum
2562 1303 2676 1359 haec
2709 1307 2780 1362 ab
2822 1307 2933 1365 illis
2964 1312 3215 1367 consulta
3263 1321 3318 1368 et
3359 1314 3427 1369 ad
3458 1314 3721 1370 eﬂ‘ectum

2146 1391 2409 1461 perducta
2444 1402 2657 1460 essent,
2694 1399 2950 1457 omnibus
2980 1401 3188 1471 ubique
3221 1403 3464 1460 locorum
3507 1408 3721 1477 episco-

454 1462 539 1530 pis
565 1472 620 1517 et
648 1465 865 1527 clericis
896 1467 1237 1538 scripserunt
1277 1476 1336 1524 ut
1376 1467 1493 1525 haec
1526 1471 1906 1539 observarent,
1950 1482 2005 1529 et
2041 1481 2384 1535 exsecutioni
2418 1485 2766 1542 mandarent.
2792 1489 2982 1560 Itaque
3004 1462 3147 1548 haud
3180 1497 3352 1551 multo
3424 1462 3566 1567 posti,
3624 1498 3717 1554 alii

454 1549 510 1607 in
540 1553 773 1633 aliorum
801 1555 985 1611 locum
1016 1557 1301 1614 substituti
1329 1568 1457 1615 sunt
1487 1560 1556 1615 ab
1615 1560 1978 1620 Eudoxianis.
2036 1568 2104 1623 Et
2145 1568 2199 1624 in
2232 1569 2534 1629 Macedonii
2571 1574 2791 1647 quidem
2827 1549 3008 1636 locum
3043 1549 3343 1645 Eudoxiusv
3392 1549 3720 1660 ipsesuﬂ'e-

452 1654 577 1702 ctus
614 1656 737 1715 est;
771 1648 825 1703 in
854 1649 1035 1704 locum
1062 1659 1245 1707 autem
1273 1650 1462 1709 Basilii
1486 1652 1856 1723 Athanasius;
1884 1654 2189 1717 Eunomius
2214 1678 2368 1732 vero,
2398 1665 2445 1722 is
2478 1668 2567 1738 qui
2603 1676 2792 1738 postea
2839 1674 3080 1732 nominis
3121 1679 3208 1733 sui
3271 1648 3521 1737 haeresim
3591 1700 3720 1741 con-

451 1736 611 1804 didit,
669 1739 722 1794 in
757 1741 942 1795 locum
984 1740 1194 1798 Eleusii
1243 1751 1328 1799 est
1387 1743 1762 1815 subrogatus;
1814 1749 2052 1821 denique
2087 1752 2337 1812 Meletius
2389 1736 2654 1816 Sebastia:
2692 1759 2991 1820 Ecclesiam
3033 1767 3152 1825 vice
3199 1736 3477 1828 Eustathii
3524 1736 3717 1847 regen-

452 1830 575 1886 dam
608 1834 869 1904 suscepit.

1024 1970 1273 2025 ΚΕΦΑΛ.
1325 1972 1470 2039 Kq'.

455 2080 709 2156 Τελευτῂ
727 2082 1118 2156 ,Μακεδονίου
1154 2086 1619 2156 Κωνστᾳντίνου
1640 2090 1872 2156 πόλεως
1892 2107 1903 2120 ο
1932 2092 2028 2144 καὶ

520 2150 579 2224 τί
607 2149 909 2224 διδάσκων
932 2154 1170 2224 εἴρηκεν
1203 2157 1236 2208 ό
1272 2154 1582 2220 Εὐδόξιος’
1607 2157 1705 2210 καὶ
1730 2160 1812 2224 ὠς
1840 2149 2028 2213 Εὐδό-

519 2220 795 2296 ξιος-καὶ-
836 2220 1111 2296 Ἀκάὲιιος
1141 2224 1399 2296 πλεῖστα
1424 2295 1429 2296 γ
1450 2220 1801 2293 ἔσπευσαν,⁷
1821 2228 1934 2296 τήν
1967 2248 2030 2285 τε

520 2291 591 2366 ἐκ
618 2291 833 2366 Νικαίςξ
856 2294 1083 2366 πίστιν,
1119 2293 1217 2366 καὶ
1266 2292 1381 2366 τὴν
1407 2295 1478 2348 ἐν
1510 2291 1800 2366 Ἀριμήνφ
1830 2291 1897 2352 ἐκ
1921 2301 2029 2354 τοῦ

439 2371 443 2374 '
514 2360 710 2435 μέσον
740 2362 964 2435 θεῖναι-⁸
988 2364 1087 2416 καὶ
1117 2363 1264 2435 ὅσος
1291 2360 1551 2434 τάραχος
1566 2360 1863 2423 ’ἐίρτὲῦθεν
1900 2370 2029 2435 ταῖς

532 2432 923 2499 Ἐκκλησίαις
939 2432 1288 2503 ἐπισυνέϐη.
1443 2432 1476 2434 ’⁷
1746 2508 1749 2515 Ι

531 2541 874 2615 Ἀφαιρεθεὶς
917 2544 973 2599 δὲ
1013 2546 1347 2612 Μακεδόνιος
1386 2551 1485 2620 τὴν
1512 2549 2027 2605 Κωνσταντινουπό-

444 2634 582 2699 λεως
608 2634 1047 2706 Ἐκκλησίαν,εἱ’ς
1066 2655 1119 2691 τι
1145 2639 1298 2708 παρὰ
1328 2639 1500 2704 πύλας
1523 2642 1721 2712 χωρίον
1736 2642 2023 2714 διέτριϐεν’

445 2724 576 2780 ἔνθα
643 2728 737 2780 καὶ
775 2728 1148 2800 ἐτελεύτησεν.
1184 2730 1432 2796 Εὑδόξιος
1471 2732 1526 2785 δὲ
1554 2735 1654 2805 τὴν
1700 2735 2026 2807 Ἐκκλησίαν

447 2818 746 2889 κατέσχεν’
795 2821 959 2891 ήνίκα
1005 2821 1069 2895 δὴ
1124 2824 1503 2879 Κωνσταντίου
1544 2827 1604 2880 τὸ
1647 2821 1892 2893 δέκατον,
1931 2831 2026 2884 καὶ

453 2909 742 2965 Ἰουλιανοῦ
771 2911 864 2965 τοῦ
891 2914 1171 2985 Καίσαρος
1215 2915 1275 2968 τὸ
1312 2916 1495 2987 τρίτον
1528 2918 1931 2987 ὑπατευόντων,
1961 2922 2022 2974 τὸ

443 3002 659 3075 πρῶτον
685 3003 1060 3076 ἐκκλησιάζων
1092 3006 1184 3060 ἐπὶ
1215 3009 1280 3079 τῇ
1309 3008 1686 3083 τελεσιουργίᾳ⁸
1714 3011 1814 3082 τῆς
1849 3014 2021 3084 μεγά-

441 3093 544 3166 λης
580 3097 898 3167 ἐκκλησίας,
940 3099 1007 3170 ἢν
1052 3100 1251 3170 Σοφίαν
1297 3101 1645 3173 ὀνομάζουσι,
1684 3103 1898 3171 λέγεται
1927 3105 2021 3159 ἐπὶ

440 3183 503 3237 τὸ
528 3181 621 3237 τοῦ
651 3186 839 3257 ἱερέως
861 3187 1066 3254 ἀναϐὰς
1091 3190 1262 3261 βῆμα,
1283 3185 1370 3246 οἷα
1384 3192 1448 3263 δὴ
1474 3191 1565 3246 τὸν
1582 3192 1708 3246 λαὸν
1731 3193 2018 3260 διδάσκων,

437 3274 739 3346 ἀρχόμενος
762 3277 855 3331 τοῦ
880 3279 1037 3347 λόγου
1070 3283 1270 3335 εἰπεῖν·
1298 3282 1375 3346 ὡς
1392 3286 1421 3337 ό
1452 3283 1551 3354 μὲν
1577 3284 1764 3356 Πατὴρ
1791 3285 2017 3358 ἀσεϐής.

434 3364 468 3418 δ
509 3366 567 3420 δὲ
626 3368 752 3432 Υἱὸς
783 3370 1034 3441 εὐσεϐής.
1091 3371 1499 3443 Θορυϐήσαντος
1522 3375 1577 3429 δὲ
1613 3375 1708 3428 τοῦ
1765 3376 2017 3448 πλήθους,

450 3457 512 3511 Ἢ
522 3462 758 3529 ρεμεῖτε,
782 3461 906 3532 ἔφη·
930 3465 957 3516 ό
976 3462 1075 3534 μὲν
1091 3464 1280 3536 Πατὴρ
1302 3465 1525 3536 ἀσεϐὴς,
1549 3468 1632 3521 ὅτι
1649 3467 1836 3522 οὐδένα
1851 3469 2015 3537 σέϐει*

433 3554 465 3606 ό
498 3552 553 3604 δὲ
579 3552 703 3617 Υἱὸς
734 3554 984 3626 εὐσεϐὴς,
1020 3557 1101 3610 ὅτι
1142 3557 1365 3631 Πατέρα
1400 3558 1567 3615 σέϐει.
1600 3561 1709 3614 Καὶ
1739 3564 1769 3615 ό
1798 3562 1896 3634 μὲν
1916 3557 2018 3616 ὧδε

434 3642 626 3708 εἰπὼν,
657 3646 737 3708 είς
770 3644 983 3713 γέλωτα
1037 3648 1164 3710 τοὺς
1205 3646 1506 3717 ἀκούοντας
1536 3650 1819 3720 μετέϐαλε.
1845 3652 2014 3724 Κοινῇ

432 3734 492 3788 δὲ
521 3735 603 3787 ὅτι
672 3734 905 3804 μάλιστα
955 3737 1115 3802 αὑτός
1143 3756 1202 3791 τε
1245 3742 1340 3793 καὶ
1370 3739 1624 3806 Ἀκάκιος
1654 3744 1835 3797 πᾶσαν
1865 3745 2015 3797 ἐποι-

436 3827 600 3880 οῦντο
648 3828 904 3898 σπουδὴν,
951 3830 1030 3892 είς
1060 3830 1231 3901 λήθην
1262 3832 1415 3900 ἄγειν
1446 3834 1654 3898 πάντας
1679 3835 1788 3888 τῶν
1823 3838 1879 3889 ἐν
1914 3836 1962 3889 Ν
1970 3856 2015 3890 ι-

433 3919 568 3988 καίᾳ
586 3918 873 3987 δοξάντων,
909 3922 1005 3975 καὶ
1046 3923 1143 3992 τὴν
1171 3924 1609 3992 ἀναγνωσθεῖσαν
1640 3928 1698 3980 ἐν
1740 3928 2015 3999 Ἀριμήνῳ

434 4012 677 4082 γραφὴν,
733 4012 850 4082 μεθ’
902 4007 977 4067 ὧν
1006 4014 1160 4068 αὐτοὶ
1192 4016 1643 4086 προστεθείκασιν
1674 4018 1750 4082 ὡς
1786 4019 2012 4091 διορθώ-

433 4119 641 4166 σοντες,
693 4105 797 4157 ἀνὰ
861 4107 969 4159 πᾶν
1017 4105 1077 4159 τὸ
1114 4107 1354 4178 ὑπήκοον
1398 4107 1729 4179 ἐξέπεμψαν,
1767 4110 2013 4173 καὶτοὺς

428 4196 605 4267 ταύτῃ
640 4195 714 4269 μὴ
737 4197 1155 4268 ὑπογράφοντας
1186 4199 1433 4253 ἐκέλευον
1452 4201 1717 4272 ὑπερορίᾳ
1743 4203 1886 4272 φυγῇ
1919 4200 2015 4270 ζη-

433 4287 711 4358 μιοῦσθαι,
739 4289 879 4342 κατὰ
907 4288 1234 4360 πρόσταγμα
1268 4290 1363 4345 τοῦ
1400 4290 1683 4361 βασιλέως.
1717 4287 1846 4345 ’Ὧδε
1878 4292 2009 4363 γὰρ,

431 4380 618 4449 φησὶν,
638 4380 969 4434 ἐσπούδαστο
988 4380 1120 4451 (40),
1144 4381 1511 4453 λογιζομένοις
1521 4384 1727 4438 ἀκονιτὶ
1738 4386 1836 4454 τῆς
1857 4401 2013 4438 σπου-

427 4471 532 4539 δῆς
559 4471 967 4538 ἐπιτεύξασθαι.
993 4473 1066 4526 Τὸ
1083 4474 1140 4527 δὲ
1154 4470 1222 4545 ἦν
1242 4474 1383 4547 ἀρχὴ
1403 4475 1671 4546 μεγίστων
1694 4476 2007 4547 συμφορῶν·

429 4563 682 4634 ἐμφερὴς
711 4563 767 4617 δὲ
816 4558 884 4634 ἦν
931 4566 1042 4629 τοῖς
1072 4565 1381 4636 εἰρημένοις
1410 4565 1646 4639 τάραχος
1677 4567 1782 4621 ἀνά
1823 4569 1930 4621 πᾶν
1951 4569 2012 4620 τὸ

2725 1987 2879 2043 CAP.
2921 1989 3113 2048 XXVI.
3228 1982 3231 1985 1

2134 2091 2211 2146 De
2238 2093 2385 2185 obitu
2419 2080 2723 2178 Macedonii
2755 2099 3307 2185 {laniantinqpoﬁtqni
3333 2113 3617 2185 episcopi:
3660 2128 3711 2173 et

2202 2163 2328 2269 φάς
2352 2165 2878 2269 ἰηπητροιαιεοησξοιξο
2909 2163 3550 2269 deﬂendam}???
3562 2163 3713 2269 Qui}:

2204 2250 2286 2269 inn
2330 2251 2358 2269 η
2454 2253 2482 2269 ll
2528 2253 2680 2269 nﬂ'OOl.
2729 2257 2753 2269 Δ
2867 2260 3040 2269 4------
3144 2248 3158 2269 3
3173 2265 3188 2269 Α
3204 2265 3269 2269 μ--
3288 2268 3295 2269 κ
3330 2268 3353 2269 ρ
3450 2264 3460 2269 -
3526 2258 3541 2269 Α
3670 2260 3683 2269 ο

2204 2233 2358 2286 modo
2402 2234 2680 2311 Ειιςιραςίιῳ
2725 2250 2775 2294 et
2813 2242 3040 2299 Aeacius
3081 2233 3462 2307 Niceratum—vett
3491 2233 3710 2311 ’Ᾱνίίπῖ-

2203 2315 2414 2392 nertsent
2463 2306 2592 2392 ﬁdei
2631 2308 2919 2392 formulam
2954 2314 3165 2373 abolere
3206 2323 3349 2392 omni
3390 2306 3483 2392 ope

2202 2375 2373 2457 sint”:
2425 2385 2478 2457 e_t_
2528 2375 2756 2446 quantus
2797 2396 2863 2434 ea:
2915 2400 2979 2438 ea
3034 2402 3090 2440 re
3141 2375 3709 2452 tumultusI'Eccle-siis

2202 2453 2499 2514 contigerit.

2199 2556 2466 2651 Curta—rum
2521 2559 2893 2635 Macedonius,
2928 2566 3535 2644 Constantinopolitana
3578 2594 3709 2651 spo-

2130 2644 2295 2703 liatus
2322 2644 2587 2716 Ecclesia,
2618 2652 2673 2706 in
2705 2652 2883 2710 locum
2913 2659 3205 2728 quemdam
3242 2662 3397 2732 juxta
3430 2667 3583 2724 urbis
3611 2644 3707 2726 re-

2127 2736 2230 2806 giae
2278 2748 2465 2806 portas
2514 2756 2574 2797 se
2629 2748 2884 2816 recepit,
2939 2747 3124 2818 ibique
3188 2761 3493 2812 extremum
3557 2760 3705 2817 diem

2129 2827 2266 2882 obiit
2293 2831 2332 2884 '.
2366 2829 2649 2890 Eudoxius
2675 2851 2804 2891 vero
2829 2837 2949 2907 ejus
2970 2840 3091 2897 loco
3115 2841 3415 2901 Ecclesiam
3435 2848 3700 2921 obtinuit,

2126 2919 2452 2980 Constantio
2479 2928 2728 2997 Augusto
2766 2928 2970 2999 decies,
3019 2942 3073 2989 et
3114 2933 3335 2994 Iuliano
3370 2939 3584 2999 Caesare
3615 2919 3701 3001 ter

2126 3015 2474 3072 consulibus.
2530 3018 2652 3085 Quo
2697 3022 2917 3091 quidem
2977 3032 3246 3097 tempore,
3281 3044 3405 3085 cum
3458 3035 3698 3104 primum

2125 3105 2336 3174 plebem
2372 3109 2657 3180 colligeret
2712 3113 2766 3167 in
2794 3112 3144 3173 dedicatione
3195 3136 3407 3192 magnae
3453 3125 3702 3185 ecclesia:

2124 3212 2289 3267 quam
2323 3196 2587 3270 Sophiam
2615 3212 2838 3273 vocant,
2870 3220 3173 3266 conscenso
3212 3215 3540 3271 sacerdotali
3570 3234 3701 3291 sug-

2049 3332 2091 3391 C
2124 3295 2304 3359 gestu,
2346 3299 2536 3363 utpote
2584 3296 3015 3357 concienaturus
3056 3302 3122 3356 ad
3163 3305 3449 3374 populum,
3498 3307 3613 3364 haec
3642 3308 3699 3364 in

2123 3377 2247 3448 ipso
2280 3381 2554 3438 sermonis
2586 3384 2817 3441 exordio
2859 3386 3067 3446 dixisse
3112 3390 3286 3447 I‘ertur
3324 3411 3338 3447 :
3372 3392 3531 3451 Pater
3569 3398 3696 3467 qui-

2122 3468 2248 3524 dem
2282 3470 2486 3541 impius
2516 3480 2622 3536 est,
2652 3473 2823 3533 Filius
2867 3487 3046 3534 autem
3077 3482 3224 3551 pius.
3257 3482 3503 3556 Cumque
3543 3488 3697 3558 plebs

2118 3559 2551 3618 tumultuaretur
2577 3580 2591 3618 :
2615 3562 3023 3636 Conquiescite,
3061 3571 3259 3642 inquit.
3283 3572 3448 3631 Pater
3473 3578 3694 3648 quidem

2120 3650 2323 3721 impius
2352 3659 2456 3720 est,
2491 3665 2783 3726 propterea
2833 3661 2978 3727 quod
3009 3664 3285 3720 neminem
3331 3668 3482 3723 colit.
3523 3667 3695 3726 Filius

2118 3759 2251 3797 vero
2284 3745 2428 3815 pius,
2467 3747 2596 3815 quia
2630 3750 2762 3803 colit
2806 3748 3045 3807 Patrem.
3079 3752 3200 3820 Quo
3229 3756 3398 3826 dicto,
3427 3761 3698 3816 auditori-

2117 3835 2224 3890 bus
2256 3837 2428 3892 risum
2475 3837 2664 3895 movit.
2693 3839 2866 3897 Porro
2907 3849 3023 3898 tam
3061 3845 3181 3915 ipse
3215 3862 3381 3917 quam
3433 3852 3692 3918 Aeacius,

2119 3926 2283 3981 simul
2310 3928 2510 3999 juncti,
2544 3934 2695 3985 omni
2729 3946 2833 4003 ope
2868 3933 3192 3991 laborarunt
3230 3947 3287 3992 ut
3338 3952 3530 3997 eorum
3570 3958 3694 4014 qua:

2116 4018 2309 4075 Nica‘a:
2337 4029 2541 4078 statuta
2569 4022 2792 4080 fuerant
2839 4028 3159 4082 memoriam
3196 4042 3264 4084 ex
3300 4031 3542 4087 omnium
3571 4036 3692 4090 ani-

2116 4113 2222 4167 mis
2254 4113 2553 4167 abolerent.
2596 4113 2663 4168 Et
2693 4114 2820 4171 Iidei
2857 4114 3145 4203 formulam
3180 4135 3304 4191 quae
3336 4122 3573 4180 Arimini
3604 4142 3692 4183 re-

2116 4203 2281 4258 citata
2311 4211 2418 4270 est,
2474 4218 2585 4259 una
2618 4220 2744 4259 cum
2803 4196 3191 4265 additamentis
3246 4225 3371 4280 quae
3418 4212 3521 4283 ipsi
3576 4221 3692 4270 tan-

2114 4309 2278 4364 quam
2303 4308 2424 4349 eam
2456 4294 2756 4350 correcturi
2787 4294 3127 4366 adjecerant,
3159 4297 3228 4353 ad
3253 4313 3445 4357 omnes
3474 4303 3688 4374 imperii

2114 4383 2347 4439 Romani
2381 4383 2695 4455 provincias
2721 4384 2991 4441 miserunt
3025 4405 3040 4443 :
3077 4402 3283 4460 eosque
3318 4391 3413 4461 qui
3454 4392 3581 4448 huic
3625 4392 3689 4448 li-

2113 4474 2202 4531 dei
2248 4475 2600 4532 subscribere
2645 4476 2995 4543 renuissent,
3048 4478 3103 4532 in
3151 4480 3404 4537 exsilium
3447 4483 3687 4555 ablegari

2109 4566 2396 4637 jusserunt
2423 4581 2490 4622 ex
2518 4567 2867 4637 imperatoris
2897 4567 3176 4624 mandato.
3206 4570 3266 4625 ld
3290 4571 3434 4627 enim
3464 4573 3541 4628 illi
3573 4583 3687 4630 stu-

429 4653 674 4723 ὑπήκοον
699 4671 711 4684 ·
770 4654 864 4707 καὶ
896 4654 996 4718 τὰς
1050 4654 1325 4726 πανταχοῦ
1394 4656 1724 4728 Ἐκκλησίας
1770 4658 2009 4728 διωγμὸς

2120 4657 2371 4722 duerant,
2421 4671 2546 4711 cum
2592 4657 2973 4713 existimarent
3012 4671 3072 4713 se
3118 4659 3225 4713 hoc
3255 4666 3418 4728 pacto
3463 4674 3527 4716 ea
3566 4678 3687 4733 quae

429 4741 549 4815 εἶχε
597 4734 879 4818 μονονουχὶ
910 4748 1284 4819 παραπλήσιος
1316 4751 1429 4812 τοῖς
1473 4749 1601 4820 πρὶν
1634 4749 1726 4803 ἐπὶ
1754 4750 1860 4803 τῶν
1924 4751 2011 4804 ἑλ-

428 4837 698 4908 ληνιστῶν
730 4838 1012 4909 βασιλέων.
1046 4842 1110 4894 Εἰ
1142 4841 1249 4912 γὰρ
1272 4844 1396 4904 ταῖς
1425 4843 1506 4905 εἰς
1531 4841 1691 4911 σῶμα
1717 4843 2008 4913 τιμωρίαις

431 4931 800 5001 μετριώτερος
844 4931 1036 4995 ἐδόκει,
1075 4931 1453 5001 χαλεπώτερος
1503 4932 1727 4995 εἰκότως
1776 4935 1887 4996 τοῖς
1947 4929 2007 4987 εὖ

427 5020 709 5091 φρονοῦσι,
749 5022 835 5077 διὰ
890 5022 986 5093 τὴν
1018 5022 1280 5093 αἰσχύνην
1330 5023 1601 5090 ἐφαίνετο.
1647 5025 1848 5094 ’Λμφω
1875 5024 2003 5098 γὰρ,

425 5111 457 5165 ὃ
496 5127 556 5163 τε
605 5110 813 5164 διώκων
854 5112 949 5165 καὶ
984 5115 1010 5164 ό
1038 5112 1387 5181 διωκόμενος,
1430 5116 1495 5167 ἐκ
1533 5116 1633 5185 τῆς
1678 5117 2003 5187 Ἐκκλησίας

432 5203 705 5273 ὥρμηντο.
733 5204 842 5256 Καὶ
865 5203 1115 5257 τοσοῦτον
1150 5204 1372 5274 αἰσχρὸν
1404 5205 1465 5257 τὸ
1496 5208 1686 5272 κακὸν,
1723 5208 1845 5262 ὅσον
1866 5208 2003 5278 πρὸς

513 5377 528 5405 ¹
556 5374 714 5430 Socr.
742 5378 838 5431 lib.
872 5393 931 5443 ιι,
960 5392 1008 5432 c.
1042 5377 1134 5431 4⁸5.

2112 4748 2314 4804 vellent
2348 4746 2512 4803 facile
2539 4747 2880 4818 perfecturos
2920 4762 3060 4803 esse.
3092 4746 3296 4804 Verum
3338 4764 3402 4805 ea
3435 4766 3523 4807 res
3561 4769 3687 4824 gra-

2112 4840 2461 4895 vissimarum
2510 4839 2885 4896 calamitatum
2921 4853 3088 4894 causa
3137 4839 3365 4896 exstitit.
3413 4841 3550 4897 Nam
3589 4859 3686 4914 per

2112 4930 2432 4986 universum
2459 4930 2649 4986 orbem
2697 4930 3005 4984 liomanum
3057 4930 3325 4986 tumultus
3367 4948 3477 4988 non
3535 4935 3687 4991 dissi-

2110 5024 2257 5079 milis
2298 5023 2367 5078 iis
2422 5037 2561 5093 quos
2612 5036 2778 5092 supra
2831 5020 3125 5077 retulimus
3180 5031 3404 5079 exortus
3452 5036 3574 5092 est,
3630 5038 3687 5083 et

2112 5130 2304 5171 omnes
2334 5115 2539 5186 ubique
2586 5113 2864 5169 Ecclesias
2905 5112 3153 5184 quaedam
3185 5119 3343 5187 quasi
3378 5118 3681 5188 persecutio

2111 5208 2424 5276 occupavit,
2460 5206 2771 5277 cujusmodi
2804 5205 2936 5260 olim
2970 5205 3072 5260 sub
3099 5206 3335 5265 ethnicis
3387 5210 3675 5280 impcrato—

1626 5532 1889 5588 VALESII
1923 5533 2478 5591 ANNOTATIONES.

500 5681 777 5764 (4.0)Ὧῷ
813 5687 940 5764 γὰρ,
989 5687 1198 5757 φησὶν,
1237 5685 1644 5742 ἐσπούδαστο.
1698 5688 1889 5743 Scribe
1941 5705 2019 5745 me

2120 5690 2365 5758 periculo,
2398 5685 2497 5747 ὧδε
2526 5692 2631 5764 γὰρ
2670 5694 2849 5761 σφίσιν
2880 5690 3230 5745 ἐσπούδαστο.
3267 5689 3413 5745 Nihil
3467 5691 3674 5745 certius

426 5757 533 5812 hac
563 5758 961 5813 emendatione.
