4056 6326
488 410 625 468 H39

1961 408 2307 466 SOZOMENI

3586 419 3696 474 1200

486 531 640 587 ribus
675 536 920 600 grassata
952 527 1148 583 fuerat.
1182 526 1291 582 Etsi
1319 528 1461 582 enim
1495 527 1634 593 haec,
1673 528 1818 599 quod
1841 528 2050 598 quidem

2176 531 2254 602 τῷ
2281 529 2584 600 ὁμοφύλους
2627 529 2690 582 τὰ
2721 528 2993 600 πολεμίων
3030 530 3162 601 δρᾷν
3207 529 3361 601 (ω’),
3389 531 3606 603 καὶπερὶ
3626 537 3702 587 ἀλα

485 621 553 677 ad
589 624 874 678 cruciatus
911 622 1137 686 attinet,
1169 620 1454 676 remissior
1479 621 1792 688 videbatur,
1823 623 2062 693 pruden-

487 717 632 770 tibus
661 722 844 768 tamen
869 712 1000 786 viris
1031 722 1254 783 propter
1307 712 1590 767 infamiam
1634 715 1745 769 visa
1792 725 1874 769 est
1911 729 2069 770 acer-

2171 621 2432 692 λοφύλους
2458 619 2734 683 τοιούτους
2760 613 2922 685 εἶναι,
2946 619 2974 672 ὁ
2996 619 3272 690 ἱερατικὸς
3311 619 3502 692 θεσμὸς
3533 623 3704 693 ἀπηγό-

2177 731 2389 784 ρευσεν.

484 809 623 862 bior.
653 805 887 876 Utrique
907 807 1078 871 enim,
1101 815 1155 860 et
1189 807 1234 860 is
1263 807 1356 877 qui
1385 806 1842 876 persequebatur,
1862 816 1917 862 et
1944 809 2037 863 ille
2065 808 2160 878 qui
2188 807 2630 878 persecutionem
2660 806 2988 872 sustinebat,
3013 820 3079 862 ex
3119 804 3360 860 Ecclesia
3385 805 3530 875 173
3550 815 3701 861 erant.

483 902 770 971 Tantoque
823 900 1040 971 turpius
1097 909 1218 956 erat
1264 901 1316 955 id
1381 901 1606 969 malum,
1645 910 1856 973 quanto
1907 902 2130 972 gravius
2164 910 2247 957 est
2295 902 2560 957 adversus
2600 901 2832 956 tribules
2873 907 2927 955 et
2964 907 3252 970 cognatos,
3289 913 3352 954 ea
3400 915 3514 970 qua:
3550 901 3706 956 hostes

481 997 662 1052 solent
714 1002 1034 1066 perpetrare
1072 1011 1086 1051 :
1132 1009 1260 1049 cum
1300 1003 1487 1050 tamen
1529 997 1720 1052 divina
1756 997 1840 1051 lex
1896 997 2187 1066 prohibeat
2227 1013 2295 1052 ne
2345 999 2614 1052 adversus
2659 1002 2952 1049 extraneos
2996 991 3269 1062 ejusmodi
3315 991 3493 1046 animo
3536 993 3702 1048 simus.

1057 1084 1210 1140 CAP.
1259 1085 1471 1142 XXVII.

480 1178 758 1246 Quomodo
797 1177 1146 1252 Macedonius
1186 1189 1468 1250 postquam
1499 1197 1529 1235 ε
1563 1181 1682 1235 sede
1726 1198 1825 1236 sua
1863 1183 2056 1252 ejectus

545 1259 647 1310 est,
683 1251 931 1303 adversus
965 1247 1226 1321 Spiritum
1251 1247 1494 1304 sanctum
1525 1252 1684 1321 impie
1715 1247 1918 1306 locutus
1942 1254 2011 1306 sit
2038 1268 2056 1315 ;

546 1329 747 1393 et__quo
792 1329 947 1393 pacto
1000 1318 1395 1393 Marathonius,
1431 1337 1539 1375 una
1589 1318 1706 1376 eum
1739 1323 2058 1393 quibusdam

547 1389 670 1442 aliis
696 1431 710 1455 ,
755 1389 866 1457 ejus
908 1388 1150 1443 hwresim
1187 1392 1358 1444 auxit.

544 1478 769 1536 Novitas
797 1489 976 1534 autem
1002 1495 1132 1534 cum
1176 1480 1527 1549 laudaretur,
1561 1483 1735 1553 magis
1774 1483 2061 1556 magisque

474 1569 740 1634 increvit,
786 1576 841 1624 et
896 1569 962 1623 ad
1014 1585 1104 1624 res
1140 1571 1386 1641 quotidie
1418 1573 1702 1628 novandas
1735 1575 2008 1644 processit
2041 1591 2053 1628 :

474 1660 731 1731 fastuque
797 1668 852 1715 et
914 1663 1230 1732 arrogantia
1296 1663 1480 1732 elata,
1539 1665 1816 1735 despectis
1866 1667 2057 1735 patriis

471 1751 1007 1817 constitutionibus,
1063 1753 1308 1823 privatas
1348 1755 1495 1826 leges
1545 1755 1893 1811 constituit‘.
1947 1755 2056 1812 Nec

2756 1085 3008 1139 ΚΕΦΑΛ.
3031 1085 3157 1136 ΚΖ’.

2175 1182 2270 1246 Ὠς
2295 1179 2444 1250 μετὰ
2469 1180 2532 1250 τὸ
2587 1177 2874 1250 ἐκστῆναι
2919 1175 3027 1250 ’τοῆ
3073 1175 3310 1250 θρόνορ,
3379 1174 3706 1250 Μακεδόνιος

2233 1244 2386 1304 κὰτά
2413 1249 2520 1303 τοῦ
2547 1251 2719 1318 ἁγίου
2752 1245 3193 1318 ἐϐλασφήμησε
3222 1244 3590 1318 [habitataq-
3614 1247 3708 1318 καὶ

2233 1320 2321 1374 ὅτι
2352 1313 2734 1386 Μαραθώνιος
2765 1317 2887 1370 σὺν
2929 1313 3144 1379 ἄλλοις
3175 1313 3291 1381 τὴν
3330 1314 3555 1368 ἐκείνου
3577 1316 3708 1383 αἵρε-

2233 1406 2337 1445 σιν
2368 1391 2670 1460 ηὔξησαν.

2246 1484 2311 1536 Ἥ
2343 1483 2400 1536 δὲ
2428 1482 2674 1552 κοινότης
2708 1481 2820 1553 (41)
2873 1476 3240 1548 ἐπαινουμένη
3272 1475 3353 1528 ἔτι
3396 1475 3581 1546 μᾶλλον
3627 1477 3706 1528 έπ-

2166 1575 2361 1638 εδίδου,
2384 1576 2476 1628 καὶ
2508 1573 2644 1645 πρὸς
2658 1570 3025 1643 νεωτερισμὸν
3059 1563 3247 1637 εἷρπεν
3273 1585 3286 1596 '
3319 1566 3708 1631 ἀπαυθαδειαζο-

2167 1669 2308 1738 μένη
2362 1684 2421 1719 τε
2472 1667 2567 1720 καὶ
2609 1666 2718 1718 τῶν
2779 1661 3064 1734 πατρικῶν
3108 1659 3535 1731 ὑπερφρονοῦσα,
3573 1659 3710 1722 ἰδίους

2163 1757 2328 1811 ἐτίθει
2379 1757 2598 1826 νόμους.
2639 1755 2751 1808 Καὶ
2796 1756 2863 1806 τὰ
2891 1753 3030 1806 αὑτά
3075 1755 3188 1815 τοῖς
3211 1750 3573 1821 ἀρχαιοτέροις
3601 1749 3709 1819 περὶ

470 1844 660 1901 eadem
693 1861 818 1899 cum
848 1845 1246 1900 vetustioribus
1280 1851 1486 1904 sentire
1511 1848 1578 1904 de
1619 1848 1728 1904 Deo
1752 1850 2016 1906 sustinuit
2045 1869 2050 1904 :

2163 1847 2298 1901 Θεοῦ
2325 1847 2570 1914 δοξάζειν
2603 1847 2704 1898 οὐκ
2751 1842 2922 1914 ἠξίου.
2968 1843 3080 1896 Ἀεὶ
3139 1843 3195 1895 δὲ
3249 1840 3377 1906 ξένα
3422 1841 3711 1912 περινοοῦσα

471 1937 566 1994 sed
607 1936 894 2007 peregrina
938 1937 992 1990 in
1035 1935 1153 1992 dies
1193 1937 1449 2009 dogmata
1499 1941 1816 2010 excogitans
1846 1982 1861 2008 ,
1919 1957 2062 1996 nova

393 2035 405 2045 '
471 2027 631 2084 novis
675 2027 1025 2083 accumulare
1058 2043 1343 2099 nunquam
1374 2031 1606 2087 destitit.
1640 2033 1804 2099 Quod
1837 2035 2062 2105 quidem

471 2119 636 2175 etiam
696 2127 828 2175 tunc
879 2119 1099 2176 accidit.
1156 2120 1454 2192 Postquam
1505 2124 1652 2178 enim
1699 2124 2060 2181 Macedonius

470 2211 1078 2281 Constantinopolitana
1112 2223 1312 2268 exutus
1343 2222 1427 2269 est
1463 2213 1706 2271 Ecclesia
1730 2255 1748 2284 ,
1803 2233 1912 2272 non
1946 2235 2063 2272 am-

468 2303 614 2373 plius
651 2303 900 2358 eamdem
941 2319 1067 2358 cum
1111 2305 1316 2362 Acacio
1356 2315 1410 2362 et
1450 2307 1702 2363 Eudoxio
1743 2310 2058 2379 opinionem

469 2396 664 2449 tenuit.
698 2393 942 2449 Docebat
984 2396 1129 2450 enim
1168 2395 1369 2452 Filium
1399 2400 1621 2468 quidem
1677 2399 1846 2455 Deum
1892 2417 2016 2457 esse
2041 2441 2058 2468 ,

466 2500 563 2555 per
585 2485 768 2540 omnia
803 2475 1040 2541 similem
1079 2487 1224 2542 l’atri
1248 2528 1263 2553 ,
1298 2489 1544 2562 adeoque
1579 2492 1886 2547 secundum
1923 2494 2058 2550 sub-

466 2577 762 2644 stantiam;
791 2576 1058 2648 Spiritum
1089 2595 1225 2636 vero
1248 2591 1524 2648 sanctum,
1555 2583 1805 2652 ejusdem
1828 2584 2059 2643 honoris

465 2673 522 2721 et
557 2664 845 2738 dignitatis
899 2676 1180 2739 expertem
1228 2685 1350 2727 esse
1402 2673 1732 2729 asserebat:
1789 2672 2058 2729 famulum

465 2773 532 2813 ac
570 2759 884 2814 ministrum
926 2774 1049 2815 eum
1097 2761 1412 2831 appellans,
1457 2774 1513 2819 et
1563 2779 1906 2836 quaecunque
1950 2764 2060 2818 alia

464 2848 740 2920 quispiam
763 2849 829 2905 de
856 2851 1068 2920 angelis
1095 2852 1286 2909 dicens
1311 2894 1326 2921 ,
1360 2870 1472 2910 non
1503 2855 1865 2912 aberraverit.
1899 2855 2059 2911 Eam-

465 2938 589 2994 dem
648 2954 772 2994 cum
817 2941 910 2996 illo
956 2943 1274 3012 Opinionem
1338 2947 1575 3017 amplexi
1624 2957 1755 3004 sunt
1799 2947 2055 3004 Eleusius

463 3040 520 3088 et
562 3034 884 3091 Eustathius
927 3043 980 3091 et
1015 3037 1210 3108 reliqui
1253 3053 1446 3095 omnes
1507 3040 1598 3110 qui
1639 3055 1704 3097 eo
1745 3049 1993 3112 tempore
2026 3055 2057 3096 a

2161 1940 2428 2008 δόγματα,
2464 1938 2564 1991 οὐκ
2610 1937 2808 2008 ἠρέμει
2835 1936 2942 1988 τῶν
2975 1933 3177 1988 καινῶν
3219 1935 3548 2004 καινοτέροις
3571 1951 3711 1986 σπου-

2161 2033 2416 2095 δάζουσα,
2443 2030 2630 2100 ὥσπερ
2662 2029 2725 2101 δὴ
2753 2031 2848 2083 καὶ
2877 2027 2972 2082 νῦν
2990 2027 3210 2099 συνέϐη.
3242 2026 3459 2097 Ἐπειδὴ
3493 2025 3590 2098 γὰρ
3609 2027 3711 2080 Μα-

2161 2123 2397 2186 κεδόνιος
2430 2120 2682 2193 ἀφῃρέθη
2715 2121 2812 2191 τὴν
2849 2118 3476 2180 Κωνσταντινουπόλεως
3510 2117 3712 2187 Ἐκκλη-

2163 2215 2306 2274 σίαν,
2352 2214 2534 2267 οὐκέτι
2593 2211 2992 2284 παραπλησίως
3045 2208 3258 2275 ἐδόξαζε
3317 2213 3435 2272 τοῖς
3471 2210 3604 2280 ἀμφὶ
3638 2209 3714 2262 τὸν

2179 2307 2429 2360 Ἀκάκιον
2465 2306 2558 2358 καὶ
2589 2304 2860 2368 Εὐδόξιον.
2895 2290 3183 2372 Είσηγεῖτδ
3231 2301 3287 2355 δὲ
3323 2301 3416 2356 τὸν
3455 2301 3572 2354 Υίὸν
3601 2301 3714 2353 Θεὸν

2160 2396 2320 2462 εἶναι,
2350 2399 2491 2452 κατά
2525 2399 2703 2452 πάντα
2732 2414 2791 2451 τε
2826 2393 3064 2450 καῖκατ⁹
3087 2394 3275 2448 οὐσίαν
3297 2395 3481 2465 ὅμοιον
3513 2393 3582 2463 τῷ
3617 2394 3713 2445 [Ια-

2158 2493 2267 2564 τρί.
2299 2493 2370 2544 Τὸ
2397 2491 2455 2544 δὲ
2483 2491 2638 2559 ἅγιον
2684 2489 2931 2559 Πνεῦμα,
2965 2489 3192 2560 ἄμοιρον
3219 2487 3332 2540 τῶν
3387 2487 3556 2540 αὐτῶν
3602 2501 3716 2555 πρε-

2164 2585 2361 2640 σϐείων
2381 2582 2734 2654 ἀπεφαίνετο,
2752 2582 2998 2636 διάκονον
3024 2582 3119 2635 καὶ
3138 2580 3419 2651 ὑπηρέτην
3437 2578 3624 2659 καλῶν,
3637 2578 3716 2632 καὶ

2157 2674 2260 2727 ὃσα
2304 2674 2434 2744 περὶ⁴
2487 2671 2598 2725 τῶν
2651 2670 2810 2725 θείων
2872 2671 3118 2740 ἀγγέλων
3166 2670 3342 2739 λέγων
3385 2687 3490 2735 τις,
3542 2669 3632 2720 οὐκ
3661 2668 3716 2721 ἂν

2157 2768 2418 2840 ἁμάρτοι.
2470 2765 2687 2836 Ταύτης
2742 2765 2800 2818 δὲ
2863 2765 2962 2834 τῆς
3003 2763 3161 2834 δόξης
3213 2762 3535 2816 ἐκοινώνουν
3567 2759 3715 2828 αὐτῷ,

2172 2859 2442 2923 Ἐλεύσιός
2471 2875 2530 2910 τε
2565 2857 2659 2910 καὶ
2686 2856 3001 2919 Εὑστάθιος,
3029 2855 3124 2909 καὶ⁵
3159 2856 3273 2908 ὅσοι
3299 2856 3425 2909 τότε
3467 2853 3608 2924 παρά
3626 2853 3716 2904 τῶν

2159 2952 2225 3006 ὲκ
2287 2951 2386 3021 τῆς
2444 2948 2694 3011 ἐναντίας
2749 2947 3011 3017 αἱρέσεως
3062 2948 3120 2999 ἐν
3172 2942 3715 3000 Κωνσταντινουπόλει

2159 3041 2545 3114 καθῃρέθησαν
2565 3058 2580 3073 ’
2609 3035 2691 3102 οἷς
2713 3039 2813 3092 οὐκ
2838 3038 2992 3108 ὀλίγη
3028 3041 3190 3109 μοῖρα
3214 3036 3310 3091 τοῦ
3350 3037 3478 3092 λαοῦ
3504 3036 3718 3090 ἐπείθετο

463 3115 756 3181 contrariae
803 3128 1087 3182 sententia:
1139 3131 1509 3188 assertoribus
1558 3130 1792 3204 depositi
1835 3134 2050 3191 fuerant

2159 3131 2300 3188 κατά
2335 3130 2434 3202 τὴν
2461 3128 3055 3193 Κωνσταντινούπολιν,
3103 3126 3360 3182 Βιθυνίαν
3390 3145 3447 3180 τε
3488 3126 3577 3180 καὶ
3597 3125 3718 3197 Θρᾴ-

462 3215 960 3288 Constantinopoli.
994 3218 1207 3285 Quibus
1249 3221 1396 3276 haud
1443 3194 1645 3294 exigua
1682 3240 1810 3295 pars
1866 3225 2050 3295 populi

2161 3241 2264 3296 κην
2295 3194 2404 3278 καὶ.
2434 3224 2846 3295 Ἑλλήσποντον,
2881 3223 2977 3274 καὶ
3006 3220 3076 3274 τὰ
3109 3219 3271 3290 πέριξ
3309 3220 3462 3289 ἔθνη.
3497 3218 3598 3271 Καὶ
3628 3194 3718 3287 ψὰρ
3784 3239 3789 3244 -

465 3305 692 3362 adhaesit
718 3349 734 3374 ,
767 3317 876 3362 tam
908 3309 1391 3382 Constantinopoli
1430 3327 1593 3382 quam
1621 3329 1716 3385 per
1740 3314 2052 3382 Thraciam,

463 3399 775 3472 Bithyniam
805 3441 819 3466 ,
855 3412 908 3456 et
944 3402 1356 3471 Hellespontum
1379 3446 1394 3471 ,
1425 3404 1798 3476 ﬁnitimasque
1828 3408 2056 3476 provin-

463 3492 600 3546 cias.
653 3490 787 3544 Nam
816 3492 1036 3546 vivendi
1073 3494 1215 3546 ratio
1237 3537 1251 3560 ,
1281 3509 1445 3563 quam
1475 3497 1670 3566 vulgus
1706 3498 2053 3567 potissimum

463 3592 712 3654 spectare
743 3585 902 3648 solet.
940 3583 1362 3657 haudquaquam
1394 3589 1450 3642 in
1481 3590 1591 3645 illis
1619 3591 1890 3660 culpanda
1911 3602 2052 3650 erat.

463 3673 677 3728 Etenim
718 3675 969 3730 incessus
1004 3676 1224 3744 quidem
1284 3693 1474 3734 eorum
1524 3681 1729 3750 gravis;
1765 3681 2056 3754 disciplina

463 3781 596 3821 vero
651 3768 967 3822 monasticae
1013 3767 1213 3824 similis
1253 3767 1376 3824 fuit.
1428 3771 1509 3827 Ad
1559 3773 1672 3828 haec
1718 3791 1901 3831 sermo
1942 3795 2053 3834 non

465 3859 795 3914 invenustus
817 3901 831 3926 ,
863 3870 913 3914 et
951 3861 1227 3932 ingenium
1261 3861 1328 3916 ad
1361 3865 1804 3933 persuadendum
1832 3883 2052 3925 accom-

462 3949 766 4004 modatum.
799 3949 1121 4022 Cujusmodi
1153 3961 1280 4008 tunc
1313 3953 1488 4010 fuisse
1520 3956 1728 4010 dicitur
1768 3957 2051 4016 Maratho-

463 4044 622 4096 nius:
661 4041 753 4112 qui
797 4058 862 4097 ex
900 4044 1203 4099 rationario
1240 4047 1463 4115 publico
1499 4047 1662 4103 oﬂicii
1712 4051 2052 4120 przefecturae

455 4135 823 4204 praetorianae,
855 4149 980 4190 cum
1016 4149 1150 4203 opes
1185 4139 1456 4192 maximas
1495 4138 1598 4198 sibi
1633 4151 2048 4210 comparasset,

461 4225 614 4280 ﬁnita
667 4227 896 4290 militia,
943 4242 1217 4297 aegrorum
1265 4244 1330 4283 ac
1371 4245 1672 4301 pauperum
1721 4233 1825 4288 sub
1857 4235 2049 4290 eodem

454 4325 608 4372 tecto
642 4316 958 4387 degentium
995 4333 1182 4372 curam
1227 4321 1414 4390 gessit.
1459 4320 1657 4378 Postea
1689 4339 1839 4392 vero,
1877 4341 2048 4383 suasu

462 4408 737 4463 Eustathii
767 4408 1033 4462 Sebastia:
1065 4411 1332 4480 episcopi,
1371 4416 1732 4471 monasticam
1761 4419 2050 4489 amplexus

460 4509 546 4555 est
595 4501 760 4554 vitam
817 4518 830 4553 :

461 4591 982 4661 Constantinopoli,
1025 4591 1172 4658 quod
1210 4593 1276 4647 ad
1314 4606 1560 4650 nostram
1605 4615 1780 4668 usque
1824 4611 2040 4658 :Btatem

464 4685 724 4746 continua
793 4683 1147 4739 successione
1203 4690 1594 4754 perseveravit.
1666 4691 1816 4748 llanc
1877 4709 2044 4764 porro

542 4859 557 4890 ί
611 4856 770 4912 Socr.
794 4856 891 4910 lib.
931 4872 996 4920 ll,
1019 4872 1070 4912 c.
1103 4855 1191 4912 45.

2156 3315 2219 3385 δὴ
2243 3315 2338 3368 καὶ
2371 3314 2438 3367 τὰ
2464 3315 2588 3384 περὶ
2615 3313 2708 3366 τὸν
2734 3311 2868 3382 βίον,
2909 3303 2954 3378 ᾧ
2991 3309 3228 3381 μάλιστα
3267 3309 3342 3362 τὰ
3383 3307 3556 3379 πλήθη
3583 3321 3723 3377 προσ-

2157 3405 2269 3474 έχει
2303 3405 2394 3457 τὸν
2415 3403 2562 3465 νοῦν,
2603 3395 2922 3471 οὔφαύλως
2976 3398 3138 3470 εἶχον.
3192 3399 3428 3470 Πρόοδός
3461 3416 3517 3452 τε
3541 3397 3640 3466 γὰρ
3664 3391 3719 3464 ἦν

2155 3498 2339 3558 αὐτοῖς
2375 3497 2576 3567 σεμνή·
2614 3495 2707 3548 καὶ
2738 3493 3094 3563 παραπλησία
3135 3494 3395 3562 μοναχοῖς
3441 3493 3474 3562 ἡ
3518 3488 3718 3558 ἀγωγήο

2157 3589 2250 3642 καὶ
2303 3588 2460 3656 λόγος
2497 3587 2596 3640 οὐκ
2659 3585 2927 3655 ἄκομψος,
2960 3583 3055 3637 καὶ
3110 3577 3242 3655 ἦθος
3280 3582 3493 3635 πείθειν
3539 3577 3715 3632 ἱκανόν.

2157 3676 2282 3736 Οίον
2298 3681 2362 3754 δὴ
2390 3683 2509 3734 τότε
2529 3682 2622 3735 καὶ
2646 3679 3006 3751 Μαραθώνιον
3036 3677 3292 3746 γενέσθαι
3327 3677 3492 3747 φασίν
3510 3692 3522 3704 ·
3554 3675 3607 3734 ὃς
3627 3671 3719 3724 ἀπὸ
3775 3665 3778 3672 ’

2154 3773 2428 3845 ψηφιστοῦ
2455 3773 2713 3844 δημοσίου
2737 3773 2848 3843 (42)
2871 3770 2978 3824 τῶν
3000 3771 3106 3823 ὑπὸ
3124 3771 3248 3832 τοὺς
3273 3769 3554 3840 ὑπάρχους
3584 3780 3720 3835 στρα·

2153 3864 2385 3930 τιωτῶν,
2419 3864 2647 3918 πλοῦτον
2700 3863 2868 3917 πολὺν
2916 3861 3193 3926 συλλέξας,
3231 3861 3426 3931 ἐπειδὴ
3461 3859 3554 3928 τῆς
3576 3873 3719 3926 στρα-

2153 3959 2274 4020 τιᾶς
2333 3956 2632 4020 ἐπαύσατο,
2682 3956 2956 4017 συνοικίας
3011 3956 3312 4007 νοσούντων
3375 3955 3471 4007 καὶ
3510 3949 3718 4019 πτωχῶν

2155 4049 2475 4120 ἐπεμελεῖτο
2501 4066 2514 4081 ·
2576 4049 2715 4120 μετὰ
2763 4049 2820 4100 δὲ
2861 4046 3055 4109 ταῦτα,
3107 4047 3401 4110 πείσαντος
3443 4041 3715 4098 Εὐσταθίον

2152 4139 2248 4194 τοῦ
2273 4141 2602 4205 Σεϐαστείας
2643 4140 2968 4202 ἐπισκόπου,
3021 4139 3112 4192 τὸν
3149 4139 3453 4210 ἀσκητικὸν
3479 4137 3585 4207 βίον
3636 4135 3718 4185 ἐπ-

2153 4233 2335 4306 ῄνεσε,
2377 4235 2470 4287 καὶ
2502 4233 2779 4287 συνοικίαν
2813 4229 3065 4302 μοναχῶν
3089 4231 3146 4285 ὲν
3168 4224 3717 4284 Κωνσταντινουπόλει

2155 4325 2537 4394 συνεστήσατο,
2597 4325 2632 4394 ἢ
2668 4323 2762 4376 καὶ
2800 4320 2862 4385 ἐξ
2911 4321 3120 4374 ἐκείνου
3165 4321 3337 4374 εἰσέτι
3367 4319 3464 4374 νῦν
3487 4321 3596 4372 ἐστι
3619 4318 3718 4374 ταῖς

2153 4417 2424 4487 διαδοχαῖς
2457 4415 2759 4486 σωζομένη.
2811 4413 2937 4467 Ἐπὶ
2992 4412 3244 4467 τοσοῦτον
3274 4413 3333 4466 δὲ
3360 4412 3532 4481 ταύτῃ
3559 4407 3619 4478 τῇ
3645 4406 3715 4457 αἰ-

885 4509 939 4553 et
987 4501 1300 4555 sodalitium
1355 4507 1752 4561 monachorum
1807 4508 2046 4565 instituit

2157 4511 2302 4582 ρέσει
2335 4510 2538 4580 σπουδῇ
2559 4508 2653 4562 καὶ
2673 4508 2949 4579 χρήμασιν
2979 4505 3127 4569 ἰδίοις
3159 4505 3512 4566 συνελάὁετο,
3537 4502 3607 4564 ὡς
3640 4497 3717 4591 καὶ

2153 4603 2288 4674 πρός
2327 4620 2488 4655 τινων
2517 4599 2977 4672 Μαραθωνιανοὺς
3009 4599 3136 4662 τοὺς
3167 4597 3509 4653 Μακεδονίου
3545 4590 3716 4662 ὄνομα·

2153 4692 2361 4758 ζεσθαι,
2415 4695 2539 4766 ἐμοὶ
2587 4695 2753 4758 δοκεῖ,
2807 4694 2907 4746 οὐκ
2950 4691 3276 4755 ἀπεικότως.
3344 4693 3596 4746 Φαίνεται
3627 4685 3718 4754 γὰρ

1687 4948 1955 5004 VALESH
1991 4951 2550 5014 ANNOTATIONES.

533 5069 677 5146 μιν),
700 5069 893 5146 Ὅσον
941 5067 1090 5146 πρὸς
1139 5066 1220 5146 τῷ
1255 5064 1601 5146 ὁμοφύλους
1646 5065 1717 5146 rd
1746 5068 2048 5146 πολεμίων

461 5137 632 5207 δρᾶν.
662 5139 717 5193 In
747 5139 936 5194 codice
983 5137 1287 5193 Fuketiano
1321 5137 1590 5208 scriptum
1625 5143 1712 5191 est
1753 5137 1878 5190 ὅσον
1908 5139 2047 5208 πρὸς

461 5211 523 5262 τὸ
569 5209 870 5279 ὁμοφύλους
903 5209 972 5262 τὰ
1008 5207 1484 5279 πολεμίωνᾲδρᾷη
1539 5214 1592 5259 et
1635 5217 1763 5279 post
1811 5207 2040 5279 verbum

461 5276 873 5350 Spiv'apposita
924 5287 1008 5335 est
1059 5276 1235 5350 media
1276 5276 1601 5350 distinctios
1646 5276 2036 5350 Subaudienda

464 5347 812 5403 autem‘mtnt
841 5351 954 5419 haec
989 5349 1174 5411 verba,
1225 5347 1425 5419 μᾶλλον
1463 5348 1632 5419 δεινόν
1657 5349 1806 5419 ἐστιν
1829 5350 1862 5418 ἡ
1900 5349 2038 5419 πρὸς

457 5419 805 5487 ἀλλοφύλους.
853 5418 1081 5488 Vulgata
1139 5417 1317 5473 tamen
1360 5418 1524 5471 lectio
1557 5417 1685 5472 ferri
1721 5417 1901 5488 poteSt
1936 5417 2042 5473 hoc

459 5505 626 5545 sensu
660 5507 671 5541 :
701 5490 768 5544 Et
789 5499 935 5544 tanto
960 5487 1163 5558 turpius
1190 5496 1303 5543 erat
1329 5487 1425 5542 hoc
1452 5488 1672 5553 malum,
1697 5487 1895 5558 quanto
1938 5506 2039 5542 non

403 5593 410 5608 .
457 5559 626 5612 solum
644 5577 767 5632 erga
791 5560 1007 5614 tribules
1032 5559 1227 5632 hostili
1245 5575 1386 5632 more
1401 5562 1660 5632 grassari,
1679 5576 1852 5632 verunt
1880 5560 2038 5632 etiam

457 5645 580 5701 erga
607 5629 886 5686 extraneos
932 5631 1279 5685 sacerdotalis
1317 5630 1402 5682 lea:
1429 5629 1684 5701 prohibet.
1706 5630 2036 5701 Sacerdoti-

461 5698 562 5821 :ius
607 5706 750 5757 cnim
807 5718 874 5757 ne
925 5701 1190 5758 adversus
1235 5702 1446 5755 hostem
1494 5698 1714 5768 quidem
1750 5700 1920 5756 armis
1959 5702 2036 5756 uti

485 5779 613 5821 lcet.
1987 5783 1991 5786 ’

448 5779 613 5823 ⁵11001..
1987 5783 1991 5786 ’

532 5841 645 5908 (ιι)
705 5843 775 5896 ’11
802 5843 869 5894 δὲ
917 5844 1216 5913 κοινότης.
1281 5843 1644 5899 Scrihendum
1700 5852 1784 5898 cst
1841 5842 2034 5913 procul

2155 5071 2345 5146 dubio_
2377 5075 2650 5146 καινότης,
2708 5085 2766 5130 ut
2819 5076 3364 5146 Christophorsonus
3411 5086 3465 5131 et
3493 5075 3715 5131 Savilius

2153 5142 2471 5214 emendant.
2504 5142 2675 5199 Paulo
2707 5159 2830 5214 post
2860 5165 2925 5214 ex
2957 5142 3148 5205 codice
3200 5147 3510 5203 Fuketiano
3549 5161 3716 5202 emen-

2150 5212 2470 5303 όαγξὲὶπρίξς
2491 5212 2856 5303 νεωτεριῖσμὸν
2885 5213 3095 5303 εἷρπενι.

2221 5283 2331 5354 (42)
2367 5283 2472 5358 Ὃς
2531 5283 3005 5358 ψηφιστὸῦ
3052 5289 3374 5358 δημοσίου.
3431 5288 3486 5342 Ι(Ι
3519 5295 3620 5347 est,
3660 5299 3714 5337 ex

2149 5354 2466 5429 numerario
2497 5356 2658 5429 oﬂicii
2684 5354 3072 5427 przefectorum
3109 5354 3390 5429 praetorio.
3424 5359 3498 5411 De
3521 5358 3602 5429 his
3625 5369 3713 5429 nu-

2151 5425 2402 5495 literariis
2423 5428 2627 5480 mentio
2655 5423 2711 5481 lit
2745 5430 2797 5482 in
2828 5429 3030 5486 Codice
3049 5423 3374 5495 Theodosii,
3409 5439 3463 5484 et
3497 5429 3547 5481 in
3581 5423 3715 5495 Νυιὶτ

2149 5493 2224 5548 tia
2283 5495 2497 5563 imperii
2528 5497 2780 5553 Romani.
2840 5500 3005 5554 Multa
3038 5502 3105 5556 de
3141 5502 3226 5555 his
3259 5493 3395 5553 olim
3449 5497 3623 5553 notavi
3657 5493 3711 5545 ad

2149 5563 2360 5642 librutn
2386 5582 2453 5642 xv
2481 5567 2752 5642 Ammiani
2796 5569 3121 5633 Marcellini,
3155 5587 3276 5642 pag.
3313 5571 3408 5624 8t.
3445 5567 3502 5622 In
3528 5565 3712 5642 Notitia

2148 5635 2382 5711 imperii
2419 5634 2648 5711 Romani
2681 5642 2826 5694 inter
2878 5634 3416 5711 olliciales'ptﬁefemi
3475 5634 3716 5711 ιιῑτριςιιζῖο

2147 5720 2243 5774 per
2291 5705 2570 5762 Orientem
2600 5707 2709 5762 duo
2751 5720 3113 5766 recensentur
3161 5705 3491 5768 numerarii:
3531 5710 3588 5764 In
3616 5706 3709 5764 his.

2147 5776 2264 5830 auri
2295 5791 2474 5842 unus;
2518 5792 2809 5848 operarum
2846 5781 3002 5837 alter.
