4056 6326
412 411 542 473 1201

1357 419 1685 482 HISTORIA
1719 426 2281 489 ECCLESIASTICA.
2322 463 2390 474 —
2420 432 2549 491 LIB.
2580 434 2666 491 [Vs

3513 443 3651 502 ηυξ

409 533 567 602 μόνος
605 525 758 599 οὗτος
815 536 951 606 μετά
987 536 1099 592 τῶν
1124 538 1405 605 συνοίκων,
1450 541 1542 595 τοῦ
1571 543 1646 615 μὴ
1694 543 1942 598 παντελῶ

411 623 683 644 ,___,_.,,,__
742 625 835 644 η.
890 642 899 644 _
1005 627 1019 644 .
1121 628 1143 644 ..
1324 630 1339 644 .
1408 632 1451 644 ..
1879 632 1913 644 .-

2045 586 2053 610 ι
2083 546 2334 644 haeresim
2415 557 2531 607 tum
2572 551 2758 609 studio
2781 593 2795 620 ,
2829 561 2942 611 tum
2978 553 3172 628 apibus
3217 559 3332 615 suis
3365 566 3652 644 tantOpcre

404 623 708 693 ἀποσϐῆναι
736 625 941 697 ταύτην
967 627 1065 699 τὴν
1085 628 1293 699 αἵρεσιν
1321 630 1380 683 ὲν
1408 632 1974 687 Κωνσταντινουπόλει

401 714 572 778 αἴτιος
591 716 899 787 γενόμενος.
937 719 1053 789 Ἀφ’
1080 712 1143 774 οὗ
1176 721 1284 792 γὰρ
1311 721 1589 795 καθῃρέθη
1621 723 1974 787 Μακεδόνιος,

399 803 523 858 οὔτε
570 805 920 880 Ἐκκλησίας,
965 804 1090 865 οὔτε
1127 813 1456 877 ἐπισκόπους
1490 813 1602 885 (45)
1632 808 1776 884 εἶχον
1811 813 1972 885 μέχρι

397 896 497 967 τῆς
538 897 812 969 ’Δρκαδίου
865 901 1160 971 βασιλείας.
1219 905 1293 957 Οὐ
1350 904 1459 974 γὰρ
1530 904 1869 977 συνεχώρουν
1919 906 1970 957 οἱ

408 988 639 1059 Ἀρείου,
703 991 911 1057 πάντας
963 995 1088 1058 τοὺς
1114 996 1373 1061 ὲναντίως
1411 992 1730 1061 δοξάζοντας
1759 997 1823 1050 ὲκ
1860 994 1970 1052 τῶν

407 1077 741 1150 Ἐκκλησιῶν
771 1082 1163 1154 ἐξελαύνοντες,
1194 1088 1289 1142 καὶ
1323 1086 1508 1151 δεινῶς
1543 1086 1963 1159 τιμωρούμενοι.

393 1169 605 1236 Πάντας
637 1173 736 1243 μὲν
768 1170 862 1229 οὖν
898 1177 1024 1230 ’ὅσοι
1059 1177 1181 1231 τότε
1222 1179 1331 1232 τῶν
1366 1178 1559 1250 ἱερέων
1590 1180 1655 1232 ὲκ
1681 1178 1787 1232 τῶν
1822 1177 1968 1233 ἰδίων

391 1260 600 1315 πόλεων
627 1263 923 1336 ἠλάθησαν,
954 1267 1113 1339 ἔργον
1133 1269 1240 1339 ἄρα
1288 1270 1629 1340 καταλέγειν.
1670 1270 1834 1325 Οὐδὲν
1855 1269 1965 1341 γὰρ

389 1348 540 1415 ἔθνος
589 1353 688 1424 τῆς
760 1354 1044 1426 Ῥωμαίων
1086 1359 1433 1430 οἰκουμένης,
1482 1358 1776 1432 ἀπείρατον
1809 1353 1965 1430 οἶμαι

385 1442 656 1512 διαμεῖναι
686 1445 787 1516 τῆς
816 1448 1068 1521 τοιαύτης
1092 1453 1397 1523 συμφορᾶς.

2076 637 2317 706 adjuvit,
2354 645 2415 694 ut
2444 648 2745 700 sectatores
2770 643 3075 701 Macedonii
3104 663 3134 702 a
3169 649 3497 719 quibusdam
3531 637 3648 709 ui-

2056 728 2385 809 pratho‘niani
2417 733 2798 803 appellentur;
2825 752 2930 793 nec
2956 737 3231 795 immerito
3251 781 3268 807 ,
3298 750 3356 797 ut
3388 744 3645 814 equidem

2073 833 2293 875 censeo.
2337 820 2438 878 llic
2470 825 2614 879 enim
2663 826 2817 884 solus
2864 843 2974 883 una
3020 845 3144 884 cum
3201 833 3480 889 sodalibus
3530 837 3646 892 suis

2070 908 2370 978 perfecisse
2392 912 2609 970 videtur
2650 930 2720 971 ne
2763 916 2880 973 haec
2906 919 3135 976 haeresis
3173 920 3334 994 1⁵14
3372 923 3645 980 Constan-

2069 998 2301 1071 tinopoli
2354 1004 2571 1073 penitus
2610 1008 3091 1080 ‘exstingueretur.
3145 1010 3358 1067 Etenim
3413 1029 3480 1069 ex
3534 1030 3643 1085 quo

2071 1092 2351 1163 depositus
2396 1095 2575 1153 fuerat
2607 1098 2960 1160 Macedonius
2982 1143 2997 1168 ,
3038 1118 3141 1160 nec
3174 1105 3453 1163 Ecclesias
3480 1107 3640 1163 dein-

2066 1191 2226 1255 ceps’,
2255 1201 2357 1242 nec
2384 1189 2671 1262 episcopos
2717 1192 2857 1249 ullos
2910 1194 3224 1252 habuerunt
3262 1197 3639 1255 Macedoniani

2067 1288 2241 1344 usque
2273 1277 2339 1332 ad
2386 1279 2755 1349 principatum
2800 1283 3043 1340 Arcadii.
3091 1284 3305 1356 Quippe
3346 1285 3535 1341 Ariani
3578 1284 3636 1344 id
3748 1356 3755 1357 γ

2064 1365 2414 1437 nequaquam
2445 1369 2701 1425 sinebant
2721 1411 2737 1438 ,
2771 1385 2799 1426 a
2830 1373 3030 1444 quibus
3065 1389 3257 1432 omnes
3284 1380 3379 1448 qui
3412 1386 3637 1433 contra-

2059 1453 2142 1508 ri‘a
2172 1455 2307 1524 ipsis
2340 1458 2631 1525 sentirent,
2653 1461 3088 1518 extrudebantur
3123 1464 3405 1533 Ecclesiis,
3430 1474 3485 1523 et
3507 1480 3636 1539 gra-

386 1535 547 1631 vibus
590 1538 882 1608 suppliciis
928 1540 1327 1599 aﬁiciebantur.
1393 1542 1731 1616 Aczdiﬁicile
1803 1539 2023 1611 quidem
2060 1541 2229 1601 fuerit
2267 1560 2459 1603 omnes
2506 1548 2799 1620 episcopos
2827 1552 2921 1622 qui
2949 1561 3083 1631 tunc
3112 1556 3375 1626 temporis
3410 1535 3633 1614 sedibus

384 1629 503 1721 suis
532 1633 748 1701 expulsi
781 1642 910 1689 sunt
940 1636 1263 1707 singillatim
1292 1654 1601 1699 recensere.
1634 1638 1792 1696 Nulla
1811 1638 1954 1695 enim
1993 1639 2279 1710 provincia
2321 1642 2544 1714 imperii
2580 1641 2848 1711 Romani,
2898 1656 2958 1703 ut
3016 1629 3271 1721 equidem
3332 1653 3590 1709 existimo
3615 1692 3631 1721 ,

384 1720 549 1791 hujus
580 1723 912 1783 calamitatis
942 1743 1140 1800 expers
1171 1729 1292 1787 fuit.

940 1822 1196 1881 ΚΕΦΑΛ.
1251 1828 1387 1883 KH'.

381 1906 598 1993 '0Et~ol
638 1911 923 1993 Ἀρεςανοι
959 1917 1048 1993 ὡς
1091 1921 1398 1993 ὁμόφρονα
1442 1908 1956 1993 λογιζόμενοίτόν

449 1979 968 2067 θεῖονρζίίελέτιονη
1005 1979 1076 2067 {is
1114 1979 1443 2067 ξἐξῖᾇρτίας
1473 1979 1562 2067 εἶξ-
1579 1979 1955 2067 Δἶιῖνινιόχέιιιν

445 2053 875 2118 προεϐίϐασαν·
907 2053 975 2108 τὸ
1015 2056 1083 2110 δὲ
1112 2053 1434 2126 ὀρθόδοξονῖ
1462 2053 1699 2117 ἐκείνου
1728 2053 1953 2133 πὶἰρῤη-

445 2120 553 2200 σζςι
582 2124 1087 2200 ὁμολογήσαντος,
1114 2131 1646 2200 κατῃσχύνθησαν,
1678 2133 1774 2187 καί
1807 2137 1951 2189 καθ-

443 2191 690 2272 attigerat;
714 2195 920 2272 aeger,
932 2194 1197 2272 putator
1222 2191 1618 2272 ἔτνὶξιθισέῶσι
1634 2191 1720 2267 ’τῷ
1740 2205 1946 2272 θρόνῳ.

443 2262 732 2342 meum
787 2264 1020 2342 ὃέ-ίδίᾳ
1050 2262 1445 2342 ἐκκλῃάίαζὲν
1462 2288 1491 2342 -ί
1511 2275 1565 2326 οἱ
1589 2262 1700 2342 γ·ὰρ
1724 2262 1789 2327 τό
1812 2262 1949 2341 dub-

442 2331 654 2411 ριξσιον
670 2331 1052 2410 φρονοῦντες,
1084 2331 1271 2411 adadv
1295 2331 1702 2411 ἐξετρέποκτό,
1726 2343 1804 2411 ὡς
1826 2331 1946 2400 ὑπὸ

456 2400 772 2466 Ἀρειανῶν
802 2400 1315 2474 χειροτονηθέντα.

460 2490 547 2542 Ἐν
577 2491 739 2563 δὲτῷ
786 2493 910 2548 τότε
958 2495 1213 2562 Εύδοξίου
1273 2502 1636 2573 κατασχόντος
1676 2505 1773 2576 τὴν
1800 2507 1948 2560 Κων-

371 2584 864 2649 σταντινουπόλεως
911 2585 1258 2659 Ἐκκλησίαν,
1303 2593 1490 2647 πολλοὶ
1530 2595 1622 2648 τὸν
1665 2597 1722 2649 ὲν
1756 2597 1947 2651 Ἀντιο-

370 2672 495 2744 χείᾳ
539 2674 728 2745 θρόνον
777 2680 1081 2746 περιποιεῖν
1113 2681 1325 2745 ἑαυτοῖς
1359 2682 1706 2748 ἐσπούδαζον,
1746 2686 1840 2738 καὶ
1870 2685 1945 2750 ὡς

369 2763 518 2827 είκὺς
570 2764 662 2818 ἐπὶ
696 2767 985 2838 πράγμασι
1015 2770 1300 2837 τοιούτοις,
1331 2773 1655 2842 φιλονεικίαι
1686 2777 1780 2830 καὶ
1811 2778 1943 2832 στά-

368 2869 484 2917 σεις
534 2853 777 2928 διάφοροι
814 2858 909 2912 τοῦ
941 2859 1143 2931 κλήρου
1170 2863 1265 2917 καὶ
1300 2864 1394 2919 τοῦ
1441 2864 1570 2921 λαοῦ
1616 2866 1939 2939 συνέϐησαν.

368 2941 630 2999 Ἕκαστοι
675 2947 782 3019 γὰρ
816 2949 908 3004 τὸν
964 2952 1240 3023 ὁμόφρονα
1293 2955 1420 3026 περὶ
1456 2958 1556 3026 τὴν
1598 2957 1732 3012 ἰδίαν
1759 2958 1942 3015 πίστιν

366 3037 835 3111 προσδοκώμενον,
893 3043 1125 3114 ᾑροῦντο
1172 3048 1271 3119 τῆς
1341 3048 1668 3119 Ἐκκλησίας
1730 3051 1937 3124 ἄρχειν.

2556 1918 2602 1925 ἡ
2628 1847 2783 1906 CAP.
2818 1848 3058 1905 xxvui.

2057 1940 2334 2024 Qu‘omodo
2385 1940 2590 2024 Ariani
2622 1941 2868 2024 divinum
2910 1940 3468 2024 Meletium_opipiaiti
3493 1958 3629 2024 .suaz

2124 2011 2298 2080 favere
2340 2011 2628 2076 arbitrati,
2687 2029 2721 2076 α
2779 2010 3070 2068 Sebastena
3119 2009 3630 2080 sede'Antiochiam

2123 2079 2510 2137 transtulerunt
2542 2097 2806 2151 :cumque
2823 2082 2916 2136 ille
2938 2082 3257 2152 catholicam
3289 2081 3445 2152 ﬁdem
3471 2079 3631 2152 libere

2121 2152 2389 2221 professus
2414 2161 2568 2216 esset,
2594 2150 2793 2221 pudere
2821 2152 3034 2221 suffusi,
3067 2150 3332 2207 Euzoiuin
3364 2152 3480 2221 ejus
3510 2150 3628 2205 loco

2123 2220 2806 2304 constituerant..M_eletius
2848 2220 2970 2304 m2
3013 2223 3626 2304 separatimuconocntus

2128 2294 2513 2351 ecclesiasticas
2539 2291 2758 2357 habuit,
2782 2306 2901 2345 cum
2923 2290 3272 2346 Homousiani
3300 2289 3455 2346 illum
3486 2289 3630 2347 ave?-

2120 2373 2369 2422 sarentur
2385 2403 2403 2433 ,
2431 2370 2612 2433 utpote
2643 2362 2708 2415 ab
2734 2360 2952 2416 Arianis
2977 2360 3305 2417 ordinatum.

2116 2518 2221 2576 Per
2252 2517 2397 2575 idem
2431 2524 2651 2587 tempus
2679 2530 2805 2573 cum
2842 2514 3127 2573 Eudoxius
3162 2515 3621 2585 Constantinopo-

2045 2610 2269 2667 litanam
2324 2609 2629 2666 Ecclesiam
2667 2608 2975 2676 obtineret,
3024 2608 3186 2665 multi
3223 2607 3627 2687 Antiochenam

2045 2701 2228 2759 sedem
2256 2701 2465 2757 ambire
2495 2701 2838 2771 coeperunt',
2873 2706 3043 2771 utque
3082 2699 3139 2754 in
3165 2697 3439 2770 ejusmodi
3460 2698 3626 2753 rebus

2043 2794 2267 2850 evenire
2294 2793 2467 2859 solet,
2498 2791 2682 2848 .variae
2727 2791 2862 2847 cieri
2905 2805 2971 2847 ac
3008 2791 3199 2863 populi
3239 2789 3625 2847 contentiones

2042 2899 2109 2941 ac
2137 2883 2436 2941 seditiones
2470 2882 2599 2939 inde
2621 2882 2970 2938 exstiterunt.
2991 2880 3128 2937 Eum
3149 2880 3296 2937 enim
3324 2882 3626 2951 unusquis-

2041 2989 2147 3045 que
2184 2973 2255 3029 ad
2286 2971 2579 3043 regendam
2621 2970 2925 3028 Ecclesiam
2950 2969 3230 3041 deligebat
3252 3011 3270 3039 ,
3303 2984 3466 3041 quem
3498 2985 3626 3041 spe-

2041 3067 2200 3123 rabat
2242 3081 2430 3123 secum
2473 3065 2530 3121 in
2581 3063 2688 3120 ﬁde
2738 3078 3139 3121 consensurum
3209 3077 3353 3120 esse.
3411 3061 3625 3132 Quippe

370 3124 541 3226 Οὖτῖω
568 3131 678 3226 γὰρ
693 3136 1037 3226 πεπαυμένοι
1062 3134 1204 3210 ἦσαν
1252 3139 1354 3211 τῆς
1396 3141 1525 3213 περὶ
1543 3140 1605 3194 τὸ
1628 3141 1804 3214 δόγμα
1825 3143 1939 3197 δια-

2045 3159 2416 3218 dissensiones
2441 3158 2509 3215 de
2534 3157 2791 3214 doctrina
2831 3155 2956 3212 ﬁdei
2999 3155 3245 3212 nondum
3286 3124 3454 3211 ἰιιιειΓ
3470 3124 3622 3224 ipsos

363 3221 558 3290 φορᾶς,
595 3223 716 3277 οὐδὲ
761 3228 821 3280 έν
847 3230 966 3293 ταῖς
1012 3229 1351 3303 ψαλμῳδίαις
1386 3233 1743 3306 συνεφρόνουν
1777 3234 1940 3306 ἀλλή-

360 3308 477 3374 λοις
500 3328 515 3344 ο
556 3315 692 3385 πρὸς
710 3316 766 3370 δὲ
796 3318 895 3391 τὴν
926 3322 1133 3379 οἰκείαν
1161 3324 1338 3393 δόξαν,
1381 3326 1458 3392 ὡς
1489 3327 1549 3381 ὲν
1569 3330 1682 3392 τοῖς
1704 3327 1940 3400 πρόσθεν

359 3402 598 3475 εἴρηται,
659 3408 1003 3482 μεθήρμοζω
1044 3415 1105 3470 τὺ
1149 3416 1502 3490 ψαλλόμενον.
1547 3419 1705 3474 Οὕτω
1730 3420 1939 3476 διακειο

363 3495 535 3566 μένης
589 3500 688 3571 τῆς
739 3503 1050 3578 Ἀντιοχέων
1102 3510 1448 3585 Ἐκκλησίας,
1491 3513 1636 3582 ἔδοξε
1661 3517 1774 3579 τοῖς
1796 3516 1939 3586 ἀμφὶ

358 3588 452 3641 τὸν
485 3589 748 3661 Εύδόξιον,
788 3596 969 3663 καλῶς
1001 3599 1143 3670 ἔχειν
1177 3606 1515 3677 μεταστῆσαι
1547 3607 1735 3663 ἐνθάδε
1763 3608 1938 3665 Μελέ-

357 3697 477 3734 τιον
507 3683 571 3736 ἐκ
598 3685 697 3756 τῆς
725 3686 1069 3759 Σεϐαστείας,
1096 3689 1187 3749 οἷά
1214 3713 1279 3765 γε
1303 3697 1485 3768 λέγειν
1507 3717 1568 3754 τε
1607 3701 1702 3755 καὶ
1728 3702 1937 3757 πείθειν

359 3773 569 3864 ἱκανὸν,
593 3778 684 3830 καὶ
714 3778 783 3834 τὰ
805 3783 935 3855 περὶ
987 3785 1079 3839 τὸν
1129 3786 1241 3857 βίον
1284 3789 1510 3860 ἀγαθὸν,
1555 3792 1650 3847 καὶ
1682 3793 1934 3864 ὁμόδοξον

356 3862 546 3929 αὐτοῖς
569 3868 630 3921 τὸ
660 3871 788 3941 πρὶν
814 3872 963 3930 ὄντα.
988 3876 1147 3930 Κατὰ
1177 3877 1356 3934 πάντα
1377 3881 1486 3952 γὰρ
1503 3880 1690 3952 ᾤοντο,
1717 3862 1796 3954 τῇ
1844 3883 1935 3937 δο-

354 3955 525 4024 κήσει
567 3958 660 4011 τοῦ
712 3961 903 4034 ἀνδρὸς
956 3965 1091 4038 πρὸς
1144 3969 1351 4024 οἰκείαν
1405 3970 1616 4042 αἵρεσιν
1673 3973 1933 4045 θηράσειν

351 4046 486 4109 τοὺς
523 4048 849 4121 Ἀντιοχείας
895 4056 1206 4129 οἰκήτορας,
1237 4062 1456 4126 καὶτὰς
1506 4063 1665 4133 πέριξ
1702 4065 1884 4129 πόλεις
1914 4083 1930 4098 ο

354 4139 456 4192 καὶ
492 4140 723 4210 μάλιστα
748 4146 873 4210 τοὺς
900 4148 1264 4219 καλουμένους
1288 4152 1683 4218 Εὐσταθιανοὺς
1704 4156 1771 4222 ,οἳ
1792 4157 1932 4211 κατὰ

352 4229 459 4300 τὴν
486 4232 781 4303 παράδοσιν
817 4237 917 4306 τῆς
963 4241 1018 4292 ἐν
1056 4241 1260 4314 Νικαίᾳ
1312 4246 1529 4300 συνόδου
1554 4248 1623 4302 τὰ
1651 4249 1777 4318 περὶ
1797 4248 1931 4303 Θεοῦ

354 4319 628 4386 ἐδόξαζον.
659 4324 922 4394 ’Ἑμελλον
969 4328 1026 4382 δὲ
1083 4334 1368 4402 παραπολὺ
1417 4336 1518 4406 τῆς
1555 4337 1769 4402 ἐλπίδος
1792 4339 1930 4392 ἀπο-

2042 3257 2392 3307 cessaverant
2412 3290 2430 3317 ,
2496 3263 2599 3306 nec
2640 3248 2699 3305 in
2739 3246 3025 3320 psallendo
3054 3247 3201 3304 inter
3229 3261 3290 3304 se
3317 3244 3622 3303 concorda-

2039 3342 2195 3411 bant,
2245 3340 2366 3407 sed,
2401 3347 2465 3397 ut
2485 3355 2656 3411 supra
2687 3339 2896 3395 dictum
2918 3345 3026 3408 est,
3052 3338 3249 3410 singuli
3278 3336 3522 3409 psalmos
3550 3336 3622 3392 ad

2039 3448 2197 3490 suam
2227 3440 2432 3489 sectam
2475 3446 2541 3487 ac
2568 3431 2895 3489 sententiam
2941 3430 3449 3488 accommodabant.
3479 3428 3630 3485 Cum.

2036 3524 2209 3595 igitur
2250 3523 2640 3580 Antiochensis
2692 3521 2941 3581 Ecclesia
2983 3521 3042 3578 in
3084 3521 3190 3578 hoc
3241 3527 3389 3578 statu
3433 3528 3617 3587 esset,

2035 3615 2344 3672 Eudoxiani
2373 3615 2722 3673 commodum
2750 3613 2870 3670 fore
2909 3612 3233 3685 iudicarunt
3278 3622 3340 3667 ut
3366 3611 3619 3668 Meletius

2039 3704 2289 3762 SebaStia
2323 3705 2454 3761 illuc
2485 3703 2916 3770 transferretur,
2965 3704 3172 3774 quippe
3203 3702 3299 3772 qui
3338 3700 3409 3757 ad
3434 3701 3620 3758 dicen-

2035 3794 2166 3850 dum
2197 3802 2253 3851 et
2278 3782 2348 3851 ad
2374 3793 2820 3866 persuadendum
2850 3792 3085 3851 idoneus
3117 3799 3268 3850 esset
3292 3792 3347 3847 in
3380 3791 3574 3862 primis
3599 3831 3615 3857 ,

2035 3894 2091 3943 et
2114 3886 2187 3943 ob
2213 3887 2339 3943 vita;
2379 3884 2753 3957 integritatem
2793 3884 3064 3955 probatus
3083 3922 3101 3951 ,
3129 3891 3185 3941 et
3212 3881 3458 3953 ejusdem
3491 3896 3618 3936 cum

2034 3978 2172 4048 ipsis
2217 3977 2500 4047 Opinionis
2528 3976 2640 4046 jam
2680 3974 2891 4046 pridem
2933 3975 3256 4031 haberetur.
3286 3972 3500 4028 Etenim
3532 3972 3619 4027 fu-

2032 4072 2218 4120 turum
2249 4065 2472 4120 omnino
2512 4062 2807 4133 sperabant
2863 4068 2922 4117 ut
2970 4062 3111 4117 tanti
3140 4061 3243 4116 viri
3277 4060 3423 4116 fama
3454 4069 3618 4131 atque

2034 4156 2363 4212 auctoritate
2397 4155 2550 4211 cives
2591 4152 2964 4210 Antiochenos
2991 4166 3057 4208 ac
3080 4152 3342 4209 ﬁnitimas
3364 4152 3617 4209 civitates

2033 4248 2100 4303 ad
2164 4262 2321 4303 suam
2391 4247 2706 4318 opinionem
2757 4246 3096 4302 allicerent:
3154 4246 3429 4317 praecipue
3485 4261 3616 4303 vero

2030 4336 2460 4405 Eustathianos,
2497 4336 2592 4408 qui
2648 4336 2716 4393 de
2765 4336 3054 4393 divinitate
3083 4336 3160 4392 ita
3198 4336 3507 4393 sentiebant
3555 4346 3616 4393 ut

347 4410 660 4475 τεύξεσθαι.
705 4415 854 4470 Ἐπεὶ¹
898 4417 1005 4489 γὰρ
1040 4415 1174 4492 ἧκεν
1212 4426 1291 4486 εἰς
1334 4424 1679 4496 Ἀντιόχειαν,
1716 4426 1930 4497 λέγεται

2045 4445 2066 4485 a
2104 4430 2339 4485 concilio
2382 4429 2601 4486 Niceno
2632 4428 2893 4486 traditum
2939 4429 3147 4485 fuerat.
3181 4428 3380 4486 Verum
3416 4445 3481 4486 ea
3525 4444 3616 4488 res

348 4502 418 4572 δή
428 4520 560 4595 μους
576 4505 801 4572 πολλοὺς
825 4511 1094 4567 συνελθεῖν
1114 4514 1220 4567 τῶν
1240 4515 1307 4569 τὰ
1336 4516 1546 4587 ’Δρείου
1571 4519 1928 4591 φρονούντων,

2045 4524 2198 4595 longe
2245 4523 2401 4579 aliter
2442 4531 2704 4579 eventura
2743 4531 2862 4580 erat
2911 4538 3074 4594 quam
3110 4522 3428 4594 sperabant.
3476 4521 3611 4577 Nam

349 4593 451 4686 καὶ
495 4597 752 4686 ,Παυλίνῳ
789 4604 1185 4662 κοινωνούντων
1213 4616 1237 4643 °
1263 4625 1276 4641 ·
1320 4610 1369 4662 οἱ
1402 4610 1520 4680 μὲν,
1554 4613 1932 4683 ίστορήσοντες

2045 4593 2163 4672 cum
2197 4615 2287 4671 ille
2314 4614 2658 4671 Antiochiam
2683 4593 2947 4680 venisset,
2979 4593 3177 4685 ingenis
3208 4612 3399 4686 p0puli
3425 4613 3614 4668 multi-

346 4682 443 4737 τὸν
472 4684 662 4756 ἄνδρα,
694 4688 775 4742 ὅτι
810 4692 943 4745 πολὺ
966 4694 1119 4758 κλέος
1134 4691 1202 4767 ἦν
1222 4697 1387 4752 αὐτοῦ
1414 4700 1510 4754 καὶ
1532 4682 1759 4774 πρὸ
1783 4720 1926 4775 παρ-

2045 4707 2165 4763 Ludo
2193 4705 2526 4763 conﬂuxisse
2558 4705 2790 4771 dicitur,
2823 4715 2934 4760 tam
2977 4682 3309 4761 ex'Arianis
3351 4718 3515 4775 quam
3544 4717 3613 4759 ex

345 4776 570 4869 ουσίας·
607 4781 654 4832 oi
703 4779 779 4847 δὲ,
839 4785 1204 4856 μαθησόμενοι
1247 4790 1300 4842 τί
1336 4790 1445 4862 ἄρα
1487 4793 1622 4863 ἐρεῖ,
1656 4796 1752 4848 καὶ
1783 4796 1926 4851 τίσιν

2045 4799 2103 4855 iis
2132 4797 2225 4869 qui
2260 4811 2384 4853 cum
2416 4795 2648 4851 Paulino
2685 4795 3169 4850 communicabant
3203 4812 3218 4850 :
3249 4809 3484 4865 quorum
3519 4795 3612 4850 alii

345 4867 757 4939 ἐπιψηφίζεται.
793 4875 931 4945 Ἤδη
970 4875 1076 4947 γὰρ
1127 4878 1283 4950 φήμη
1330 4880 1601 4952 διεφοίτα,
1636 4885 1926 4959 ἐπαινέτην

2045 4867 2308 4947 hominem
2348 4888 2533 4946 videre
2555 4888 2869 4961 cupiebant,
2896 4886 3057 4957 cujus
3088 4893 3242 4944 tanta
3269 4886 3414 4943 fama
3442 4886 3609 4944 etiam

289 5118 301 5124 ⁸
424 5047 439 5077 ³
462 5045 617 5103 Socr.
642 5049 738 5104 lib.
776 5066 835 5117 ιι,
869 5067 916 5107 c.
948 5054 1034 5109 44.

296 5126 311 5173 i

302 5176 309 5183 ’
1521 5213 1794 5270 VALESII
1833 5214 2391 5275 ANNOTATIONES.

422 5297 533 5380 (i5)
568 5299 714 5380 abre
737 5302 1131 5380 ἐπισκόπους.
1160 5304 1650 5380 _Constantinopoli
1685 5312 1916 5368 scilicet.

341 5367 422 5447 ρο
455 5368 556 5447 hac
581 5371 1042 5447 enimnduntaxat
1086 5367 1228 5430 urbe
1284 5367 1916 5447 loquitur-Sozomenus.

340 5437 526 5517 Quod
564 5454 686 5517 cuiu
738 5441 1008 5517 Ilaronius
1046 5461 1155 5499 non
1210 5437 1594 5517 intellexisset,
1643 5454 1918 5507 immerito

340 5509 703 5577 reprehendit
735 5510 1119 5580 Sozomenum,
1163 5518 1308 5586 quod
1345 5518 1547 5576 dixerit
1576 5509 1921 5578 Macedonia-

2030 5330 2130 5369 nos
2166 5317 2237 5398 ab
2262 5317 2366 5372 hoc
2403 5320 2953 5400 tempore‘usquead
2980 5320 3198 5400 Arcadii
3237 5322 3608 5400 principatum

2026 5386 2276 5442 caruisse
2329 5386 2626 5459 episcopis.
2658 5386 2794 5447 Vide
2821 5391 2999 5455 illum,
3041 5391 3109 5446 ad
3143 5386 3345 5445 annum
3404 5386 3609 5446 Chriin

2025 5456 2151 5521 560,
2177 5472 2295 5527 cap.
2336 5459 2423 5513 19.

1723 5697 2110 5758 VARIORUM.

419 5788 444 5817 °
485 5782 769 5845 Παυλίνῳ
824 5785 1289 5842 κοινωνούντων.
1346 5786 1837 5844 Metachronismus
1898 5811 1910 5846 :

337 5849 615 5910 Paulinus
646 5852 813 5918 enim,
856 5854 1155 5922 imperante
1178 5854 1417 5925 Juliano,
1456 5858 1546 5914 diu
1590 5868 1712 5929 post
1746 5859 1911 5916 Mele-
1954 5894 1967 5909 ο

2022 5794 2154 5848 tium
2183 5811 2211 5847 a
2245 5795 2500 5850 Lucifero
2533 5791 3249 5863 episcopusLAntiochcnus
3302 5789 3593 5844 ordinatus

2020 5871 2121 5918 cst.
2158 5863 2281 5918 Viri.
2319 5866 2410 5920 lib.
2444 5881 2498 5929 v,
2537 5861 2655 5934 cap.
2686 5861 2768 5918 12.
2810 5861 2893 5917 W.
2925 5861 3147 5915 Lowrn.
