4056 6326
453 395 590 456 1905

1901 385 2248 443 SOZOHENI

3532 403 3652 480 iam

450 520 578 566 ante
611 509 788 580 ipsius
837 507 1126 562 adventum
1173 509 1627 575 permanaverat;
1681 502 1771 572 alii
1813 501 2028 560 discere

2147 503 2294 558 ιύτὺν
2319 501 2457 557 εἶναι
2506 505 2598 558 τοῦ
2661 505 2930 576 δόγματος
2961 507 3068 561 τῶν
3100 511 3157 563 ἐν
3187 508 3385 580 Notata
3422 514 3657 570 συνελθόν-

449 599 707 654 volebant
742 597 999 667 quidnam
1037 594 1317 658 dicturus,
1349 601 1402 649 et
1432 608 1667 664 quorum
1704 595 2029 649 sententiam

448 693 783 756 probaturus
799 695 962 743 esset.
979 685 1098 741 .lam
1116 687 1260 741 enim
1287 684 1428 739 fama
1448 686 1850 756 percrebuerat,
1872 687 2030 741 [idem

448 783 652 838 Nicami
675 779 893 836 concilii
916 779 984 833 ab
1000 779 1093 832 illo
1110 779 1487 848 comprobari:
1509 779 1671 848 idque
1695 795 1880 833 verum
1910 794 2033 836 esse

447 875 628 930 exitus
675 873 753 926 rei
793 869 1115 926 declaravit.
1141 867 1276 922 Nam
1321 869 1478 923 initio
1522 871 1740 940 quidem
1799 870 2032 926 morales

448 965 716 1018 duntaxat
740 961 1135 1032 praeceptiones
1158 960 1374 1031 publice
1396 961 1570 1031 175v
1592 963 1846 1032 exposuit
1872 979 1883 1014 :
1919 973 2035 1018 tan-

447 1056 568 1110 dem
602 1068 729 1108 vero
751 1051 950 1107 Filium
968 1051 1213 1122 ejusdem
1237 1066 1361 1106 cum
1391 1051 1553 1107 Patre
1578 1053 1897 1108 substantiae
1910 1070 2032 1110 esse

444 1145 624 1214 palam
680 1145 936 1198 asseruit.
983 1142 1151 1197 Aiunt
1205 1157 1372 1214 porro
1417 1143 1864 1199 archidiaconum
1937 1146 2034 1215 qui

446 1245 580 1289 tunc
623 1235 678 1288 in
725 1250 790 1288 eo
849 1233 996 1288 clero
1037 1245 1191 1298 erat,
1249 1236 1433 1289 statim
1462 1235 1804 1301 accurrisse,
1847 1247 1900 1290 et
1951 1237 2034 1290 in-

444 1329 586 1397 jecta
636 1341 800 1380 manu
825 1365 840 1389 ,
883 1326 1061 1380 adhuc
1101 1327 1376 1397 loquentis
1417 1344 1480 1385 os
1513 1328 1820 1385 obturasse.
1873 1331 2032 1384 illum

444 1435 576 1474 vero
598 1434 761 1472 manu
784 1433 904 1484 sua,
924 1417 1130 1474 clarius
1151 1433 1312 1490 quam
1345 1434 1478 1475 voce
1497 1462 1511 1486 ,
1532 1421 1856 1476 sententiam
1877 1437 2036 1477 suam

447 1511 811 1584 signiﬁcasse.
846 1511 983 1568 Tres
1012 1513 1156 1568 enim
1195 1513 1462 1567 duntaxat
1491 1513 1691 1584 digitos
1720 1513 1878 1568 initio
1906 1529 2036 1584 pro-

447 1605 652 1672 tendit;
674 1605 874 1664 deinde.
894 1603 1087 1660 iisdem
1116 1605 1366 1660 retractis
1385 1612 1439 1660 et
1462 1605 1814 1676 compressis,
1861 1621 2032 1658 unum

448 1707 662 1753 tantum
687 1698 950 1770 porrexit,
969 1712 1166 1752 manus
1193 1696 1369 1768 ﬁgura
1388 1697 1681 1766 designans
1700 1695 2036 1750 multitudini

446 1803 515 1843 ea
546 1803 667 1858 quae
707 1787 824 1856 ipse
866 1786 1128 1848 sentiret,
1171 1795 1226 1840 et
1255 1800 1378 1855 quae
1406 1785 1589 1840 dicere
1623 1785 2030 1855 prohiberetur.

449 1881 699 1950 Curaque
723 1889 964 1934 aestuans
989 1877 1436 1942 archidiaconus,
1453 1877 1680 1934 dimisso
1697 1893 1791 1932 ore
1812 1894 2032 1932 manum

451 1971 652 2028 Meletii
683 1970 1157 2042 apprehendisset,
1185 1970 1518 2026 illeliheram
1551 1971 1791 2041 linguam
1818 1977 2034 2034 nactus,

453 2065 598 2119 elata
630 2077 766 2119 voce
814 2064 1141 2120 sententiam
1185 2078 1343 2116 suam
1393 2063 1636 2132 apertius
1675 2078 1841 2133 quam
1878 2069 2039 2116 antea

455 2155 781 2221 declaravit,
835 2155 1226 2224 auditoresque
1265 2155 1517 2216 hortatus
1573 2160 1659 2208 est
1712 2161 1771 2207 ut
1804 2151 2041 2207 Nicaeum

457 2246 653 2317 synodi
689 2245 925 2302 decretis
948 2244 1384 2298 adhaerescercnt
1405 2282 1420 2305 ,
1455 2248 1790 2311 protestatus
1817 2256 1914 2296 eos
1949 2239 2042 2310 qui

456 2338 618 2392 aliter
663 2338 932 2393 sentirent
952 2374 970 2402 ,
1015 2350 1046 2390 a
1085 2350 1220 2390 vero
1248 2334 1525 2388 aberrare.
1551 2333 1688 2389 Cum
1715 2341 1897 2388 autem
1928 2333 2044 2387 hzec

455 2428 646 2488 eadem
683 2426 870 2482 dicere
914 2435 969 2480 et
1012 2440 1175 2479 manu
1224 2425 1539 2495 signiﬁcare
1580 2424 1889 2478 alternatim
1934 2438 2045 2478 non

457 2519 768 2583 desineret,
796 2533 897 2588 pro
924 2532 989 2572 eo
1017 2525 1180 2589 atque
1206 2515 1634 2571 archidiaconus
1669 2516 1846 2586 ipsum
1875 2515 2047 2585 impe-

458 2609 683 2674 diebat,
744 2617 799 2664 et
849 2611 1128 2664 contentio
1169 2609 1312 2663 inter
1363 2616 1632 2678 utrosque
1685 2615 1884 2673 esset,
1937 2621 2046 2660 non

459 2701 745 2756 dissimilis
773 2699 1092 2768 Pancratio;
1118 2699 1468 2755 Eustathiani
1495 2701 1829 2762 exclamare,
1854 2706 2046 2770 gratu-

459 2793 599 2858 lari,
635 2799 688 2848 et
715 2807 827 2864 prae
855 2794 1055 2865 gaudio
1085 2793 1310 2848 exsilire
1347 2799 1655 2862 coeperunt.
1689 2792 1880 2846 Ariani
1916 2806 2049 2846 vero

460 2885 676 2940 animos
715 2886 1006 2941 demisere.
1051 2884 1266 2952 Quibus
1307 2884 1542 2952 auditis,
1591 2883 1897 2939 Eudoxiani
1928 2899 2052 2954 gra-

461 2979 611 3034 viter
661 2979 921 3034 commoti
966 2986 1140 3035 sunt:
1193 2992 1529 3049 operamque
1570 2977 1944 3032 adhibuerunt
1990 2984 2053 3030 ut

463 3068 713 3124 Melctius
743 3069 965 3126 civitate
992 3069 1378 3140 expelleretur.
1404 3068 1669 3124 Eumdem
1697 3078 1876 3124 tamen
1898 3076 2053 3138 post-

2064 1847 2112 1906 Β

2132 615 2240 650 των
2263 615 2276 628 ·
2313 598 2485 652 καὶτὸ
2516 597 2726 652 ἀποϐάν
2745 597 2933 666 ἔδειξε.
2961 599 3070 670 Τήν
3107 601 3204 670 μὲν
3234 602 3339 674 γὰρ
3362 602 3534 675 ἀρχὴν,
3555 611 3657 674 τοὺς

2132 688 2497 759 καλουμένους
2528 689 2752 760 ἠθικοὺς
2787 689 2978 759 λόγους
3015 691 3250 763 δημοσίᾳ
3275 693 3502 749 ἐδίδασκε
3526 714 3538 727 ο
3577 718 3660 751 τε-
3696 689 3699 696 ’

2133 782 2337 836 λευτῶν
2357 783 2436 846 δέ,
2465 783 2770 854 ἀναφανδὸν
2792 783 2891 853 τῆς
2916 784 3088 860 αὐτῆς
3114 783 3302 849 οὐσίας
3315 785 3390 855 τῷ
3412 789 3564 860 Πατρὶ
3587 795 3661 844 τὸν

2135 874 2262 928 Υἰδν
2291 875 2624 946 ἀπεφήνατο.
2660 876 2892 946 Λέγεται
2919 876 2997 942 δὲ,
3032 878 3394 948 προσδραμὼν
3414 881 3440 931 ὁ
3458 881 3664 952 ἀρχιδιά-

2135 984 2309 1032 κονος,
2354 967 2412 1030 ὃς
2455 968 2576 1021 τότε
2634 964 2703 1039 ἦν
2731 968 2824 1022 τοῦ
2860 969 3045 1022 ἐνθάδε
3076 968 3302 1041 κλήρού,
3334 969 3410 1024 ἔτι
3444 973 3580 1027 τοῦτο
3597 976 3666 1028 λέ-

2134 1076 2320 1127 γοντος
2350 1058 2622 1112 ἐπιϐαλὼν
2660 1061 2759 1130 τήν
2798 1063 2976 1133 χεῖρα,
3019 1061 3213 1115 ἕϐυσεν
3243 1061 3405 1138 αύτοῦ
3428 1064 3483 1117 τὸ
3503 1068 3662 1137 στόμα.

2147 1151 2206 1203 '0
2236 1149 2312 1216 δὲ,
2349 1152 2412 1221 τῇ
2442 1151 2586 1221 χειρὶ
2615 1151 2952 1222 σαφέστερον
2998 1151 3031 1222 ἦ
3063 1154 3130 1223 τῇ
3161 1154 3336 1223 φωνῇ,
3358 1153 3452 1223 τήν
3476 1154 3667 1227 γνώμην

2137 1242 2498 1311 κατεσήμαινε
2527 1259 2540 1271 ο
2594 1243 2688 1295 καὶ
2743 1245 2891 1314 τρεῖς
2946 1243 3138 1313 μόνους
3197 1245 3277 1308 είς
3328 1243 3386 1296 τὸ
3437 1245 3671 1314 προφανὲς

2135 1335 2429 1399 δακτύλους
2478 1335 2756 1401 ἐκτείνων,
2810 1337 2890 1399 είς
2945 1334 3140 1388 ταυτὸν
3195 1335 3252 1388 δὲ
3300 1335 3454 1388 πάλιν
3487 1337 3675 1401 τούτους

2093 1445 2096 1448 ’
2138 1425 2412 1494 συνέλεγε,
2448 1424 2543 1478 καὶ
2557 1423 2646 1478 τὸν
2675 1425 2770 1477 ἕνα
2789 1423 2966 1495 ὤρθου
2995 1442 3008 1455 ο
3043 1423 3121 1494 τῷ
3152 1425 3496 1496 σχήματιτῆς
3523 1425 3676 1497 χειρὸς

2137 1516 2414 1582 εἰκονίζων
2473 1518 2586 1582 τοῖς
2649 1515 2910 1587 πλήθεσιν
2953 1516 3096 1586 ἆπερ
3141 1517 3378 1585 ἐφρόνει,
3414 1516 3502 1569 καὶ
3528 1517 3676 1585 λέγειν

2138 1609 2406 1680 ἐπείχετο.
2454 1608 2543 1670 Ὠς
2570 1607 2626 1660 δέ
2659 1609 3019 1679 ἀμηχανήσας
3053 1611 3080 1662 ὁ
3111 1609 3477 1680 ἀρχιδιάκονος
3514 1608 3680 1662 ἐπελά-

2139 1697 2261 1750 ϐετο
2289 1699 2388 1769 τῆς
2421 1698 2622 1768 χειρὸς,
2657 1697 2750 1751 τοῦ
2791 1697 3059 1768 στόματος
3094 1697 3389 1768 ἀφέμενος,
3423 1698 3682 1768 ἐλευθερω-

2141 1791 2252 1855 θεὶς
2277 1791 2377 1862 τὴν
2411 1790 2684 1859 γλῶσσαν,
2723 1789 2803 1843 ἐτι
2827 1789 3026 1860 μᾶλλον
3052 1790 3263 1861 μεγάλη
3292 1793 3358 1860 τῇ
3377 1793 3518 1861 φωνῇ
3539 1790 3680 1858 σαφέ-

2144 1899 2333 1952 στερον
2391 1881 2580 1952 ἐδήλου
2609 1881 2706 1952 τήν
2741 1881 2906 1935 αὐτοῦ
2937 1880 3094 1948 δόξαν
3117 1898 3129 1912 ·
3172 1883 3267 1934 καὶ
3303 1879 3410 1933 τῶν
3432 1883 3485 1934 ἐν
3508 1881 3684 1949 Nimia

2140 1972 2472 2044 δεδογμένων
2495 1971 2713 2042 ἔχεσθαι
2731 1971 3131 2042 παρεκελεύετο
3153 1988 3166 2002 ο
3203 1972 3298 2024 καὶ
3334 1969 3686 2041 διεμαρτύρετο

2140 2065 2267 2128 τοὺς
2290 2063 2603 2127 ἀκούοντας,
2637 2064 2973 2133 ἁμαρτάνειν
2992 2063 3089 2134 τῆς
3116 2061 3376 2134 ἀληθείας
3407 2064 3524 2125 τοὺς
3541 2061 3688 2123 ἄλλως

2144 2156 2493 2228 φρονοῦντας.
2531 2156 2684 2208 Ἐπεὶ
2738 2156 2794 2210 δέ
2831 2157 2932 2209 οὐκ
2961 2155 3191 2209 ἐνεδίδου
3225 2155 3296 2208 τά
3328 2154 3460 2208 αὑτά
3483 2153 3687 2222 λέγωνῆ

2143 2253 2209 2321 τῇ
2273 2249 2414 2320 χειρὶ
2464 2247 2676 2311 δεικνὺς
2716 2246 3032 2318 ἀμοιϐαδὸν,
3073 2246 3148 2308 ὡς
3174 2245 3433 2317 ἐνεχώρει
3459 2243 3580 2314 πρὸς
3613 2241 3693 2312 τήν

2144 2345 2237 2398 τοῦ
2265 2343 2640 2415 ἀρχιδιακόνου
2662 2341 2922 2407 κώλυσιν,
2948 2340 3044 2393 καὶ
3071 2339 3375 2409 φιλονεικία
3399 2334 3462 2409 ἦν
3485 2335 3693 2407 ἀμφοτέ-

2149 2456 2256 2508 ρων
2281 2436 2412 2504 (44),
2462 2434 2740 2505 μονονουχὶ
2783 2431 3108 2502 παγκρατίῳ
3155 2429 3426 2501 ἐμφερὴς,
3461 2428 3589 2498 μέγα
3619 2427 3697 2478 ἀν-

2148 2529 2382 2598 έκραγον
2418 2528 2467 2579 οί
2521 2525 2905 2589 Εὐσταθιανοὶ,
2931 2524 3024 2578 καὶ
3051 2522 3269 2594 ἔχαιρον
3291 2521 3388 2574 καὶ
3412 2517 3660 2590 ἀνεπήδων
3680 2531 3693 2544 °

2147 2620 2198 2672 οί
2225 2619 2281 2672 δὲ
2323 2617 2553 2689 Ἀρείου,
2575 2617 2838 2686 κατηφεῖς
2865 2609 3026 2686 ἦσαν.
3054 2610 3414 2673 Ἀκούσαντες
3439 2608 3492 2661 δὲ
3517 2609 3560 2659 οἱ
3580 2604 3702 2676 ἀμφὶ

2149 2709 2238 2761 τὸν
2265 2706 2534 2772 Εύδόξιον,
2559 2705 2931 2776 ἐχαλέπαινον,
2966 2703 3060 2756 καὶ
3099 2700 3365 2771 ἐλαθῆναι
3395 2699 3488 2767 τῆς
3524 2695 3702 2756 πόλεως

2149 2800 2240 2854 τὸν
2269 2797 2533 2852 Μελέτιον
2579 2796 2919 2850 ἐσπούδασαν
2943 2811 2958 2826 ·
2997 2795 3091 2850 καὶ
3121 2793 3282 2849 πάλιν
3321 2788 3701 2864 μετεκαλοῦντο,

2150 2887 2226 2949 ὡς
2246 2886 2338 2938 ἐπὶ
2359 2885 2640 2955 διορθώσει
2661 2884 2770 2936 τῶν
2792 2883 3096 2956 εἰρημένων
3123 2877 3608 2954 μεταμελούμενον,
3625 2876 3703 2929 καὶ

2149 2977 2411 3030 τάναντία
2434 2975 2743 3041 δοξάζοντα.
2764 2975 2856 3046 Μὴ
2887 2976 3087 3047 μεταθέ
3096 2991 3257 3046 μενον
3271 2974 3329 3027 δὲ
3367 2974 3465 3043 τῆς
3486 2969 3703 3040 γνώμης,

2153 3066 2510 3122 ἐκϐάλλεσθαι
2554 3067 2654 3136 τῆς
2697 3066 3045 3137 Ἐκκλησίας,
3094 3065 3188 3118 καὶ
3225 3063 3521 3138 ὑπερορίαν
3563 3061 3707 3113 οίκεῖν

462 3175 528 3215 ea
595 3169 961 3225 revocarunt,
1020 3160 1088 3214 ad
1137 3175 1201 3215 ea
1250 3175 1372 3230 quae
1431 3160 1645 3214 dixerat
1687 3159 2044 3231 corrigenda,

2155 3157 2488 3232 προσέταξεν
2539 3161 2566 3212 ὁ
2623 3157 2913 3244 βασιλεύς..
2973 3157 3126 3211 Ἐπεὶ
3169 3156 3228 3210 δέ
3281 3157 3442 3210 τοῦτο
3490 3153 3709 3224 γέγονεν,

462 3260 728 3323 tanquam
763 3254 1087 3323 poenitentia
1121 3252 1348 3307 ductum
1375 3292 1389 3316 ,
1441 3259 1495 3306 et
1541 3253 1879 3306 contrariam
1931 3265 2044 3306 am-

2155 3251 2506 3321 ἐπιτρέπεται
2526 3250 2618 3303 τὸν
2661 3242 2978 3319 Ἀντιοχέων
3010 3249 3196 3319 θρόνον
3221 3246 3482 3311 Εὑζώῖος,
3518 3245 3572 3307 ὃς
3613 3242 3711 3311 ἄμα

463 3345 682 3415 plexum
715 3343 1070 3399 sententiam.
1107 3341 1217 3416 Sed
1260 3356 1388 3395 cum
1427 3341 1520 3395 ille
1564 3341 1891 3396 sententiam
1941 3357 2051 3396 non

463 3444 746 3503 mutaret,
795 3435 1098 3505 imperator
1144 3448 1269 3487 eum
1320 3432 1566 3487 Ecclesia
1609 3434 1806 3500 expelli
1833 3473 1848 3497 ,
1902 3443 1957 3488 et
1995 3435 2052 3488 in

464 3529 722 3583 exsilium
750 3524 1029 3596 deportari
1061 3524 1248 3593 jussit.
1297 3521 1419 3588 Quo
1457 3521 1604 3578 facto
1643 3522 1913 3589 Euzoius,
1957 3525 2054 3594 qui

462 3622 574 3690 jam
611 3619 823 3688 pridem
865 3634 972 3672 una
1013 3632 1137 3670 cum
1183 3615 1314 3670 Ario
1343 3616 1630 3685 depositus
1660 3621 1818 3681 erat,
1854 3615 2051 3670 Antio-

465 3711 698 3766 chenam
731 3710 916 3764 sedem
953 3707 1247 3777 regendam
1279 3707 1542 3776 suscepit.
1580 3705 1846 3761 Fautores
1874 3715 2053 3761 autem

465 3801 692 3864 Meletii,
726 3815 846 3856 sese
876 3801 947 3856 ab
971 3799 1193 3854 Arianis
1220 3807 1573 3870 segregantes
1598 3839 1612 3864 ,
1639 3813 1888 3854 seorsum
1919 3814 2053 3854 cono

463 3900 664 3948 ventus
690 3901 938 3959 egerunt.
973 3891 1108 3946 Nam
1140 3893 1235 3962 qui
1277 3891 1348 3947 ab
1377 3891 1538 3946 initio
1563 3891 2051 3948 consubstantialis

465 3983 628 4039 ﬁdem
662 3985 833 4039 secuti
859 3983 1101 4047 fuerant,
1135 3982 1554 4038 communicare
1583 3998 1709 4037 cum
1732 3983 1841 4038 illis
1866 3982 2050 4039 detre-

468 4079 692 4132 ctabant
720 4117 734 4141 ,
793 4093 858 4132 eo
902 4076 1050 4148 quod
1101 4075 1353 4131 Meletius
1403 4076 1472 4130 ab
1514 4075 1736 4131 Arianis
1775 4075 2050 4146 episcopis

466 4169 757 4225 ordinatus
783 4168 1011 4234 fuisset,
1037 4175 1456 4237 sectatoresque
1480 4166 1603 4236 ejus
1637 4166 1704 4220 ab
1735 4165 2051 4234 hujusmodi

2167 3341 2359 3414 Ἀρείῳ
2385 3342 2650 3413 πρότερον
2669 3341 2770 3413 ἤδη
2791 3341 3074 3412 καθῄρητο
3095 3359 3108 3372 ·
3151 3343 3200 3394 oi
3220 3341 3280 3394 δὲ
3302 3337 3563 3395 Μελετίου
3581 3336 3714 3387 ἐπαι-

2154 3434 2324 3498 νέται,
2380 3434 2789 3505 ἀποτεμόμενοι
2818 3436 2958 3503 σφᾶς
2987 3432 3096 3487 τῶν
3123 3431 3192 3486 τὰ
3242 3429 3458 3502 Ἀρείου
3484 3423 3714 3500 φρονούν-

2153 3545 2282 3593 των,
2339 3526 2445 3598 ἰδίᾳ
2509 3527 2871 3597 ἐκκλησίαζον
2898 3541 2912 3557 ο
2940 3525 2989 3579 oi
3021 3524 3131 3596 γὰρ
3159 3523 3454 3595 ὁμοούσιον
3482 3519 3539 3584 ἐξ
3564 3514 3716 3589 ἀρχῆς

2153 3616 2244 3670 τὸν
2277 3617 2406 3670 Υίὸν
2431 3618 2508 3688 τῷ
2531 3619 2708 3688 Πατρὶ
2728 3616 3063 3684 δοξάζοντες,
3082 3617 3435 3688 παρῃτοῦντο
3468 3611 3715 3668 κοινωνεῖν

2163 3707 2456 3771 αύτοῖς,ὠς
2482 3707 2747 3762 Μελετίου
2781 3707 2919 3776 πρὸς
2958 3706 3253 3777 Ἀρειανῶν
3287 3705 3598 3760 ἐπισκόπων
3624 3717 3719 3772 χει-

2164 3801 2558 3872 ροτονηθέντος,
2598 3801 2692 3855 καλ⁵
2729 3801 2836 3854 ὑπὸ
2888 3799 3151 3862 τοιούτοις
3187 3799 3398 3872 ἱερεῦσι
3433 3792 3720 3868 βαπτισθέν-

2157 3911 2264 3947 των
2293 3893 2401 3947 τῶν
2426 3893 2706 3964 ἑπομένων
2732 3891 2901 3961 αὐτῷ.
2951 3893 3060 3945 Καὶ
3083 3894 3131 3946 oi
3165 3891 3268 3962 μὲν
3291 3889 3441 3945 κατὰ
3475 3887 3720 3957 πρόφασιν

2156 3984 2313 4058 τήνδε
2372 3985 2652 4058 διῄρηντο,
2693 3984 2901 4056 καίπερ
2959 3983 3160 4054 ὁμοίως
3206 3981 3558 4054 φρονοῦντες.
3599 3972 3722 4029 Ὀδέ

2158 4080 2410 4152 βασιλεὺς
2445 4079 2686 4144 ἀκούσας
2713 4077 2930 4148 Πέρσας
2964 4076 3328 4148 νεωτερίζειν,
3351 4070 3488 4148 ἧκεν
3512 4072 3588 4134 είς
3618 4067 3721 4121 ’Δνο

2155 4165 2410 4235 τιόχειαν.

467 4266 847 4324 sacerdotibus
909 4275 1096 4322 essent
1170 4264 1454 4336 baptizati.
1510 4263 1577 4316 Et
1616 4262 1706 4317 isti
1750 4252 1971 4331 quidem
2047 4262 2118 4316 ob
2176 4259 2320 4315 hanc
2377 4274 2604 4315 causam
2655 4259 2799 4314 inter
2843 4274 2902 4314 se
2944 4256 3106 4312 divisi
3156 4264 3339 4319 sunt,
3395 4249 3638 4325 quamvis
3675 4243 3724 4299 in

467 4359 725 4415 doctrina
776 4357 898 4412 Iidei
947 4357 1348 4412 consentirent.
1375 4355 1676 4425 imperator
1725 4367 1876 4419 vero,
1926 4367 2050 4406 cum
2122 4350 2325 4408 Persas
2405 4368 2494 4407 res
2538 4366 2710 4407 novas
2763 4351 2945 4406 moliri
2996 4350 3352 4420 accepisset,
3399 4339 3722 4400 Antiochiam

467 4449 738 4520 perrexit.

1065 4540 1221 4597 CAP.
1263 4541 1454 4595 XXIX.

474 4634 749 4701 Quomodo
795 4635 1052 4688 Acaciani
1099 4633 1270 4688 denuo
1307 4634 1619 4686 tumultuati
1657 4641 1817 4694 sunt,
1851 4639 1898 4684 et
1929 4646 2055 4683 con-

531 4706 902 4759 substantialis
949 4704 1160 4773 quidem
1197 4705 1355 4774 ﬁdem
1377 4713 1626 4768 evertere,
1661 4702 1919 4755 Arianam
1963 4715 2054 4753 au-

551 4788 650 4830 tem
676 4777 917 4833 liwresim
947 4777 1191 4830 stabilire
1212 4775 1545 4829 studuerunt.

546 4867 720 4922 Porro
766 4867 1026 4924 Acaciani
1075 4867 1258 4922 adhuc
1297 4865 1583 4936 quiescere
1616 4877 1725 4918 non
1766 4870 2052 4932 poterant;

477 4961 572 5016 sed
604 4960 904 5015 Antiochia:
945 4975 1056 5014 una
1097 4974 1219 5015 cum
1261 4957 1453 5028 paucis
1475 4956 1672 5009 iterum
1701 4951 2048 5023 congregati,

2741 4530 2992 4584 ΚΕΦΑΛ.
3033 4529 3162 4582 ΚΘ’.

2160 4631 2284 4683 Ὅτι
2315 4631 2368 4681 οἱ
2422 4627 2554 4696 περὶ
2596 4622 2866 4696 Ἀκᾲκιογ
2910 4620 3100 4696 ἶιιτοὶληί
3131 4621 3241 4672 οὐκ
3271 4605 3727 4696 ripe-nom?-

2310 4677 2884 4772 ditootia'ioicéﬁsjsir
2898 4690 3238 4760 ἐπειρῶντο,
3259 4677 3365 4743 κῖιὶ
3383 4677 3506 4754 τὴν
3528 4677 3729 4749 Ἀρείου

2225 4772 2462 4838 αἵρεσιν
2500 4782 2822 4831 συνιστςιν.

2231 4859 2293 4910 Οί
2323 4856 2378 4910 δὲ
2412 4855 2556 4924 ἀμφὶ
2582 4852 2856 4916 Ἀκάκιον,
2880 4851 3109 4922 ἠρεμεῖν
3132 4847 3298 4902 πάλιν
3318 4845 3424 4899 οὐκ
3455 4839 3729 4912 ἠνείχοντο,

2159 4946 2499 5010 συνελθόντες
2523 4948 2600 5008 εἰς
2632 4943 2956 5014 Ἀντιόχειαν
2977 4941 3090 5012 (45)
3115 4951 3141 4988 ι)
3165 4939 3284 5009 ἅμα
3314 4936 3544 5002 ὀλίγοις,
3568 4928 3632 4982 τά
3656 4925 3730 4977 δε-

1647 5127 1921 5185 VALESII
1962 5121 2520 5182 ANNOTATIONES.

551 5228 662 5300 (1H)
717 5229 825 5300 Καὶ
847 5227 1251 5300 φιλονεικίαν-
1280 5225 1697 5300 ,ἀμφοτέρων-τ-
1723 5222 1900 5300 Hujus
1945 5221 2054 5300 loci

477 5293 796 5356 emendatio
828 5293 1053 5365 debetur
1075 5297 1253 5352 codici
1280 5293 1482 5365 Leonis
1515 5293 1722 5360 Allatii,
1755 5295 1809 5348 in
1839 5308 1947 5364 quo
1978 5293 2054 5365 ita

479 5370 744 5425 scribitur
777 5387 790 5423 :
819 5370 915 5422 καὶ
955 5363 1256 5438 φιλονεικία
1296 5362 1366 5437 ἦν
1397 5365 1740 5438 ἀμφοτέρων.
1763 5362 1941 5434 Atque
1980 5362 2054 5417 ita

483 5441 613 5508 legit
639 5435 1000 5509 Nicephorus.
1031 5437 1204 5509 Porro
1225 5435 1532 5509 sermonem
1562 5435 1714 5509 illum
1739 5451 1900 5509 quem
1924 5442 2055 5487 tunc

482 5505 736 5565 Meletius
775 5505 978 5564 habuit
1033 5508 1363 5573 Antiochiae,
1425 5507 1472 5562 si
1505 5508 1629 5576 quis
1687 5505 1827 5561 forte
1875 5505 2057 5575 legere

2164 5218 2465 5282 desiderat,
2518 5214 2690 5270 habes
2728 5212 2870 5283 apud
2908 5210 3278 5283 Epiphanium
3318 5208 3380 5262 in
3418 5199 3614 5260 haeresi
3651 5194 3733 5252 Se-

2163 5289 2581 5344 miarianorum.
3666 5337 3677 5346 .

2235 5359 2348 5430 (4⁵)
2411 5354 2847 5430 Συνελθόντες.
2871 5357 2978 5430 εἷς.
3020 5352 3415 5430 Ἀντιόχειαν.
3459 5346 3737 5430 Ἀεεοξιιιξῖ

2163 5414 2668 5499 ϐΙιί·ἱείοριιοτευῃο
2708 5433 2763 5481 et
2795 5414 3057 5499 ’ξίινῖιὶικΔ
3088 5414 3397 5499 qui'hunc
3459 5418 3638 5472 locum
3674 5414 3738 5461 ita

2164 5503 2352 5573 legunt
2385 5492 2405 5554 :-
2434 5497 2790 5560 Συνελθόντες
2813 5495 2868 5548 δὲ
2894 5496 2974 5558 είς
3015 5492 3380 5560 Ἀντιόχειαν.

1879 5655 2188 5712 VARIORU
2198 5656 2266 5710 Μ.

554 5778 581 5814 ιι
613 5762 1016 5824 Στ.ἰέ.ίί)όντες
1051 5761 1138 5824 εἰς
1175 5758 1554 5824 Ἀντιόχειαν.
1593 5755 1899 5810 Concilium
1947 5755 2061 5808 An-

489 5832 802 5886 tioch..-uum
837 5846 909 5894 vt,
944 5829 1270 5895 Antiochiae,
1299 5829 1352 5882 in
1381 5842 1487 5898 qua
1521 5835 1651 5882 tunc
1680 5826 1870 5898 agebat
1902 5826 2062 5897 impc-

2172 5764 2345 5817 rator,
2380 5758 2616 5806 exeunte
2651 5763 2797 5803 anno
2823 5745 2947 5817 560,
2987 5745 3055 5799 ab
3085 5742 3312 5817 Arimis
3339 5739 3735 5817 congregatim}.

2172 5797 2312 5879 'viifc'
2332 5797 2620 5887 Mazaei:
2651 5797 3080 5888 ῦέέύτῖδᾱίεζὲι
3110 5812 3350 5882 Theod.,
3379 5797 3486 5868 mi:
3509 5797 3581 5877 ιιζ
3599 5819 3647 5860 c.
3665 5797 3738 5853 5t.

3929 1373 3931 1434 l

3932 1871 3933 1938 l
