4056 6326
285 324 428 381 1305
1313 332 1643 391 HISTORIA
1672 330 2234 391 ECCLESIASTlCA.
2273 363 2344 378 —
2380 333 2510 391 LIB.
2551 335 2643 394 IV.
3397 344 3537 401 i206

281 435 522 508 δογμένα
547 438 648 510 ήδη
671 441 850 510 σφίσιν
876 443 1184 515 ἐμέμφοντο
1210 462 1224 478 ·
1257 449 1352 501 καὶ
1382 449 1482 518 τῆς
1509 448 1819 519 ἀναγνωσθς
1830 449 1865 501 ί-

1969 461 2030 501 ea
2075 462 2197 517 quae
2256 447 2361 518 ipsi
2418 448 2572 518 prius
2629 446 2982 504 decreverant
3048 448 3534 521 reprehenderunt.

283 544 383 597 σης
438 530 497 581 ὲν
548 531 821 604 ’Δριμήνῳ
889 535 984 590 καὶ
1031 537 1595 593 Κωνσταντινουπόλει
1640 540 1860 610 γραφῆς

1969 552 2270 608 nomenque
2319 538 2451 593 illud
2479 579 2494 604 ,
2537 539 2739 606 simile,
2772 553 2840 594 ex
2873 539 3103 595 formula
3143 542 3263 597 ﬁdei
3306 544 3536 600 Arimini

281 622 596 690 περιτεμεῖν
658 622 987 694 ἐδοκίμασαν
1017 627 1080 680 τὸ
1140 629 1324 700 ὅμοιον
1356 629 1559 701 ὄνομα⁸
1599 630 1693 684 καὶ
1721 629 1862 684 κατὰ

1969 639 2023 685 et
2054 629 2532 701 Constantinopoli
2570 631 2800 687 recitata
2845 645 3155 702 expungere
3186 640 3535 690 statuerunt:

281 707 481 776 πάντα,
534 711 724 767 οὐσίαν
769 731 829 766 τε
887 716 981 770 καὶ
1016 716 1291 790 βούλησιν,
1331 719 1584 789 ἀνόμοιον
1608 715 1748 776 εἴναι
1783 719 1861 791 τῷ

1969 721 2127 794 176
2152 730 2207 777 et
2233 719 2430 777 Filium
2461 721 2615 777 Patri
2656 737 2756 790 per
2783 722 2965 777 omnia
2987 761 3001 787 ,
3039 730 3149 776 tam
3186 722 3243 779 in
3279 725 3537 781 substan-

281 797 457 869 Πατρὶ
478 799 567 852 τὸν
591 800 740 866 Υίὸν,
771 804 864 857 καὶ
880 805 940 869 ἐξ
954 806 1053 859 οὐκ
1074 807 1243 862 ὄντων
1264 811 1590 882 γεγενῆσθαι
1612 811 1858 881 ἡγοῦντο.

282 887 359 951 ὼς
390 890 448 953 ὲξ
472 890 648 962 ἀρχῆς
689 893 883 965 Ἀρείῳ
919 896 1112 953 ἐδόκει.
1148 899 1622 971 Συνελαμὸάνοντο
1649 902 1706 954 δὲ
1737 900 1862 955 τού-

281 996 398 1041 τοις
435 982 528 1034 καὶ
563 985 611 1036 oi
639 983 709 1038 τὰ
743 985 948 1041 Ἀετίου
976 988 1322 1061 φρονοῦντες,
1348 991 1405 1057 ὃς
1465 992 1602 1063 μετὰ
1645 994 1861 1065 ’Δρειον

285 1069 503 1139 πρῶτος
560 1075 877 1144 περιφανῶς
918 1079 1225 1149 χρήσασθαι
1255 1083 1368 1145 τοῖς
1392 1082 1618 1154 ὀνόμασι
1652 1083 1862 1147 τούτοις

286 1158 613 1229 ἐθάρρησεν.
650 1162 811 1218 Ὅθεν
837 1164 900 1237 δὴ
930 1168 1024 1220 καὶ
1063 1168 1218 1232 ἄθεος
1243 1167 1575 1241 ὠνομάζετο,
1600 1172 1694 1227 καὶ
1721 1174 1769 1226 οἱ
1792 1172 1863 1226 τὰ

287 1250 455 1303 αὑτοῦ
483 1252 868 1323 δοκιμάζοντες
918 1257 1183 1328 Ἀνὸμοιοι
1208 1260 1303 1314 καὶ
1336 1260 1694 1328 Ἐξουκόντιοι
1724 1263 1858 1335 (46).

289 1338 714 1412 Πυνθανομένων
733 1344 789 1397 δὲ
814 1346 991 1401 αὐτῶν
1013 1348 1122 1403 τῶν
1140 1350 1422 1421 ἑπομένων
1437 1354 1547 1417 τοῖς
1572 1355 1629 1406 έν
1658 1354 1864 1425 Νικαίᾳ.

287 1429 524 1496 δόξασιν,
555 1432 703 1496 ὅπως
719 1434 852 1488 Θεὸν
866 1437 930 1489 ὲκ
946 1436 1079 1491 Θεοῦ
1095 1439 1187 1494 τὸν
1206 1440 1332 1493 Υίὸν
1355 1442 1858 1513 συνομολογοῦντες,

289 1522 542 1592 ἀνόμοιόν
596 1541 655 1577 τε
707 1526 802 1579 καὶ
851 1526 911 1592 ἐξ
940 1530 1038 1583 οὐκ
1061 1530 1227 1586 ὄντων
1258 1533 1353 1589 καὶ
1395 1534 1547 1606 παρὰ
1587 1535 1685 1607 τὴν
1714 1536 1862 1606 σφῶν

288 1614 472 1668 αὐτῶν
493 1614 707 1670 ἔκθεσιν
735 1618 1022 1690 ὀνομάζειν
1048 1621 1338 1696 θαρροῦσιν
1372 1642 1386 1657 ·
1421 1627 1505 1679 ὅτι
1533 1627 1626 1681 καὶ
1652 1627 1863 1692 Παῦλος

288 1709 322 1761 ὁ
357 1708 670 1779 ἀπόστολος,
736 1711 965 1782 ἔφασαν,
1010 1710 1157 1783 εἷπε,
1215 1718 1290 1777 Τὰ
1319 1717 1389 1771 δὲ
1430 1718 1626 1773 πάντα
1646 1719 1714 1774 ἐκ
1756 1720 1862 1774 τοῦ

1961 811 2034 864 tia
2084 825 2251 882 quam
2305 812 2361 867 in
2412 813 2693 868 voluntate
2740 812 3101 880 dissimilem,
3150 821 3205 870 et
3251 829 3317 870 ex
3366 816 3537 871 nihilo

1962 901 2164 958 factum
2219 917 2345 960 esse
2399 911 2790 970 censuerunt,
2855 906 3317 975 quemadmodum
3371 908 3537 963 Arius

1962 997 2032 1051 ab
2085 996 2243 1052 initio
2287 997 2570 1054 docuerat.
2619 996 2715 1053 His
2770 1005 2951 1053 autem
3008 1010 3130 1056 sese
3170 999 3539 1069 adjunxerunt

1963 1094 2264 1145 sectatores
2308 1087 2480 1155 Aetii,
2527 1090 2621 1159 qui
2678 1089 2889 1159 primus
2941 1099 3069 1160 post
3112 1091 3303 1146 Arium
3356 1092 3537 1161 palam

1961 1176 2050 1233 his
2092 1176 2321 1233 vocibus
2385 1178 2462 1232 uti
2517 1192 2687 1235 ausus
2730 1186 2834 1234 est.
2889 1177 3006 1245 Qua
3049 1179 3116 1235 de
3162 1194 3364 1246 causa,
3421 1168 3540 1251 ipse

1962 1266 2179 1337 quidem
2210 1267 2368 1331 ἄθεος
2401 1269 2820 1340 cognominatus
2847 1277 2931 1326 est
2957 1289 2971 1325 :
3019 1276 3323 1327 sectatores
3355 1277 3538 1326 autem

1964 1359 2112 1415 illius
2144 1359 2401 1419 Anomoei
2449 1367 2505 1414 et
2564 1358 2855 1416 Exucontii
2893 1367 3023 1416 sunt
3051 1361 3331 1432 appellati.
3360 1361 3540 1418 inter-

1965 1450 2287 1521 rogantibus
2325 1458 2510 1505 autem
2538 1450 2687 1521 ipsos
2717 1449 2949 1507 Nicaanae
2974 1450 3100 1507 ﬁdei
3130 1452 3496 1518 sectatoribus
3522 1493 3537 1517 ,

1962 1541 2319 1612 quamobrem
2378 1541 2504 1612 ipsi,
2554 1542 2649 1612 qui
2694 1540 2892 1599 Filium
2936 1541 3108 1599 Deum
3156 1558 3225 1599 ex
3257 1542 3371 1598 Deo
3417 1557 3543 1599 esse
3606 1586 3622 1603 .

1964 1631 2406 1697 conﬁtebantur,
2467 1632 2798 1689 dissimilem
2856 1643 3039 1703 tamen
3098 1641 3153 1690 et
3224 1649 3289 1690 ex
3366 1635 3541 1690 nihilo

1964 1730 2144 1779 ortum
2172 1764 2186 1789 ,
2219 1723 2384 1795 idque
2407 1732 2605 1780 contra
2632 1739 2789 1780 suam
2821 1724 3067 1796 ipsorum
3092 1725 3217 1782 ﬁdei
3249 1725 3541 1783 formulam

290 1801 440 1855 Θεοῦ
470 1818 484 1832 ·
511 1802 730 1856 πάντων
765 1803 821 1856 δὲ
844 1800 1097 1860 εἶναικαὶ
1118 1808 1208 1862 τὸν
1239 1809 1380 1863 Υίόν.
1406 1810 1517 1865 Καὶ
1549 1810 1688 1866 κατὰ
1708 1810 1865 1866 τοῦτο

1969 1813 2145 1867 dicere
2202 1789 2510 1881 auderent,
2584 1789 2994 1883 respondebant
3055 1814 3262 1871 dictum
3321 1828 3448 1871 esse
3505 1830 3537 1868 ιι

289 1890 527 1945 νοεῖσθαι
579 1892 640 1946 τὸ
680 1895 1039 1966 προκείμενον
1084 1898 1143 1953 έν
1184 1893 1265 1964 οἷς
1295 1900 1560 1965 ἐξέθεντο,
1596 1901 1737 1956 κατὰ
1766 1902 1866 1966 τὰς

291 1982 444 2046 θείας
475 1984 697 2053 Γραφάς
730 1985 864 2057 (47).
901 1989 1009 2042 Καὶ
1043 1990 1104 2042 τὸ
1139 1991 1237 2062 μὲν
1268 1982 1368 2047 ὧδε
1393 1991 1732 2063 μετέφραζον
1773 1994 1866 2047 καὶ
1916 2052 1919 2061 η

289 2074 622 2143 ὲσοφίζοντο,
646 2077 1001 2144 τελευτῶντες
1033 2080 1090 2134 δὲ
1130 2082 1206 2145 ὡς
1239 2082 1336 2153 οὐχ
1361 2077 1462 2136 οἷοί
1496 2100 1555 2137 τε
1583 2080 1723 2155 ἦσαν
1752 2085 1864 2149 τοῖς

290 2166 422 2235 περὶ
452 2166 657 2220 τούτων
681 2168 1002 2236 ἐγκαλοῦσιν
1044 2172 1078 2243 ἢ
1120 2166 1466 2238 ὀνειδίζουσιν
1504 2173 1700 2238 ἱκανῶς
1732 2175 1866 2228 άπο-

288 2258 586 2327 λογείσθαι,
614 2260 777 2316 πάλιν
804 2262 900 2332 τὴν
922 2265 981 2316 έν
1019 2266 1582 2321 Κωνσταντινουτιόλει
1638 2267 1864 2337 δοκιμα-

290 2347 509 2404 σθεῖσαν
552 2352 733 2407 πίστιν
780 2354 1123 2424 ἀναγνόντες,
1160 2356 1498 2429 διελύθησαν,
1535 2358 1627 2412 καὶ
1659 2360 1739 2423 είς
1765 2361 1863 2422 τὰς

288 2442 469 2496 αὐτῶν
490 2443 673 2509 πόλεις
694 2444 1076 2518 ἀπεχώρησαν.

1960 1901 2131 1957 Paulo
2162 1904 2446 1974 apostolo:
2496 1903 2699 1959 Omnia‘
2719 1914 2896 1961 autem
2929 1921 2996 1961 ea:
3038 1904 3181 1961 Dco‘
3218 1924 3232 1962 :
3265 1906 3325 1961 in
3361 1905 3545 1961 omni-

1961 1994 2065 2049 bus
2094 2004 2273 2050 autem
2299 1978 2688 2066 comprehendi
2732 1996 2899 2052 etiam
2943 1993 3168 2051 Filium.
3215 1996 3396 2067 Atque
3435 1997 3543 2051 hoc

1961 2085 2125 2142 modo
2167 2088 2580 2160 intelligendum
2622 2103 2745 2145 esse
2786 2088 2933 2160 quod
2985 2088 3093 2159 ipsi
3132 2087 3454 2159 adiecerant
3486 2088 3542 2144 in

1968 2180 2205 2236 formula
2234 2180 2357 2236 ﬁdei
2402 2196 2550 2247 suae,
2596 2180 2902 2237 secundum
2934 2180 3275 2251 Scripturas.
3322 2180 3389 2235 Et
3438 2181 3545 2237 hoc

1968 2271 2189 2343 quidem
2222 2273 2296 2326 ita
2327 2273 2650 2329 cavillantes
2689 2272 3220 2344 interpretabantur.
3260 2273 3546 2329 Postremo

1969 2377 2093 2418 cum
2134 2362 2202 2416 iis
2246 2361 2338 2431 qui
2369 2363 2518 2432 ipsos
2549 2362 2655 2417 hoc
2692 2362 2918 2420 nomine
2955 2363 3320 2428 accusabant,
3356 2361 3546 2431 objur-

1966 2452 2305 2523 gabantque,
2356 2450 2682 2508 satisfacere
2720 2466 2833 2507 non
2872 2460 3131 2521 possent,
3174 2451 3312 2506 lecta
3346 2463 3546 2505 rursus

286 2533 412 2590 ﬁdei
438 2536 668 2594 formula
691 2556 811 2610 qua:
829 2540 1307 2612 Constantinopoli
1335 2542 1634 2613 approbata
1664 2542 1861 2611 fuerat,
1901 2560 1932 2600 e
1959 2546 2196 2602 concilio
2224 2546 2637 2613 discesserunt,
2702 2556 2757 2601 et
2799 2544 2867 2600 ad
2911 2557 3042 2602 suas
3090 2542 3329 2615 quisque
3387 2541 3545 2599 sedes

288 2627 495 2683 reversi
524 2640 672 2685 sunt.

886 2726 1136 2780 ΚΕΦΑΛ.
1180 2726 1259 2779 Λ⁹.

2563 2724 2717 2783 CAP.
2771 2723 2941 2779 XXX.

288 2813 428 2891 Hegi
458 2816 756 2891 Γεωργίου
778 2818 885 2891 τοῦ
934 2819 1312 2891 Ἀντιοχείας,
1356 2817 1455 2870 καί
1483 2818 1765 2891 περὶτῶν
1796 2818 1865 2891 ἐν

1969 2818 2310 2891 DeMGeorgio
2357 2819 2697 2873 Alexandria:
2746 2818 2991 2891 episcopo
3017 2854 3032 2881 ,
3081 2822 3131 2871 et
3167 2807 3250 2870 ’ἀι
3286 2815 3543 2891 episcopis

378 2886 814 2958 Ἰεροσολύμοις
840 2886 1454 2958 ἀρχιερατέὺσὰντων’
1490 2888 1588 2942 καὶ
1616 2887 1702 2942 ὅτι
1717 2888 1866 2958 μετὰ

362 2955 662 3028 Κύριλλον
682 2955 862 3025 τριῶν
886 2955 1207 3028 ἀρχιερέων
1225 2957 1590 3028 προϐάντιωρ,
1620 2955 1805 3012 πάλιν
1834 2963 1866 3012 ό

362 3026 657 3092 Κύριλλος
683 3028 864 3096 ἐπέϐη
905 3026 1010 3083 τοῦ
1052 3026 1272 3098 θρόνου
1312 3027 1420 3096 τῆς
1457 3028 1864 3098 Ἰερουσαλήμ.

2040 2884 2568 2959 Hierosolymorum:
2600 2898 2650 2943 et
2676 2884 2936 2959 quomodo
2965 2902 3084 2959 cum
3104 2895 3245 2959 post
3278 2884 3545 2959 Cyrillum

2039 2971 2143 3014 tres
2174 2955 2423 3014 continua
2453 2960 2588 3015 serie
2616 2958 2842 3026 episcopi
2879 2957 3011 3026 facti
3035 2955 3267 3025 fuissent
3291 2997 3305 3023 ,
3328 2955 3543 3009 'iterum

2035 3029 2272 3100 Cyrillus
2306 3030 2480 3083 sedem
2508 3045 2662 3084 suam
2694 3029 2907 3098 recepit.

375 3116 464 3169 Ἐν
493 3117 663 3188 τούτῳ
695 3120 771 3183 δὲ,
800 3120 881 3173 ἔτι
927 3120 1243 3176 Ἀθανασίου
1268 3121 1664 3192 κρυπτομένου,
1698 3123 1861 3174 ὲπαν-

2034 3121 2139 3174 Per
2167 3119 2307 3176 idem
2342 3125 2562 3189 tempus
2603 3132 2729 3173 cum
2770 3114 3110 3173 Athanasius
3138 3112 3321 3169 adhuc
3354 3111 3545 3168 delite-

290 3206 462 3262 ελθὼν
492 3209 758 3280 Γεώργιος
786 3214 864 3276 είς
901 3213 1326 3285 Ἀλεξάνδρειαν,
1356 3212 1606 3285 χαλεπῶς
1658 3214 1857 3267 ἐκάκου

288 3298 417 3362 τοὺς
441 3300 727 3370 Ἕλληνας,
775 3305 867 3357 καὶ
908 3307 1033 3369 τοὺς
1084 3307 1285 3378 ἑτέρως
1347 3304 1494 3374 αὐτῷ
1541 3304 1861 3371 δοξάζοντας

289 3389 670 3458 Χριστιανούς.
737 3395 1060 3468 Ἐκατέρους
1112 3414 1170 3450 τε
1203 3397 1308 3468 γὰρ
1343 3397 1416 3461 ὡς
1447 3397 1696 3451 ἐϐούλετο
1725 3398 1860 3467 θρη-

292 3481 510 3535 σκεύειν
542 3484 806 3550 ἐϐιάζετο,
839 3489 931 3541 καὶ
959 3490 1424 3560 παραιτουμένους
1454 3490 1698 3561 ἤλαυνεν.
1717 3488 1865 3559 Ἐμι-

294 3575 444 3627 σεῖτο
473 3575 531 3627 δὲ
561 3577 709 3648 παρὰ
735 3579 834 3649 μὲν
853 3579 960 3633 τῶν
976 3582 1034 3634 ὲν
1055 3581 1216 3651 λόγῳ,
1256 3582 1331 3645 ὡς
1345 3582 1625 3654 ὑπερορῶν
1654 3581 1868 3645 αὐτοὺς,

292 3666 389 3718 καὶ
416 3670 525 3729 τοῖς
557 3667 813 3739 ἄρχουσιν
855 3672 1185 3726 ἐπιτάττων·
1217 3673 1365 3745 παρὰ
1397 3674 1454 3727 δὲ
1489 3672 1581 3726 τοῦ
1604 3673 1867 3743 πλήθους,

290 3759 371 3822 ὡς
397 3762 733 3829 τυραννικὸς,
760 3763 853 3816 καὶ
888 3763 1049 3817 πλέον
1093 3763 1310 3819 πάντων
1349 3766 1661 3835 δυνάμενος.
1707 3764 1869 3834 Ἐχά-

291 3851 514 3905 λέπαινε
538 3853 594 3906 δὲ
620 3855 923 3925 μάλιστατὸ
954 3855 1283 3926 Ἑλληνικὸν,
1307 3857 1390 3910 ὅτι
1413 3874 1472 3910 τε
1497 3856 1642 3910 θύειν
1672 3858 1869 3920 αὐτοὺς

294 3946 392 3997 καὶ
414 3945 514 4007 τὰς
542 3947 799 4017 πατρίους
817 3946 1008 4018 ἑορτὰς
1038 3949 1191 4016 ἄγειν
1232 3948 1458 4012 ἐκώλυε,
1483 3950 1578 4003 καὶ
1600 3950 1867 4019 στρατιιῦ-

1965 3219 2160 3276 sceret,
2201 3210 2471 3281 Georgius
2502 3208 2896 3265 Alexandriam
2931 3220 3184 3264 reversus
3207 3247 3223 3274 ,
3266 3211 3379 3261 tum
3410 3219 3544 3275 gen-

1968 3303 2112 3367 tiles,
2130 3311 2239 3357 tum
2256 3301 2602 3358 Christianos
2627 3300 2718 3371 qui
2749 3315 2861 3356 non
2887 3299 3036 3355 idem
3069 3314 3192 3354 cum
3225 3297 3347 3367 ipso
3381 3294 3546 3353 senti-

1968 3403 2113 3458 rent,
2141 3395 2380 3465 graviter
2412 3394 2754 3464 oppressit’.
2797 3394 3076 3464 Utrosque
3114 3390 3261 3446 enim
3296 3388 3543 3444 divinum

1973 3500 2195 3548 numen,
2233 3493 2392 3555 prout
2418 3485 2536 3555 ipse
2565 3484 2762 3550 vellet,
2793 3485 2976 3541 colere
3019 3481 3272 3554 adigebat
3298 3469 3335 3535 ι’
3360 3479 3545 3535 detre-

1966 3585 2180 3634 ctantes
2227 3592 2360 3633 vero
2422 3577 2819 3634 insectabatur.
2872 3575 3090 3633 Invisus
3146 3579 3331 3629 autem
3380 3576 3544 3639 erat,

1967 3668 2308 3739 primoribus
2336 3658 2556 3738 quidem
2586 3676 2877 3740 propterea
2909 3666 3055 3738 quod
3085 3678 3357 3735 arrogans
3378 3668 3545 3726 esset,

1968 3766 2023 3814 et
2053 3758 2383 3828 praesidibus
2408 3757 2704 3828 imperaret
2740 3777 2752 3813 :
2806 3758 3035 3828 plebeiis
3079 3770 3246 3822 vero,
3285 3763 3546 3824 tanquam

1971 3856 2241 3920 tyrannus
2270 3889 2284 3914 ,
2330 3855 2384 3902 et
2427 3848 2522 3917 qui
2572 3847 2696 3918 plus
2730 3856 2918 3916 posset
2962 3860 3107 3901 unus
3140 3858 3303 3915 quam
3350 3839 3545 3912 reliqui

1972 3953 2185 3995 omnes.
2223 3938 2326 3993 Sed
2358 3937 2631 4008 praecipue
2661 3936 2893 4008 gentiles
2927 3936 2978 3992 ei
3010 3934 3443 3997 succensebant,
3483 3947 3549 3988 eo

291 4052 394 4097 τας
423 4036 517 4088 καὶ
549 4035 636 4089 τὸν
666 4040 723 4090 ὲν
770 4037 1029 4108 Αἰγύπτῳ
1078 4040 1379 4110 στρατηγὸν
1428 4038 1539 4107 (48)
1570 4041 1665 4092 σὺν
1686 4039 1868 4102 ὅπλοις

1972 4033 2118 4101 quod
2151 4031 2462 4088 sacriﬁcare
2484 4038 2537 4085 et
2567 4029 2735 4084 festos
2758 4028 2877 4081 dies
2906 4025 3085 4097 patrio
3118 4026 3226 4078 ritu
3268 4023 3549 4078 celebrare

296 4127 679 4196 ἑπεισαγαγὼν
699 4131 764 4199 τῇ
792 4129 963 4196 πόλει,
997 4130 1209 4193 εἰκόνας
1224 4147 1280 4182 τε
1304 4130 1398 4183 καὶ
1417 4130 1759 4201 ἀναθήματα,
1781 4130 1871 4181 καὶ

1975 4122 2126 4189 ipsos
2168 4120 2513 4190 prohiberet,
2570 4115 2917 4184 inductisque
2952 4115 3007 4167 in
3054 4112 3243 4167 urbem
3281 4110 3549 4166 militibus

296 4215 390 4269 τὸν
422 4218 481 4268 ὲν
503 4218 612 4280 τοῖς
634 4221 778 4280 ναοῖς
811 4219 1012 4289 κόσμον
1063 4219 1486 4289 ἀφαιρούμενος.
1524 4220 1589 4270 Ἀ
1643 4218 1709 4288 δὴ
1750 4217 1871 4287 πρό-

1973 4211 2202 4265 armatis
2235 4250 2250 4275 ,
2304 4224 2413 4264 una
2478 4224 2607 4263 eum
2665 4208 2803 4261 duce
2841 4205 3103 4277 Egypti,
3158 4205 3422 4272 imagines
3485 4216 3549 4257 ac

296 4325 462 4376 φάσις
487 4306 711 4379 ὕστερον
746 4310 893 4379 αὑτῷ
917 4310 1133 4377 ἐγένετο
1163 4309 1259 4379 τῆς
1280 4309 1629 4380 ἀναιρέσεως,
1660 4309 1735 4372 ὡς
1765 4310 1863 4361 αύ-

1974 4305 2201 4359 donaria
2228 4345 2243 4369 ,
2273 4317 2605 4373 omnemque
2629 4302 2962 4372 templorum
3003 4309 3254 4355 ornatum
3294 4296 3550 4353 abstulis-

293 4398 425 4452 τίκα
458 4398 613 4463 λέξω.
643 4401 908 4471 Κυρίλλου
969 4401 1025 4455 δὲ
1060 4400 1492 4472 καθαιρεθέντος,
1525 4401 1598 4463 ὡς
1635 4402 1867 4473 εἴρηται,

1975 4405 2078 4452 set.
2108 4394 2238 4461 Quae
2271 4411 2357 4451 res
2388 4403 2575 4465 postea
2614 4408 2840 4449 causam
2872 4393 3022 4448 necis
3050 4392 3101 4447 ei
3136 4390 3347 4455 attulit,
3386 4389 3550 4445 sicuti

374 4570 583 4627 'lCor.
621 4588 698 4637 ιι,
732 4573 816 4627 12.
887 4575 906 4605 ²
936 4573 1092 4629 Socr.
1123 4575 1218 4629 lib.
1256 4589 1316 4631 ιι,
1351 4589 1401 4629 c.
1432 4575 1522 4638 28,
1552 4573 1718 4628 etlib.
1743 4588 1825 4639 ιιι,
1850 4574 1973 4627 0.2.

1497 4731 1765 4787 VALESII
1808 4729 2368 4786 ANNOTATIONES.

374 4887 486 4956 (46)
539 4889 819 4957 Ἆνόμοιοι
873 4888 972 4941 καὶ
1037 4888 1452 4953 Ἑξουκόντιοι.
1487 4886 1631 4940 Idem
1680 4886 1875 4941 scribit

298 4959 637 5013 Athanasius
695 4961 749 5012 in
805 4959 946 5013 libro
1008 4958 1081 5014 De
1115 4958 1340 5029 synodis
1389 4958 1622 5011 Arimini
1682 4969 1735 5012 et
1779 4957 1876 5012 Se-

300 5030 519 5083 lcueiae.

377 5100 489 5168 (47)
531 5098 599 5152 Τὸ
627 5099 1019 5169 προκείμενον
1044 5098 1113 5152 ἐν
1146 5093 1236 5163 οἷς
1283 5097 1557 5169 ἐξέθεντο
1589 5096 1738 5169 κατὰ
1770 5097 1877 5162 τὰς

300 5167 755 5238 θείαςΓραςράς.
777 5167 935 5224 Hunc
959 5172 1136 5238 locum
1160 5183 1271 5221 non
1297 5167 1679 5223 intellexerunt
1702 5168 1875 5238 inter-

300 5248 528 5310 pretes.
549 5237 861 5309 lntelligunt
890 5241 1032 5310 enim
1057 5237 1316 5291 Aeaciani
1346 5240 1511 5310 verba
1534 5254 1652 5310 (lum
1672 5237 1875 5310 in_for-

302 5306 455 5363 ittula
505 5309 627 5364 ﬁdei
676 5306 789 5364 sua:
838 5309 1184 5374 addiderant,
1232 5308 1372 5360 κατὰ
1398 5306 1498 5369 τὰς
1552 5306 1710 5370 θείας
1737 5308 1876 5376 Γρα-

304 5380 432 5446 φάς.
464 5378 599 5431 Nam
636 5379 725 5433 alii
759 5381 975 5448 quidem
1018 5376 1215 5432 Filium
1270 5376 1418 5448 Patri
1472 5377 1717 5448 similem
1756 5392 1878 5430 esse

304 5445 564 5504 dicebant
589 5452 706 5502 κατ’
732 5445 937 5517 οὗσίαν,
993 5450 1083 5503 alii
1113 5463 1243 5503 vero
1272 5447 1410 5500 κατὰ
1445 5446 1640 5501 πάντα.
1676 5445 1877 5500 Verum

302 5521 568 5574 Acaciani
602 5520 837 5575 similem
864 5520 1163 5575 secundum
1201 5517 1513 5586 Scripturas
1561 5517 1878 5585 proﬁteban-

307 5598 416 5656 tur,
450 5590 679 5646 subdole
713 5600 764 5644 et
799 5590 1193 5644 fraudulenter.
1225 5588 1471 5656 Cumque
1503 5587 1637 5656 ipsis
1672 5587 1876 5652 ohjice-

308 5669 481 5725 retur,
518 5660 794 5727 quomodo
837 5660 1036 5716 Filium
1090 5660 1180 5714 Dei
1239 5659 1574 5713 dicerentcx
1622 5660 1792 5712 nihilo
1822 5665 1876 5710 et

308 5730 635 5787 dissimilem
663 5729 835 5798 Patri,
869 5748 992 5787 cum
1025 5732 1271 5786 eumdem
1314 5729 1599 5783 crederent
1622 5728 1786 5782 Deum
1810 5727 1875 5781 de

1980 4884 2112 4959 Deo,
2145 4886 2570 4957 respondebant,
2607 4883 2929 4959 Apostolqu
2963 4880 3170 4959 dixisse
3213 4878 3401 4959 omnia
3427 4892 3549 4959 esse

1979 4972 2045 5011 ex
2077 4958 2205 5018 Deo,
2232 4950 2353 5011 cum
2386 4964 2566 5009 tamen
2594 4950 2777 5009 creata
2802 4953 2913 5008 sint
2937 4966 3002 5005 ex
3020 4950 3211 5015 nihilo,
3232 4955 3286 5004 et
3310 4950 3550 5004 dissimi-

1979 5026 2049 5080 lia
2081 5029 2191 5082 sint
2214 5027 2341 5081 Deo.

2053 5097 2162 5167 (48)
2198 5098 2314 5167 Kal!
2338 5095 2443 5149 τὸν
2468 5094 2536 5147 ἐν
2553 5093 2825 5167 έὶγύπτῳ
2854 5091 3227 5167 στρατηγόν..
3246 5088 3548 5167 A__rtemiu_m

1980 5157 2239 5232 intelligit
2286 5165 2479 5219 ducem
2533 5157 2778 5232 Egypti,
2823 5169 2883 5215 ut
2928 5157 3451 5232 testatur_.[ulianus
3492 5159 3548 5210 in

1980 5228 2208 5306 epistola
2228 5236 2292 5289 ad
2317 5228 2735 5306 Alexandrinos,
2760 5239 2815 5306 et
2837 5232 3156 5285 Ammianus
3178 5228 3544 5306 Marcellinus.

1985 5300 2081 5362 llic
2145 5317 2329 5375 postea
2394 5310 2653 5375 regnante
2707 5301 2924 5375 Juliano
2976 5300 3225 5375 martyrii
3286 5310 3546 5375 coronant

1986 5365 2217 5447 adeptus
2260 5382 2366 5448 est,
2418 5365 2487 5429 ab
2536 5373 2934 5448 Alexandrinis
2985 5365 3237 5448 occisus,
3280 5383 3345 5423 eo
3375 5365 3546 5448 quod

1985 5438 2292 5503 Constantii
2318 5438 2657 5517 temporibus
2683 5443 2883 5517 templ_a
2917 5456 2981 5495 ac
3002 5440 3229 5517 delubra
3265 5438 3543 5517 gentilium

1984 5518 2332 5573 Alexandria:
2388 5514 2774 5571 destruxissct.
2834 5514 3060 5567 Exstant
3112 5516 3231 5562 acta
3276 5514 3546 5576 passionis

1984 5591 2105 5659 ejus
2137 5588 2278 5654 apud
2307 5586 2668 5659 Lipomanum
2698 5592 2749 5639 et
2774 5581 3012 5647 Surium,
3047 5577 3268 5634 minime
3304 5583 3548 5630 contem‘

1984 5660 2191 5717 nenda.
