4056 6326
736 10 743 12 τ
762 9 1575 17 ᾐν-Ψ-γ-υ-ς-ηήκ‹-ννυ.--“”Μσ-π
1598 9 1792 16 ---σ-ν-›νν
1817 10 1838 11 νν

317 372 338 425 Ι
349 371 451 426 209

1282 376 1605 436 HISTORIA
1646 380 2200 443 ECCLESIASTICA.
2242 419 2311 429 ——
2341 390 2471 446 LIB.
2512 390 2577 446 Υ.

3437 398 3578 456 ﬁlo

311 490 440 555 τοὺς
464 492 566 562 μὲν
592 475 920 563 ἐχειρώσατο
944 475 1119 582 ’θ’τοὺς
1139 495 1196 549 δὲ
1220 495 1525 571 ἐζώγρησε.
1552 502 1815 575 Λαμπρὺς
1841 503 1874 557 ἃ

2000 507 2139 571 Iunt,
2202 511 2407 566 multos
2456 525 2645 566 eorum
2688 508 2981 576 interfecit,
3019 511 3155 567 alios
3183 511 3338 569 vivos
3370 516 3570 584 cepit‘.

310 582 564 651 τηνικάδε
590 584 797 650 φανεὶς,
827 584 923 638 καὶ
952 572 1057 639 ύπὺ
1085 589 1435 661 μετριότητος
1467 593 1562 646 καὶ
1589 572 1889 659 ἐπιεικείας

310 674 708 742 κεχαρισμένος
738 677 851 738 τοῖς
881 677 1242 748 στρατιώταις
1270 682 1531 750 γεγονὼς,
1560 685 1891 755 ἀναγορεύε-

309 782 402 819 ται
437 768 570 837 πρὸς
597 767 776 822 αὐτῶν
812 770 1097 834 σεϐαστός.
1128 773 1311 843 Μηδὲν
1334 775 1407 828 δὲ’
1420 776 1551 845 περὶ
1573 775 1787 841 τούτου,
1813 778 1891 840 ὡς

309 857 479 921 εἰκὸς,
515 860 652 930 πρὸς
679 862 1058 917 Κωνστάντιον
1092 867 1591 938 παραιτησάμενος,
1623 867 1889 940 ἄρχοντας

313 949 414 1019 μὲν
442 950 567 1013 τοὺς
610 951 699 1004 ὑπ’
728 953 895 1006 αὑτοῦ
928 956 1405 1027 χειροτονηθέντας
1448 958 1675 1029 ἧμειϐεν
1701 975 1714 989 ·
1764 957 1889 1010 ἐπί-

308 1041 468 1110 τηδες
508 1041 563 1094 δὲ
600 1043 695 1095 καλ¹
725 1044 825 1109 τὰς
870 1047 1160 1113 ἐπιστολὰς
1200 1050 1507 1115 ἐπεδείκνυ,
1550 1051 1618 1104 δι’
1653 1044 1729 1106 ὧν
1762 1053 1888 1116 τοὺς

308 1131 620 1204 βαρϐάρους
652 1136 833 1191 καλῶν
871 1139 1014 1193 κατά
1043 1142 1383 1209 Μαγνεντίου
1402 1181 1417 1207 ,
1436 1145 1543 1207 -είς
1583 1145 1887 1216 Ῥωμαίους

307 1225 539 1295 ἢγαγεν·
572 1225 836 1300 ἐξαπίνης
855 1231 914 1284 δὲ
941 1231 1042 1301 τὴν
1071 1231 1367 1303 θρησκείαν
1386 1234 1725 1304 μεταϐαλὼν,
1749 1237 1876 1307 πρό-

305 1332 468 1386 τερον
525 1321 913 1390 χριστιανίζειν
985 1323 1199 1386 δοκῶν,
1265 1325 1529 1396 ἀρχιερέα
1605 1326 1886 1397 ὠνόμαζεν

306 1408 523 1473 ἑαυτὸν,
558 1412 792 1475 καὶτοῖς
838 1413 1107 1485 Ἑλλήνων
1153 1418 1303 1479 ναοῖς
1350 1416 1558 1485 ἐφοίτα,
1605 1419 1698 1472 καὶ
1737 1418 1881 1484 ἔθυε,

304 1501 405 1555 καλ⁵
432 1504 558 1567 τσὺς
587 1504 862 1574 ὑπηκόους
897 1503 999 1560 ὧδε
1040 1507 1386 1577 θρησκεύειν,
1412 1508 1615 1564 ἔπειθε.
1649 1512 1883 1582 Προσδο-

301 1595 567 1665 κωμένων
593 1596 648 1651 δὲ
679 1598 903 1669 Περσῶν
948 1599 1242 1671 Ῥωμαίοις
1273 1601 1650 1672 ἐπιθήσεσθαι,
1679 1605 1773 1659 καὶ
1795 1604 1884 1659 διά

299 1687 461 1741 τοῦτο
503 1690 560 1741 ὲν
606 1691 775 1762 Συρίᾳ
808 1691 1184 1746 Κωνσταντίου
1231 1693 1618 1766 διατρίϐοντος,
1661 1695 1882 1766 λογισά-

301 1796 468 1849 μενος
507 1782 751 1853 ἀμαχητὶ
780 1780 1040 1838 δύνασθαι
1066 1781 1174 1838 τῶν
1203 1783 1478 1857 Ἰλλυριῶν
1518 1789 1761 1858 κρατεῖν,
1801 1787 1879 1841 εῖ-

297 1880 428 1941 χετο
454 1871 552 1940 τῆς
576 1873 663 1925 ἐπ’
694 1873 889 1936 αὐτοὺς
915 1873 1037 1927 ὀδοῦ
1065 1892 1080 1907 ·
1121 1876 1390 1946 πρόφασιν
1419 1877 1762 1950 ποιούμενος,
1805 1880 1881 1943 ὡς

297 1964 597 2033 ἀπολογίας
624 1967 785 2037 χάριν
814 1967 1027 2022 ἐλαύνει
1057 1970 1192 2041 πρὸς
1218 1972 1595 2026 Κωνστάντιον
1624 1973 1763 2044 ὑπὲρ
1785 1973 1878 2027 τοῦ

298 2055 378 2128 μὴ
411 2055 552 2110 ἑκὼν
578 2057 726 2122 δόξαι
760 2059 900 2131 πρὸς
928 2059 1039 2115 τῶν
1075 2062 1422 2133 στρατιωτῶν
1471 2063 1621 2136 παρὰ
1655 2065 1879 2138 γνώμην

295 2148 462 2201 αὐτοῦ
489 2148 556 2202 τά
585 2149 832 2220 σύμϐολα
859 2151 960 2222 τῆς
988 2153 1267 2222 βασιλείας
1298 2155 1715 2226 καταδέχεσθαι.
1770 2158 1877 2211 Λέο

293 2255 452 2307 γεται
478 2238 535 2292 δὲ
575 2240 739 2311 ἡνίκα
774 2242 882 2313 πρὸ
921 2242 1031 2296 τῶν
1068 2244 1195 2316 τῇδε
1243 2246 1384 2318 ὅρων
1418 2247 1611 2318 ἐπέϐη,
1645 2247 1746 2312 τὰς
1779 2249 1877 2320 μὲν

291 2328 574 2398 ἀμπέλους
601 2331 736 2401 μετά
760 2331 966 2403 τρύγην
993 2333 1137 2404 ἀμφὶ
1163 2334 1262 2406 τὴν
1292 2335 1397 2390 τῶν
1428 2337 1700 2392 Πλειάδων
1728 2339 1876 2394 δύσιν

290 2418 560 2492 ὁμφάκων
598 2421 827 2493 πλήρεις
871 2424 1109 2495 φανῆναι
1144 2441 1162 2457 ⁶
1214 2427 1312 2498 τὴν
1361 2428 1417 2482 δὲ
1456 2429 1563 2481 ἀπὸ
1587 2429 1680 2482 τοῦ
1714 2431 1876 2502 ἀέρος

289 2513 505 2584 δρόσον,
536 2513 877 2585 διαχεθεῖσαν
902 2517 1043 2571 κατὰ
1074 2518 1176 2588 τῆς
1209 2519 1377 2572 αὑτοῦ
1401 2522 1628 2591 ἐσθῆτος
1650 2524 1742 2576 καὶ
1767 2524 1874 2577 τῶν

289 2607 594 2677 ἑπομένων,
637 2608 759 2662 καθ’
791 2609 1028 2681 ἑκάστην
1074 2610 1328 2679 σταγόνα,
1371 2614 1606 2683 σταυροῦ
1647 2619 1873 2684 σημεῖον

287 2698 619 2754 ὲντυπῶσαι.
652 2700 858 2754 Ἐδόκει
890 2700 946 2754 δὲ
978 2701 1126 2773 αύτῷ
1156 2702 1250 2756 καὶ
1283 2703 1495 2768 πολλοῖς
1523 2705 1633 2759 τῶν
1662 2707 1871 2762 συνιόνο

287 2808 399 2845 των
438 2791 570 2862 (51),
617 2792 667 2845 οἱ
720 2793 820 2863 μὲν
869 2792 1093 2861 βότρυες
1140 2795 1295 2867 παρά
1350 2796 1541 2867 καιρὸν
1587 2799 1868 2866 φανέντες,

290 2883 355 2936 σύ
365 2882 560 2954 μϐολον
589 2880 726 2938 εἶναι
757 2885 956 2954 ἀγαθόν
981 2902 994 2915 ·
1025 2887 1059 2957 ή
1081 2887 1135 2939 δὲ
1161 2887 1351 2957 δρόσος
1381 2890 1444 2942 ὲκ
1470 2891 1873 2960 παρατυχόντος

286 2968 392 3029 ὧδε
419 2976 517 3046 τὴν
549 2976 752 3048 ἐσθῆτα
799 2977 1122 3042 καταστίξαι
1154 2978 1275 3031 καθ’
1303 2974 1372 3050 ἧς
1416 2978 1575 3050 ἔτυχε
1607 2980 1868 3038 πεσοῦσα.

290 3066 477 3119 Ἀλλοι
525 3067 582 3121 δὲ
621 3067 802 3137 ἔλεγον
830 3070 942 3123 τοῖν
972 3069 1283 3140 συμϐόλοιν,
1313 3071 1375 3123 τὸ
1411 3072 1529 3141 μὲν,
1560 3071 1738 3143 ἄωρον
1771 3089 1871 3141 ση-

198 3214 209 3223 ,
288 3156 501 3228 μαίνειν
526 3159 844 3214 ἀπολεῖσθαι
874 3160 966 3213 τὸν
1003 3161 1248 3231 βασιλέα,
1275 3162 1538 3233 όμφάκων
1565 3162 1741 3234 δίκην,
1777 3165 1870 3217 καὶ

284 3249 653 3322 ὀλιγοχρόνιον
704 3250 924 3305 ἔσεσθαι
964 3252 1131 3306 αὐτοῦ
1178 3253 1275 3323 τὴν
1321 3253 1597 3324 βασιλείαν
1624 3272 1637 3286 °
1687 3256 1749 3308 τὸ
1788 3256 1867 3321 δὲ,

284 3344 624 3413 προμηνύειν
652 3343 901 3414 οὐράνιον
928 3343 1067 3398 εἶναι
1094 3345 1155 3397 τὸ
1171 3345 1348 3416 δόγμα
1373 3346 1483 3401 τῶν
1505 3349 1870 3419 Χριστιανῶν,

283 3434 383 3488 καὶ
414 3436 611 3505 χρῆναι
640 3435 851 3500 πάντας
888 3435 967 3508 τῷ
1001 3436 1211 3508 σημείῳ
1241 3436 1335 3490 τοῦ
1365 3439 1598 3511 σταυροῦ
1628 3456 1871 3508 καταση-

286 3525 581 3597 μανθῆναι.
620 3527 710 3591 Ὦς
737 3527 879 3581 ἔοικε
908 3528 987 3596 δὲ,
1020 3531 1068 3582 οἱ
1094 3529 1356 3586 τάναντία
1384 3529 1460 3601 τῷ
1491 3529 1703 3600 βασιλεῖ
1726 3530 1874 3597 δοξά-

285 3634 503 3685 σαντες,
539 3619 600 3671 ού
636 3618 938 3691 διήμαρτον
964 3621 1061 3691 τῆς
1102 3619 1359 3692 ἀληθείας
1384 3636 1402 3653 ο
1447 3623 1736 3694 ἀμφότερα
1762 3622 1872 3695 γὰρ

280 3712 556 3781 εὐστόχως
584 3712 838 3784 εἰρῆσθαι
869 3712 1072 3785 προῖὼν
1101 3715 1129 3765 ὁ
1164 3714 1356 3785 χρόνος
1383 3714 1688 3780 ἀπέδειξεν.
1717 3715 1872 3769 Ἐπεὶ

278 3803 340 3857 δὲ
368 3803 599 3858 ἐπύθετο
633 3807 1007 3869 Κωνστάντιος
1031 3807 1413 3876 ἐκστρατεύειν
1442 3808 1528 3860 ἐπ’
1557 3808 1718 3862 αὐτὸν
1742 3809 1869 3861 Ἰου-

279 3894 501 3960 λιανδν,
558 3896 871 3951 καταλιπὼν
917 3896 1015 3968 τὴν
1065 3897 1200 3967 πρὸς
1257 3899 1383 3963 τοὺς
1426 3900 1645 3971 Πέρσας
1694 3916 1872 3971 παρα-

282 3983 526 4055 σκευὴν,
584 3987 678 4038 ἐπὶ
732 3985 858 4057 τὴν.
890 3986 1301 4040 Κωνσταντίνου
1361 3988 1516 4042 πόλιν
1572 3989 1867 4059 ἠπείγετο*

281 4076 449 4146 ἡνίκα
476 4076 540 4149 δὴ
573 4078 671 4149 τὴν
699 4079 1008 4149 ὁδοιπορίαν
1058 4078 1397 4151 ποιούμενος,
1433 4079 1783 4152 ἐτελεύτησεν
1811 4081 1871 4134 ὲν

280 4160 520 4238 Μόμψου
554 4172 801 4241 κρήναις,
837 4170 1036 4240 μεταξὺ
1071 4170 1310 4225 Κιλίκων
1354 4172 1447 4225 καὶ
1481 4172 1870 4226 Καππαδοκῶν

282 4259 394 4314 τῶν
437 4260 573 4331 πρὸς
615 4259 693 4330 τῷ
730 4260 962 4330 Ταύρῳ⁶
1011 4261 1103 4331 ἐτη
1150 4262 1295 4332 ἀμφὶ
1337 4246 1747 4333 τεσσαράκοντα
1775 4262 1870 4315 καὶ

283 4351 450 4404 πέντε
486 4350 740 4419 γεγονώς.
797 4352 891 4418 Ἐξ
922 4346 997 4407 ὧν
1042 4353 1396 4424 τρισκαίδεκα
1444 4353 1541 4409 σὺν
1584 4351 1662 4424 τῷ
1702 4355 1870 4425 πατρὶ

283 4442 625 4506 ἐϐασίλευσε,
662 4444 824 4498 πέντε
858 4444 915 4497 δὲ
943 4444 1038 4497 καὶ
1072 4445 1242 4497 εἴκοσι
1275 4446 1392 4514 μετ’
1435 4445 1662 4499 ἐκεῖνον.
1715 4446 1869 4499 Ἐπεὶ

1992 598 2108 666 Qua
2140 617 2205 656 ex
2230 617 2288 657 re
2306 602 2578 673 ingentem
2603 602 2829 672 gloriam
2862 602 3095 672 adeptus
3115 643 3129 666 ,
3178 619 3300 658 cum
3354 606 3424 660 ob
3455 622 3575 660 mo-

1990 692 2220 748 destiam
2250 709 2313 748 ac
2348 710 2561 749 morum
2593 694 2867 758 lenitatem
2898 695 3253 765 gratissimus
3283 705 3431 751 esset
3471 698 3574 752 mi-

1990 784 2210 849 litibus,
2236 787 2517 857 Augustus
2556 788 2624 840 ab
2656 787 2852 842 iisdem
2888 787 3255 843 renuntiatur.
3300 785 3574 858 Nullaque

1952 874 2062 928 .ob
2116 873 2168 928 id
2218 873 2422 929 factum
2480 877 2838 932 excusatione
2888 893 3056 941 usus,
3106 877 3252 933 sicut
3284 892 3386 946 par
3430 889 3570 944 erat,

1989 964 2134 1034 apud
2166 965 2579 1033 Constantium,
2617 966 2831 1036 judices
2858 968 3076 1038 quidem
3108 968 3175 1023 ab
3206 983 3272 1023 eo
3290 978 3573 1039 promotos

1988 1056 2224 1110 mutavit
2251 1096 2267 1121 ,
2298 1057 2511 1114 litteras
2563 1066 2743 1113 autem
2773 1059 2894 1129 ejus
2933 1059 3001 1115 de
3033 1058 3302 1114 industria
3327 1068 3572 1116 ostenta-

1985 1147 2086 1211 vit,
2120 1147 2323 1217 quibus
2358 1147 2448 1204 ille
2473 1149 2742 1206 barbaros
2765 1151 2832 1205 ad
2862 1151 3062 1206 bellum
3094 1160 3288 1208 contra
3313 1153 3573 1225 Magnen-

1986 1236 2124 1290 tium
2178 1236 2440 1302 invitans,
2470 1237 2528 1292 in
2576 1238 2891 1308 provincias
2923 1239 3297 1296 Romanorum
3340 1243 3572 1301 induxe-

1986 1336 2091 1381 rat.
2134 1324 2384 1397 Cumque
2427 1340 2587 1383 antea
2644 1329 2996 1387 Christianus
3044 1330 3217 1388 fuisse
3256 1333 3566 1405 videretur,

1984 1424 2208 1486 repente
2235 1425 2441 1472 mutata
2472 1418 2759 1490 religione,
2785 1421 3080 1492 semetipse
3095 1423 3409 1493 pontiﬁcem
3448 1442 3569 1483 ma-

1984 1507 2193 1561 ximum
2230 1508 2562 1578 appellavit:
2591 1516 2645 1564 et
2678 1510 2964 1580 gentilium
2992 1513 3196 1582 templa
3229 1513 3566 1583 ingrediens,

1985 1595 2094 1651 diis
2125 1595 2493 1661 sacriﬁcavit,
2546 1605 2601 1653 et
2638 1598 2882 1654 subditis
2927 1599 3161 1656 suadere
3193 1603 3361 1673 coepit
3411 1612 3470 1658 ut
3502 1621 3569 1661 eo

1983 1689 2109 1743 ritu-
2146 1689 2281 1745 deos
2328 1689 2593 1745 colerent.
2633 1688 2826 1756 Porro,
2859 1705 2982 1745 cum
3016 1701 3195 1750 metus
3227 1695 3480 1753 subesset
3500 1713 3570 1753 ne

1982 1779 2167 1837 Persae
2214 1781 2270 1835 in
2317 1780 2694 1837 Romanorum
2741 1782 3006 1838 ditionem
3055 1783 3455 1855 irrumperent,
3486 1796 3570 1842 at-

1983 1887 2090 1942 que
2116 1872 2324 1927 idcirco
2355 1871 2718 1930 Constantius
2761 1873 2818 1928 in
2837 1872 2997 1945 Syria
3025 1886 3360 1941 moraretur,
3393 1878 3569 1933 anim—

1981 1964 2275 2020 advertens
2329 1963 2584 2020 Julianus
2631 1981 2691 2021 se
2735 1966 2945 2036 absque
2998 1968 3109 2021 ullo
3152 1968 3346 2037 prmlio
3397 1970 3570 2042 Illyri-

1980 2071 2106 2111 cum
2154 2071 2427 2126 occupare
2480 2073 2679 2127 posse,
2731 2074 2798 2113 eo
2850 2060 3139 2115 contendit
3189 2080 3203 2116 :
3245 2061 3457 2133 ﬁngens
3508 2079 3569 2119 se

1978 2146 2282 2202 excusandi
2312 2148 2400 2202 sui
2440 2161 2633 2214 causa,
2689 2146 2758 2203 ad
2784 2145 3171 2204 Constantium
3202 2151 3313 2206 iter
3347 2154 3566 2219 facere,

1977 2241 2255 2313 ne,_l78
2290 2256 2389 2297 sua
2434 2251 2631 2314 sponte
2678 2252 2878 2312 praeter
2909 2243 3061 2307 illius
3103 2246 3453 2301 voluntatem
3483 2243 3567 2302 in-

1978 2333 2429 2405 signia‘imperii
2488 2350 2519 2390 a
2575 2336 2846 2393 militibus
2906 2339 3225 2408 suscepisse
3259 2338 3562 2393 videretur.

1977 2424 2246 2481 Caeterum
2292 2440 2357 2480 eo
2391 2425 2626 2496 primum
2668 2427 3010 2497 ingrediente
3067 2429 3123 2483 in
3172 2428 3310 2485 lines
3350 2428 3565 2500 Illyrio-

1975 2534 2121 2584 rum,
2181 2518 2337 2573 aiunt
2384 2519 2523 2573 vites
2547 2517 2767 2589 quidem
2820 2528 2946 2589 post
3002 2528 3226 2591 tempus
3274 2520 3565 2577 vindemia:

1976 2609 2125 2664 circa
2163 2625 2423 2666 occasum
2458 2608 2858 2680 Vergiliarum,
2909 2612 3034 2681 uvis
3088 2613 3304 2669 acerbis
3369 2614 3564 2684 plenas

1976 2701 2163 2756 subito
2194 2703 2514 2771 apparuisse
2551 2722 2564 2757 :
2599 2717 2784 2758 rorem
2812 2718 2942 2758 vero
2987 2719 3055 2758 ex
3091 2719 3220 2759 aere
3252 2705 3562 2775 delapsum,

1975 2794 2164 2848 tumin
2199 2794 2318 2863 ejus
2342 2793 2660 2865 chlamyde.
2694 2803 2813 2849 tum
2852 2795 2907 2848 in
2947 2795 3200 2851 vestibus
3231 2812 3424 2851 eorum
3466 2798 3563 2867 qui

1975 2887 2155 2957 ipsum
2195 2885 2592 2956 sequebantur,
2634 2885 2854 2956 signum
2895 2885 3081 2940 crucis
3128 2886 3360 2956 singulis
3391 2887 3562 2956 guttis

1974 2976 2317 3048 depinxisse.
2395 2975 2461 3031 Et
2517 2976 2637 3047 ipse
2685 2976 2944 3046 quidem,
3009 2975 3391 3045 comitumque
3442 2975 3563 3044 ejus

1974 3068 2410 3139 quamplurimi,
2470 3083 2605 3123 uvas
2652 3067 3039 3137 intempestive
3084 3074 3417 3137 apparentes
3461 3082 3562 3137 pro

1972 3161 2119 3215 bono
2144 3160 2328 3214 omine
2365 3159 2745 3230 accipiebant;
2782 3173 2963 3213 rorem
2998 3173 3130 3214 vero
3158 3174 3289 3214 casu
3321 3159 3560 3228 quodam

1973 3252 2202 3309 fortuito
2243 3259 2422 3308 vestes
2464 3252 2521 3307 in
2555 3267 2697 3321 quas
2750 3250 3075 3315 ceciderat,
3114 3249 3193 3303 ita
3242 3250 3563 3321 depinxisse

1973 3346 2363 3416 opinabantur.
2395 3343 2501 3398 Alii
2536 3343 2820 3408 dicebant,
2875 3358 2941 3397 ex
2975 3342 3063 3398 his
3099 3341 3320 3397 duobus
3369 3342 3560 3410 prodi-

1972 3435 2101 3508 giis,
2129 3436 2364 3491 alterum
2391 3435 2619 3506 quidem
2664 3433 2994 3505 portendere
3034 3434 3424 3505 imperatorem
3463 3434 3561 3488 im-

1972 3538 2191 3583 maturo
2245 3527 2399 3583 exitu
2458 3528 2801 3596 periturum,
2855 3526 3081 3596 perinde
3125 3540 3192 3581 ac
3233 3540 3368 3580 uvas
3424 3525 3551 3582 illas

1972 3634 2319 3691 regnumque
2362 3619 2514 3674 illius
2557 3618 2711 3673 brevi
2745 3627 2995 3688 tempore
3032 3617 3367 3673 duraturum
3399 3633 3558 3687 esse;

1972 3712 2209 3775 alterum
2255 3726 2388 3767 vero
2424 3711 2724 3782 praedicere
2761 3710 3204 3766 Christianorum
3235 3709 3560 3781 religionem

1973 3805 2262 3862 cmlestem
2298 3820 2450 3870 esse,
2484 3812 2831 3874 cunctosque
2856 3804 3016 3874 signo
3042 3804 3227 3860 crucis
3247 3802 3560 3874 consignari

1971 3904 2255 3969 oportere.
2300 3898 2382 3952 Ac
2425 3912 2547 3952 meo
2577 3896 2801 3967 quidem
2832 3894 3081 3965 judicio,
3123 3896 3163 3949 ii
3191 3895 3286 3964 qui
3328 3894 3559 3950 adversa

1972 3989 2292 4059 imperatori
2330 3989 2768 4059 augurabantur,
2805 4000 2836 4040 a
2873 3987 3106 4042 veritate
3145 3987 3369 4041 minime
3398 3986 3559 4040 aber-

1970 4090 2186 4135 rarunt.
2232 4079 2542 4149 Utrumque
2591 4081 2739 4134 enim
2789 4077 2941 4133 felici
2980 4079 3303 4148 conjectura
3338 4080 3406 4133 ab
3446 4079 3587 4157 illis

1971 4174 2179 4227 dictum
2239 4171 2434 4233 fuisse,
2501 4184 2827 4241 progressus
2898 4171 3166 4236 temporis
3212 4169 3552 4224 declaravit.

1971 4261 2334 4318 Constantius
2369 4276 2568 4331 porro,
2603 4274 2726 4313 cum
2761 4258 3043 4313 Juliauum
3082 4260 3284 4315 bellum
3328 4261 3437 4330 ipsi
3468 4260 3556 4314 in-

1972 4355 2117 4411 ferre
2171 4353 2495 4417 didicisset,
2541 4351 2739 4407 relicto
2786 4351 2918 4406 belli
2969 4359 3236 4420 apparatu
3288 4352 3556 4409 adversus

1973 4444 2191 4510 Persas,
2224 4439 2763 4511 Constantinopolim
2794 4441 3103 4497 contendit.
3152 4440 3260 4496 Sed
3295 4442 3426 4495 dum
3452 4443 3557 4496 iter

281 4533 339 4585 ὃὲ
385 4533 767 4604 ἐτελεύτησεν,
814 4535 843 4586 ό
897 4534 996 4604 μὲν
1040 4534 1323 4598 Ἰουλιανὸς
1367 4534 1467 4603 ήδη
1514 4535 1611 4607 τὴν
1649 4536 1871 4607 Θρᾴκην

1976 4536 2201 4598 faceret,
2231 4532 2635 4605 Mopsucrenis,
2664 4531 2762 4602 qui
2796 4532 2956 4589 locus
2989 4542 3074 4588 est
3105 4532 3256 4588 inter
3278 4533 3478 4589 Cilices
3504 4541 3559 4588 et

282 4621 456 4694 εἶχεν.
483 4625 594 4678 Οὐκ
626 4626 705 4688 είς
736 4625 952 4696 μακράν
983 4625 1137 4688 δὲείς
1169 4626 1268 4696 τὴν
1295 4624 1866 4680 Κωνσταντινούπολιν

281 4714 491 4781 ἐλθὼν,
545 4715 903 4786 αὐτοκράτωρ
959 4714 1324 4786 ἀνηγορεύθη.
1384 4715 1445 4768 Oi
1500 4714 1559 4768 δὲ
1605 4715 1865 4786 Ἕλληνες

281 4809 649 4877 ἐλογοποίουν,
681 4808 758 4871 ὡς
797 4808 891 4861 καὶ
924 4809 1029 4879 πρὸ
1055 4808 1150 4862 τοῦ
1181 4807 1429 4870 Γαλάτας
1456 4806 1741 4862 ἀπολιπεῖν
1771 4807 1867 4860 αύ-

278 4901 399 4963 τὺν,
443 4900 692 4970 μαντικοὶ
734 4902 828 4954 καὶ
861 4899 1114 4970 δαίμονες
1147 4902 1238 4954 επὶ
1269 4901 1473 4971 ταύτην
1510 4900 1609 4971 τὴν
1638 4900 1871 4968 ὲκστρα⁹

208 5034 227 5045 .
280 4992 438 5046 τείαν
470 4991 746 5062 ἐκίνησαν,
777 4993 866 5047 τὸν
892 4993 1273 5047 Κωνσταντίου
1318 4992 1545 5047 θάνατον
1581 4990 1866 5063 προμηνύ-

282 5102 503 5149 σαντες,
540 5088 633 5139 xui.
660 5085 757 5156 τὴν
785 5086 890 5138 τῶν
936 5086 1276 5158 πραγμάτων
1312 5086 1636 5157 μεταϐολήν.
1670 5081 1779 5138 Ἦν
1807 5084 1864 5137 δὲ

280 5180 395 5252 ἄρα
423 5178 645 5233 πιθανὸν
677 5180 982 5251 πρόγνωσιν
1019 5178 1190 5233 ταῦτα
1220 5180 1423 5243 καλεῖν,
1459 5182 1505 5232 εὶ
1539 5178 1614 5249 μὴ
1639 5179 1731 5231 καὶ
1759 5179 1856 5231 αὑ·

279 5272 374 5326 τὸν
427 5272 550 5324 ὅσον
601 5270 753 5325 οὔπω
796 5272 857 5325 τὸ
901 5272 994 5325 τοῦ
1043 5273 1157 5343 βίου
1206 5272 1357 5335 τέλος
1393 5271 1646 5339 ἔφθασεν,
1696 5272 1770 5334 ὡς
1800 5273 1859 5324 ἐν

279 5360 481 5432 ὀνείρῳ
512 5364 612 5432 τῆς
638 5360 915 5431 βασιλείας
946 5363 1303 5434 γευσάμενον.
1346 5361 1552 5432 Εὕηθες
1580 5363 1688 5433 γὰρ
1710 5358 1862 5433 οἶμαι

357 5540 373 5570 ¹
421 5538 581 5596 Socr.
615 5541 710 5595 lib.
762 5555 823 5605 ιι,
852 5553 902 5594 c.
929 5541 1027 5594 ult.
1057 5548 1110 5595 ct
1142 5540 1237 5593 lib.
1271 5554 1352 5607 ut,
1391 5556 1439 5594 c.
1480 5542 1528 5594 l.

1977 4629 2337 4700 Cappadoces
2388 4626 2486 4697 qui
2533 4624 2776 4680 Taurum
2827 4626 3113 4692 accolunt,
3162 4625 3277 4683 fato
3333 4625 3557 4681 functus

1973 4731 2059 4779 cst
2082 4762 2098 4788 ,
2136 4736 2312 4776 annos
2347 4725 2514 4775 natus
2543 4719 2789 4789 quinque
2815 4726 2867 4775 et
2893 4719 3282 4791 quadraginta.
3327 4717 3404 4773 Ex
3431 4720 3558 4789 qui-

1968 4815 2074 4870 bus
2119 4811 2383 4868 tredecim
2434 4810 2662 4880 quidem
2717 4824 2828 4864 una
2881 4824 3007 4864 cum
3058 4818 3240 4881 patre,
3310 4809 3559 4880 quinque

1974 4919 2103 4961 vero
2134 4920 2198 4960 ac
2228 4903 2429 4975 viginti
2462 4910 2588 4973 post
2617 4903 2738 4971 ejus
2766 4902 2975 4957 obitum
3002 4902 3313 4972 imperavit.
3341 4901 3557 4957 Mortuo

1975 4998 2160 5066 itaque
2184 4994 2533 5061 Constantio,
2567 4991 2826 5050 Julianus
2858 4993 3080 5064 quidem
3110 4992 3222 5058 jam
3263 4991 3557 5048 Thraciam

1970 5088 2280 5145 obtinebat.
2322 5086 2529 5142 Verum
2561 5087 2725 5157 paulo
2753 5096 2878 5158 post
2928 5086 3210 5157 ingressus
3240 5083 3556 5141 Constanti-

1970 5183 2235 5253 n0polim,
2271 5181 2574 5251 imperator
2607 5187 2693 5237 est
2743 5180 3075 5251 appellatus.
3117 5179 3389 5235 Caeterum
3421 5195 3556 5249 gen-

1966 5275 2093 5330 tiles
2130 5274 2352 5329 aiebant
2408 5288 2570 5337 eum,
2615 5272 2792 5326 multo
2854 5280 2981 5327 ante
3021 5286 3185 5341 quam
3243 5287 3309 5327 ex
3360 5269 3552 5325 Galliis

1968 5364 2310 5430 discederet,
2362 5363 2430 5419 ad
2485 5363 2627 5418 banc
2682 5362 3088 5434 expeditionem
3141 5361 3550 5432 suscipiendam

2522 5528 2543 5621 (τ

1485 5693 1752 5748 VALESII
1782 5692 2347 5749 ANNOTATIONES.

361 5792 471 5863 (Si)
505 5791 613 5846 Καὶ
648 5788 901 5854 πολλοῖς
930 5787 1044 5841 τῶν
1079 5788 1431 5843 συνιόντων.
1474 5786 1684 5842 Mallem
1739 5785 1874 5841 sct'il.

2013 5786 2298 5841 συνόντων.
