4056 6326
544 267 683 326 12H

2005 259 2345 319 SOZOMENI

3631 264 3749 322 {2H

546 387 836 443 incitatum
870 377 1041 435 luisse
1090 391 1119 431 a
1169 368 1384 431 vatibus
1423 378 1591 444 atque
1632 372 2000 439 daemonibus,
2032 375 2128 444 qui
2160 426 2163 437 ,

2232 374 2431 442 λέγειν,
2461 373 2535 436 ὡς
2569 371 2657 425 διὰ
2689 371 2786 440 τῆς
2818 370 3081 441 μαντικῆς
3115 367 3345 440 προϊδὼν
3376 369 3469 440 τὴν
3496 371 3753 442 αὒτόματον

548 482 604 531 et
629 469 941 528 Constantii
974 474 1231 529 mortem,
1261 472 1316 520 et
1355 463 1599 518 futuram
1645 477 1830 518 rerum
1873 464 2131 521 mutatio-

548 578 676 619 nem
707 562 754 617 ei
784 556 1173 629 praedixerant.
1199 553 1396 609 Posset
1430 553 1483 606 id
1514 552 1735 622 quidem
1763 568 1873 606 non
1896 554 2132 608 absurde

550 651 737 708 vocari
777 647 1121 720 praeseientia
1162 660 1347 701 rerum
1379 646 1712 707 futurarum,
1746 644 1849 697 nisi
1901 644 2131 714 ipsemet

552 742 737 797 statim
779 747 953 793 morte
983 746 1293 807 praeventus
1324 733 1557 796 fuisset,
1599 733 1833 803 imperio
1878 734 2028 787 velut
2073 733 2128 805 in

551 832 762 888 somnis
798 830 1068 883 duntaxat
1090 827 1402 898 degustato.
1437 823 1678 879 Stultum
1717 825 1885 886 enim,
1923 831 1983 876 ut
2011 825 2130 892 opi-

552 938 675 987 nor,
714 920 880 975 fuerit
932 920 1150 984 dicere,
1186 933 1334 983 eum,
1388 932 1513 971 eum
1562 916 1779 971 fatalem
1822 912 2132 970 Constantii

554 1016 862 1081 interitum,
881 1021 937 1067 et
960 1026 1114 1066 suam
1137 1011 1311 1080 ipsius
1340 1009 1541 1064 caedem
1563 1009 1617 1062 in
1646 1005 1869 1062 Perside
1892 1005 2129 1060 futuram

554 1120 655 1176 per
688 1102 971 1159 divinandi
1006 1110 1180 1157 artem
1222 1099 1586 1171 praevidisset,
1618 1098 1762 1153 ultro
1792 1096 1860 1151 ad
1901 1102 2130 1149 mortem

558 1206 683 1250 ante
720 1195 911 1249 oculos
946 1193 1181 1265 positam
1215 1204 1540 1262 properasse
1574 1209 1586 1244 :
1617 1203 1740 1259 quae
1772 1188 1876 1258 ipsi
1912 1185 2133 1258 quidem

2231 464 2609 517 Κωνσταντίου
2636 461 2921 533 τελευτὴν,
2941 463 3035 515 καὶ
3067 460 3165 532 τὴν
3194 460 3355 513 αὐτοῦ
3390 460 3532 530 παρὰ
3558 461 3754 531 Πέρσαις

2234 553 2469 625 σφαγὴν,
2500 553 2725 624 ὲκοντὴς
2756 555 2835 616 εἰς
2861 548 3136 624 προῦπτον
3162 554 3328 625 ἥλατο
3358 553 3602 609 θάνατον·
3636 558 3756 629 αὐτῷ

2208 716 2221 725 ἱ
2238 645 2358 715 μὲν,
2393 645 2545 699 οὐδὲν
2576 647 2657 699 ὅτι
2691 646 2766 716 μὴ
2792 644 3046 710 ἀϐουλίας
3076 646 3171 701 καὶ
3198 640 3439 716 ἀμαθοῦς
3472 649 3756 718 στρατηγίας

2236 736 2593 806 προσάψαντα
2629 735 2786 802 δόξαν
2821 735 2933 805 (52)
2982 736 3137 808 παρά
3181 735 3426 799 πολλοῖς·
3478 740 3537 808 τῇ
3565 738 3616 792 δὲ
3653 739 3758 794 Ῥωο

2240 826 2415 896 μαίων
2463 827 2690 899 ὑπηκόῳ
2729 827 2983 881 τοσοῦτον
3012 829 3360 896 ἐπαγαγόντα
3404 830 3655 895 κίνδυνον,
3699 833 3759 895 ὡς

2241 916 2440 989 μικροῦ
2475 920 2674 982 πᾶσαν,
2699 918 2732 990 ἦ
2761 919 2823 973 τὸ
2852 919 3100 974 πλεῖστον
3128 920 3316 990 αὐτῆς,
3344 920 3661 974 κινδυνεῦσαι
3678 921 3760 974 ὑπὸ

2238 1009 2479 1081 Πέρσαις
2506 1011 2782 1081 γενέσθαι.
2819 1011 2979 1066 Ἀλλά
3007 1011 3181 1066 ταῦτα
3212 1012 3329 1082 μὲν,
3359 1012 3444 1066 ἴνα
3477 1013 3547 1084 μὴ
3575 1013 3762 1083 παραλε-

2237 1100 2452 1169 λεῖφθαι
2482 1102 2635 1177 δόξῃ,
2677 1096 2780 1160 ὧδε
2813 1104 3055 1176 εἰρήσθω
3099 1105 3232 1174 ἡμῖν
3251 1144 3266 1169 ,
3321 1106 3415 1159 καὶ
3444 1106 3545 1175 ὅπη
3574 1106 3762 1168 ἕκαστος

2245 1190 2514 1261 βούλεται,
2543 1196 2713 1267 ταύτῃ
2747 1195 3002 1266 ἡγείσθω.
3650 1190 3659 1195 ’

557 1287 699 1343 nihil
749 1287 982 1341 allatura
1011 1292 1181 1351 esset,
1215 1291 1415 1354 praeter
1457 1280 1773 1351 opinionem
1821 1276 2208 1349 imprudentiae
2237 1290 2402 1352 atque
2470 1284 2759 1355 imperitia:
2803 1286 2884 1341 rei
2956 1286 3253 1341 militaris:
3330 1284 3564 1340 Romano
3622 1295 3762 1340 autem

558 1377 788 1448 imperio
818 1383 1030 1431 tantum
1064 1375 1348 1429 invectura
1379 1379 1525 1427 esset
1559 1369 1890 1441 periculum,
1939 1377 1999 1423 ut
2067 1383 2259 1438 parum
2300 1373 2539 1430 abfuerit
2602 1379 2736 1447 quin
2781 1377 3125 1442 universum,
3192 1389 3286 1433 aut
3347 1386 3491 1434 certe
3536 1393 3649 1448 pars
3672 1379 3763 1447 ejus

516 1532 521 1537 ,
558 1472 821 1533 maxima,
855 1467 1041 1523 Persis
1070 1464 1458 1536 subjiceretur.
1494 1460 1692 1518 Verum
1724 1461 1842 1515 haec
1867 1459 2089 1530 quidem
2112 1474 2144 1514 a
2177 1464 2338 1521 nobis
2362 1465 2435 1520 ita
2458 1467 2606 1522 dicta
2634 1470 2771 1535 sint,
2799 1484 2867 1525 ne
2910 1470 3280 1541 praetermissa
3319 1486 3440 1526 esse
3489 1470 3764 1524 videantur:

561 1564 765 1636 singuli
789 1576 921 1618 vero
956 1562 1022 1617 de
1050 1560 1120 1616 iis
1150 1566 1416 1649 διεξεοῷ
1443 1563 1609 1647 prout
1642 1554 1936 1611 voluerint.

1215 1648 1370 1705 CAP.
1412 1649 1481 1704 ll.

994 1811 1063 1863 ad
1089 1811 1366 1875 imperium
1392 1808 1701 1877 pervenerit.

642 1901 773 1956 Post
816 1901 1029 1957 obitum
1074 1909 1256 1956 autem
1300 1898 1645 1964 Constantii,
1696 1896 2143 1968 persecutionum

575 1988 756 2048 metus
810 1991 1110 2047 Ecclesiam
1152 1990 1379 2046 invasit.
1404 1989 1642 2061 Malique
1673 1987 1834 2059 179
1856 1992 2147 2058 exspecta-

573 2085 781 2139 tionem
835 2084 1140 2154 graviorem
1189 2084 1307 2154 ipso
1350 2081 1495 2137 malo
1533 2079 1772 2136 faciebat
1818 2075 2147 2134 Christianis

565 1742 644 1798 De
672 1743 779 1797 vita
804 1750 854 1796 et
884 1723 1217 1795 institutione
1258 1756 1322 1793 ac
1355 1739 1496 1792 victu
1524 1736 1736 1809 Iuliani
1753 1754 1774 1804 ;
1804 1746 1854 1793 et
1878 1734 2138 1806 quomodo

2241 1738 2382 1809 Περὶ
2411 1740 2559 1805 ,βίου
2592 1740 2693 1795 καί
2733 1742 2771 1796 ὰ

2850 1650 3105 1706 ΚΕΦΑΛ.
3145 1651 3221 1703 B'.

2776 1741 2970 1811 γωγῆς
3016 1742 3119 1798 καὶ
3146 1742 3399 1809 διαίτης,
3443 1741 3535 1795 καί
3574 1741 3668 1809 τῆς
3698 1746 3760 1809 είς

2452 1810 2569 1879 τὴν
2598 1810 2934 1876 ,βασιλειαν
2959 1812 3225 1881 παρόδου
3260 1812 3599 1866 Ἰουλιανοῦ.

2315 1901 2698 1956 Κωνσταντίου
2731 1902 2790 1956 δὲ
2829 1903 3271 1974 τελευτήσαντος,
3312 1905 3391 1967 εἰς
3417 1901 3528 1965 δέος
3559 1902 3766 1972 διωγμῶν

2245 1992 2281 2064 ἡ
2325 1991 2622 2063 Ἐκκλησία
2659 1992 2952 2047 καθίστατο
2973 2011 2987 2025 ο
3036 1994 3129 2047 καὶ
3166 1992 3543 2064 φοϐερωτέραν
3567 1994 3651 2063 τῆς
3675 1995 3767 2048 πεί-

2253 2100 2348 2155 ρας
2388 2084 2491 2156 τὴν
2534 2085 2859 2156 προσδοκίαν
2904 2086 3140 2141 ἐποιεῖτο
3177 2088 3292 2150 τοῖς
3331 2087 3375 2138 Χ
3386 2088 3669 2157 ριστιανοῖς,
3704 2086 3771 2138 ὅτε

573 2185 629 2230 et
662 2176 1030 2246 longinquitas
1062 2173 1325 2244 temporis
1355 2172 1552 2244 elapsi,
1583 2187 1705 2242 qua;
1748 2171 1882 2242 ipsis
1920 2169 2151 2226 oblivio-

2250 2173 2339 2227 διὰ
2374 2174 2539 2246 μέσου
2572 2175 2740 2238 πολὺς
2787 2175 2997 2246 χρόνος,
3044 2176 3234 2247 ἀήθεις
3258 2177 3456 2239 αὐτοὺς
3484 2177 3771 2247 καταστήσας

575 2282 700 2320 nem
772 2281 835 2320 ac
908 2265 1326 2321 desuetudinem
1387 2263 1709 2334 hujusmodi
1773 2262 2150 2334 periculorum

2251 2264 2360 2320 τῶν
2404 2266 2659 2321 τοιούτων
2688 2267 2973 2333 κινδύνων,
3003 2269 3099 2322 καὶ
3137 2267 3246 2321 τῶν
3294 2269 3460 2321 πάλαι
3483 2266 3771 2339 τιμωριῶνή

578 2358 865 2425 attulerat,
899 2364 954 2411 et
986 2364 1333 2412 vetustorum
1357 2355 1710 2410 cruciatuum
1736 2354 2071 2421 recordatio,
2100 2360 2155 2409 et

2255 2358 2559 2429 ἀνάμνησις
2581 2399 2597 2426 ,
2646 2358 2741 2412 κα)¹
2772 2358 2833 2412 τὸ
2870 2357 2964 2412 τοῦ
3006 2357 3347 2430 κρατοῦντος
3382 2360 3505 2428 περὶ
3547 2358 3603 2412 τὸ
3637 2358 3772 2426 δόγμα

583 2449 769 2505 odium
818 2448 1084 2519 principis
1141 2446 1196 2501 in
1240 2447 1482 2517 ipsorum
1536 2446 1880 2517 religionem.
1933 2443 2152 2499 Etenim

2260 2452 2435 2521 μῖσος.
2465 2449 2696 2518 Λέγεται
2729 2449 2838 2522 γὰρ
2865 2450 3027 2512 εὐθὺς
3053 2451 3376 2522 περιφανῶς
3406 2451 3564 2515 οὕτως
3600 2450 3775 2519 ἀναίδην

581 2542 767 2598 statim
811 2542 880 2595 ab
924 2541 1082 2596 initio
1128 2539 1289 2595 ﬁdem
1346 2538 1553 2595 Christi
1610 2538 1747 2593 adeo
1810 2535 2156 2608 impudenter

2257 2537 2674 2610 ἀπαρνήσασθαι
2715 2537 2814 2609 τὴν
2860 2538 2941 2602 είς
2986 2539 3220 2611 Χριστὸν
3267 2539 3470 2603 πίστιν,
3513 2541 3580 2602 ὠς
3608 2539 3774 2599 θυσίαις

582 2634 884 2703 abnegasse
933 2631 1133 2697 fertur,
1174 2641 1236 2685 ut
1289 2629 1581 2686 sacriﬁciis
1619 2628 1953 2699 quibusdam
1992 2635 2160 2698 atque

2258 2628 2370 2681 τισὶ
2402 2627 2497 2683 καὶ
2530 2627 2901 2699 ὲπικλήσεσιν,
2936 2628 3001 2693 ἀς
3033 2628 3439 2699 ἀποτροπαίους
3462 2628 3688 2699 Ἕλληνες
3707 2644 3775 2679 κα-

580 2723 1025 2780 invocationibus
1066 2736 1207 2793 quas
1253 2718 1429 2776 Graeci
1472 2719 1817 2791 depulsorias
1846 2726 2077 2783 vocant,
2107 2726 2162 2774 et

2260 2718 2432 2783 λοῦσι,
2464 2719 2559 2773 καὶ
2594 2718 2787 2790 αἵματι
2817 2718 3061 2788 σφαγίων
3102 2718 3200 2790 τὴν
3234 2719 3363 2772 καθ’
3401 2720 3539 2789 ἡμᾶς
3569 2716 3772 2786 βάπτισιν

580 2815 929 2870 victimarum
981 2813 1249 2883 sanguine
1314 2811 1647 2881 baptismum
1717 2808 2161 2865 Christianorum

2263 2810 2662 2881 ἀπονίψασθαι,
2705 2814 2771 2883 τῇ
2825 2812 3022 2883 μυήσει
3053 2813 3153 2883 τῆς
3193 2810 3513 2880 Ἐκκλησίας
3557 2806 3774 2872 ἀποταξά-

582 2907 808 2970 eluerit,
862 2904 1226 2962 sacramentis
1276 2900 1536 2957 Ecclesiae
1583 2902 1910 2957 renuntians
1946 2920 1959 2955 :
1999 2907 2164 2970 atque

2269 2917 2426 2970 μενον
2446 2916 2461 2931 ·
2508 2901 2694 2954 καϊτδ
2728 2901 2787 2967 ἐξ
2820 2900 3053 2965 ἐκείνου,
3084 2901 3188 2973 ἰδίᾳ
3218 2918 3282 2955 τε
3320 2903 3411 2954 καὶ
3439 2901 3647 2972 δημοσίᾳ
3668 2897 3774 2950 ἐντό-

582 3014 735 3055 exeo
769 3005 1016 3068 tempore
1058 2992 1434 3065 haruspicina,
1467 3001 1523 3049 et
1564 2992 1825 3058 victimis,
1860 3000 1915 3048 et
1943 2989 2160 3046 caeteris

2265 3009 2404 3062 μοις,
2437 2992 2531 3045 καὶ
2562 2992 2796 3063 ἱερείοις,
2840 2993 2935 3047 καὶ
2958 2994 3069 3058 τοῖς
3098 2993 3197 3047 ὅσα
3224 2992 3387 3065 θέμις
3419 2994 3554 3047 ἐστὶν
3581 2989 3772 3060 Ἕλλησι,

584 3090 870 3164 gentilium
911 3088 1135 3151 ritibus,
1173 3094 1290 3141 tum
1323 3086 1602 3156 privatim,
1641 3092 1754 3139 tum
1785 3082 2002 3153 publice
2030 3095 2164 3136 usus

586 3184 680 3239 sit.
712 3181 961 3247 Quodam
995 3179 1165 3250 igitur
1224 3185 1490 3248 tempore,
1521 3192 1644 3231 cum
1686 3182 1811 3231 exta
1842 3173 2163 3244 inspiceret,

587 3273 746 3326 aiunt
771 3274 988 3340 signum
1024 3269 1209 3325 crucis
1252 3269 1303 3334 ei
1342 3267 1398 3322 in
1426 3268 1570 3323 extis
1613 3265 1932 3337 apparuisse
1957 3277 2166 3319 corona

588 3364 1016 3418 circumdatum.
1080 3360 1148 3414 Et
1215 3360 1459 3430 reliquos
1526 3358 1746 3427 quidem
1808 3353 2167 3411 divinationis

589 3455 739 3511 illius
776 3453 1026 3508 conscios
1071 3464 1136 3505 ac
1167 3450 1482 3519 participes,
1522 3458 1668 3502 metu
1711 3447 1994 3516 perculsos
2023 3459 2166 3508 esse,

591 3545 795 3615 quippe
819 3542 913 3612 qui
960 3541 1243 3611 religionis
1279 3547 1484 3594 nostra:
1533 3538 1640 3592 vim
1672 3545 1727 3593 et
1759 3551 2070 3591 mansuram
2110 3535 2169 3589 in

593 3644 922 3707 perpetuum
968 3633 1272 3688 doctrinam
1323 3647 1389 3688 ex
1437 3647 1502 3687 eo
1550 3631 1908 3700 conjicerent.
1956 3628 2168 3684 Corona

595 3726 868 3795 siquidem
906 3740 1015 3796 qua
1059 3738 1194 3778 crux
1247 3730 1364 3778 erat
1415 3722 1779 3789 circumdata,
1823 3721 2039 3790 signum
2087 3726 2172 3775 est

594 3818 878 3874 victoriae:
911 3827 962 3873 et
997 3816 1364 3886 undequaque
1412 3812 1694 3869 exordium
1722 3828 1979 3877 sumens,
2008 3821 2174 3882 atque

596 3910 652 3965 in
685 3924 745 3965 se
774 3909 1065 3973 desinens,
1108 3906 1314 3961 ambitu
1361 3904 1554 3961 circuli
1601 3917 1871 3973 nusquam
1909 3903 2172 3958 termina-

599 4007 714 4053 tur.
775 3996 979 4053 Verum
1028 3997 1221 4052 doctor
1273 3995 1436 4065 hujus
1501 3993 1742 4050 scientiae
1791 3993 2173 4062 imperatorem

599 4089 746 4146 bono
785 4092 969 4145 animo
1006 4104 1131 4146 esse
1170 4088 1358 4159 jussit.
1398 4086 1533 4141 Exta
1583 4086 1729 4140 enim
1779 4083 1963 4141 fausta
2010 4092 2062 4138 et
2109 4099 2173 4138 ex

603 4180 772 4235 animi
810 4180 1079 4235 sententia
1134 4178 1271 4248 ipsis
1306 4192 1602 4248 apparere,
1636 4176 1838 4247 quippe
1867 4190 1988 4247 quae
2022 4190 2176 4245 sym-

601 4270 787 4325 bolum
827 4269 1113 4338 religionis
1138 4268 1579 4324 Christianorum
1606 4266 1850 4337 undique
1884 4267 2177 4323 conclude-

603 4368 754 4424 rent,
798 4360 1049 4429 atquein
1085 4367 1376 4429 angustum
1423 4367 1804 4424 coarctarent;
1841 4360 1914 4413 ita
1968 4366 2028 4412 ut
2076 4373 2176 4413 nec

606 4451 845 4517 dilatari,
882 4466 984 4505 nec
1016 4451 1189 4505 libere
1228 4466 1336 4520 quo
1380 4452 1544 4506 vellet
1580 4452 1798 4522 evagari
1834 4459 2040 4520 posset,
2085 4458 2177 4504 ut-

605 4550 733 4615 pote
783 4543 992 4598 ambitu
1048 4538 1726 4610 circuli'circumscripta.
1788 4542 1986 4595 Audivi
2037 4556 2178 4610 prae-

607 4646 756 4691 terea
800 4650 926 4692 eum
970 4633 1265 4705 aliquando
1307 4634 1364 4687 in
1419 4634 1857 4688 illustrissimum
1909 4634 2181 4704 quoddam

607 4742 676 4783 ae
742 4727 1059 4797 religiosum
1121 4728 1345 4799 adytum
1409 4726 1800 4785 descendisse,
1858 4726 2185 4781 initiationis

608 4820 941 4890 cujusdam,
999 4827 1093 4873 aut
1142 4826 1291 4874 certe
1345 4817 1567 4875 oraculi
1615 4815 1936 4871 consulendi
1992 4831 2182 4873 causa.

611 4911 864 4980 Cumque
917 4917 1146 4981 repente
1203 4917 1458 4980 spectra,
1510 4923 1633 4978 quae
1686 4906 2186 4964 machinationibus

613 5001 941 5074 quibusdam
976 5010 1031 5057 et
1059 5001 1283 5073 magicis
1323 5001 1613 5072 praestigiis
1656 4999 1709 5054 in
1736 4998 2006 5068 ejusmodi
2047 5000 2184 5056 locis

616 5106 881 5163 apparere
926 5093 1124 5158 solent,
1154 5094 1205 5149 ei
1238 5094 1452 5163 obiecta
1494 5100 1702 5160 essent,
1731 5108 1844 5163 prae
1877 5099 2090 5150 terrore
2120 5110 2184 5150 ac

616 5188 787 5250 metu,
825 5184 1035 5240 oblitus
1083 5199 1275 5240 eorum
1309 5201 1429 5256 quae
1464 5187 1793 5257 gerebantur
1833 5202 1849 5239 :
1885 5184 1999 5253 jam
2038 5185 2182 5240 enim

2263 3082 2519 3155 χρῆσθαι.
2550 3084 2688 3137 Ποτὲ
2734 3082 2865 3153 γοῦν
2897 3084 3052 3156 αὐτῷ
3098 3084 3388 3157 θεωμένῳ,
3431 3086 3575 3152 λόγος
3615 3081 3776 3136 ἀναδειο

2265 3173 2459 3246 χθῆναι
2487 3174 2719 3246 σταυροῦ
2755 3177 2980 3247 σημεῖον
3011 3178 3069 3230 ὲν
3096 3178 3208 3241 τοῖς
3244 3177 3563 3247 σπλάγχνοις
3582 3172 3775 3241 στεφάνῳ

2266 3266 2632 3338 κυκλούμενον
2661 3284 2672 3297 ’
2729 3270 2824 3322 καὶ
2868 3269 2995 3332 τοὺς
3039 3268 3139 3340 μὲν
3173 3268 3370 3332 ἀλλους
3415 3268 3673 3328 κοινωνοὺς
3706 3265 3776 3332 τῆς

2270 3357 2531 3428 μαντείας
2566 3359 2646 3421 είς
2681 3358 2799 3422 δέος
2827 3358 3108 3429 ἐμϐαλεῖν,
3156 3358 3559 3430 συμϐάλλοντας
3584 3353 3775 3408 ἐντεῦθεν

2222 3493 2231 3497 -
2267 3448 2367 3518 τὴν
2397 3448 2533 3518 μετὰ
2580 3449 2753 3502 ταῦτα
2779 3449 2879 3519 τῆς
2910 3449 3208 3520 θρησκείας
3254 3451 3429 3522 ἰσχὺν,
3462 3449 3549 3504 καὶ
3582 3444 3662 3500 τοῦ
3685 3445 3775 3510 δόγ-

2274 3556 2443 3608 ματος
2497 3540 2558 3592 τὸ
2583 3538 2753 3592 ἀΐδιον
2778 3554 2791 3567 ·
2832 3537 3021 3591 καθότι
3052 3540 3081 3592 ό
3107 3538 3376 3610 στέφανος
3401 3532 3444 3608 ᾧ
3472 3537 3777 3610 περιείληπτο,

2270 3631 2428 3700 νίκης
2455 3648 2514 3683 τε
2549 3631 2881 3700 σημαντικόν
2914 3631 3030 3683 ἐστι
3061 3648 3075 3662 ο
3119 3632 3212 3683 καὶ
3241 3634 3311 3705 τῇ
3355 3631 3574 3704 περιόδῳ
3606 3629 3683 3682 τοῦ
3707 3625 3777 3680 κύ-

2271 3721 2421 3785 κλου,
2470 3722 2733 3776 πάντοθεν
2771 3722 3090 3794 ἀρχόμενος,
3146 3727 3242 3778 καὶ
3292 3726 3372 3790 είς
3419 3724 3595 3778 ἑαυτὸν
3626 3721 3778 3791 λήγων,

2272 3813 2505 3884 οὐδαμοῦ
2545 3813 2887 3886 περαιοῦται.
2938 3818 3005 3870 Ὀ
3039 3834 3101 3886 γε
3133 3818 3239 3889 μὴν
3288 3819 3523 3890 ἀρχηγὸς
3563 3816 3649 3885 τῆς
3688 3812 3780 3882 περὶ

2273 3907 2444 3959 ταῦτα
2494 3894 2869 3975 διαγνώσεως,
2917 3906 3139 3979 θαρρεῖν
3184 3908 3499 3972 ἐκέλευσεν,
3543 3907 3609 3969 ὡς
3636 3903 3778 3957 αἰσίων

2275 3996 2415 4049 κατά
2444 3995 2668 4067 γνώμην
2703 3996 2815 4067 (53)
2866 3997 3049 4060 αὐτοῖς
3093 3997 3202 4051 τῶν
3249 3998 3492 4069 σφαγίων
3535 3994 3780 4050 ἀναδεικνυο

2280 4086 2476 4156 μένων,
2509 4089 2602 4141 καὶ
2628 4087 3043 4158 περικλειόντων
3072 4088 3132 4141 τὸ
3152 4087 3246 4141 τοῦ
3276 4089 3534 4160 δόγματος
3558 4082 3778 4156 σύμϐολον,

2278 4178 2372 4232 κα)¹
2404 4180 2484 4241 είς
2514 4178 2708 4232 ταύτὸν
2748 4178 3152 4243 συνωθούντων,
3183 4179 3326 4233 ὥστε
3358 4181 3431 4251 μὴ
3468 4173 3779 4232 πλατύνεσθαι,

2281 4269 2375 4321 καὶ
2402 4267 2573 4332 ἀδεῶς
2605 4272 2801 4340 χωρεῖν
2840 4271 2923 4338 ἐφ’
2953 4269 3047 4334 οὓς
3076 4269 3344 4341 βούλεται,
3381 4272 3501 4342 ὅρον
3531 4268 3691 4338 ἔχοντα*⁵
3716 4263 3780 4329 τὴν

2282 4358 2375 4414 τοῦ
2411 4359 2612 4413 κύκλου
2655 4362 3022 4432 περιγραφήν.
3082 4362 3393 4434 Ἐπυθόμην
3421 4361 3474 4415 δὲ
3514 4361 3580 4423 ὡς
3608 4352 3781 4411 καὶτῶν

2283 4453 2699 4522 ἐπισημοτάτων
2747 4453 2840 4506 καὶ
2886 4452 3130 4523 φοϐερῶν
3179 4453 3390 4507 ἀδύτων
3431 4452 3507 4516 είς
3546 4469 3591 4503 τι
3624 4444 3781 4515 κατῄειν

2282 4544 2501 4615 τελετῆς
2538 4562 2682 4609 τινος
2719 4544 2752 4615 ἢ
2805 4544 3063 4614 μαντείας
3095 4544 3254 4615 χάριν
3278 4561 3293 4576 ’
3333 4540 3782 4612 ὲξαπίνηςόὲπροσ”

2282 4634 2583 4688 ϐαλλόντων
2632 4620 2779 4704 αύτῷ
2824 4633 2933 4689 τῶν
2977 4637 3071 4689 ἐπὶ
3098 4634 3315 4699 τούτοις
3339 4628 3781 4706 μεμηχανευμέπυν,

2282 4728 2375 4779 καὶ
2395 4726 2671 4798 γοητείαις
2708 4729 3201 4798 παραφαινομένων
3229 4728 3541 4798 φασμάτων,
3571 4722 3656 4776 ὑπὸ
3675 4713 3785 4785 θορύ-

2283 4818 2379 4871 ϐου
2419 4818 2512 4871 καὶ
2542 4816 2692 4879 δέους
2720 4815 2828 4869 τῶν
2869 4816 3156 4888 παρόντων
3190 4814 3678 4884 ἐπιλανθανόμενος
3713 4803 3781 4871 ἀμ

2285 4908 2393 4978 γὰρ
2418 4907 2517 4976 τῆς
2564 4905 2784 4976 ἡλικίας
2831 4907 2925 4960 ἐπὶ
2967 4906 3223 4978 τοιαύτην
3264 4903 3395 4980 ἦλθε
3438 4905 3529 4976 τὴν
3564 4900 3778 4973 μάθησιν*

2289 4999 2473 5052 ἔλαθεν
2505 4997 2609 5051 ὑπὸ
2631 4997 2732 5069 τῆς
2762 4997 3031 5069 προτέρας
3067 4998 3373 5069 συνηθείας,
3399 4993 3484 5051 οἶά
3505 5012 3561 5063 γε
3586 4994 3782 5062 Χριστια·

2288 5092 2377 5155 νδς
2412 5093 2469 5144 ὲν
2500 5090 2727 5160 ἀπόροις
2760 5089 3028 5153 κινδύνοις
3060 5088 3439 5161 περιληφθεὶς,
3484 5084 3555 5156 τῷ
3594 5075 3783 5150 συμδῶφ

2290 5185 2384 5237 τοῦ
2414 5181 2647 5255 Χριστοῦ
2681 5183 3073 5252 κατασημάνας
3094 5182 3301 5236 ἑαυτόν.
3335 5179 3533 5234 Αὐτίκα
3556 5192 3607 5228 τε
3631 5162 3784 5241 φροῦδα

1811 5296 2088 5352 VALESII
2129 5292 2690 5354 ANNOTATIONES.

689 5387 804 5458 (52)
857 5388 1262 5459 Προσάψαντα
1289 5390 1496 5454 δόξαν.
1524 5389 1611 5459 ,ιη
1641 5387 1942 5444 Fuketiano
2000 5391 2190 5445 codice

623 5459 891 5531 scriptum
942 5468 1027 5514 est
1078 5458 1455 5531 προσάξαντα.
1505 5458 1693 5531 Quam
1750 5459 2186 5531 emendationem

622 5528 1153 5599 Christophorsonus
1211 5531 1373 5585 etiam
1426 5546 1488 5583 ac
1532 5530 1772 5585 Savilius
1834 5531 1889 5584 in
1943 5530 2189 5600 margine

625 5600 1018 5668 ascripserunt.

696 5668 807 5739 (55)
887 5671 981 5736 Ὡς
1040 5671 1251 5724 αἰσίων
1307 5671 1455 5724 κατὰ
1510 5670 1765 5739 γνώμψν.
1828 5668 2184 5724 Scribcndum

2297 5397 2477 5459 puto;
2526 5388 2613 5449 Ὠς
2668 5386 2860 5459 αἰσίων
2913 5384 3009 5459 καὶ
3067 5383 3208 5459 κατ-ἀ
3248 5381 3468 5459 γνώμην
3511 5372 3784 5459 αὐτοίςητξξ

2299 5430 2567 5527 ξφαγίων,
2588 5430 2725 5511 ἀρ.
2757 5455 2930 5527 Porro
2963 5456 3077 5508 haec
3125 5430 3383 5527 historia:
3422 5430 3474 5501 et
3509 5430 3783 5527 κρυφῇ-ξς

2296 5495 2444 5582 εἶυηδι
2476 5499 2619 5597 quod
2655 5536 2843 5597 narrat
2870 5524 3229 5587 Sozomenus,
3255 5495 3500 5597 leguntur
3526 5495 3779 5597 etialgtfﬁ'i‘!

2293 5574 2617 5721 gregarium
2683 5594 3120 5659 Nazianzcnmn,
3178 5574 3231 5647 ni
3289 5574 3542 5643 invectiva
3595 5574 3781 5632 adverti“

2334 5684 2593 5720 uranunu

2334 5668 2593 5720 ulianum.
