4056 6326
171 365 309 426 19.15

1156 360 1481 418 HISTORIA
1515 358 2070 421 ECCLESIASTICA.
2109 396 2181 406 —
2216 364 2346 420 LIB.
2389 364 2454 419 V.

3294 365 3435 421 {2M

167 485 237 539 τά
272 481 535 553 φάσματα
567 476 815 546 ἐγένετο,
861 476 956 530 καὶ
995 475 1059 530 τδ
1093 474 1528 546 σπουδαζόμενον
1571 475 1750 546 ἐμπε-

1869 478 2040 534 tdulta
2084 484 2245 533 aetate
2269 477 2339 532 ad
2366 491 2486 532 eam
2529 475 2882 547 disciplinam
2915 492 2975 533 se
3021 457 3433 533 transtulerat:

168 575 410 631 πόδιστο.
446 568 676 641 Ἀπορού
686 585 844 639 μενος
866 567 923 621 δὲ
950 567 1076 638 περὶ
1099 565 1285 621 τούτου
1309 567 1337 619 ό
1371 565 1749 637 μυσταγωγὸς,

168 664 358 734 ἐπειδὴ
388 662 529 731 ἔγνω
557 660 618 713 τὸ
644 660 815 713 αἴτιον
837 659 938 729 τῆς
967 659 1145 729 φυγῆς
1170 656 1278 712 τῶν
1311 658 1598 729 δαιμόνων,
1622 658 1753 726 ἄγος

167 755 235 809 τὸ
259 752 480 824 γεγονὸς
508 751 877 813 ἀποκαλέσας,
904 750 1000 805 καὶ
1033 750 1279 822 ἀνδρεῖον
1309 750 1476 815 εἶναι,
1518 750 1613 804 καὶ
1653 767 1757 820 μη-

168 845 262 899 δὲν
312 843 515 916 πρᾶξαι
564 842 597 913 ἢ
638 842 891 910 ἐννοῆσαι
923 842 1312 912 Χριστιανικὸν
1340 841 1757 912 παρακελευσά-

172 953 367 1007 μενος,
416 930 572 996 αύθις
623 933 716 986 ἐπὶ
745 933 844 1002 τὴν
883 932 1105 1004 τελετὴν
1145 933 1306 987 αὐτὸν
1343 928 1499 1005 ἦγεν.
1545 933 1621 987 Οὐ
1661 949 1757 1003 με-

167 1028 342 1099 τρίως
387 1027 445 1081 δὲ
493 1025 680 1080 ἐλύπει
746 1026 875 1089 τοὺς
925 1026 1291 1096 Χριστιανοὺς
1342 1027 1438 1080 καὶ
1487 1024 1759 1096 περιδεεῖς

170 1118 349 1173 ἐποίει
383 1120 416 1190 ἡ
452 1119 581 1187 περὶ
617 1117 789 1171 ταῦτα
814 1116 1017 1188 σπουδὴ
1056 1118 1151 1171 τοῦ
1187 1118 1471 1189 βασιλέως,
1517 1120 1613 1173 καὶ
1649 1120 1758 1190 μά·

170 1210 329 1263 λιστα
376 1209 460 1263 ὄτι
505 1208 831 1279 Χριστιανὸς
875 1203 944 1278 ἧν
994 1208 1278 1282 πρότερον.
1336 1209 1596 1265 Εὐλαϐῶν
1647 1210 1760 1282 γάρ

171 1302 306 1372 περὶ⁸
348 1300 447 1372 τὴν
488 1301 784 1371 θρησκείαν
836 1300 1091 1371 πατέρων
1155 1302 1481 1373 γενόμενος,
1529 1305 1595 1357 ἐκ
1636 1304 1758 1357 νέου

171 1392 395 1464 ἐμυήθη
442 1391 586 1445 κατά
631 1391 722 1445 τὸν
774 1391 976 1463 θεσμὸν
1002 1393 1102 1463 τῆς
1145 1393 1489 1464 Ἐκκλησίας,
1534 1395 1628 1449 καὶ
1660 1395 1759 1460 τάς

174 1482 581 1556 ἱεράςΓραςράς
628 1484 944 1555 ἐπαιδεύθη,
985 1484 1083 1538 καὶ
1132 1485 1237 1539 ὑπὸ
1286 1487 1609 1552 ἐπισκόποις
1641 1488 1756 1561 (54)

170 1578 271 1631 καί
321 1575 796 1647 ἐκκλησιαστικοίς
838 1576 1098 1646 ἀνδράσιν
1142 1577 1375 1650 ἐτράφη.
1424 1579 1621 1648 Γέγονε
1650 1580 1759 1651 γὰρ

170 1667 328 1739 αὐτῷ
367 1667 461 1721 καὶ
506 1666 694 1736 Γάλλῳ
740 1666 924 1737 πατὴρ
957 1668 1375 1734 Κωνστάντιος,
1423 1670 1761 1742 ὁμοπάτριος

171 1756 408 1827 ἀδελφὸς
423 1755 835 1811 Κωνσταντίνου
858 1757 953 1810 τοῦ
977 1756 1415 1828 βασιλεύσαντος,
1439 1762 1533 1814 καὶ
1556 1761 1762 1833 Δαλμα-

1856 580 1920 621 ex
1956 566 2187 635 pristina
2232 565 2652 631 consuetudine,
2703 574 2891 634 utpote
2940 566 3321 628 Christianus,
3380 569 3439 623 in

1859 658 2192 727 gravissimo
2263 656 2585 712 discrimine
2653 658 3036 723 constitutus,
3115 658 3436 728 imprudens

1859 747 2017 817 signo
2047 747 2231 801 crucis
2262 746 2503 816 seipsum
2549 748 2932 818 consignavit;
2987 749 3283 818 statimque
3310 763 3437 818 spe-

1862 848 1984 894 ctra
2002 848 2373 905 evanuerunt,
2403 851 2456 895 et
2499 839 2551 895 id
2589 841 2735 911 quod
2771 842 3033 910 perﬁcere
3058 842 3308 897 volebant
3334 842 3438 895 im-

1858 931 2100 998 peditum
2131 940 2237 987 est.
2270 929 2563 985 Sacrorum
2597 941 2780 986 autem
2827 932 3054 986 antistes
3100 946 3163 986 ea
3210 948 3269 987 re
3315 946 3439 1002 per-

1860 1020 2140 1085 turbatus,
2182 1030 2473 1090 postquam
2522 1019 2714 1075 didicit
2752 1036 2914 1091 quam
2943 1022 3017 1077 ob
3054 1036 3276 1076 causam
3324 1023 3437 1076 daz-
3484 1034 3501 1045 κ

1862 1125 2053 1166 mones
2083 1110 2446 1182 aufugissent,
2470 1111 2750 1181 piaculum
2784 1128 2906 1169 esse
2935 1113 3074 1168 dixit
3115 1113 3168 1168 id
3190 1113 3337 1184 quod
3370 1113 3441 1168 ab

1861 1201 2191 1271 imperatore
2257 1203 2464 1257 factum
2533 1210 2654 1257 erat
2700 1222 2713 1257 :
2770 1205 3131 1275 hortatusque
3185 1215 3243 1259 ut
3309 1203 3439 1258 forti

1862 1295 2046 1350 animo
2078 1304 2248 1360 esset,
2300 1311 2401 1351 nec
2427 1294 2807 1351 Christianum
2835 1297 3140 1367 quidquam
3187 1308 3279 1350 aut
3310 1312 3440 1366 age-

1861 1393 1980 1450 ret,
2035 1393 2132 1441 aut
2181 1386 2477 1455 cogitaret,
2529 1402 2655 1441 eum
2704 1402 2901 1445 rursus
2946 1387 3013 1443 ad
3067 1387 3439 1459 peragendum

1860 1489 2079 1530 sacrum
2108 1475 2356 1530 deduxit.
2398 1475 2574 1531 Porro
2597 1477 2929 1533 Christianis
2958 1494 3066 1533 non
3109 1478 3440 1534 mediocrem

1861 1565 2107 1621 dolorem
2152 1580 2218 1621 ac
2267 1574 2470 1621 metum
2520 1566 2827 1625 incutiebat
2885 1570 3126 1624 studium
3180 1569 3441 1639 principis

1861 1673 1990 1729 erga
2024 1658 2338 1727 hujusmodi
2365 1659 2850 1728 superstitionem,
2884 1674 2949 1715 ac
2977 1662 3250 1732 precipue
3296 1660 3444 1731 quod

1860 1749 2215 1806 Christianus
2251 1757 2380 1804 ante
2428 1751 2753 1806 exstitisset.
2791 1750 2926 1806 Nam
2957 1768 3080 1806 cum
3127 1753 3444 1823 parentibus

170 1852 293 1905 τίου
321 1821 335 1883 ξ
386 1842 449 1903 οὗ
484 1852 616 1913 παῖς
659 1847 949 1920 ὁμώνυμος
977 1821 1218 1922 *Καῖσαρ
1253 1821 1618 1921 ἀναδειχθεὶς,
1662 1821 1762 1907 άν-

1869 1838 2189 1895 Christiame
2236 1840 2487 1910 religioni
2534 1841 3141 1911 addictissimis‘ortus
3190 1852 3368 1907 esset,
3413 1858 3444 1897 a

169 1943 353 2016 ῃρέθη
390 1942 497 1995 ὑπὸ
525 1941 633 1995 τῶν
669 1939 1018 2010 στρατιωτῶν
1050 1940 1189 2012 μετά
1215 1943 1315 2015 τῂν
1349 1943 1761 1997 Κωνσταντίνου

169 2034 461 2104 τελευτήν.
505 2033 760 2103 Ὀρφανοὶ
789 2032 849 2086 δέ
895 2033 1104 2106 πατρὸς
1151 2034 1434 2104 γενόμενοι
1480 2035 1575 2090 καὶ
1611 2035 1764 2089 αὐτοὶ

170 2126 322 2191 τότε,
356 2124 647 2196 Δαλματίῳ
676 2125 1073 2180 συναπολέσθαι
1102 2126 1458 2182 ἐκινδύνευον.
1499 2124 1767 2195 Ἐξείλετο

172 2216 236 2271 δὲ
278 2216 378 2287 τῆς
406 2214 702 2285 ἐπιϐουλῆς
731 2215 934 2269 Γάλλον
968 2216 1088 2287 μὲν,
1134 2216 1217 2271 ὅτι
1257 2216 1428 2271 νοσῶν
1460 2216 1639 2288 ἔτυχε,
1670 2218 1766 2272 καὶ

172 2309 304 2362 ὅσον
348 2306 502 2361 οὔπω
561 2307 888 2378 αὐτομάτως
948 2307 1300 2379 τεθνήξεσθαι
1345 2310 1720 2383 προσεδοκήθη
1748 2328 1764 2342 ο

186 2399 484 2454 Ἶουλιανδν
524 2399 581 2452 δὲ
608 2400 670 2452 τὸ
699 2399 821 2453 νέον
844 2415 858 2429 ·
905 2397 985 2453 ἐτι
1015 2399 1125 2471 γὰρ
1164 2400 1348 2469 ὄγδοον
1390 2400 1606 2472 ήλικίας
1632 2398 1768 2474 ἦγεν

175 2493 323 2556 ἐτος.
355 2492 680 2564 Παραδόξως
704 2492 760 2546 δὲ
782 2486 884 2546 ὧδε
916 2492 1293 2559 διασωθέντες,
1316 2495 1767 2565 προσετάχθησαν

175 2586 240 2637 ἐν
284 2585 651 2657 Καππαδοκία
690 2585 989 2657 διατρίϐειν
1022 2588 1079 2640 ἐν
1119 2586 1408 2656 Μακέλλῳ.
1458 2587 1673 2658 Χωρίον
1709 2588 1769 2642 δὲ

176 2675 344 2730 τοῦτο
379 2676 656 2746 βασιλικὸν
689 2676 828 2747 πρὸς
861 2676 1196 2748 τῷἈργαίῳ
1214 2675 1351 2747 ὄρει,
1378 2677 1478 2730 οὐκ
1502 2676 1610 2730 ἀπὸ
1637 2677 1768 2731 πολ-

177 2769 278 2821 λοῦ
319 2769 419 2838 τῆς
464 2769 791 2840 Καισαρέων
825 2770 1055 2833 πόλεως,
1104 2769 1498 2840 μεγαλοπρεπῆ
1527 2785 1587 2821 τε
1618 2768 1772 2839 βασί-

177 2861 305 2913 λεια
354 2858 496 2929 ἔχον,
531 2860 624 2925 καὶ
646 2860 849 2932 λουτρά
892 2861 985 2915 καὶ
1024 2861 1257 2931 κήπους,
1305 2861 1399 2914 καὶ
1436 2861 1623 2930 πηγάς
1648 2861 1771 2915 ἀεν-

179 2951 371 3014 νάους.
409 2949 579 3004 Ἔνθα
622 2951 686 3024 δὴ
737 2951 1036 3016 θεραπείας
1080 2953 1176 3005 καὶ
1225 2951 1450 3020 ἀγωγῆς
1485 2950 1772 3022 βασιλικῆς

179 3040 462 3110 ἠξιοῦντο,
514 3042 609 3094 καὶ
658 3040 946 3113 μαθήμασι
989 3042 1084 3096 καὶ¹
1120 3041 1447 3112 γυμνασίοις
1489 3044 1602 3105 τοῖς
1647 3041 1768 3095 καθ’

1863 1947 2037 2002 puero
2055 1932 2215 2002 juxta
2250 1930 2513 1989 Ecclesiae
2529 1934 2695 1988 ritum
2720 1933 2973 1990 initiatus
3000 1942 3056 1990 et
3085 1935 3258 1989 sacris
3285 1934 3447 1988 Litte-

1862 2020 1944 2076 ris
1982 2020 2276 2076 institutus
2301 2059 2318 2085 ,
2368 2021 2475 2076 sub
2512 2023 2793 2093 episcopis
2822 2023 3061 2095 denique
3099 2035 3152 2079 et
3189 2024 3448 2080 ecclesia-

1864 2112 2019 2168 Stieis
2076 2112 2212 2168 viris
2267 2112 2536 2167 educatus
2588 2112 2788 2169 fuerat.
2843 2115 2952 2185 [psi
3000 2117 3151 2171 enim
3191 2125 3245 2171 et
3290 2115 3447 2171 Gallo

1867 2212 2022 2274 pater
2048 2203 2153 2258 fuit
2181 2203 2563 2271 Constantius,
2599 2206 2760 2277 180
2778 2222 3074 2277 germanus
3113 2208 3280 2263 frater
3306 2209 3450 2265 Con-

1864 2297 2093 2353 stantini
2123 2298 2474 2368 imperatoris
2502 2334 2518 2359 ,
2557 2306 2725 2368 atque
2760 2298 3039 2366 Dalmatii,
3093 2300 3253 2369 cujus
3305 2301 3450 2357 [ilius

1866 2387 2060 2444 eodem
2100 2390 2324 2445 nomine
2370 2395 2724 2458 nuncupatus
2763 2388 3088 2453 Dalmatius,
3117 2407 3240 2447 cum
3269 2392 3452 2447 Caesar

1864 2480 2215 2535 renuntiatus
2270 2479 2497 2544 fuisset.
2558 2489 2685 2550 post
2734 2481 2946 2536 obitum
3006 2481 3354 2538 Constantini
3417 2499 3450 2538 a

1867 2569 2137 2625 militibus
2157 2581 2242 2626 est
2272 2571 2618 2629 interfectus.
2658 2572 2781 2639 Quo
2814 2572 3036 2641 quidem
3069 2580 3314 2642 tempore
3347 2572 3451 2643 ipsi

1869 2675 2088 2729 quoque
2124 2670 2280 2730 patre
2312 2665 2527 2728 orbati,
2576 2680 2775 2733 parum
2831 2663 3010 2721 abfuit
3040 2662 3174 2732 quin
3211 2666 3452 2734 perirent

1870 2765 1978 2805 una
2014 2766 2139 2806 cum
2191 2751 2483 2810 Dalmatie.
2537 2754 2645 2810 Sed
2681 2756 2897 2810 Gallum
2936 2754 3155 2826 quidem
3206 2755 3453 2827 periculo

1869 2843 2072 2899 exemit
2109 2844 2334 2902 morbus
2364 2862 2476 2917 quo
2519 2857 2632 2902 tum
2685 2848 2993 2915 laborabat,
3026 2857 3082 2904 et
3108 2865 3217 2919 quo
3258 2866 3455 2921 prope-

1870 2932 2013 2988 diem
2059 2935 2360 2991 moriturus
2414 2938 2710 3006 putabatur
2752 2956 2766 2991 :
2804 2936 3082 2992 lulianum
3137 2956 3266 2995 vero
3321 2949 3453 2997 aztas

1870 3032 2076 3080 tenera.
2119 3027 2382 3082 Octavum
2414 3030 2563 3084 enim
2610 3030 2790 3085 astatis
2824 3044 3029 3084 annum
3079 3032 3323 3086 nondum
3363 3047 3455 3086 ex-

177 3132 408 3204 ήλικίαν
447 3132 720 3203 ἐχρῶντο,
775 3134 871 3187 καὶ⁹
918 3133 1094 3201 λόγων
1134 3132 1498 3198 διδασκάλοις,
1532 3135 1626 3188 καὶ
1657 3136 1768 3198 τοῖς

1872 3126 2079 3188 egerat.
2117 3119 2194 3174 lta
2237 3114 2438 3189 prater
2470 3122 2716 3176 omnium
2763 3136 2912 3192 spem
2944 3131 3110 3191 atque
3139 3123 3453 3194 opinionem

1878 3213 2075 3233 --μ-μη
2125 3213 2421 3233 ,__,.___-.
2596 3216 2635 3233 .,
2698 3232 2703 3233 ,
2808 3217 2853 3233 .7
2929 3217 2940 3227 .
3082 3218 3139 3233 -.
3206 3217 3251 3233 ..
3356 3219 3390 3233 ..

181 3225 502 3295 ὑφηγηταῖς
525 3224 636 3278 τῶν
662 3225 835 3294 ἁγίων
859 3224 1094 3296 Γραφῶν
1119 3242 1134 3256 ’
1168 3225 1244 3289 ὡς
1268 3226 1362 3279 καὶ
1394 3226 1581 3297 κλήρῳ
1610 3228 1772 3294 ἐγκα-

178 3312 510 3383 ταλεγῆναι,
555 3313 651 3367 καὶ
681 3312 1153 3382 ὑπαναγινώσκειν
1182 3312 1263 3383 τῷ
1298 3312 1414 3382 λαῷ
1446 3313 1546 3376 τὰς
1570 3314 1772 3384 ἐκκλη-

182 3405 480 3467 σιαπικάς
514 3403 750 3474 βίϐλους.
786 3405 861 3459 Οὐ
900 3405 1008 3476 μὴν
1040 3404 1177 3458 ἀλλά
1217 3404 1315 3458 καὶ
1358 3404 1445 3457 διὰ
1486 3404 1594 3457 τῶν
1625 3404 1773 3474 ἡθῶν

181 3498 419 3554 καὶτῶν
466 3497 677 3569 ἔργων,
722 3496 822 3568 τὴν
862 3496 1145 3551 εὐσέϐειαν
1182 3495 1557 3549 ἐπεδείκνυντο
1583 3511 1595 3523 ⁸
1647 3496 1775 3566 περὶ

183 3590 390 3646 πολλοῦ
424 3590 737 3660 ποιούμενοι
771 3590 899 3654 τοὺς
933 3590 1137 3658 ἱερέας,
1165 3588 1258 3643 καὶ
1285 3587 1413 3651 τοὺς
1440 3587 1614 3650 ἄλλως
1639 3587 1776 3656 ἀγα-

184 3685 339 3749 θοὺς,
372 3684 468 3737 καὶ
502 3683 630 3753 περὶ
654 3683 831 3753 δόγμα
867 3680 1211 3745 σπουδαίους,
1240 3682 1353 3742 τοῖς
1377 3695 1436 3732 τε
1466 3679 1775 3751 εύκτηρίοις

184 3773 363 3836 οἴκοις
394 3771 739 3843 θαμίζοντες,
767 3771 862 3825 καὶ
889 3772 1007 3833 ταῖς
1029 3766 1434 3839 προσηκούσαις
1463 3768 1647 3836 τιμαῖς
1675 3765 1776 3829 τὰς

184 3866 302 3919 τῶν
338 3862 636 3935 μαρτύρων
669 3862 844 3934 θήκας
883 3859 1254 3931 γεραίροντες.
1298 3855 1613 3929 Τηνικαῦτα
1645 3856 1778 3924 γοῦν

186 3956 362 4027 φασὶν
416 3954 617 4018 αὐτοὺς
642 3994 658 4019 ,
721 3951 1120 4017 σπουδάζοντας
1175 3948 1415 4021 μεγίστῳ
1467 3947 1782 4018 περιλαϐεῖν

186 4051 329 4118 οἴκῳ
362 4048 453 4101 τὸν
499 4049 670 4116 τάφον
714 4047 891 4117 Μάμα
936 4044 1032 4099 τοῦ
1075 4044 1351 4115 μάρτυρος
1366 4050 1413 4106 (ι,
1473 4041 1555 4103 είς
1599 4040 1782 4110 ἀμφο-

1874 3213 2101 3280 servati,
2124 3214 2178 3268 in
2200 3213 2549 3285 Cappadocia
2580 3216 2776 3288 degere
2800 3217 2943 3286 jussi
2973 3227 3101 3272 sunt
3127 3218 3181 3272 in
3205 3217 3451 3274 Macello.

1875 3302 2020 3358 Villa
2073 3304 2189 3359 haec
2226 3311 2313 3361 est
2345 3307 2585 3376 publica,
2637 3306 2706 3360 ad
2755 3308 3008 3377 Argaeum
3053 3318 3290 3361 montem
3327 3309 3454 3373 sita,

1877 3393 2024 3448 haud
2063 3396 2256 3464 procul
2290 3398 2358 3453 ab
2394 3399 2529 3454 urbe
2562 3398 2835 3463 Caasarea,
2859 3415 2984 3470 quae
3009 3410 3064 3455 et
3106 3401 3455 3471 magnificum

1879 3487 2040 3540 habet
2063 3486 2352 3555 palatium,
2380 3497 2435 3545 et
2457 3491 2697 3557 lavacra,
2722 3498 2777 3546 et
2811 3491 3026 3559 hortos,
3059 3499 3114 3547 et
3136 3491 3313 3548 fontes
3340 3509 3465 3563 per-

1878 3586 2094 3645 petuos.
2137 3576 2254 3635 Illic
2285 3582 2450 3636 ambo
2491 3582 2663 3652 regali
2686 3584 2837 3638 cultu
2872 3584 3089 3639 educati
3123 3594 3254 3640 sunt
3294 3593 3459 3654 atque

1880 3670 2118 3726 instituti
2167 3690 2182 3727 :
2228 3673 2303 3728 ibi
2343 3673 2652 3743 disciplinis
2697 3684 2752 3730 et
2790 3677 3277 3731 exercitationibus
3320 3677 3462 3746 ipso-

1882 3779 2002 3818 rum
2039 3765 2191 3820 aetali
2242 3768 2699 3823 convenientibus
2735 3768 2966 3836 imbuti;
3028 3771 3101 3825 ibi
3124 3769 3361 3840 denique
3390 3770 3462 3824 ab

1879 3855 2268 3912 humaniorum
2318 3858 2518 3913 artium
2568 3858 2887 3928 magistris,
2940 3870 2995 3916 et
3050 3877 3080 3916 a
3145 3862 3460 3917 doctoribus

1883 3964 2168 4005 sacrarum
2193 3950 2529 4005 Litterarum
2554 3952 2630 4005 ita
2662 3961 2791 4007 sunt
2820 3953 3044 4018 eruditi,
3069 3961 3129 4007 ut
3165 3956 3218 4008 in
3245 3955 3452 4009 clerum

1885 4040 2323 4107 ascriberentur,
2354 4049 2410 4097 et
2439 4042 2847 4097 ecclesiasticos
2890 4044 3059 4099 libros
3091 4047 3293 4115 populo
3326 4061 3462 4115 prae-

191 4142 387 4211 τέρους
433 4140 656 4211 μερίσαι
689 4139 750 4194 τὸ
787 4140 966 4211 ἔργον.
1002 4134 1408 4208 Ἀμιλλωμένου
1431 4133 1487 4187 δὲ
1517 4132 1768 4203 ἐκατέρου

1886 4131 2152 4201 legerent.
2176 4131 2420 4189 Moribus
2445 4148 2666 4203 quoque
2690 4142 2744 4187 et
2771 4134 2932 4191 factis
2962 4133 3215 4205 pietatem
3252 4152 3363 4207 pra:
3404 4153 3465 4194 se

191 4231 483 4303 φιλοτιμίᾳ
507 4232 603 4285 καὶ
628 4234 761 4304 τιμῇ
794 4227 1229 4302 ὑπερϐάλλεσθαι
1257 4225 1347 4279 τὸν
1379 4224 1582 4294 ἕτερον.
1610 4222 1768 4294 παρά

1893 4221 2139 4277 ferebant
2165 4240 2179 4278 :
2207 4223 2411 4293 quippe
2432 4224 2525 4293 qui
2560 4231 2674 4277 tum
2710 4225 3045 4290 sacerdotes,
3071 4236 3183 4281 tum
3224 4229 3464 4300 reliquos

189 4327 350 4391 δοξον
389 4323 661 4397 συμϐῆναι
692 4326 786 4379 καὶ⁴
820 4320 1094 4385 παντελῶς
1128 4320 1376 4380 ἄπιστον,
1407 4316 1454 4367 εί
1490 4314 1564 4384 μὴ
1600 4314 1768 4367 πολλά

1892 4319 2044 4371 viros
2070 4315 2245 4371 bonos
2282 4323 2338 4370 et
2368 4315 2701 4371 Christianae
2734 4317 2996 4374 doctrina:
3019 4320 3317 4385 studiosos,
3345 4321 3465 4391 plu-

1344 4473 1615 4530 VALESII
1657 4474 2213 4534 ANNOTATIONES.

273 4572 391 4639 (Sit)
443 4569 592 4641 ’Υπρ
639 4568 1016 4641 ἐπισκόποις.
1069 4566 1325 4623 Julianus
1354 4566 1571 4641 Caesar
1618 4566 1783 4621 Nico-
1819 4573 1863 4626 D
1893 4584 2107 4641 genere,
2126 4570 2345 4641 longius
2372 4570 2749 4640 contingebat,
2779 4579 2838 4625 ut
2864 4570 3114 4641 loquitur
3145 4570 3467 4626 Ammianus

195 4637 397 4698 mediae
450 4642 516 4696 ab
554 4638 791 4695 Eusebio
832 4639 1098 4694 educatus
1149 4648 1233 4693 est
1283 4637 1577 4707 episcopo,
1620 4653 1783 4707 quem
1893 4637 2321 4697 Marcellinusin
2354 4641 2494 4696 libro
2524 4637 2661 4708 xiu,
2697 4656 2819 4711 pag.
2852 4637 2977 4697 2l9.

1629 4813 2011 4873 VARIORUM.

278 4924 305 4962 τι
352 4912 466 4967 Τὸν
508 4913 701 4983 τάφον
750 4913 929 4981 Μὰμα
948 4910 1075 4983 ᾔτοῦ
1120 4908 1438 4983 μάρτυρος.
1496 4905 1768 4983 Mamanti:

1886 4910 2113 4983 Mortesn
2160 4911 2278 4980 ejus
2308 4911 2375 4983 ad
2414 4929 2619 4968 annum
2656 4913 2880 4967 circrter
2919 4910 3204 4983 274.cum
3235 4910 3470 4983 vulgatis

203 4983 471 5054 martyris
516 4980 713 5038 nomen
758 4980 901 5051 apud
934 4980 1154 5054 graecos
1199 4980 1445 5054 celebre;
1494 4985 1645 5047 gesta
1689 4980 1787 5033 ob-
1884 4981 2234 5054 auctoribus,
2278 4982 2609 5047 referimus.
2653 4985 2831 5036 donec
2882 4981 3190 5054 abaliun
3236 4982 3470 5035 certiora

205 5047 399 5109 scura.
430 5051 751 5109 Laudarunt
778 5047 903 5107 eum
922 5047 1641 5121 GregoriusANaaianai-nus,
1668 5062 1788 5121 or‘a-
1883 5052 2239 5121 proferantur
2283 5061 2636 5107 monumenta
2682 5067 2804 5121 qua:
2847 5052 2993 5105 aliud
3051 5047 3209 5105 nobis
3243 5066 3471 5120 persua-

208 5129 365 5178 tione
410 5124 499 5188 45,
534 5133 587 5177 et
616 5123 856 5178 Basilius
900 5122 994 5185 M.,
1037 5117 1191 5192 temo
1224 5118 1263 5192 Ι,
1318 5117 1786 5192 h_omil_i_a__26,__Dc
1883 5117 2065 5192 deant.
2120 5123 2485 5178 Conscntiunt
2531 5117 2755 5191 antiqua
2793 5122 3197 5192 Martyrologia
3236 5117 3468 5183 Adonis,

1886 5191 2141 5257 Usuardi,
2184 5193 2416 5259 Rabani,
2456 5201 2510 5247 et
2569 5192 2830 5256 Notkeri,
2875 5190 3009 5254 etin,
3059 5192 3115 5245 S.
3154 5190 3468 5254 Mamantis,

1886 5271 2012 5318 aut.
2071 5272 2235 5330 prout
2289 5262 2621 5332 loquuntur,
2670 5262 3010 5327 Mammetis,
3063 5263 3178 5316 sive
3220 5260 3472 5314 Mametis

1887 5332 2211 5402 martyrium
2265 5331 2373 5387 sub
2420 5334 2753 5402 imperatore
2808 5332 3107 5385 Aureliano
3142 5331 3468 5402 contigisse.

1885 5400 2098 5456 Colitur
2128 5401 2249 5470 ejus
2285 5400 2547 5457 memoria
2579 5418 2609 5456 a
2650 5402 2862 5456 Latinis
2902 5402 2989 5456 die
3019 5402 3083 5454 l7
3112 5400 3321 5455 mensis
3357 5400 3471 5453 Au-

1887 5473 2031 5543 gusti
2054 5491 2067 5539 ;
2104 5486 2133 5524 a
2157 5472 2366 5543 Graecis
2386 5473 2423 5526 ‘2
2456 5472 2816 5543 Septembris.
2844 5470 3462 5543 Tandeinhiculiamas,

216 5546 357 5615 lyris
391 5558 589 5598 nomen
618 5560 726 5615 non
772 5542 1062 5615 exprimat.
1092 5536 1366 5615 Antigpus
1398 5545 1494 5615 est
1533 5538 1585 5590 in
1616 5536 1789 5615 Gallia
1887 5536 1953 5598 de
1982 5536 2093 5612 quo
2124 5542 2360 5613 agimus,
2395 5536 2822 5615 distinguendus
2847 5551 2930 5598 est
2959 5542 3156 5615 abalio
3197 5538 3469 5593 Mamante

310 5604 1059 5685 Mamantis‘eultus,_'in_qua
1090 5612 1194 5664 sub
1220 5607 1520 5685 ﬂammatis
1546 5610 1785 5685 nomine,
1889 5604 2186 5685 martyre,”
2229 5604 2601 5685 qnernhcumv
2628 5613 2895 5685 Basilisco
2964 5611 3178 5685 itidem_
3223 5617 3467 5685 martyre

218 5686 451 5754 sicutiet
484 5681 628 5754 apud
657 5684 795 5737 alios
825 5674 1070 5754 Latin-os:
1111 5688 1170 5733 ut
1210 5680 1502 5754 plurimum
1546 5678 1789 5754 cele_bra-
1890 5674 2065 5738 Graeci
2106 5674 2195 5738 die
2233 5674 2458 5753 2'9;Julii
2501 5686 2775 5739 recolunt.
2809 5680 3039 5754 ('l‘heod.
3078 5679 3379 5736 Ruinam,
3407 5674 3466 5728 in

220 5768 329 5808 tur.
372 5747 694 5826 subjltujus
753 5751 972 5826 nomine
1036 5750 1144 5826 [)co
1197 5750 1389 5826 dicata
1418 5757 1509 5826 ρει
1553 5747 1789 5826 _ccc|esi_a
1894 5756 2034 5807 Acris
2081 5747 2397 5823 martyrum,
2444 5770 2499 5826 p.
2534 5754 2687 5823 ⁴276.)

228 5823 566 5880 cathedralis
594 5816 953 5893 Lingonensis
981 5821 1082 5876 sub
1112 5819 1391 5887 metropoli
1418 5816 1789 5887 Lugdunensi.

207 5203 455 5263 martyre
514 5192 808 5248 Mamaute.
860 5192 939 5246 Ex
999 5191 1201 5261 quibus
1254 5189 1393 5243 locis
1446 5188 1785 5263 nihil‘aliud

207 5255 504 5325 discimus,
542 5279 701 5332 quam
750 5263 926 5334 ipsum
960 5255 1225 5334 agrestem
1272 5266 1549 5334 pastorem
1594 5255 1784 5334 fuisse,

210 5344 270 5389 et
305 5336 450 5388 inter
481 5328 751 5404 martyres
773 5328 1235 5404 celeber—rituum.
1272 5328 1594 5404 miraculum
1620 5329 1784 5404 _quod

213 5406 308 5459 hic
334 5414 522 5457 narrat
545 5396 903 5466 Soiomeuus,
927 5401 1113 5455 retulit
1132 5400 1295 5454 etiam
1310 5397 1470 5466 Greg.
1502 5396 1785 5463 Nazianz.,

212 5484 360 5528 orat.
395 5475 429 5529 '5
480 5472 745 5528 adversus
777 5472 1056 5526 lulianum
1085 5510 1099 5535 ,
1146 5469 1396 5538 quamvis
1426 5468 1602 5521 sancti
1631 5484 1789 5538 _mar-
