4056 6326
603 343 742 399 1215

2055 338 2391 395 SOZOMENI

3722 346 3858 402 12l6

601 458 727 512 rimi
761 455 1044 519 facerent;
1081 451 1343 507 ecclesias
1375 449 1568 505 crebro
1613 449 1846 514 adirem,
1874 459 1927 505 ct
1963 458 2170 520 marty-

2276 451 2377 503 τῶν
2405 454 2717 523 ἀκηκοότων
2754 453 2904 524 παρὰ
2937 455 3044 507 τῶν
3079 457 3422 528 τεθεαμὲνων
3456 459 3626 530 μέχρι
3655 462 3754 512 καὶ
3780 465 3862 517 είς

602 564 722 604 rum
753 547 1001 615 sepulcra
1023 543 1350 614 competenti
1397 543 1606 596 honore
1634 552 2052 598 venerarentur.
2095 542 2171 597 Eo

601 639 766 707 igitur
800 645 1063 705 tempore,
1088 636 1242 689 aiunt
1272 635 1394 688 illos
1437 635 1750 702 sepulcrum
1798 634 1986 690 Maurae
2029 650 2174 689 mar.-

599 730 738 799 tyris
785 727 1123 796 amplissima
1178 726 1401 780 basilica
1474 726 1818 781 circumdare
1866 726 2172 790 studentes,

600 835 739 888 opus
767 821 906 872 inter
935 833 994 873 se
1032 818 1266 887 partitos
1308 832 1451 872 esse.
1488 817 1733 887 Dumque
1773 818 1910 873 alter
1938 819 2170 873 alterum

598 910 1005 974 niagnilicentia
1047 917 1103 963 et
1145 910 1293 963 cultu
1342 924 1598 978 superare
1640 909 2018 974 contenderet,
2056 926 2168 965 rem

597 997 978 1052 admirabilem
1040 1013 1375 1068 prorsusque
1427 998 1806 1053 incredibilem
1836 981 2168 1068 ~accidisse,

597 1090 703 1143 nisi
738 1090 893 1143 multi
927 1099 1112 1143 nostra
1145 1089 1323 1144 adhuc
1355 1097 1514 1145 aetate
1537 1099 1891 1160 superessent
1925 1092 2018 1161 qui
2054 1107 2170 1147 rem

597 1182 770 1250 ipsam
814 1183 882 1235 ab
926 1182 1033 1236 illis
1061 1182 1153 1252 qui
1189 1197 1307 1236 eam
1345 1183 1612 1250 viderant,
1655 1191 2000 1253 acceperunt.
2034 1182 2170 1237 Nam

597 1289 724 1343 pars
753 1274 970 1342 quidem
996 1275 1178 1345 operis
1209 1289 1329 1344 quae
1354 1272 1512 1328 Gallo
1538 1275 1858 1338 obvenerat,
1886 1277 2172 1331 attolleba-

599 1371 707 1427 tur,
741 1374 794 1418 et
821 1381 885 1418 cx
915 1365 1080 1418 animi
1113 1365 1441 1434 procedebat
1470 1364 1761 1419 sententia.
1799 1363 1878 1417 Ex
1907 1365 2170 1433 operibus

598 1465 780 1510 autem
807 1455 1030 1521 Juliani,
1059 1457 1162 1511 alia
1196 1456 1560 1522 corruebant;
1596 1456 1704 1508 alia
1733 1472 1797 1510 ex
1849 1455 2172 1510 fundamen-

596 1550 669 1603 tis
702 1562 923 1602 sursum
971 1547 1456 1617 pr0pellebantur;
1509 1546 1615 1599 alia
1658 1561 1727 1600 ne
1782 1546 1900 1601 solo
1950 1546 2190 1614 quidem.

597 1640 877 1693 cohaerere
915 1638 982 1692 ab
1019 1638 1176 1692 initio
1224 1637 1590 1704 sustinebant,
1636 1651 1745 1692 non
1793 1652 1951 1692 secus
2001 1652 2066 1691 ac
2122 1637 2170 1694 si

597 1730 872 1786 contraria
908 1730 1143 1799 quadam
1180 1731 1232 1783 vi
1279 1730 1536 1785 deorsum
1571 1729 1870 1783 obsistente
1919 1730 2170 1785 retrude-

596 1829 812 1875 rentur.
856 1819 1196 1875 Etoumibus
1224 1819 1444 1890 quidem
1482 1834 1547 1874 ea
1573 1834 1662 1875 res
1691 1819 1942 1890 prodigio
1972 1820 2173 1876 similis

597 1915 713 1971 visa
746 1921 857 1977 est;
885 1912 1043 1965 multi
1091 1925 1246 1976 vero,
1279 1911 1411 1980 quid
1459 1910 1830 1980 portenderet,
1875 1925 1940 1963 ex
1975 1918 2172 1966 eventu

592 2005 1001 2075 judicaverunt.
1043 2003 1148 2058 Sed
1181 2003 1425 2057 nonnulli
1461 2018 1528 2058 ex
1569 2018 1635 2058 eo
1674 2003 2042 2073 conjecturam
2081 2017 2175 2057 ce-

596 2105 831 2167 perunt,
879 2098 1030 2151 illum
1063 2097 1488 2166 haudquaquam
1538 2098 1754 2152 sincero
1805 2097 1990 2151 animo
2045 2111 2174 2165 erga

596 2189 917 2258 religionem
995 2203 1162 2254 esse,
1228 2202 1422 2242 verum
1497 2201 1609 2256 prae
1683 2196 1833 2241 metu
1908 2188 2173 2257 principis

597 2282 693 2352 qui
746 2288 858 2333 tum
933 2280 1191 2348 temporis
1252 2277 1606 2333 Christianus
1667 2284 1859 2342 esset,
1909 2277 2173 2346 pietatem

595 2373 831 2443 fingere;
880 2387 1071 2440 parum
1134 2377 1310 2425 tutum
1369 2384 1493 2425 esse
1546 2369 1990 2431 existimantem,
2047 2371 2207 2422 sen-'

595 2465 821 2517 tentiam
872 2477 1026 2516 suam
1074 2461 1128 2514 in
1154 2467 1403 2529 apertum
1441 2457 1710 2528 proferre.
1767 2456 1942 2510 Porro
1990 2464 2174 2524 pater-

595 2570 724 2611 nam
768 2555 1090 2624 religionem
1139 2551 1448 2621 prodidisse
1501 2550 1743 2614 dicitur,
1775 2555 1962 2602 vatum
2015 2547 2174 2602 fami-

605 2647 849 2701 liaritate
915 2653 969 2700 et
1033 2643 1324 2714 colloquiis
1377 2644 1617 2713 primum
1689 2642 1970 2698 inductus.
2037 2640 2172 2694 Nam

596 2740 879 2808 aliquanto
935 2724 1070 2805 post
1137 2738 1220 2791 ira
1283 2736 1589 2792 Constantii
1659 2737 1915 2806 placata,
1989 2733 2177 2788 Gallus

594 2830 815 2901 quidem
861 2830 1016 2898 181
1050 2830 1107 2882 in
1139 2829 1322 2884 Asiam
1353 2827 1656 2898 profectus.
1691 2826 1893 2898 Ephesi
1928 2826 2171 2882 mansit:

593 2936 707 2991 quo
746 2921 802 2974 in
846 2921 969 2975 loco
1018 2919 1285 2988 majorem
1321 2928 1532 2990 partem
1565 2919 1645 2973 rei
1680 2917 1972 2972 familiaris
2009 2917 2173 2972 sitam

593 3013 853 3069 habebat.
884 3011 1136 3068 Julianus
1180 3026 1312 3066 vero
1336 3009 1869 3078 Constantinopolim
1892 3023 2172 3076 reversus,

2278 543 2422 611 ἡμᾶς
2447 543 2733 612 περιῆσαν.
2774 543 2848 594 Τὸ
2875 543 2971 612 μὲν
3003 545 3111 615 γὰρ
3144 547 3345 599 Γάλλου
3380 547 3548 618 μέρος
3578 549 3857 615 ἐπεδίδου,

2276 634 2369 685 καὶ
2393 635 2532 686 κατά
2553 634 2776 706 γνώμην
2798 636 3102 708 προύχώρει
3123 655 3136 667 ·
3168 638 3273 692 τῶν
3296 639 3351 691 δὲ
3375 640 3672 694 Ἰουλιανοῦ
3701 659 3857 711 πονη-

2279 723 2482 793 μάτων,
2513 725 2581 778 τὰ
2607 725 2727 794 μὲν,
2756 727 3028 797 ὴρείπωτο
3050 745 3065 760 ·
3101 729 3168 781 τά
3205 730 3280 795 δὲ,
3318 733 3382 783 ἐκ
3407 735 3509 802 τῆς
3541 733 3648 802 γῆς
3681 734 3854 786 ἀνεδί-

2275 815 2424 867 δοτο·
2475 817 2542 868 τὰ
2572 817 2648 881 δὲ,
2684 819 2996 886 παραυτίκα
3028 821 3393 874 συνάπτεσθαι
3423 823 3558 891 πρὸς
3577 823 3641 874 τὸ
3662 822 3854 890 ἔδαφος

2274 905 2372 957 οὐκ
2413 906 2675 976 ἠνείχετο,
2717 903 2808 960 οἶά
2845 925 2907 976 γε
2952 909 3010 973 ἐξ
3047 911 3339 965 ἀντιτύπου
3373 913 3467 964 καὶ
3502 912 3680 982 βιαίου
3710 913 3853 976 τινὸς

2273 995 2550 1067 δυνάμεως
2591 999 2835 1055 κάτωθεν
2867 1002 3212 1073 ἀντωθούσης
3241 1004 3680 1076 ἀνακρουόμενα.
3717 1005 3854 1058 Ilia:
3877 1063 3891 1072 _

2272 1088 2328 1140 δὲ
2356 1090 2579 1153 εἰκότως
2604 1094 2885 1161 τεράστιον
2917 1093 3092 1146 ἐδόκει
3119 1093 3180 1146 τὸ
3202 1094 3454 1162 πρᾶγμα,
3493 1096 3592 1148 καὶ
3617 1099 3732 1158 τοῖς
3757 1095 3851 1166 μὲν

2273 1181 2504 1248 πολλοῖς,
2536 1184 2600 1253 τῇ
2637 1183 2900 1236 ἀποϐάσει
2931 1183 3144 1254 ἐκρίθη.
3188 1182 3359 1250 Οἱδὲ,
3388 1186 3445 1249 ἐξ
3479 1185 3692 1238 ἐκείνου
3729 1203 3851 1238 συν-

2273 1272 2484 1336 ἑϐαλον,
2510 1274 2584 1344 μὴ
2611 1274 2779 1343 ὑγιῶς
2802 1273 2946 1345 ἔχειν
2964 1276 3054 1327 τὸν
3073 1276 3243 1346 ἄνδρα
3264 1274 3391 1342 περὶ
3406 1278 3506 1346 τὴν
3529 1277 3847 1347 θρησκείαν,

2273 1366 2385 1418 ἀλλ’
2419 1366 2664 1420 εὐσεϐεῖν
2695 1366 3049 1436 πλάττεσθαι,
3082 1367 3407 1439 Χριστιανὸν
3439 1368 3574 1422 ὄντα
3599 1368 3703 1435 ,τὸν
3735 1371 3854 1422 τότε

2274 1457 2576 1528 κρατοῦντα
2604 1459 3051 1530 ὑποκρινόμενον,
3102 1459 3199 1513 καὶ
3229 1459 3310 1523 είς
3344 1459 3406 1512 τδ
3455 1459 3742 1531 προφανὲς
3775 1460 3859 1523 ἐξ·

2274 1548 2428 1616 άγειν
2457 1548 2554 1619 τὴν
2582 1549 2806 1620 γνώμην
2825 1550 2925 1603 οὐκ
2943 1548 3181 1618 ἀσφαλὲς
3208 1550 3534 1622 ἡγούμενον.
3559 1549 3854 1621 Προῦδωκε

2271 1639 2361 1703 δὲ,
2413 1642 2487 1704 ὼς
2543 1641 2793 1709 λέγεται,
2842 1641 2942 1711 τὴν
2987 1642 3248 1710 πατρῴαν
3290 1642 3612 1712 θρησκείαν,
3670 1657 3855 1693 συνου-

2273 1731 2417 1795 σίαις
2443 1733 2686 1801 μάντεων
2719 1732 2982 1802 ὑπαχθεὶς
3000 1731 3069 1788 τά
3091 1732 3303 1804 πρῶτα.
3337 1731 3495 1786 Μετά
3525 1732 3723 1802 χρόνον
3749 1731 3854 1801 γάρ

2273 1840 2394 1876 τινα
2434 1823 2785 1894 παυσαμένου
2837 1823 3218 1876 Κωνσταντίου
3258 1823 3360 1893 τῆς
3413 1824 3610 1893 ὀργῆς,
3659 1823 3860 1885 Γάλλος

2277 1913 2374 1983 μὲν
2403 1914 2481 1974 είς
2509 1912 2607 1981 τὴν
2645 1913 2828 1966 Ἀσίαν
2855 1912 3045 1979 ἐλθὼν,
3073 1915 3130 1966 ἐν
3171 1913 3383 1983 Ἐφέσῳ
3412 1913 3710 1984 διέτριϐεν,
3733 1911 3861 1965 ἔνθα

2272 2003 2336 2074 δὴ
2362 2003 2428 2056 τὰ
2451 2003 2616 2056 πλείω
2640 2003 2741 2072 τῆς
2759 2004 2944 2068 οὐσίας
2968 2000 3134 2074 εἶχεν.
3184 2005 3470 2068 Ἰουλιανὸς
3495 2004 3572 2068 δὲ,
3605 2006 3686 2065 είς
3707 2006 3863 2057 Κων-

2275 2094 2709 2148 σταντινούπολιν
2743 2095 3084 2162 ἐπανελθὼν,
3138 2098 3252 2158 τοῖς
3294 2097 3471 2148 ἐκεῖσε
3513 2095 3863 2157 διδασκάλοις

2273 2187 2492 2254 ἐφοίτα·
2534 2186 2748 2256 φύσεως
2772 2187 2831 2241 δὲ
2859 2183 2918 2240 εὖ
2953 2186 3112 2258 ἔχων,
3163 2188 3258 2242 καὶ
3286 2190 3400 2250 τοῖς
3439 2189 3737 2258 μαθήμασι
3769 2189 3862 2258 ρᾳ-

2273 2277 2402 2340 δίως
2465 2277 2761 2342 ἐπιδιδοὺς,
2811 2278 2910 2330 οὐκ
2967 2277 3278 2332 ἐλάνθανεν.
3349 2278 3438 2331 Ἐν
3491 2276 3706 2330 ίδιώτου
3755 2276 3862 2348 γὰρ

2277 2370 2515 2439 σχήματι
2547 2369 2645 2431 τὰς
2683 2369 2941 2439 προόδους
2970 2370 3291 2440 ποιούμενος
3318 2408 3334 2434 ,
3384 2368 3605 2433 πολλοῖς
3648 2368 3859 2434 συνεγίο

2275 2476 2414 2512 νετο.
2466 2460 2621 2512 Ἐπεὶ
2650 2460 2728 2523 δὲ,
2761 2453 2848 2512 οἷα
2883 2460 3046 2528 φιλεῖ,
3089 2461 3146 2512 ἐν
3169 2461 3342 2530 ὁμίλῳ
3373 2459 3467 2511 καὶ
3497 2457 3863 2530 βασιλευούσῃ

2276 2551 2451 2616 πόλει,
2493 2551 2718 2619 ἀδελφὸς
2753 2549 2827 2604 ὢν
2869 2551 2963 2604 τοῦ
3014 2551 3358 2621 κρατοῦντος,
3412 2551 3506 2602 καὶ
3553 2550 3862 2620 πράγματα

2273 2641 2492 2694 διοικεῖν
2529 2642 2708 2703 ἱκανὸς
2729 2637 2867 2695 εἶναι
2901 2642 3246 2712 φαινόμενος,
3289 2641 3669 2712 προσεδοκᾶτο
3705 2641 3861 2709 βασι-

2274 2711 2473 2795 λεῦειν,
2507 2731 2750 2802 καὶπερὶ
2778 2731 2942 2785 αὑτοῦ
2973 2731 3208 2795 τοιοῦτος
3242 2733 3462 2802 ἐκράτει
3483 2732 3667 2799 λόγος,
3691 2748 3862 2801 προσ-

2275 2822 2478 2894 ετάχθη
2517 2824 2573 2875 ἐν
2605 2823 2944 2895 Νικομηδείᾳ
2971 2823 3199 2893 διάγειν.
3261 2823 3527 2878 Ἐνταῦθα
3551 2822 3861 2894 περιτυχὼν

2277 2913 2426 2984 αὐτῷ
2484 2912 2737 2985 Μάξιμος
2787 2916 2816 2968 ὁ
2867 2914 3116 2983 Ἐφέσιος
3164 2914 3483 2985 φιλόσοφος,
3552 2913 3862 2984 φιλοσόφων

2278 3004 2429 3075 αὐτῷ
2476 3005 2652 3073 λόγων
2705 3005 3023 3076 καθηγητὴς
3072 3005 3320 3074 ἐγένετο,
3381 3007 3476 3060 καὶ
3521 3004 3720 3076 μίσους
3763 3005 3860 3073 τῆς

592 3105 990 3174 magistrorum
1029 3104 1123 3172 qui
1166 3102 1279 3156 illic
1329 3108 1485 3155 erant
1523 3101 1799 3156 auditoria
1860 3100 2173 3172 frequenta-

2278 3095 2617 3166 Χριστιανῶν
2641 3094 2940 3166 θρησκείας
2963 3113 2977 3128 ο
3012 3097 3105 3149 καὶ
3130 3083 3218 3150 οἷα
3249 3097 3460 3168 μάντις,
3489 3096 3698 3168 ἀληθὲς
3721 3092 3860 3149 εἶναι

593 3194 700 3258 vit;
731 3195 822 3264 qui
855 3208 979 3247 eum
1011 3192 1230 3264 egregia
1271 3192 1456 3248 indole
1501 3192 1765 3262 praeditus
1799 3201 1968 3257 esset,
2005 3201 2058 3249 et
2115 3193 2173 3250 in

593 3284 902 3354 disciplinis
958 3299 1188 3354 magnos
1239 3299 1572 3355 progressus
1622 3284 1851 3349 faceret,
1882 3286 2173 3356 haudqua-

594 3389 762 3445 quam
793 3375 848 3428 in
879 3376 1120 3430 obscuro
1151 3375 1370 3430 delituit
1400 3393 1414 3442 ;
1448 3377 1664 3446 privato
1716 3378 1860 3432 enim
1885 3376 2075 3432 habitu
2116 3379 2174 3433 in

592 3466 874 3535 publicum
924 3465 1252 3534 procedens,
1317 3481 1442 3520 cum
1511 3465 1772 3535 plurimis
1829 3466 2175 3523 familiariter

592 3555 946 3610 versabatur.
993 3555 1101 3610 Sed
1153 3555 1439 3626 quoniam,
1491 3565 1554 3611 ut
1600 3558 1658 3612 in
1695 3558 1885 3628 populi
1913 3558 2173 3613 multitu-

592 3646 720 3700 dine
751 3652 805 3699 et
840 3646 897 3699 in
931 3646 1081 3716 regia
1105 3647 1330 3701 civitate
1367 3647 1485 3702 ﬁeri
1516 3649 1677 3714 solet,
1709 3658 1971 3718 tanquam
2004 3649 2174 3707 frater

594 3737 861 3806 patruelis
892 3738 1272 3808 imperatoris,
1305 3747 1360 3794 et
1399 3740 1563 3796 rebus
1620 3741 1876 3808 gerendis
1920 3742 2170 3807 idoneus,

593 3829 750 3885 brevi
792 3831 860 3885 ad
895 3831 1187 3901 imperium
1216 3841 1586 3902 perventurus
1623 3835 1951 3903 sperabatur
1981 3851 1996 3901 ;
2031 3835 2175 3889 mul-

593 3920 749 3990 tique
805 3921 1128 3992 hujusmodi
1179 3937 1464 3978 sermones
1492 3924 1560 3978 de
1607 3924 1701 3978 illo
1729 3923 1934 3994 passim
1959 3938 2176 3993 sparge-

588 4015 815 4080 bantur,
840 4015 1031 4083 jussus
1097 4022 1183 4071 est
1232 4014 1566 4071 Nicomediae
1596 4016 1816 4087 degere.
1858 4015 1975 4070 Illic
2003 4013 2174 4069 Maxi-

591 4125 717 4165 mus
757 4109 1031 4180 Ephesius
1080 4109 1447 4179 philosophus
1482 4109 1532 4163 ei
1563 4122 1882 4172 occurrens,
1914 4116 1970 4162 et
1991 4107 2173 4176 philo-

593 4204 845 4272 sephiam
903 4217 1030 4258 eum
1078 4202 1290 4280 docuit,
1345 4214 1402 4257 et
1448 4202 1639 4257 odium
1689 4201 1976 4272 religionis
2013 4200 2174 4258 Chri-

599 4294 795 4348 stianae
831 4311 842 4346 :
887 4301 1052 4360 atque
1093 4299 1152 4345 ut
1207 4301 1382 4357 vates,
1431 4293 1481 4347 ei
1518 4291 1808 4346 afﬁrmavit
1830 4306 2020 4348 verum
2051 4307 2174 4348 esse

593 4383 742 4454 quod
800 4383 872 4436 de
927 4383 1020 4436 illo
1056 4383 1204 4452 vulgi
1245 4384 1598 4438 sermonibus
1630 4383 1928 4438 ferebatur.
1963 4383 2078 4448 Ille,
2113 4390 2174 4437 ut

2284 3185 2588 3257 ἰσχυρίζετο
2614 3185 2678 3238 τὸ
2705 3185 2833 3255 περ)⁸
2857 3185 3024 3239 αὐτοῦ
3053 3186 3466 3257 θρυλλούμενον.
3507 3189 3566 3241 Ὁ
3600 3187 3681 3252 δὲ,
3710 3185 3862 3239 τοῦτο

2279 3277 2343 3349 δὴ
2361 3276 2423 3330 τὸ
2447 3276 2663 3340 πολλοῖς
2679 3275 2998 3347 συμϐαῖνον,
3022 3279 3082 3332 ἐν
3112 3278 3338 3350 ὑπονοίᾳ¹
3366 3279 3654 3351 δυσχερῶν
3679 3296 3855 3350 πραγ-

2284 3369 2470 3440 μάτων
2499 3367 3017 3440 ταλαιπωρούμενος
3046 3369 3205 3440 (54⁸),
3239 3369 3595 3442 βουκοληθεὶς
3661 3374 3861 3436 αίσίαις

2280 3459 2487 3525 ἐλπίσι,
2519 3459 2672 3529 φίλον
2702 3459 2828 3530 ἔσχε
2854 3459 2947 3516 τὸν
2977 3460 3251 3532 Μάξιμον.
3282 3462 3373 3533 Τῷ
3408 3462 3625 3534 βασιλεῖ
3651 3465 3710 3518 δὲ
3740 3465 3860 3519 τοὺ-

2278 3570 2387 3607 των
2422 3551 2791 3624 μηνυθέντων,
2837 3552 3021 3618 δείσας
3067 3557 3125 3608 ἐν
3169 3555 3286 3627 χρῷ
3331 3556 3609 3627 ἐκείρατο,
3648 3557 3744 3611 καὶ
3775 3557 3858 3609 τὸν

2284 3645 2574 3715 μοναχικδν
2624 3645 2919 3700 ἐπλάττετο
2975 3647 3109 3718 βίον.
3165 3649 3356 3721 Λάθρα
3408 3649 3467 3703 δὲ
3505 3650 3610 3720 τῆς
3676 3651 3858 3720 ἑτέρας

2280 3737 2459 3808 εἴχετο
2487 3736 2806 3810 θρησκείας.
2853 3739 3070 3812 Ἐπειδὴ
3096 3740 3154 3794 δὲ
3183 3743 3263 3804 είς
3285 3741 3484 3812 ἄνδρας
3512 3743 3616 3812 ἤδη
3650 3743 3856 3814 προῄει,

2280 3827 2622 3898 ἑτοιμότερον
2663 3829 2905 3900 ὑπήχθη,
2953 3830 3049 3883 καὶ
3091 3831 3335 3884 ἐπτοεῖτο
3382 3833 3514 3902 περὶ
3555 3833 3686 3886 τάδε
3729 3834 3852 3902 (55).

2279 3919 2586 3990 Θαυμάςων
2631 3937 2692 3974 τε
2731 3921 2784 3974 εί
2820 3922 2906 3986 τίς
2933 3922 3049 3976 ἐστι
3089 3923 3252 3994 τέχνη
3295 3925 3753 3995 προσημαίνουσα
3801 3926 3853 3977 τὸ

2282 4012 2495 4082 μέλλον,
2532 4013 2628 4067 καὶ
2655 4014 2962 4083 ἀναγκαίαν
2992 4015 3294 4087 ἡγούμενος
3319 4017 3420 4087 τὴν
3450 4017 3663 4088 ταύτης
3692 4018 3850 4089 μάθη-

2281 4121 2385 4171 σιν,
2436 4098 2512 4159 ὧν
2557 4105 2631 4176 μὴ
2682 4105 2764 4158 δεῖ
2795 4107 3159 4175 Χριστιανοῖς,
3205 4109 3285 4170 είς
3327 4109 3526 4178 πεῖραν
3577 4111 3849 4181 προήχθη*

2279 4198 2373 4250 καὶ
2399 4196 2458 4250 τὸ
2481 4194 2541 4261 ἐξ
2566 4197 2777 4251 ἐκείνου
2797 4200 2908 4261 τοῖς
2936 4198 3111 4254 ταῦτα
3137 4198 3410 4269 μετιοῦσιν
3431 4201 3632 4270 ἐχρῆτο
3667 4201 3846 4268 φίλοις.

2279 4284 2407 4342 Ὧδε
2440 4289 2496 4342 δὲ
2511 4288 2651 4360 ἔχων
2680 4288 2908 4360 γνώμης
2927 4290 3061 4362 (56),
3089 4287 3222 4364 ἧκεν
3247 4292 3328 4355 είς
3355 4292 3546 4345 Ἀσίαν
3564 4294 3674 4346 ἀπὸ
3699 4295 3848 4346 Νικο·

2283 4380 2528 4452 μηδείαςο
2547 4381 2643 4434 καὶ
2672 4381 3066 4451 συγγενόμενος
3085 4383 3262 4436 ἐκεῖσε
3279 4383 3563 4449 τοιούτοις,
3584 4385 3847 4455 rit-potiund-

591 4475 918 4545 plerumque
950 4472 1172 4527 evenire
1204 4473 1345 4527 solet
1371 4472 1690 4528 hominibus
1745 4472 1841 4541 qui
1883 4473 2173 4526 imminen-

2278 4488 2434 4541 τερος
2471 4472 2599 4542 περὶ
2642 4473 2814 4525 ταῦτα
2841 4471 3082 4540 γέγονεν.
3142 4473 3295 4526 Ἐπεὶ
3321 4474 3377 4527 δὲ
3412 4474 3618 4539 Γάλλος
3643 4477 3672 4527 ὁ
3700 4475 3846 4528 αὐτοῦ

592 4567 733 4619 tium
769 4558 1148 4618 calamitatum
1180 4571 1326 4618 metu
1381 4565 1734 4628 alliietantur,
1784 4563 2031 4619 melioris
2066 4562 2180 4618 for-

591 4665 738 4710 tunae
797 4667 897 4724 spe
945 4652 1207 4717 illectus,
1278 4651 1578 4706 Maximum
1638 4654 1692 4706 in
1748 4653 2177 4708 familiaritatem

592 4760 747 4801 suam
779 4745 998 4800 ascivit.
1030 4744 1241 4810 Quibus
1271 4744 1594 4814 imperatori
1641 4745 1935 4809 nuntiatis,
1985 4745 2178 4801 timore

591 4836 884 4904 perculsus
922 4850 1134 4890 comam
1189 4835 1349 4900 rasit,
1405 4842 1460 4891 et
1517 4835 1886 4890 monasticum
1949 4835 2168 4891 vivendi

589 4941 764 4995 genus
817 4925 1146 4981 simulavit:
1197 4927 1339 4980 clam
1393 4941 1521 4982 vero
1575 4927 1858 4996 gentilium
1898 4928 2169 4997 supersti-

592 5017 797 5072 tionem
860 5017 1149 5085 amplexus
1209 5025 1314 5074 est.
1357 5017 1488 5074 Post
1533 5017 1651 5073 b—tec
1679 5017 1794 5088 jam
1837 5018 2054 5075 virilem
2084 5020 2168 5073 in-

2276 4561 2523 4632 ἀδελφὸς,
2571 4564 2792 4634 Καῖσαρ
2838 4563 3144 4630 καταστὰς,
3199 4565 3462 4635 μηνυθεὶς
3515 4567 3847 4637 νεωτερίζειν

2277 4651 2539 4724 ἀνῃρέθη,
2597 4650 2882 4706 ὑπολαϐὼν
2921 4654 3297 4719 Κωνστάντιος
3343 4657 3438 4709 καὶ
3485 4658 3654 4710 αὑτὸν
3699 4658 3846 4728 ἔρωτι

2281 4741 2560 4813 βασιλείας
2590 4743 2941 4813 κατέχεσθαι,
2969 4743 3073 4796 ὑπὸ
3103 4745 3349 4816 φυλακῆς
3396 4744 3564 4816 εἶχεν.
3613 4749 3844 4816 Ἐξαιτηι

2280 4835 2520 4905 σαμένης
2547 4834 2603 4888 δὲ
2630 4835 2793 4889 αὑτὸν
2832 4835 3127 4898 Εὐσεὸείας
3154 4835 3256 4906 τῆς
3291 4839 3541 4908 γαμετῆς
3569 4841 3841 4893 Κωνσταςμ

2276 4926 2412 4991 τίου,
2427 4927 2906 4997 παραιτησάμενος
2923 4926 3104 4990 αὐτὸν,
3126 4927 3477 5001 ἀπεδήμησεν
3495 4932 3579 4992 είς
3607 4931 3844 5001 Ἀθήνας·

2277 5017 2546 5089 προφάσει
2577 5018 2674 5089 μὲν
2707 5017 2814 5072 τῶν
2847 5018 3180 5089 Ἑλληνικῶν
3215 5021 3393 5074 πόνων
3432 5023 3529 5075 καὶ
3580 5023 3840 5076 παιδευτι-

1795 5199 2069 5256 VALESII
2106 5199 2197 5253 AN
2204 5198 2664 5257 NOTATIONES.

660 5349 795 5425 (δί’)
811 5351 913 5405 Ἑν
922 5354 1173 5425 uxorein
1189 5354 1502 5425 δυσχερῶν
1514 5355 1868 5425 πραγμάτων
1880 5359 2172 5410 ταλαιπω-

588 5423 907 5497 ρούμενος.
937 5423 1450 5497 Scribendum‘pu’to
1481 5423 2036 5497 ταλαιπωρουμένοις.
2067 5427 2174 5480 Re-

589 5495 774 5567 fertur:
823 5494 979 5567 enim_
1016 5493 1167 5567 adid
1193 5493 1341 5564 quod
1392 5499 1700 5567 praecessit,
1736 5493 1906 5550 ’τοῦτο
1959 5498 2022 5567 δὴ
2059 5500 2173 5559 τοῖς

591 5562 813 5638 πολλοῖς.
838 5562 1150 5638 συμὸαῖνον,
1201 5562 1301 5638 seu
1338 5562 1538 5638 potius
1576 5566 1635 5619 τὸ
1683 5568 1897 5638 πολλοῖς
1938 5562 2171 5638 συμϐαῖ-

587 5648 698 5708 νον,
720 5634 1001 5708 utiegitur
1024 5633 1076 5708 in
1111 5633 1304 5689 codice
1337 5633 1663 5691 Fukctiauo.
1701 5635 1816 5692 [loc
1849 5647 1954 5705 est,
1993 5633 2172 5708 quem-

591 5701 877 5756 admoduni
927 5704 1194 5774 plerisque
1231 5708 1432 5760 evenire
1488 5707 1618 5760 solet
1667 5710 1757 5776 qui
1801 5701 2170 5762 calatiziiatum

594 5783 729 5824 metu
797 5777 1120 5840 cruciantur,
1177 5793 1263 5847 spe
1324 5795 1494 5832 rerum
1548 5779 1894 5836 secundarum
1941 5781 2168 5844 illectus,

2270 5356 2571 5412 Maximum
2600 5359 2656 5412 in
2689 5359 2978 5412 amicorum
3010 5375 3224 5413 numero
3261 5359 3470 5413 habuit.

2344 5429 2455 5500 (55)
2493 5428 2604 5482 Καὶ
2650 5429 2902 5482 ἐποιεῖτο
2936 5431 3068 5497 περὶ
3097 5429 3255 5500 τάδε.
3296 5429 3475 5498 Hujus
3520 5427 3628 5481 loci
3665 5440 3835 5500 veratn

2269 5495 2603 5569 scripturam
2636 5500 2874 5554 servavit
2928 5495 3104 5569 codex,
3146 5495 3396 5562 Fuketii,‘
3434 5501 3490 5552 in
3522 5503 3634 5565 quo
3662 5499 3733 5569 ita
3762 5495 3834 5569 di:

2271 5563 2419 5624 serte
2445 5569 2713 5638 scriptum
2749 5569 2932 5624 inveni
2978 5586 2991 5622 ε
3027 5568 3120 5620 καὶ
3165 5571 3412 5621 ἐπτοεῖτο
3443 5563 3573 5637 περὶ
3601 5568 3742 5621 τάδε.
3786 5563 3833 5617 ld

2268 5648 2375 5703 est,
2409 5649 2458 5692 et
2482 5656 2677 5706 garum
2713 5655 2887 5691 rerum
2919 5638 3274 5692 admiratione
3304 5638 3636 5706 capiebatur.

2343 5698 2453 5790 (δῷ)
2480 5703 2620 5790 Ὧδε
2651 5708 2718 5790 δέ
2751 5709 2906 5790 ἕκῳτς
2955 5707 3206 5790 γ’νῴμης.
3256 5698 3437 5763 Malim
3473 5709 3712 5764 scribere

2268 5778 2358 5849 δή.
2391 5778 2482 5836 Sic
2508 5780 2654 5835 enim
2680 5780 2851 5835 (ἔτιοοί
2889 5778 3036 5847 loqui
3067 5780 3267 5833 solent.
