4056 6326
222 375 347 434 1217

1158 370 1481 430 HISTORIA
1518 366 2068 426 ECCLESIASTICA.
2108 401 2177 410 —
2228 370 2357 427 LIB.
2398 370 2466 428 ν.

3311 375 3450 429 1218

219 488 376 564 ρὶων’
440 486 515 550 ὡς
570 485 628 539 δὲ
684 484 931 555 λέγουσι,
990 487 1385 557 κοινωσάμενος
1431 487 1545 548 τοῖς
1597 485 1773 538 ἐκεῖσε

1876 498 2104 553 gressus
2159 493 2401 551 aetatem,
2452 487 2768 559 promptius
2821 486 2891 542 ad
2937 488 3055 544 haec
3088 486 3244 557 ferri,
3280 504 3452 560 eaque

219 580 433 651 μάντεσι
480 574 608 644 περὶ
636 574 745 628 τῶν
788 573 907 627 κατ’
935 575 1117 629 αὐτόν,
1165 573 1689 643 Μετακαλεσάμενος
1717 572 1775 625 δὲ

209 668 365 725 αὐτὸν
407 665 617 719 ἐνθένδε
662 664 1062 731 Κωνστάντιος,
1127 665 1385 736 Καίσαρα
1433 662 1771 732 κατέστησε·

215 757 591 827 κατεγγυήσας
622 773 682 809 τε
709 755 858 826 αὐτῷ
893 755 1031 828 πρὸς
1064 756 1239 826 γάμον
1263 754 1647 809 Κωνσταντίαν
1676 752 1775 824 τὴν

214 849 372 906 αύτοῦ
411 847 646 918 ἀδελφὴν
667 847 804 918 (57),
857 848 949 900 ἐπὶ
997 847 1123 911 τοὺς
1161 846 1299 917 πρὸς
1344 845 1493 899 δύσιν
1531 843 1776 908 Γαλάτας

214 944 516 1011 πέπομφεν.
572 939 635 992 Ol
676 937 788 1009 γὰρ
830 937 1125 1010 Βάρϐαροι,
1177 937 1271 1001 οὒς
1301 938 1464 1001 αὐτὸς
1515 937 1776 1009 πρότερον

212 1030 347 1087 κατὰ
376 1027 711 1097 Μαγνεντεου
755 1025 1100 1098 ἐμισθώσατο
1141 1027 1221 1089 εἰς
1256 1025 1591 1095 συμμαχίαν,
1625 1024 1776 1079 οὐδὲν

212 1121 393 1192 ὄφελος
433 1121 513 1183 εἰς
552 1117 709 1173 τοῦτο
757 1118 1060 1188 γενόμενοι,
1108 1118 1235 1178 τοὺς
1273 1117 1525 1183 Γαλάτας
1565 1116 1771 1187 ἐδῄουν.

225 1214 371 1267 Ἐπεὶ
398 1212 455 1265 δὲ
480 1211 563 1264 ἔτι
579 1209 698 1273 νέος
725 1205 813 1280 ἦν,
836 1202 948 1274 τοῖς
974 1209 1260 1281 ἑπομένοις
1281 1209 1429 1285 αύτῷ
1454 1212 1777 1280 στρατηγοῖς

210 1304 275 1357 τά
303 1301 550 1373 πρακτέα
595 1300 882 1372 ἐπέτρεψε.
914 1300 1036 1354 Τῶν
1071 1300 1128 1353 δέ
1176 1300 1583 1372 ῥᾳθυμούντων,
1616 1300 1777 1364 αὐτὸς

208 1393 280 1457 ὡς
320 1394 447 1463 ἐνῆν
489 1393 519 1444 ὁ
544 1391 764 1462 Καῖσαρ
806 1388 901 1442 τοῦ
937 1388 1180 1460 πολέμου
1207 1388 1494 1460 προενόει·
1538 1391 1632 1443 καὶ
1651 1391 1777 1453 τοὺς

211 1482 541 1555 στρατιώτας
566 1481 1005 1554 προθυμοτέρους
1036 1482 1164 1553 περὶ
1186 1481 1285 1552 τὴν
1316 1482 1495 1553 μάχην
1516 1483 1778 1552 κατέστη-

210 1600 318 1648 σεν,
343 1582 520 1647 ἄλλως
547 1600 607 1636 τε
641 1580 1124 1652 παρακινδυνεύειν
1174 1581 1515 1652 προτρέπων,
1551 1581 1645 1635 καὶ
1683 1584 1778 1653 ρη-

205 1675 294 1730 τὸν
350 1673 543 1745 μισθὸν
608 1672 775 1737 τάξας
835 1672 1052 1743 ἑκάστῳ
1106 1672 1382 1744 βάρϐαρον
1442 1672 1770 1743 ἀναιροῦντι.

206 1766 619 1839 Κεχαρισμένος
651 1766 707 1820 δὲ
732 1768 847 1829 τοῖς
873 1764 1232 1838 στρατιώταις
1272 1765 1519 1819 ἐντεῦθεν
1552 1766 1777 1835 γενόμε-

202 1878 310 1924 νος,
358 1858 599 1928 ἐδήλωσε
637 1856 1001 1928 Κωνσταντίῳ
1037 1856 1134 1928 τὴν
1177 1855 1285 1910 τῶν
1317 1856 1637 1928 στρατηγῶν
1675 1861 1770 1928 ρᾳ-

204 1953 433 2023 στὼνην.
496 1949 913 2014 ’Δποσταλέντος
960 1949 1019 2002 δέ
1068 1947 1278 2018 ἐτέρου,
1338 1948 1626 2018 συμϐαλὼν
1667 1950 1777 2013 τοῖς

199 2046 536 2132 Βαρϐάροις,
588 2043 766 2107 καλῶς
809 2042 1035 2114 ἔπραξε.
1097 2041 1219 2095 Τῶν
1251 2041 1308 2095 δὲ
1354 2042 1482 2112 περὶ
1535 2040 1776 2097 σπονδῶν

198 2138 678 2211 πρεσϐευομένων,
736 2135 832 2189 καὶ
878 2134 1165 2198 ἐπιστολάς
1211 2133 1591 2187 Κωνσταντίου
1639 2152 1774 2206 προ-

192 2230 529 2302 ϊσχομένων,
557 2227 1034 2300 μετακαλουμένου
1068 2227 1207 2294 σφᾶς
1235 2225 1328 2278 ἐπὶ
1354 2224 1453 2296 τὴν
1493 2225 1776 2296 Ῥωμαίων

195 2326 319 2394 γῆν,
336 2321 598 2392 ἐπίτηδες
618 2319 942 2391 ἀποπέμψαι
971 2318 1208 2390 μελήσας
1227 2317 1319 2370 τὸν
1335 2316 1459 2371 τάδε
1488 2316 1777 2391 πρεσϐευό-

196 2432 377 2485 μενον,
408 2412 696 2484 ἀδοκήτως
727 2411 803 2483 τῷ
831 2411 1026 2484 πλήθει
1069 2409 1179 2465 τῶν
1208 2409 1483 2479 πολεμίων
1511 2407 1773 2474 ἐπελθὼν,

190 2506 433 2577 ἐνίκησε.
508 2504 739 2573 Λέγεται
817 2502 876 2557 δέ
928 2501 1306 2556 Κωνστάντιον
1362 2499 1777 2555 ἐπιϐουλεύοντα

186 2597 358 2668 αύτῷ,
383 2594 586 2650 τοῦτον
615 2594 902 2666 ἐπιτρέψαι
926 2594 1018 2647 τὸν
1042 2591 1295 2664 πόλεμον.
1340 2592 1495 2663 Ἐμοὶ
1519 2591 1577 2644 δέ
1605 2592 1665 2645 ού
1688 2609 1777 2645 πι-

186 2691 347 2744 θανὸν
376 2685 533 2743 εἶναι
563 2686 722 2741 τοῦτο
752 2688 917 2741 δοκεῖ.
955 2679 1026 2756 ᾯ
1058 2686 1164 2757 γὰρ
1197 2685 1324 2755 ἐξῆν
1359 2684 1495 2755 μηδὲ
1522 2681 1773 2755 Καίσαρα

180 2782 280 2853 τὴν
301 2780 496 2854 ἀρχὴ-ν
519 2780 691 2832 ποιεῖν
719 2777 902 2841 αὐτὸν,
948 2776 1001 2829 τι
1028 2777 1120 2829 καὶ⁴
1149 2774 1342 2839 ἐποίει,
1372 2773 1465 2827 καὶ
1488 2771 1586 2842 τὴν
1617 2772 1773 2827 ἀδελ-

185 2873 292 2942 φὴν
326 2872 514 2924 ἐδίδου
544 2867 808 2939 γαμετὴν,
840 2867 931 2921 καὶ
959 2866 1294 2938 μεμφομένῳ
1326 2862 1579 2934 περὶτῶν
1609 2862 1774 2935 ῥᾳθύ-

188 2980 309 3035 μων
334 2959 668 3033 στρατηγῶν
701 2959 964 3030 ὑπήκουε,
993 2958 1086 3010 καὶ
1120 2954 1403 3008 σπουδαῖον
1428 2953 1550 3008 ἀντὶ
1570 2953 1773 3008 τούτων

184 3052 603 3119 ἐξαπέστειλεν,
636 3052 784 3114 ὅπως
821 3046 1127 3119 κατορθῶσι
1172 3045 1264 3100 τὸν
1300 3044 1558 3115 πόλεμον,
1596 3046 1646 3098 ει
1698 3043 1773 3116 μὴ

1877 590 2038 645 agere
2082 578 2272 646 coepit.
2327 579 2518 634 Artem
2575 580 2766 652 igitur,
2808 581 2857 635 si
2906 595 3016 650 qua
3069 580 3162 634 illa
3191 591 3297 647 est,
3327 598 3453 651 quae

1873 682 1966 723 res
2014 668 2234 725 futuras
2290 671 2561 740 praedicit,
2609 673 2818 744 ingenti
2871 675 3239 729 admiratione
3272 677 3452 745 suspi-
3520 660 3526 666 ⁴

1875 760 2051 823 ciens,
2113 761 2347 831 ejusque
2410 763 2662 818 notitiam
2728 766 3105 820 necessariam
3170 766 3280 822 sibi
3330 782 3452 823 esse

1876 848 2240 914 existimans,
2307 853 2749 922 experimentum
2813 856 2961 925 cepit
3016 868 3203 910 earum
3267 871 3451 912 rerum

1875 953 1997 1009 quae
2044 939 2381 999 Christianis
2434 944 2740 1000 interdictae
2785 953 2937 1002 sunt.
2987 945 3065 999 Ex
3095 961 3161 1001 eo
3206 954 3451 1015 tempore

1875 1046 1971 1087 eos
2018 1034 2109 1102 qui
2161 1042 2334 1089 artem
2387 1035 2549 1091 istam
2609 1037 3002 1105 profiterentur
3047 1039 3101 1093 in
3147 1040 3450 1093 amicorum

1875 1124 2070 1180 habuit
2097 1141 2351 1181 numero.
2376 1126 2511 1182 Cum
2545 1130 2716 1199 igitur
2745 1145 2811 1186 eo
2839 1108 3026 1189 animo
3058 1139 3228 1195 esset,
3254 1131 3452 1185 relicta

1875 1216 2195 1274 Nicomedia
2251 1220 2309 1274 in
2358 1221 2546 1276 Asiam
2604 1223 2869 1291 perrexit,
2918 1229 2968 1277 et
3022 1238 3142 1277 cum
3177 1222 3452 1293 ejusmodi

1874 1311 2011 1366 viris
2060 1311 2176 1366 illic
2227 1326 2588 1383 congressus,
2640 1314 2957 1369 ardentiore
3019 1314 3206 1368 studio
3259 1314 3312 1366 in
3355 1328 3450 1368 eas

1877 1408 2025 1457 artes
2067 1402 2339 1458 incubuit.
2377 1405 2646 1459 Caeterum
2688 1420 2810 1458 cum
2856 1405 3025 1458 frater
3056 1406 3229 1474 ipsius
3262 1405 3450 1460 Callus

1877 1492 2081 1559 Caesar,
2135 1508 2225 1549 res
2247 1509 2422 1550 novas
2466 1494 2644 1548 moliri
2675 1495 2913 1560 delatus,
2948 1510 3179 1565 eamque
3211 1496 3278 1550 ob
3315 1511 3449 1550 cau—

1878 1600 1994 1641 sam
2051 1584 2380 1641 interfectus
2435 1586 2655 1652 fuisset,
2720 1586 3038 1655 suspicatus
3087 1585 3450 1642 Constantius

1876 1675 2160 1751 Iulianum
2188 1693 2411 1748 quoque
2436 1678 2745 1747 imperandi
2770 1677 3075 1746 cupiditate
3103 1677 3316 1743 ardere,
3345 1679 3449 1734 sub

1877 1774 2127 1829 custodia
2181 1790 2306 1830 eum
2358 1775 2556 1829 tenuit.
2595 1774 2796 1830 Verum
2849 1790 2975 1830 cum
3030 1775 3265 1832 Eusebia
3309 1793 3450 1833 uxor

1877 1863 2186 1920 Constantii
2238 1880 2340 1936 pro
2390 1866 2487 1921 illo
2531 1865 2827 1936 deprecata
2867 1873 3038 1929 esset.
3073 1866 3195 1936 ipse
3230 1868 3385 1923 venia
3417 1882 3449 1921 a

1877 1954 2209 2010 Constantio
2266 1955 2559 2026 impetrata
2595 1997 2610 2022 ,
2666 1955 2915 2012 Athenas
2976 1957 3259 2026 profectus
3321 1966 3446 2013 est:

1877 2045 2061 2116 specie
2092 2046 2343 2116 quidem,
2390 2056 2451 2102 ut
2478 2048 2697 2104 Graecas
2733 2049 3058 2119 disciplinas
3093 2050 3446 2120 perdisceret,

1878 2146 1931 2190 et
1981 2136 2201 2192 scholas
2250 2136 2628 2208 frequentaret
2665 2156 2680 2193 :
2720 2154 2781 2195 re
2818 2155 2948 2195 vera
2978 2151 3181 2206 tamen,
3216 2150 3276 2197 ut
3300 2152 3450 2198 vates

1877 2224 1992 2281 illic
2040 2227 2302 2297 degentes
2348 2227 2415 2283 de
2465 2228 2638 2286 rebus
2688 2230 2807 2286 suis
2859 2233 3191 2289 consuleret.
3247 2232 3449 2289 Verum

1875 2315 2041 2385 paulo
2078 2325 2200 2386 post
2235 2316 2596 2375 Constantius
2627 2335 2754 2375 eum
2779 2321 2909 2375 inde
2966 2323 3300 2378 accersitum
3332 2324 3451 2380 Cae-

1876 2418 2058 2460 sarem
2114 2407 2501 2462 renuntiavit:
2551 2409 2945 2480 desponsaque
3012 2413 3063 2466 ei
3123 2412 3451 2469 Constantia

1876 2511 2071 2553 sorore
2112 2512 2235 2563 sua,
2269 2512 2394 2553 eum
2439 2498 2496 2553 in
2540 2499 2746 2557 Gallias
2775 2502 2946 2558 misit.
2978 2502 3193 2563 Etenim
3223 2504 3450 2560 barbari

1876 2605 2016 2660 quos
2046 2589 2163 2660 ipse
2196 2590 2361 2660 paulo
2395 2597 2555 2647 antea
2598 2591 2668 2645 ad
2711 2592 2979 2647 auxilium
3014 2593 3122 2648 sibi
3158 2593 3447 2650 ferendum

1876 2689 2071 2736 contra
2131 2679 2502 2751 Magnentium
2563 2682 2820 2737 mercede
2879 2683 3263 2753 conduxerat,
3322 2701 3449 2741 cum

1874 2773 2088 2829 nullum
2132 2773 2218 2828 sui
2276 2788 2436 2828 usum
2485 2775 2541 2827 in
2566 2788 2630 2829 eo
2666 2774 2811 2830 bello
2844 2776 3231 2844 praebuissent,
3262 2777 3449 2832 Gallos

1874 2863 2304 2935 populabantur.
2336 2863 2402 2917 Et
2423 2865 2685 2934 quoniam
2713 2863 2969 2922 Julianus
3000 2866 3181 2921 adhuc
3225 2866 3448 2938 juvenis

1874 2963 2014 3018 erat,
2048 2952 2283 3009 ducibus
2333 2954 2515 3024 ipsum
2568 2956 2966 3012 comitantibus
3018 2973 3204 3013 rerum
3259 2973 3449 3013 curam

1876 3045 2157 3102 commisit
2185 3043 2565 3101 Constantius.
2595 3045 2701 3112 Qui
2747 3048 2878 3102 dum
2929 3048 3155 3118 segnius
3200 3058 3447 3120 agerent,

182 3147 340 3216 φίλος
370 3145 680 3215 ἐτύγχανεν
704 3160 719 3208 ;
751 3140 864 3196 ἀλλ’
889 3140 964 3204 ὡς
999 3138 1314 3210 συμϐάλλω,
1344 3137 1444 3209 τὴν
1474 3137 1572 3209 μὲν
1598 3135 1771 3210 ἀρχὴν

1876 3137 2113 3208 ipsemet
2146 3134 2333 3190 Caesar
2360 3150 2462 3206 pro
2509 3136 2658 3191 virili
2696 3145 2855 3207 parte
2878 3139 3008 3193 belli
3029 3153 3222 3194 curam
3256 3154 3448 3195 susce-

181 3238 378 3301 εὖνους
406 3236 487 3291 ὢν
517 3234 670 3306 αύτῷ
692 3231 1088 3295 Κωνστάντιος,
1118 3230 1373 3300 Καίσαρα
1404 3228 1736 3298 κατέστησεν
1757 3245 1770 3258 ⁸

182 3331 303 3385 ἐπεὶ
337 3330 399 3384 δέ
453 3327 616 3397 παρὰ
656 3325 885 3395 γνώμην
912 3319 1077 3376 αὐτοῦ
1116 3319 1376 3381 σεϐαστδς
1405 3317 1774 3388 ἀνεκηρύχθη,

173 3422 209 3491 ἢ
238 3417 435 3481 δεδιὼς
465 3415 592 3472 ἀνθ’
622 3408 697 3469 ὧν
730 3413 891 3466 αὐτὸν
927 3411 1021 3466 καὶ
1046 3411 1137 3464 τὸν
1165 3408 1393 3478 ἀδελφὸν
1427 3407 1578 3471 νέους
1618 3407 1777 3471 ὄντας

174 3511 475 3580 ἠδίκησεν,
517 3507 555 3579 ἢ
605 3504 836 3575 φθονῶν,
875 3503 949 3567 ὡς
992 3502 1160 3565 εἰκὸς,
1193 3500 1287 3554 ἐπὶ
1330 3502 1395 3571 τῇ
1430 3498 1591 3571 ὁμοία
1618 3500 1773 3569 τιμῇ,

171 3601 560 3655 ἐπεϐούλευεν
595 3594 743 3666 αὐτῷ
777 3593 864 3648 διὰ
904 3592 1012 3647 τῶν
1043 3591 1178 3663 πρὸς
1218 3591 1309 3643 τὸν
1350 3589 1540 3660 Ῥῆνον
1570 3587 1777 3659 βαρϐά-

170 3711 305 3766 ρων.
355 3692 531 3746 Ἀλλά
555 3689 683 3744 τάδε
719 3688 815 3758 μὲν
848 3684 1027 3747 ἄλλοις
1061 3683 1233 3747 ἄλλως
1257 3682 1423 3737 δοκεῖ.

1872 3231 1955 3303 pit
1987 3248 2000 3285 :
2037 3237 2093 3285 et
2121 3228 2323 3284 milites
2369 3227 2439 3283 ad
2467 3228 2827 3298 pugnandum
2861 3230 3159 3286 alacriores
3186 3230 3446 3293 reddidit,

1870 3330 1988 3377 tum
2038 3322 2164 3377 aliis
2214 3321 2396 3376 modis
2450 3320 2609 3390 182
2647 3333 2745 3375 eos
2778 3319 3063 3389 incitando
3095 3328 3155 3374 ut
3182 3320 3447 3390 pericu-lis

1872 3431 1996 3473 sese
2040 3414 2371 3485 objicerent,
2430 3421 2547 3467 tum
2588 3421 2742 3468 certa
2788 3413 3044 3468 mercede
3091 3413 3374 3483 proposita
3395 3413 3446 3468 ei

1872 3508 1970 3578 qui
1993 3505 2288 3562 barbarum
2338 3501 2733 3559 interfecisset.
2774 3502 2950 3569 Quam
2986 3503 3059 3559 ob
3098 3518 3323 3559 causam
3351 3517 3446 3559 ac-

1872 3605 2062 3666 ceptus
2109 3595 2385 3649 militibus
2434 3593 2640 3649 ducum
2690 3609 2916 3650 suorum
2981 3594 3250 3651 desidiam
3290 3594 3436 3651 Con-

1876 3686 2078 3743 stantio
2119 3701 2217 3757 per
2262 3687 2478 3741 litteras
2541 3684 2830 3740 indicavit.
2875 3685 3063 3742 Altero
3117 3686 3287 3758 igitur
3324 3701 3451 3741 ma~

165 3787 348 3856 gistro
387 3783 649 3837 militum
690 3778 881 3842 misso,
917 3789 1048 3829 cum
1105 3772 1359 3828 barbaris
1411 3787 1763 3845 congressus,
1801 3791 1917 3832 rem
1961 3776 2196 3833 feliciter
2246 3777 2446 3847 gessit.
2489 3776 2741 3848 Cumque
2787 3777 2869 3832 illi
2908 3777 3117 3849 legatos
3180 3778 3246 3834 de
3313 3794 3448 3850 pace

168 3877 499 3938 misissent,
538 3878 617 3925 'et
649 3870 903 3941 {litteras
956 3864 1313 3922 ostenderent
1374 3863 1711 3934 Constantii,
1776 3868 1980 3937 quibus
2034 3871 2188 3939 ipsos
2238 3870 2297 3923 in
2346 3869 2725 3925 Romanorum
2784 3866 3049 3926 ditionem
3094 3883 3446 3939 evocaverat,

120 4012 125 4021 .
162 3969 287 4039 ipse
343 3968 618 4036 legatum
668 3959 765 4031 qui
806 3973 871 4014 ea
908 3956 977 4013 de
1023 3972 1086 4013 re
1130 3962 1378 4021 venerat,
1428 3955 1818 4014 dimittere'de
1855 3960 2130 4016 industria
2178 3968 2492 4026 cunctatus,
2533 3976 2788 4032 magnam
2834 3961 3076 4016 hostium
3138 3963 3448 4019 multitudi-

161 4074 294 4113 nem
338 4057 657 4127 inopinato
711 4051 942 4107 adortus
982 4048 1207 4106 devicit.
1239 4049 1412 4104 Aiunt
1440 4064 1610 4120 porro
1639 4049 2031 4108 Constantium
2072 4053 2305 4109 insidias
2340 4052 2563 4108 Juliano
2632 4060 2961 4117 struentem,
3030 4053 3231 4107 bellum
3298 4054 3446 4112 istud

158 4157 208 4210 ei
252 4152 595 4225 gerendum
641 4143 990 4201 commisisse
1037 4157 1052 4195 :
1101 4139 1248 4211 quod
1298 4148 1484 4196 tamen
1537 4140 1676 4195 mihi
1736 4158 2086 4213 nequaquam
2146 4142 2368 4198 videtur
2434 4141 2743 4212 probabile.
2800 4140 2937 4196 Nam
2982 4156 3108 4197 cum
3156 4143 3209 4198 ei
3255 4144 3447 4203 liceret

156 4247 320 4301 illum
396 4257 475 4298 ne
537 4239 819 4295 Caesarem
878 4232 1098 4305 quidem
1156 4230 1319 4287 initio
1371 4230 1577 4296 facere,
1634 4232 1771 4301 quid
1804 4249 1988 4290 causa:
2040 4239 2126 4291 est
2184 4247 2286 4288 cur
2334 4231 2550 4299 fecerit,
2605 4246 2707 4287 cur
2744 4246 2989 4288 sororem
3020 4247 3176 4289 suam
3240 4234 3320 4289 illi
3354 4237 3447 4293 rin

165 4332 629 4395 matrimonium
676 4327 909 4391 dederit,
947 4340 1051 4380 cur
1084 4323 1152 4379 de
1184 4322 1386 4378 ducum
1448 4321 1659 4378 desidia
1728 4324 2085 4394 conquerenti
2149 4336 2360 4377 morem
2417 4321 2673 4392 gesserit,
2732 4330 2787 4377 et
2853 4336 3046 4377 eorum
3099 4323 3223 4379 loco
3275 4323 3443 4379 alium

151 4440 472 4486 strenuum
504 4421 733 4478 miserit
776 4425 836 4474 ut
864 4415 1156 4472 victoriam
1180 4415 1248 4470 de
1284 4412 1537 4468 hostibus
1571 4421 1904 4484 reportaret,
1938 4415 2047 4471 nisi
2074 4415 2340 4470 benevolo
2367 4428 2495 4485 erga
2560 4413 2715 4468 illum
2770 4413 2953 4467 animo
3022 4412 3251 4471 affectus
3307 4416 3444 4471 fuis-

148 4520 292 4576 set?
330 4515 590 4581 Verum,
638 4521 699 4566 ut
750 4508 1003 4580 equidem
1055 4503 1333 4575 conjicio,
1374 4503 1538 4558 initio
1607 4503 1827 4574 quidem
1881 4506 2244 4562 Constantius
2299 4520 2425 4560 cum
2482 4519 2607 4560 eum
2662 4504 2927 4560 benevole
2973 4505 3441 4575 complecteretur,

149 4612 447 4666 Caesarem
503 4580 878 4672 nuncupavit.
916 4597 1024 4654 Sed
1052 4604 1347 4669 postquam
1381 4604 1581 4666 praeter
1612 4595 1783 4666 ipsius
1820 4598 2148 4653 sententiam
2182 4598 2462 4668 Augustus
2491 4595 2843 4653 renuntiatus
2885 4604 3068 4662 esset;
3148 4580 3244 4653 seu
3271 4606 3440 4664 metu,

151 4722 223 4764 eo
265 4706 433 4777 quod
498 4704 698 4773 ipsum
729 4714 794 4752 ae
826 4697 1048 4752 fratrem
1078 4693 1260 4749 adhuc
1287 4690 1669 4748 adolescentes
1700 4692 1906 4763 injuria
1938 4693 2197 4751 affecerat
2226 4712 2241 4762 ;
2308 4709 2408 4751 seu
2471 4692 2704 4759 invidia,
2742 4699 2804 4748 ut
2853 4692 3090 4759 videtur,
3143 4694 3438 4764 impulsus,

145 4815 217 4855 eo
259 4796 428 4868 quod
470 4806 686 4865 parem
739 4788 845 4858 ipsi
896 4785 1125 4841 honoris
1171 4783 1404 4852 gradum
1456 4794 1789 4842 consecutus
1837 4794 2004 4849 esset,
2050 4785 2412 4842 barbarorum
2470 4784 2564 4857 qui
2618 4783 2873 4839 Rhenum
2924 4783 3177 4839 accolunt
3243 4800 3433 4856 opera,

140 4892 399 4949 insidias
450 4887 508 4942 ei
572 4879 938 4952 comparavit.
988 4874 1201 4932 Verum
1253 4872 1321 4929 de
1364 4873 1452 4931 his
1483 4876 1651 4931 rebus
1691 4876 1786 4930 alii
1825 4876 1983 4932 aliter
2016 4876 2283 4933 sentiunt.

802 4971 1031 5028 ΚΕΦΑΛ
1042 5010 1055 5024 .
1085 4971 1161 5025 1".
1800 4973 1845 5027 D

134 5076 265 5130 Ὅτι
333 5069 682 5134 καταστὰς
735 5070 821 5130 εις
872 5065 987 5132 τὴν
1037 5063 1363 5134 ,βασιλείαν
1424 5062 1763 5134 Ἰουλᾲιανρς,

204 5145 421 5215 ἠρέμα
471 5158 620 5215 πως
659 5130 736 5215 τὰ
774 5135 890 5215 τῶῂ
909 5130 1288 5215 Χριστιανῶν
1313 5131 1622 5215 ἀνακινεῖν
1659 5130 1765 5215 ἥρ-

204 5200 401 5281 garb,
456 5200 735 5265 καίων
789 5200 1190 5273 Ἑλλήνισμὸν
1230 5200 1596 5271 τεχνηέντως
1642 5204 1767 5255 εἱσ-

201 5288 477 5430 ᾴὲῗτῖεῖιοδὲ
514 5348 802 5443 μόνοςδείς
832 5368 932 5439 τὴν
955 5364 1227 5437 βασιλείαν
1261 5362 1520 5432 κατέστη,
1545 5347 1637 5414 καὶ
1664 5344 1767 5415 ἀνά

120 5472 229 5543 τὴν
256 5471 384 5524 "Em
422 5467 571 5528 τοὺς
619 5460 971 5530 Ἑλληνικοὺς
1004 5457 1164 5518 ναοὺς
1213 5452 1440 5524 ἀνέῳξε,
1496 5453 1590 5505 καὶ
1639 5453 1768 5514 τοὺς

2446 4969 2462 5034 ξ
2515 4964 2668 5024 CAP.
2703 4963 2790 5020 Ill.

1874 5063 2147 5130 Quomodo
2184 5060 2436 5115 Julianus
2497 5059 2576 5130 adq
2603 5058 2878 5130 imperium
2913 5065 3240 5130 evectusres
3284 5057 3439 5111 Chri-

1941 5136 2237 5187 stianorum
2274 5130 2469 5184 sensim
2500 5128 2844 5197 labefactare,
2876 5135 2925 5180 et
2960 5126 3233 5197 gentilium
3260 5142 3439 5194 super-

1942 5203 2209 5257 stitionem
2231 5198 2423 5254 callide
2443 5199 2748 5253 instaurare
2775 5198 2947 5266 coepit.

1950 5356 2054 5411 Ubi
2107 5368 2237 5409 vero
2286 5352 2438 5407 solus
2465 5350 2698 5422 imperio
2726 5352 2934 5422 potitus
2965 5357 3073 5416 est,
3106 5349 3161 5403 in
3194 5349 3435 5404 Orientis

1875 5459 2097 5518 quoque
2143 5442 2394 5512 partibus
2442 5440 2727 5511 gentilium
2764 5439 2963 5510 templa
3001 5439 3234 5508 aperuit.
3279 5439 3341 5490 Et
3374 5454 3436 5491 ea

1384 5618 1656 5674 VALESII
1688 5613 2239 5672 ANNOTATIONES.

201 5724 340 5795 (57)_
364 5710 998 5795 Ktora'tfzft/av‘thr.
1038 5711 1222 5791 αὐτοῦ
1258 5710 1579 5795 ἀδελξινήίιλδ,Δ
1604 5707 1762 5795 llele:

1876 5705 2113 5759 Caesaris
2157 5702 2380 5795 Julia‘ni.
2430 5698 2753 5795 Colnsllantli‘a
2785 5711 2912 5776 vero
2942 5687 3433 5795 ejus'dielln‘llil‘elienae

121 5757 553 5851 ηεῗιῖᾝίέἕῖζ
916 5757 1213 5837 “SMU-enini
1260 5757 1760 5835 -ίιξοτ
1874 5757 2050 5841 soror,
2093 5757 2257 5843 nupta
2296 5773 2470 5839 fuerat
2498 5769 2654 5829 Gallo
2686 5765 2908 5823 Caesari,
2947 5757 3103 5814 fratri
3135 5757 3359 5809 Iuliani.
