4056 6326
293 390 429 450 1221

1299 394 1624 451 HISTORIA
1662 394 2216 454 ECCLESIASTICA.
2257 427 2325 435 —
2364 396 2492 451 LIB.
2534 395 2596 451 Υ.

3407 408 3547 466 1222

287 511 698 587 πρεσϐευόντων
733 512 860 583 περὶ
897 512 1004 566 τῶν
1046 513 1381 579 λυπούντων,
1427 516 1525 580 τὰς
1569 517 1864 587 πρεσϐείας

1968 525 2217 588 peterent
2254 515 2524 588 quidquid
2553 516 2748 571 donari
2779 516 2883 573 sibi
2904 519 3124 576 vellent.
3146 520 3546 595 lllasvcroqum

285 606 592 676 δεχόμενος.
657 603 953 674 Ἀμέλειτοι
989 604 1457 675 προσδοκωμένων
1489 608 1609 661 τότε
1640 609 1865 680 Περσῶν

287 695 698 767 ἐπιστρατεύειν
747 695 1205 766 πρεσϐευομένοις
1242 690 1370 770 περὶ
1408 697 1596 752 τούτου
1636 700 1867 770 Νισιϐη-

286 789 416 849 νοῖς,
453 785 528 848 ὡς
571 784 849 848 παντελῶς
891 786 1361 857 Χριστιανίζουσι,
1409 791 1501 841 καὶ
1547 790 1687 859 μήτε
1740 791 1867 854 τοὺς

286 875 447 937 ναοὺς
477 873 774 941 ἀνοίγουσι,
797 875 933 944 μήτε
957 877 1036 938 είς
1063 878 1131 929 τὰ
1158 876 1278 947 ίερὰ
1302 876 1576 946 φοιτῶσιν,
1603 880 1865 950 ἠπείλησε

290 965 365 1035 μὴ
381 962 612 1033 βοηθεῖν,
645 963 783 1033 μήτε
800 962 1097 1033 πρεσϐείαν
1116 963 1387 1034 δέχεσθαι,
1409 965 1503 1019 καὶ
1531 966 1607 1029 ὡς
1637 967 1864 1034 ἐναγοῦς

286 1056 385 1123 τῆς
417 1053 597 1107 αὐτῶν
642 1053 847 1116 πόλεως
883 1053 957 1124 μὴ
988 1054 1343 1125 ἐπιϐήσεσθαι
1376 1055 1661 1127 πρότερον,
1709 1059 1759 1110 εί
1790 1058 1864 1127 μὴ

287 1146 511 1199 πύθοιτο
534 1148 614 1209 είς
656 1144 1006 1216 Ἐλληνισμδν
1033 1146 1454 1216 μεταϐαλόντας.
1497 1149 1865 1220 Παραπλήσια

288 1236 346 1288 δὲ
372 1237 466 1290 καὶ
500 1238 612 1300 τοῖς
650 1238 708 1290 ὲν
738 1236 1066 1311 Παλαιστίνῃ
1095 1237 1564 1293 Κωνστὰντιεῦσιν
1592 1240 1863 1307 ἐγκαλῶν,

295 1330 618 1401 προσένειμε
665 1330 919 1393 Γαζαίοις
948 1331 1049 1399 τὴν
1088 1331 1270 1401 αὐτῶν
1303 1331 1477 1385 πόλιν.
1507 1331 1724 1403 Ταύτην
1757 1332 1865 1403 γὰρ

288 1422 385 1493 τὴν
418 1422 820 1483 Κωνσταντίαν,
849 1422 921 1485 ὡς
947 1424 1010 1475 ὲκ
1037 1421 1144 1475 τῶν
1172 1423 1408 1494 πρόσθεν
1440 1424 1707 1495 ἔγνωμεν,
1741 1425 1863 1479 ὲπί-

289 1529 429 1565 νειον
467 1510 715 1574 Γαζαίων
742 1506 912 1565 οὖσαν
940 1514 1034 1565 καὶ
1059 1514 1350 1582 Μαῖουμᾶν
1388 1514 1865 1585 προσαγορευομέ-

289 1621 406 1673 νην,
438 1602 621 1672 μαθὼν
654 1603 1057 1667 Κωνσταντῖνος
1101 1605 1157 1666 ὲς
1190 1605 1261 1656 τὰ
1306 1604 1540 1674 μάλιστα
1590 1605 1690 1677 τὴν
1725 1606 1863 1676 Χρι-

290 1695 521 1748 στιανῶν
537 1693 833 1764 θρησκείαν
854 1694 1200 1765 πρεσϐεύειν,
1222 1696 1349 1767 ἀξίᾳ
1383 1696 1591 1759 πόλεως
1610 1695 1859 1767 ἐτίμησε,

289 1792 383 1845 καὶ
411 1791 775 1861 Κωνσταντίῳ
806 1790 883 1861 τῷ
912 1791 1063 1843 παιδὶ
1088 1791 1428 1861 ἐπωνόμασε,
1464 1791 1557 1844 καὶ
1587 1790 1713 1845 καθ’
1737 1793 1862 1845 ἑαυ-

1966 610 2332 664 Christianam
2346 608 2666 678 religionem
2683 608 3132 680 eolerent,palam
3147 616 3505 671 aversabatur
3525 634 3541 673 :

1965 713 2065 753 nec
2083 700 2202 769 ipse
2212 714 2309 753 eas
2325 698 2477 753 adire
2490 698 2901 765 sustinens,nec
2919 700 3124 770 legatos
3139 715 3327 757 earum
3345 706 3545 761 admit-

1966 796 2109 851 tens,
2144 790 2189 843 si
2210 788 2435 860 quando
2451 789 2518 844 de
2536 789 2902 846 incommodis
2921 793 3037 847 suis
3048 805 3539 859 conquererentur.

1967 880 2213 951 Denique
2232 897 2355 936 cum
2373 881 2661 936 Persarum
2682 883 2914 954 irruptio
2927 898 2992 938 eo
3005 892 3249 956 tempore
3260 899 3546 957 exspecta~

1964 982 2140 1036 retur,
2164 971 2440 1028 Nisibenis
2468 972 2564 1041 qui
2597 973 2806 1043 legatos
2829 987 2893 1028 ea
2925 972 2993 1029 de
3012 990 3067 1030 re
3096 975 3163 1030 ad
3181 977 3358 1047 ipsum
3377 980 3545 1036 mise-

1965 1070 2112 1126 rant,
2131 1079 2196 1117 eo
2209 1064 2357 1133 quod
2374 1064 2674 1119 Christiani
2691 1078 2885 1121 omnes
2898 1074 3180 1132 essent,ac
3198 1085 3374 1141 neque
3404 1078 3542 1126 tem-

1964 1155 2053 1226 pla
2078 1154 2304 1210 deorum
2325 1156 2802 1226 aperirent,neque
2816 1157 2883 1212 ad
2898 1173 3057 1214 sacra
3070 1160 3415 1229 accederent,
3441 1164 3542 1217 mi-

1964 1255 2128 1302 natus
2140 1256 2223 1302 est
2235 1263 2294 1304 se
2308 1263 2409 1303 nec
2421 1262 2578 1318 opem
2596 1249 2857 1315 laturum,
2878 1264 2978 1305 nec
2994 1250 3319 1321 legationem
3339 1253 3544 1308 admis-

1964 1354 2155 1395 surum
2169 1353 2311 1402 esse,
2326 1353 2426 1393 nec
2443 1339 2498 1393 in
2514 1340 2757 1409 ipsorum
2774 1342 2985 1404 urbem,
2999 1346 3538 1412 utpotesccleratam,

1963 1435 2152 1505 pedem
2188 1435 2345 1504 prius
2380 1434 2681 1499 illaturum,
2715 1451 2880 1504 quam
2902 1436 3050 1506 ipsos
3070 1436 3133 1491 ad
3154 1437 3435 1507 gentilium
3455 1453 3542 1492 re—

1964 1527 2219 1598 ligionem
2238 1542 2295 1582 se
2313 1528 2666 1582 transtulisse
2684 1526 2992 1583 didicisset.
3011 1527 3540 1595 Constantieusibus

1964 1634 2186 1689 quoque
2221 1619 2273 1673 in
2301 1617 2593 1673 Palaestina
2617 1617 2758 1673 idem
2782 1620 2988 1674 crimen
3022 1620 3315 1689 ohjiciens,
3348 1620 3539 1676 urbem

1962 1727 2152 1768 eorum
2211 1711 2420 1767 Gazmis
2448 1710 2762 1765 contribuit.
2808 1709 2960 1765 lianc
2986 1712 3134 1766 enim
3170 1712 3365 1766 urbem
3404 1710 3545 1766 Con-

1963 1804 2248 1870 stantiam,
2302 1803 2383 1858 uti
2429 1818 2596 1872 supra
2644 1802 2954 1866 retulimus,
2990 1817 3113 1856 cum
3168 1804 3362 1857 navale
3396 1811 3545 1859 esset

286 1885 385 1957 τὴν
455 1883 833 1938 πολιτεύεσθαι
896 1883 1179 1949 διετάξατο
1207 1901 1219 1913 ⁸
1273 1884 1630 1954 λογισάμενος
1678 1885 1860 1942 ἄδικον

1966 1895 2306 1962 Gazzeorum,
2338 1904 2392 1950 et
2436 1894 2671 1950 Maiuma
2726 1895 2880 1966 prius
2931 1894 3227 1961 diceretur,
3271 1893 3546 1951 Constan-

287 1971 448 2036 εἶναι,
486 1974 662 2027 τελεῖν
705 1972 811 2026 ὑπὸ
850 1969 1200 2036 Γαζαίοιςές
1258 1973 1396 2042 ἄγαν
1444 1973 1857 2045 Ἑλληνίζουσιν.

302 2065 454 2119 Ἐπεὶ
469 2064 524 2117 δὲ
551 2066 630 2127 εἰς
650 2062 747 2134 τὴν
774 2062 1048 2133 βασιλείαν
1072 2063 1348 2134 παρῆλθεν
1382 2063 1687 2129 Ἰουλιανὸς,
1706 2064 1862 2135 δίκην

289 2154 478 2224 ἔλαχον
504 2154 553 2206 οἱ
567 2152 788 2216 Γαζαῖοι
807 2156 918 2215 τοῖς
939 2152 1399 2207 Κωνσταντιεῢσι.
1436 2154 1547 2209 Καὶ
1600 2155 1863 2227 δικαστὴς

287 2245 518 2308 καθίσας
546 2245 730 2308 αὐτὸς,
767 2242 1093 2314 προσένειμε
1138 2244 1286 2317 Γάζῃ
1326 2246 1427 2315 τὴν
1449 2247 1859 2308 Κωνσταντίαν,

287 2335 428 2405 ἀμφὶ
453 2335 579 2397 τοὺς
606 2334 779 2388 εἴκοσι
806 2334 1049 2397 σταδίους
1074 2334 1401 2390 διεστῶσαν·
1428 2338 1521 2389 καὶ
1543 2337 1602 2390 τὸ
1633 2337 1691 2404 ἐξ
1720 2338 1862 2391 ὲκεί-

287 2446 377 2481 νου
408 2428 509 2497 τῆς
554 2426 826 2499 προτέρας
859 2426 1214 2497 ἀφαιρεθεῖσα
1262 2429 1652 2500 προσηγορίας,
1682 2447 1862 2501 παρα-

287 2520 571 2574 θαλάττιον
632 2518 796 2589 μέρος
837 2519 935 2587 τῆς
978 2518 1223 2583 Γαζαίων
1269 2521 1476 2585 πόλεως
1520 2522 1859 2593 ὀνομάζεται,

288 2613 470 2683 Κοινοὶ
484 2611 537 2666 δὲ
559 2612 740 2675 αὐτοῖς
760 2611 1020 2666 πολιτικοὶ
1034 2611 1312 2683 ἄρχοντες,
1331 2613 1423 2666 καὶ
1437 2630 1497 2665 στ
1504 2613 1729 2684 ρατηγοὶ
1749 2613 1861 2683 (64)

288 2707 383 2759 καὶ
427 2703 497 2757 τὰ
545 2704 780 2775 δημόσια
811 2704 1135 2776 πράγματα.
1198 2704 1353 2759 Μὸνα
1407 2704 1465 2758 δὲ
1503 2704 1573 2758 τὰ
1606 2705 1733 2775 περὶ
1763 2705 1863 2776 τὴν

302 2794 626 2866 Ἐκκλησίαν
673 2795 841 2848 εἰσέτι
888 2797 983 2850 καὶ
1026 2794 1121 2849 νῦν
1172 2795 1265 2849 δύο
1319 2796 1504 2860 πόλεις
1554 2797 1857 2851 δείκνυσιν

289 2883 526 2953 ἑκατέρα
562 2885 668 2956 γὰρ
711 2885 816 2955 ίδίᾳ
866 2883 1162 2939 ἐπίσκοπον
1210 2885 1306 2939 καὶ
1355 2885 1554 2957 κλῆρον
1603 2887 1737 2956 ἔχει,
1768 2887 1862 2940 καὶ

289 2976 623 3048 πανηγύρεις
659 2976 971 3049 μαρτύρων,
1017 2977 1111 3030 καὶ
1140 2976 1329 3047 μνείας
1373 2975 1482 3030 τῶν
1518 2981 1647 3048 παρ’
1677 2980 1862 3042 αὐτοῖς

288 3068 593 3138 γενομένων
622 3069 831 3139 ἱερέων,
874 3069 970 3122 καὶ
1011 3069 1170 3140 ὄρους
1207 3067 1317 3122 τῶν
1353 3067 1515 3139 πέριξ
1548 3068 1753 3138 ἀγρῶν,
1782 3063 1863 3132 οἷς

288 3159 357 3210 τὰ
397 3157 666 3228 ἀνήκοντα
695 3157 939 3229 ἑκατέρᾳ
982 3159 1255 3228 ἐπισκοπῇ
1293 3158 1651 3229 θυσιαστήρια
1698 3157 1860 3228 διορί-

288 3251 460 3314 ζεται.
522 3250 642 3303 Τῶν
686 3246 779 3304 οὖν
809 3250 929 3304 καθ’
957 3252 1102 3321 ἡμᾶς
1139 3250 1455 3303 ἐπισκόπων
1502 3266 1588 3312 τις
1635 3251 1733 3319 τῆς
1758 3251 1862 3302 Γα-

290 3340 457 3405 ζαίων
497 3342 725 3407 πόλεως,
756 3341 1202 3413 τετελευτηκότος
1248 3341 1344 3396 τοῦ
1376 3341 1715 3413 προεστῶτος
1760 3341 1862 3412 τῆς

289 3430 644 3500 Μαῖουμιτῶν
674 3431 1017 3501 Ἐκκλησίας,
1033 3430 1362 3484 ἐσπούδασεν
1374 3430 1714 3502 ἀμφοτέρους
1738 3429 1863 3493 τοὺς

290 3523 524 3593 κλήρους
550 3522 638 3592 ὑφ’
666 3523 858 3576 ἑαυτὸν
873 3523 1116 3593 ποιῆσαι,
1141 3522 1217 3594 μὴ
1250 3522 1467 3593 θεμιτὸν
1501 3519 1638 3576 εἶναι
1665 3522 1860 3591 λέγων,

292 3616 420 3686 μιᾶς
434 3614 640 3677 πόλεως
658 3614 749 3668 δύο
768 3615 1098 3678 ἐπισκόπους
1115 3615 1461 3685 προεστάναι.
1481 3612 1865 3667 Ἀντειπόντων

288 3704 345 3757 δὲ
385 3704 492 3758 τῶν
526 3704 918 3777 Μαῖουμητῶν,
959 3705 1153 3773 διέγνω
1191 3704 1360 3776 ήιτοῦ
1405 3705 1588 3767 ἔθνους
1626 3702 1863 3767 σύνοδος,

289 3795 384 3849 καὶ
407 3795 592 3866 ἓτερον
621 3796 1026 3868 ἐχειροτόνησεν
1055 3798 1352 3849 ἐπίσκοπον
1374 3812 1388 3825 ι
1413 3795 1646 3860 ,πάντως
1693 3810 1865 3865 προσι·

290 3889 444 3958 ήκειν
469 3887 832 3954 δοκιμάσασα,
857 3888 983 3952 τοὺς
1012 3888 1080 3941 δι’
1100 3887 1383 3941 εὐσέϐειαν
1411 3885 1633 3940 δικαίων
1661 3885 1866 3949 πόλεως

288 3978 655 4044 ἀξιωθέντας,
715 3978 803 4032 διὰ
847 3979 905 4032 δὲ
959 3980 1141 4051 κρίσιν
1203 3976 1545 4049 Ἑλληνιστοῦ
1602 3975 1867 4047 βασιλέως

248 4088 253 4091 '
289 4068 463 4135 ἄλλως
501 4070 832 4142 πράξαντας,
868 4072 925 4125 έν
970 4070 1292 4144 ἱερωσύναις
1321 4070 1416 4124 καὶ
1443 4069 1594 4137 τάξει
1635 4070 1863 4141 Ἐκκλη-

291 4163 443 4228 σιῶν,
481 4164 556 4236 μὴ
599 4167 796 4237 χρῆναι
828 4163 1178 4236 ἀφαιρεῖσθαι
1217 4163 1326 4216 τῶν
1372 4161 1635 4217 δοθέντων
1664 4162 1860 4234 γερῶν.

302 4256 463 4310 Ἀλλὰ
486 4256 660 4311 ταῦτα
687 4257 786 4327 μὲν
815 4255 1042 4328 ὕστερον
1070 4248 1173 4310 ὧδε
1198 4253 1398 4324 ἀπέϐη.

1961 1985 2114 2040 tinus
2165 1985 2495 2040 Christianae
2535 1984 2787 2054 religioni
2840 1985 3086 2054 impense
3132 1985 3373 2038 deditam
3419 1999 3546 2041 esse

1963 2077 2294 2145 intelligens,
2356 2076 2597 2133 civitatis
2654 2077 2783 2147 jure
2833 2076 3160 2142 donaverat,
3218 2082 3273 2131 ct
3318 2076 3413 2131 ﬁlii
3456 2076 3543 2132 sui

1962 2167 2276 2223 Constantii
2318 2168 2543 2223 nomine
2593 2169 2944 2238 appellatam,
3000 2168 3297 2238 separatim
3325 2183 3543 2237 rempu-

1961 2259 2162 2313 hlieam
2220 2259 2424 2313 habere
2477 2266 2815 2329 prteceperat
2850 2277 2864 2314 :
2904 2258 3155 2330 iniquum
3203 2275 3327 2316 esse
3382 2269 3541 2317 ratus

1962 2356 2022 2402 ut
2068 2346 2280 2403 Gazmis
2323 2347 2638 2403 Graecorum
2697 2348 3077 2418 superstitioni
3126 2364 3292 2419 supra
3320 2350 3542 2404 modum

1963 2440 2198 2495 addictis
2257 2439 2571 2496 contrihuta
2628 2445 2793 2495 esset.
2832 2439 3032 2495 Verum
3076 2439 3166 2494 ubi
3196 2438 3448 2495 Julianus
3472 2438 3544 2496 ad

1962 2531 2251 2601 imperium
2304 2529 2579 2601 pervenit,
2626 2529 2806 2585 Gazaai
2847 2530 3114 2586 adversus
3147 2530 3542 2587 Constantien-

1963 2639 2053 2679 ses
2109 2623 2261 2678 litem
2319 2629 2626 2678 moverunt.
2683 2620 2805 2692 Ipse
2835 2638 2968 2679 vero
2989 2624 3047 2678 in
3072 2638 3137 2678 ea
3172 2638 3340 2679 causa
3374 2624 3544 2693 judex

1963 2714 2186 2778 sedens,
2251 2712 2460 2768 Gazasis
2512 2712 2894 2768 Constantiam
2947 2713 3307 2784 adjudicavit,
3349 2715 3542 2786 viginti

1963 2805 2188 2861 circiter
2218 2804 2412 2859 stadiis
2449 2804 2518 2859 ab
2543 2818 2605 2858 ea
2635 2804 2909 2868 dissitam.
2934 2804 3112 2875 Atque
3132 2806 3332 2861 exinde
3356 2807 3543 2875 priore

1962 2894 2197 2964 spoliata
2232 2893 2518 2956 vocabulo,
2565 2893 2840 2946 maritima
2873 2907 3001 2964 pars
3036 2893 3191 2949 urbis
3231 2893 3392 2949 Gazae
3446 2909 3543 2966 ap-

1960 2985 2218 3054 pellatur.
2273 2985 2351 3039 Ac
2387 2985 2575 3040 civiles
2599 2984 2821 3054 quidem
2852 2985 3239 3056 magistratus,
3270 2985 3541 3041 etduum-

1960 3076 2087 3141 viri,
2134 3083 2187 3131 et
2228 3076 2541 3145 respublica
2591 3076 2857 3131 ambabus
2900 3076 3213 3131 communis
3244 3082 3349 3131 est.
3383 3073 3541 3140 Quod

1962 3178 2093 3219 vero
2153 3164 2221 3218 ad
2277 3163 2581 3219 Ecclesiam
2628 3164 2885 3233 pertinet,
2921 3178 2986 3217 ea
3026 3162 3203 3219 solum
3236 3171 3387 3231 parte
3419 3160 3542 3215 dtiaa

1967 3254 2134 3308 urbes
2193 3253 2497 3309 etiamnum
2556 3253 2832 3309 videntur.
2889 3252 3149 3324 Utraque.
3202 3251 3362 3323 184
3393 3252 3540 3306 enim

1968 3358 2129 3398 suum
2156 3357 2408 3397 seorsum
2470 3343 2632 3398 habet
2685 3343 3026 3414 episcopum,
3070 3356 3230 3396 suum
3282 3342 3539 3395 clerum:

1967 3432 2088 3488 dies
2140 3433 2266 3487 item
2310 3431 2483 3487 festos
2513 3425 3099 3505 martyrum‘suorum,
3126 3440 3180 3486 et
3208 3444 3544 3488 commemo-

1966 3523 2215 3578 rationes
2266 3524 2657 3594 episcoporum
2689 3524 2785 3594 qui
2829 3524 2964 3595 ipsis
2998 3521 3336 3594 praefuerunt
3367 3540 3380 3576 :
3410 3522 3545 3597 vici-

1967 3630 2167 3670 norum
2218 3615 2460 3686 denique
2492 3631 2754 3687 agrorum
2789 3616 2992 3671 limites
3044 3615 3247 3685 quibus
3283 3613 3545 3669 Ecclesia:

1970 3707 2037 3761 ad
2085 3715 2378 3777 utrumque
2415 3708 2795 3779 episcopatum
2825 3707 3164 3777 pertinentes
3192 3700 3544 3775 distinguun-

1967 3805 2079 3853 tur.
2131 3796 2331 3853 Nostra
2387 3799 2555 3871 igitur
2598 3806 2758 3855 aetate
2798 3798 3020 3869 quidam
3060 3797 3364 3868 episcopus
3392 3795 3544 3851 urbis

1967 3890 2146 3955 Gazae,
2202 3900 2425 3947 mortuo
2473 3892 2736 3963 episcopo
2783 3889 3290 3954 Maiumitanorum,
3325 3894 3544 3965 utrum-

1968 3998 2076 4054 que
2122 3982 2328 4039 clerum
2358 3982 2602 4038 adunare
2648 3997 2712 4037 ac
2736 3981 2841 4037 sibi
2871 3979 3142 4050 subjicere
3173 3989 3401 4032 conatus
3432 3985 3541 4042 est,

1970 4073 2128 4129 nefas
2185 4089 2310 4129 esse
2361 4073 2554 4130 dicens
2604 4079 2665 4127 ut
2697 4072 2861 4127 unius
2894 4070 3047 4126 urbis
3087 4069 3195 4124 duo
3218 4079 3402 4131 essent
3427 4069 3543 4138 epi-

1971 4165 2315 4236 scopi.‘Sed
2361 4164 2856 4220 cumMaiumitani
2888 4160 3362 4224 contradicerent,
3415 4175 3544 4231 syn-

1970 4255 2115 4310 odus
2151 4253 2465 4325 provinciae,
2497 4268 2666 4310 causa
2697 4253 2935 4322 cognita,
2963 4252 3195 4306 alterum
3224 4249 3541 4321 episcopum

289 4348 613 4404 ordinavit:
655 4363 887 4419 prorsus
944 4362 1161 4418 aequum
1217 4361 1345 4401 esse
1400 4345 1661 4416 judicans
1719 4352 1780 4400 ut
1832 4346 1925 4416 qui
1956 4346 2180 4418 pietatis
2232 4361 2401 4403 causa
2446 4349 2539 4418 jus
2589 4345 2831 4403 civitatis
2882 4344 3063 4417 adepti
3120 4343 3394 4407 fuissent,
3445 4344 3541 4399 sed

290 4442 487 4510 pagani
547 4441 825 4512 principis
882 4440 1158 4496 sententia
1185 4455 1249 4495 eo
1283 4439 1408 4508 jure
1431 4437 1790 4505 excidissent,
1835 4441 1891 4495 in
1944 4442 2015 4498 iis
2070 4442 2262 4497 saltem
2303 4456 2424 4512 qua:
2475 4441 2545 4496 ad
2588 4440 2957 4497 sacerdotium
2994 4447 3052 4495 et
3108 4437 3541 4495 ecclesiasticum

291 4530 541 4584 ordinem
584 4536 854 4599 spectant,
914 4528 1202 4584 concessis
1252 4528 1355 4583 sibi
1412 4526 1653 4598 praemiis
1723 4544 2069 4602 nequaquam
2130 4530 2524 4601 spoliarentur.
2581 4530 2785 4588 Verum
2834 4531 2952 4587 haec
3008 4536 3219 4601 postea,
3261 4529 3329 4584 ad
3396 4530 3543 4585 hunc

291 4634 455 4690 quem
499 4620 613 4675 dixi
642 4618 886 4684 modum,
924 4620 1296 4688 contigerunt.

911 4709 1142 4762 ΚΕΦΑΛ
1154 4749 1167 4763 .
1198 4705 1276 4762 Δ’.

296 4798 404 4857 Οἷα
437 4800 594 4856 κακὰ
624 4801 1027 4868 Καισαρεῦσιν
1064 4805 1096 4856 ό
1139 4799 1460 4865 Ἰουλιανὸς
1483 4799 1837 4869 διεπράξατο
1856 4819 1870 4833 ·

367 4874 461 4925 καὶ
498 4872 632 4939 περὶ
680 4870 791 4938 τῆς
829 4873 1168 4940 παρρησίας
1207 4869 1362 4939 Μάρι
1395 4870 1502 4924 τοῦ
1539 4872 1872 4926 ἐπισκόπου

367 4942 781 5007 Χαλκηδόνος.

369 5036 501 5104 Περὶ
518 5034 574 5086 δὲ
596 5032 686 5086 τὸν
702 5032 865 5086 αὑτὸν
890 5030 1102 5101 χρόνον,
1115 5030 1210 5085 καὶ
1224 5030 1321 5103 τὴν
1348 5030 1485 5102 πρὸς
1502 5029 1580 5101 τῷ
1595 5031 1830 5102 Ἀργαίῳ
1848 5043 1869 5070 ι

2607 4712 2766 4771 CAP.
2821 4711 2908 4767 Ν.

1979 4807 2206 4874 Quantis
2246 4807 2402 4862 malis
2432 4806 2785 4863 Cmarienses
2819 4804 3052 4874 affet-erit
3078 4801 3370 4858 Julianus:
3399 4810 3447 4858 et
3477 4803 3540 4856 de

2046 4879 2245 4947 ﬁducia
2286 4878 2457 4932 Maris
2490 4875 2933 4935 Chalcedonensis
2959 4875 3208 4945 episcopi.

2046 5032 2151 5088 Per
2182 5032 2325 5089 idem
2357 5040 2572 5105 tempus
2605 5030 2859 5089 Julianus
2886 5032 3191 5102 imperator
3212 5029 3541 5088 Caesaream.

294 5129 656 5199 Καισάρειαν,
692 5125 935 5197 μεγάλην
967 5125 1059 5178 καὶ
1080 5123 1394 5194 εὐδαίμονα,
1419 5121 1515 5174 καὶ
1544 5122 1864 5194 μητρόπολιν

1975 5124 2043 5178 ad
2088 5133 2329 5181 montem
2374 5125 2624 5197 Argzeum
2680 5124 2862 5192 sitam,
2891 5124 3080 5180 urbem
3120 5122 3356 5194 amplam
3385 5128 3549 5191 atque

1492 5216 1765 5272 VALESII
1794 5216 2332 5274 ANNOTATIONES

373 5315 483 5383 (64)
518 5313 813 5368 Πολιτικοὶ
861 5312 1151 5383 ἄρχοντες
1203 5309 1689 5383 καὶ-ματρατηγῖοί.
1730 5306 1870 5362 Male

298 5379 834 5453 Chrisiophorsonus
868 5379 1205 5454 στρατηγοὺς
1246 5380 1373 5454 belli
1402 5382 1572 5454 duces
1605 5379 1870 5454 interpre-

298 5466 488 5511 tatur:
523 5448 820 5525 στρατηγοὶ
873 5448 1197 5507 dicebautur
1227 5465 1257 5504 a
1282 5448 1486 5503 Grmcis
1521 5449 1871 5518 magistratus

1978 5311 2337 5384 municipales
2371 5326 2468 5384 seu
2495 5309 2789 5384 duumviri,
2816 5317 2874 5365 ut
2892 5311 3005 5384 jam
3027 5307 3240 5384 pridem
3252 5303 3543 5384 pbservavi

1978 5381 2033 5432 in
2054 5377 2503 5505 antltégationibus
2550 5381 2617 5436 ad
2647 5381 2742 5436 lib.
2768 5377 3198 5436 xxxiAm‘miani
3222 5377 3544 5437 Marcellini,

1978 5465 2104 5521 pag.
2217 5474 2220 5478 ~
2251 5490 2264 5504 .

1726 5562 2109 5620 VARIORUM.

375 5672 399 5702 ³
424 5662 579 5729 Πρὸς
605 5660 688 5726 τῷ
726 5660 989 5728 Ἀργαίῳ.
1020 5658 1265 5729 Argaeus,
1310 5666 1492 5729 mons
1520 5655 1881 5729 Cappadocia:

299 5727 574 5787 maximus
602 5727 879 5798 Straboni,
912 5731 969 5783 in
992 5727 1123 5798 Asia
1145 5727 1365 5790 minori,
1395 5727 1679 5798 valdeque
1710 5727 1884 5780 excel-

305 5818 401 5858 sus
433 5820 446 5856 :
474 5801 790 5858 extenditur
823 5801 965 5854 inter
1007 5797 1311 5854 Caesaream
1340 5797 1407 5851 ad
1440 5804 1645 5860 ortum,
1669 5805 1722 5851 et
1752 5812 1880 5850 con-

1987 5657 2112 5710 iinia
2139 5656 2381 5725 Calatia;
2416 5655 2657 5724 regionis
2688 5653 3087 5725 adhoccasum,‘
3132 5662 3299 5717 prope
3361 5644 3549 5702 Metam

1984 5719 2232 5795 iluvitim,
2266 5727 2443 5796 spatio
2467 5719 2577 5783 ﬂere
2609 5725 2678 5779 80
2710 5723 2845 5778 mill.
2876 5737 3022 5792 pass.
3054 5719 3362 5773 Baunnmn.
