4056 6326
337 337 475 391 ὶὲἒδ

1301 325 1626 381 HISTORIA
1668 323 2222 381 ECCLESIASTICA.
2254 357 2317 364 -—
2361 325 2488 382 LIB.
2533 326 2595 380 V.

3451 334 3586 387 19.226

334 449 666 520 γεγενῆσθαι
702 451 768 518 τῇ
814 447 1040 518 ἀνδρεία
1064 446 1174 500 τῶν
1209 444 1295 499 διὰ
1323 446 1385 498 τὸ
1414 446 1592 516 δόγμα
1617 446 1908 500 ἀποθανεῖν

2026 446 2423 500 niseraretur:
2470 444 2567 500 sed
2622 444 2884 514 quoniam
2941 459 3003 500 ex
3067 444 3361 515 praeteritis
3426 447 3591 502 rebus

333 542 627 613 ἑλομένων.
645 539 810 593 Ὅθεν
832 539 989 609 δόξης
1022 539 1203 602 αὐτοῖς
1227 538 1458 606 φθονῶν,
1486 539 1546 592 οὐ
1576 539 1911 609 φειδόμενος,

334 633 470 704 πυρὶ
503 632 601 702 μὲν
651 631 684 700 ἢ
717 630 923 701 σιδήρῳ
966 629 1103 700 (68),
1133 631 1166 702 ἢ
1203 633 1316 694 τοῖς
1343 629 1435 683 τοῦ
1476 628 1728 700 σώματος
1769 632 1914 683 αἰκι-

336 725 516 795 σμοῖς,
552 723 584 792 ἢ
624 721 703 792 τῷ
745 721 1187 786 καταποντῶσαι,
1245 723 1340 774 καὶ
1388 720 1598 785 ζῶντας
1649 721 1915 792 κατορύτ-

332 831 470 878 τειν,
497 813 534 866 ἀ
561 812 622 865 τὸ
643 813 764 882 τρὶν
787 812 1172 879 ἐσπουδάζετο,
1203 812 1302 865 οὐκ
1324 812 1618 880 ἀναγκαῖον
1657 806 1795 864 εἶδεν
1835 813 1916 875 είς

337 907 671 978 μετάστασιν
700 903 928 976 γνώμης
953 921 968 936 ο
1019 905 1164 976 λόγῳ
1192 905 1249 957 δὲ
1277 905 1368 958 καὶ
1407 902 1764 974 παραινέσεσι
1795 903 1916 956 πεί-

337 1001 452 1054 θειν
475 1000 662 1070 ἡγεῖτο
689 997 758 1052 τά
795 998 975 1068 πλήθη
1019 999 1099 1062 είς
1152 997 1506 1067 Ἑλληνισμὸν
1555 995 1876 1066 μεταόαλεῖν
1901 1013 1912 1024 ·

337 1093 435 1145 καὶ
461 1090 557 1144 τοῦ
589 1090 792 1145 σκοποῦ
822 1089 1172 1160 περιέσεσθαι
1199 1089 1417 1160 ῥᾳδίως,
1450 1090 1499 1142 εἰ
1523 1087 1815 1158 βιάσασθαι
1841 1088 1916 1160 μὴ

335 1181 576 1247 ἀξιώσας
605 1180 741 1251 (69),
783 1184 848 1234 ὲκ
887 1180 1194 1250 παραδόξου
1233 1179 1615 1250 φιλάνθρωπός
1645 1197 1729 1244 τις
1777 1175 1918 1232 εἶναι

334 1273 478 1338 δόξει
515 1273 642 1342 περὶ¹
673 1270 889 1334 αὐτούς.
926 1271 1156 1339 Λέγεται
1193 1270 1324 1338 γοῦν
1360 1271 1648 1342 πυθομένῳ
1673 1271 1822 1342 αὐτῷ
1862 1273 1919 1324 ὲν

339 1363 969 1425 Κωνσταντινουπόλεως
991 1363 1178 1433 τειχίῳ
1202 1362 1313 1433 (70)
1346 1362 1709 1433 προσελθόντα
1737 1362 1919 1432 Μάριν

337 1456 430 1508 τὸν
458 1455 802 1526 Χαλκηδόνος
827 1455 1158 1520 ἐπίσκοπον,
1197 1455 1368 1525 ἀσεϐῆ
1404 1472 1462 1506 τε
1495 1455 1732 1526 δημοσίᾳ
1767 1455 1922 1525 ύσρί-

340 1563 454 1612 σαι,
486 1548 580 1600 καὶ
610 1546 768 1602 ἄθεον
809 1547 902 1600 καὶ
934 1546 1260 1616 παραϐάτην
1289 1547 1624 1601 ἀποκαλέσαι
1653 1547 1798 1618 (71)·
1829 1546 1920 1601 τὸν

337 1636 420 1702 δὲ,
455 1637 624 1706 μόνην
654 1636 803 1706 αὐτῷ
839 1636 1096 1690 ὀνειδίσαι
1137 1636 1236 1707 τὴν
1275 1636 1549 1704 τύφλωσιν
1579 1653 1593 1668 ο
1627 1638 1733 1690 ὑπὸ
1768 1643 1922 1708 ’χειρ-

337 1728 542 1798 αγωγῷ
569 1729 679 1799 γὰρ
720 1727 988 1800 ἐληλύθει,
1016 1729 1196 1800 γέρων
1233 1727 1308 1781 ὣν
1333 1729 1428 1783 καὶ
1461 1731 1589 1792 τοὺς
1610 1728 1921 1799 ὀφθαλμοὺς

340 1796 766 1889 ὑποκεχυμένος.
804 1796 966 1873 ’Ἐπεὶ
1015 1796 1215 1874 δὲ-καὶ
1257 1796 1917 1890 ἐπισκώπτωνξοῖά-περ
1951 1796 1994 1850 Β

339 1909 542 1976 εἰώθει,
578 1912 659 1975 εἰς
709 1913 800 1966 τὸν
833 1911 1090 1981 Χριστὸν
1111 1912 1466 1984 βλασφημῶν,
1505 1911 1639 1965 Οὐδὲ
1679 1913 1710 1964 ό
1748 1912 1916 1964 Ταλι-

340 2000 488 2065 λαῖός
527 2019 620 2055 σου
645 2001 797 2068 Θεὸς,
830 2003 971 2070 εἶπε,
1006 2005 1333 2076 θεραπεύσει
1365 2023 1424 2058 σε
1451 2021 1464 2035 ·
1489 2002 1775 2058 ὑπολαϐὼν
1798 2003 1918 2060 Μά-

343 2110 451 2161 ρις,
477 2093 619 2146 Ἀλλ’
646 2093 758 2162 ἐγὼ
777 2091 936 2166 χάριν
961 2095 1069 2166 ἔχω
1090 2096 1168 2166 τῷ
1186 2095 1306 2167 Θεῷ
1325 2114 1426 2167 μου
1448 2096 1549 2166 τῆς
1568 2094 1914 2165 τυφλὼσεως,

342 2183 470 2255 ἐφη,
487 2185 572 2237 ἵνα
595 2186 669 2255 μή
684 2203 743 2238 σε
762 2185 1044 2258 θεάσωμαι
1071 2187 1172 2258 τῆς
1207 2189 1487 2251 εὐσεϐείας
1502 2187 1918 2242 ἐκπεπτωκότα.

345 2277 456 2327 Καὶ
485 2276 515 2328 ὁ
549 2275 804 2345 βασιλεὺς
858 2277 1023 2347 μηδὲν
1073 2278 1501 2349 ἀποκρινόμενος
1547 2277 1918 2350 παρέδραμεν.

347 2365 506 2434 ’ᾩετο
537 2366 646 2436 γὰρ
678 2365 849 2437 ταύτῃ
881 2366 1079 2435 μᾶλλον
1124 2367 1478 2438 Ἐλληνισμὸν
1505 2367 1789 2437 κρατῦναι,
1833 2367 1925 2420 ἁν-

341 2456 596 2522 εξίκακον
619 2457 712 2510 καὶ
736 2459 912 2529 πρᾶον
927 2458 1205 2530 ἀδοκήτως
1221 2459 1302 2531 τῷ
1325 2460 1521 2531 πλήθει
1540 2459 1650 2514 τῶν
1662 2461 1707 2513 Χ
1714 2475 1925 2531 ριστια-

341 2543 448 2598 νῶν
473 2545 664 2600 ἑαυτὸν
693 2546 1021 2610 ἐπιδεικνύς.

2014 533 2450 604 deprehenderat
2506 534 2644 589 nihil
2701 534 2966 604 prodesse
3005 537 3276 606 supplicia
3326 537 3393 591 ad
3454 551 3590 591 con-

2016 625 2343 680 firmandam
2401 627 2688 697 gentilium
2752 628 3076 698 religionem
3113 647 3125 682 :
3168 629 3278 684 imo
3324 644 3456 684 vero
3497 645 3591 685 res

2013 707 2458 773 Christianorum
2487 734 2552 774 ea
2588 719 2936 789 potissimum
2963 720 3177 776 ratione
3213 727 3406 777 auctas
3445 737 3587 786 esse,

2015 809 2299 877 multoque
2357 823 2525 879 quam
2582 810 2738 880 prius
2785 810 3121 867 illustriores
3177 812 3478 879 exStitisse,
3518 813 3592 869 ob

2016 898 2393 956 fortitudinem
2437 915 2628 957 eorum
2677 903 2771 972 qui
2828 902 3114 973 religionis
3147 917 3318 959 causa
3357 902 3589 960 inertem

2015 1001 2277 1063 oppetere
2309 1009 2420 1049 non
2456 993 2826 1051 dubitassent.
2860 994 3134 1061 Quocirca
3167 996 3421 1053 invidens
3475 997 3593 1069 glo-

2017 1085 2111 1140 riae
2133 1085 2604 1152 Christianorum,
2635 1101 2748 1141 non
2787 1095 2971 1142 autem
3003 1087 3074 1144 iis
3102 1103 3358 1159 parcens,
3381 1103 3594 1159 nequa-

2017 1192 2184 1246 quam
2217 1173 2598 1232 necessarium
2633 1192 2758 1233 esse
2778 1177 3112 1234 existimavit
3147 1179 3215 1234 ad
3246 1194 3342 1235 eos
3374 1179 3442 1234 de
3471 1194 3596 1235 sen-

2018 1269 2192 1324 tentia
2231 1269 2606 1334 deducendos,
2663 1271 2790 1341 igne
2850 1284 2918 1325 ac
2978 1269 3132 1325 ferro
3191 1278 3244 1326 et
3297 1279 3596 1342 corporum

2019 1357 2360 1412 cruciatibus
2397 1358 2502 1424 uti,
2525 1373 2628 1413 nec
2669 1359 2723 1412 in
2757 1374 2908 1414 mare
2933 1359 3274 1432 demergere,
3313 1371 3405 1416 aut
3445 1360 3598 1416 vivos

2021 1448 2174 1503 humi
2216 1447 2502 1513 defodere,
2559 1449 2706 1518 quod
2745 1466 2775 1504 a
2809 1453 3192 1524 superioribus
3225 1450 3404 1506 fuerat
3436 1450 3598 1507 facti-

2021 1546 2216 1594 tatum.
2273 1538 2380 1595 Sed
2410 1542 2643 1612 populos
2668 1543 2884 1600 ratione
2923 1552 3084 1614 atque
3117 1544 3600 1601 exhortationibus

2021 1631 2367 1688 inducendos
2417 1647 2542 1688 esse
2597 1636 2840 1699 censuit,
2872 1643 2932 1690 ut
2963 1637 3028 1690 ad
3059 1637 3346 1706 gentilium
3384 1637 3601 1708 religio-

2023 1737 2147 1778 nem
2178 1737 2238 1778 se
2267 1724 2584 1780 conferrent
2618 1744 2631 1780 :
2675 1741 2843 1796 seque
2890 1727 2944 1782 id
2973 1728 3120 1798 quod
3154 1729 3409 1797 cupiebat
3441 1728 3601 1783 facile

2025 1799 2437 1884 assecuturum,
2477 1817 2524 1872 si
2556 1817 2763 1874 omissa
2791 1818 2868 1884 vi,
2897 1827 3095 1890 praeter
3123 1819 3371 1874 omnium
3405 1834 3600 1890 exspe-

2024 1905 2325 1960 ctationem
2359 1907 2660 1964 clementer
2686 1924 2747 1964 se
2776 1923 2904 1980 erga
2933 1924 3030 1966 eos
3068 1924 3259 1981 gerere
3299 1909 3599 1966 videretur.

2023 1995 2202 2051 Porro
2243 1998 2480 2068 quadam
2534 1999 2645 2064 die,
2691 2014 2817 2054 eum
2865 2001 2920 2055 in
2955 1999 3160 2071 templo
3214 1998 3370 2056 Genii
3397 2001 3604 2072 publici

2023 2087 2499 2159 Constantinopoli
2552 2090 2911 2157 sacrificaret,
2937 2091 3106 2148 Maris
3133 2090 3601 2148 Chalcedonensis

2025 2181 2320 2250 episcopus
2353 2181 2476 2237 cuin
2510 2181 2708 2238 adiisse
2732 2183 2959 2248 dicitur,
2989 2192 3045 2240 et
3079 2193 3343 2256 tanquam
3374 2183 3602 2254 impium

2026 2273 2206 2341 palam
2259 2276 2594 2330 contumelia
2637 2274 2910 2340 affecisse,
2957 2275 3163 2346 Deique
3194 2275 3406 2332 hostem
3432 2284 3486 2330 et
3511 2275 3608 2330 de-

2025 2373 2296 2419 sertorem
2324 2365 2449 2421 fidei
2481 2367 2791 2436 appellasse
2827 2369 2864 2422 ³.
2900 2367 3157 2424 Julianus
3189 2383 3321 2424 vero
3350 2368 3523 2423 solam
3553 2367 3605 2423 ei

2025 2455 2379 2524 exprobravit
2420 2457 2747 2512 caecitatem.
2805 2457 3020 2513 Etenim
3065 2473 3234 2514 senex
3295 2457 3604 2515 sutiusione

2022 2540 2317 2602 Oculorum
2353 2548 2639 2614 laborans,
2665 2564 2829 2604 manu
2862 2551 3020 2620 pueri
3049 2551 3318 2606 deductus
3345 2564 3601 2606 accesse-

341 2647 450 2690 rat.
501 2633 608 2690 Sed
647 2652 775 2691 cum
810 2653 961 2694 more
986 2638 1148 2695 solito
1189 2640 1447 2705 irridens,
1487 2648 1541 2694 et
1581 2640 1636 2694 in
1676 2639 1956 2695 Christum
1993 2637 2382 2707 blasphemans
2416 2639 2644 2694 dixisset
2669 2656 2681 2691 :
2709 2638 3001 2710 Nunquam
3058 2638 3305 2710 profecto
3343 2638 3602 2693 Galilaeus

342 2721 490 2783 Deus
523 2737 655 2786 tuus
678 2737 732 2785 te
758 2732 1009 2800 sanabit;
1050 2735 1390 2804 respondens
1426 2733 1591 2788 Maris
1634 2749 1646 2784 :
1683 2735 1752 2786 At
1780 2748 1901 2803 ego,
1940 2733 2137 2802 inquit,
2168 2732 2372 2802 gratias
2416 2747 2518 2803 ago
2546 2731 2656 2787 Deo
2695 2747 2836 2798 meo,
2869 2731 3012 2802 quod
3047 2731 3349 2788 luminibus
3375 2731 3602 2787 orbatus

343 2837 494 2887 sum,
543 2839 613 2879 ne
657 2831 711 2878 te
739 2825 952 2880 videam
981 2828 1076 2896 qui
1135 2845 1164 2883 a
1198 2830 1399 2899 pietate
1435 2831 1708 2886 excidisti.
1772 2828 2072 2900 Imperator
2099 2843 2252 2892 vero,
2281 2826 2416 2880 nihil
2447 2826 2808 2897 respondens,
2847 2835 3271 2898 praetergressus
3323 2837 3429 2882 est.
3488 2825 3604 2880 Hoc

341 2915 489 2967 enim
543 2922 701 2984 pacto
755 2931 813 2971 se
836 2919 1120 2988 gentilium
1153 2921 1598 2990 superstitionem
1635 2917 2106 2976 confirmaturum
2134 2932 2257 2974 esse
2302 2917 2672 2984 existimabat,
2707 2917 2753 2974 si
2782 2917 3118 2973 multitudini
3159 2915 3603 2981 Christianorum

344 3001 640 3070 patientem
676 3018 737 3058 se
771 3019 838 3060 ac
869 3006 1057 3060 mitem
1089 3017 1287 3078 praeter
1303 3001 1768 3078 exspectationem
1803 3007 2139 3065 ostenderet.

946 3099 1196 3152 ΚΕΦΑΛ.
1230 3099 1305 3153 E’.

345 3181 483 3260 Ὀτι
515 3183 707 3260 artius
740 3189 1187 3260 καθειργμένοις
1221 3191 1598 3257 Χριστιανοῖς
1622 3193 1736 3260 τὴν
1767 3195 1928 3248 ἐλευ-

416 3255 638 3329 θερίαν,
668 3255 766 3307 ἵνα
788 3257 1033 3329 μᾶλλον
1067 3260 1104 3324 ἡ
1167 3255 1496 3326 Ἐκκλησία
1531 3255 1890 3329 τὰράὲγσοιτο
1909 3280 1922 3294 °

416 3323 516 3375 καὶ
539 3323 657 3376 ὅσα
691 3323 846 3379 κακὰ
874 3327 1022 3380 κατὰ
1049 3323 1417 3395 Χριστιανῶν
1435 3323 1693 3386 ἐπενόει.

415 3415 601 3468 Ταῦτα
629 3417 686 3469 δὲ
727 3419 1066 3486 σπουδάζων,
1095 3422 1230 3475 πᾶσι
1249 3421 1349 3491 μὲν
1377 3426 1490 3486 τοῖς
1512 3425 1606 3476 ἐπὶ
1637 3427 1927 3480 Κωνσταν-

343 3504 461 3558 τίου
481 3506 865 3574 φυγαδευθεῖσι
888 3509 974 3562 διὰ
1013 3511 1339 3582 θρησκείαν,
1386 3515 1554 3585 ἀνῆκε
1597 3515 1694 3586 τὴν
1727 3519 1925 3588 φυγὴν,

347 3596 443 3648 καὶ
471 3599 584 3660 τοῖς
605 3596 923 3668 δημευθεϊσι
950 3601 1099 3673 νόμῳ
1128 3603 1196 3656 τά
1219 3605 1461 3677 σφέτερα
1491 3607 1740 3662 ἀπέδωκε
1771 3628 1786 3640 ο
1807 3613 1920 3674 τοῖς

343 3686 402 3738 δὲ
437 3687 629 3758 δήμοις
669 3691 1027 3762 προηγόρευε,
1062 3692 1262 3765 μηδένα
1298 3696 1502 3752 ἀδικεῖν
1531 3699 1638 3753 τῶν
1664 3701 1929 3771 Χριστια-

345 3775 476 3840 νῶν,
509 3779 641 3848 μηδὲ
661 3781 920 3852 ὑϐρίζειν,
943 3784 1077 3855 μηδὲ
1100 3785 1329 3851 ἄκοντας
1350 3791 1485 3862 πρὸς
1513 3791 1702 3846 θυσίαν
1721 3795 1918 3848 ἕλκειν·

345 3871 472 3935 τοὺς
501 3871 566 3922 δὲ·
580 3873 760 3926 ἑκοντὶ
778 3877 889 3938 τοῖς
917 3876 1119 3946 βωμοῖς
1157 3881 1504 3951 προσιόντας,
1539 3886 1806 3957 πρότερον
1834 3888 1922 3951 ἐξ·

349 3960 625 4016 ἀεοῦσθαι
662 3963 754 4027 οὒς
785 3965 1039 4036 ’Έλληνες
1068 3968 1320 4024 καλοῦσιν
1356 3973 1781 4044 Ἀποτροπαίους
1811 3976 1927 4029 δαί-

299 4063 315 4074 ·
351 4071 542 4123 μονας,
580 4055 670 4107 καὶ
687 4056 1042 4128 καθαίρεσθαι
1067 4061 1402 4132 καθαρσίοις,
1437 4062 1516 4129 οἷς
1557 4067 1675 4131 ἔθος
1722 4069 1921 4132 αὐτοῖς.

347 4143 661 4214 Κληρικοὺς
688 4145 890 4214 μέντοι,
919 4150 1098 4210 πᾶσαν
1121 4151 1364 4204 ἀτέλειαν
1389 4153 1482 4206 καὶ
1517 4156 1680 4226 τιμὴν
1716 4158 1810 4212 καὶ⁹
1858 4158 1926 4212 τὰ

351 4233 642 4303 σιτηρέσια
685 4234 935 4302 ἀφείλετο
971 4238 1082 4306 ﬁ?)
1129 4239 1508 4295 Κωνσταντίου
1543 4253 1570 4282 τ
1604 4261 1617 4276 ’
1663 4247 1755 4299 καὶ
1799 4248 1923 4310 τοὺς

426 4371 440 4399 ¹
475 4367 658 4433 Socr.,
694 4369 783 4424 lib.
821 4385 902 4434 ιιι,
937 4383 988 4424 c.
1029 4370 1110 4425 12.

2586 3103 2747 3174 133
2783 3101 2934 3156 CAP.
2980 3101 3043 3156 ν.

2028 3191 2275 3257 Qualiter
2307 3193 2562 3250 Julianus
2593 3196 2919 3252 Christianis
2960 3195 3146 3250 vinctis
3183 3195 3481 3249 libertatem
3521 3211 3602 3249 re-

2101 3267 2336 3321 stituerit
2358 3307 2371 3328 ,
2407 3283 2467 3320 eo
2498 3269 2722 3321 consilio
2753 3279 2809 3321 ut
2849 3264 3100 3320 Ecclesia:
3134 3265 3514 3320 turbarentur:
3553 3273 3602 3319 et

2095 3346 2296 3412 quanta
2332 3338 2479 3391 mala
2506 3339 2561 3390 in
2591 3338 2928 3391 Christianos
2961 3337 3356 3406 excogitaverit.

2101 3432 2228 3487 Haec
2267 3431 2434 3501 igitur
2473 3439 2658 3484 mente
2703 3429 2914 3500 agitans
2940 3468 2956 3495 ,
2991 3443 3086 3484 eos
3123 3429 3342 3498 quidem
3384 3432 3478 3501 qui
3517 3446 3604 3486 rc-

2029 3531 2235 3595 gnante
2264 3521 2590 3578 Constantio
2629 3521 2684 3574 in
2721 3521 2976 3575 exsilium
3015 3521 3162 3590 pulsi
3201 3520 3463 3587 fuerant,
3507 3509 3604 3580 eit-

2031 3615 2158 3671 silio
2213 3613 2502 3676 liberavit,
2550 3611 2883 3682 proscriptis
2936 3625 3098 3678 vero,
3154 3611 3272 3682 lege
3323 3613 3467 3678 lata,
3523 3613 3605 3668 fa-

2031 3707 2266 3760 cultates
2317 3717 2450 3759 suas
2501 3702 2762 3758 restituit.
2808 3695 3030 3771 Popinlis
3075 3709 3259 3757 autem
3315 3703 3604 3760 civitatum

2033 3799 2214 3867 palam
2249 3796 2534 3852 interdixit
2579 3811 2650 3851 ne
2705 3811 2869 3866 quem
2910 3795 3350 3851 Christianorum
3393 3807 3486 3852 aut
3519 3799 3606 3853 in-

2031 3889 2175 3958 juria
2214 3887 2525 3952 adicerent,
2563 3894 2658 3940 aut
2697 3886 3067 3951 contumelia,
3107 3901 3244 3942 neve
3283 3887 3486 3942 invitos
3536 3888 3602 3942 ad

2035 3978 2462 4034 sacrificandum
2491 3977 2797 4030 traherent.
2829 3975 2936 4031 Sed
2968 3987 3027 4031 ut
3055 3977 3148 4046 qui
3182 3993 3281 4032 sua
3312 3980 3507 4047 Sponte
3535 3979 3602 4032 ad

2034 4086 2160 4125 aras
2205 4070 2573 4133 accederent,
2629 4068 2788 4136 prius
2836 4068 3118 4138 placarent
3173 4081 3270 4123 eos
3323 4067 3604 4124 daemonas

2035 4175 2177 4230 quos
2214 4161 2412 4231 pagani
2451 4160 2925 4214 Averruncatores
2966 4168 3207 4226 vocant;
3249 4166 3300 4214 et
3340 4159 3604 4230 expiatio-

2031 4253 2194 4307 nihus
2219 4263 2335 4318 quae
2361 4252 2497 4322 ipsis
2525 4251 2742 4308 usitatae
2763 4258 2912 4316 sunt,
2937 4259 3320 4323 purgarentur.
3351 4251 3418 4308 Et
3444 4253 3604 4309 cleri-

1545 4533 1812 4591 VALESII
1851 4535 2406 4598 ANNOTATIONES.

423 4620 537 4687 (68)
560 4623 721 4706 ,ηυρλ
756 4625 872 4706 μὲν
916 4625 955 4693 ἣ
1012 4625 1255 4706 σιδήρῳ.
1311 4627 1469 4682 Deest
1521 4631 1743 4706 verbum
1793 4633 1930 4702 χρῆ-
1964 4638 2008 4691 D
2037 4635 2270 4706 phanins
2325 4634 2543 4705 quidem
2591 4637 2672 4690 sic
2720 4639 2904 4704 vertit,
2953 4637 3085 4692 Cum
3143 4638 3604 4706 Constantinopoli

355 4690 503 4770 σθαι,
529 4690 1226 4770 sicutin_'i_ntcrpretatioiie
1251 4713 1366 4751 mea
1396 4700 1665 4767 suppleri.
1698 4699 1774 4752 Ita
1792 4690 1930 4770 ἱίὶιό-

351 4761 680 4834 (ιιιειΙΑεείεςε
712 4761 1504 4834 videtur—Christophorsonus.

425 4829 566 4909 (69)_
610 4833 692 4884 Οὐ
751 4829 1186 4909 βιᾴζεσθίέι-μῆ
1236 4837 1516 4909 ἀξιώσας.
1554 4837 1708 4890 IInnc
1749 4839 1927 4894 locum

351 4902 572 4976 correxi
622 4915 703 4976 ex_
749 4905 958 4976 codice
993 4902 1310 4976 Fnketiano,
1367 4907 1420 4960 in
1470 4924 1578 4976 quo
1617 4909 1818 4963 diserte
1855 4911 1929 4962 ita

354 4968 638 5028 scribitur,
659 4971 706 5020 εἰ
743 4973 1028 5039 βιάσασθαι
1060 4975 1134 5045 μὴ
1163 4976 1418 5040 ἀξιώσας,
1451 4968 1580 5042 etc.,
1604 4993 1764 5046 quam
1793 4980 1930 5034 scri-

354 5045 572 5110 pturam
603 5054 784 5102 nemo,
824 5051 883 5093 ut
917 5045 1132 5110 Opinor,
1163 5046 1217 5097 in
1255 5047 1478 5099 dubium
1520 5045 1820 5101 revecabit.

425 5105 542 5184 (7Q)
566 5110 887 5184 Ιζυθομένῳ
909 5105 1094 5184 -ίίὺτῴ
1123 5105 1197 5165 ’ἐν
1235 5120 1928 5184 Κωνσταντινυυπόλεως

351 5176 880 5254 τειχίφλίιι-υοαίςε
908 5176 1206 5236 Fuketiano
1238 5187 1499 5254 scriptum
1533 5187 1711 5240 inveni
1745 5176 1929 5239 πειθοέ

357 5244 1092 5326 pium._Christophorsonus
1119 5262 1297 5307 autem
1329 5244 1382 5326 εἰ
1419 5253 1654 5310 Savilius
1685 5257 1929 5326 θυομένῳ

353 5316 824 5396 ιεῖιιιριιιΙιιιίιιιιιλὸι
875 5322 1072 5396 τυχείῳ
1119 5324 1449 5396 ιιιῸ-τειχίῳ.
1492 5327 1668 5396 Atque
1699 5316 1931 5396 ila'legi't

359 5385 695 5455 Epiphanius
727 5385 1191 5446 Scholasticus'et
1229 5385 1595 5462 Niciipiiorus:
1626 5394 1761 5448 Nam
1801 5385 1928 5466 Epi-

2035 4706 2176 4773 apud
2206 4705 2498 4777 Fortunam
2557 4708 2882 4776 sacriﬁcaret
2931 4709 3096 4774 urbis,
3128 4717 3234 4763 etc.
3265 4705 3608 4777 Nicephbrus

2035 4783 2217 4848 autem
2243 4777 2294 4848 in
2328 4791 2446 4846 cap.
2469 4775 2560 4842 20,
2597 4777 2689 4830 lib.
2718 4794 2772 4840 ι,
2798 4779 2878 4832 sic
2906 4778 3102 4848 habet:
3147 4780 3232 4848 Ἑν
3254 4781 3321 4848 τῇ
3351 4775 3605 4848 βασιλικῇ

2033 4846 2099 4913 τῇ
2125 4845 2222 4919 τῆς
2243 4845 2860 4919 Κωνσίταντινουπόλεως
2874 4847 3068 4900 ὲπέθυε
3085 4847 3256 4919 Τύχῃ,
3277 4845 3382 4901 etc.
3403 4845 3608 4919 Exiquo

2037 4915 2312 4985 conjicere
2342 4915 2487 4976 licet,
2516 4914 2881 4985 Nicephorum
2924 4919 2980 4970 in
3019 4919 3123 4971 hoc
3155 4914 3444 4972 Sti'zomeni
3488 4914 3607 4970 loco

2037 4983 2234 5056 legisse
2277 4983 2811 5056 ἐπιθυομένῳίιιοιι,
2841 4995 2899 5038 ιιι
2922 4988 3128 5040 editum
3159 4995 3260 5054 est,
3294 4986 3601 5056 πυθομένῳ.

2105 5053 2215 5122 (71)
2258 5053 2368 5108 Καὶ
2416 5053 2761 5122 παραϐάτην
2829 5053 3253 5110 ἀποκαλέσαι.
3291 5056 3349 5109 1η
3415 5053 3606 5110 codice

2035 5119 2336 5176 Fnketiano
2379 5119 2644 5196 scriptum
2697 5119 2901 5196 inveni,
2935 5127 3027 5179 καὶ
3068 5126 3394 5196 ἀποστάτην*
3433 5142 3604 5192 προσ-

2033 5196 2230 5264 ειπεῖν,
2256 5193 2712 5261 quemadmodum
2731 5195 3261 5264 Christopborsonus
3292 5193 3346 5250 et
3371 5194 3604 5248 Savilius

2033 5260 2087 5313 in
2115 5262 2230 5315 suis
2261 5260 2544 5318 codicibus
2586 5266 2927 5320 invenerunt.

2107 5330 2219 5403 (72)
2258 5333 2333 5403 Τὰ
2366 5334 2678 5401 σιτηρέσια
2709 5336 2986 5403 ἀφείλετο
3031 5335 3470 5390 Κωνσταντίου.
3502 5333 3603 5384 As-

2033 5400 2763 5474 sentiorChristopborsono
2791 5413 2844 5460 et
2894 5405 3116 5474 Savilio,
3165 5408 3258 5476 qui
3313 5406 3604 5457 Κωνσταν-

1803 5510 2184 5572 VARIORUM.

423 5598 454 5630 ν
483 5593 1061 5671 Κᾼηρικοὺς-πᾶσαγ
1092 5600 1368 5654 ἀτέλειαν
1391 5601 1489 5654 καί
1524 5603 1702 5671 τιμὴν
1740 5605 1837 5657 καὶ
1857 5606 1930 5659 τὰ

356 5660 669 5743 σιιτιζρέᾳια
707 5660 1002 5743 ἀφείλετο.
1032 5664 1336 5743 :ilbrOgavit
1374 5673 1537 5725 etiam
1575 5660 1748 5742 legem
1784 5675 1928 5728 Con-

356 5736 583 5786 stantini
625 5749 729 5801 qua
762 5738 978 5804 quidvis
1033 5736 1286 5795 Ecclcisiae
1318 5743 1400 5797 vel
1430 5736 1806 5800 ecclesiastico
1834 5761 1927 5814 per

631 5826 899 5888 ΡΑΤιιοι..
947 5831 1057 5891 GR.
1105 5835 1325 5894 LXVII.

2039 5615 2435 5684 lestauientum
2471 5615 2780 5684 relinquere
2837 5613 3009 5668 cuivis
3071 5619 3397 5684 concessum
3463 5599 3603 5656 erat.

2040 5679 2159 5738 για.
2203 5678 2373 5752 Epist.
2410 5678 2722 5766 Juliani'Ad
2754 5685 3078 5742 Bosa-enses.
3113 5679 3202 5734 ιν.
3240 5678 3462 5733 Lowrﬂ.

3164 5837 3238 5893 39
