2028 3163
242 173 311 202 129.7

977 166 1149 196 SOZOMENI

1793 165 1863 194 £228

242 231 284 259 cis
301 230 412 266 quidem
431 228 631 257 immunitatem
649 236 757 257 omnem
775 232 858 264 atque
873 227 1007 256 honorem
1019 248 1026 260 ,

1080 227 1149 263 ὑπὲρ
1166 226 1256 254 αὐτῶν
1272 226 1414 261 ιιειμένους
1430 225 1529 261 νόμους
1545 224 1646 258 ἀνεῖλε,
1666 223 1714 251 καὶ
1727 224 1785 255 τοῖς
1803 223 1864 259 βου-

244 281 271 304 ct
290 283 415 303 annonas
435 282 449 301 a
469 274 634 302 Constantio
651 274 782 309 praebitas
800 274 920 301 ademit:
940 274 1029 309 leges-

243 330 298 357 que
315 321 341 347 in
358 327 452 347 earum
469 320 585 354 gratiam
604 319 675 346 latas
700 319 862 355 abrogavit:
885 320 960 354 ipsos
982 319 1030 347 de-

245 367 328 400 nique
343 365 429 393 curiis
447 365 578 392 restituit.
594 364 616 391 A
634 364 796 393 mulieribus
814 365 896 393 etiam
913 365 948 393 ob
965 372 1029 400 ege-

243 415 341 438 statem
360 411 434 438 clero
452 410 598 446 ascriptis,
617 410 650 438 ab
666 411 734 446 ipsis
750 418 860 446 quoque
875 411 1029 446 virginibus

244 464 276 484 ac
301 455 411 489 viduis,
436 463 469 483 ea
492 463 553 491 quae
572 463 606 483 ex
632 456 743 491 publico
769 461 936 492 acceperant
958 456 1030 492 exigi

241 501 335 536 jussit.
361 501 430 528 Nam
457 508 519 528 cum
541 500 742 530 Constantinus
766 501 951 530 Ecclesiarum
975 506 1031 530 sta-

245 551 303 573 tum
321 545 479 579 ordinaret,
494 553 528 572 ex
543 546 658 574 tributis
672 546 855 582 singularium
870 547 1028 581 civitatum,

244 596 348 626 partem
369 599 429 626 quae
447 591 481 618 ad
499 591 630 620 alimenta
648 591 771 627 paranda
786 592 939 625 suﬁiceret,
956 593 1030 620 clero

244 637 379 672 cujusque
409 636 486 664 urbis
512 637 672 670 distribuit,
701 638 784 673 idque
800 638 860 674 lege
880 639 934 666 lata
961 646 1030 667 con-

244 682 362 710 tinuavit
376 690 382 708 :
396 690 457 717 qua:
472 682 581 717 quidem
597 683 639 711 lex
656 684 806 711 etiamnum
828 690 937 717 manet,
951 693 982 713 ex
997 693 1031 713 eo

244 732 368 763 tempore
383 736 437 763 quo
454 727 582 757 Julianus
597 733 639 757 est
658 733 802 762 mortuus,
820 730 966 766 diligenter
982 739 1031 759 cu-

246 773 359 800 stodita.
379 773 455 801 Hanc
471 781 553 809 porro
570 774 741 801 exactionem
757 775 980 804 crudelissimam
999 784 1032 805 ac

245 818 469 846 molestissimam
493 817 579 846 fuisse
605 818 708 846 ferunt.
725 819 875 848 Testantur
889 821 916 848 id
933 822 1032 850 tabula

246 863 280 890 ab
290 860 472 891 exactoribus
489 867 555 891 tunc
575 864 683 892 traditae
702 865 737 893 iis
756 865 802 901 qui
826 866 934 894 solvere
956 874 1031 896 eom-

1080 273 1231 308 λευτηρίοις
1243 272 1378 300 ἀπέδωκε.
1392 272 1481 307 Μέχρι
1495 280 1525 297 τε
1538 270 1681 307 παρθένων
1696 270 1744 297 καὶ
1762 269 1863 307 χηρῶν,

1079 318 1128 350 τὰς
1143 318 1177 344 δι’
1188 318 1289 345 ἔνδειαν
1303 318 1331 344 ἐν
1347 318 1403 349 τοῖς
1419 317 1531 353 κλήροις
1543 316 1723 352 τεταγμένας,
1735 315 1864 352 είσπράτ-

1079 365 1173 392 τεσθαι
1191 364 1370 401 προσέταξεν,
1383 365 1402 391 ἃ
1417 364 1481 400 πρὶν
1493 363 1569 400 παρὰ
1592 364 1638 390 τοῦ
1655 362 1786 398 δημοσίου
1804 362 1864 388 ἑκο-

1081 411 1204 446 μίσαντο.
1229 410 1324 437 Ὴνίκα
1339 410 1394 445 γὰρ
1408 410 1613 441 Κωνσταντίνος
1631 408 1667 435 τὰ
1678 408 1736 434 τῶν
1752 407 1865 442 Ἐκκλη-

1081 455 1145 483 σιῶν
1164 455 1284 482 διέταττε
1305 456 1466 491 πράγματα,
1493 455 1527 481 ὲκ
1552 454 1607 481 τῶν
1630 454 1749 489 ἑκάστης
1764 453 1866 485 πόλεως

1080 501 1170 537 φόρων
1190 501 1225 528 τὰ
1243 500 1379 536 ἀρκοῦντα
1405 500 1474 536 πρὸς
1501 500 1679 535 παρασκευὴν
1707 498 1866 533 ἐπιτηδείων

1080 548 1212 583 ἀπένειμε
1233 549 1289 579 τοῖς
1308 547 1445 582 πανταχοῦ
1468 547 1597 582 κλήροις,
1616 545 1664 573 καὶ
1683 545 1758 581 νόμῳ
1788 544 1866 571 τοῦτο

1080 594 1238 629 ἐκράτυνεν,
1251 593 1289 625 ὡς
1302 593 1348 620 καὶ
1356 592 1403 619 νῦν
1416 593 1521 628 κρατεῖ,
1536 591 1566 624 ἐξ
1573 589 1603 619 οὗ
1610 591 1741 627 τέθνηκεν
1755 590 1865 617 Ἰουλια-

1081 639 1126 670 νὸς
1147 638 1283 674 ἐπιμελῶς
1310 638 1519 673 φυλαττόμενος.
1544 636 1696 671 Ὠμιηάτην
1711 635 1740 662 δὲ
1756 635 1803 662 καὶ
1818 645 1865 670 χα-

1080 684 1238 719 λεπωτάτην
1250 683 1328 718 τήνδε
1341 682 1465 717 γενέσθαι
1475 681 1541 716 φασὶ
1554 681 1604 717 τὴν
1622 680 1777 716 εἴσπραξιν.
1790 681 1866 715 Map-

1080 729 1157 764 τυρεῖ
1167 728 1196 754 δὲ
1213 727 1261 754 καὶ
1274 727 1308 754 τὰ
1327 727 1386 753 τότε
1404 726 1480 762 παρὰ
1492 725 1546 752 τῶν
1559 725 1722 761 πρακτόρων
1735 725 1865 760 γενόμενα

1081 773 1258 808 γραμματεῖα
1282 770 1337 807 (75)
1356 772 1413 802 τοῖς
1439 770 1659 805 είσπραχθετσιν,
1676 770 1717 801 εις
1732 770 1865 802 ἀπόδειξιν

1081 819 1130 854 τῆς
1142 818 1293 853 ἀναδόσεως
1305 814 1343 845 ὧν
1358 817 1504 852 εἰλήφεσαν
1519 815 1591 843 κατὰ
1602 815 1648 843 τὸν
1662 815 1865 842 Κωνοταντίνου

1080 863 1173 899 νόμον.
1187 863 1244 890 Οὐκ
1267 863 1296 890 ἐν
1311 862 1416 894 τούτοις
1438 862 1468 889 δὲ
1496 861 1576 896 μόνον
1590 861 1682 888 ἵστατο
1698 862 1715 895 ἠ
1737 860 1785 887 τοῦ
1802 869 1865 896 κρα-

244 909 317 945 pulsi
336 908 462 942 fuerant,
475 909 573 944 quibus
591 909 783 938 ostenderetur
798 911 951 940 reddidisse
969 912 1029 940 illos

1081 910 1189 942 τυῦντος
1200 909 1263 945 περὶ
1278 908 1326 945 τὴν
1336 908 1482 944 θρησκείαν
1494 907 1625 943 ἀπέχθεια
1639 915 1646 922 ⁸
1663 906 1764 941 σπουδῇ
1776 906 1805 933 δὲ
1819 905 1864 932 τοῦ

244 962 278 982 ea
293 962 353 990 quae
369 962 403 982 ex
417 954 593 982 Constantini
611 955 668 991 lege
682 961 855 992 acceperant.
868 956 923 984 Nec
937 961 1030 985 tamen

246 1000 291 1028 hic
305 1000 381 1029 stetit
394 999 486 1028 odium
498 1001 631 1036 principis
643 1000 774 1029 adversus
786 1002 945 1037 religionem
955 1003 1031 1030 Chri-

247 1047 372 1075 stianam.
393 1045 495 1074 Verum
510 1051 539 1074 ut
551 1051 611 1074 erat
625 1046 733 1076 infenso
747 1048 774 1075 in
791 1048 863 1076 hanc
877 1048 1030 1076 doctrinam

247 1091 356 1124 animo,
385 1092 491 1119 nullum
514 1093 631 1120 nocendi
655 1101 742 1129 genus
763 1095 952 1130 praetermisit,
975 1102 1031 1130 quo

247 1135 399 1164 Ecclesiam
416 1136 599 1165 subverteret.
612 1138 680 1165 Nam
695 1142 722 1166 et
737 1146 803 1174 opes
816 1147 912 1167 earum
923 1159 930 1173 ,
946 1145 974 1167 et
987 1140 1032 1168 do-

247 1181 324 1209 naria
337 1189 370 1209 ac
387 1189 468 1209 sacra
479 1190 544 1209 vasa
557 1182 660 1210 ademit
673 1191 679 1209 :
692 1186 719 1210 et
732 1183 846 1211 deorum
858 1185 959 1220 templa
971 1192 1032 1220 quae

248 1227 402 1263 principatu
418 1227 590 1256 Constantini
604 1233 631 1256 et
645 1228 801 1257 Constantii
816 1229 957 1259 destructa
970 1230 1032 1258 fue-

248 1277 328 1306 rant,
344 1274 378 1301 ab
392 1273 426 1301 iis
442 1274 509 1309 ipsis
532 1274 578 1309 qui
600 1282 632 1302 ea
650 1275 859 1309 destruxerant,
881 1276 1032 1304 instaurari

250 1318 357 1353 coegit,
372 1322 419 1345 aut
433 1318 521 1353 pretia
537 1326 634 1346 eorum
651 1319 781 1354 persolvi.
797 1319 853 1347 Has
867 1320 902 1348 ob
916 1328 1030 1362 causas,

248 1372 310 1391 cum
330 1368 459 1391 neutrum
483 1364 597 1392 istorum
621 1369 751 1400 praestare
764 1371 892 1401 possent,
907 1375 939 1395 ac
962 1376 1032 1404 prae-

246 1411 321 1435 terea
334 1415 419 1435 sacra:
426 1415 491 1443 opes
506 1409 631 1438 studiose
640 1411 874 1445 perquirerentur,
887 1412 965 1449 187
974 1414 1032 1449 epi-

247 1453 323 1488 scopi
339 1452 422 1481 simul
439 1456 466 1481 et
482 1453 595 1487 clerici,
613 1457 641 1482 et
659 1462 693 1482 ex
714 1455 793 1490 plebe
812 1457 1032 1486 Christianorum

247 1506 301 1525 non
317 1499 416 1534 pauci,
441 1499 612 1534 gravissimis
638 1501 785 1529 tormentis
808 1502 930 1536 subditi,
954 1509 981 1531 et
1004 1504 1031 1531 in

247 1551 384 1572 carcerem
409 1544 527 1579 conjecti
550 1549 626 1573 sunt.
646 1545 831 1583 Undecunque
849 1549 933 1583 igitur
948 1550 1033 1585 conji-

248 1598 310 1627 cere
324 1590 404 1624 licet,
419 1590 493 1626 quod
506 1591 618 1626 quidem
633 1592 666 1620 ad
680 1593 769 1621 caedes
782 1599 808 1622 ct
822 1593 856 1621 ad
871 1602 957 1623 novos
972 1603 1032 1623 cor-

248 1644 344 1671 porum
360 1637 501 1665 cruciatus
517 1638 632 1671 attinet,
650 1646 713 1666 eum
729 1640 859 1668 leniorem
876 1640 961 1669 fuisse
976 1642 1032 1670 illis

248 1683 294 1717 qui
312 1682 450 1711 Ecclesias
465 1686 545 1710 antea
562 1682 674 1711 fuerant
687 1685 845 1719 persecuti;
867 1686 895 1713 in
916 1687 1031 1722 reliquis

246 1735 312 1756 vero
333 1728 513 1756 acerbiorem.
536 1727 644 1755 Etenim
675 1729 750 1756 omni
772 1737 806 1756 ex
831 1734 909 1764 parte
934 1730 1042 1758 Eccle-‘

247 1773 316 1802 siam
331 1780 445 1802 vexasse
460 1773 676 1809 deprehenditur
690 1783 697 1801 :
714 1774 767 1801 nisi
791 1775 865 1810 quod
885 1776 1031 1811 episcopos

247 1820 295 1855 qui
311 1824 443 1856 regnante
453 1820 616 1848 Constantio
629 1821 743 1856 relegati
758 1821 877 1855 fuerant,
887 1823 921 1850 ab
935 1822 1033 1850 exsilio

247 1865 395 1893 revocavit.
412 1865 487 1893 Istud
506 1872 597 1894 tamen
617 1873 673 1894 non
697 1866 874 1894 miseratione
897 1867 1033 1903 impulsus

246 1909 363 1943 iussisse
376 1909 480 1938 dicitur
494 1930 503 1944 ,
518 1910 566 1939 sed
583 1914 611 1938 ut
624 1918 657 1938 ex
679 1911 786 1939 mutuis
801 1911 873 1939 inter
890 1911 953 1940 illos
964 1919 1033 1940 con-

247 1955 417 1984 tentionibus
429 1974 437 1988 ,
452 1955 575 1984 Ecclesia
589 1956 663 1984 civili
679 1956 750 1983 bello
771 1955 986 1990 conﬂictaretur,
1004 1961 1031 1986 et

246 2008 263 2028 a
274 2000 333 2028 suis
349 2000 484 2029 institutis
499 2001 664 2030 descisceret
677 2010 685 2035 ;
701 2002 744 2030 vel
758 2006 835 2030 certe
849 2007 879 2029 ut
892 2002 1027 2031 Constan-

246 2047 314 2074 tium
327 2047 427 2082 probro
438 2046 567 2075 adiceret.
581 2046 680 2075 Odium
693 2047 766 2075 enim
776 2048 897 2075 omnium
910 2047 966 2076 iere
977 2047 1028 2075 Ro-

245 2099 388 2120 manorum
398 2092 426 2120 in
440 2092 516 2119 illum
527 2113 534 2126 ,
543 2092 606 2120 licet
615 2096 755 2120 mortuum
765 2113 773 2126 ,
785 2100 815 2121 se
826 2093 1027 2120 concitaturum

245 2146 309 2167 esse
329 2139 471 2174 sperabat,
494 2138 518 2166 si
539 2145 662 2174 paganos
684 2138 809 2173 quidem,
836 2142 931 2173 utpote
954 2138 1026 2166 idem

1081 956 1152 992 πρὸς
1168 956 1199 983 τὸ
1222 956 1309 991 δόγμα
1334 955 1446 990 μίσους,
1468 955 1543 981 οὐδὲν
1565 951 1633 984 εἴδος
1659 953 1808 988 παρέλιπεν
1828 953 1865 983 είς

1081 1001 1239 1037 καθαίρεσιν
1249 1002 1297 1036 τῆς
1319 1000 1491 1035 Ἐκκλησίας.
1509 1000 1645 1034 Χρήματα
1658 1008 1688 1024 τε
1703 999 1750 1024 καὶ¹
1761 998 1794 1024 τὰ
1804 999 1865 1024 ἀνα-

1082 1046 1202 1082 Θήματα,
1217 1047 1264 1073 καὶ
1279 1045 1314 1072 τὰ
1339 1044 1400 1081 ἱερὰ
1416 1044 1499 1079 σκεύη
1527 1044 1724 1079 ἀφαιρούμενος
1742 1052 1749 1058 ”
1763 1043 1825 1074 τούς
1838 1051 1865 1068 τε

1081 1092 1301 1127 καταϐληθέντας
1316 1091 1384 1123 νεὼς
1397 1091 1444 1117 ἐπὶ
1456 1091 1505 1126 τῆς
1517 1090 1720 1116 Κωνσταντίνου
1737 1089 1783 1115 καὶ
1796 1089 1865 1114 Κων-

1083 1138 1205 1165 σταντίου
1240 1137 1388 1173 ἡγεμονίας
1423 1136 1581 1172 βιαζόμενος
1615 1137 1677 1167 τοὺς
1706 1135 1865 1165 καθελόντας

1081 1183 1277 1219 ἀνοικοδομεῖν,
1290 1183 1308 1218 ἢ
1331 1182 1379 1215 τὰς
1397 1182 1467 1217 ὑπὲρ
1480 1182 1569 1209 αὐτῶν
1583 1182 1763 1215 ἁποτιμήσεις
1782 1180 1866 1206 ἐκτιν-

1081 1229 1164 1256 νύειν.
1183 1229 1229 1255 Ἐκ
1243 1228 1272 1255 δὲ
1285 1227 1397 1259 τούτων,
1415 1227 1559 1262 μηδέτερον
1571 1226 1704 1252 ἐπιτελεῖν
1715 1226 1865 1259 δυνάμενοι,

1082 1274 1193 1309 προσέτι
1209 1273 1238 1300 δὲ
1257 1273 1304 1300 καὶ
1319 1272 1368 1308 τὴν
1384 1272 1549 1307 ἀναζήτησιν
1566 1272 1620 1306 (74)
1635 1272 1689 1297 τῶν
1705 1271 1784 1305 ἱερῶν
1802 1279 1865 1304 χρη-

1084 1320 1186 1355 μάτων,
1197 1320 1278 1355 ἱερεῖς
1288 1328 1318 1345 τε
1328 1319 1375 1345 καὶ
1386 1318 1511 1353 κληρικοὶ
1523 1318 1632 1345 καὶτῶν
1644 1317 1730 1344 ἄλλων
1738 1318 1865 1352 Χριστια-

1083 1365 1136 1392 νῶν
1146 1365 1248 1397 πολλοὶ,
1263 1364 1388 1399 χαλεπῶς
1399 1363 1599 1395 ἐϐασανίζοντο,
1611 1363 1657 1390 καὶ
1673 1363 1866 1398 δεσμωτηρίοις

1082 1409 1265 1436 ἐνεϐάλλοντο.
1296 1409 1379 1435 ’Ὥστε
1402 1408 1568 1443 πανταχόθεν
1591 1407 1756 1443 συμϐάλλειν
1782 1407 1866 1439 ἐστιν,

1083 1454 1170 1489 φόνων
1194 1454 1244 1489 μὲν
1270 1454 1351 1481 ἕνεκα
1372 1454 1419 1481 καὶ
1440 1454 1578 1490 περινοίας
1598 1454 1653 1482 τῶν
1676 1454 1717 1486 είς
1736 1453 1768 1480 τό
1791 1453 1866 1488 σῶμα

1082 1500 1238 1536 τιμωριῶν,
1256 1499 1438 1535 μετριώτερον
1458 1500 1537 1526 αὑτὸν
1552 1499 1679 1534 γενέσθαι
1697 1499 1753 1526 τῶν
1769 1498 1866 1534 προτοῦ

1083 1544 1234 1577 διωξάντων
1247 1545 1295 1580 τὴν
1303 1544 1475 1580 Ἐκκλησίαν·
1488 1546 1517 1572 ὲν
1532 1545 1562 1572 δὲ
1573 1545 1628 1577 τοῖς
1641 1544 1730 1577 ἄλλοις
1745 1543 1865 1580 χαλεπώ-

1082 1600 1170 1627 τερον.
1184 1591 1308 1618 Φαίνεται
1319 1591 1373 1626 γὰρ
1387 1592 1417 1619 ὲν
1436 1592 1518 1618 πᾶσιν
1529 1591 1614 1626 αὐτὴν
1627 1591 1721 1623 κακῶς
1733 1591 1846 1626 ποιήσας
1857 1598 1865 1607 ⁸

1083 1637 1152 1672 πλὴν
1176 1637 1217 1663 ὅτι
1245 1637 1308 1668 τοὺς
1341 1637 1485 1673 ἀλλοτρίαν
1514 1638 1597 1664 οἰκεῖν
1621 1637 1865 1668 καταδικασθέντας

1082 1681 1171 1716 ἱερέας
1182 1681 1228 1707 ἐπὶ
1235 1682 1284 1716 τῆς
1300 1681 1489 1708 Κωνσταντίου
1500 1681 1647 1716 βασιλείας,
1657 1681 1864 1716 μετεκαλέσατο.

1081 1727 1198 1761 Λέγεται
1208 1727 1236 1754 δὲ
1255 1727 1293 1763 μὴ
1305 1728 1391 1763 φειδοῖ
1412 1729 1445 1762 τῇ
1461 1728 1524 1763 περὶ
1538 1727 1636 1759 αὐτοὺς
1649 1728 1735 1754 ταῦτα
1753 1727 1866 1763 προστά-

1082 1774 1125 1806 ξαι
1142 1782 1149 1788 ·
1165 1773 1223 1800 ἀλλ’
1237 1773 1317 1806 ὥστε,
1334 1773 1350 1809 ἢ
1367 1773 1419 1800 ὑπὸ
1431 1774 1479 1809 τῆς
1496 1773 1565 1809 πρὸς
1577 1773 1706 1807 ἀλλήλους
1721 1773 1808 1809 ἔριδος
1821 1773 1866 1808 ὲμο

1082 1819 1169 1854 φυλίῳ
1192 1819 1266 1855 μάχῃ
1287 1818 1465 1854 πολεμεῖσθαι
1490 1819 1540 1854 τὴν
1560 1818 1735 1853 Ἐκκλησίαν,
1748 1818 1795 1844 καὶ
1815 1817 1865 1845 τῶν

1082 1864 1190 1891 οἰκείων
1207 1864 1366 1900 διαμαρτεῖν
1380 1864 1488 1899 θεσμῶν
1497 1871 1505 1880 ·
1519 1865 1536 1900 ἦ
1553 1864 1743 1891 Κωνστάντιον
1757 1863 1867 1891 διαϐάλ-

1081 1908 1144 1936 λων.
1163 1909 1243 1944 ᾭετο
1258 1910 1312 1945 γὰρ
1331 1909 1423 1945 σχεδὸν
1439 1910 1506 1944 πρὸς
1518 1911 1573 1937 πᾶν
1583 1910 1613 1936 τὺ
1629 1909 1750 1946 ὑπήκοον
1770 1911 1816 1937 καὶ
1825 1917 1868 1935 τε-

1081 1954 1242 1990 λευτήσαντι
1261 1955 1362 1990 τούτῳ,
1384 1956 1462 1990 μῖσος
1486 1955 1712 1989 κατασκευάζειν,
1734 1955 1798 1987 τοὺς
1819 1954 1867 1990 μὲν

1087 1999 1271 2034 Ἐλληνιστὰς,
1288 2000 1326 2032 ὡς
1342 2000 1495 2035 ὁμόφρονας
1509 2000 1683 2035 θεραπεύων
1698 2000 1763 2032 τοὺς
1776 1999 1804 2026 δὲ
1825 1998 1867 2026 διὰ

1080 2045 1196 2080 Χριστὸν
1206 2045 1249 2071 ἐπ’
1258 2045 1361 2072 ἐκείνου
1370 2045 1462 2077 κακῶς
1472 2045 1617 2078 παθόντας,
1627 2045 1665 2077 ὡς
1675 2044 1756 2080 ὴδικη
1761 2045 1864 2080 μένους,

1080 2091 1173 2118 ἐλεῶν.
1189 2091 1295 2126 Ἀμέλει
1307 2099 1346 2118 τοι
1354 2090 1402 2117 καὶ
1413 2092 1474 2123 τοὺς
1487 2091 1639 2126 εὐνούχους,
1648 2090 1686 2122 ὡς
1700 2090 1775 2126 αὐτῷ
1789 2098 1866 2117 κατα-

1081 2136 1194 2172 θυμίους
1209 2157 1216 2170 ,
1233 2137 1288 2163 τῶν
1304 2136 1446 2172 βασιλειῶν
1468 2136 1604 2169 ὲξέὸαλεν.
1625 2136 1758 2163 Εὑσέὁιον
1772 2136 1798 2163 δὲ
1821 2136 1864 2163 τὸν

843 2194 976 2222 VALESII
997 2195 1275 2224 ANNOTATIONES.

244 2239 515 2278 tivouemendarunt.
543 2239 650 2278 Primus
666 2240 738 2278 enim
757 2240 956 2278 Constantinus
970 2242 1027 2276 pri-

1116 2243 1172 2278 (74)
1183 2242 1308 2278 Προσέτι
1320 2242 1365 2278 ’δέ
1384 2243 1432 2270 καὶ
1450 2240 1720 2278 τὴν,ἀναζήτησιν-ἶ
1742 2240 1862 2278 (ῖίιιςίδιοῖ

244 2274 343 2309 vilegia
354 2278 381 2302 et
393 2282 517 2302 annonas
530 2274 636 2301 clericis
645 2274 750 2302 tribuit.
765 2275 845 2303 Certe
859 2274 1027 2309 Nicepllorus

246 2310 273 2337 in
291 2310 342 2336 hoc
358 2309 501 2337 Sozomeni
519 2309 580 2336 loco
605 2309 670 2343 legit
684 2310 897 2337 Κωνσταντίνου.
914 2309 980 2337 Nam
999 2312 1026 2338 in

244 2351 305 2378 cap.
337 2344 354 2371 5
376 2344 425 2371 lib.
441 2351 457 2370 χ
482 2344 518 2370 ita
543 2343 639 2371 scribit
656 2351 662 2368 :
679 2343 748 2369 Ὅσα
774 2344 802 2370 δὲ
827 2345 1028 2378 Κωνσταντῖνος

244 2379 384 2419 κληρικοίς
402 2379 487 2419 ὲπρίει
513 2378 657 2419 σιτηρέσιῆ
677 2378 731 2419 καὶ.
745 2378 883 2411 ἀτελείας,
905 2380 935 2406 τὸ
949 2380 1027 2419 ἓεῖον

243 2412 341 2448 τιμῶν,
355 2413 500 2448 περιεῖλεν,
514 2412 581 2440 εις(
597 2412 702 2439 Mallem
725 2417 813 2448 tamen
835 2421 927 2441 vocem
948 2416 1027 2441 Κων-

244 2446 368 2475 σταντίου
384 2446 548 2482 expungere,
566 2451 658 2482 utpote
669 2446 844 2481 superﬂuam.
866 2448 945 2476 Certe
963 2449 1027 2483 Epi-

245 2483 363 2517 phanius
381 2483 569 2510 Scholasticus
594 2488 654 2509 eam
679 2483 883 2517 nonagnoscit.
897 2483 942 2510 Sic
955 2485 1026 2511 enim

242 2515 325 2543 vertit
338 2517 411 2545 hunc
423 2517 567 2544 Sozomeni
583 2517 671 2543 locum
690 2525 696 2542 :
713 2515 821 2544 Clericis
837 2524 924 2544 autem
939 2519 1026 2545 omnia

241 2552 388 2587 privilegia,
406 2552 527 2583 honores,
558 2550 807 2586 consuetudinesque
833 2553 977 2585 subtraxit,
1002 2558 1027 2580 et

243 2588 310 2621 leges
321 2587 420 2620 positas
434 2595 480 2621 pro
490 2587 526 2614 eis
539 2588 627 2614 solvit.

277 2622 439 2659 uernam
467 2622 527 2649 τῶν
556 2621 690 2659 πατέρων
718 2623 877 2659 γενόμενα,
898 2630 1028 2659 γραμμα-

241 2656 313 2683 τεῖα.
326 2657 404 2692 llunc
420 2657 508 2685 locum
525 2657 666 2692 emendavi
684 2656 726 2685 ex'
743 2656 935 2692 manuscriptis
951 2656 1027 2685 codi—

241 2692 320 2719 cibus
333 2691 483 2719 Fuketiano
499 2697 526 2719 et
543 2691 642 2719 Leonis
656 2692 758 2724 Allatii,
784 2692 810 2719 in
823 2691 923 2727 quibus
936 2694 1027 2721 scribi-

241 2730 286 2752 tur
302 2727 377 2762 παρὰ
405 2727 458 2753 τῶν
474 2727 645 2762 πρακτόρων,
660 2732 713 2755 etc.
731 2727 878 2755 Exactores
889 2731 915 2754 et
931 2736 1027 2755 susce-

240 2761 347 2795 ptorcs'
362 2762 535 2798 tributorum,
563 2769 577 2788 a
609 2761 855 2798 Graecisdicuntur
874 2763 1026 2798 πράκτορες

240 2797 281 2823 vel
291 2797 457 2832 πρακτῆρες.
470 2797 620 2832 ltaquoqne
629 2797 693 2832 legit
705 2797 885 2832 Nicephorus,
897 2802 926 2823 ut
936 2797 1027 2825 videre

239 2831 318 2859 estin
334 2831 423 2867 capite
435 2832 452 2859 4
464 2832 510 2860 lib.
527 2839 543 2858 κ
559 2840 565 2859 :
581 2831 756 2867 γραμματεῖα
771 2831 835 2859 vero
847 2832 1027 2866 suntapochae

235 2872 288 2893 seu
304 2867 476 2901 sewritatcs,
502 2871 571 2901 (luas
592 2868 671 2902 vulgo
694 2866 859 2899 Quittantias
887 2874 1024 2895 vocamus.

1098 2275 1234 2304 liorsomis
1251 2281 1277 2304 ct
1293 2276 1411 2305 Savilius
1422 2275 1613 2307 emendarnnt,
1636 2275 1749 2309 προσέτι
1772 2275 1799 2301 δὲ
1819 2276 1863 2302 καὶ

1101 2286 1234 2304 norsonus
1251 2286 1277 2304 et
1293 2286 1411 2305 bavuius
1422 2286 1613 2307 emenaarnnt,
1636 2286 1749 2309 προσετι
1772 2286 1799 2301 σε
1819 2286 1863 2302 και

1078 2286 1192 2354 ξήτησιν
1204 2311 1258 2339 τῶν
1275 2312 1354 2354 ιερῶν
1370 2312 1527 2354 χρημάτων.
1548 2311 1865 2354 Mallemtaltnenlemen-

1078 2343 1147 2374 dare
1159 2347 1210 2373 hoc
1235 2343 1492 2382 modonrpo'ae’i'rtﬂé
1520 2346 1592 2372 κατὰ
1615 2344 1668 2382 τὴν
1687 2343 1862 2379 ἀναζήτησιν.

1078 2382 1152 2418 Duas
1165 2381 1237 2418 enim
1252 2389 1349 2418 causas
1362 2379 1440 2418 all‘crt
1450 2381 1629 2418 Sozomenus,
1636 2379 1679 2418 εἰ»
1688 2386 1760 2418 quas
1776 2386 1864 2406 sacer-

1078 2417 1154 2444 dotes
1168 2413 1466 2454 et‘clericihmultique
1483 2423 1516 2454 ex
1533 2415 1611 2454 plebe
1633 2413 1861 2454 Christianorum,

1079 2450 1222 2478 tormentis
1250 2447 1351 2478 subditi
1374 2447 1437 2478 snn't
1462 2447 1616 2485 principatu
1643 2448 1756 2485 Iuliani.
1775 2447 1862 2475 Prima

1078 2490 1120 2523 est
1139 2486 1213 2520 quia,
1245 2493 1307 2513 cum
1335 2486 1407 2520 jussi
1419 2483 1512 2513 essent
1530 2483 1630 2523 templa
1643 2483 1789 2523 gentilium
1804 2489 1862 2518 qua

1078 2518 1280 2552 destrinxerant,
1301 2518 1423 2552 reticere,
1437 2524 1485 2547 aut
1505 2519 1621 2554 pretium
1636 2525 1684 2552 pro
1699 2518 1733 2544 iis
1743 2518 1860 2554 solvere,

1078 2561 1204 2582 neutrum
1224 2559 1354 2589 prmstare
1373 2552 1513 2590 poterant.—
1527 2554 1619 2590 Altera
1633 2556 1685 2584 est,
1702 2552 1767 2590 quia
1787 2559 1861 2590 sacra

1079 2597 1142 2617 vasa
1156 2594 1183 2617 et
1199 2587 1311 2617 donaria
1325 2587 1501 2617 ecclesiarum
1515 2596 1575 2624 quae
1589 2587 1787 2624 Constantinus
1800 2588 1859 2621 imp.

1077 2626 1111 2652 iis
1125 2625 1283 2657 donaverat,
1294 2625 1327 2652 ab
1342 2625 1397 2652 illis
1409 2621 1628 2659 requirebantur.
1645 2621 1713 2659 Quae
1729 2629 1793 2659 cum
1807 2625 1860 2659 tra-

1078 2660 1141 2688 dere
1150 2660 1252 2697 nollent
1261 2655 1362 2697 clerjci,
1372 2655 1560 2697 crudelissime
1569 2655 1861 2697 torquebantur-Amri-

1080 2704 1154 2730 μενοι
1173 2695 1255 2730 igitur
1278 2694 1394 2730 refertur
1410 2695 1442 2721 ad
1453 2691 1696 2730 ispei;_._quod_nou
1711 2691 1860 2730 viditChri-

1077 2726 1412 2765 stophor'sonuszllectius
1427 2726 1517 2763 itaque
1532 2726 1672 2765 Musonius
1687 2726 1760 2753 hunc
1774 2726 1859 2765 locum

1078 2760 1274 2798 interpretatus
1288 2763 1374 2791 fuerat
1407 2764 1458 2791 hoc
1473 2760 1563 2790 -modo
1580 2771 1586 2789 :
1601 2762 1668 2789 Cum
1694 2766 1782 2787 autem
1798 2760 1859 2799 nihil

1077 2800 1169 2826 horum
1180 2804 1306 2834 prwslare
1316 2804 1430 2833 possent,
1442 2804 1466 2826 et
1480 2803 1508 2824 ut
1518 2798 1623 2831 insuper
1633 2803 1729 2834 sacras
1738 2798 1859 2829 pecunias

1076 2832 1232 2868 proferrem.
1249 2835 1362 2869 graviter
1379 2834 1576 2869 torquebantur,
1588 2837 1612 2859 et
1630 2832 1656 2858 in
1673 2838 1791 2858 carceres
1804 2837 1861 2857 tal-

1077 2869 1233 2899 iiciebmuur
1243 2868 1391 2897 Sarerdolu
1405 2874 1428 2896 et
1444 2868 1544 2901 clerici,
1564 2872 1617 2894 etc.
