4056 6326
398 399 557 476 1235'

1331 416 1654 474 HISTORIA
1692 402 2240 497 ECCLESIASTICA.
2280 445 2349 458 -
2392 405 2520 471 LIB.
2578 414 2642 470 γ.

3496 405 3666 460 1235'

394 534 769 615 δὲσμωτήριον
795 580 809 607 ,
840 539 1154 614 ἀναιροῦσιν
1203 541 1365 596 αὐτόν
1391 558 1403 572 ο
1437 542 1531 595 καὶ
1583 541 1810 611 καμήλῳ
1853 541 1961 592 ἐπι-

2077 540 2296 610 quidem
2344 552 2468 593 eum
2519 536 2575 591 in
2617 533 2834 589 vincula
2879 530 3251 600 coniecerunt.
3296 524 3468 581 Paulo
3513 530 3638 594 post

393 634 599 697 θέντες,
624 632 1081 706 διημερεύσαντές
1109 649 1170 685 τε
1202 634 1261 686 ἐν
1279 635 1400 697 ταῖς
1426 633 1548 687 κατ’
1567 631 1732 685 αὐτοῦ
1757 630 1967 703 ῦσρεσι,

395 723 521 794 περὶ
561 723 742 794 δείλην
775 723 935 793 ὀψίαν
981 723 1114 792 πυρὶ
1146 723 1489 794 παρέδωκαν.
1519 723 1634 777 Οὐκ
1674 721 1852 792 ἀγνοῶ
1890 722 1967 788 δέ,

393 814 468 878 ὡς
491 815 541 868 οί
567 815 675 868 ἀπὸ
705 814 806 885 τῆς
835 815 1043 886 Ἀρείου
1068 814 1363 885 αἱρέσεως,
1385 814 1511 868 τάδε
1533 813 1752 880 λέγουσι
1778 811 1971 866 παθεῖν

394 908 486 962 τὸν
513 907 788 979 Γεώργιον
819 908 955 978 πρὸς
982 908 1092 961 τῶν
1123 907 1216 961 τοῦ
1246 905 1567 961 ’Δθανασίου
1596 904 1966 959 σπουδαστῶν.

406 997 550 1068 Ἐγὼ
586 997 644 1051 δὲ
681 999 793 1052 τῶν
833 997 1193 1068 Ἑλληνιστῶν
1230 997 1472 1071 ἡγοῦμαι
1505 997 1705 1070 μᾶλλον
1741 993 1882 1051 εἶναι
1909 995 1971 1049 τδ

392 1089 579 1161 δρᾶμα
611 1107 626 1122 ο
661 1089 1011 1161 λογιζόμενος
1050 1091 1126 1155 ὡς
1153 1090 1371 1163 μείζους
1421 1082 1568 1144 οὗτοι
1610 1090 1704 1143 καὶ
1751 1088 1970 1150 πλείους

395 1180 652 1252 ἀφορμὰς
686 1181 884 1251 μίσους
909 1182 1046 1252 πρὸς
1072 1181 1235 1236 αὐτὸν
1267 1176 1411 1252 εἶχον
1434 1219 1451 1246 ,
1483 1181 1579 1236 καὶ
1603 1181 1838 1252 μάλιστα
1871 1180 1968 1252 τὴν

394 1272 524 1343 περὶ
551 1272 620 1326 τὰ
667 1271 831 1336 ξόανα
861 1272 954 1326 καὶ
984 1272 1110 1336 τοὺς
1151 1275 1314 1337 ναοὺς
1353 1272 1549 1344 ὓϐριν,
1583 1272 1677 1326 καὶ
1715 1273 1816 1344 τὴν
1858 1271 1968 1327 τῶν

395 1364 595 1418 θυσιῶν
627 1363 738 1435 (78)
770 1365 866 1420 καὶ
901 1366 1148 1437 πατρίων
1178 1366 1433 1420 κώλυσιν.
1477 1366 1754 1420 Ἑπέτεινε
1785 1365 1844 1419 δὲ
1869 1364 1968 1434 τὴν

393 1454 532 1525 πρὸς
567 1454 730 1508 αὐτὸν
769 1455 1065 1526 ἀπέχθειαν
1088 1496 1104 1520 ,
1132 1457 1226 1511 καὶ
1251 1457 1285 1527 ἡ
1319 1458 1378 1510 ἐν
1407 1457 1523 1520 τοῖς
1562 1455 1854 1526 βασιλείοις
1878 1455 1970 1509 δύ-

394 1563 590 1616 ναμις·
621 1545 716 1599 καὶ
763 1541 854 1600 οἷα
899 1547 1046 1616 φιλεῖ
1074 1547 1247 1619 δῆμος
1301 1547 1438 1618 πρὸς
1478 1548 1606 1612 τοὺς
1651 1547 1710 1602 ἐν
1742 1547 1966 1618 δυνάμει

393 1637 645 1708 πάσχειν,
681 1637 784 1691 οὐκ
826 1637 1052 1692 ἀνεκτὸν
1096 1638 1345 1708 ἡγοῦντο.
1375 1637 1520 1710 Πρὸς
1552 1637 1608 1691 δέ
1629 1637 1840 1701 τούτοις
1873 1637 1967 1690 καὶ

391 1726 593 1781 τοιόνδε
623 1726 748 1782 τότε
784 1727 982 1798 συνέϐη
1026 1728 1155 1798 περὶ
1177 1727 1239 1781 τὸ
1272 1727 1604 1798 καλούμενον
1629 1727 1758 1798 παρ’
1784 1726 1966 1790 αὐτοῖς

390 1818 622 1890 Μίθριον
642 1836 657 1851 ο
685 1813 875 1873 τοῦτον
913 1818 1024 1890 γὰρ
1049 1819 1140 1873 τὸν
1169 1819 1334 1872 τόπον
1362 1820 1568 1890 ἔρημον
1602 1818 1770 1872 πάλαι
1813 1817 1966 1886 γενό-

394 1926 555 1979 μενον
582 1952 597 1976 ,
652 1910 965 1980 ἐδωρήσατο
1016 1910 1392 1974 Κωνστάντιος
1439 1912 1505 1981 τῇ
1573 1908 1965 1982 Ἀλεξανδρέων

405 2001 724 2074 Ἐκκλησία.
765 2003 1037 2074 Γεωργίου
1090 2002 1148 2055 δὲ
1204 2003 1286 2065 είς
1336 2001 1640 2072 ἐπισκοπὴν
1673 2000 1965 2072 εὐκτηρίου

388 2091 540 2146 οῐκου
576 2093 686 2164 (79)
733 2094 1193 2162 ἀνακαθαίροντος
1216 2133 1231 2157 ,
1280 2093 1470 2148 ἄδυτον
1511 2093 1752 2164 ἀνεφάνη
1771 2109 1786 2124 ·
1838 2093 1895 2146 ἐν
1921 2086 1967 2161 ᾧ

390 2185 553 2251 ξόανα
585 2187 682 2256 μὲν
708 2186 840 2249 ἴσως
877 2186 972 2239 καὶ
997 2185 1204 2256 ὄργανά
1233 2203 1356 2240 τινα
1394 2183 1592 2257 εὑρέθη
1631 2185 1742 2239 τῶν
1777 2184 1965 2240 ἐνθάδε

389 2275 510 2328 τότε
541 2275 820 2345 μυούντων
857 2277 889 2347 ἦ
915 2276 1272 2346 τελουμένων,
1299 2276 1336 2331 ἃ
1358 2279 1472 2340 τοῖς
1498 2276 1665 2348 ὁρῶσι
1694 2275 1883 2346 γέλοιὰ
1904 2294 1964 2330 τε

391 2368 486 2420 καλ⁸
523 2367 648 2431 ξένα
697 2368 891 2423 ἐδόκει.
942 2367 1188 2438 Δημοσίᾳ
1240 2367 1298 2420 δὲ
1351 2366 1526 2421 ταῦτα
1583 2366 1877 2438 προθέντες
1913 2367 1962 2420 οἱ

390 2457 740 2527 Χριστιανοὶ,
772 2457 1087 2526 ἐπόμπευον
1115 2455 1544 2520 ἐπιτωθάζοντες
1578 2458 1692 2520 τοῖς
1720 2455 1962 2525 Ἑλληνι-

390 2550 562 2611 σταῖς.
588 2547 654 2603 Οί
684 2547 762 2614 δὲ,
797 2547 998 2618 πλῆθος
1022 2549 1101 2611 είς
1125 2547 1289 2600 ταυτὺ
1311 2547 1660 2616 συλλεγέντες
1685 2585 1700 2610 ,
1732 2546 1965 2618 ἐπῆλθον

390 2642 506 2702 τοῖς
549 2641 896 2712 Χριστιανοῖς
928 2655 942 2670 ⁸
989 2640 1039 2692 οί
1096 2639 1194 2710 μὲν
1229 2638 1438 2706 ξίφεσιν
1490 2637 1523 2708 ἢ
1557 2637 1759 2702 λίθοις·
1814 2638 1866 2690 οἱ
1905 2637 1964 2690 δὲ

389 2729 560 2798 ἑτέρῳ
616 2747 695 2801 τῳ
751 2731 828 2795 ὡς
881 2730 1070 2802 ἔτυχεν
1130 2731 1536 2800 ὁπλισάμενοι·
1587 2729 1682 2782 καὶ
1736 2729 1963 2793 πολλοὺς

389 2820 674 2884 ἀνελόντες
696 2861 712 2886 ,
737 2822 862 2886 τοῦς
893 2821 949 2875 δὲ
983 2822 1076 2875 καὶ
1107 2821 1520 2892 σταυρώσαντες
1560 2823 1647 2892 ἐφ’
1682 2821 1837 2894 ῦὸρει
1863 2823 1963 2892 τῆς

389 2908 687 2980 θρησκείας
708 2950 725 2974 ,
752 2910 1090 2981 τραυματίας
1126 2912 1251 2975 τοὺς
1277 2910 1562 2974 πλείστους
1597 2912 1959 2982 κατέστησαν.

402 2997 498 3051 Ἐκ
535 2997 593 3051 δέ
632 2998 820 3052 τούτου
847 3039 863 3065 ,
916 2999 1235 3071 Χριστιανοὶ
1271 3000 1370 3069 μὲν
1420 2999 1480 3053 τὸ
1518 2999 1718 3071 ἀρχθέν
1777 2999 1959 3070 ἔργον,

386 3088 576 3152 ἀτελὲς
600 3089 957 3158 ἐγκατέλιπον
977 3107 991 3122 ·
1018 3091 1067 3143 οἱ
1095 3089 1152 3143 δέ
1189 3088 1527 3161 Ἐλληνισταὶ
1551 3130 1566 3155 ,
1598 3089 1961 3162 ἐπιλαϐούσης

383 3180 485 3250 τῆς
545 3179 832 3236 Ἰουλιανοῦ
889 3180 1163 3252 βασιλείας
1184 3221 1198 3244 ,
1253 3180 1345 3234 τὸν
1396 3180 1669 3251 Γεώργιον
1723 3181 1955 3235 ἀνεῖλον.
1985 3204 2028 3262 C

383 3269 752 3341 Μαρτυρεῖδέ
789 3271 884 3325 καὶ
927 3269 1182 3342 βασιλεὺς
1215 3269 1377 3334 αὐτὸς
1416 3269 1563 3324 τοῦθ’
1594 3269 1764 3334 οὕτως
1791 3269 1956 3340 ἔχειν.

385 3361 566 3433 Ὅπερ
596 3364 696 3416 οὐκ
725 3362 792 3417 ἂν
821 3362 1205 3434 ὡμολόγησεν,
1238 3363 1288 3416 εί
1326 3363 1401 3434 μὴ
1445 3363 1549 3416 ὑπὸ
1572 3363 1672 3432 τῆς
1704 3362 1959 3433 ἀληθείας

383 3450 610 3522 ἐϐιάσθη
646 3466 660 3482 ⁸
699 3452 860 3524 ἤθελε
911 3453 1022 3524 γὰρ
1043 3491 1057 3518 ,
1092 3447 1246 3523 οἶμαι
1269 3491 1285 3517 ,
1318 3452 1679 3524 Χριστιανοὺς
1718 3453 1960 3524 οίουσδή-

385 3558 519 3594 ποτε
541 3541 652 3613 (80)
675 3583 692 3609 ,
724 3543 758 3614 ἢ
792 3543 1056 3614 Ἕλληνας
1092 3538 1385 3607 εἶναιτοὺς
1419 3543 1694 3616 Γεωργίου
1739 3544 1955 3612 φονέας.

396 3633 540 3685 Ἀλλ’
571 3635 722 3703 ὅμως
779 3635 876 3688 οὐκ
903 3635 1258 3706 ἀπεκρύψατο
1280 3650 1296 3664 ·
1344 3618 1594 3704 φαίνεται
1643 3634 1770 3702 γοῦν
1801 3636 1858 3688 ἐν
1889 3636 1956 3705 τῇ

382 3724 515 3794 περὶ
540 3725 729 3780 τούτου
764 3726 895 3797 πρὸς
941 3726 1321 3796 Ἀλεξανδρέας
1370 3727 1628 3798 ἐπιστολῇ
1678 3726 1833 3791 δόξας
1861 3744 1958 3797 χα-

381 3813 677 3869 λεπαίνειν.
718 3815 896 3887 Μέχρι
941 3815 999 3869 δὲ
1051 3816 1393 3887 γραμμάτων
1446 3817 1604 3887 μόνον
1651 3817 1956 3887 ἐμέμψατο,

382 3905 479 3958 καὶ
496 3903 596 3975 τὴν
615 3905 885 3976 τιμωρίαν
916 3905 1326 3978 συνεχώρησενο
1351 3907 1509 3969 αὶδοῖ,
1543 3909 1697 3977 φησὶ,
1726 3910 1792 3978 τῇ
1822 3909 1958 3980 πρὸς

381 3994 629 4065 Σάραπιν
652 3994 744 4049 τὸν
787 3995 966 4050 αὐτῶν
1008 3997 1323 4068 πολιοῦχον,
1351 3997 1445 4050 καὶ
1486 3998 1834 4070 Ἀλέξανδρον
1866 3999 1957 4053 τὸν

379 4084 628 4155 οἰκιστὴν
651 4125 666 4149 ,
715 4087 809 4140 καὶ
855 4087 1138 4142 Ἰουλιανδν
1199 4088 1291 4142 τὸν
1325 4089 1490 4142 αὐτοῦ
1534 4089 1702 4154 θεῖον,
1755 4091 1814 4153 ὃς
1853 4091 1959 4164 πρὸ

379 4173 573 4229 τούτου
599 4175 876 4244 Αἰγύπτου
899 4179 993 4230 καὶ
1013 4178 1114 4247 τῆς
1150 4179 1556 4250 Ἀλεξανδρείας
1576 4182 1746 4251 αὐτῆς
1767 4178 1952 4253 ἦρξενο

379 4267 525 4338 ἀνὴρ
574 4267 632 4332 ἐς
676 4269 746 4323 τὰ
778 4270 1012 4339 μάλιστα
1044 4270 1384 4343 Ἐλληνισμῷ
1429 4273 1634 4346 χαίρων
1657 4315 1670 4338 ,
1705 4275 1797 4328 καὶ
1831 4276 1957 4340 τοὺς

379 4357 740 4426 Χριστιανοὺς
766 4357 1058 4431 ὑπερφυῶς
1094 4361 1290 4430 μισῶν,
1325 4361 1401 4422 ὡς
1438 4363 1500 4415 τό
1529 4380 1593 4432 γε
1622 4367 1740 4419 κατ’
1772 4367 1954 4432 αὐτὸν,

380 4446 702 4499 ὑπεναντίον
725 4448 825 4516 τῆς
863 4449 961 4502 τοῦ
990 4451 1318 4522 κρατοῦντος
1347 4452 1572 4524 γνώμης
1594 4495 1608 4519 ,
1635 4457 1728 4511 καὶ
1764 4458 1956 4530 μέχρις

377 4532 613 4602 αἵματος
642 4534 827 4598 κακῶς
854 4535 1042 4591 παθεῖν
1080 4539 1204 4603 τοὺς
1239 4541 1616 4611 Χριστιανούς.

456 4683 470 4711 ¹
510 4679 690 4748 Socr.,
713 4683 811 4739 lib.
845 4701 927 4752 ιιι,
964 4701 1012 4740 c.
1053 4686 1108 4740 2.
1147 4690 1166 4719 ²
1197 4686 1357 4754 lbid.,
1383 4703 1434 4744 c.
1468 4689 1521 4745 5.

2074 647 2235 697 vero,
2272 631 2450 701 prima
2493 628 2617 682 luce
2655 625 2724 679 ad
2768 636 3048 678 carcerem
3081 619 3472 681 decurrentes,
3505 629 3633 670 eum

2073 721 2391 787 trucidant;
2423 729 2477 775 et
2504 718 2714 773 camelo
2740 714 3092 785 impositum,
3138 711 3280 766 cum
3315 724 3414 779 per
3457 715 3653 761 totum.

2071 813 2217 868 diem
2263 810 2617 867 contumeliis
2658 807 3004 869 aﬂ‘ecissent,
3040 802 3258 857 tandem
3291 800 3396 856 sub
3447 813 3638 868 vespe-

2071 914 2194 954 rum
2222 899 2480 954 inccndio
2505 901 2990 965 consumpserunt.
3023 893 3135 948 Nec
3175 891 3370 961 ignoro
3395 887 3666 948 Arianos:

2071 987 2289 1056 quidem
2333 985 2604 1040 afﬁrmare
2662 983 2956 1054 Georgium
2993 983 3099 1037 ista
3153 995 3377 1052 passum
3411 993 3534 1034 esse
3569 977 3637 1032 ab

2070 1075 2357 1130 Athanasii
2385 1075 2718 1130 fautoribus.
2771 1073 2884 1143 Ego
2931 1085 3059 1126 vero
3101 1071 3205 1125 hoc
3256 1069 3468 1124 facinus
3507 1083 3637 1140 geu-

2070 1165 2247 1220 tilium
2283 1163 2455 1221 fuisse
2494 1163 2680 1236 potius
2709 1163 3000 1228 existimo;
3047 1159 3404 1216 considerans
3448 1158 3638 1214 videli-

2068 1265 2155 1312 cet
2197 1270 2293 1311 eos
2322 1256 2509 1326 plures
2568 1263 2621 1312 ct
2651 1256 2935 1326 graviores
2973 1252 3084 1308 odii
3129 1266 3332 1308 causas
3379 1250 3436 1305 in
3483 1249 3637 1304 illum

2069 1347 2330 1403 habuisse
2349 1386 2366 1412 ,
2397 1346 2674 1416 praecipue
2714 1346 2785 1400 ob
2814 1343 3178 1400 contumelias
3209 1341 3430 1412 templis
3463 1356 3526 1396 ac
3559 1341 3638 1396 si-

2068 1436 2333 1491 mulacris
2367 1437 2550 1492 illatas
2575 1475 2590 1500 ,
2621 1442 2677 1490 et
2709 1436 2779 1489 ob
2807 1433 3076 1489 sacriﬁcia
3128 1447 3192 1487 ac
3238 1433 3446 1502 patrios
3496 1432 3638 1485 ritus

2067 1526 2394 1597 prohibitos.
2433 1524 2537 1580 Sed
2568 1532 2624 1582 et
2656 1524 2954 1579 auctoritas
2989 1537 3100 1594 qua
3144 1523 3384 1593 pollebat
3430 1524 3486 1578 in
3532 1522 3636 1576 im-

2068 1619 2343 1687 peratoris
2374 1616 2580 1687 palatio
2603 1656 2617 1681 ,
2650 1615 2836 1670 odium
2864 1615 3065 1670 civium
3098 1614 3155 1670 in
3186 1614 3340 1669 illum
3367 1623 3592 1669 auxerat
3621 1631 3636 1668 :

2067 1717 2253 1779 atque,
2283 1717 2342 1764 ut
2372 1706 2724 1779 soletvulgus
2751 1707 2936 1762 animo
2961 1706 3215 1762 affectum
3248 1721 3369 1762 esse
3385 1720 3513 1776 erga
3540 1721 3637 1777 po-

2067 1801 2379 1866 tentiores,
2426 1814 2550 1856 eum
2606 1799 3007 1855 intolerabilem
3061 1797 3171 1853 sibi
3225 1781 3636 1853 existimabant.

1995 1877 2039 1939 Β
2067 1889 2358 1945 Acciderat
2386 1896 2650 1960 praeterea
2676 1887 2960 1959 quidpiam
2991 1887 3047 1942 in
3072 1887 3193 1941 loco
3216 1900 3378 1957 quem
3403 1885 3638 1940 Alexan-

2066 1979 2211 2035 drini
2247 1979 2524 2034 Mithrium
2561 1987 2760 2035 vocant
2794 1980 2832 2035 ‘.
2872 1978 3030 2034 Hunc
3073 1977 3219 2034 enim
3269 1978 3478 2040 locum,
3513 1993 3649 2032 cunt,

2063 2072 2174 2142 jam
2208 2072 2424 2143 pridem
2455 2073 2712 2127 desertus
2761 2077 2944 2135 esset,
2995 2067 3498 2124 Alexandrinorum
3540 2065 3639 2122 Ec-

2065 2167 2248 2222 clesiae
2298 2165 2664 2221 Constantius
2714 2164 3036 2219 donaverat.
3074 2162 3184 2218 Sed
3217 2175 3342 2217 cum
3369 2159 3646 2230 Georgius

2066 2257 2135 2311 ad
2158 2257 2543 2313 exstruendatn
2567 2256 2679 2310 illic
2695 2253 2982 2309 ecclesiam
2997 2268 3122 2309 eum
3147 2257 3483 2322 repurgaret,
3507 2249 3638 2320 ady-

2067 2357 2180 2402 tum
2211 2347 2486 2416 quoddam
2518 2344 2813 2416 apparuit:
2855 2344 2911 2397 in
2954 2357 3062 2412 quo
3104 2341 3400 2397 simulacra
3448 2340 3640 2406 nescio

2065 2455 2186 2510 quae
2205 2479 2219 2504 ,
2248 2447 2301 2495 et
2332 2439 2700 2493 instrumenta
2728 2445 2946 2505 reperta
2974 2442 3138 2500 sunt,
3168 2447 3359 2490 eorum
3389 2433 3482 2505 qui
3509 2443 3639 2488 tunc

2067 2529 2334 2600 temporis
2383 2544 2546 2585 saera
2589 2527 2878 2584 tradebant
2907 2535 2964 2583 et
2995 2526 3358 2597 accipiebant.
3403 2524 3478 2579 Ea
3509 2540 3638 2580 vero

2065 2623 2301 2678 ridicula
2337 2621 2632 2678 admodum
2663 2637 2728 2676 ac
2756 2622 3043 2691 peregrina
3078 2619 3457 2688 spectantibus
3505 2627 3636 2676 sunt

2062 2715 2202 2771 visa.
2237 2714 2368 2782 Quae
2398 2714 2700 2772 Christiani
2733 2713 2951 2783 publice
2983 2719 3356 2783 proponentes
3379 2749 3393 2775 ,
3441 2709 3636 2770 tradu-

2062 2821 2191 2862 cere
2223 2815 2516 2876 cmperunt
2536 2845 2552 2870 ,
2587 2803 2874 2860 irridendo
2903 2818 3166 2875 paganos.
3195 2803 3266 2860 At
3293 2802 3372 2857 illi
3407 2817 3646 2863 numero.

2061 2897 2487 2968 quamplurimi,
2523 2897 2576 2951 in
2615 2910 2784 2949 unum
2813 2894 3166 2966 congregati,
3204 2894 3260 2948 in
3288 2893 3636 2952 Christianos

2061 2992 2280 3047 irruunt
2306 3007 2322 3056 ;
2353 3004 2483 3059 pars
2509 2988 2707 3059 gladiis
2727 2995 2784 3043 et
2815 2976 3087 3057 lapidibus
3116 3001 3128 3038 :
3159 3001 3286 3056 pars
3312 2985 3472 3040 obvio
3498 2999 3634 3054 quo.

2061 3097 2167 3151 que
2198 3081 2306 3136 telo
2335 3081 2560 3135 armati.
2591 3077 2888 3148 Multisque
2922 3076 3226 3133 interfectis
3249 3116 3264 3142 ,
3300 3075 3651 3146 quibusdam

2061 3173 2226 3228 etiam
2255 3171 2321 3227 ad
2346 3169 2632 3241 religionis
2659 3177 2865 3226 nostra:
2885 3167 3276 3224 contumeliam
3303 3169 3452 3224 cruci
3479 3169 3631 3224 sulli-

2060 3263 2166 3325 xis,
2194 3261 2468 3332 plurimos
2493 3260 2814 3316 vulneratos
2844 3259 3204 3330 reliquerunt.
3232 3257 3384 3314 Hanc
3411 3258 3481 3314 ob
3509 3273 3636 3314 cau-

2059 3369 2178 3410 sam
2208 3353 2515 3410 Christiani
2554 3351 2778 3423 quidem
2823 3366 2964 3422 opus
3006 3349 3155 3421 quod
3202 3350 3649 3414 inchoaveram,

2059 3445 2442 3518 imperfectum
2493 3445 2794 3501 dimisere:
2842 3443 3001 3520 190
3045 3441 3290 3512 gentiles
3321 3457 3486 3506 vero,
3537 3441 3634 3498 Ju—

2057 3540 2207 3594 liano
2258 3537 2548 3608 imperium
2604 3537 2865 3600 ineunte,
2917 3532 3214 3603 Georgium
3265 3531 3631 3588 trucidarunt.

2058 3630 2223 3701 quue
2273 3631 2350 3684 ita
2401 3645 2464 3686 se
2504 3629 2714 3683 habere
2755 3628 2873 3696 ipse
2904 3625 3204 3694 imperator
3242 3631 3497 3680 testatur.
3529 3624 3632 3693 Qui

2056 3722 2310 3794 profecto
2344 3725 2628 3790 nun'quam
2666 3719 2719 3773 id
2754 3717 3045 3772 confessus
3074 3721 3250 3778 esset,
3289 3715 3395 3772 nisi
3431 3715 3633 3770 veritas

2059 3816 2179 3884 ipsa
2231 3827 2356 3870 eum
2411 3812 2704 3882 adegisset.
2750 3809 3032 3864 Maluisset
3073 3809 3256 3873 enim,
3307 3815 3365 3862 ut
3412 3807 3630 3877 opinor,

2057 3903 2406 3960 Christianos
2435 3909 2532 3957 aut
2559 3915 2923 3971 quoscunque
2955 3899 3131 3965 alios,
3162 3898 3388 3968 Georgii
3411 3898 3634 3953 interfe-

2058 4002 2242 4051 ctores
2271 4008 2434 4061 esse,
2481 4008 2646 4061 quam
2691 4005 2956 4062 paganos.
2994 3989 3098 4045 Sed
3137 4000 3316 4044 tamen
3345 3989 3629 4044 veritatem

2058 4089 2137 4144 rei
2168 4101 2280 4141 non
2311 4085 2509 4140 celavit
2539 4087 2582 4137 ‘.
2617 4083 2768 4159 Etjn
2809 4083 3041 4152 epistola
3083 4081 3304 4151 quidem
3346 4094 3512 4150 quam
3559 4081 3629 4134 ad

2057 4177 2463 4234 Alexandrinos
2490 4189 2555 4230 ea
2587 4178 2654 4229 de
2684 4188 2744 4228 re
2775 4173 3028 4243 scripsit,
3063 4173 3218 4229 visus
3257 4180 3344 4228 est
3385 4173 3629 4243 graviter

2058 4283 2406 4328 succensere.
2437 4265 2641 4322 Verum
2677 4266 2877 4320 litteris
2925 4265 3189 4319 duntaxat
3229 4278 3325 4319 eos
3371 4263 3629 4333 objurga-

2056 4360 2156 4416 vit.
2187 4359 2412 4413 Poenam
2441 4371 2578 4413 vero
2607 4356 2858 4420 remisit,
2894 4356 2947 4408 in
2984 4355 3246 4425 gratiam,
3281 4361 3344 4409 ut
3371 4354 3487 4424 ipse
3518 4353 3625 4418 ait,

2061 4451 2346 4522 Serapidis
2373 4449 2626 4521 prasidis
2653 4463 2844 4504 eorum
2876 4447 3032 4502 urbis
3049 4487 3064 4513 ,
3089 4455 3145 4502 et
3172 4445 3467 4502 Alexandri
3497 4461 3627 4500 con-

1983 4537 2028 4592 D
2058 4544 2294 4612 (litoris,
2329 4551 2382 4600 et
2412 4541 2617 4607 Iuliani
2647 4541 2906 4602 avunculi
2940 4540 3025 4600 sui
3049 4579 3064 4605 ,
3110 4540 3202 4610 qui
3237 4547 3398 4595 antea
3435 4538 3626 4609 praefe-

1581 4825 1848 4881 VALESII
1880 4825 2432 4883 ANNOTATIONES.

451 4909 561 4977 (78)
580 4910 686 4994 ιςιει
711 4910 824 4994 τῂον
845 4912 1233 4994 τῶν-οΔὺσιῷν.
1260 4919 1544 4994 Assentior
1560 4920 1950 4994 Christophor-

378 4993 517 5062 sono
544 4979 854 5062 et‘Savili‘o,
885 4987 977 5062 qui
1007 4987 1208 5062 θυσιῶν
1261 4990 1644 5062 emendatum,
1666 5061 1672 5062 ί
1697 4979 1823 5046 licet
1859 5008 1948 5047 rc-

376 5049 748 5128 elamantibus
794 5049 1189 5128 libris.__Cert_e
1255 5061 1517 5116 orationis
1570 5049 1743 5116 series
1791 5063 1949 5116 aliter

377 5117 546 5197 scribi
581 5135 688 5174 non
721 5123 950 5197 patitur.
983 5125 1322 5197 Nicephorus
1356 5138 1536 5184 tamen
1568 5131 1766 5185 οὐσιῶν
1797 5133 1948 5197 legit,

376 5188 1254 5273 et.bonorum“publicationem
1294 5213 1324 5252 ιι
1363 5199 1667 5273 Sozomeno
1719 5188 1948 5273 intelligi

376 5259 733 5341 cristimavit.
761 5259 852 5341 Sic
875 5265 1020 5341 enim
1053 5266 1198 5341 hunc
1221 5266 1507 5322 Sozomeni
1532 5270 1712 5341 locum
1733 5259 1951 5341 expres-

375 5327 452 5412 sit
470 5327 780 5412 z'KtohJovrt
801 5333 1022 5412 ἐκείνων
1043 5336 1109 5412 τά
1125 5335 1348 5412 πάτρια,
1376 5339 1722 5412 κᾳτασπῶντί
1751 5327 1950 5407 τέ’τοὺς

375 5399 601 5479 ἐκείνων
631 5399 912 5479 νθεὼςηκαὶ
933 5404 1030 5467 τὰς
1052 5399 1569 5476 οὐσίας’δημεύοντι.
1599 5408 1797 5464 Verum
1834 5399 1958 5468 haec.

375 5465 667 5589 ῗέῗὲρὴοτί
690 5465 1259 5544 conjectura—prorsus
1290 5465 1525 5532 absurda
1545 5495 1668 5536 esse
1701 5482 1831 5535 mihi
1867 5465 1944 5537 vi;

413 5551 556 5589 Cllll'.

449 5605 684 5689 (79)-βξ(
707 5607 1050 5689 ἐπισκρπῖιν
1076 5615 1390 5689 adempt-ou
1421 5617 1607 5689 οξκου.
1635 5619 1944 5689 Amplcclor

377 5675 818 5758 emendationem
844 5675 1326 5758 (IIIriStophorsdni
1359 5696 1412 5739 ct
1443 5675 1653 5752 Savilii,
1687 5675 1776 5758 qui
1827 5675 1942 5743 emi

379 5745 576 5867 (mana);
610 5747 792 5815 legunt
818 5765 914 5817 pro
944 5745 1264 5824 ἐπισκοπὴν,
1293 5764 1452 5827 atque
1476 5757 1546 5810 ita
1576 5745 1768 5832 legislsc
1795 5763 1944 5818 vidc-

380 5823 470 5866 tur
549 5818 856 5867 tcenhurus.

380 5823 470 5866 tur
502 5818 856 5887 Nicephurus.

2125 4925 2238 4993 (80)
2264 4923 2656 4993 Χριστιανοὺς
2685 4924 3101 4991 οὲουσδήποτε.
3121 4923 3278 4980 llunc
3301 4925 3480 4980 locum
3522 4925 3620 4978 ali-

2051 5001 2132 5048 ter
2162 4994 2512 5048 scribendum
2540 4995 2750 5063 putavit
2777 4995 3140 5062 Nicepltorus.
3172 4995 3261 5049 Sic
3284 4995 3430 5050 enim
3457 4994 3624 5063 habet

2052 5064 2123 5136 in
2146 5079 2268 5136 cap.
2296 5063 2329 5117 6
2367 5064 2464 5136 lib.
2499 5061 2569 5117 x':
2605 5064 2713 5136 Καὶ
2733 5065 2840 5136 γὰρ
2878 5061 3060 5136 ᾑρεῖτο
3093 5064 3452 5136 Χριστιανοῦς
3482 5061 3621 5117 εῖναι

2051 5133 2174 5195 τοὺς
2195 5133 2465 5213 Γεωργίου
2506 5133 2719 5202 φονέας,
2774 5131 3087 5256 ίῐὶῠζπεροίους
3140 5131 3356 5204 δήποτε.
3405 5131 3620 5203 Langtts

2053 5210 2259 5256 tamen.
2319 5210 2588 5256 tnternres
2618 5202 2785 5256 Nicen
2826 5207 2942 5256 ori.
2988 5205 3313 5256 scripturam
3369 5203 3619 5256 codicum

2053 5210 2259 5266 tamen,
2319 5202 2588 5270 interpres
2618 5202 2942 5272 Nicephori,
2988 5202 3313 5272 scripturam
3369 5202 3619 5272 codicum

2051 5282 2364 5327 nostrorum
2395 5273 2546 5340 sequi
2585 5271 2794 5327 maluit.
2829 5273 2919 5327 Sic
2951 5271 3283 5328 enimvcrtit
3311 5293 3322 5326 :
3356 5271 3619 5326 Christia-

2052 5360 2144 5398 nos
2202 5351 2360 5402 certe,
2418 5342 2800 5411 quglescunque
2855 5343 2974 5396 illos
3021 5341 3250 5405 tandem,
3310 5342 3618 5411 Geargiqgtaz

2053 5414 2234 5475 cwdis,
2275 5408 2439 5482 quam
2466 5408 2966 5476 Curetis—auctores
2996 5412 3158 5480 fuisse
3204 5408 3467 5482 ntahtiset.
3503 5408 3617 5482 _Ubi

2053 5499 2156 5537 vox
2210 5477 2335 5545 illa,
2396 5483 2811 5551 qualescunque,
2867 5477 3116 5551 designat
3171 5489 3281 5551 tam
3336 5477 3615 5551 haereticos

2051 5570 2212 5621 quam
2267 5546 2621 5607 orthodoxos.
2668 5546 2855 5608 Posset
2897 5546 3060 5605 etiam
3125 5551 3211 5602 hic
3246 5550 3418 5621 _|0(:t_|_s
3461 5546 3616 5597 aliter

2051 5617 2348 5679 emendari.
2417 5623 2618 5678 inserta
2676 5623 2937 5690 particula
2998 5621 3098 5690 hoc
3141 5617 3616 5690 modo_;_X_pn_cr:a-

2050 5695 2170 5756 νοῦς
2213 5694 2243 5762 ἢ
2299 5695 2439 5755 οἴους
2500 5693 2560 5760 δή
2616 5683 2762 5756 ποτε,
2813 5701 2955 5762 ςιο.,
3011 5689 3061 5741 id
3113 5693 3229 5762 est,
3266 5683 3615 5762 Christianos

2051 5751 2559 5886 (ιριήιὶηίρδίιίηῳιέ
2586 5751 2759 5829 alios,
2807 5751 3018 5815 Jmlzcos
3070 5755 3278 5812 scilicet
3326 5764 3415 5809 aut
3449 5751 3610 5807 Malti-

2051 5848 2244 5886 sucos.

2048 5848 2244 5887 ριιίυοδ.
