4056 6326
481 385 614 441 I255

1959 393 2304 452 SOZOMENI

3552 411 3658 467 1136

479 515 602 562 ctus
668 506 849 563 fuerat
897 507 1116 579 Egypti
1172 516 1338 580 atque
1381 510 1744 569 Alexandriae.
1808 511 1906 569 Vir
1955 517 2245 586 gentilium
2278 516 2660 588 superstitioni
2699 532 2867 590 supra
2903 521 3128 578 modum
3183 521 3448 590 addictus,
3508 536 3556 583 et
3589 529 3660 598 qui

479 600 822 657 Christianos
853 603 1183 671 gravissimo
1230 603 1358 659 odio
1397 606 1874 676 prosequebatur:
1914 610 2055 665 adeo
2095 618 2176 678 ut,
2217 619 2485 682 quantum
2518 613 2738 683 quidem
2786 616 2843 670 in
2881 615 3002 686 ipso
3068 627 3219 686 erat,
3254 628 3431 675 contra
3478 620 3662 694 impera.

479 693 614 747 toris
645 694 972 749 sententiam
1003 696 1315 766 persecutio
1349 696 1798 754 Christianorum
1845 699 1910 757 ad
1958 702 2160 758 caedem
2193 719 2372 774 usque
2405 706 2765 774 processerit.

1097 787 1248 842 CAP.
1294 787 1430 844 VIII.

479 873 555 929 De
574 873 848 931 Theodoro
882 894 1160 932 sacrorum
1186 895 1432 935 vasorum
1457 882 1670 937 custode
1686 884 2050 939 Antiochensis

550 944 803 1018 Ecclesia:
827 962 846 1001 :
865 956 931 1018 et
948 949 1210 1018 quomodo
1241 948 1497 1007 Julianus
1525 953 1816 1008 avunculus
1839 953 2049 1009 Ιαίίαηί

543 1015 816 1083 Αροειαιω
835 1060 849 1084 ,
881 1015 1131 1074 οὺσαεηι
1162 1036 1290 1074 vasa
1319 1021 1549 1090 violata,
1577 1039 1612 1076 α
1641 1024 1898 1078 vermibus
1929 1041 2051 1078 cor-

543 1100 694 1139 νοειιε
725 1096 824 1141 est.

545 1175 648 1242 Qui
699 1191 824 1232 cum
873 1184 1007 1233 tunc
1073 1180 1340 1250 temporis
1373 1181 1762 1239 Antiochensis
1791 1182 2052 1240 Ecclesiae

476 1267 705 1322 donaria
727 1306 741 1331 ,
771 1283 894 1338 quae
921 1269 1159 1339 plurima
1188 1280 1345 1326 erant
1369 1286 1434 1328 ac
1461 1275 1866 1342 pretiosissima
1885 1316 1898 1338 ,
1929 1276 2050 1331 ade-

474 1358 665 1414 misset
684 1398 699 1423 ,
730 1367 784 1413 et
805 1359 861 1413 in
886 1359 1235 1428 imperatoris
1253 1361 1510 1417 aerarium
1536 1363 1828 1419 transferri
1855 1378 2052 1420 curas-

474 1457 588 1518 set,
621 1464 922 1520 sacrasque
954 1451 1096 1508 aedes
1129 1453 1345 1509 occludi
1381 1453 1675 1523 jussisset,
1711 1470 1902 1512 omnes
1937 1465 2050 1513 sta-

474 1541 572 1594 tim
623 1541 814 1596 clerici
859 1541 1141 1612 aufugisse
1189 1542 1469 1599 dicuntur.
1518 1542 1680 1600 Solus
1725 1543 2048 1603 Theodorus

473 1630 762 1703 presbyter
796 1634 1061 1688 remansit
1090 1635 1144 1688 in
1180 1633 1426 1689 civitate.
1471 1633 1642 1700 Quem
1693 1635 1817 1702 ille,
1859 1645 2050 1706 utpote

473 1737 758 1778 sacrorum
791 1739 1049 1780 vasorum
1081 1725 1366 1782 custodem
1387 1769 1402 1794 ,
1437 1727 1530 1797 qui
1566 1741 1758 1782 eorum
1792 1729 2045 1783 notitiam

474 1813 694 1870 tradere
707 1815 931 1884 valeret,
945 1817 1399 1888 comprehensum
1427 1817 1747 1888 gravissime
1760 1819 2044 1874 cruciavit.

474 1904 726 1975 Cumque
759 1908 906 1962 inter
949 1916 1219 1963 tormenta
1261 1908 1387 1963 forti
1416 1909 1603 1964 animo
1628 1911 2044 1980 respondisset,

475 1995 614 2050 etin
644 1995 975 2054 Christianae
1021 1997 1145 2053 ﬁdei
1196 1998 1548 2054 confessione
1600 2001 1923 2069 enituisset,
1977 2004 2047 2058 ad

2752 800 3003 855 ΚΕΦΔΔ.
3040 801 3122 858 H'.

2154 887 2317 967 Hepi_
2342 889 2645 967 Θεοδώρου
2675 891 2782 946 τοῦ
2817 895 3288 967 ρ-κευρςρύλακος
3317 894 3634 967 Ἀντιοχείας
3652 921 3664 936 ·

2223 958 2326 1039 καί
2371 961 2452 1026 ὡς
2489 961 2609 1040 cui)?
2649 961 2889 1040 σκευῶις
2919 958 3096 1040 χάριν
3126 958 3445 1040 Ἰουνξιανός
3483 958 3663 1040 δ’θεῑος

2222 1029 2330 1083 τοῦ
2359 1029 2700 1098 παραϐάτου
2724 1029 3223 1103 σκωλήκόϐρωτος
3253 1029 3491 1104 ἐγένετο.

2221 1185 2452 1253 Λέγεται
2476 1185 2607 1254 γοῦν
2641 1185 3028 1251 σπουδάζοντος
3057 1187 3220 1241 αὐτοῦ
3247 1188 3364 1242 τότε
3398 1170 3663 1260 ἀφελέσθαι,

2152 1278 2244 1332 καὶ
2268 1279 2504 1342 είς“τοὺς
2538 1278 2801 1349 βασιλέως
2837 1279 3165 1351 μεταθέσθαι
3207 1280 3528 1354 θησαυροὺς,
3549 1287 3670 1340 πλεῖ-

2154 1387 2252 1424 στα
2296 1370 2424 1424 ὄντα
2454 1371 2548 1425 καὶ
2585 1371 2886 1442 τιμιώτατα
2909 1373 2979 1427 τὰ
3023 1372 3348 1444 ἀναθήματα
3376 1373 3467 1445 τῆς
3505 1377 3670 1431 Ἀντιο-

2152 1461 2292 1531 χέων
2320 1461 2614 1532 ἐκκλησίας
2635 1501 2648 1525 ,
2702 1463 2797 1516 καὶ
2843 1463 2969 1526 τοὺς
3011 1463 3333 1534 εὐκτηρίους
3367 1465 3548 1526 τόπους
3571 1468 3672 1520 ἀπο-

2151 1554 2382 1620 κλεῖσαι,
2406 1557 2595 1623 φυγεῖν
2621 1555 2720 1625 μέν
2750 1554 2958 1617 πάντας
2979 1556 3104 1618 τοὺς
3126 1555 3440 1625 κληρικούς·
3470 1557 3604 1626 μόνον
3625 1558 3671 1611 δὲ

2150 1642 2424 1713 Θεόδωρον
2472 1643 2565 1695 τὸν
2601 1642 2971 1714 πρεσσύτερον
3015 1651 3046 1692 1
3086 1643 3160 1714 μὴ
3216 1645 3549 1716 ὑποχωρῆσαι
3592 1647 3674 1716 τῆς

2149 1732 2357 1797 πόλεως
2381 1751 2395 1764 ·
2426 1733 2488 1787 ὃν
2533 1734 2609 1797 ὡς
2638 1733 2854 1802 φύλακα
2880 1734 2988 1787 τῶν
3021 1735 3353 1806 κειμηλίων,
3382 1736 3474 1806 τὴν
3501 1736 3674 1790 τούτων

2149 1825 2351 1894 γνῶσιν
2383 1825 2765 1896 καταμηνύσαι
2808 1825 3103 1894 δυνάμενον
3126 1865 3143 1890 ,
3183 1825 3456 1880 συλλαϐὼν
3480 1866 3493 1891 ,
3517 1827 3674 1891 δεινῶς

2148 1917 2377 1989 ᾐκίσατο
2393 1935 2406 1947 ·
2443 1918 2538 1969 καὶ
2579 1919 2640 1970 τὸ
2666 1917 2974 1971 τελευταῖον
3001 1917 3352 1987 ἀναιρεθῆναι
3379 1919 3508 1986 ξίφει
3533 1936 3674 1990 προσ-

2149 2009 2306 2074 έταξε
2332 2049 2346 2074 ,
2377 2009 2526 2080 παρὰ
2551 2011 2732 2063 πᾶσαν
2770 2009 3002 2078 βάσανον
3039 2009 3304 2079 ἀνδρείως
3347 2011 3674 2082 άποκρινάμε·

473 2096 784 2143 extremum
818 2087 1002 2158 gladio
1030 2103 1154 2144 eum
1177 2090 1496 2146 obtruncari
1523 2091 1712 2161 jussit.
1747 2093 2044 2164 Postquam

2152 2117 2236 2155 νον
2263 2142 2278 2166 ,
2327 2101 2420 2154 καὶ
2473 2102 2531 2153 ἐν
2574 2103 2696 2163 ταῖς
2748 2101 2889 2170 ὑπὲρ
2943 2100 3038 2154 τοῦ
3094 2101 3364 2172 δόγματος
3409 2101 3675 2170 ὁμολογίαις

473 2192 606 2233 vero
652 2192 813 2234 sacra
859 2193 993 2235 vasa
1023 2178 1378 2250 diripuisset,
1423 2182 1688 2252 projectis
1717 2183 1829 2240 illis
1870 2185 1924 2238 in
1955 2200 2049 2240 so-

473 2273 590 2327 lum
625 2275 792 2344 erepit
825 2274 1098 2329 illudere:
1149 2283 1203 2330 et
1246 2275 1410 2345 impia
1459 2276 1726 2333 adversus
1769 2277 2048 2333 Christum

473 2378 576 2434 pro
605 2364 774 2419 animi
808 2364 894 2420 sui
921 2365 1150 2420 libidine
1175 2365 1394 2422 locutus
1415 2408 1429 2432 ,
1463 2368 1610 2423 sedit
1643 2383 1812 2439 super
1849 2369 1962 2434 illa,
1997 2377 2052 2424 et

475 2455 874 2512 contumeliam
901 2457 1271 2528 exaggeravit.
1317 2457 1437 2524 Quo
1478 2457 1654 2525 facto,
1701 2461 1888 2515 statim
1930 2459 2052 2530 ejus

474 2548 772 2620 genitalia,
803 2556 860 2604 et
888 2548 1096 2603 circum
1128 2550 1305 2619 posita
1340 2551 1406 2606 ad
1451 2560 1669 2606 meatus
1702 2552 2052 2608 necessarios

475 2639 596 2695 loca
617 2679 633 2703 ,
666 2646 1088 2711 cornuptasunt
1112 2659 1126 2696 :
1159 2651 1213 2696 et
1236 2656 1366 2696 caro
1395 2641 1608 2696 illarum
1637 2641 1874 2712 partium
1902 2657 2053 2697 com-

475 2738 837 2802 putrescens,
885 2731 943 2787 in
979 2747 1194 2789 vermes
1245 2732 1478 2788 ebulliit.
1535 2732 1755 2789 Morbus
1814 2733 2053 2804 denique

474 2823 625 2878 omni
658 2823 997 2879 medicorum
1037 2833 1152 2880 arte
1195 2825 1451 2894 superior
1491 2823 1639 2878 fuit:
1675 2825 1894 2880 tametsi
1943 2839 2054 2893 prae

473 2917 829 2988 imperatoris
850 2917 1157 2973 reverentia
1182 2931 1246 2984 ac
1273 2923 1420 2971 metu
1442 2955 1457 2980 ,
1479 2915 1664 2971 omnia
1685 2915 2052 2971 medicamen-

473 3016 655 3063 torum
688 3008 841 3080 191
873 3022 1072 3080 genera
1103 3008 1315 3079 experti
1345 3017 1568 3073 essent,
1598 3015 1654 3062 et
1685 3006 1946 3077 pretiosis
1989 3021 2054 3061 ac

473 3099 773 3172 pinguibus
806 3100 1002 3156 avibus
1031 3098 1330 3155 immolatis
1351 3138 1366 3165 ,
1401 3099 1614 3170 adipem
1647 3113 1837 3153 earum
1866 3104 2055 3167 putre-

473 3189 638 3248 factis
679 3192 935 3263 corporis
976 3192 1232 3262 partibus
1272 3191 1702 3262 imposuissent,
1742 3197 1796 3246 et
1839 3204 2054 3245 vermes

473 3283 545 3340 ad
573 3283 926 3356 superficiem
959 3285 1104 3339 cutis
1130 3282 1474 3338 elicuissent.
1521 3281 1668 3336 Nihil
1712 3291 1892 3336 tamen
1926 3295 2054 3351 pro-

475 3377 642 3432 iicere
655 3376 970 3431 valuerunt.
993 3373 1130 3428 Nam
1151 3388 1364 3430 vermes
1387 3371 1740 3443 in'profundo
1760 3372 1926 3427 abditi
1947 3411 1962 3436 ,
1986 3372 2054 3427 ad

2151 2190 2576 2262 ηὐδοκιμηκότα.
2619 2189 2772 2244 Ἐπεὶ
2826 2190 2885 2243 δὲ
2937 2191 3005 2244 τὰ
3052 2189 3174 2262 ἱερὰ
3231 2191 3396 2262 σκεύη
3438 2192 3673 2261 ἐληΐσατο,

2152 2281 2523 2352 περιστρέψας
2558 2281 2698 2335 αὑτά
2747 2281 2889 2335 κατὰ
2933 2280 3028 2334 τοῦ
3065 2283 3298 2350 ἐδάφους
3323 2325 3336 2350 ,
3385 2281 3674 2334 ἐπετώθασε.

2150 2374 2261 2427 Καὶ
2309 2373 2708 2444 βλασφημήσας
2759 2373 2860 2426 ὅσα
2907 2389 2972 2440 γε
3023 2372 3288 2443 ἠϐούλετο
3335 2374 3422 2428 τὸν
3457 2371 3675 2444 Χριστὸν,

2152 2461 2402 2515 ἐκάθισεν
2435 2463 2520 2514 ἐπ’
2552 2462 2733 2514 αὐτῶν
2753 2502 2767 2524 .
2802 2462 2898 2514 καὶ
2923 2463 3023 2531 τὴν
3055 2459 3215 2532 ὓϐριν
3235 2515 3237 2517 ,
3257 2461 3564 2532 ἐπηύξησεν.
3588 2461 3676 2514 Αὐε-

2151 2555 2278 2608 τίκα
2304 2554 2360 2608 δὲ
2396 2554 2458 2607 τὸ
2485 2554 2683 2608 αἰδοῖον
2732 2554 2827 2608 καὶ
2872 2555 3000 2619 τοὺς
3031 2555 3174 2624 ἀμφὶ
3207 2553 3368 2608 τοῦτο
3396 2553 3677 2621 ἀναγκαίους

2153 2645 2354 2714 πόρους
2382 2645 2646 2716 διεφθάρη
2673 2661 2687 2675 ⁸
2722 2645 3123 2698 κατασαπεῖσαί
3161 2661 3223 2698 τε
3261 2646 3316 2698 αἱ
3340 2645 3462 2715 τῇδε
3492 2643 3678 2714 σάρκες,

2153 2738 2232 2800 είς
2253 2735 2542 2808 σκώληκας
2574 2735 2869 2806 μετέϐαλον
2893 2775 2908 2802 ,
2938 2736 3031 2790 καὶ
3083 2736 3146 2789 τὸ
3181 2735 3355 2799 πάθος
3383 2735 3581 2806 ἐκράτει
3599 2735 3678 2803 τῆς

2153 2828 2260 2882 τῶν
2304 2829 2506 2898 ίατρῶν
2552 2829 2778 2899 τέχνης·
2814 2827 2908 2881 καὶ
2965 2827 3152 2898 μέντοι
3208 2830 3281 2898 τῇ
3331 2825 3459 2897 πρὸς
3493 2821 3683 2895 βασιλέα

2152 2919 2290 2972 αἰδοῖ
2319 2919 2415 2972 καὶ
2465 2918 2610 2981 δέει,
2646 2917 2734 2975 διὰ
2763 2917 3120 2972 παντοδαπῶν
3171 2917 3475 2990 φαρμάκων
3519 2913 3682 2984 πείρας

2154 3011 2526 3082 ἐληλύθεισαν.
2556 3008 2892 3079 Πολυτίμους
2921 3025 2983 3061 τε
3006 3009 3100 3062 καὶ
3128 3007 3385 3070 πλείονας
3410 3006 3573 3077 θρνεις
3592 3000 3680 3071 (8i)

2154 3101 2372 3164 Θύοντες
2395 3143 2409 3167 ,
2444 3101 2512 3154 τὰ
2560 3099 2764 3154 τούτων
2796 3099 2925 3171 λίπη
2965 3099 3077 3170 (82)
3105 3101 3172 3153 τὰ
3221 3097 3526 3168 διεφθορότα
3549 3093 3682 3164 μόρια

2153 3191 2507 3255 ἐπέπλαττον,
2535 3193 2627 3244 καὶ
2657 3193 2738 3254 είς
2759 3192 2858 3261 τὴν
2887 3191 3208 3260 ἐπιφάνειαν
3237 3189 3568 3254 ἐξεκαλοῦντο
3584 3184 3684 3244 τοὺς

2155 3283 2461 3354 σκώληκας.
2506 3281 2644 3334 Ἀλλ’
2681 3281 2832 3336 οὐδὲν
2864 3283 3026 3352 ἤνυον
3061 3295 3076 3311 ⁸
3110 3283 3168 3334 ἐν
3215 3279 3368 3350 βάθει
3405 3278 3506 3348 γὰρ
3545 3289 3685 3327 κατα-

2156 3375 2552 3446 κρυπτόμενοι,
2581 3372 2719 3445 πρδς
2750 3372 2850 3436 τὰς
2896 3371 3075 3436 ζώσας
3125 3369 3339 3440 σάρκας
3375 3365 3549 3438 εἷρπον
3571 3403 3584 3428 ,
3611 3360 3687 3415 καὶ

475 3469 721 3538 integras
752 3466 934 3522 adhuc
965 3481 1163 3521 carnes
1203 3467 1605 3536 proserpebant
1631 3482 1647 3519 :
1691 3479 1794 3520 nec
1825 3480 1854 3517 a
1886 3464 2050 3534 depa-

2153 3469 2256 3530 ἓως
2279 3468 2403 3520 ὅτου
2427 3465 2591 3518 αὐτὸν
2615 3464 2842 3532 ἀνεῖλον,
2865 3465 2927 3516 οὐ
2948 3463 3184 3516 διέλιπον
3207 3462 3496 3532 κείροντες.
3517 3453 3686 3507 Ἐδόκει

475 3556 685 3614 scendo
746 3563 1062 3622 eessarunt,
1114 3556 1438 3626 priusquam
1500 3555 1680 3625 ipsum
1736 3563 2047 3611 necassem.

476 3647 631 3703 lianc
659 3662 826 3718 porro
855 3648 1226 3702 calamitatem
1256 3647 1528 3703 invectam
1557 3647 1606 3702 ei
1653 3645 1828 3703 fuisse
1850 3647 2053 3702 divini-

2154 3556 2212 3610 δὲ
2266 3555 2408 3610 κατὰ
2465 3555 2758 3626 θεομηνίαν
2808 3553 3031 3625 τοιαύτῃ
3082 3551 3396 3624 χρήσασθαι
3451 3543 3684 3616 συμφορᾷ.

2155 3647 2360 3700 Καθότι
2391 3646 2484 3699 καὶ
2529 3646 2559 3698 ὁ
2602 3644 2712 3698 τῶν
2757 3643 3049 3714 βασιλικῶν
3078 3642 3344 3712 ταμιείων
3386 3636 3548 3709 φύλαξ
3576 3633 3684 3702 (85),

1662 3798 1935 3855 VALESII
1970 3797 2532 3855 ANNOTATIONES.

545 3897 664 3969 (8!)
699 3895 1077 3969 Ποᾷυτίμους
1107 3911 1172 3969 re
1201 3896 1298 3950 καί
1332 3895 1627 3969 »πλείονας
1669 3893 1885 3969 ὅρκοις.
1923 3892 2042 3969 Non

474 3963 678 4037 dubito
708 3966 842 4037 quin
873 3963 1250 4037 scribendum,
1299 3967 1372 4021 sit
1402 3965 1495 4037 καὶ
1530 3965 1718 4037 πίονας
1746 3965 1956 4037 ὄρνεις,
1987 3963 2044 4018 id

475 4049 579 4104 est,
628 4034 1159 4108 pin'guesavjculas,
1202 4034 1660 4106 quemadmodum
1698 4034 1750 4108 in
1785 4034 2046 4108 'versi_on_e

477 4123 596 4164 mea
630 4103 907 4178 ‘exp'ressi.
936 4103 1556 4178 conjecturamjmeant
1589 4103 1877 4178 confirmat
1920 4103 2048 4171 Epi-

479 4172 723 4248 phanius
747 4172 1158 4248 Scholasticus,
1209 4175 1304 4244 qui
1345 4176 1491 4248 hunc
1523 4172 1816 4248 quorneni
1861 4173 2046 4248 locum

475 4243 554 4301 ita
583 4249 783 4302 vertit:
817 4243 1246 4314 Conﬁciebantur
1277 4245 1418 4298 enim
1453 4243 1761 4314 omnimodo
1790 4244 2051 4310 pretiosa-

475 4333 574 4384 que
612 4313 965 4371 medicamina
992 4330 1057 4369 ea:
1101 4314 1380 4385 pinguibus
1412 4313 1733 4374 volatilibus.
1754 4321 1840 4385 _ut_
1869 4328 2048 4366 eorum

514 4386 790 4469 inguedine
842 4382 1111 4469 corrupte
1148 4382 1418 4469 et'leutria
1460 4385 1705 4464 membra.
1746 4382 2046 4469 (inirentur.

476 4403 790 4508 pinguedine
842 4403 1094 4452 corrupta
1148 4403 1197 4437 ει
1236 4403 1418 4469 Pruna
1460 4403 1692 4437 ηιεηιυι·α
1746 4403 2046 4435 ιιηινεηιυτ.

501 4457 623 4511 dem
675 4455 1184 4524 etiatnpconiirmat
1211 4454 1640 4524 blirysostomus
1692 4453 1748 4508 in
1797 4451 2052 4508 Oratione

477 4532 665 4581 contra
689 4522 942 4579 Gentiles.

2151 3893 2308 3963 quasi
2361 3903 2488 3948 ante
2543 3893 2958 3948 translationem
3006 3889 3369 3959 reliquiarum
3424 3882 3585 3941 sancti
3610 3879 3687 3963 Ba:

2151 3959 2289 4034 bylae
2322 3978 2386 4019 ea
2437 3978 2587 4034 mors
2616 3963 2965 4034 contigisset
2992 3977 3005 4034 ξ
3054 3975 3178 4034 cum
3213 3969 3399 4034 tamen
3430 3959 3687 4034 annopost

2151 4023 2300 4087 ilIam
2380 4023 2821 4087 translationem'
2854 4023 3156 4094 acciderit,
3240 4028 3457 4082 Juliano
3515 4023 3688 4094 scilicet

2151 4110 2410 4172 quartum
2436 4109 2488 4154 et
2521 4100 2771 4155 Salustio
2796 4115 2976 4172 coss,
3015 4107 3074 4154 ut
3105 4092 3331 4172 constat
3361 4106 3474 4150 tum
3508 4092 3689 4172 eaant-

2153 4160 2336 4242 ritiano
2366 4171 2680 4242 Marcellino
2707 4170 2890 4242 inlib.
2921 4160 3080 4242 xiun,
3110 4168 3294 4242 initio,
3324 4175 3438 4242 tum
3461 4179 3520 4219 ex
3543 4160 3689 4242 Theof

2152 4235 2334 4297 dorito
2390 4242 2448 4295 in
2504 4241 2598 4294 lib.
2644 4256 2705 4294 ιιι
2765 4239 2908 4294 Hist.
2960 4240 3144 4294 eccles.
3200 4237 3347 4308 ﬁam
3404 4235 3687 4308 atomianus

2153 4311 2500 4365 Marcellinus
2529 4318 2758 4364 mortem
2787 4308 2985 4364 Felicis
3015 4324 3080 4361 ac
3100 4307 3308 4360 Juliani
3342 4304 3507 4360 refert
3533 4304 3686 4354 statim

2153 4389 2277 4450 post
2307 4381 2654 4435 consulatum
2686 4379 2892 4450 Juliani
2947 4385 3001 4432 et
3051 4377 3324 4450 Salustii,
3368 4375 3429 4450 id
3468 4379 3546 4427 est
3571 4377 3690 4450 anno

2151 4436 2360 4506 Christi
2384 4451 2508 4505 365.
2531 4449 2904 4503 Theodoritus
2920 4463 3059 4520 vero
3080 4436 3531 4520 illorum'obitum
3555 4436 3688 4520 refert

2152 4531 2278 4588 post
2338 4520 2698 4589 reliquiarum
2757 4519 2933 4574 sancti
3002 4517 3218 4589 Babylae
3285 4513 3690 4589 translationem.

547 4577 659 4675 (βὲ)
808 4594 1060 4676 foeta»:
1089 4593 1260 4676 λίσςη.
1303 4591 1636 4676 Epiphanius
1671 4589 2049 4676 §cholasticus
2079 4611 2127 4668 ο
2152 4577 2689 4676 ῥιιιιιθειιιὲιιςὶιιιιάἰ
2728 4598 2856 4676 sunt
2881 4577 3529 4676 Attnoie-stpatloiniilﬂgi.

478 4660 681 4731 legisse
734 4661 950 4734 videtur
991 4661 1071 4734 τῷ
1111 4661 1320 4714 τούτων
1357 4661 1504 4734 λίπει
1557 4660 1626 4713 τὰ
1665 4661 2046 4734 ’διεφθαρμένα

478 4729 648 4857 μόρια
694 4729 1071 4797 ἐπέπλαττον,
1116 4737 1178 4785 ιιι
1220 4745 1288 4784 ex
1321 4730 1573 4784 versione
1628 4729 1752 4797 ejus
1772 4729 1775 4730 ⁷
1795 4729 2044 4799 apparet.

522 4813 673 4857 osset
693 4804 857 4857 etiam
885 4802 1079 4857 scribi.
1105 4799 1177 4852 τὰ
1197 4798 1405 4852 τούτων
1429 4799 1560 4857 λίπη
1580 4800 1672 4851 ἐπὶ
1694 4798 1762 4851 τὰ
1788 4798 2044 4857 διεφθαρ-

522 4798 673 4859 osset
693 4804 857 4858 etiam
885 4802 1079 4868 scribi,
1105 4799 1177 4852 τὰ
1197 4798 1405 4869 τούτων
1429 4799 1561 4868 λίπη
1580 4800 1672 4851 ἐπὶ
1694 4798 1762 4869 τὰ
1788 4798 2047 4869 διεφθαρο

481 4873 652 4945 μένα,
699 4880 832 4939 etc.,
870 4868 1333 4945 quemadmodum
1350 4868 1602 4945 _Sa_vili_us
1657 4868 1721 4922 ad
1759 4868 2047 4945 oram_sui

477 4937 687 4997 codicis
714 4937 1018 4996 annotavit.
1047 4937 1106 4994 In
1139 4938 1330 4994 codice
1350 4937 1652 4993 Fuketiano
1678 4953 1776 5007 pro
1801 4937 2049 5007 διεφθαρ-

534 5011 620 5082 ἐνα
657 5013 924 5082 scriptum
962 5020 1048 5082 est
1087 5008 1430 5082 διεφθορότα.
1459 5008 1730 5082 Caeterum
1775 5008 1843 5062 de
1875 5015 2049 5082 morte

553 5029 620 5067 να
657 5029 924 5082 scriptum
962 5029 1048 5066 εει
1087 5029 1274 5079 οιεφυο
1313 5029 1430 5064 ova.
1459 5029 1730 5062 υιειειιιιιι
1775 5029 1843 5062 ue
1875 5029 2048 5062 Ιιιοτω

480 5029 644 5153 institis
671 5079 879 5153 Juliani
932 5080 1057 5136 vide
1106 5029 1500 5153 'I‘hemforitum
1559 5078 1615 5132 in
1649 5078 1762 5153 _lih.
1801 5093 1861 5153 ιιι
1903 5079 2048 5133 Hist.

479 5148 687 5217 coclea,
719 5161 777 5206 et
805 5148 1069 5206 Joannem
1100 5148 1388 5217 Chrysost.
1423 5149 1479 5202 in
1525 5148 1772 5203 oratione
1800 5148 1834 5202 2
1864 5159 2055 5201 contra

481 5220 712 5276 Gentiles
734 5261 750 5286 ,
803 5221 870 5275 de
905 5227 1098 5290 sancto
1130 5217 1332 5290 Babyla
1357 5257 1371 5280 ,
1410 5218 1500 5273 ubi
1543 5220 1607 5274 de
1639 5217 1808 5290 hujus
1837 5218 2055 5290 comitis

482 5290 626 5344 foeda
671 5297 846 5344 morte
884 5289 1130 5360 quaedam
1162 5287 1349 5343 narrat
1394 5291 1529 5360 satis
1589 5289 1890 5346 recondita.
1949 5287 2056 5360 sed

480 5360 868 5430 corrigendum
906 5358 1016 5430 :est_
1041 5359 1216 5430 obiter
1259 5359 1436 5430 sancti
1494 5360 1674 5413 Patris
1721 5358 2055 5430 μνημονικὸν

483 5427 730 5502 σφάλμα,
756 5429 850 5500 qui
888 5427 958 5484 de
989 5427 1191 5483 Juliani
1218 5428 1440 5484 comitis
1465 5439 1642 5485 morte
1669 5427 1745 5483 ita
1786 5427 2052 5500 loquitur,

2153 4651 2459 4715 sostomum
2520 4657 2898 4722 ἀϐασανίστως
2947 4665 3207 4722 secutus,
3249 4655 3306 4710 id
3356 4651 3534 4709 retulit
3572 4655 3689 4701 anno

2151 4729 2358 4784 Christi
2386 4729 2509 4782 562.

2225 4782 2336 4868 (83)
2393 4799 2444 4850 Ὁ
2493 4798 2612 4851 τῶν
2669 4795 3012 4861 ,βασιλικῶν
3063 4795 3362 4868 ταμιείων·
3403 4782 3688 4868 προεστώς.

2153 4860 2388 4924 Felicem
2426 4860 2681 4938 intelligit
2733 4868 2987 4921 comitem
3031 4860 3318 4938 sacrarunt
3351 4860 3690 4938 largitionum.

2153 4940 2237 4994 vel
2295 4924 2633 5008 Helpidiuth
2668 4938 2922 5008 comitem
2977 4949 3165 5008 rerum
3211 4924 3543 5008 privatarum
3590 4943 3602 4976 :
3643 4924 3692 5008 tle

2152 5000 2743 5079 quorumlfoadissimo
2776 5007 2964 5079 exitu
2989 5004 3195 5079 _scribit
3212 5000 3604 5079 '_Thcodoritus
3619 5005 3686 5079 “lii

2154 5062 2248 5134 lib.
2281 5062 2342 5132 ιιι
2381 5077 2638 5131 Historia:
2676 5077 2860 5130 eccles.
2909 5073 3542 5149 Yide,si_p.lacct,_quae
3587 5062 3694 5149 iniri}

2152 5149 2335 5204 notavi
2365 5149 2433 5201 ad
2477 5150 2676 5202 librum
2718 5162 2856 5201 um
2898 5140 3520 5198 Ammiani'Marcellini
3546 5174 3560 5198 ,
3605 5142 3692 5206 n0_ﬂ

2154 5219 2344 5288 procul
2374 5218 2444 5271 ab
2473 5219 2670 5272 initio:
2708 5233 2774 5271 ex
2814 5229 2924 5286 quo
2969 5215 3237 5288 discimus
3280 5210 3693 5288 Felicemuctilﬂl:

2153 5276 2260 5344 iem
2311 5303 2591 5343 sacrarum
2643 5276 3000 5357 largitionum
3051 5283 3212 5355 paulo
3268 5289 3399 5335 ante
3447 5276 3692 5332 Julianum

2153 5359 2407 5414 comitem
2447 5358 2689 5413 Orientis
2718 5357 2942 5412 obiisse.

1901 5587 2280 5644 νΑιιιοιιυιι.

550 5693 581 5731 Υ
620 5684 921 5754 Θεόδωρον
972 5685 1079 5738 τὸν
1150 5688 1571 5754 πρεσϐύτερον.
1633 5685 1822 5741 Passio
1873 5683 2052 5754 hujus

483 5749 751 5822 Theodori
807 5749 970 5822 (alios
1031 5749 1371 5818 Theodoriti)
1425 5749 1714 5811 énarratur
1764 5771 1792 5808 a
1840 5749 2048 5807 'I‘heod.

484 5820 738 5878 Ruinart.
779 5820 895 5881 Act.
933 5835 1115 5893 iram,
1153 5841 1275 5896 pag.
1311 5827 1434 5893 (558,
1467 5830 1556 5895 qui
1601 5842 1719 5882 cani
1760 5824 2053 5896 descripsit

2159 5698 2222 5736 ex
2285 5683 2318 5736 5
2357 5680 2516 5734 codd.
2570 5695 2728 5746 mss.,
2794 5689 2843 5733 et
2899 5685 3048 5733 tomo
3098 5684 3294 5745 quarto
3358 5672 3697 5746 Analecta"!!!

2158 5735 2384 5804 Joannis
2423 5735 2738 5815 Mahillonii',
2791 5765 2910 5818 pag.
2980 5735 3262 5818 127.71g:
3302 5752 3476 5797 autem
3528 5735 3697 5818 (inquii

2162 5822 2510 5877 hlabillonius
2565 5823 2629 5876 ad
2678 5813 2887 5876 calcem
2948 5815 3304 5885 narrationis)
3358 5813 3696 5867 auctoritates!
