4056 6326
337 400 477 458 1237

1309 393 1632 452 HISTORIA
1669 392 2230 452 ECCLESIASTICA.
2272 425 2342 438 --
2375 394 2504 450 LIB.
2553 394 2614 449 V.

3434 391 3571 446 ηδε

337 512 434 566 καὶ
459 509 612 567 ἄλλοι
652 509 795 574 τινές
819 507 928 563 τῶν
957 510 1014 562 ἐν
1050 506 1160 571 τοῖς
1187 506 1478 576 βασιλείοις
1517 507 1705 579 ἄρχειν
1731 509 1913 560 ἐπιτε-

2040 521 2136 573 us,
2168 507 2361 561 cuncti
2389 506 2798 562 existimarunt.
2829 503 2969 556 Nam
3011 508 3069 556 et
3112 513 3298 556 eomes
3342 497 3590 569 largitio-

338 605 674 679 τραμμένων
698 645 714 672 ,
750 603 1190 674 νεανιευσάμενοι
1239 599 1378 656 κατά
1426 600 1524 670 τῆς
1563 599 1911 670 Ἐκκλησίας,

341 697 660 767 παραδόξως
689 695 782 751 καὶ
808 693 1058 755 ἐλεεινῶς
1087 693 1179 747 τὸν
1211 691 1325 763 βίον
1355 689 1674 755 κατέλυσαν,
1705 691 1782 754 ὡς
1810 691 1916 744 ὑπὸ

342 786 491 850 θείας
523 784 694 858 ὀργῆς
721 781 1224 844 καταδικασθέντες.

950 955 1200 1014 ΚΕΦΔΛ.
1230 955 1308 1011 8'.

344 1051 484 1121 Περὶ
508 1051 617 1106 τοῦ
629 1049 958 1121 μαρτυρίου
984 1047 1102 1103 τῶν
1127 1047 1666 1121 ἀγίωξηξὺσςϐίοι),
1690 1048 1917 1104 Νεστά-

522 1115 650 1183 60v,
682 1115 781 1174 κάί
810 1115 1120 1184 Ζήνωνος,
1156 1119 1226 1171 ἐν
1256 1115 1412 1186 Γάζῃ
1440 1116 1516 1186 τῇ
1547 1120 1741 1172 πόλει.

427 1211 583 1264 Ἐπεὶ
613 1209 668 1262 δὲ
692 1211 771 1273 είς
791 1209 948 1262 τοῦτο
977 1207 1258 1278 προήχθην
1286 1207 1444 1276 λόγου
1461 1248 1476 1272 ,
1503 1209 1596 1260 καὶ
1622 1209 1720 1280 τὴν
1751 1209 1920 1280 Γεωρ-

347 1300 468 1367 γίου
499 1300 593 1355 καὶ
624 1298 898 1370 Θεοδώρου
936 1298 1049 1369 (84)
1083 1298 1362 1368 ἀναίρεσιν
1387 1294 1662 1369 διεξῆλθον
1681 1340 1696 1364 ,
1729 1301 1919 1371 καιρὸν

346 1392 492 1462 ἐχειν
523 1389 665 1443 δοκῶ
690 1389 1018 1461 ποιήσασθαι
1045 1389 1265 1459 μνήμην
1285 1388 1569 1454 Εὐσεϐίου,
1597 1389 1692 1442 καὶ
1710 1389 1920 1445 Νεστά-

347 1483 480 1546 ϐου,
523 1481 619 1536 καλ⁵
668 1482 914 1552 Ζήνωνος
967 1478 1076 1533 τῶν
1129 1478 1406 1548 ἀδελφῶν’
1439 1478 1534 1543 οὓς
1582 1479 1722 1534 κατὰ
1765 1480 1922 1535 τοῦτο

350 1571 527 1645 μισῶν
570 1575 598 1626 ὁ
643 1572 752 1626 τῶν
797 1570 1045 1635 Γαζαίων
1086 1568 1289 1641 δῆμος,
1323 1570 1462 1624 οῐκοι
1515 1571 1924 1643 κρυπτομένους

349 1663 706 1720 συνελάϐοντο
724 1704 740 1730 ,
767 1662 859 1716 καὶ
884 1661 1245 1734 δεσμωτηρίῳ
1279 1661 1348 1716 τά
1375 1662 1568 1734 πρῶτα
1595 1661 1920 1734 παρέδοσαν,

349 1755 445 1811 καὶ
472 1754 875 1827 ἐμαστίγωσαν.
921 1753 1150 1806 Ἔπειτα
1182 1753 1529 1818 συνελθόντες
1556 1755 1632 1818 είς
1673 1753 1920 1826 θέατρον,

2015 613 2148 653 num
2182 611 2470 654 sacrarum
2493 638 2508 665 ,
2544 603 2602 653 et
2631 596 2724 651 alii
2752 594 2976 665 quidam
3003 591 3236 648 summis
3283 591 3338 644 in
3387 589 3592 659 palatio

2015 688 2376 760 dignitatibus
2425 688 2682 760 praediti,
2737 701 2860 744 cum
2911 685 3224 756 petulanter
3283 682 3592 738 illusissent

2016 778 2302 847 Ecclesiae,
2339 780 2626 850 insperato
2658 794 2722 835 ac
2751 777 3052 833 miserabili
3087 774 3238 831 exitu
3268 772 3590 844 perierunt,

2016 876 2280 940 tanquam
2310 869 2654 942 indignantis
2685 868 2781 925 Dei
2809 867 3081 925 sententia
3108 862 3485 922 condemnati.

2661 958 2818 1014 CAP.
2863 956 2956 1014 IX.

2022 1052 2098 1109 De
2116 1053 2375 1124 martyrio
2397 1061 2704 1124 sanctorum
2735 1049 2969 1124 Eusebii,
2999 1049 3247 1114 Nectabi,
3270 1059 3321 1106 et
3343 1051 3593 1118 Zenonis,

2555 1123 2610 1176 in
2651 1121 2860 1175 civitate
2894 1119 3061 1174 Gaza.

2091 1211 2198 1268 Sed
2236 1212 2495 1283 quoniam
2539 1211 2609 1266 ad
2640 1211 2784 1266 hunc
2831 1224 3140 1266 sermonem
3173 1210 3516 1275 devenimus,
3543 1218 3598 1266 et

2019 1303 2241 1376 Georgii
2267 1319 2332 1360 ac
2354 1302 2631 1360 Theodori
2654 1302 2858 1360 caedem
2880 1301 2994 1373 jam
3025 1301 3594 1368 commemoravimus,

2020 1403 2392 1466 opportunum
2428 1409 2576 1450 nunc
2627 1394 2844 1450 videtur
2889 1401 2948 1448 ut
2992 1392 3236 1459 Eusebii,
3271 1391 3517 1462 Nestabi,
3543 1402 3600 1450 et

2021 1485 2260 1543 Zenonis
2291 1486 2527 1542 fratrum
2560 1487 2892 1542 mentionem
2922 1484 3209 1544 faciamus.
3253 1485 3404 1552 Quos
3430 1500 3602 1555 popu-

2021 1575 2108 1632 lus
2159 1575 2478 1632 Gazaeorum
2536 1574 2663 1629 odio
2719 1588 3095 1644 prosequens,
3147 1583 3280 1630 tunc
3340 1580 3600 1644 temporis

2022 1665 2169 1722 domi
2201 1667 2422 1722 abditos
2466 1664 2908 1736 comprehendit.
2964 1664 3045 1720 Ac
3088 1665 3324 1740 primum
3378 1664 3602 1734 quidem

2023 1755 2084 1810 in
2136 1770 2418 1812 carcerem
2466 1769 2564 1811 eos
2617 1754 2882 1824 conjecit,
2939 1760 2996 1808 et
3044 1752 3231 1825 ﬂagris
3271 1754 3603 1810 verberavit.

348 1847 578 1900 πλεῖστα
628 1843 806 1900 αὐτῶν
840 1843 1208 1915 κατεϐόησαν,
1231 1844 1306 1908 ὡς
1332 1844 1828 1916 κακουργησὰντων
1855 1847 1922 1900 τά

2037 1846 2230 1902 Deinde
2260 1861 2452 1902 omnes
2489 1846 2544 1901 in
2577 1845 2852 1901 theatrum
2883 1845 3313 1909 convenientes,
3337 1843 3605 1899 adversus

352 1937 494 2010 ίερά,
523 1938 616 1991 καὶ
639 1937 732 1990 ἐπὶ
764 1935 1082 2007 καθαιρέσει
1110 1935 1202 1990 καὶ
1237 1935 1390 2005 ὕϐρει
1414 1934 1510 1990 τοῦ
1541 1935 1918 2008 Ἑλληνισμοῦ,

349 2027 429 2100 τῷ
477 2027 798 2101 παρελθόντι
849 2026 1028 2097 χρόνῳ
1076 2025 1572 2098 ἀποχρησαμένων.
1623 2027 1711 2081 Ἐν
1743 2027 1799 2082 δὲ
1845 2028 1923 2100 τῷ

350 2119 714 2190 κεκραγέναι,
747 2118 844 2172 καὶ
881 2116 1244 2190 παροτρύνειν
1277 2116 1536 2188 ἀλλήλους
1558 2118 1640 2181 είς
1680 2117 1772 2170 τὸν
1803 2121 1920 2172 κατ’

348 2210 532 2265 αὐτῶν
559 2210 718 2279 φόνον
738 2249 753 2274 ,
781 2206 1193 2279 ἐνεπλήσθησαν
1223 2206 1417 2279 θυμοῦ.
1443 2207 1553 2261 Καὶ
1584 2208 1925 2281 παρακελευ-

353 2302 580 2372 σάμενοι
631 2300 876 2367 ἑαυτοῖς,
921 2295 1011 2356 οἷά
1062 2316 1129 2369 γε
1180 2299 1351 2370 δῆμος
1395 2301 1698 2365 στασιάζων
1741 2303 1920 2372 εἴωθε,

353 2393 694 2466 κατέδραμον
748 2394 830 2457 είς
881 2391 943 2446 τδ
986 2392 1393 2464 δεσμωτήριονο
1429 2393 1525 2446 καλ⁵
1569 2394 1925 2464 ἐξαγαγόντες

351 2481 590 2548 αὐτοὺς,
628 2479 888 2551 ὠμότατα
941 2479 1333 2552 διεχρήσαντο·
1386 2478 1464 2552 πῆ
1519 2480 1619 2553 μὲν
1666 2486 1922 2555 πρηνεῖς,

353 2572 432 2643 πῆ
459 2573 515 2628 δέ
545 2573 770 2636 ὑπτίους
796 2571 1048 2636 ἕλκοντες
1071 2612 1088 2638 ,
1121 2572 1216 2626 καὶ
1235 2570 1314 2644 τῷ
1341 2572 1528 2644 ἐδάφει
1557 2575 1928 2646 προσρηγνύν-

352 2683 448 2729 τες
469 2681 482 2695 ·
515 2666 608 2718 καὶ
644 2666 692 2718 εί
723 2664 910 2736 ἔτυχον
945 2663 1192 2728 παίοντες
1215 2701 1234 2730 ,
1282 2663 1332 2718 οἱ
1384 2663 1484 2736 μὲν
1516 2664 1684 2730 λίθοις
1708 2682 1723 2698 ’
1770 2668 1820 2719 oi
1870 2666 1927 2720 δέ

357 2754 534 2820 ξύλοις
557 2771 571 2785 ·
595 2753 744 2808 ἄλλοι
770 2754 828 2808 δὲ
865 2753 1042 2818 ἄλλοις
1067 2741 1177 2808 τισὶ
1209 2756 1322 2818 τοῖς
1355 2753 1720 2825 ἐπιτυχοῦσιν.
1760 2755 1928 2809 Ἐπυ-

357 2847 532 2918 θόμην
560 2845 605 2900 δ’
638 2841 703 2901 αὖ
737 2846 812 2910 ὡς
845 2845 938 2900 καὶ
961 2847 1221 2914 γυναῖκες
1249 2847 1315 2900 ἐκ
1338 2845 1446 2900 τῶν
1489 2847 1651 2901 ίστῶν
1680 2847 1928 2914 ἐξελθοῦο

362 2957 476 3002 σαι,
511 2939 629 3002 ταῖς
653 2939 902 3010 κερκίσιν
929 2937 1128 3002 αὐτοὺς
1148 2937 1508 2995 κατεκέντουν
1530 2955 1544 2970 ⁸
1577 2941 1673 2994 καὶ
1708 2939 1817 2993 τῶν
1842 2941 1928 2994 ἐπ’

359 3032 566 3102 ἀγορᾶς
591 3030 866 3104 μαγείρων
892 3069 908 3096 ,
932 3031 981 3084 οἱ
1017 3029 1138 3101 μὲν,
1167 3028 1317 3083 ὕδατι
1349 3028 1535 3102 θερμῷ
1555 3030 1932 3102 καχλάζοντας

358 3121 493 3184 τοὺς
533 3119 764 3192 λέϐητας
810 3117 1206 3190 ἐξαρπάζοντες
1234 3117 1343 3171 τῶν
1381 3118 1758 3189 χυτροπόδων,
1802 3137 1935 3174 κατε

2028 1952 2124 1992 eos
2160 1937 2448 1993 vociferati
2480 1944 2632 2001 sunt,
2671 1936 2820 2006 quod
2872 1937 3075 2006 templa
3113 1935 3360 2007 ipsorum
3403 1936 3607 1990 violas-

2030 2037 2172 2093 sent,
2218 2035 2275 2086 et
2317 2028 2670 2099 superiorum
2709 2034 3023 2097 temporum
3074 2026 3485 2098 opportunitate
3538 2026 3608 2080 ad

2029 2116 2372 2174 eversionem
2418 2125 2474 2171 et
2521 2115 2909 2171 contumeliam
2946 2114 3278 2171 Graacanicae
3324 2115 3610 2186 religionis

2031 2208 2189 2264 abusi
2218 2214 2431 2264 essent.
2454 2206 2709 2278 Dumque
2729 2207 2804 2262 ita
2833 2206 3231 2272 vociferantur,
3249 2216 3304 2263 et
3324 2206 3380 2262 in
3406 2208 3608 2263 caedem

2032 2297 2252 2352 illorum
2287 2311 2410 2353 sese
2445 2303 2636 2352 mutuo
2666 2297 2931 2363 incitant,
2970 2295 3210 2352 furorem
3253 2297 3453 2352 animis
3477 2313 3610 2353 con-

2031 2394 2318 2457 ceperunt.
2344 2386 2541 2456 Atque,
2574 2394 2633 2440 ut
2651 2386 2846 2458 vulgus
2875 2384 3201 2443 seditiosum
3233 2388 3393 2455 solet,
3415 2395 3614 2444 semet-

2032 2482 2183 2550 ipsos
2206 2479 2501 2545 cohortati,
2540 2478 2609 2532 ad
2640 2491 2921 2533 carcerem
2952 2489 3321 2549 properarunt
3353 2498 3369 2534 :
3408 2494 3614 2548 eosque

2033 2569 2163 2625 inde
2186 2569 2449 2634 eductos,
2480 2565 2867 2624 crudelissimo
2911 2568 3110 2622 mortis
3138 2583 3337 2638 genere
3385 2567 3614 2623 interfe~

2033 2667 2264 2725 cerunt;
2301 2675 2449 2714 nunc
2480 2648 2720 2729 pronos,
2770 2673 2921 2714 nunc
2963 2659 3192 2731 supinos
3221 2659 3522 2722 trahentes,
3562 2668 3616 2716 et

2037 2749 2351 2820 pavimento
2398 2748 2731 2816 allidentcs;
2764 2757 2817 2804 et
2847 2763 2949 2819 pro
2998 2749 3252 2816 arbitrio,
3291 2750 3382 2804 alii
3415 2749 3613 2820 lapidi-

2034 2839 2160 2906 bus,
2188 2839 2282 2893 alii
2327 2837 2588 2903 fustibus,
2621 2847 2678 2894 et
2724 2840 2992 2910 cujusque
3042 2839 3190 2895 modi
3237 2840 3362 2895 telis
3399 2855 3520 2910 quae
3547 2839 3617 2893 ad

2037 2941 2258 2984 manum
2285 2937 2492 2994 essent,
2523 2943 2620 2985 eos
2647 2928 2940 2985 caedentes.
2971 2928 3170 2984 Audivi
3205 2930 3370 2985 etiam
3421 2931 3619 2986 mulie-

2037 3029 2126 3077 res
2153 3020 2347 3076 relicta
2378 3020 2486 3076 tela
2510 3035 2577 3076 ex
2609 3020 2772 3076 domo
2807 3035 3132 3092 progressas
3160 3020 3328 3077 radiis
3358 3019 3484 3078 illos
3516 3037 3619 3090 pu-

2039 3112 2300 3184 pugisse:
2337 3119 2391 3168 et
2422 3127 2584 3168 cocos
2609 3112 2704 3184 qui
2751 3113 2808 3167 in
2857 3111 2977 3176 foro
3019 3119 3201 3179 erant,
3243 3111 3443 3182 partim
3481 3112 3620 3168 ollas

361 3210 517 3281 έχεον
539 3227 554 3242 °
577 3211 628 3266 οι
656 3191 735 3276 δέ,
765 3211 878 3274 τοῖς
908 3207 1212 3271 ὀϐελίσκοις
1242 3206 1537 3278 διέπειρον.
1579 3208 1731 3262 Ἐπεὶ
1753 3209 1811 3262 δὲ
1837 3211 1932 3263 αύ-

2037 3217 2183 3274 aqua
2217 3203 2452 3259 ferventi
2489 3203 2809 3269 bullientes,
2841 3201 2979 3259 focis
3013 3203 3292 3272 abreptas,
3313 3203 3394 3258 eis
3427 3217 3621 3272 super-

360 3300 489 3363 τοὺς
510 3296 900 3370 διεσπάραξαν,
934 3297 1029 3351 καὶ
1052 3295 1153 3360 τάς
1181 3295 1423 3365 κεφαλὰς
1449 3295 1680 3352 έθλασαν
1698 3339 1713 3364 ,
1742 3298 1817 3364 ὡς
1841 3299 1934 3354 καὶ

361 3391 454 3444 τὸν
483 3389 784 3459 ἐγκέφαλον
825 3388 1002 3460 χαμαὶ
1037 3390 1152 3458 ῥεῖν
1172 3426 1188 3453 ,
1218 3389 1424 3458 ήγαγον
1469 3389 1575 3459 πρὸ
1601 3388 1695 3443 τοῦ
1722 3390 1933 3456 ἄστεος,

363 3478 400 3556 ᾖ
430 3480 500 3534 τὰ
546 3480 958 3551 ἀποθνήσκοντα
990 3479 1096 3535 τῶν
1142 3480 1351 3551 ἀλόγων
1389 3479 1542 3545 ζώων
1570 3481 1782 3552 ῥίπτειν
1809 3479 1936 3534 είώ-

362 3572 530 3625 θεσαν
567 3585 583 3603 ο
630 3572 726 3624 καὶ
781 3569 892 3644 πῦρ
959 3570 1304 3641 ἀνάψαντες,
1357 3571 1596 3627 ἔκαυσαν
1647 3572 1829 3626 αὐτῶν
1868 3571 1939 3626 τά

365 3659 594 3732 σώματα
613 3677 626 3691 ·
657 3661 753 3715 καὶ
779 3659 848 3715 τὰ
876 3661 1288 3732 περιλειφθέντα
1330 3662 1438 3718 τῶν
1467 3662 1668 3717 ὀστέων
1686 3705 1701 3728 ,
1728 3663 1828 3717 ὅσα
1864 3663 1939 3734 μὴ

364 3751 428 3803 τὸ
453 3751 562 3822 πῦρ
591 3751 1050 3821 ἐδαπάνησε,,τοϊς
1080 3752 1433 3823 ἐρῤιμμένοις
1462 3751 1647 3806 αὐτόθι
1675 3753 1938 3824 καμήλων

364 3858 425 3894 τε
458 3841 550 3894 καὶ
588 3842 724 3895 ὄνων
759 3842 964 3905 ὀστέοις
1000 3840 1262 3912 ἀνέμιξαν
1286 3883 1301 3908 ,
1331 3841 1471 3895 ὥστε
1505 3842 1577 3913 μή
1614 3841 1801 3913 ῥᾳδίαν
1840 3841 1938 3895 αύ-

365 3930 474 3985 τῶν
499 3926 638 3985 εῖναι
665 3931 764 4003 τὴν
793 3930 1039 4002 εὕρεσιν·
1065 3930 1224 3985 ἔλαθέ
1257 3948 1319 3999 γε
1354 3932 1460 4002 μὴν
1492 3932 1592 3985 οὐκ
1637 3932 1729 3986 ἐπὶ
1758 3929 1890 3984 πολύ
1922 3948 1936 3962 ο

367 4021 508 4092 γυνὴ
542 4021 652 4093 γάρ
684 4037 767 4086 τις
799 4021 1130 4092 Χριστιανὴ,
1160 4023 1261 4075 οὐκ
1299 4023 1405 4076 ἀπὺ
1434 4021 1613 4093 Γάζης
1635 4017 1788 4086 οὖσα,
1827 4021 1938 4076 ἀλλ’

368 4111 562 4166 ἐνθάδε
615 4112 712 4184 τὴν
749 4112 964 4186 οἴκησιν
1011 4113 1208 4185 ἔχουσα
1237 4153 1252 4179 ,
1295 4112 1439 4166 κατά
1487 4111 1639 4166 θείαν
1691 4112 1942 4178 σύνταξιν

369 4203 659 4270 ἀνελέξατο
703 4203 874 4258 ταῦτα
923 4205 1138 4275 νύκτωρ
1170 4222 1186 4237 ο
1233 4205 1325 4257 καὶ
1381 4203 1691 4274 ἐμϐαλοῦσα
1744 4203 1941 4275 χύτρᾳ,

371 4294 677 4368 Ζήνωνιτῷ
703 4295 884 4350 αὐτῶν
908 4295 1111 4367 ἀνεψιῷ
1132 4295 1418 4366 φυλάττειν
1444 4294 1664 4350 ἔδωκεν.
1687 4286 1812 4347 Ὧδε
1836 4293 1944 4365 γάρ

370 4390 432 4442 ἐν
473 4389 585 4452 τοῖς
615 4389 842 4460 ὀνείροις
872 4387 1101 4459 ἔχρησεν
1144 4389 1172 4442 ό
1211 4387 1344 4451 Θεὸς
1366 4425 1381 4451 ,
1417 4385 1514 4439 καὶ
1543 4386 1636 4438 τὸν
1673 4384 1841 4457 ἄνδρα
1877 4386 1944 4457 τῇ

369 4479 592 4549 γυναικὶ
615 4481 994 4552 κατεμήνυσεν
1013 4521 1029 4548 ,
1130 4479 1306 4548 διάγοι
1328 4490 1345 4510 ⁶
1376 4479 1472 4532 καὶ
1504 4477 1633 4549 πρὶν
1691 4477 1816 4531 [δεῖν
1844 4477 1943 4531 ἐπ-

2040 3295 2279 3363 fudisse;
2307 3295 2504 3367 partim
2525 3293 2768 3351 verubus
2793 3309 2888 3350 eos
2917 3293 3285 3350 transfixisse.
3314 3291 3619 3364 Postquam

2045 3386 2203 3458 192
2230 3401 2324 3442 eos
2356 3385 2775 3450 dilacerassent,
2814 3394 2869 3439 et
2898 3384 3078 3454 capita
3125 3399 3316 3440 eorum
3365 3383 3441 3437 ita
3487 3397 3623 3437 con-

2043 3479 2340 3550 fregissent
2391 3485 2451 3533 ut
2503 3477 2792 3534 cerebrum
2838 3475 2992 3530 bumi
3024 3475 3295 3542 eﬂlueret,
3343 3490 3439 3531 eos
3467 3483 3622 3530 extra

2043 3570 2322 3626 civitatem
2388 3569 2716 3634 traxerunt',
2777 3567 2843 3622 ad
2909 3567 3092 3622 locum
3179 3583 3290 3638 quo
3339 3567 3620 3638 jumento-

2043 3675 2166 3716 rum
2190 3659 2460 3715 cadavera
2506 3658 2701 3731 projici
2747 3659 3022 3715 solebant.
3076 3658 3155 3715 lbi
3200 3675 3433 3716 accenso
3467 3674 3622 3730 rogo,

2045 3766 2280 3822 corpora
2308 3765 2497 3807 eorum
2529 3761 2957 3806 concremarunt
2997 3772 3008 3807 ;
3046 3760 3102 3807 et
3131 3766 3252 3822 (ιιιεε
3300 3758 3627 3822 supererant

2046 3858 2196 3908 ossa,
2234 3859 2357 3914 quae
2407 3841 2621 3900 scilicet
2651 3843 2797 3912 ignis
2829 3843 3057 3898 minime
3094 3843 3501 3914 absumpserat,
3529 3857 3624 3898 ca-

2046 3935 2316 3989 melorum
2355 3933 2749 4002 asinorumque
2794 3934 3018 3990 ossibus
3071 3933 3184 3988 illic
3220 3940 3426 3988 temere
3456 3931 3625 4002 disje-

2048 4027 2154 4082 ctis
2192 4025 2657 4096 permiscuerunt,
2685 4040 2752 4080 ne
2777 4023 2940 4079 facile
2981 4023 3210 4093 reperiri
3240 4030 3484 4092 possent.
3519 4022 3626 4077 Sed

2054 4125 2240 4170 tamen
2277 4131 2384 4170 non
2415 4115 2693 4170 latuerunt
2735 4113 2850 4173 diu.
2887 4113 3099 4171 Etenim
3151 4114 3348 4169 mulier
3377 4112 3625 4184 quaedam

2051 4205 2390 4271 Christiana,
2417 4222 2525 4262 non
2553 4205 2646 4259 illa
2668 4205 2888 4276 quidem
2922 4205 3154 4261 oriunda
3188 4221 3255 4262 ex
3289 4205 3428 4261 urbe
3457 4202 3624 4268 Gaza,

2054 4297 2150 4354 sed
2194 4313 2316 4369 quae
2371 4297 2483 4353 illic
2531 4297 2878 4353 domicilium
2930 4297 3156 4363 fixerat,
3217 4294 3328 4353 Deo
3375 4296 3625 4368 iubente,

2053 4395 2221 4442 noctu
2277 4401 2342 4443 ea
2400 4385 2617 4458 collegit
2648 4403 2665 4444 :
2701 4393 2756 4443 et
2792 4386 2848 4442 in
2883 4387 3046 4443 ollam
3099 4387 3381 4458 conjecta,
3422 4386 3627 4442 Zenoni

2055 4494 2243 4535 eorum
2271 4475 2607 4534 consobrino
2635 4477 2999 4534 custodienda
3038 4477 3284 4534 tradidit.
3339 4475 3432 4532 Sic
3481 4477 3626 4532 enim

371 4545 566 4635 έδειξε,
596 4545 785 4624 καθότι
1111 4565 1180 4641 ἦν
1208 4545 1367 4639 αὐτῇ,
1391 4568 1486 4622 καὶ
1509 4545 1834 4638 προσφάτως
1853 4568 1932 4621 τοῐ

2055 4570 2194 4628 Deus
2223 4571 2280 4626 in
2331 4571 2540 4627 somnis
2584 4579 2936 4641 praeceperat,
2967 4578 3021 4626 et
3065 4571 3248 4628 locum
3283 4568 3376 4624 ubi
3407 4569 3493 4623 vir
3525 4568 3629 4623 iste

370 4658 616 4730 διωγμοῦ
650 4661 1010 4731 κεκινημένου
1032 4698 1049 4724 ,
1082 4658 1403 4730 ἐκρύπτετο.
1452 4657 1605 4712 Ἐπεὶ
1642 4658 1737 4712 καὶ
1783 4657 1946 4722 αὐτὸς

373 4749 499 4802 τότε
556 4751 756 4822 μικροῦ
805 4750 1130 4823 συλληφθεὶς
1179 4750 1331 4822 παρά
1379 4751 1487 4805 τῶν
1533 4749 1812 4815 Γαζαίων,
1856 4750 1950 4804 άν-

2053 4663 2294 4732 degeret,
2339 4662 2556 4717 mulieri
2605 4663 2965 4740 indicaverat.
3001 4663 3078 4717 Ac
3118 4660 3441 4733 priusquam
3474 4659 3628 4713 illum

2053 4753 2304 4815 vidisset,
2336 4752 2387 4807 ei
2417 4751 2755 4810 ostenderat.
2798 4734 2931 4807 Erat
2961 4753 3106 4807 enim
3146 4753 3364 4824 ignotus
3392 4749 3626 4814 mulieri,

373 4841 575 4915 ῃρέθη·
611 4842 1009 4921 ἀσχολουμένου
1039 4843 1095 4898 δέ
1123 4841 1219 4898 τοῦ
1252 4843 1488 4916 πλήθους
1517 4844 1646 4913 περὶ
1665 4843 1758 4896 τὸν
1792 4841 1932 4911 φόνοι

2057 4854 2111 4902 et
2148 4845 2221 4901 ob
2287 4859 2478 4901 recens
2551 4845 2845 4902 excitatam
2896 4844 3332 4917 persecutionem
3380 4841 3628 4897 occultus

1540 5020 1816 5079 VALESII
1849 5019 2401 5082 ANNOTATIONES.

452 5139 570 5211 (84)
609 5141 904 5210 Γεωργίου
937 5140 1034 5194 καὶ
1064 5138 1445 5211 Θεοδωρίτου.
1479 5138 1535 5193 In
1554 5133 1948 5211 eodigFulte-

379 5205 561 5276 tiano,
585 5219 698 5265 tam
728 5205 824 5265 hic
849 5226 1012 5281 quam
1061 5210 1116 5263 in
1152 5205 1423 5277 superiori
1461 5211 1659 5281 capite,
1693 5205 1948 5261 Theodo-

380 5298 480 5362 rus
506 5281 712 5362 dicitur
759 5277 1186 5362 bicipresbyter
1203 5319 1218 5343 ,
1237 5277 1950 5362 “quemniulianu'sncomes

379 5351 628 5408 Orientis
667 5345 915 5407 interfici
937 5345 1106 5421 jussit
1134 5350 1205 5405 ob
1235 5345 1392 5403 fidem
1426 5348 1656 5405 Christi.
1695 5345 1948 5402 Theodo-

2057 5140 2192 5211 ritus
2240 5149 2420 5194 tamen
2474 5150 2700 5211 vocatur
2733 5141 2802 5196 ab
2841 5138 3145 5211 Epiphanio
3189 5137 3534 5211 Scliolastico
3574 5135 3627 5211 in

2057 5210 2196 5332 ξιξ)το
2226 5225 2277 5264 vt
2316 5211 2576 5267 Historia:
2615 5207 2959 5280 Tripartitiv,
3017 5220 3070 5266 ct
3121 5226 3150 5264 a
3212 5207 3524 5279 Nicephoro
3575 5207 3628 5258 iu

2077 5295 2149 5332 li.
2185 5295 2238 5332 κ.

2077 5295 2149 5332 ΙΙ).
2185 5295 2238 5333 Χ.

1829 5519 2219 5578 VABIORUM.

383 5637 576 5692 habent
633 5652 698 5691 ex
765 5635 994 5691 Joannis
1053 5633 1418 5704 Cltrysoslomi
1464 5633 1708 5704 oratione
1764 5641 1953 5704 contra

385 5708 598 5771 Gentes,
625 5707 678 5761 t'u
702 5724 804 5777 qua
829 5705 1036 5760 Juliam'
1064 5702 1300 5777 Orientis
1335 5702 1567 5777 μητίεερ
1595 5703 1865 5777 infestatio
1899 5705 1949 5753 in

386 5770 724 5834 Dominicuut
761 5792 977 5831 aureum
1007 5776 1102 5846 (sic
1148 5773 1468 5830 Antiochcna
1523 5770 1758 5826 Ecclesia
1807 5788 1956 5826 voca-

2063 5631 2238 5701 batur)
2255 5641 2302 5685 et
2324 5631 2377 5683 in
2407 5628 2777 5684 Thcodorituut
2803 5625 3180 5701 presbyterum,
3202 5626 3318 5701 ejus
3343 5614 3627 5701 vastationi,

2064 5685 2396 5766 describitur,
2461 5701 2716 5769 simulque
2748 5685 2978 5751 εαὲίεδιὶἔ
3016 5694 3077 5746 de
3119 5685 3334 5744 .Iuliuno
3380 5685 3624 5741 vindicta.
