4056 6326
561 352 698 409 raso

2021 372 2362 432 SOZOMENI

3617 405 3724 464 ιιιο

557 473 778 529 latebat.
832 475 1030 532 Parum
1087 480 1356 550 siquidem
1415 484 1670 543 abfuerat
1714 490 1846 560 quin
1898 501 1952 548 et
2007 493 2125 564 ipse

2190 525 2200 558 ι
2227 501 2340 554 τῶν
2382 503 2548 558 αὐτοῦ
2578 506 2814 576 ἀνεψιῶν
2833 545 2848 569 ,
2880 507 3070 576 καιρὸν
3103 509 3278 581 εὑρὼν
3316 493 3498 583 ἔφυγεν
3529 519 3596 583 είς
3639 524 3726 577 Ἀν.

556 567 988 636 comprehensus
1021 583 1052 623 a
1075 569 1286 629 Gazaeis
1317 575 1680 634 occideretur.
1719 581 1827 638 Sed
1857 583 1986 638 dum
2034 601 2134 656 po-

555 656 715 723 pulus
748 658 1208 716 consobrinorum
1247 663 1371 734 ejus
1409 667 1652 725 caedibus
1689 671 1932 730 intentus
1959 684 2132 741 esset,

555 762 675 817 ipse
698 751 1114 818 opportunitate
1163 763 1402 822 nactus,
1446 759 1828 818 Anthedonem
1886 765 2128 836 aufugit,

553 839 742 896 urbem
796 842 1157 911 maritimam,
1203 847 1395 919 viginti
1453 852 1681 910 circiter
1732 855 1926 912 stadiis
1988 857 2133 912 Gaza

551 931 844 987 distantem
877 952 889 988 :
923 950 1047 1005 quas
1076 939 1298 1006 quidem
1339 955 1407 996 eo
1457 951 1704 1016 tempore
1750 949 2131 1018 superstitioni

551 1023 836 1094 gentilium
867 1028 1097 1097 perinde
1129 1030 1372 1093 addicta.
1408 1042 1462 1088 et
1496 1036 1918 1094 simulacrorum
1953 1042 2130 1095 cultui

551 1130 714 1185 supra
746 1117 965 1173 modum
989 1120 1166 1177 dedita
1195 1133 1334 1178 erat.
1370 1126 1448 1182 lbi
1482 1142 1605 1182 cum
1634 1129 1842 1186 indicio
1872 1147 2132 1202 quorum-

550 1207 672 1260 dam
705 1205 1050 1297 (Ehristianus
1077 1227 1217 1278 esse,
1238 1218 1489 1287 proditus
1517 1220 1730 1289 fuisset,
1765 1231 1920 1296 tergo
1961 1226 2132 1297 virgis

550 1283 790 1369 gravit'er
818 1317 996 1361 caesus
1026 1313 1111 1362 est
1139 1307 1208 1363 ab
1238 1283 1624 1377 Anthedoniis,
1649 1283 1882 1370 etrurbe'
1899 1283 2126 1385 eiectus.

550 1389 799 1460 Cumque
837 1392 903 1447 ad
943 1393 1261 1452 Gazzeorum
1315 1402 1507 1456 navale
1547 1418 1607 1458 se
1641 1405 1988 1472 contulisset,
2021 1407 2132 1460 illic

551 1480 773 1538 abditus
796 1482 1170 1543 delitescebat.
1214 1489 1296 1544 lbi
1323 1492 1520 1548 mulier
1549 1494 1598 1549 ei
1631 1509 1964 1562 occurrens,
2000 1495 2130 1553 reli-

549 1573 709 1642 quias
743 1576 997 1632 tradidit.
1051 1579 1160 1637 Eas
1213 1582 1304 1638 ille
1355 1583 1501 1638 domi
1548 1586 1761 1642 abdilas
1810 1588 2129 1659 aliquandiu

548 1666 813 1722 servavit.
863 1665 1063 1725 Postea
1110 1685 1243 1726 vero
1286 1674 1661 1746 episeOpatnm
1697 1678 1844 1733 illius
1874 1678 2132 1734 Ecclesiae

548 1755 813 1810 sortitus:
842 1757 894 1812 id
942 1767 1122 1814 autem
1165 1763 1396 1833 contigit
1434 1766 1744 1838 principatu
1787 1767 2128 1824 Theodosii:

551 1847 833 1902 basilicam
854 1856 1010 1904 extra
1029 1851 1225 1908 urbem
1250 1853 1574 1922 aedificavit,
1604 1835 1658 1912 et
1691 1859 1865 1915 altare
1893 1861 2133 1916 sublime
2161 1835 2205 1890 Β

551 1939 765 2005 erexit,
821 1948 875 1995 et
939 1954 1246 2015 martyrum
1304 1947 1569 2018 reliquias
1629 1949 1921 2021 deposuit,
1979 1953 2136 2021 juxta

551 2028 834 2086 Nestorem
874 2033 1274 2091 coniessorem.
1309 2037 1418 2104 Qui
1457 2054 1582 2094 cum
1615 2043 1962 2098 consobrinis
1994 2045 2133 2110 suis,

549 2121 681 2176 dum
722 2123 1001 2193 viverent,
1049 2124 1393 2184 familiariter
1433 2139 1716 2199 versatus,
1747 2143 1803 2190 et
1854 2150 1957 2190 una
2010 2151 2136 2191 cum

554 2215 665 2271 illis
711 2231 741 2269 a
790 2219 993 2289 populo
1035 2222 1505 2298 comprehensus,
1552 2226 1771 2282 vincula
1816 2243 1879 2284 ac
1924 2228 2135 2301 ﬂagella

549 2306 714 2362 simul
760 2322 886 2363 cum
929 2309 996 2364 iis
1026 2313 1351 2382 pertulerat.
1402 2315 1510 2371 Sed
1562 2318 1705 2373 inter
1733 2319 2062 2374 trahendum
2098 2320 2135 2374 ii

552 2401 652 2471 qui
680 2416 806 2457 eum
850 2405 1164 2476 raptabant,
1197 2417 1492 2480 conspecta
1532 2412 1679 2469 illius
1705 2415 2134 2484 pulchritudine,

548 2492 806 2560 juvenem
846 2495 1089 2552 miserati
1127 2507 1257 2554 sunt
1287 2519 1299 2555 :
1326 2512 1380 2557 et
1415 2511 1565 2558 extra
1597 2505 1750 2560 urbis
1785 2513 1972 2576 portas
2013 2522 2137 2578 pro-

548 2585 826 2657 iecerunt,
859 2588 1043 2644 adhuc
1083 2592 1302 2662 quidem
1347 2597 1672 2664 spirantem,
1709 2596 1807 2652 sed
1850 2599 1943 2668 qui
1988 2599 2137 2655 brevi

551 2678 861 2737 moriturus
888 2683 1241 2753 sperabatur.
1276 2682 1404 2742 Inde
1437 2687 1661 2758 quidam
1696 2705 1818 2746 eum
1861 2690 2136 2758 tollentes,

551 2769 619 2824 ad
655 2769 934 2830 Zenonem
970 2784 1372 2846 reportarunt:
1424 2779 1568 2849 apud
1604 2795 1764 2850 quem
1817 2782 1945 2838 dum
1996 2784 2141 2839 ulce-

553 2861 711 2919 ribus
733 2862 856 2934 ejus
887 2878 952 2919 ac
984 2866 1161 2937 plagis
1186 2868 1458 2924 medicina
1484 2860 1867 2940 adhiberetur,
1898 2875 2136 2930 animam

552 2950 850 3009 exhalavit.
932 2954 1005 3008 At
1067 2954 1247 3012 Gazaei
1313 2960 1640 3030 gravitatem
1715 2961 1983 3022 facinoris
2053 2965 2138 3020 sui

553 3043 739 3100 animo
768 3053 1111 3117 reputantes,
1141 3056 1384 3106 metuere
1410 3062 1698 3122 coeperunt
1740 3071 1808 3111 ne
1839 3056 2139 3138 imperator

2236 596 2432 667 θηδόνα
2464 599 2619 656 πόλιν
2669 603 2765 655 ἐπὶ
2814 604 3088 660 θάλασσαν
3111 647 3125 670 ,
3174 606 3478 674 ἀφεστῶσαν
3501 611 3648 682 Γάζης
3673 616 3728 679 ὡς

2234 693 2314 755 είς
2353 693 2596 758 σταδίους
2625 695 2797 749 εῖκοσι
2824 737 2839 761 ,
2875 697 3270 768 παραπλησίως
3300 697 3355 751 δὲ
3395 703 3653 769 τηνικαῦτα
3673 707 3730 775 τῷ

2247 784 2584 859 Ἐλληνισμῷ
2621 789 2937 861 χαίρουσαν,
2969 791 3062 844 καὶ
3086 789 3214 861 περὶ
3244 790 3338 860 τὴν
3363 789 3623 861 θεραπείαν
3648 799 3730 850 τῶν

2233 876 2438 944 ξοάνων
2466 881 2827 952 ἐπτοημένην.
2877 881 3296 951 Καταμηνυθεὶς
3331 881 3386 934 δὲ
3430 884 3630 939 ἐνταῦθα
3675 889 3729 951 ὡς

2233 971 2558 1041 Χριστιανὸς
2583 1011 2598 1036 ,
2633 972 2820 1037 δεινῶς
2847 973 2988 1027 κατά
3017 973 3186 1026 νώτου
3214 973 3420 1044 ρἀδοις
3443 975 3729 1049 ἐμαστιγώθη

2234 1061 2384 1133 παρά
2412 1062 2520 1115 τῶν
2563 1062 2914 1134 Ἀνθηδονίων
2943 1105 2957 1128 ,
2995 1063 3091 1116 καὶ
3127 1063 3225 1134 τῆς
3263 1063 3458 1127 πόλεως
3503 1067 3693 1138 ἐξηλάθη
3717 1088 3728 1100 ·

2233 1153 2327 1206 καὶ
2365 1153 2442 1215 είς
2491 1154 2552 1206 τὸ
2593 1153 2703 1206 τῶν
2742 1153 2987 1216 Γαζαίων
3040 1153 3273 1207 ἐπίνειον
3312 1165 3333 1190 ι
3378 1153 3558 1220 ἐλθὼν,
3587 1156 3731 1210 ἔλαθεν

2232 1244 2411 1296 ἐκεῖσε
2459 1243 2854 1313 κρυπτόμενος.
2908 1243 3078 1297 Ἔνθα
3126 1243 3192 1313 δὴ
3245 1245 3514 1314 περιτυχὸν
3543 1245 3663 1314 αὐτῷ
3689 1246 3732 1298 τὺ

2232 1333 2486 1401 γύναιον,
2509 1332 2578 1386 τὰ
2609 1332 2840 1402 λείψανα
2883 1333 3114 1386 δέδωκεν
3135 1351 3146 1364 ⁸
3179 1335 3206 1386 ὁ
3253 1331 3329 1397 δὲ,
3360 1333 3485 1396 τέως
3522 1335 3604 1404 μὲν
3629 1336 3733 1388 οἴκοι

2231 1421 2405 1476 ταῦτα
2456 1422 2794 1492 ἐφύλαττεν·
2842 1423 2964 1475 ἐπεὶ
3015 1421 3074 1475 δὲ
3123 1423 3224 1493 τὴν
3272 1423 3450 1476 αὐτόθι
3497 1424 3734 1493 ἐκκλησίαν

2233 1513 2424 1583 ἔλαχεν
2447 1515 2784 1578 ἐπισκοπεῖν,
2810 1512 3004 1584 συνέϐη
3031 1513 3088 1566 δὲ
3112 1512 3270 1566 τοῦτο
3298 1513 3385 1566 ἐπὶ
3402 1513 3492 1582 τῆς
3511 1514 3734 1567 Θεοδοσίου

2235 1606 2512 1676 βασιλείας
2534 1647 2549 1669 ,
2581 1607 2865 1676 εὑκτὴριον
2894 1605 3144 1675 ἐδείματο
3169 1603 3314 1658 οἶκον
3346 1603 3442 1674 πρὸ
3463 1603 3544 1656 τοῦ
3566 1603 3732 1665 ἄστεος,

2233 1700 2326 1752 καὶ
2371 1697 2755 1768 θυσιαστήριον
2786 1697 2842 1749 ἐν
2894 1695 3044 1766 αὑτῷ
3096 1695 3336 1766 ἐπήξατο
3373 1693 3530 1764 (84⁸),
3573 1693 3650 1745 καὶ
3685 1693 3738 1744 τὰ

2233 1789 2366 1844 ὀστᾶ
2388 1789 2494 1842 τῶν
2530 1787 2820 1859 μαρτύρων
2852 1787 3082 1841 ἀπέθετο
3101 1825 3115 1850 ,
3151 1786 3373 1857 πλησίον
3401 1785 3635 1854 Νέστορος
3666 1781 3735 1834 τοῦ

2234 1881 2588 1952 ὁμολογητΟὖ.
2615 1882 2710 1943 Ὃς
2737 1879 2812 1951 τῷ
2835 1879 2936 1951 βίῳ
2962 1877 3212 1948 περιοῦσι
3237 1879 3348 1954 τοῖς
3372 1875 3523 1930 αὐτοῦ
3550 1875 3738 1942 ἀνεψιοῖς

2237 1973 2423 2043 συνῆν.
2454 1972 2565 2026 Καὶ
2590 1971 2912 2042 συλληφθεὶς
2951 1970 3067 2041 ἅμα
3098 1970 3284 2034 αὐτοῖς
3313 1969 3456 2040 παρά
3481 1967 3562 2052 τοῦ
3588 1967 3736 2037 δήμου,

2235 2061 2450 2132 δεσμῶν
2473 2061 2566 2116 καὶ
2595 2061 2874 2132 μαστίγων
2909 2060 3288 2132 ἐκοινώνησεν.
3335 2061 3418 2114 Ἑν
3455 2060 3506 2113 δὲ
3529 2058 3594 2129 τῷ
3621 2059 3741 2110 ἕλκε-

2238 2152 2361 2206 σθαι
2385 2193 2400 2219 ,
2449 2153 2610 2207 καλὸν
2657 2152 2847 2224 ἔχοντα
2894 2153 2954 2206 τὸ
2987 2152 3148 2224 σῶμα
3197 2153 3395 2218 ἰδόντες
3439 2155 3484 2208 οῖ
3511 2153 3738 2214 ἕλκοντες,

2236 2246 2502 2316 ἠλέησαν·
2536 2247 2630 2299 καὶ
2665 2246 2771 2316 πρὸ
2804 2244 2912 2298 τῶν
2962 2245 3147 2298 πυλῶν
3170 2284 3185 2310 ,
3225 2245 3307 2299 ἔτι
3342 2246 3435 2318 μὲν
3475 2245 3738 2316 ἐμπνέοντα,

2237 2337 2526 2391 ἀποθανεῖν
2574 2337 2632 2390 δὲ
2675 2337 3122 2407 προσδοκώμενον
3178 2336 3407 2408 ἔρριψαν
3427 2353 3441 2367 °
3489 2335 3741 2404 ἀνελόμενοι

2236 2429 2294 2483 δέ
2326 2446 2498 2493 τινες,
2525 2429 2662 2500 πρὸς
2701 2431 2924 2499 Ζήνωνα
2956 2429 3278 2500 διεκόμισαν
3301 2447 3312 2460 ·
3346 2430 3466 2500 παρ’
3488 2422 3528 2497 ᾧ
3562 2426 3618 2480 τά
3641 2426 3742 2490 ἕλκη

2237 2519 2331 2572 καὶ
2383 2517 2480 2582 τὰς
2540 2518 2756 2589 πληγὰς
2804 2517 2883 2571 ἔτι
2949 2517 3420 2590 θεραπευόμενος,
3464 2515 3739 2582 ἐτελεύτησε.

2237 2609 2458 2674 Γαζαῖοι
2490 2609 2546 2662 δὲ
2589 2609 2650 2662 τὸ
2693 2609 2925 2679 μέγεθος
2977 2609 3421 2680 ἀναλογιζόμενοι
3467 2606 3552 2662 τοῦ
3587 2605 3744 2658 οἰκείου

2237 2703 2615 2774 τολμήματος,
2652 2702 2922 2772 περιδεεῖς
2972 2696 3112 2772 ἦσαν
3139 2741 3154 2765 ,
3203 2701 3284 2773 μὴ
3331 2703 3426 2753 οὐκ
3476 2698 3684 2761 ἀνέξεται
3722 2693 3744 2744 ό

2240 2791 2493 2862 βασιλεὺς
2539 2790 2921 2862 ἀτιμωρήτους
2973 2791 3113 2858 σφᾶς
3147 2790 3499 2844 καταλιπεῖν·
3547 2787 3629 2856 ήδη
3665 2782 3746 2855 γὰρ

2239 2885 2335 2936 καὶ
2359 2885 2515 2954 φήμη
2549 2899 2632 2946 τις
2654 2881 2915 2950 διεφοίτα,
2946 2880 3018 2944 ὡς
3055 2880 3311 2950 χαλεπῶς
3347 2879 3508 2950 φέρει,
3538 2879 3618 2930 καὶ
3643 2875 3746 2926 ἀπυ-

2238 2973 2499 3029 δεκατοῦν
2525 2975 2586 3026 τὸ
2615 2973 2818 3043 πλῆθος
2847 2966 3288 3038 σπουδάζει.⁷Ην
3316 2971 3373 3025 δὲ
3398 2967 3555 3024 ταῦτα
3579 2965 3746 3036 ψεῦδος.

2241 3067 2334 3120 καὶ
2371 3065 2597 3137 θρύλλος
2633 3065 2825 3136 μόνον,
2867 3064 2942 3127 ὡς
2999 3064 3181 3129 εἰκὸς,
3237 3063 3481 3135 δημώδης
3505 3101 3518 3125 ,
3550 3057 3638 3112 ὑπὸ
3676 3055 3749 3124 τῆς

551 3134 706 3204 ipsos
747 3137 972 3208 impune
1016 3139 1169 3196 abire
1201 3156 1309 3196 non
1337 3142 1566 3200 sineret.
1607 3142 1728 3200 Jam
1766 3146 1910 3202 enim
1949 3134 2136 3204 rumor

2190 3169 2207 3226 ζ
2240 3134 2444 3221 δειλίας
2479 3157 2574 3210 τοῦ
2602 3134 2896 3210 συνειδέναι
2923 3154 2960 3208 ἃ
2999 3134 3352 3225 πεπράκασιν
3381 3156 3436 3207 ἐν
3460 3154 3560 3214 τοῖς
3587 3147 3750 3207 πολλοῖς

553 3241 784 3298 sparsus
826 3229 1028 3296 fuerat,
1057 3232 1333 3304 indignari
1363 3234 1542 3302 illum,
1570 3243 1624 3290 et
1655 3236 1924 3294 decimum
1953 3256 2139 3310 quem-

553 3335 662 3389 que
681 3336 746 3377 ex
779 3323 937 3392 plebe
971 3323 1159 3379 necari
1191 3326 1474 3383 statuisse.
1523 3327 1633 3384 Sed
1670 3329 1722 3384 id
1758 3329 1959 3387 falsum
1994 3339 2132 3398 erat,

555 3427 620 3467 ac
651 3427 838 3468 rumor
894 3414 1050 3486 193
1090 3415 1360 3472 duntaxat
1406 3420 1714 3490 popularis,
1752 3438 1818 3478 ex
1867 3431 2041 3488 metu,
2079 3435 2139 3480 ut

554 3502 822 3558 credibile
851 3513 958 3567 est,
990 3514 1045 3559 et
1073 3520 1141 3561 ex
1170 3519 1359 3561 eorum
1389 3524 1512 3577 quae
1535 3521 1827 3579 gesserant
1847 3515 2138 3572 conscien-

555 3593 654 3656 tia,
686 3608 784 3664 per
815 3594 1014 3664 vulgus
1051 3595 1357 3666 dispersus.
1391 3597 1672 3669 Siquidem
1705 3602 2032 3674 imperator,
2069 3602 2139 3664 ne

557 3682 611 3735 id
644 3682 864 3752 quidem
898 3685 1044 3755 quod
1077 3701 1208 3757 erga
1240 3689 1647 3747 Alexandrinos
1683 3693 1753 3748 ob
1782 3693 2000 3766 Georgii
2033 3714 2141 3754 cae-

558 3775 685 3830 dem
720 3772 946 3844 fecerat,
983 3776 1207 3835 Gazaeos
1242 3795 1341 3851 per
1367 3781 1582 3838 litteras
1613 3786 1990 3854 reprehendit.
2029 3788 2143 3846 lmo

560 3863 944 3934 consularem,
974 3869 1069 3938 qui
1121 3877 1255 3924 tunc
1305 3873 1648 3940 provinciam
1703 3875 1850 3930 illam
1895 3879 2143 3947 regebat,

558 3958 969 4024 exauctoravit,
1027 3969 1457 4032 suspectumque
1513 3962 1703 4020 habuit
1737 3984 1750 4020 :
1783 3973 1837 4021 et
1883 3968 1939 4022 in
1994 3969 2144 4039 judi-

559 4051 703 4108 cium
745 4050 1045 4108 adductum
1087 4053 1394 4110 clementiae
1432 4072 1546 4112 suae
1584 4059 1750 4114 tribui
1784 4061 1956 4118 voluil.
1991 4066 2139 4134 quod

564 4155 907 4212 nequaquam
970 4154 1147 4200 morte
1211 4147 1490 4202 multaret.
1573 4149 1878 4206 Incu-sabat
1945 4161 2130 4211 autem

559 4231 716 4287 illum
736 4234 884 4302 quod
911 4236 1181 4305 quosdam
1217 4252 1284 4292 ex
1317 4238 1550 4304 Gazmis,
1602 4242 1698 4310 qui
1739 4241 2031 4302 seditionis
2070 4262 2134 4303 ac

2242 3248 2692 3320 περιφερόμενος.
2740 3245 2958 3316 Ἐπειδὴ
2980 3245 3101 3300 οὐδὲ
3134 3245 3299 3299 τοῦτο
3325 3245 3386 3316 δὴ
3408 3243 3463 3298 τὸ
3489 3242 3606 3315 7:92);
3638 3237 3748 3291 Ἀλε-

2243 3339 2502 3411 ξανδρέας
2529 3339 2749 3408 γεγονὸς
2791 3338 2883 3391 ἐπὶ
2905 3337 3184 3408 Γεωργίου
3202 3381 3216 3405 ,
3248 3338 3367 3391 οὐδὲ
3405 3337 3459 3388 ἐν
3488 3333 3749 3406 γράμμασιν

2245 3429 2528 3500 ἐμέμψατο
2574 3431 2686 3494 τοῖς
2717 3427 2987 3492 Γαζαίοις.
3020 3427 3186 3481 Ἀλλά
3244 3426 3336 3481 καὶ
3389 3425 3473 3479 τὸν
3508 3421 3749 3493 ἡγούμενον

2241 3522 2363 3573 τότε
2385 3520 2479 3573 τοῦ
2514 3519 2695 3583 ἔθνους
2715 3563 2730 3586 ,
2755 3520 2852 3592 τὴν
2883 3519 3056 3590 ἀρχὴν
3085 3519 3359 3588 ἀφείλετο,
3388 3517 3478 3571 καὶ
3505 3519 3556 3568 ἐν
3578 3509 3751 3579 ὑπονοίᾳ

2245 3607 2358 3682 εἶχε
2378 3628 2391 3641 °
2426 3611 2519 3664 καὶ
2561 3610 2843 3681 ἀγώγιμον
2883 3613 3116 3680 ποιήσας
3138 3652 3154 3676 ,
3187 3611 3248 3664 τὸ
3282 3610 3356 3681 μὴ
3398 3605 3606 3687 θανάτου
3625 3615 3751 3687 aura-

2242 3701 2618 3771 ψηφίσασθαι,
2652 3699 3060 3771 φιλανθρωπίαν
3105 3685 3681 3768 ἐλογίσατοίὲπῃτιᾶτο
3710 3685 3751 3739 δὲ

2242 3793 2426 3858 αὑτὸν,
2458 3791 2646 3846 καθότι
2677 3792 2831 3856 τινὰς
2872 3792 2980 3846 τῶν
3011 3791 3264 3856 Γαζαίων
3291 3831 3306 3858 ,
3357 3789 3405 3842 οἳ
3434 3788 3526 3857 τῆς
3565 3783 3751 3837 στάσεως

2246 3884 2338 3937 καὶ
2385 3883 2495 3937 τῶν
2548 3882 2723 3951 φόνων
2778 3881 2938 3953 ἄρξαι
2992 3883 3242 3951 ἐλέγοντο
3263 3923 3277 3947 ,
3317 3877 3672 3947 συλλαδόμενος
3710 3871 3751 3921 ὲν

2241 3975 2460 4045 δεσμοῖς
2498 3972 2644 4046 εῖχεν
2669 4014 2684 4039 ,
2734 3975 2810 4039 ὡς
2838 3975 2981 4030 κατά
3013 3975 3213 4046 νόμους
3245 3973 3471 4035 εὐθύνας
3498 3967 3749 4038 ὑφέξονταςι

2245 4067 2310 4120 Τί
2345 4068 2485 4137 γὰρ,
2534 4068 2699 4140 φησὶν
2723 4109 2739 4134 ,
2782 4069 2888 4122 ἔδει
2927 4069 3122 4133 αὐτοὺς
3176 4065 3522 4136 ἀπάγεσθαι,
3554 4061 3597 4113 εἰ
3635 4054 3752 4110 Γαλι-

2190 4217 2200 4227 .
2237 4159 2422 4224 λαίους
2453 4160 2664 4230 ὀλίγους
2706 4160 2822 4216 ἀνθ’
2859 4154 2934 4216 ὧν
2973 4161 3144 4215 πολλὰ
3182 4162 3265 4224 είς
3298 4159 3519 4221 αὐτοὺς,
3555 4147 3751 4207 καὶτοὺς

2241 4253 2397 4316 θεοὺς
2420 4252 2706 4323 ἠδίκησαν,
2738 4252 3046 4323 ὴμύναντο;
3075 4254 3189 4307 Καὶ
3217 4252 3288 4307 τὰ
3317 4252 3413 4323 μὲν
3442 4243 3536 4304 ὧδε
3561 4244 3748 4310 λέγεται·

561 4323 727 4382 caedis
754 4334 1010 4384 auctores
1038 4327 1210 4385 fuisse
1240 4330 1590 4397 dicebantur,
1623 4337 2055 4405 comprehensos
2107 4343 2161 4398 in
2201 4345 2420 4401 vincula
2468 4347 2800 4416 conjecerat,
2873 4356 2934 4402 ut
2971 4362 3037 4403 ex
3084 4347 3265 4416 legum
3306 4341 3603 4415 praescripto
3639 4333 3750 4405 judi'

561 4419 712 4474 Cium
803 4423 1080 4479 SUbil‘em-
1131 4423 1277 4491 Ωιιῑά
1335 4427 1518 4493 enim,
1582 4429 1800 4500 inquit,
1870 4435 1993 4490 illos
2055 4438 2184 4494 duci
2251 4456 2478 4500 necesse
2527 4451 2678 4507 erat,
2733 4442 2828 4512 qui
2892 4457 3100 4512 paucos
3162 4442 3421 4497 Galilaeos
3462 4452 3554 4509 pro
3608 4425 3751 4487 ωυὶιῖε

562 4510 789 4582 injuriis
819 4513 1023 4584 quibus
1073 4515 1226 4586 ipsos
1270 4530 1335 4572 ac
1378 4516 1510 4575 deos
1545 4519 1789 4590 ipsorum
1840 4524 2134 4583 aﬂecerant
2174 4532 2272 4586 ulti
2297 4534 2521 4590 essent?
2549 4534 2615 4588 Et
2655 4510 2768 4590 haec
2814 4510 3035 4604 quidem
3110 4533 3188 4588 ita
3231 4542 3387 4605 gesta
3458 4543 3570 4586 esse
3609 4518 3754 4596 perhi-

563 4605 782 4661 bentur.

1744 4771 2009 4826 V’ALESII
2048 4773 2608 4832 ANNOTATIONES.

638 4949 799 5030 (μ’)
847 4951 948 5030 ’ζεῖν
989 4948 1149 5030 cith
1177 4949 1464 5030 ἐπήξατο.
1494 4951 1553 5005 In
1593 4951 1784 5030 codice
1832 4951 2133 5030 Fuketiano

2190 4962 2208 5014 )
2239 4965 2426 5030 tyrum
2444 4957 2708 5030 reliquias
2738 4957 2812 5030 ibi
2840 4959 3157 5030 deponeret.
3187 4962 3377 5030 Verba
3415 4967 3582 5030 autem
3615 4953 3688 5008 illa
3711 4949 3752 5000 ὶν

568 5020 830 5089 scriptum
868 5020 1050 5076 inveni
1101 5020 1346 5084 ἀνωθεν,
1397 5021 1454 5076 id
1501 5031 1626 5087 est,
1679 5022 1853 5078 altare
1898 5021 2133 5080 sublime

567 5091 780 5158 erexit,
814 5098 1134 5147 constructa
1165 5091 1374 5148 scilicet
1420 5092 1612 5148 subtus
1641 5091 1862 5157 absidc,
1891 5101 1949 5147 ut
1987 5109 2132 5148 mar-

2239 5028 2385 5098 αὐτῷ
2417 5027 2818 5084 ἱηίτιιιοοεηὰε
2863 5027 2992 5086 sunt
3021 5041 3146 5088 ante
3173 5027 3404 5089 verbum
3435 5027 3658 5086 ἀπέθετο.

2001 5272 2388 5330 VARIORUM.

645 5425 800 5501 ξΕίς
827 5423 894 5501 τό
923 5423 1042 5478 τῶν
1066 5423 1332 5501 Γαζαίων
1358 5424 1640 5501 ἐπίνειον.
1668 5427 1723 5501 Id
1757 5438 1858 5494 est,
1888 5431 2143 5501 Majuma,

573 5494 814 5550 civitatis
855 5493 980 5565 j_u_re
1018 5503 1081 5565 et
1124 5495 1348 5565 proprio
1381 5497 1637 5564 episcopo
1684 5493 1884 5554 donata
1930 5493 2146 5556 a'Con-

576 5565 823 5639 stantino
873 5562 946 5619 M.
994 5564 1103 5639 qui
1315 5562 1682 5639 Constantiam
1720 5571 2038 5639 appellavit.
2077 5571 2144 5626 At

574 5633 977 5706 Julianuseam
1014 5633 1320 5706 privilegiis
1351 5636 1669 5706 spoliatam,
1704 5633 1911 5697 Gaimis
1945 5657 2140 5695 rursus

581 5705 776 5773 subjici
826 5703 1600 5780 jllssitIProprium—tamen
1658 5703 1978 5780 episcopum
2032 5711 2134 5777 ipsi

582 5789 862 5831 asseruere
910 5775 1402 5848 comprovinciales
1439 5775 1711 5852 episcopi:
1760 5775 1966 5838 Dc'his
2011 5775 2133 5836 vide

2253 5428 2576 5509 Sozomen._,
2630 5447 2751 5503 cap.
2801 5433 2834 5488 '5
2876 5429 3042 5509 hujus
3086 5431 3182 5509 lib.
3224 5429 3400 5509 Porro
3433 5422 3752 5509 lemnisci):

2249 5502 2400 5571 scepi
2461 5498 2750 5571 Majumaa',
2805 5510 2860 5558 et
2907 5498 3030 5570 ejus
3083 5498 3274 5571 fratris
3326 5498 3752 5571 Ajacisuepi‘scopl

2246 5561 2460 5642 Botolii,
2487 5561 2868 5642 eloginm'vide
2899 5561 3062 5635 infra,
3085 5570 3182 5625 lib.
3217 5587 3317 5642 vn,
3358 5561 3480 5642 cap:
3503 5561 3750 5642 ἳεζῐῖρςρ·

2244 5641 2429 5713 [pntur
2449 5630 2632 5713 autem
2659 5643 2960 5713 supradicti
2987 5630 3258 5710 martyres
3281 5630 3748 5713 die_8'Septembris.

2292 5711 2447 5768 heod.
2476 5710 2746 5782 Rumanr,
2776 5714 2892 5767 Acl.
2926 5721 3109 5779 mart.,
3137 5727 3262 5784 pag.
3297 5710 3420 5766 647.
