4056 6326
361 406 493 466 1241

913 550 921 556 -
983 521 1230 576 ΚΕΦΑΛ.
1256 523 1315 577 I'.

359 615 510 693 Περὶ.
531 614 652 693 ’τοῦ
699 614 871 693 ἀπίου
908 615 1271 693 ’Μαρίων-ος..
1307 615 1406 693 καὶ
1448 614 1573 693 τῶνε
1617 615 1708 693 ἐν.
1728 614 1926 693 Ἠλίου

431 685 598 777 πόλει
625 683 950 777 «optigt-cor,
979 684 1096 738 ὑπὸ
1134 683 1302 777 σιίῶν
1331 683 1928 777 εὶΪ-ςιιρεθεισῷνὺκαι

431 755 562 821 περὶ
601 754 706 806 τοῦ
740 754 918 816 ξένου
960 755 1286 822 μαρτυρίου
1327 754 1568 822 Μάρκου
1605 754 1714 806 τοῦ
1773 755 1925 822 Ἀρε-

432 823 692 877 θουσίων
714 823 1073 877 ἐπισκόπου.

441 913 530 966 Ἐν
555 913 730 982 τούτῳ
751 914 806 966 δὲ
828 915 924 967 καὶ
961 914 1204 985 Ὶλαρίων
1234 912 1463 983 μοναχδς
1504 913 1927 983 ἐπιζητούμενος

362 1004 514 1076 παρά
539 1005 648 1058 τῶν
673 1004 918 1069 Γαζαίων
947 1005 1091 1075 (85),
1122 1005 1320 1074 ἐφυγεν
1350 1007 1430 1068 είς
1458 1004 1722 1058 Σικελίαν.
1759 1003 1928 1057 Ἔνθα

358 1096 422 1165 δὴ
450 1094 584 1162 ξύλα
611 1094 882 1164 συλλέγων
927 1095 992 1148 ἐκ
1039 1094 1150 1147 τῶν
1202 1095 1422 1164 ἐρήμων
1468 1093 1642 1164 ὀρῶν,
1696 1093 1788 1147 καὶ
1836 1093 1930 1145 ἐπὶ

358 1186 526 1256 ὤμων
558 1185 774 1256 φέρων,
807 1187 866 1239 ἐν
917 1188 984 1257 τῇ
1024 1186 1178 1238 πόλει
1209 1185 1482 1238 διεπώλειο
1513 1187 1608 1239 καὶ
1649 1186 1772 1238 ὅσον
1802 1186 1932 1238 ἀπο-

361 1279 482 1348 ζῇν,
520 1277 694 1348 τούτῳ
719 1276 797 1348 τῷ
825 1277 1011 1347 τρόπῳ
1037 1277 1137 1348 τὴν
1168 1277 1487 1348 ηθημέραν
1509 1276 1712 1348 τροφὴν
1745 1276 1930 1347 ἐπορί-

362 1372 505 1432 ζετο.
555 1368 974 1440 Καταμηνυθεὶς
1019 1370 1076 1423 δέ
1139 1370 1286 1432 ὅστις
1330 1371 1414 1440 εἴη
1473 1370 1568 1422 καὶ
1619 1365 1769 1432 οἷος,
1825 1369 1932 1422 ὑπὸ

360 1459 720 1528 δαιμονῶντος
744 1459 935 1529 ἀνδρὸς
951 1458 1063 1528 (86)
1081 1459 1192 1513 τῶν
1216 1460 1521 1529 ἐπισήμων,
1553 1457 1647 1511 τοῦ
1673 1459 1932 1528 δαιμονᾷν

357 1548 522 1601 αὐτὸν
569 1547 882 1612 ἀπαλλάξας
903 1589 918 1613 ,
954 1539 1145 1618 ἦλθεν
1177 1549 1257 1610 είς
1319 1547 1647 1618 Δαλματίαν.
1685 1546 1934 1615 Μέγιστά

361 1656 422 1692 τε
451 1639 545 1693 καὶ
572 1638 849 1709 παράδοξα
892 1641 989 1692 σὺν
1017 1640 1139 1711 θείᾳ
1169 1640 1399 1711 δυνάμει
1431 1638 1707 1693 κάνταῦθα
1738 1655 1934 1710 κατορ-

362 1729 577 1797 θώσας,
618 1730 693 1794 ὡς
722 1731 815 1784 καὶ
845 1730 944 1800 τὴν
976 1731 1250 1787 θάλασσαν
1287 1732 1420 1802 εὐχῇ
1447 1731 1639 1801 στῆσαι
1669 1728 1781 1799 (87)
1814 1740 1841 1770 ι
1873 1727 1933 1792 ἐξ

1308 403 1638 461 HISTORIA
1678 402 2233 462 ECCLESIASTICA.
2261 435 2330 446 —
2363 404 2492 462 LIB.
2536 407 2600 462 Υ.

1952 527 2005 585 Δ

3454 409 3595 465 1242

2678 523 2830 580 CAP.
2863 523 2932 578 X.

2026 617 2106 673 De
2154 625 2338 672 sancto
2376 617 2671 681 Hilarione,
2716 627 2766 672 et
2809 618 2873 670 de
2914 616 3198 686 virginibus
3247 614 3516 685 Heliopoli
3562 635 3595 671 a

2098 688 2280 758 suibus
2325 689 2666 758 interemptis.
2719 687 2803 758 Et?
2834 687 2898 739 de
2946 687 3286 758 atrocissima
3332 689 3596 758 martyrio

2100 757 2272 810 Marci
2300 757 2697 812 Arethusiorum
2726 757 2976 826 episcopi.

2097 909 2202 965 Per
2243 911 2388 967 idem
2428 918 2643 981 tempus
2692 909 2898 964 Hilario
2944 925 3163 980 quoque
3211 911 3516 966 monachus
3564 926 3596 966 a

2028 1001 2236 1057 Gemis
2272 1003 2558 1071 quaesitus,
2593 1002 2650 1056 in
2682 1001 2925 1056 Siciliam
2963 1017 3023 1057 se
3052 1002 3278 1072 recepit.
3330 1003 3408 1056 Ibi
3450 1003 3596 1072 ligna

2029 1108 2094 1148 ex
2127 1093 2361 1148 desertis
2390 1093 2670 1149 montibus
2699 1095 2987 1164 colligens,
3019 1100 3081 1148 et‘
3111 1094 3355 1147 humeris
3385 1093 3502 1148 suis
3543 1094 3596 1146 in

2028 1184 2221 1238 urbem
2245 1191 2474 1253 portans
2502 1184 2806 1240 vendebat:
2835 1200 3010 1255 eoque
3049 1193 3208 1254 pacto
3235 1193 3499 1254 quantum
3531 1185 3599 1239 ad

2030 1275 2196 1328 vitam
2250 1273 2474 1340 sufﬁcit,
2509 1275 2890 1345 quotidianum
2940 1276 3043 1331 sibi
3095 1277 3322 1346 parabat
3373 1277 3600 1330 alimen-

2029 1372 2165 1419 tum.
2198 1362 2444 1419 Tandem
2478 1379 2607 1420 vero
2640 1365 2894 1435 quisnam
2941 1373 2994 1420 et
3026 1367 3208 1433 qualis
3253 1374 3419 1430 esset,
3459 1365 3602 1419 indi-

2031 1462 2190 1512 catus
2213 1470 2242 1508 a
2267 1457 2386 1510 viro
2417 1455 2585 1510 nobili
2614 1455 2707 1526 qui
2731 1470 2760 1508 a
2785 1455 3055 1510 daemonio
3083 1456 3416 1520 vexabatur,
3452 1463 3602 1526 post-

2031 1560 2194 1616 quam
2225 1560 2350 1599 eum
2389 1545 2675 1600 immundo
2707 1546 2903 1615 spiritu
2947 1546 3257 1611 liberasset,
3295 1546 3512 1615 trajecit
3545 1546 3601 1600 in

2031 1634 2376 1688 Dalmatiam.
2409 1634 2474 1688 Et
2502 1649 2630 1688 cum
2658 1634 2770 1688 illic
2795 1650 3014 1705 quoque
3037 1635 3224 1689 divina
3258 1635 3463 1690 virtute
3492 1651 3604 1690 ma-

2032 1727 2179 1782 xima
2219 1727 2484 1781 miracula
2523 1713 3098 1796 perpetrasset,""'adeo
3123 1737 3182 1782 ut
3215 1725 3363 1782 mare
3398 1728 3601 1796 ipsum,

363 1822 773 1892 ὑπονοπήσεως
814 1822 1102 1876 ἐπικλύσαι
1143 1823 1239 1893 τὴν
1272 1822 1443 1892 ξηρὰν
1471 1821 1932 1892 κατατρέχουοαν,

2037 1818 2182 1890 quod
2207 1827 2342 1875 astu
2369 1818 2605 1889 quodam
2624 1820 2789 1874 terris
2820 1819 3339 1889 superlundehatur,
3354 1819 3605 1873 oratione

364 1911 527 1966 πάλιν
578 1912 730 1967 ἐνθεν
777 1913 1138 1984 ἀνεχώρησεν.
1189 1914 1262 1967 Ob
1323 1913 1430 1982 γὰρ
1481 1911 1817 1981 καταθύμιον
1863 1907 1933 1980 ἧν

2037 1924 2137 1965 sua
2185 1910 2615 1974 constrinxerit',
2662 1910 2790 1964 inde
2837 1925 3034 1964 rursus
3077 1907 3365 1963 abscessit.
3421 1906 3607 1976 Neque

362 1999 546 2071 αὐτῷ,
570 2002 864 2072 διατρίϐειν
895 2003 1048 2074 παρὰ
1086 2005 1198 2066 τοῖς
1223 2000 1532 2056 ἐπαινοῦσιν
1551 2017 1566 2032 ·
1606 2001 1721 2055 ἀλλ’
1750 2003 1808 2054 ἐν
1853 2001 1934 2073 τῷ

361 2094 488 2156 τοὺς
519 2094 718 2158 τόπους
745 2095 1014 2166 ἀμείϐειν,
1050 2095 1380 2148 ἐσπούδασεν
1412 2094 1606 2164 ἄδηλος
1632 2089 1770 2146 εἶναι
1795 2133 1810 2159 ,
1839 2093 1936 2148 καὶ

361 2183 462 2256 τὴν
528 2185 838 2256 κρατοῦσαν
899 2184 1026 2257 περὶ
1087 2184 1252 2238 αὐτοῦ
1321 2183 1478 2249 δόξαν
1532 2183 1766 2238 διαλύειν
1815 2186 1937 2247 ταῖς

366 2275 587 2344 συχναῖς
622 2276 992 2346 μετοικήσεσι.
1023 2275 1096 2328 Τὸ
1137 2275 1200 2346 δὴ
1245 2275 1554 2328 τελευταῖον
1605 2275 1937 2341 παραπλέων

363 2365 464 2436 τὴν
498 2367 754 2437 Κύπρον,
809 2368 1047 2439 κατῆρεν
1105 2369 1183 2430 είς
1242 2367 1447 2436 Πάφον.
1492 2367 1832 2438 Προτραπείς
1876 2385 1936 2421 τε

366 2458 520 2528 παρά
563 2457 661 2512 τοῦ
711 2457 832 2511 τότε
877 2457 1141 2529 Κυπρίων
1183 2458 1481 2511 ἐπισκόπου
1501 2497 1517 2522 ,
1547 2459 1801 2530 ἠγάπησε
1838 2461 1935 2532 τὴν

367 2549 553 2604 ἐνθάδε
590 2533 872 2621 διατριϐὴν
897 2588 912 2612 ,
960 2549 1052 2603 καὶ
1096 2549 1224 2619 περ).
1256 2549 1536 2620 Χάρϐυριν
1560 2549 1672 2620 (88)
1694 2590 1708 2614 ,
1741 2552 1937 2623 χωρίον

365 2637 540 2702 οὕτως
570 2639 1036 2708 ἐπονομαζόμενον
1057 2676 1072 2702 ,
1104 2638 1432 2707 ἐφιλοσόφει.
1463 2639 1570 2692 Τοῦ
1606 2639 1703 2708 μὲν
1731 2635 1825 2693 οὖν
1858 2641 1935 2711 μὴ

371 2731 718 2801 μαρτυρῆσαι
745 2727 1037 2799 τδψᾶνδρα
1067 2728 1272 2790 τοῦτον,
1301 2730 1470 2782 αἴτιον
1500 2731 1532 2800 ἡ
1569 2732 1712 2800 φυγή
1735 2747 1748 2760 ο
1772 2731 1937 2800 ἔφυγε

368 2815 428 2869 δέ
450 2859 464 2882 ,
498 2819 685 2872 καθότι
726 2817 1055 2890 πρόσταγμά
1104 2821 1249 2872 ἐστιν
1281 2821 1462 2890 ἱερὸν,
1495 2821 1568 2890 μὴ
1621 2822 1938 2891 περιμένειν

365 2909 494 2970 τοὺς
515 2906 806 2971 διώκοντας
823 2925 837 2938 ο
874 2908 1002 2972 εί,δέ
1024 2908 1274 2978 ληφθεῖεν
1301 2909 1636 2978 διωκόμενοι,
1662 2911 1939 2981 ἀνδρείους

367 2995 646 3065 γενέσθαι,
677 2997 770 3050 καὶ
793 2997 1069 3067 κρείττους
1099 2997 1199 3066 τῆς
1220 2996 1328 3050 τῶν
1347 2997 1646 3051 διωκόντων
1670 3000 1934 3072 ἀνάγκης.

369 3086 448 3139 Οὐ
481 3086 654 3157 παρὰ,
678 3086 860 3156 μόνοις
900 3086 955 3139 δὲ
984 3085 1234 3149 Γαζαίοις
1286 3087 1379 3140 καὶ
1424 3087 1828 3159 Ἀλεξανδρεῦσι
1868 3092 1938 3146 τὰ

2034 2003 2180 2058 enim
2225 2001 2530 2070 jucundum
2581 2000 2659 2054 illi
2714 2008 2834 2055 erat
2895 2000 3040 2070 apud
3099 2014 3195 2054 eos
3250 1999 3454 2052 morari
3509 1997 3604 2068 qui

2035 2093 2214 2162 ipsum
2251 2091 2567 2148 laudarent:
2600 2091 2696 2147 sed
2725 2092 2846 2146 loca
2889 2089 3303 2154 commutando,
3336 2089 3607 2144 obscurus

2035 2200 2180 2250 esse,
2210 2192 2266 2241 et
2307 2185 2517 2240 famam
2554 2199 2678 2255 quae
2715 2183 2784 2241 de
2831 2184 2950 2254 ipso
2996 2183 3346 2253 vulgabatur,
3393 2179 3608 2235 crebris

2035 2279 2456 2350 migrationibus
2478 2279 2729 2334 studebat
2762 2279 3003 2332 abolere.
3028 2275 3110 2330 Ad
3141 2283 3606 2336 extremum,cum

2008 2370 2273 2440 'Cyprum
2307 2370 2810 2441 praeternavigamt,
2837 2368 3049 2438 appulit
3090 2365 3362 2436 Paphum.
3385 2363 3608 2423 ,lnvita—

2036 2469 2238 2531 tusque
2281 2461 2350 2516 ab
2397 2475 2464 2516 eo
2505 2460 2601 2530 qui
2637 2468 2769 2514 tunc
2818 2460 3083 2528 temporis
3127 2457 3454 2529 Cypriorum
3489 2461 3610 2510 erat

2037 2554 2368 2622 episcopus,
2422 2550 2581 2622 195
2629 2551 2702 2605 ibi
2741 2549 2940 2620 degere
2977 2549 3274 2605 constituit
3299 2585 3315 2612 ,
3358 2557 3412 2602 et
3450 2546 3609 2616 juxta

2038 2643 2214 2697 locum
2247 2642 2342 2712 qui
2371 2641 2675 2697 Charbu-ris
2699 2641 2929 2706 dicitur,
2957 2639 3379 2710 philosOphatus
3407 2644 3514 2692 est.
3543 2634 3609 2688 Et

2037 2733 2164 2803 fuga
2207 2735 2426 2799 quidem
2479 2733 2695 2788 obstitit
2738 2733 3036 2802 quominus
3089 2731 3179 2785 hic
3212 2731 3296 2784 vir
3343 2729 3609 2799 martyrio

2037 2824 2473 2895 perfungeretur.
2522 2823 2736 2878 Idcirco
2764 2833 2946 2878 autem
2987 2823 3148 2894 fugit,
3175 2823 3306 2892 quia
3335 2821 3432 2876 Dei
3470 2835 3608 2891 pra-

2039 2923 2252 2982 ceptum
2282 2923 2367 2971 εει
2408 2931 2478 2971 ne
2522 2926 2906 2985 ρετεεευιοτθε
2955 2922 3374 2985 exspectemus,
3403 2915 3500 2970 sed
3547 2921 3609 2968 ιιι

2039 3006 2088 3061 si
2133 3006 2516 3076 comprehensi
2569 3007 2852 3068 fuerimus,
2909 3005 3038 3060 forti
3090 3006 3279 3059 animo
3308 3005 3504 3066 simus,
3555 3010 3610 3057 et

2039 3107 2457 3166 persecutorum
2508 3097 2825 3151 violentiam
2872 3111 3218 3166 superemus.
3264 3094 3440 3149 Porro
3491 3093 3609 3149 haec

369 3176 635 3246 είρημὲνα
673 3177 812 3230 κατά
839 3177 947 3233 τῶν
966 3176 1304 3248 Χριστιανῶν
1331 3177 1621 3250 ἐτολμήθη.
1656 3181 1937 3238 Φαίνονται

2041 3202 2163 3257 quae
2191 3202 2358 3258 supra
2391 3187 2822 3242 commemoravi
2853 3185 3122 3242 adversus
3145 3185 3498 3240 Christianos
3524 3183 3609 3237 Ia-

368 3266 427 3318 δὲ
459 3267 678 3330 τούτους
704 3267 984 3337 ὠμότητος
1028 3267 1300 3338 ὑπερϐολῇ
1337 3270 1710 3339 νενικηκότες,
1752 3274 1802 3326 ol
1836 3275 1937 3344 τὴν

369 3355 510 3424 πρὸς
556 3355 635 3426 τῷ
683 3356 900 3427 Λιϐάνῳ
937 3355 1278 3410 Ἡλιούπολιν
1302 3396 1317 3423 ,
1346 3357 1440 3410 καὶ
1471 3357 1569 3429 τὴν
1611 3359 1936 3429 Ἀρέθουσαν

824 3465 838 3493 Ι

2040 3274 2264 3340 cinora,
2309 3290 2418 3329 non
2463 3273 2608 3344 apud
2650 3273 2799 3329 solos
2845 3273 3070 3331 Gazmos
3111 3281 3168 3332 et
3211 3273 3610 3330 Alexandrinos

2042 3372 2249 3419 tentata
2281 3373 2432 3420 sunt.
2466 3364 2572 3421 Sed
2597 3365 2691 3436 qui
2726 3364 3044 3436 Heliopolim
3072 3365 3142 3420 ad
3177 3373 3421 3422 montem
3453 3365 3608 3421 Liba-

1513 3531 1807 3592 \VALES"
1829 3537 2380 3596 ANNOTATIONES.

366 3663 374 3668 -
444 3625 560 3701 (8.5)
601 3627 1081 3701 Ἠσΐιξητούριιενρς
1111 3628 1271 3701 eam
1316 3626 1434 3701 ῖῷν
1481 3626 1760 3701 Γαζαίωνο
1795 3629 1939 3701 Idem

371 3696 986 3768 scribitqueronymus
1040 3699 1093 3752 in
1115 3698 1260 3768 _I"ita
1313 3697 1634 3758 Hilarionis,
1676 3712 1795 3768 cap.
1848 3698 1939 3764 28,

371 3714 572 3753 SCl‘lDll.
625 3714 986 3768 nteronymus
1040 3715 1093 3752 In
1143 3714 1260 3751 I‘tla
1313 3714 1634 3758 rtttartonts,
1676 3714 1736 3751 ca
1783 3738 1795 3751 .
1848 3714 1939 3764 '28,

371 3769 461 3821 his
497 3766 678 3820 verbis
711 3785 724 3820 :
770 3765 902 3821 Urbs
930 3769 1067 3825 enim
1098 3766 1174 3820 ϐα
1189 3784 1266 3830 za,
1297 3776 1592 3835 postquam,
1623 3714 1853 3835 proflgcto
1881 3769 1944 3823 de

371 3837 675 3890 Palwstina
719 3835 1289 3903 Hilurione,Julianus
1331 3839 1385 3890 in
1429 3836 1706 3905 imperium
1736 3853 1945 3891 succes-

371 3916 540 3969 serat,
581 3905 847 3975 destructo
887 3909 1206 3960 monasterio
1234 3907 1370 3974 ejus,
1407 3904 1647 3974 precibus
1679 3909 1944 3975 ad.impe-

371 3986 606 4028 ratorem
628 3974 790 4037 datis,
824 3985 873 4030 et
905 3976 1201 4030 Hilarionis
1228 3987 1275 4028 et
1316 3975 1562 4043 llesycltii
1599 3985 1817 4030 mortem
1841 3974 1942 4029 im-

369 4053 698 4111 petraverat:
728 4047 984 4114 antboque
1019 4057 1072 4098 ut
1103 4057 1482 4114 qua'rerentur,
1511 4053 1618 4096 toto
1660 4046 1780 4099 orbe
1808 4046 1931 4098 scri-

371 4127 522 4183 ptum
554 4123 686 4167 erat.
717 4113 820 4168 Sed
869 4113 1015 4183 quod
1065 4113 1348 4182 subjungit
1402 4113 1759 4183 Sozﬁoinenus,
1797 4114 1944 4168 Hila-

372 4182 586 4237 rionem
623 4184 768 4237 hunc
815 4182 1018 4253 fugisse
1067 4186 1120 4236 in
1178 4185 1440 4243 Siciliam,
1493 4182 1689 4236 falsum
1739 4195 1846 4244 est,
1894 4186 1940 4238 si

378 4253 710 4322 Hieronymo
739 4252 1035 4309 credimus.
1087 4253 1221 4306 Nam
1274 4252 1518 4305 Ililarion
1551 4265 1638 4322 _co
1697 4261 1944 4321 tempore

372 4323 518 4391 legit
551 4320 734 4376 Casini
764 4341 777 4377 :
830 4323 922 4375 ubi
971 4324 1096 4376 anni
1129 4324 1306 4390 spatio
1338 4323 1457 4390 plus
1487 4320 1674 4391 minus
1719 4320 1942 4391 mansit,

371 4389 476 4447 nec
519 4391 623 4444 nisi
671 4403 793 4459 post
827 4392 1028 4445 Juliani
1066 4389 1414 4457 imperatoris
1448 4390 1679 4459 obitum,
1713 4389 1946 4445 Joviano

373 4457 998 4530 imperium—obtinente,
1035 4463 1089 4515 in
1131 4461 1376 4516 Siciliain
1406 4457 1707 4527 navigavit,
1741 4469 1802 4514 ut
1843 4460 1948 4518 ibi-

372 4529 500 4600 dem
532 4531 690 4600 docet
715 4529 1098 4600 Hieronymus.

452 4599 565 4669 (86.)
606 4599 750 4652 Ὑπὸ
785 4598 1184 4669 δαιμονῶντος
1206 4599 1444 4667 ἀνδρός.
1495 4600 1858 4667 Hieronymus
1893 4598 1946 4653 in

383 4666 510 4723 vna
547 4666 892 4734 Hilarionis,
935 4685 1055 4738 cap.
1105 4672 1205 4724 '51:
1262 4666 1537 4722 scutarius
1581 4666 1818 4736 quidam,
1864 4669 1947 4722 in-

371 4738 514 4803 quit,
550 4754 667 4790 cum
718 4740 772 4791 in
812 4739 1032 4792 basilica
1069 4739 1130 4794 Β,
1167 4739 1313 4792 Petri
1362 4739 1542 4792 Romae
1591 4748 1942 4806 torqueretur,

371 4809 626 4862 clamavit
651 4809 704 4862 in
733 4825 793 4863 eo
827 4809 1126 4863 immundus
1168 4810 1420 4877 spiritus:
1451 4809 1584 4862 Ante
1608 4823 1798 4876 paucos
1835 4807 1945 4862 dies

2038 3633 2284 3689 Siciliam
2329 3637 2597 3704 ingressus
2635 3641 2712 3688 est
2767 3631 3016 3687 Hilarion
3066 3648 3245 3688 servus
3289 3632 3521 3704 Christi,
3560 3641 3612 3686 et

2038 3721 2186 3758 nemo
2210 3721 2325 3758 eum
2359 3703 2522 3768 novit,
2557 3713 2620 3758 -ει
2651 3711 2801 3772 putat
2836 3719 2893 3757 se
2919 3719 3030 3758 esse
3067 3712 3344 3758 secretum.
3376 3703 3488 3773 Ego
3518 3718 3612 3755 va-

2037 3774 2161 3826 dunt
2187 3784 2234 3826 et
2265 3776 2487 3842 prodam
2521 3775 2692 3838 illum,
2725 3779 2833 3828 etc.

2111 3844 2226 3911 (87)
2260 3839 2379 3911 Τὴν
2405 3846 2728 3898 θάλασσαν
2762 3839 2914 3911 εὐχῇ
2938 3840 3182 3911 (ζτῆσαι.
3210 3841 3286 3896 De
3315 3840 3417 3894 hoc
3446 3842 3612 3895 mira-

2042 3915 2166 3967 culo
2198 3909 2340 3980 quod
2379 3913 2437 3968 Β.
2475 3914 2720 3966 Ililarion
2751 3909 2894 3978 apud
2941 3909 3287 3980 Epidaurum
3325 3919 3606 3980 perpetra-

2043 3984 2140 4043 vit,
2172 3977 2439 4038 viilendus
2472 3993 2554 4036 est
2583 3977 2947 4048 Hieronymus
2992 3977 3058 4048 in
3090 3980 3212 4046 ejus
3245 3977 3389 4032 Vita.
3419 3977 3476 4030 Id
3511 3992 3612 4031 au-

2044 4061 2150 4106 tem
2189 4051 2390 4104 factum
2418 4059 2502 4106 est
2528 4045 2910 4105 Valentiniano
2940 4058 2993 4102 et
3017 4045 3240 4101 Valente
3262 4062 3604 4107 coss.,'anno

2044 4122 2249 4176 Christi
2285 4122 2411 4183 565,
2466 4131 2522 4174 ιιι
2574 4136 2641 4174 ex
2690 4117 3018 4184 Hieronymo
3051 4115 3612 4186 colligitur._A_Scribit

2044 4192 2190 4260 enim
2241 4189 2608 4260 IIieronymus
2679 4188 2782 4240 hoc
2829 4183 3155 4260 miraculum
3186 4183 3611 4260 'ab__llilarione

2046 4259 2249 4312 factum
2301 4275 2423 4314 esse
2453 4253 2541 4312 ’ρο
2587 4264 2828 4324 tempore
2880 4269 2990 4322 quo
3045 4257 3240 4324 ingens
3291 4254 3384 4324 illa
3437 4253 3612 4324 maris

2047 4329 2330 4383 inundatio
2346 4329 2591 4397 contigit,
2621 4321 2784 4394 paulo
2814 4321 3158 4393 postobituin
3182 4323 3412 4397 Ju_l_ia_ni.
3436 4321 3611 4377 Porro

2051 4399 2333 4470 inundatio
2367 4399 2462 4470 illa
2495 4394 2695 4470 accidit
2732 4407 3196 4470 eouannotquenl
3222 4394 3612 4470 disinut‘con-

2052 4476 2161 4523 stat
2189 4484 2254 4522 ex
2291 4468 2578 4520 Ammiano
2608 4463 2944 4525 Marcellino,
2976 4460 3029 4516 ἐι
3061 4479 3126 4517 ex
3157 4461 3337 4518 Fastis
3367 4460 3545 4515 ldatii.

1979 4532 2024 4586 Ι)
2121 4539 2232 4606 (88)
2275 4538 2413 4603 Περὶ
2448 4535 2760 4606 Χάρϐυριγ.
2815 4533 2868 4606 In
2891 4531 3094 4606 _e_odic_e
3129 4529 3610 4606 Fuketiano__scri-

2051 4599 2202 4677 ptum
2250 4615 2333 4677 est
2353 4599 2677 4677 'Xapxiipw':
2698 4600 2857 4677 Apud
2886 4599 3246 4677 Nicephorum
3271 4617 3405 4677 vero
3423 4599 3612 4677 Χαρύ-

2053 4669 2194 4746 Spw.
2258 4669 2594 4744 Epiphanius
2647 4669 3018 4728 Scliolasticus
3073 4669 3368 4743 Carybdim
3423 4669 3608 4734 habet,

2054 4754 2328 4817 corrupte,
2362 4756 2420 4800 ut
2454 4753 2696 4815 apparet.

1796 4981 2181 5038 VARIORUM.

449 5117 473 5145 ο
518 5105 612 5170 Ὠς
641 5101 738 5155 καὶ
766 5099 878 5168 τὴν
899 5099 1218 5153 θάλασσαν
1244 5100 1396 5169 εὐχῇ
1424 5099 1664 5168 στῆσαι.
1699 5098 1775 5170 Ea
1803 5109 1933 5153 tem-

2040 5100 2145 5166 Qui
2184 5115 2302 5152 cum
2334 5098 2437 5150 tria
2472 5096 2642 5166 crucis
2675 5094 2824 5166 signa
2878 5088 3214 5166 pinguissetjn
3256 5087 3464 5166 sabulo,
3498 5104 3613 5143 ma-

373 5158 604 5242 pestate:
647 5181 800 5242 terra;
824 5158 986 5222 'motu
1020 5171 1178 5242 totius
1221 5158 1389 5235 orbis:
1430 5158 1535 5240 qui‘
1564 5177 1678 5242 post
1725 5169 1935 5223 Iuliani
2041 5158 2239 5242 nasque
2259 5177 2443 5242 contra
2466 5158 3062 5242 tentleretfincredibile
3095 5158 3238 5242 dictu
3261 5169 3337 5210 est
3361 5159 3413 5210 in
3445 5174 3613 5242 quan-

375 5240 598 5297 mortem
634 5241 844 5301 accidit,
892 5241 1064 5292 maria
1103 5255 1306 5306 egressa
1340 5249 1460 5292 sunt
1505 5240 1753 5292 terminos
1789 5255 1934 5302 suos,

373 5323 427 5368 et
469 5313 622 5382 quasi
669 5323 880 5382 rursum
919 5308 1057 5382 Dens
1096 5309 1352 5382 diluvium
1399 5310 1709 5382 minaretur,
1757 5308 1833 5361 vel
1882 5310 1938 5361 in

377 5378 653 5450 antiquum
693 5381 850 5434 chaos
888 5378 1115 5431 redirent
1146 5379 1343 5450 omnia,
1377 5395 1528 5450 naves
1565 5379 1632 5430 ad
1670 5388 1938 5450 praerupta

375 5454 442 5505 de
474 5447 636 5504 latere
676 5449 931 5502 montium
963 5448 1331 5515 pependerunt.
1368 5448 1520 5510 Quod
1547 5465 1664 5500 cum
1712 5447 1942 5501 viderent

378 5521 756 5589 Epidauritani
782 5518 1281 5589 frementes/luctus
1321 5526 1370 5589 et
1399 5519 1665 5571 undarum
1701 5518 1861 5589 moles
1895 5530 1942 5570 et

379 5587 579 5644 montes
596 5590 860 5659 gurgitum
886 5587 1148 5640 littoribus
1169 5587 1377 5659 inferri,
1402 5598 1654 5659 verentes,
1673 5587 1810 5659 quod
1823 5587 1941 5653 jam

377 5656 613 5715 evenisse
646 5656 946 5721 cernebant,
972 5673 1033 5710 ne
1063 5656 1306 5722 oppidum
1336 5656 1572 5722 {tarditas
1620 5657 1942 5709 subvertere-

382 5741 491 5792 tur,
531 5729 751 5798 ingressi
779 5737 899 5781 sunt
933 5727 1000 5779 ad
1033 5741 1203 5778 senem
1248 5724 1628 5795 [Illilarionem]
1657 5744 1669 5788 ;
1711 5737 1761 5798 et
1789 5727 1941 5789 quasi

385 5802 454 5854 ad
485 5797 726 5867 pra’lium
756 5799 1160 5867 proﬁciscentes,
1191 5805 1470 5862 posuerunt
1511 5812 1628 5850 cum
1661 5797 1712 5849 in
1747 5797 1937 5849 littore.

2044 5236 2161 5292 tam
2182 5236 2516 5290 altitudinem
2553 5236 2900 5288 intumescens
2943 5245 3085 5281 mare
3133 5236 3253 5280 ante
3295 5243 3414 5280 eum
3453 5237 3612 5282 stete-

2045 5310 2144 5371 rit;
2191 5323 2252 5359 ac
2289 5305 2380 5377 diu
2416 5306 2658 5377 fremens,
2695 5311 2744 5355 et
2782 5299 2935 5377 quasi
2971 5299 3038 5352 ad
3069 5295 3598 5377 obiceqindiqnans.

2044 5364 2308 5444 paulatim
2345 5364 2758 5444 in'semetipsum
2793 5364 3067 5444 'relapsnm
3099 5377 3197 5444 est.
3235 5364 3350 5444 Hoc
3379 5365 3612 5431 Epidauc

2048 5436 2138 5501 rus
2183 5455 2231 5498 et
2280 5446 2448 5498 omnis
2494 5436 2772 5511 illa—regio
2818 5453 2978 5511 usque
3007 5436 3462 5511 hodieprmtticat,
3496 5452 3612 5486 ma-

2048 5528 2250 5582 tresque
2273 5517 2457 5569 docent
2489 5514 2672 5584 liberos
2690 5506 2828 5564 'suos
2853 5506 2919 5562 ad
2961 5507 3264 5584 memoriam
3293 5506 3347 5557 in
3374 5513 3608 5584 pos-teras

2047 5571 2529 5640 transmittendum.
2570 5583 2936 5650 Hieronymus
2983 5577 3036 5650 in
3090 5576 3203 5627 Vita
3237 5575 3409 5625 sancti
3455 5571 3610 5624 Ilila—

2045 5659 2228 5720 rionis,
2278 5656 2409 5710 edit.
2465 5647 2802 5707 Benedictio.
2861 5649 2934 5702 De
2985 5647 3090 5720 hoc
3134 5653 3317 5720 autem
3350 5650 3607 5720 tremore

2042 5712 2227 5782 terra):
2257 5732 2311 5779 ct
2355 5725 2524 5780 maris
2558 5721 2943 5781 rxundationc,
2981 5715 3101 5769 vide
3131 5714 3309 5774 Socr.,
3350 5712 3487 5768 libro
3532 5724 3608 5771 tv,

2045 5812 2165 5865 cap.
2202 5797 2254 5850 5.
