4056 6326
343 349 488 412 m9

1237 349 1564 407 HISTORIA
1590 345 2145 404 ECCLESIASTICA.
2176 375 2245 386 --
2285 345 2414 411 LIB.
2453 345 2515 400 ν.

3436 351 3458 404 Ι
3473 351 3578 408 250

339 471 449 540 γοὶ,
476 467 630 539 δίκην
661 467 876 534 ἔδοσαν·
901 468 950 520 οἱ
981 465 1079 536 μὲν
1107 465 1356 528 θάνατον,
1383 468 1432 519 οί
1457 467 1513 519 δὲ
1543 467 1643 538 τὴν
1673 465 1905 536 πατρίδα

2014 461 2153 517 sicut
2193 471 2351 515 antea
2401 460 2765 523 retulimus‘,
2804 459 2858 514 in
2904 459 3173 531 principis
3229 459 3583 518 offensionem

342 562 567 629 φεύγειν
619 557 1108 621 καταδικασθέντες
1133 575 1146 588 υ
1183 560 1213 610 6
1253 558 1310 611 δὲ
1349 557 1626 620 Βασίλειος
1675 557 1803 627 περὶ
1849 556 1910 608 τὸ

333 650 516 722 ’δόγμα
550 649 834 711 σπουδαῖος
865 647 1133 716 γεγονὼς,
1173 648 1258 717 ἐφ’
1288 650 1412 702 ὅσον
1446 649 1545 719 μὲν
1581 644 1719 719 ἦρχε
1752 649 1909 700 Κων-

342 739 620 803 στάντιος,
659 741 772 800 τοῖς
814 736 885 789 τὰ
949 737 1157 808 Ἀρείου
1192 737 1479 808 φρονοῦσιν
1531 736 1867 806 ἀντέπραττε
1893 749 1904 763 ·

341 831 436 885 καὶ
460 830 547 884 διὰ
569 828 726 884 τοῦτο
751 828 916 899 ψήφῳ
943 829 1051 880 τῶν
1088 828 1231 897 ἀμφὶ
1249 828 1340 882 τὸν
1365 827 1611 894 Εὑδόξιον
1633 829 1744 898 (95)
1773 829 1911 881 ἐκω-

339 924 476 993 λύθη
522 920 923 992 ἐκκλησιάζειν.
970 921 1122 975 Ἐπεὶ
1174 921 1230 975 δὲ
1275 921 1558 984 Ἰουλιανὸς
1607 922 1767 992 μόνος
1813 921 1912 993 τὴν

341 1013 516 1088 ἀρχὴν
543 1013 768 1076 διεῖπεν,
797 1013 825 1064 ὁ
845 1011 1121 1074 Βασίλειος
1150 1010 1378 1081 περιιὼν
1405 1012 1532 1075 τοὺς
1551 1013 1912 1082 Χριστιανοὺς

337 1103 576 1176 δημοσίᾳ
605 1102 697 1156 καὶ
744 1100 1057 1170 περιφανῶς
1106 1100 1478 1171 προύτρέπετο
1502 1141 1517 1166 ,
1546 1103 1655 1154 τῶν
1698 1104 1912 1157 οἰκείων

341 1194 562 1265 ἔχεσθαι
591 1193 896 1264 δογμάτων,
920 1191 1013 1244 καὶ
1038 1190 1113 1261 μὴ
1147 1193 1258 1253 τοῖς
1291 1190 1556 1261 Ἐλλήνων
1583 1189 1786 1260 θύμασι
1817 1192 1913 1245 καὶ

345 1286 600 1348 σπονδαῖς
633 1283 976 1356 μιαίνεσθαιο
1022 1283 1136 1336 ἀντ’
1185 1282 1400 1345 οὐδενὸς
1445 1283 1502 1337 δὲ
1535 1283 1781 1353 ἡγεῖσθαι
1812 1284 1912 1348 τὰς

341 1376 633 1446 γινομένας
682 1377 761 1437 είς
804 1373 1002 1436 αὐτοὺς
1047 1371 1199 1442 παρὰ
1247 1373 1340 1426 τοῦ
1394 1373 1659 1442 βασιλέως
1705 1375 1908 1445 τιμὰς,

343 1467 714 1538 προσκαίρους
767 1465 964 1528 ναύτας
1017 1464 1451 1536 ἀποφαινόμενος
1489 1465 1580 1517 ἐπὶ
1615 1464 1790 1536 μισθῷ
1831 1465 1912 1519 δι-

338 1558 570 1629 ηνεκοῦς
598 1557 872 1620 ἀπωλείας
900 1573 914 1588 ·
949 1556 1124 1610 ταῦτα
1154 1556 1490 1620 σπουδάζων,
1520 1560 1578 1610 ὲν
1607 1557 1830 1628 ὑπονοίᾳ
1852 1574 1912 1611 τε

341 1649 437 1701 καὶ
475 1648 622 1718 μίσει
650 1645 800 1717 παρά
829 1649 940 1709 τοῖς
977 1646 1349 1716 Ἐλληνισταῖς
1369 1646 1463 1711 ὢν,
1490 1647 1722 1719 δημοσίᾳ
1755 1649 1910 1702 θύον-

340 1752 442 1798 τας
467 1735 598 1794 ,ἰδὼν
627 1734 756 1806 ἔστη
785 1751 798 1763 ·
825 1735 920 1788 καὶ
951 1734 1096 1806 μέγα
1113 1735 1450 1805 ἀνοιμώξας,
1480 1737 1682 1807 ηὔξατο
1710 1737 1910 1808 μηδένα

2010 559 2301 607 venerunt.
2338 552 2443 618 Qui
2492 565 2620 606 vero
2669 550 2932 621 templum
2979 551 3110 604 illud
3165 551 3282 606 suis
3329 554 3584 608 manibus

2011 643 2414 708 subverterent,
2449 656 2642 711 poenas
2667 641 2905 696 dedere:
2947 642 3040 695 alii
3077 651 3274 706 morte,
3311 643 3401 697 alii
3435 649 3584 700 exsi-

2014 733 2090 788 Iio
2119 734 2353 788 multati.
2383 733 2619 788 Basilius
2648 748 2778 788 vero
2808 733 3137 788 Christiana:
3168 733 3294 788 ﬁdei
3327 734 3586 792 defensor

2011 827 2339 892 acerrimus,
2371 826 2614 896 quandiu
2648 826 2869 896 quidem
2899 826 3261 884 Constantius
3293 827 3584 897 imperium

2001 917 2275 984 obtinuit,
2312 917 2616 973 fortissime
2661 918 2940 974 restiterat
2991 918 3248 984 Arianis;
3301 929 3466 988 atque
3514 919 3585 974 ob

2010 1015 2154 1069 hanc
2197 1028 2418 1068 causam
2450 1013 2754 1068 Eudoxiani
2776 1053 2790 1077 ,
2836 1030 2907 1069 ne
2937 1013 3150 1084 plebem
3183 1014 3500 1084 colligeret,
3533 1014 3583 1068 ei

2011 1105 2436 1160 interdixerunt.
2468 1104 2571 1160 Ubi
2597 1121 2727 1161 vero
2759 1105 3013 1162 Julianus
3043 1106 3196 1161 solus
3229 1106 3462 1175 imperio
3494 1121 3586 1176 po-

2011 1195 2144 1250 titus
2177 1203 2280 1261 est,
2311 1196 2592 1266 regionem
2639 1198 2977 1252 circumiens
3010 1196 3266 1261 Basilius,
3313 1195 3584 1252 Christia-

2011 1301 2112 1342 nos
2144 1288 2322 1357 palam
2376 1301 2440 1341 ac
2468 1288 2690 1357 publice
2727 1288 3052 1342 hortabatur
3084 1297 3142 1341 ut
3167 1287 3432 1342 doctrinae
3472 1304 3585 1344 sua:

2009 1376 2276 1432 tenaciter
2322 1376 2681 1441 adhaererent,
2714 1393 2814 1434 nec
2858 1378 3138 1447 gentilium
3179 1378 3470 1434 sacriﬁciis
3519 1393 3585 1433 ac

2013 1466 2374 1524 libationibus
2404 1483 2526 1524 sese
2559 1470 2894 1539 polluerent;
2918 1485 3054 1526 neve
3079 1469 3316 1533 houolcs
3346 1471 3482 1540 ipsis
3515 1471 3585 1526 ab

2010 1558 2342 1630 imperatore
2372 1561 2584 1616 delatos
2634 1561 2815 1631 magni
2862 1559 3126 1626 facerent,
3159 1575 3302 1630 quos
3334 1575 3582 1615 momen-

2009 1656 2199 1705 taneos
2241 1665 2362 1706 esse
2390 1651 2737 1716 ostendebat,
2781 1651 2876 1706 sed
2928 1661 3192 1722 perpetuo
3219 1652 3392 1706 exitio
3424 1667 3580 1707 com-

2009 1741 2347 1811 pensandes.
2393 1739 2492 1796 His
2535 1740 2701 1797 rebus
2748 1741 3012 1804 intentus,
3059 1742 3456 1810 atqueidcirco
3490 1757 3584 1797 su-

341 1825 668 1897 Χριστιανὸν
719 1825 817 1896 τῆς
859 1824 1114 1897 τοιαύτης
1176 1825 1499 1896 πειραθῆναι
1545 1827 1769 1897 πλάνης.
1817 1829 1910 1882 Ἐκ

2015 1840 2238 1902 spectus
2283 1840 2340 1887 et
2385 1833 2597 1889 invisus
2645 1833 2966 1904 gentilibus,
2999 1843 3127 1887 cum
3162 1831 3457 1901 aliquando
3487 1847 3586 1888 eos

340 1917 530 1972 τούτου
581 1917 639 1971 δὲ
691 1918 1047 1989 συλληφθεὶς,
1092 1917 1360 1990 παρεδόθη
1397 1918 1476 1988 τῷ
1504 1920 1789 1991 ἡγουμένῳ
1814 1921 1908 1974 τοῦ

340 2007 530 2072 ἔθνους
559 2025 572 2038 ·
622 2009 723 2062 καὶ·
775 2007 976 2072 πολλὰς
1043 2007 1309 2078 βασάνους
1360 2009 1661 2080 ὑπομείνας
1692 2045 1708 2074 ,
1758 2010 1910 2082 παρὰ

340 2101 520 2155 πάντα
565 2101 656 2155 τδν
695 2100 880 2169 ἀγῶνα
909 2099 1170 2170 ἀνδρείως
1196 2099 1294 2170 τὴν
1329 2100 1632 2172 μαρτυρίαν
1666 2100 1905 2171 διήνυσε.

342 2192 454 2246 Καὶ
495 2192 564 2246 τά
608 2192 707 2264 μὲν
739 2186 840 2246 ὧδε
881 2193 929 2244 εί
981 2191 1074 2246 καὶ
1119 2192 1272 2260 παρὰ
1319 2191 1544 2262 γνώμην
1586 2191 1666 2263 τῷ
1701 2190 1911 2261 βασιλεῖ

342 2283 523 2354 ἀπέϐη
545 2301 558 2314 ·
587 2284 687 2337 οὐκ
727 2285 973 2351 ἀγεννεῖς
992 2323 1007 2349 ,
1055 2282 1176 2337 οὐδὲ
1205 2282 1419 2352 ὀλίγους
1464 2283 1780 2354 μάρτυρας,
1814 2282 1909 2338 καὶ

339 2375 436 2428 ἐπὶ
461 2375 560 2445 τῆς
591 2373 756 2428 αὑτοῦ
785 2375 1082 2446 ἡγεμονίας
1121 2372 1368 2440 ἀπέδειξε
1411 2373 1770 2445 γεγενῆσθαι·
1807 2391 1907 2428 σα·-

341 2467 567 2538 φηνείας
610 2465 668 2519 δὲ
715 2467 876 2537 χάριν
921 2464 1242 2534 συναγαγὼν
1269 2465 1476 2528 πάντας
1521 2463 1660 2538 ὁμοῦ
1699 2464 1912 2536 διεξῆλ-

341 2557 466 2622 θον,
497 2560 548 2611 εί
579 2558 675 2611 καὶ
704 2557 956 2628 διάφορος
987 2552 1058 2628 ἦν
1101 2559 1131 2611 6
1160 2557 1352 2628 καιρὸς
1376 2557 1476 2628 τῆς
1505 2555 1736 2610 ἑκάστου
1769 2573 1912 2627 μαρ-

339 2647 557 2720 τυρίας.

2016 1923 2242 1993 publice
2273 1923 2654 1980 sacriﬁcantes
2682 1923 2930 1986 vidisset,
2953 1923 3232 1978 constitit:
3266 1933 3321 1977 et
3346 1923 3585 1990 graviter

2014 2013 2408 2084 ingemiscens,
2456 2014 2627 2070 Deum
2657 2023 2913 2084 precatus
2939 2021 3024 2068 est
3052 2029 3120 2069 ne
3151 2013 3275 2083 quis
3311 2013 3581 2067 Christia-

2013 2119 2210 2160 norum
2232 2103 2509 2176 ejusmodi
2533 2119 2723 2160 errore
2745 2113 3056 2174 caperetur.
3085 2102 3240 2158 Hanc
3267 2103 3340 2158 ob
3355 2117 3580 2158 causam

2012 2199 2476 2269 comprehensus,
2501 2198 2723 2269 praesidi
2759 2197 3054 2267 provinciae
3091 2195 3338 2251 oil‘ertur.
3383 2195 3582 2250 Multa-

2012 2305 2124 2362 que
2171 2291 2228 2346 in
2283 2301 2399 2346 toto
2448 2291 2750 2347 certamine
2793 2304 3086 2361 perpessus
3118 2295 3411 2352 tormenta,
3447 2287 3578 2343 forti

2013 2381 2201 2436 animo
2247 2381 2572 2454 martyrium
2617 2382 3040 2437 consummavit.
3091 2379 3158 2434 Et
3200 2380 3316 2435 haec
3359 2379 3581 2450 quidem

2015 2470 2143 2526 licet
2176 2478 2378 2540 praeter
2420 2470 2753 2525 voluntatem
2788 2470 3058 2539 principis
3107 2469 3431 2534 acciderint,
3470 2482 3583 2524 non

2015 2576 2220 2631 paucos
2254 2569 2440 2616 tamen
2467 2576 2568 2617 nec
2597 2562 2868 2618 obscuros
2898 2567 3188 2632 martyres,
3217 2560 3338 2630 ejus
3365 2574 3583 2630 quoque

2019 2652 2358 2723 temporibus
2395 2654 2676 2709 exstitisse
2705 2661 3031 2723 coarguunt.
3061 2651 3331 2707 Caeterum
3359 2650 3584 2720 majoris

342 2742 752 2814 perspicuitatis
801 2755 990 2810 causa,
1023 2754 1215 2798 omnes
1264 2740 1428 2820 simul
1467 2738 2450 2816 collectoscommemoravinametsi
2506 2748 2736 2805 diversis
2786 2747 3127 2819 temporibus
3177 2744 3383 2818 singuli
3437 2759 3588 2801 mar-

344 2839 548 2911 tyrium
579 2836 929 2909 pertulerint.

979 2951 1181 3004 ΕΦΑΛ.
1214 2950 1316 3003 lB'.

979 2951 1181 3004 ΕΦΑΛ.
1214 2951 1316 3003 ΙΒ’.

343 3041 484 3110 Περὶ
529 3041 892 3110 Λουκίφερος
925 2951 1047 3093 ιξιαί
1100 3038 1429 3110 Εὐσεσίου,
1483 3037 1604 3110 eam
1659 3035 1914 3110 δυτικῷν

2791 2952 2806 2980 )

2791 2952 2806 2980 ›

2018 3038 2095 3093 De
2111 3037 2352 3106 Lucifero
2372 3047 2420 3092 et
2442 2947 3017 3104 Eusebio?3:ci£rlttis
3043 3037 3276 3104 partium
3296 3035 3585 3106 episcopis;

417 3104 800 3166 ἓπισκόπώνῖ
837 3104 934 3163 καί
974 3110 1056 3175 ὠς
1103 3107 1390 3172 Εὐσέϐιος
1431 3106 1553 3160 σὺν
1593 3107 1911 3176 Ἀθανασίῳ

2079 3117 2130 3164 et
2158 3104 2415 3176 quomodo
2451 3107 2708 3162 Eusebius
2749 3123 2860 3160 una
2896 3123 3015 3160 cum
3060 3122 3251 3174 magno
3291 3104 3584 3159 Athanasio

412 3180 495 3246 τῷ
519 3179 764 3248 μεγάλῳ
788 3179 889 3232 καί
911 3177 1148 3242 λοιποῖς
1166 3178 1518 3242 ἐπισκόποις
1535 3175 1608 3248 έν
1626 3175 1908 3248 Ἀλεξαν-

411 3245 580 3318 δρείᾳ
606 3245 873 3302 σύνοδον
894 3249 1375 3318 συνεκρότησαν,
1399 3245 1778 3318 κυρώσαντες
1798 3245 1913 3318 ei”:

411 3315 716 3384 ὲᾷθΝικαίᾳ
737 3317 945 3371 πίστιν
968 3357 982 3380 ,
1014 3317 1112 3370 καὶ
1148 3315 1408 3385 όμοφυὲς
1448 3315 1629 3383 Πιιτρί
1674 3315 1771 3368 καὶ
1808 3317 1849 3368 Υ
1847 3315 1914 3378 ἰῷ

413 3389 482 3442 τὸ
509 3387 752 3456 Πνεῦμα
784 3387 850 3440 τὸ
900 3386 1070 3455 ἅγιον
1115 3386 1478 3456 ὁρισάμενοι,
1511 3385 1608 3438 καὶ
1637 3385 1769 3453 περὶ
1810 3387 1912 3448 οὐέ

413 3459 557 3524 σίας
579 3458 678 3511 καὶ
706 3456 1100 3521 ὑποστάσεως
1135 3455 1491 3509 ἐθέσπισαν.

415 3546 572 3606 Μέτά
620 3549 676 3602 δὲ
733 3549 830 3619 τὴν
875 3547 1193 3601 Ἀθανασίου
1250 3545 1514 3609 κάθοδον,
1563 3543 1838 3616 Λουκίφερ
1886 3545 1916 3597 6

345 3640 649 3714 Καράλλων
703 3640 802 3710 τῆς
839 3638 1126 3711 Σαρδονίας
1170 3638 1464 3701 ἐπίσκοπος
1484 3676 1500 3702 ,
1528 3635 1624 3689 καί¹
1657 3635 1915 3699 Εὐσέϐιος

338 3735 368 3786 6
403 3730 719 3803 Βερκέλλων
762 3729 870 3784 τῶν
917 3733 976 3784 ὲν
1027 3729 1223 3802 Ἰταλίᾳ
1260 3729 1472 3783 Λιϐύων
1498 3769 1512 3794 ,
1547 3730 1612 3783 ὲκ
1647 3729 1754 3783 τῶν
1803 3729 1916 3784 ἄνω

343 3819 541 3889 Θηϐῶν
596 3818 915 3888 ἐπανῆλθον.
977 3817 1194 3872 Ἐνθάδε
1239 3817 1348 3890 γὰρ
1396 3819 1490 3871 ἐπὶ
1534 3818 1914 3870 Κώνσταντὶου

344 3908 610 3980 διηνεκῶς
641 3908 861 3978 φεύγειν
896 3909 1366 3980 προσετάχθησαν.
1395 3909 1520 3962 Ἐπὶ
1550 3908 1832 3978 διορθώσει
1857 3924 1916 3961 τε

344 4001 457 4055 τῶν
512 4000 978 4072 ὲκκλησιαστικῶν
1030 4000 1411 4072 πραγμάτων,
1465 4001 1916 4072 κοινῇ-συνθήκῃ

348 4092 610 4155 Εὐσέϐιος
661 4092 758 4162 μὲν
797 4085 933 4164 ἧκεν
984 4093 1063 4154 είς
1124 4091 1570 4162 Ἀλεξάνδρειαν,
1622 4091 1771 4153 ὃπως
1821 4092 1918 4143 σὺν

359 4183 666 4254 Ἀθανασίῳ
699 4183 914 4237 σύνοδον
960 4182 1191 4256 ἀθροίσῃ
1244 4183 1340 4236 ἐπὶ
1391 4181 1676 4252 βεϐαιώσει
1708 4181 1815 4234 τῶν
1861 4181 1918 4234 ὲν

350 4274 559 4345 Νικαίᾳ
592 4272 875 4337 δοξάντων.
904 4272 1180 4342 Λουκίφερ
1213 4271 1269 4324 δὲ
1303 4271 1544 4325 διάκονον
1568 4270 1646 4340 τῷ
1674 4268 1920 4339 Εὐσεϐίῳ

351 4362 781 4428 συναποστείλας
824 4363 870 4428 ί,
898 4363 955 4426 ὃς
986 4363 1101 4416 ἀντ’
1127 4360 1292 4416 αὑτοῦ
1317 4361 1564 4433 παρέστη
1591 4363 1658 4431 τῇ
1694 4358 1916 4430 συνόδῳ,

424 4539 442 4569 ¹
473 4539 606 4608 Cap.
633 4539 686 4592 4.
755 4539 775 4569 ¹
805 4536 987 4601 Socr.,
1021 4535 1117 4591 lib.
1153 4551 1236 4599 ιιι,
1267 4550 1318 4589 c.
1345 4533 1399 4598 5,
1435 4533 1489 4587 9.

2079 3187 2130 3232 et
2152 3175 2365 3247 reliquis
2389 3180 2641 3247 episcopis
2663 3176 2918 3245 synodum
2937 3175 3277 3229 Alexandriae
3300 3190 3584 3247 cgngrega-

2083 3249 2176 3312 vit,
2198 3243 2374 3314 in'qua
2397 3243 2527 3316 ﬁdes
2552 3243 2779 3301 Niaéna
2800 3247 3237 3316 conﬁrmatae“,
3254 3256 3302 3298 et
3326 3243 3585 3310 Spiritum

2082 3313 2324 3372 sanctum
2359 3313 2592 3384 ejusdem
2633 3332 2752 3368 cum
2781 3313 2943 3369 Patre
2969 3327 3017 3369 et
3049 3313 3190 3384 Filio
3231 3323 3437 3384 natura;
3475 3330 3588 3368 esse

2081 3381 2440 3452 decretum,“
2468 3385 2532 3439 de
2561 3385 2862 3441 substantia
2895 3395 3051 3454 atque
3093 3383 3363 3453 hypostasi
3397 3381 3587 3453 deﬂui-

2086 3465 2196 3508 tum
2223 3464 2321 3509 est.

2082 3544 2214 3601 Post
2263 3543 2499 3600 reditum
2538 3543 2847 3611 Athanasii,
2878 3541 3100 3599 Lucifer
3134 3541 3344 3598 Caralis
3367 3542 3424 3597 in
3453 3543 3585 3597 Sar-

2015 3637 2164 3693 dinia
2206 3637 2534 3708 episcopus,
2585 3643 2640 3691 et
2690 3625 2960 3691 Eusebius
3011 3633 3418 3701 Vercellarum,
3465 3649 3588 3704 qua:

2015 3727 2213 3782 civitas
2243 3734 2328 3782 est
2353 3725 2588 3796 Liguriae
2622 3725 2678 3779 in
2711 3724 2885 3789 Italia,
2910 3739 2976 3779 ex
2999 3723 3283 3793 superiore
3311 3722 3588 3778 Thebaide

2015 3815 2224 3870 reversi
2256 3823 2384 3874 sunt
2424 3819 2466 3868 '.
2511 3814 2624 3868 Illic
2670 3815 2815 3869 enim
2855 3821 3117 3884 perpetuo
3157 3814 3408 3868 exsulare
3445 3815 3587 3883 jussi

2017 3906 2238 3961 fuerant
2283 3915 2548 3977 regnante
2579 3905 2934 3972 Constantio;
2978 3919 3043 3959 ac
3091 3905 3158 3958 de
3199 3904 3588 3960 ecclesiasticis

2018 3999 2184 4054 rebus
2208 3997 2564 4053 restituendis
2600 3997 2739 4051 inito
2777 3998 2923 4051 inter
2948 4011 3008 4050 se
3035 3995 3289 4062 consilio,
3315 3994 3588 4052 Eusebius

2017 4090 2237 4160 quidem
2271 4089 2651 4146 Alexandriam
2685 4089 2852 4152 venit,
2888 4096 2946 4141 ut
2981 4087 3091 4141 illic
3126 4103 3233 4142 una
3261 4101 3385 4142 cum
3416 4086 3584 4141 Atha-

2018 4182 2174 4237 nasio
2207 4180 2274 4235 ad
2304 4180 2734 4237 conﬁrmandam
2763 4177 2996 4234 Nicaeum
3031 4178 3222 4249 synodi
3258 4178 3584 4232 sententiam

2019 4271 2312 4327 concilium
2331 4280 2708 4341 congregaret.
2727 4269 2948 4325 Lucifer
2975 4283 3126 4335 vero,
3149 4283 3272 4323 cum
3297 4268 3588 4323 diaconum

2021 4375 2130 4417 una
2159 4375 2283 4416 cum
2327 4359 2489 4431 198
2514 4359 2748 4416 Eusebio
2793 4358 3056 4422 misisset,
3087 4358 3180 4428 qui
3221 4357 3432 4430 synodo
3473 4356 3591 4411 vice

1551 4701 1824 4761 VALESII
1860 4699 2411 4757 ANNOTATIONES.

427 4828 540 4900 (95)
579 4825 766 4895 Ψήφῳ
792 4824 912 4900 ¹ζῶν
948 4822 1098 4892 ἀμφὶ
1133 4821 1250 4900 τότε
1280 4817 1592 4900 Εὐδόξιον.
1640 4815 1914 4900 Eudoxqu

2028 4814 2173 4868 enim
2222 4814 2549 4884 interpretor
2585 4813 3237 4900 vocemﬁxxlqonaigstv:
3427 4815 3591 4900 βοιρς

354 4883 706 4965 eo‘tempore
735 4883 1049 4964 episcopus
1069 4898 1185 4965 erat
1212 4887 1787 4965 Constantinopoleos,
1819 4883 1921 4965 sub

2024 4898 2218 4956 menus
2241 4899 2359 4956 eam
2394 4899 2580 4956 vocem
2604 4886 2770 4956 sumit
2798 4885 2999 4956 inrcap'.
3031 4885 3098 4938 15
3129 4885 3295 4956 hujus
3322 4885 3464 4953 libri,
3497 4889 3588 4944 ubi

355 4953 522 5036 cujus
557 4953 945 5036 j'urigdictioné
987 4971 1106 5036 erat
1147 4959 1378 5014 Galatia.
1411 4957 1552 5036 _Non
1580 4953 1792 5036 nurum
1841 4961 1914 5034 est

2023 4953 2408 5036 ἐκκλησιάζειν
2456 4954 2743 5026 distinguit
2783 4969 2813 5007 a
2845 4953 3151 5009 διδάσκειν·
3206 4953 3264 5011 et
3302 4956 3430 5012 alibi
3477 4973 3590 5014 non

355 4991 522 5036 υιιμιυ
557 4991 943 5036 Jurlsuwuuuc
987 4991 1106 5017 crat.
1148 4991 1378 5014 υαιαιισι,
1434 4991 1552 5012 μνη
1597 4991 1792 5010 uluqu
1841 4991 1925 5008 νυ.
2023 4991 2212 5005 "mnu

355 5043 544 5105 itaque
581 5036 628 5089 si
667 5033 969 5106 Basilium,_
982 5033 1078 5106 qui
1123 5038 1242 5086 erat
1277 5027 1568 5106 presbyter
1595 5025 1825 5106 ancyrae
2025 4991 2212 5079 semei.

356 5093 570 5162 Galatia
595 5145 610 5171 ,
646 5105 857 5173 plebem
891 5093 1145 5172 colligere
1174 5093 1466 5170 prohibuit
1496 5093 1799 5150 Eudoxius.
1849 5093 1925 5147 Ita

1801 5263 2178 5324 VARJORUM.

436 5391 457 5432 ί
499 5390 798 5459 Λαυκίφερ
829 5388 897 5442 δὲ
928 5387 1209 5459 διάκονον
1251 5381 1331 5459 τῷ
1363 5379 1634 5459 Εὐσεϐἰιρ
1660 5391 1926 5459 συν-οπο-

358 5462 628 5526 στείλας.
657 5447 990 5528 Κούκςφερος
1017 5455 1108 5510 τοῦ
1140 5452 1434 5528 ἐπισκόπου
1473 5448 1704 5528 Σεαρδίας
1735 5447 1926 5528 νήσου,

359 5516 601 5587 διάκονοῖ
632 5529 745 5591 δύο,
813 5516 1076 5597 Ἑρέννιος
1109 5525 1202 5597 καὶ
1240 5516 1762 5597 ἈγαπητόςζηΜὶεδί
1803 5523 1926 5597 sunt

361 5586 395 5658 ιι
424 5600 672 5669 Lucifero
720 5586 984 5669 Sardinia:
1016 5586 1206 5669 iusqu
1235 5586 1496 5669 episcopo,
1543 5586 1925 5669 digeouizd‘uo,

365 5655 664 5726 herenuius
706 5679 756 5724 et
791 5667 1078 5738 Agapetus,
1127 5655 1305 5738 inquit
1350 5655 1691 5738 Athanasins
1720 5655 1928 5738 σιξ-Λιι-

365 5725 702 5809 tiochenses,
759 5753 813 5808 p.
838 5725 989 5793 "7'76.
1042 5725 1277 5792 liuiin'us
1314 5742 1530 5797 tamen,
1572 5725 1715 5780 Hist.
1748 5725 1845 5780 lib.
1883 5739 1926 5792 ι,

2027 5392 2148 5462 cap.
2171 5377 2260 5462 Ξῖ,
2291 5394 2414 5462 num
2447 5371 2747 5462 Sonomeno
2771 5380 3064 5462 consentit.
3089 5378 3266 5462 ξονι-ο
3297 5379 3585 5462 concilium

2027 5447 2132 5502 hoc
2180 5450 2249 5530 ah
2289 5448 2608 5529 Athanasio,
2654 5449 3008 5530 plurimisque
3031 5449 3300 5530 episcopis
3326 5465 3389 5503 ex
3422 5447 3586 5528 {Egy-

2027 5525 2142 5588 pto,
2179 5517 2386 5601 Libya,
2404 5519 2614 5601 Arabia.
2636 5527 2690 5573 et
2719 5520 3286 5601 Italta_c‘ongregatisn
3313 5518 3583 5601 hnbtfftlttf.

2028 5584 2297 5643 convenit
2323 5589 2668 5644 Alexandriae
2696 5604 2840 5646 anno
2874 5589 2998 5656 562,
3025 5584 3212 5659 inquit
3247 5586 3391 5643 Guil.
3420 5584 3584 5650 Cave,

2030 5657 2176 5715 Hist.
2209 5660 2314 5714 vol.
2345 5660 2412 5727 ll,
2453 5674 2509 5730 p.
2545 5659 2666 5715 120.
