4056 6326
579 355 710 409 1251

1985 333 2336 392 SOZOIENI
3619 347 3724 408 I25!

578 464 751 535 ipsius
799 457 1077 525 interfuit;
1112 456 1458 514 Antiochiam
1512 452 1814 526 profectus,
1845 448 2142 504 Ecclesiatn

2183 451 2219 507 Α
2249 446 2684 516 παραγενόμενος
2715 447 2795 510 εἰς
2832 446 3180 518 ’Δντιόχειαν,
3207 449 3264 500 ἐν
3301 453 3538 520 ταραχαῖς
3559 457 3637 528 τὴν
3661 463 3726 516 ιν.

575 557 698 626 ejus
744 554 849 607 loci
898 552 1170 604 turbatam
1217 549 1437 618 reperit.
1471 548 1656 602 Scissa
1705 545 1853 600 enim
1891 549 2011 596 erat
2055 554 2151 611 per

578 647 833 707 Arianos,
851 641 1054 711 quibus
1072 639 1396 710 praesidebat
1420 638 1676 693 Euzoius.
1695 634 1800 690 Sed
1834 642 1889 689 et
1909 631 2150 686 fautores

577 735 777 791 Meletii
807 733 876 786 ab
908 731 1017 786 illis
1047 732 1142 801 qui
1176 731 1423 786 eamdem
1464 745 1590 783 cum
1623 727 1760 797 ipsis
1795 726 1950 779 [idem
1984 723 2150 794 proti-

579 827 853 889 tebantur,
872 823 1228 879 nihilominus
1245 821 1604 877 dissidebant.
1631 819 1878 888 Cumque
1901 815 2150 871 Meletius

578 915 822 970 nondum
875 915 945 970 ab
991 915 1186 969 exsilio
1242 913 1526 977 rediisset,
1581 911 1803 966 Lucifer
1861 909 2148 964 Paulinum

576 1005 897 1073 episcopum
935 1003 1205 1065 ordinavit
1234 1002 1273 1058 ί.
1300 1000 1443 1057 Inter
1482 1001 1595 1056 haec
1635 1000 1974 1056 diversarum
2015 997 2153 1052 civi-

578 1103 754 1150 tatum
803 1095 1047 1164 episcopi
1093 1092 1438 1150 Alexandriae
1468 1091 1784 1164 congregati
1821 1091 1985 1146 simul
2027 1103 2151 1144 cum

578 1185 883 1241 Athanasio
938 1193 993 1241 et
1053 1184 1329 1252 Eusebio,
1382 1183 1590 1239 Nicani
1649 1182 1870 1238 concilii
1929 1181 2153 1236 decreta

579 1278 926 1334 conﬁrmant.
973 1277 1041 1330 Et
1093 1275 1361 1347 Spiritum
1418 1282 1671 1331 sanctum
1718 1273 1864 1327 Patri
1912 1280 1967 1326 et
2015 1270 2154 1326 Filio

578 1369 1107 1424 consubstantialem
1144 1366 1380 1438 professi
1410 1376 1563 1432 sunt,
1588 1365 2028 1434 Trinitatemque
2054 1377 2154 1418 no-

579 1459 980 1531 minaruntget
1011 1460 1286 1516 hominem
1309 1475 1470 1530 quem
1499 1459 1643 1514 Deus
1665 1457 1906 1513 Verbum
1939 1469 2155 1512 assum-

579 1553 711 1622 psit,
733 1568 844 1608 non
866 1553 1042 1608 solum
1063 1567 1318 1623 corpore,
1345 1552 1440 1608 sed
1459 1552 1623 1606 etiam
1648 1551 1832 1606 anima
1851 1548 2153 1620 perfectum

578 1645 732 1700 credi
767 1645 966 1701 debere
999 1652 1342 1710 statuerunt,
1368 1643 1830 1714 quemadmodum
1860 1643 2025 1699 etiam
2057 1657 2155 1696 an-

580 1736 752 1806 tiquis
785 1734 1044 1792 Ecclesiae
1086 1736 1430 1806 philosophis
1463 1735 1763 1806 placuerat.
1794 1735 1860 1788 Et
1888 1734 2152 1804 quoniam
2184 1775 2230 1836 Β

581 1827 818 1898 quaestio
855 1827 923 1883 de
962 1828 1270 1883 substantia
1304 1836 1360 1883 et
1402 1827 1682 1898 hypostasi
1712 1825 1989 1882 Ecclesias
2021 1839 2156 1880 con-

580 1921 864 1984 turbabat,
890 1921 1213 1989 crebraeque
1239 1919 1308 1975 de
1344 1919 1431 1975 his
1465 1919 1690 1975 vocibus
1715 1919 1848 1972 rixa
1883 1933 1947 1974 ac
1975 1917 2159 1988 dispu-

583 2007 824 2063 tationes
877 2009 1279 2075 movebantur,
1327 2007 1629 2078 prudenter
1679 2007 1971 2062 admodum
2025 2007 2155 2062 mihi

582 2096 842 2152 videntur
897 2095 1245 2165 decrevisse,
1282 2097 1377 2152 ubi
1414 2096 1484 2152 de
1530 2095 1641 2152 Deo
1676 2111 1858 2152 sermo
1902 2103 2010 2163 est,
2049 2111 2158 2151 non

583 2200 708 2240 esse
729 2185 916 2240 statim
945 2185 1033 2240 his
1069 2185 1386 2242 nominibus
1418 2184 1706 2251 utendum,
1730 2185 1839 2241 nisi
1870 2185 1996 2255 quis
2020 2183 2160 2240 forte

583 2277 917 2332 sententiam
967 2275 1192 2332 Sabellii
1233 2277 1367 2334 velit
1399 2276 1653 2333 refellere
1685 2295 1700 2332 :
1735 2291 1803 2332 ne
1831 2277 2012 2346 inopia
2044 2291 2160 2331 ver-

585 2368 803 2432 borum,
846 2380 1016 2421 unam
1053 2367 1411 2438 eamdemque
1459 2381 1576 2422 rem
1622 2366 1800 2423 tribus
1845 2365 2159 2422 nominibus

586 2453 862 2522 appellare
889 2451 1167 2521 videatur;
1202 2454 1298 2510 sed
1329 2463 1388 2509 ut
1429 2469 1874 2524 unumquemque
1909 2469 2158 2511 seorsum

588 2541 858 2612 intelligat
908 2542 1181 2598 trifariam
1238 2543 1612 2615 distinguens.
1658 2543 1723 2598 Et
1771 2544 1887 2600 hanc
1937 2545 2159 2614 quidem

587 2633 808 2688 decreta
842 2640 972 2689 sunt
1012 2635 1084 2690 ab
1111 2635 1180 2690 iis
1207 2635 1303 2705 qui
1344 2642 1477 2690 tunc
1520 2636 1786 2707 temporis
1821 2636 2162 2691 Alexandria:

590 2723 644 2777 in
681 2739 852 2780 unum
894 2733 1294 2781 convenerunt.
1326 2725 1484 2795 Apud
1525 2742 1665 2798 quos
1712 2726 2070 2794 Athanasius,
2103 2737 2164 2783 ut

592 2815 732 2884 fuga:
777 2828 888 2870 suae
925 2813 1193 2876 rationem
1247 2815 1523 2884 redderet,
1555 2817 1866 2874 orationem
1909 2819 2163 2875 recitavit

590 2920 756 2974 quam
781 2905 850 2961 de
881 2913 1206 2977 argumento
1245 2906 1340 2960 illo
1367 2907 1798 2977 conscripserat.

1206 2995 1358 3052 CAP.
1396 2995 1534 3053 XIII.

595 3087 668 3142 De
698 3084 926 3162 Paulino
969 3096 1018 3142 et
1032 3085 1273 3162 _Heletio
1291 3129 1305 3153 ,
1332 3090 1951 3162 episc_opis_.4nliocltiw;
1975 3103 2023 3146 et
2053 3109 2155 3162 quo

661 3158 815 3212 modo
851 3160 986 3212 inter
1021 3157 1308 3228 Eusebium
1347 3176 1410 3212 ac
1449 3159 1753 3228 Luciferum
1796 3172 1917 3215 orta
1943 3174 2020 3216 est
2046 3157 2157 3218 dis-

660 3229 865 3300 sensio,
892 3237 940 3282 et
970 3230 1108 3296 quod
1140 3227 1398 3283 Eusebius
1424 3239 1578 3300 atque
1604 3228 1850 3284 Hilarius
1883 3231 2160 3289 Nicanam

661 3296 817 3365 ﬁdem
847 3307 1204 3351 asseruerunt.

663 3385 842 3442 Finito
868 3398 1050 3444 autem
1081 3387 1338 3454 concilio,
1366 3386 1637 3445 Eusebius
1666 3391 2010 3446 Antiochiam
2044 3409 2163 3464 pro-

593 3479 794 3546 fectus,
815 3483 1077 3552 pupulum
1095 3482 1206 3536 illic
1229 3481 1578 3536 dissidentem
1613 3484 1871 3551 reperit’.
1897 3482 2162 3542 Fautores

595 3572 743 3626 enim
797 3571 999 3626 Meletii
1049 3587 1176 3627 cum
1225 3570 1456 3626 Paulino
1512 3574 1804 3630 convenire
1850 3586 2160 3644 renuentes,

592 3660 892 3728 separatim
945 3661 1206 3715 collectas
1249 3660 1615 3715 celebrabant.
1645 3660 1892 3734 Cumque
1939 3665 2165 3720 moleste

594 3750 762 3806 ferrct
816 3750 962 3820 quod
1023 3749 1321 3815 Paulinus,
1381 3760 1572 3806 contra
1627 3768 1787 3822 quam
1842 3754 2161 3824 oportebat,

597 3843 804 3912 absque
845 3843 1014 3899 totius
1061 3843 1246 3914 populi
1296 3857 1569 3897 consensu
1615 3843 1899 3900 ordinatus
1945 3844 2160 3912 fuisset,

2251 537 2376 591 θάδε
2410 538 2702 609 ἐκκλησίαν
2743 541 3040 594 κατέλαϐεν
3062 558 3076 572 ο
3112 540 3351 611 ἐσχίζετο
3396 544 3483 612 μὲν
3523 547 3612 620 γὰρ
3646 561 3727 621 τοῖς

2249 630 2359 683 ἀπὸ
2401 631 2502 700 τῆς
2540 631 2751 703 Ἀρείου
2801 632 3069 702 αἱρέσεως
3091 671 3105 694 .
3135 627 3212 686 ὧν
3230 635 3406 703 ἠγεῖτο
3428 635 3644 702 Εύζὼῖος.
3672 647 3730 697 Δι.

2249 722 2506 792 εφέροντο
2554 723 2612 776 δὲ
2634 761 2649 783 .
2705 723 2778 787 ὡς
2819 723 3052 793 πρόσθεν
3085 723 3296 794 εἴρηται
3319 763 3333 788 ,
3386 726 3472 778 καὶ
3500 729 3613 799 πρὸς
3639 734 3731 796 τοὺς

2251 814 2437 882 σφίσιν
2467 813 2752 885 ὁμοδόξους
2776 817 2824 870 ot
2854 814 3113 869 Μελετίου
3149 816 3495 871 σπουδασταί·
3533 823 3667 892 μήπω
3691 826 3732 878 δὲ

2250 907 2440 961 τούτου
2488 909 2595 960 ἀπὸ
2631 909 2732 978 τῆς
2773 909 2950 979 φυγῆς
2991 908 3397 974 ἐπανελθόντος,
3438 911 3735 986 ἐχειροτόνησε

2251 998 2515 1053 Παυλῖνον
2547 999 2864 1053 ἐπίσκοπον.
2907 1000 2998 1055 Ἐν
3049 999 3225 1070 τούτῳ
3259 999 3314 1052 δὲ
3359 1000 3546 1056 πολλῶν
3581 1006 3737 1060 πόλεων

2251 1091 2539 1145 ἐπίσκοποι
2575 1090 2921 1154 συνελθόντες
2961 1093 3042 1155 είς
3086 1091 3476 1163 Ἀλεξάνδρειαν
3503 1095 3600 1166 ἅμα
3625 1098 3740 1153 Ἀθα.

2253 1183 2421 1252 νασίῳ
2466 1183 2561 1236 καὶ
2590 1182 2835 1253 Εὐσεϐίῳ
2853 1221 2868 1245 ,
2894 1181 2964 1235 τὰ
2987 1181 3282 1251 δεδογμένα
3310 1185 3364 1236 ὲν
3387 1183 3567 1257 Νικαίᾳ
3589 1189 3742 1258 κρατύ·

2251 1289 2455 1326 νουσιν.
2484 1272 2800 1344 Ὀμοούσιόν
2827 1289 2887 1324 τε
2915 1271 2993 1343 τῷ
3015 1273 3188 1341 Πατρὶ
3217 1272 3309 1326 καὶ
3333 1273 3407 1343 τῷ
3433 1274 3536 1345 Υίῷ
3557 1276 3609 1328 τὸ
3631 1279 3742 1346 ἅγιον

2252 1365 2476 1436 Πνεῦμα
2494 1365 2870 1435 ὡμολόγησαν,
2897 1364 2992 1418 καὶ
3019 1365 3224 1436 Τριάδα
3245 1364 3536 1436 ὠνόμασαν
3558 1369 3610 1422 ού
3636 1371 3743 1440 μόνῳ

2251 1472 2312 1507 τε
2346 1454 2588 1524 σώματι,
2623 1455 2758 1508 ἀλλὰ
2802 1456 2897 1508 καὶ
2927 1454 3072 1526 ψυχῇ
3118 1455 3322 1508 τέλειον
3357 1457 3536 1527 χρῆναι
3561 1457 3746 1522 δοξάζειν

2253 1547 2568 1618 ἄνθρωπον,
2598 1547 2657 1600 ὃν
2686 1551 2714 1600 ό
2757 1547 2891 1611 Θεὸς
2919 1548 3093 1616 Λόγος
3119 1547 3406 1611 ἀνέλαϐεν,
3437 1551 3745 1621 είσηγήσανιο,

2254 1639 2396 1694 καθὰ
2431 1640 2526 1693 καὶ
2575 1640 2685 1703 τοῖς
2736 1639 2905 1693 πάλαι
2954 1639 3454 1710 Ἐκκλησιαστικοῖς
3504 1628 3751 1714 ἱριλοσόφοις

2254 1731 2448 1786 ἐδόκει.
2485 1733 2636 1785 Ἐπεὶ⁵
2663 1731 2720 1785 δὲ
2753 1733 2787 1802 ἠ
2814 1732 2942 1802 περὶ
2983 1732 3080 1802 τῆς
3107 1732 3298 1795 οὐσίας
3338 1733 3426 1785 καὶ
3468 1733 3750 1797 ὑποστάσεως

2259 1823 2483 1895 ζήτησις
2510 1824 2606 1886 τὰς
2643 1823 2966 1892 Ἐκκλησίας
2991 1824 3251 1895 ἐτάραττε
3274 1863 3291 1888 ,
3337 1825 3426 1878 καὶ
3463 1826 3628 1896 συχναὶ
3658 1829 3754 1896 περὶ

2256 1914 2461 1968 τούτων
2487 1914 2660 1984 ἔριδες
2705 1914 2801 1966 καὶ
2842 1913 3106 1979 διαλέξεις
3149 1909 3326 1985 ἦσαν,
3359 1911 3414 1968 εὖ
3449 1917 3579 1986 μάλα
3617 1917 3752 1985 σοφῶς

2261 2021 2352 2076 μοι
2389 2003 2638 2058 δοκοῦσιν
2679 2003 2890 2074 όρίσαι,
2935 2003 3009 2074 μὴ
3051 2003 3110 2070 ἐξ
3153 2005 3332 2076 ἀρχῆς
3365 2005 3514 2068 εὐθὺς
3552 2006 3630 2058 ἐπὶ
3652 2005 3752 2058 Θεοῦ

2257 2097 2468 2161 τούτοις
2509 2096 2742 2168 χρῆσθαι
2777 2098 2889 2159 τοῖς
2937 2094 3198 2166 ὀνόμασι,
3231 2097 3372 2168 πλὴν
3417 2097 3562 2168 ἡνίκα
3594 2115 3662 2159 τις
3685 2097 3757 2168 τήν

2258 2189 2542 2244 Σαϐελλίω
2577 2188 2732 2253 δόξαν
2759 2188 3039 2243 ἐκϐάλλειν
3078 2185 3348 2258 πειρῷτοο
3376 2189 3458 2242 ἵνα
3506 2187 3572 2258 μὴ
3601 2187 3759 2258 ἀπορία

2257 2281 2534 2351 ὀνομάτων
2557 2321 2573 2347 ,
2599 2281 2796 2335 ταυτὸν
2823 2280 2950 2351 δόξῃ
2981 2297 3064 2344 τις
3093 2280 3242 2351 τρισὶ
3299 2280 3657 2352 προσηγορίαις
3688 2294 3759 2330 κα-

2257 2374 2403 2437 λεῖν,
2449 2373 2565 2426 ἀλλ’
2611 2373 2843 2426 ἕκαστον
2888 2372 2995 2443 ἰδία
3031 2373 3200 2426 νοοῖτο
3244 2371 3426 2443 τριχῆ.
3471 2371 3569 2425 Καὶ
3605 2369 3760 2439 τὰμὲν

2259 2459 2361 2520 ὧδε
2398 2467 2512 2528 τοῖς
2541 2464 2662 2518 τότε
2705 2465 2764 2518 ὲν
2826 2461 3203 2534 Ἀλεξανδρείᾳ
3241 2462 3573 2516 συνελθοῦσιν
3607 2459 3759 2524 ἔδοξεν.

2273 2555 2731 2624 ’Δπολογούμενος
2779 2554 2835 2607 δὲ
2887 2556 2946 2609 ἐν
2975 2553 3184 2616 τούτοις
3229 2552 3535 2616 Ἀθανάσιος
3563 2549 3762 2621 περὶτῆς

2259 2645 2422 2699 αὑτοῦ
2475 2647 2652 2718 φυγῆς
2701 2644 2945 2718 διεξῆλθε
2997 2644 3090 2699 τὸν
3133 2643 3330 2714 λόγον,
3367 2643 3425 2698 ὃν
3460 2643 3576 2714 περὶ
3619 2639 3763 2694 τούτου

2259 2737 2486 2810 ιγραψε.

2859 3000 3108 3056 ΚΕΦΑΛ.
3139 2999 3242 3055 II".

2183 3121 2227 3181 c
2263 3094 2402 3181 περὶ
2424 3092 2544 3181 ἴδ’τῖ
2565 3094 2647 3181 έν,
2674 3093 2995 3181 “usus?
3013 3090 3344 3181 ἐρρκίερέεέτ
3361 3083 3764 3181 ηιϊξξῑξξέϊίῑυλξὲ

2326 3153 2619 3219 Ala/Iertes)
2636 3179 2650 3193 ·
2678 3164 2775 3217 καὶ
2810 3153 3200 3228 Εὖσὲϐἰοξ
3237 3159 3338 3213 καί
3363 3153 3636 3228 Λουκίςοερ
3659 3153 3770 3228 πρὸς

2330 3237 2642 3301 ἀλλήλους
2672 3222 3112 3300 διηνένξθησανο
3143 3222 3245 3283 κω
3276 3230 3359 3301 ὡς
3402 3222 3664 3289 Εὐσέϐιος
3697 3222 3768 3275 και

2341 3299 2585 3372 Ἱλὰριος
2613 3301 2726 3370 τὴν
2753 3299 2822 3356 ἐν
2842 3299 3068 3370 Νικαίᾳ
3089 3301 3304 3354 πίστιν
3327 3299 3613 3366 ἐκρότουν.

2331 3397 2443 3452 Καὶ
2471 3395 2814 3463 διαλυθείσης
2837 3393 2938 3464 τῆς
2985 3391 3201 3445 συνόδου
3222 3435 3238 3457 ,
3277 3387 3684 3461 παραγενόμενος
3700 3381 3773 3432 Εὐ·

2264 3488 2440 3551 σέϐιος
2479 3490 2558 3552 είς
2603 3485 2965 3556 Ἀντιόχειαν,
3000 3477 3156 3553 ε’ὗρεν
3186 3484 3247 3535 ἐν
3289 3479 3519 3551 διχονοίᾳ⁴
3541 3475 3621 3530 τὸν
3661 3470 3770 3523 λαόν.

2263 3581 2325 3632 Οί
2385 3578 2494 3650 γὰρ
2547 3577 2791 3646 Μελετίῳ
2845 3574 3124 3648 χαίροντες
3152 3611 3168 3636 ,
3214 3573 3298 3635 είς
3354 3569 3540 3622 ταυτὸν
3590 3562 3774 3617 συνιέναι

2262 3671 2510 3739 Παυλίνῳ
2536 3668 2635 3722 ούκ
2661 3666 2955 3738 ἠνείχοντο,
2986 3663 3099 3719 ἀλλ’
3129 3663 3238 3734 ίδίᾳ
3273 3652 3775 3730 ἐκκλησίαζον.Χαλε·

2264 3761 2380 3825 πῶς
2429 3761 2484 3812 δὲ
2532 3757 2806 3826 ἐνεγκὼν,
2853 3756 2934 3810 ὃτι
2987 3755 3061 3827 μὴ
3105 3753 3223 3808 δέον
3284 3752 3438 3824 παρὰ
3475 3749 3566 3821 τὴν
3609 3745 3776 3800 πάντων

2266 3851 2565 3905 συναίνεσιν
2595 3849 2708 3922 (96)
2761 3850 2796 3920 ἡ
2835 3846 3135 3920 χειροτονία
3183 3845 3461 3913 ἐγεγόνει,
3509 3839 3642 3892 οῦδὲν
3667 3837 3712 3896 ὲς
3732 3830 3775 3922 το

594 3934 728 3988 nihil
775 3943 956 3990 tamen
991 3937 1170 4005 palam
1210 3942 1549 4004 conquestus
1591 3942 1675 3988 est
1701 3935 1772 3989 ob
1807 3938 2158 3991 reverentiam

2264 3942 2492 4014 φανερὸν
2517 3939 2831 4012 ἐμέμψατο,
2867 3938 3177 4008 Λουκίφερα
3223 3935 3425 4006 τιμῶν.
3464 3929 3705 3998 Οὖδετέρῳ
3737 3921 3776 3975 δὲ

593 4024 854 4080 Luciferi.
882 4024 988 4080 Sed
1011 4038 1133 4079 cum
1155 4023 1224 4079 ab
1255 4024 1544 4094 utriusque
1576 4024 1749 4095 partis
1780 4026 2158 4080 communione

2267 4033 2423 4103 μέρει
2449 4033 2784 4100 κοινωνήσας
2807 4067 2821 4092 ,
2846 4027 3113 4097 ὑπέσχετο
3140 4024 3210 4078 τὰ
3247 4023 3520 4077 λυποῦντα
3543 4015 3776 4085 ἑκατέρους

592 4132 654 4173 se
694 4117 1077 4181 abstinuisset,
1111 4117 1390 4187 pollicitus
1437 4123 1522 4172 est
1555 4116 1970 4172 emendaturum
2015 4133 2074 4173 se
2107 4118 2158 4172 in

2264 4124 2322 4176 ὲν
2373 4121 2573 4191 συνόδῳ
2623 4117 2979 4190 διορθώσεινο
3035 4119 3094 4170 ὲν
3144 4109 3189 4184 ᾧ
3238 4115 3298 4168 δὲ
3345 4113 3405 4167 τὺ
3454 4109 3638 4183 πλῆθος
3679 4103 3776 4174 πρὸς

591 4207 820 4278 synodo,
871 4223 934 4261 ea
984 4207 1053 4262 de
1099 4207 1302 4277 quibus
1335 4207 1554 4277 utrique
1600 4209 1990 4277 querebantur.
2024 4207 2158 4263 Dum

2263 4213 2512 4284 ὁμόνοιαν
2543 4211 2832 4265 συνάπτειν
2861 4207 3213 4270 ἐσπούδαζεν,
3237 4203 3548 4258 ἐπανελθὼν
3572 4197 3776 4284 Μελέτιος

593 4298 854 4368 populum
889 4298 956 4352 ad
990 4298 1280 4367 pristinam
1309 4299 1664 4353 concordiam
1698 4315 1957 4354 revocare
1996 4313 2158 4354 cona-

2264 4283 2330 4356 ὲκ
2374 4304 2470 4373 τῆς
2516 4303 2840 4375 ὑπερορίας,
2892 4296 3336 4369 κεχωρισμένους
3379 4293 3548 4366 εὑρὼν
3585 4290 3691 4351 τοὺς
3729 4283 3779 4336 τὰ

593 4396 746 4441 retur
791 4385 1084 4452 Eusebius,
1113 4388 1182 4441 ab
1220 4388 1414 4443 exsilio
1449 4402 1704 4443 reversus
1737 4388 2004 4451 Meietius,
2036 4403 2158 4444 cum

2191 4441 2240 4464 ,ι
2264 4392 2411 4464 αὐτῷ
2449 4394 2779 4464 φρονοῦντας
2809 4392 2959 4463 (97),
3009 4391 3114 4462 ίδίᾳ
3149 4390 3248 4443 σὺν
3301 4388 3541 4450 τούτοις,
3581 4381 3671 4446 ἔξω
3705 4375 3778 4444 τῆς

593 4483 894 4532 sectatores
937 4489 1161 4530 suarum
1212 4477 1454 4545 partium
1503 4477 1783 4546 sejunctos
1811 4479 1879 4533 ab
1915 4481 2035 4534 aliis
2061 4479 2156 4534 de-

2186 4465 2240 4501 ”
2264 4484 2469 4548 πόλεως
2499 4484 2854 4555 ὲκκλησίαξεν
2878 4501 2891 4515 ·
2921 4486 2949 4537 ὁ
2981 4483 3038 4536 δὲ
3062 4481 3361 4550 Παυλῖνος,
3390 4478 3533 4533 ἔνδον
3564 4471 3684 4546 μετὰ
3701 4465 3780 4521 τῶν

593 4563 995 4634 prehendisset,
1031 4579 1140 4620 una
1171 4581 1294 4620 cum
1339 4567 1450 4622 illis
1479 4582 1728 4625 seorsum
1760 4580 1914 4626 extra
1965 4575 2153 4629 urbem

2263 4577 2476 4631 οἰκείων
2497 4591 2511 4608 ⁸
2541 4579 2713 4647 πρᾷον
2743 4575 2852 4647 γὰρ
2873 4614 2887 4639 ,
2919 4574 3022 4627 ὑπό
3049 4591 3108 4626 τε
3144 4572 3261 4642 βίου
3306 4571 3405 4624 καὶ
3431 4570 3605 4638 γήρως
3629 4559 3780 4616 αἰδοῖον

593 4661 901 4710 conventus
967 4654 1377 4711 ecclesiasticos
1437 4657 1653 4715 habuit.
1707 4658 1969 4720 Paulinus
2032 4681 2158 4721 vero

2257 4670 2388 4725 ὅντα
2412 4711 2429 4737 ,
2460 4669 2636 4740 τιμῶν
2668 4667 2906 4732 Εύζώῖος
2937 4669 2964 4717 ὁ
3001 4665 3098 4735 τῆς
3159 4663 3376 4734 Ἀρείου
3407 4659 3656 4732 αἱρέσεως
3684 4664 3780 4740 προ-

594 4749 738 4802 intra
791 4747 980 4802 urbem
1026 4762 1150 4802 cum
1195 4748 1313 4804 suis
1363 4751 1624 4808 collectas
1674 4756 1992 4814 celebravit.
2023 4757 2158 4814 Nam

2259 4759 2462 4827 εστὼς,
2509 4739 2631 4812 οὔτε
2686 4757 2906 4823 ἐξέϐαλε
2930 4797 2943 4821 ,
2998 4757 3092 4810 καὶ
3141 4754 3274 4826 μίαν
3340 4749 3492 4820 αὐτῷ
3541 4739 3780 4812 ἐκκλησίαν

591 4851 718 4891 cum
762 4836 910 4891 mitis
947 4845 1114 4903 esset,
1149 4846 1205 4894 et
1231 4847 1348 4894 tum
1371 4842 1443 4897 ob
1473 4845 1820 4902 sanctitatem
1869 4849 2013 4915 vitae,
2047 4861 2158 4907 tum

2258 4852 2571 4922 ἀπένειμεν.
2633 4847 2889 4910 Εὐσέϐιος
2946 4848 3002 4900 δὲ
3057 4843 3352 4916 ἀποτυχὼν
3413 4843 3511 4913 τῆς
3573 4829 3779 4926 σπουδῆς)

592 4925 665 4979 ob
693 4933 1032 4982 senectutem
1072 4929 1435 4998 venerabilis,
1467 4934 1731 4992 reveritus
1766 4952 1890 4992 eum
1922 4926 2158 5000 Euzoius

2258 4941 2591 5012 ἐξεδήμησεν
2635 4939 2981 5010 Ἀντιοχείας.
3021 4937 3385 5008 ’Υῆρισμένος
3416 4934 3472 4987 δὲ
3511 4929 3628 4999 παρ’
3653 4925 3780 4980 α’ὒτοῡ

595 5015 922 5071 Arianorum
969 5017 1285 5090 episcopus,
1310 5036 1419 5076 non
1450 5024 1612 5079 modo
1649 5041 1757 5082 non
1799 5028 1959 5100 ejecit
1988 5048 2052 5086 ex
2079 5035 2156 5089 ci-

2259 5033 2534 5103 Λουκίςρερ
2560 5071 2575 5096 ,
2608 5031 2688 5085 ὅτι
2722 5030 2797 5102 μὴ
2815 5030 2913 5100 τὴν
2941 5029 3208 5082 Παυλίνου
3235 5023 3569 5098 χειροτονίαν
3593 5015 3779 5079 ἐδέξατο.

592 5106 782 5169 vitate,
813 5103 909 5160 sed
947 5121 1112 5161 unam
1143 5109 1194 5164 ei
1233 5110 1522 5167 ecclesiam
1568 5115 1838 5175 attribuit.
1883 5117 2154 5178 Eusebius

2259 5121 2582 5193 ἐχαλέπαινέ
2610 5139 2668 5176 τε
2691 5163 2705 5188 ,
2745 5123 2838 5176 καὶ
2880 5121 3155 5174 κοινωνεῖν
3186 5119 3343 5191 αὑτῷ
3391 5115 3683 5186 διεφέρετοο
3713 5103 3781 5158 καὶ

661 5282 677 5312 ⁸
711 5279 895 5350 Socr.,
931 5283 1026 5340 lib.
1046 5298 1129 5348 ιιι,
1167 5299 1219 5339 c.
1253 5284 1306 5341 6.
1382 5290 1402 5321 ²
1427 5287 1583 5354 Ibid.,
1623 5289 1676 5348 9.

1777 5442 2051 5500 VALESII
2088 5442 2644 5501 ANNOTATIONES.

657 5586 768 5672 (96)
822 5590 1011 5672 Πιξρᾲ,
1046 5590 1160 5660 τὴν
1199 5593 1438 5672 πᾴντων
1493 5598 1767 5672 σύνεσιν.
1829 5600 2051 5656 Rectius
2092 5603 2147 5657 in

2325 5600 2436 5672 (97‘)
2482 5601 2629 5672 Τοὺς
2675 5601 2749 5656 τὰ
2789 5601 2951 5669 αὐτῷ
2988 5602 3387 5672 φρονοῦντας.
3440 5601 3625 5658 Procul
3653 5593 3786 5672 dubio

587 5657 775 5712 codice
822 5657 1125 5716 Fuketiano
1169 5665 1430 5736 scriptum
1463 5677 1547 5724 est
1589 5667 1926 5739 συναίνεσιν,
1982 5673 2037 5727 id
2064 5681 2147 5727 est

2256 5657 2620 5725 scribendum.
2659 5680 2745 5727 est
2794 5673 2860 5726 τὰ
2915 5657 3099 5728 mea.
3160 5672 3218 5727 In
3266 5657 3470 5729 nunc.
3528 5669 3786 5739 Fuketiano

584 5740 912 5784 consensum
1912 5736 1920 5739 ’

2254 5739 2515 5808 scriptum
2541 5749 2623 5797 cst
2653 5741 2721 5797 τὰ
2745 5742 2884 5799 αὐτὰ
2912 5743 3260 5815 φρονοῦντας,
3305 5746 3453 5815 quod
3495 5758 3595 5799 non
3629 5736 3782 5809 probo.

3917 1535 3919 1548 Α
