4056 6326
371 340 514 405 1255

1324 335 1656 394 HISTORIA
1692 334 2256 396 ECCLESIASTICA.
2298 367 2369 379 —
2393 335 2524 393 LIB.
2551 335 2615 393 ν.

3469 343 3612 400 1284

369 459 445 520 ὡς
479 455 540 520 ἐξ
568 453 745 525 ἔριδος
766 493 780 518 ,
806 452 873 506 τὰ
901 451 1124 520 δόξαντα
1143 453 1210 522 τῇ
1243 451 1445 523 συνόδῳ
1473 453 1531 505 ὲν
1573 451 1938 524 Ἀλεξανδρείᾳ

2050 467 2180 508 vero
2213 466 2339 506 cum
2381 459 2617 509 conatus
2646 451 2752 522 ipsi
2781 464 2892 508 non
2941 434 3289 519 succederet,
3330 453 3622 514 Antiochia

369 546 673 601 διαϐάλλειν
709 545 1006 615 ἐπεχείρει.
1058 545 1122 598 Ὃ
1172 542 1237 614 δὴ
1286 543 1557 616 πρόφασις
1591 544 1805 613 ἐγένετο
1846 544 1945 616 τῆς

368 639 636 710 αἱρέσεως
655 635 764 689 τῶν
782 635 876 688 ἀπ’
908 634 1074 688 αὑτοῦ
1109 635 1458 706 καλουμένων
1479 636 1941 706 Λουκιφεριανῶν.

370 732 434 784 Ol
484 729 590 799 γὰρ
624 727 718 780 ἐπὶ
757 725 966 789 τούτοις
1011 724 1160 794 αὐτῷ
1207 724 1630 796 συναχθόμενοι,
1679 728 1818 795 σφᾶς
1848 727 1946 796 τῆς

383 813 709 885 Ἐκκλησίας
755 812 1077 882 ἀπέσχισαν.
1127 812 1300 875 Αὐτὸς
1351 812 1408 865 δὲ
1453 813 1656 884 καίπερ
1703 813 1807 867 ὑπὸ
1845 814 1946 884 τῆς

369 906 545 975 λύπης
596 904 1005 977 κρατούμενος,
1059 903 1248 976 ἐπειδὴ
1300 903 1388 958 διὰ
1433 903 1526 957 τοῦ
1589 905 1835 958 διακόνου
1886 906 1945 960 ὃν

369 997 616 1066 Εύσεὸίῳ
665 995 1114 1062 συναπέστειλεν,
1159 994 1512 1066 ὡμολόγησεν
1545 997 1800 1067 ἐμμεῖναι
1833 999 1945 1062 τοῖς

367 1091 426 1141 ἐν
468 1086 845 1159 Ἀλεξανδρείᾳ
877 1087 1028 1158 παρὰ
1068 1086 1169 1157 τῆς
1200 1087 1419 1140 συνόδου
1451 1088 1794 1159 πραχθεῖσιν,
1817 1091 1946 1160 όμο-

367 1179 582 1252 φρονῶν
613 1181 694 1250 ,τῇ
735 1177 962 1232 καθόλου
1011 1177 1346 1250 Ἐκκλησία,
1393 1180 1473 1242 είς
1501 1180 1794 1250 Σαρδονίαν
1843 1183 1945 1251 ἀφ-

370 1269 798 1332 ίκετο.Εύσέ6ιος
827 1268 882 1321 δὲ
903 1269 1046 1322 κατὰ
1062 1267 1160 1338 τὴν
1179 1270 1294 1323 Ἕω
1317 1269 1562 1342 περιϊὼν,
1590 1271 1715 1334 τοὺς
1735 1272 1944 1344 ἠμελη-

368 1360 534 1423 κότας
565 1359 665 1429 τῆς
696 1359 931 1421 πίστεως
959 1358 1363 1428 ἐπηνωρθοῦτο,
1397 1360 1491 1412 καὶ
1594 1361 1698 1432 χρὴ
1728 1365 1945 1434 φρονεῖν

368 1450 646 1504 ἐδίδασκεν
664 1466 677 1480 ·
712 1449 901 1502 ἔπειτα
932 1448 1268 1517 σπουδάζων,
1294 1451 1390 1504 καὶ
1424 1451 1713 1525 Ἰλλυριοὺς
1736 1453 1942 1524 διῆλθε,

367 1542 462 1595 καὶ
498 1543 577 1605 εἰς
612 1539 842 1595 Ἰταλίαν
885 1525 1040 1614 ἧκεν.
1083 1541 1251 1595 Ἔνθα
1298 1542 1362 1614 δὴ
1413 1542 1592 1599 ταῦτα
1622 1562 1945 1617 προκατωρ-

368 1631 584 1685 θωκότα
616 1629 914 1685 κατέλαϐεν
956 1630 1182 1703 Ἱλάριον
1203 1672 1219 1696 ,
1253 1631 1312 1696 ὃς
1341 1635 1675 1700 Πυκτάϐων,
1709 1636 1862 1700 πόλις
1887 1636 1943 1690 δὲ

368 1723 462 1792 ἣδε
497 1721 840 1804 Ἀκοιτανίας
860 1763 875 1786 ,
903 1722 1201 1788 ἐπίσκοπος
1225 1719 1294 1796 ἦν
1315 1742 1330 1758 ο
1356 1725 1515 1798 ἔτυχε
1543 1727 1652 1798 γὰρ
1681 1729 1944 1801 πρότερος

2043 542 2305 599 excessit.
2341 543 2410 596 At
2436 542 2678 610 Lucifer,
2703 545 3052 601 contumeliae
3079 546 3204 602 loco
3231 547 3438 605 ducens
3469 553 3621 622 quod

2044 634 2314 692 Eusebius
2345 636 2752 692 ordinationem
2790 636 3006 693 Paulini
3037 639 3199 711 199
3239 656 3350 696 non
3396 643 3624 712 probas-

2046 734 2162 793 set,
2210 729 2621 783 communicare
2667 727 2751 782 ‘illi
2801 728 3161 797 detrectavit,
3215 738 3272 788 et
3319 733 3621 792 altercandi

2046 817 2338 882 studio,ea
2367 834 2489 889 quae
2528 818 2870 876 Alexandria:
2912 820 2966 876 in
3003 822 3216 894 synodo
3256 824 3478 882 decreta
3508 826 3620 882 fue-

2043 915 2170 963 rant
2211 909 2616 978 reprehendere
2646 917 2878 967 conatus
2906 919 3024 980 est;
3052 923 3214 984 atque
3253 930 3318 970 ea
3346 931 3435 973 res
3461 933 3618 973 occa-

2045 998 2255 1052 sionem
2289 999 2523 1067 praibuit
2566 1009 2729 1057 secta:
2763 1001 2999 1069 illorum!
3022 1004 3118 1073 qui
3147 1018 3214 1059 ex
3248 1005 3370 1075 ejus
3400 1008 3628 1063 nomine

2045 1088 2377 1146 Luciferiani
2415 1099 2546 1149 sunt
2593 1094 2875 1163 appellati.
2909 1095 3122 1150 Etenim
3150 1097 3189 1150 ii
3223 1097 3318 1167 qui
3360 1099 3466 1152 una
3496 1114 3623 1154 cum

2044 1181 2138 1235 illo
2166 1181 2238 1237 ob
2273 1196 2367 1238 eas
2395 1198 2486 1240 res
2523 1183 2789 1255 indignati
2835 1193 2982 1250 sunt,
3017 1202 3077 1243 se
3102 1186 3252 1257 ipsos
3279 1188 3348 1243 ab
3373 1187 3623 1245 Ecclesia

2044 1272 2436 1341 przeciderunt.
2463 1274 2585 1344 Ipse
2610 1291 2739 1332 vero
2767 1278 3019 1346 quamvis
3047 1279 3363 1334 exulcerato
3390 1293 3626 1349 prorsus

2045 1364 2228 1418 animo
2270 1372 2442 1431 esset,
2479 1374 2662 1423 tamen
2702 1369 2966 1439 quoniam
3005 1384 3101 1440 per
3129 1370 3424 1426 diaconum
3459 1387 3622 1442 quem

2044 1471 2154 1511 una
2187 1471 2312 1512 cum
2361 1455 2601 1513 Eusebio
2641 1460 2891 1524 miserat,
2921 1476 2980 1516 se
3011 1461 3396 1517 Alexandrinae
3427 1462 3626 1534 synodi

2045 1546 2185 1603 actis
2233 1562 2635 1604 consensurum
2695 1551 3048 1619 promiserat,
3084 1566 3207 1606 cum
3252 1551 3501 1609 Ecclesia
3537 1567 3627 1608 ca-

2045 1637 2244 1693 tholica
2284 1639 2665 1706 consentiens,
2721 1640 2779 1695 in
2840 1638 3149 1697 Sardiniam
3202 1643 3386 1699 rediit.
3446 1643 3622 1700 Porro

2046 1728 2318 1786 Eusebius
2346 1729 2586 1786 Orientis
2633 1731 2950 1802 provincias
2995 1733 3346 1802 circumiens,
3387 1750 3486 1791 eos
3523 1737 3619 1806 qui

367 1813 442 1866 ὲκ,
461 1812 562 1882 τῆς
593 1800 889 1885 ὑπερορίας
930 1813 1279 1880 ἐπανελθὼν,
1316 1815 1548 1883 Ἰταλούς
1577 1836 1636 1872 τε
1672 1798 1765 1873 καὶ
1802 1798 1938 1874 Γάλ-

2049 1818 2106 1874 in
2160 1820 2266 1876 ﬁde
2319 1798 2750 1892 negligentiores
2799 1820 3019 1877 fuerant
3067 1798 3366 1894 corrigere,
3406 1833 3461 1881 et
3499 1798 3621 1896 quae

367 1903 492 1966 λους
524 1903 775 1971 διδάξας,
824 1907 955 1960 ποῖα
1001 1905 1099 1977 μὲν
1139 1908 1244 1980 χρὴ
1296 1907 1405 1962 τῶν
1454 1909 1738 1980 δογμάτων
1771 1928 1941 1982 προσ-

369 1994 568 2060 ίεσθαι,
601 1997 729 2049 ποτα
758 1995 813 2049 δὲ
841 1996 1063 2066 φεύγειν
1085 2015 1101 2031 ο
1135 1999 1230 2053 καὶ
1263 1999 1371 2070 γὰρ
1389 2000 1452 2072 δὴ
1483 2000 1577 2054 καὶ
1602 2001 1852 2073 ὲλόγιμος
1873 2005 1942 2075 τῇ

377 2086 666 2158 Ῥωμαίων
712 2087 927 2161 γλώττῃ
960 2087 1200 2159 ἐγένετο,
1236 2090 1330 2144 καὶ
1372 2090 1563 2161 λόγους
1604 2093 1938 2166 ἀξιοχρέους,

367 2178 442 2242 ὡς
465 2179 699 2250 εἴρηται,
721 2179 1080 2251 συνέγραψεν,
1097 2181 1552 2254 ἀπομαχομένους
1581 2186 1694 2248 τοῖς
1729 2186 1938 2257 Ἀρείου

366 2271 650 2340 δόγμασιν.
687 2265 815 2327 Ὧδε
844 2271 944 2342 μὲν
985 2272 1210 2343 Ἱλάριος
1245 2267 1398 2338 οὗτος
1427 2275 1521 2328 καὶ
1557 2275 1816 2341 Εὐσέϐιος
1840 2318 1855 2342 ,
1881 2280 1938 2334 ὲν

367 2363 431 2432 τῇ
475 2362 615 2433 πρὸς
665 2361 816 2415 δύσιν
860 2363 1136 2436 ἀρχομένη
1186 2363 1248 2417 τὸ
1288 2363 1466 2435 δόγμα
1497 2365 1596 2436 τῆς
1635 2368 1696 2422 ἐν
1735 2365 1938 2440 Νικαίᾳ

367 2454 584 2508 συνόδου
622 2453 1002 2525 συνεκρότουν.
1200 2477 1204 2481 ν

2047 1909 2323 1966 credenda
2344 1920 2550 1975 essent,
2571 1911 2771 1969 docere
2792 1913 2976 1982 coepit.
2999 1912 3102 1968 Per
3126 1910 3401 1984 Illyricum
3425 1915 3624 1978 deinde

2048 2001 2290 2063 transiit,
2332 2000 2508 2056 eidem
2561 2003 2714 2072 operi
2755 2003 3022 2070 intentus,
3051 2011 3108 2059 et
3136 2003 3204 2057 ad
3237 2002 3447 2058 Italiam
3497 2019 3619 2074 per-

2049 2093 2222 2150 venit.
2272 2092 2390 2148 Illic
2439 2092 2709 2149 Hilarium
2760 2093 3136 2160 Pictavorum,
3185 2110 3308 2168 qua:
3353 2094 3486 2152 urbs
3538 2105 3624 2154 est

2042 2181 2377 2254 Aquitaniae,
2428 2185 2752 2256 episcopum
2809 2187 3031 2256 reperit,
3085 2187 3181 2257 qui
3233 2187 3374 2242 idem
3423 2201 3622 2242 munus

2044 2275 2238 2332 sedulo
2287 2287 2414 2332 ante
2465 2276 2645 2348 ipsum
2701 2278 3019 2348 expleverat
3064 2279 3102 2333 ⁸.
3142 2278 3303 2333 Prior
3359 2277 3506 2334 enim
3555 2277 3622 2332 ab

2041 2369 2242 2424 exsilio
2282 2370 2544 2434 redierat,
2583 2367 2859 2439 Italosqne
2899 2378 2954 2425 et
3004 2368 3214 2438 Gallos,
3255 2385 3378 2442 qua:
3427 2369 3622 2424 admit-

2043 2462 2234 2527 tenda,
2291 2477 2412 2533 qua:
2467 2461 2728 2532 fugienda
2780 2469 2966 2518 essent
2999 2462 3280 2534 dogmata,
3335 2463 3618 2519 docuerat.

367 2545 502 2602 Nam
544 2557 600 2604 et
651 2545 846 2604 Latino
904 2564 1158 2607 sermone
1218 2549 1624 2608 disertissimus
1677 2552 1803 2619 fuit,
1853 2561 1908 2609 et
1980 2554 2155 2612 libros
2221 2557 2368 2613 lectu
2426 2554 2788 2626 dignissimos
2840 2556 3105 2613 adversus
3148 2557 3463 2628 Opinionem
3501 2551 3618 2608 Arii

365 2639 694 2708 composuit.
737 2638 800 2695 Et
844 2639 1089 2700 Hilarius
1133 2641 1354 2714 quidem
1405 2640 1510 2700 iste
1551 2658 1616 2700 ac
1660 2643 1931 2704 Eusebius
1965 2645 2203 2704 Nicaeum
2237 2647 2432 2720 synodi
2479 2646 2790 2706 doctrinam
2830 2646 2937 2706 hoc
2981 2647 3142 2704 modo
3205 2648 3264 2704 in
3301 2645 3620 2706 Occidentis

367 2728 616 2799 partibus
649 2739 1026 2788 asseruerunt.

953 2861 1206 2916 ΚΕΦΔΛ.
1246 2862 1344 2916 ῙΔ’.

367 2993 562 3060 Ὅπως
609 2995 663 3048 ot
702 2993 852 3064 ἀμφὶ
897 2992 1446 3064 Μακεδόνων-τοῖς*
1474 2992 1608 3063 περὶ
1665 2993 1941 3049 Ἀκάκιον

452 3061 773 3132 Ἀρειανοῒζ·
786 3061 1168 3134 διεφέροντο,
1199 3063 1300 3117 καί
1323 3065 1380 3118 τί
1406 3061 1570 3137 ἦσαν
1601 3064 1940 3133 ἀπολογού-

436 3150 627 3202 μενοι.

2589 2861 2744 2918 CAP.
2775 2860 2914 2916 XIV.

2047 2994 2325 3066 Quomodo
2357 2994 2734 3051 Μαθθάοηὶαηὶ
2764 2995 2828 3050 ab
2860 2995 3146 3071 Acaciam's
3170 2997 3534 3071 dissenserint,
3561 3013 3614 3061 et

2270 3083 2431 3137 quam
2452 3081 2551 3135 pro
2582 3082 2636 3122 se
2667 3069 3062 3122 excusationem
3092 3069 3387 3128 attulerint.

451 3268 541 3321 Ἐν
576 3265 751 3338 τούτῳ
774 3266 831 3320 δὲ
862 3267 914 3320 ot
947 3267 1090 3338 ἀμφὶ
1121 3267 1453 3322 Μακεδόνιον
1474 3307 1490 3334 ,
1526 3259 1602 3322 ὧν
1645 3262 1714 3340 ἦν
1758 3267 1938 3322 Ἐλεύ-

2109 3262 2212 3320 Per
2258 3264 2400 3320 idem
2444 3276 2660 3338 tempus
2705 3264 2744 3321 ii
2786 3266 2883 3337 qui
2925 3281 2958 3321 a
2995 3264 3300 3324 Macedonii
3363 3267 3614 3339 partibus

368 3375 522 3424 σιος,
570 3359 666 3412 καὶ
709 3357 1042 3424 Εὐστάθιος,
1100 3358 1192 3412 καὶ
1227 3359 1568 3430 Σωφρόνιος,
1614 3359 1718 3431 ἢδη
1761 3361 1842 3424 είς
1879 3360 1942 3414 τὸ

368 3449 645 3521 προφανὲς
666 3448 1054 3503 Μακεδονιανοὶ
1080 3449 1363 3502 καλεῖσθαι
1388 3449 1719 3522 ἀρξάμενοι,
1746 3451 1822 3516 ὡς
1859 3453 1940 3517 είς

367 3541 502 3594 ἴδιον
543 3539 910 3611 διακριθέντες
952 3539 1236 3613 σύστημα,
1266 3541 1449 3606 ἀδείας
1480 3542 1838 3615 τετυχηκότες
1871 3545 1938 3617 τῇ

366 3631 745 3686 Κωνσταντίου
789 3631 1013 3702 τελευτῇ
1039 3670 1053 3694 ,
1099 3631 1534 3700 συγκαλέσαντες
1569 3635 1696 3697 τοὺς
1747 3635 1807 3689 ὲν
1845 3636 1942 3688 Σε-

366 3723 589 3794 λευκείᾳ
613 3722 916 3793 ὁμόφρονας
936 3723 1120 3786 αὐτοῖς
1141 3722 1488 3797 γενομένους,
1515 3724 1766 3788 συνόδους
1787 3725 1939 3792 τινὰς

365 3814 729 3884 ἐποιήσαντοο
761 3813 856 3869 καὶ
909 3813 1038 3876 τοὺς
1083 3812 1226 3883 ἀμφὶ
1278 3813 1552 3881 Ἀκάκιον,
1598 3815 1699 3886 τήν
1739 3832 1799 3868 τε
1849 3815 1940 3884 βε-

363 3903 692 3958 ϐαιωθεῖσαν
722 3903 779 3957 ὲν
827 3903 1104 3974 Ἀριμήνῳ
1135 3903 1318 3957 πίστιν
1354 3903 1707 3976 ἀπεκήρυξαν
1727 3921 1740 3936 ο
1772 3908 1840 3976 τῇ
1881 3906 1938 3960 δὲ

365 3997 426 4049 ὲν
469 3995 769 4067 Ἀντιοχείᾳ
823 3995 1144 4069 ὲκτεθείσῃ,
1195 3995 1417 4067 ὕστερον
1455 3997 1513 4050 δὲ
1547 3998 1606 4050 ὲν
1647 3996 1938 4069 Σελευκείᾳ

362 4085 502 4157 πρὸς
540 4086 720 4140 αὐτῶν
767 4084 1115 4156 κυρωθείσῃ,
1164 4086 1593 4158 ἐπεψηφίσαντο.
1649 4087 1938 4156 Ἐγκαλού-

366 4194 520 4248 μενοι
547 4177 604 4230 δὲ
644 4178 696 4230 τί
737 4177 933 4249 δήποτε
963 4178 1098 4248 πρὸς
1139 4179 1263 4241 τοὺς
1293 4180 1436 4248 ἀμφὶ
1475 4179 1727 4233 ’Δκάκιον
1753 4179 1939 4248 διαφέ-

362 4286 580 4341 ρονται,
611 4269 876 4342 πρότερον
902 4270 1085 4333 αὐτοῖς
1110 4270 1184 4333 ὡς
1221 4269 1496 4340 όμοδόξοις
1529 4271 1930 4337 κοινωνοῦντες,

359 4361 490 4416 τάδε
533 4361 620 4415 διὰ
655 4362 962 4431 Σωφρονίου
1002 4361 1094 4415 τοῦ
1141 4362 1491 4431 Παφλαγόνος
1533 4363 1888 4433 ὲπεκρίναντο
1917 4380 1932 4396 ο

357 4453 438 4516 ὼς
463 4451 670 4526 οἱκατὰ
699 4452 798 4523 τὴν
822 4451 991 4517 δύσιν,
1014 4452 1076 4506 τὸ
1100 4453 1382 4524 όμοούσιον
1411 4452 1658 4518 ἐδόξαζον
1679 4471 1692 4484 ·
1732 4454 1936 4518 Ἀέτιος

356 4541 416 4596 δὲ
446 4542 505 4593 ὲν
531 4544 597 4614 τῇ
627 4541 740 4612 "Em
781 4542 843 4595 τὸ
887 4543 1010 4595 κατ’
1036 4543 1222 4598 οὐσίαν
1260 4544 1530 4614 ἀνόμοιον.
1561 4546 1672 4598 Καὶ
1717 4545 1767 4597 οί
1809 4545 1930 4617 μὲν,

2041 3357 2286 3423 stabant,
2318 3358 2464 3413 inter
2496 3373 2638 3427 quos
2671 3356 2925 3414 Eleusius
2966 3366 3085 3414 erat
3109 3366 3164 3415 et
3188 3357 3515 3416 Eustathius
3545 3374 3613 3414 ac

2041 3445 2409 3518 Sophronius,
2440 3448 2534 3518 qui
2579 3447 2692 3518 jam
2739 3447 3112 3505 Macedoniani
3151 3451 3331 3520 palam
3379 3450 3613 3507 vocitari

2040 3548 2342 3610 ctrperant,
2388 3547 2584 3610 utpote
2635 3539 2730 3610 qui
2769 3540 3099 3610 peculiarem
3151 3548 3354 3598 sectam
3403 3541 3614 3598 consti-

2041 3639 2290 3700 tuerent;
2316 3630 2626 3688 Constantii
2644 3631 2796 3687 obitu
2815 3632 3091 3689 licentiam
3110 3633 3612 3698 nacti,convocatis

2039 3722 2110 3778 iis
2136 3722 2231 3793 qui
2276 3721 2542 3778 Seleuciae
2576 3737 2702 3776 eum
2737 3722 2873 3793 ipsis
2909 3728 3330 3790 consenserant,
3369 3723 3610 3794 synodos

2039 3813 2306 3882 quasdam
2340 3821 2833 3885 congregaverunt,
2867 3820 2921 3868 et
2948 3813 3252 3869 Acacianos
3275 3828 3337 3868 ac
3368 3812 3526 3870 ﬁdem
3555 3812 3612 3866 in

2037 3903 2373 3958 Ariminensi
2406 3903 2643 3958 concilio
2680 3903 2953 3957 ﬁrmatam
2988 3903 3446 3958 condemnarunt.
3477 3901 3611 3955 Eam

2039 4009 2171 4049 vero
2204 4008 2326 4063 quae
2351 3993 2658 4048 Antiochiae
2685 3993 3050 4064 promulgata,
3078 3998 3133 4047 et
3155 3993 3226 4048 ab
3253 3992 3392 4062 ipsis
3419 3999 3608 4062 postea

2041 4085 2304 4141 Seleuciae
2343 4085 2664 4140 conﬁrmata
2700 4083 2900 4148 fuerat,
2927 4083 3169 4139 decretis
3203 4085 3321 4138 suis
3355 4097 3609 4152 compro-

2037 4177 2261 4232 barunt.
2307 4175 2557 4245 Cumque
2597 4174 2682 4229 his
2715 4173 3050 4244 objicet'etur
3091 4189 3188 4228 cur
3217 4174 3286 4228 ab
3316 4173 3610 4230 Acacianis

2038 4267 2390 4332 dissiderent,
2420 4267 2752 4336 quibuscum
2787 4272 2967 4333 antea,
3005 4271 3194 4336 utpote
3222 4264 3329 4320 sibi
3369 4279 3608 4321 consen-

2037 4356 2326 4422 tientibus,
2376 4354 2891 4427 communieabant,_
2929 4369 3028 4424 per
3078 4351 3446 4424 Soplironium
3503 4351 3610 4406 Pa-

2036 4446 2354 4517 phlagonem
2407 4446 2523 4500 haec
2566 4445 2975 4516 responderunt
3015 4462 3030 4500 :
3070 4443 3452 4501 Occidentales
3484 4447 3610 4516 qui-

2037 4538 2158 4593 dem
2189 4537 2728 4594 Consubstantialem
2763 4537 3119 4608 probavisse;
3152 4537 3370 4593 Aetium
3397 4552 3527 4593 vero
3552 4538 3607 4592 in

356 4633 610 4696 ἁτάκτως
670 4632 771 4696 τὰς
830 4632 1132 4699 ἰδιαζούσας
1185 4635 1508 4699 ὑποστάσεις
1563 4636 1774 4706 Πατρὸς
1837 4635 1932 4690 καὶ

2040 4628 2276 4685 Orientis
2329 4630 2583 4699 partibus
2630 4606 2957 4686 dissimilem
3008 4628 3189 4700 quoad
3242 4628 3607 4686 substantiam

356 4723 495 4778 Υίοῦ
514 4764 529 4790 ,
564 4723 890 4778 συνέπλεκον
911 4726 990 4788 εἰς
1019 4725 1246 4795 ἑνότητα
1284 4725 1362 4796 τῷ
1386 4725 1481 4779 τοῦ
1508 4725 1790 4796 όμοουσίου
1813 4727 1932 4780 ὀνό-

359 4829 527 4886 ματι’
557 4815 586 4866 ό
621 4813 700 4877 δὲ,
739 4814 944 4886 σφόδρα
968 4815 1070 4884 τῆς
1106 4816 1200 4868 τοῦ
1239 4814 1368 4868 Υίοῢ
1417 4815 1553 4887 πρὸς
1596 4816 1687 4869 τὸν
1713 4816 1930 4888 Πατέρα

356 4889 573 4973 φύσεως
601 4905 777 4959 eam
831 4905 928 4977 τὴν
980 4905 1314 4975 οἰκειότητα·
1369 4907 1510 4976 σφᾶς
1552 4907 1608 4960 δὲ
1663 4907 1928 4974 εὐσεϐεῖν,

353 4995 541 5065 ὅμοιον
564 4989 705 5049 εἶναι
741 4993 820 5066 τῷ
856 4995 1032 5067 [Ia-cpt
1063 4995 1155 5049 τὸν
1190 4995 1317 5049 Υίὺν
1342 4995 1476 5061 ξκαθ’
1508 4995 1802 5051 ὑπόστασιν
1843 4997 1930 5050 λέ-

353 5104 554 5156 γοντας
582 5125 598 5152 ,
629 5089 724 5142 καὶ
763 5087 935 5158 μέσην
983 5088 1186 5158 ἀμφοῖν
1213 5086 1418 5158 ταύτην
1447 5088 1546 5158 τὴν
1589 5088 1707 5142 όδὸν
1743 5089 1928 5142 ὲπιλέ-

353 5175 574 5242 ξασθαι,
599 5176 876 5247 ἑκατέρων
899 5176 1034 5248 πρὸς
1061 5177 1229 5248 ἄκρον
1252 5176 1345 5230 τοῦ
1379 5177 1618 5230 ἐναντίου
1646 5179 1926 5251 χωρησάν-

348 5283 484 5319 των.
517 5267 627 5318 Kal.
653 5267 703 5320 οί
739 5267 837 5338 μὲν
867 5257 968 5322 ὧδε
999 5265 1380 5324 ἀπολογεῖσθαι
1415 5269 1528 5331 τοῖς
1557 5269 1925 5340 μεμφομένοις

350 5356 675 5429 ἐπειρῶντο.

419 5721 434 5752 ³
474 5716 660 5784 Socr.,
689 5713 785 5771 lib.
807 5729 888 5782 ut,
913 5729 962 5769 c.
1002 5713 1091 5768 10.

2035 4719 2366 4776 asseruisse.
2409 4721 2474 4774 Et
2526 4719 2650 4774 illos
2701 4719 2926 4789 quidem
2973 4718 3272 4776 distinctas
3321 4719 3503 4776 Patris
3542 4733 3606 4774 ac

2034 4810 2158 4866 Filii
2189 4826 2453 4883 personas
2482 4809 2983 4867 Consubstantialis
3021 4811 3290 4866 vocabulo
3316 4818 3521 4866 temere
3548 4811 3604 4866 in

2034 4919 2204 4959 unum
2263 4903 2582 4960 confudisse
2620 4922 2634 4958 :
2676 4902 2824 4957 hunc
2869 4917 2998 4958 vero
3046 4911 3256 4958 natura:
3302 4901 3426 4958 Filii
3477 4917 3603 4960 cum

2033 4994 2215 5051 Patris
2247 5003 2445 5050 natura
2481 4995 2860 5064 cognationem
2891 4994 3121 5049 nimium
3159 5001 3426 5064 quantum
3463 4993 3604 5050 divi-

2031 5087 2195 5142 sisse.
2231 5085 2302 5140 Se
2331 5100 2464 5141 vero
2496 5087 2584 5156 pie
2613 5085 2818 5151 facere,
2843 5085 2936 5155 qui
2969 5083 3167 5139 Filium
3194 5084 3342 5140 Patri
3367 5084 3602 5140 similem

2032 5177 2332 5233 secundum
2357 5176 2696 5248 hypostasim
2715 5176 2920 5242 dicant,
2946 5186 2998 5232 et
3030 5175 3170 5230 banc
3198 5176 3431 5231 mediam
3465 5175 3604 5230 inter

2035 5272 2299 5334 utrosque
2339 5265 2484 5320 viam
2534 5265 2820 5336 elegerint,
2855 5281 2980 5320 cum
3011 5268 3232 5336 utrique
3276 5267 3494 5320 illorum
3533 5264 3600 5319 ad

2030 5363 2334 5412 extremum
2377 5357 2784 5412 contrariorum
2833 5357 3206 5414 deﬁexissent.
3234 5357 3299 5410 Et
3343 5357 3434 5411 isti
3477 5357 3601 5425 qui-

2031 5447 2157 5501 dem
2213 5445 2356 5517 apud
2402 5461 2500 5502 eos
2547 5460 2578 5501 a
2627 5447 2827 5516 quibus
2880 5446 3449 5518 reprehendebantur,
3498 5443 3600 5501 bac

2029 5537 2242 5595 ratione
2270 5553 2332 5596 se
2359 5553 2598 5611 purgare
2621 5540 2805 5601 conati
2839 5547 2989 5596 sunt.
