4056 6326
513 351 653 407 1ΞΞ55
1506 374 1510 381 ι

1110 456 1273 525 zoo
1307 453 1459 508 CAP.
1493 452 1606 508 xv.

517 550 795 621 Quomodo
831 548 1159 621 Athanasius
1208 547 1697 621 igumfelcgatus
1736 546 1823 621 sit.
1855 547 1987 621 Item
2025 548 2089 603 de

590 622 797 675 Eleusio
844 616 1102 687 Cyziceno
1140 629 1188 671 et
1233 617 1354 671 Tito
1391 617 1666 671 Bostrensi
1695 617 1988 686 episcopis;
2037 629 2088 672 et

584 694 648 745 de
678 689 965 756 majoribus
997 687 1300 743 Sozomeni.

583 837 884 909 Imperator
931 852 1087 904 vero,
1130 851 1256 892 cum
1311 837 1678 893 Athanasium
1733 838 1790 892 in
1839 837 2088 896 Ecclesia

517 931 892 986 Alexandrina
956 935 1217 984 collectas
1276 943 1456 1000 agere,
1505 935 1559 983 et
1605 929 1861 999 populum
1921 932 2091 987 libere

514 1025 712 1076 docere
743 1021 1124 1088 intellexisset,
1158 1023 1473 1092 multosque
1503 1023 1792 1091 gentilium
1828 1022 1894 1077 ad
1930 1024 2090 1078 Chri-

516 1115 752 1168 stianam
793 1112 1115 1183 religionem
1148 1128 1213 1167 eo
1249 1112 1618 1182 persuadente
1652 1112 1889 1181 traduci,
1920 1114 2090 1184 jussit

516 1212 575 1258 ut
622 1203 954 1258 Alexandria
992 1204 1282 1259 excederet
1310 1205 1347 1255 ³.
1386 1203 1694 1274 Poenasque
1728 1205 1777 1260 ei
1829 1207 2090 1276 gravissi-

513 1308 633 1348 mas
656 1292 1044 1349 interminatus
1073 1303 1176 1359 est,
1201 1293 1246 1347 si
1271 1293 1386 1347 illic
1412 1295 1810 1350 remansisset:
1839 1296 2089 1350 criminis

517 1385 637 1440 loco
667 1382 724 1438 id
759 1382 1055 1455 objiciens,
1097 1383 1248 1454 quod
1293 1399 1419 1439 cum
1454 1400 1482 1439 a
1514 1386 1896 1455 superioribus
1938 1389 2090 1458 prin-

516 1477 727 1544 cipibus
785 1475 983 1530 exsilio
1039 1486 1187 1530 esset
1239 1475 1680 1541 condemnatus,
1735 1479 1860 1534 sine
1916 1479 2089 1549 ipsius

515 1559 845 1616 auctoritate
896 1563 1266 1630 episcopalem
1321 1563 1507 1618 sedem
1565 1566 1674 1622 sibi
1729 1568 2084 1626 vindicasset.

511 1650 704 1720 Neque
737 1652 884 1707 enim
915 1668 975 1709 se
1007 1655 1095 1709 his
1131 1657 1226 1726 qui
1257 1672 1288 1710 a
1316 1656 1646 1714 Constantio
1693 1662 1920 1732 relegati
1969 1662 2090 1718 l‘ue-

513 1752 659 1812 rant,
709 1745 946 1800 reditum
993 1745 1062 1800 ad
1109 1747 1387 1804 Ecclesias
1424 1764 1578 1818 suas,
1611 1751 1707 1806 sed
1751 1754 1808 1808 in
1851 1754 2082 1822 patriam

512 1835 782 1889 duntaxat
831 1837 1196 1892 concessisse.
1247 1837 1330 1892 Ob
1376 1838 1482 1894 hoc
1515 1840 1683 1912 igitur
1732 1842 2081 1913 imperatoris

512 1935 873 1998 praeceptum,
907 1942 1032 1982 cum
1076 1929 1408 1985 Alexandria
1435 1931 1787 1990 discessurus
1831 1944 1996 2002 esset,
2031 1945 2086 1991 et

513 2019 953 2074 Christianorum
1004 2022 1411 2078 multitudinem
1446 2025 1594 2079 circa
1635 2041 1696 2082 se
1736 2025 1957 2082 ﬂentem
2007 2030 2088 2083 vi-

512 2111 667 2167 deret
697 2129 711 2166 :
749 2111 897 2166 Bono
936 2113 1119 2168 animo
1153 2121 1348 2182 estote,
1380 2116 1594 2186 inquit;
1630 2119 1901 2174 nubecula
1939 2119 2084 2175 enim

513 2212 620 2269 est,
641 2219 762 2274 quae
787 2205 895 2260 cito
924 2206 1240 2275 praeteribit.
1265 2207 1397 2264 Post
1426 2208 1542 2264 haec
1571 2210 1735 2266 verba
1759 2211 1882 2268 vale
1909 2211 2083 2280 dixit,

513 2301 568 2350 et
597 2293 846 2352 Ecclesia
876 2310 976 2351 sua
1005 2297 1213 2366 optimo
1251 2299 1452 2368 cuique
1478 2316 1546 2356 ex
1577 2302 1772 2358 amicis
1805 2317 2086 2359 commen-

511 2385 665 2454 data,
715 2387 852 2442 urbe
895 2386 1228 2443 Alexandria
1283 2393 1542 2449 excessit.
1585 2393 1789 2450 Eodem
1845 2406 2087 2466 tempore

514 2471 768 2550 Cyziceni
804 2480 1013 2550 legatus
1043 2481 1112 2535 ad
1151 2481 1538 2552 imperatorem
1576 2485 1799 2554 misere,
1826 2487 1894 2543 de
1922 2489 2087 2546 rebus

513 2568 633 2624 suis
659 2576 713 2625 et
740 2569 808 2625 de
833 2569 1206 2627 instaurandis
1249 2575 1533 2643 gentilium
1572 2578 1792 2648 templis
1838 2590 2084 2636 acturos.

512 2662 665 2727 Quos
694 2661 989 2732 imperator
1011 2663 1082 2719 ob
1114 2678 1303 2720 curam
1348 2679 1634 2722 sacrorum
1677 2668 1928 2727 laudibus
1959 2687 2090 2742 pro-

513 2762 767 2823 secutus,
790 2763 992 2811 cuncta
1017 2757 1222 2826 quibus
1245 2772 1386 2828 opus
1418 2758 1691 2817 habebant
1717 2762 1799 2819 eis
1828 2765 2085 2834 praebuit.

512 2845 734 2902 Eleusio
766 2847 1262 2919 quoqueipsorum
1295 2850 1560 2921 episcopo
1594 2852 1730 2908 urbe
1773 2853 2088 2925 interdixit,

511 2952 579 2994 eo
614 2937 760 3008 quod
797 2941 998 3011 templa
1038 2949 1314 2998 vastasset
1353 2957 1419 2998 ac
1468 2945 1698 2999 delubra
1741 2949 2090 3005 contumeliis

511 3029 821 3096 all‘ecisset;
857 3032 1001 3088 aedes
1044 3040 1312 3104 prmterea
1361 3034 1575 3091 alendis
1605 3037 1790 3094 viduis
1823 3047 1877 3094 et
1902 3055 2091 3095 mona-

1967 342 2306 401 SOZOMENI

2110 470 2164 526 A

3607 345 3725 402 H56

2785 461 3028 512 ΚΕΦΛΛ.
3067 458 3162 513 ΙΕ’.

2203 550 2300 614 Ὦς
2338 549 2650 617 ἐξόριστος
2698 549 2885 604 πάλιν
2937 549 3173 616 ἐγένετο
3224 546 3602 617 Ἀθανάσιος·
3649 550 3728 602 καὶ

2259 622 2393 687 περὶ
2441 616 2762 673 Ἕλευσίου
2813 619 2919 673 τοῦ
2954 619 3206 678 Κυζῒκου
3230 657 3245 679 ,
3300 616 3396 670 καὶ
3445 618 3604 687 Τίτου
3642 619 3729 672 τοῦ

2257 686 2535 756 Βόστρωιν
2567 690 2903 742 ἐπισκόπου
2928 705 2941 717 ·
2977 687 3076 742 καὶ
3105 688 3283 757 μνεία
3311 687 3426 740 τῶν
3464 686 3565 740 τοῦ
3603 703 3729 756 συτ-

2262 759 2535 826 γραφέως
2563 761 2892 826 προγόνων.

2273 851 2330 903 '0
2383 849 2439 901 δὲ
2492 849 2774 920 βασιλεὺς,
2827 849 3129 921 πυθόμενος
3185 848 3562 919 ἐκκλησιάζειν
3601 848 3727 902 Ἀθαο

2191 939 2376 993 νάσιον
2427 941 2484 992 ἐν
2518 943 2582 1010 τῇ
2642 939 3033 1011 Ἀλεξανδρέων
3079 942 3411 1011 Ἐκκλησία,
3456 942 3546 993 καὶ
3587 939 3732 1002 ἀδεῶς

2189 1030 2461 1084 διδάσκειν
2488 1030 2558 1083 τὰ
2592 1030 2774 1101 πλήθη
2799 1073 2814 1096 ,
2851 1032 2946 1084 καὶ
2975 1030 3201 1094 πολλοὺς
3247 1031 3511 1102 Ἑλλήνων
3555 1030 3731 1083 πείθειν

2190 1123 2272 1186 εἰς
2306 1123 2732 1192 Χριστιανισμὸν
2776 1123 3197 1192 μετατίθεσθαι,
3231 1124 3559 1194 προσέταξεν
3598 1122 3733 1176 αὑτὸν

2191 1215 2393 1282 ἐξιέναι
2424 1215 2534 1285 (98)
2565 1216 2661 1286 τῆς
2701 1215 3125 1287 Ἀλεξανδρείας.
3149 1217 3380 1270 Μένοντι
3409 1216 3465 1290 δέ
3493 1217 3547 1270 ἐν
3567 1215 3733 1286 ταύτῃ,

2195 1306 2458 1378 μεγίστας
2507 1307 2845 1378 προηγόρευε
2883 1306 3084 1378 ζημίας
3112 1323 3127 1339 ο
3163 1307 3438 1378 πρόφασιν
3488 1306 3733 1376 ἐγκλημά-

2189 1415 2297 1450 των
2321 1398 2690 1467 ποιησάμενος
2709 1437 2722 1461 ,
2745 1397 2820 1460 ὡς
2844 1398 2994 1468 παρὰ
3027 1397 3134 1450 τῶν
3169 1398 3275 1468 πρὸ
3305 1396 3469 1451 αὑτοῦ
3500 1395 3735 1466 βασιλέων

2191 1488 2413 1557 φεύγειν
2449 1488 2899 1554 καταδικασθεὶς,
2946 1489 3020 1559 μὴ
3077 1487 3403 1560 ἐπιτραπεὶς
3447 1487 3736 1541 ἀντελάϐετο

2190 1579 2284 1632 τοῦ
2337 1570 2527 1649 θρόνου
2573 1579 2672 1648 τῆς
2712 1577 3038 1647 ἐπισκοπῆς.
3072 1576 3226 1645 Μηδὲ
3259 1575 3367 1647 γὰρ
3419 1575 3737 1645 συγχωρῆσαι

2190 1669 2353 1722 αὑτὸν
2400 1670 2479 1730 εἰς
2524 1666 2625 1730 τὰς
2654 1665 2980 1734 Ἐκκλησίας
3009 1665 3234 1717 κάθοδον
3254 1704 3269 1728 ,
3303 1666 3415 1726 τοῖς
3446 1663 3589 1733 παρὰ
3607 1663 3729 1713 Κων-

2194 1762 2441 1814 σταντίου
2500 1757 2951 1828 φυγαδευθεῖσιν,
2984 1755 3099 1809 ἀλλ’
3145 1757 3224 1818 εἰς
3272 1754 3531 1825 πατρίδας
3578 1753 3736 1822 μόνον.

2187 1853 2287 1906 Διὰ
2313 1853 2473 1907 τοῦτο
2503 1852 2559 1904 δὲ
2579 1851 2639 1904 τὸ
2661 1851 2922 1921 βασιλέως
2949 1851 3276 1921 πρόσταγμα
3305 1847 3514 1918 μέλλων
3540 1845 3737 1914 φεύγειν

2187 1944 2595 2015 δεδακρυμένην
2634 1941 2756 1996 ἰδὼν
2788 1940 2926 2011 ἀμφ’
2969 1940 3129 1993 αὐτὸν
3157 1941 3256 2009 τὴν
3287 1937 3398 1990 τῶν
3423 1932 3738 2008 Χριστιανῶν

2187 2031 2431 2102 πληθὺν,
2469 2031 2736 2102 Θαρρεῖτε
2762 2071 2777 2097 ,
2818 2029 2922 2100 ἐφη
2947 2046 2961 2061 ·
3006 2027 3291 2098 νεφύδριον
3336 2027 3447 2097 γάρ
3483 2027 3624 2087 ἐστι,
3658 2023 3738 2075 καὶ

2187 2123 2378 2176 θᾶττον
2408 2121 2827 2194 παρελεύσεται·
2862 2119 2958 2173 καὶ¹
2985 2117 3144 2171 τοῦτο
3176 2115 3370 2180 εἰπὼν,
3399 2112 3704 2178 συνετάξατο
3723 2127 3734 2140 ·

2187 2213 2421 2276 καὶτοῖς
2481 2211 2913 2282 σπουδαιοτέροις
2961 2209 3069 2262 τῶν
3113 2209 3280 2278 φίλων
3323 2208 3424 2280 τὴν
3443 2203 3736 2276 Ἐκκλησίαν

2188 2304 2596 2376 παραθέμενος,
2626 2301 2817 2374 ἐξῆλθε
2839 2304 2938 2374 τῆς
2983 2300 3379 2371 Ἀλεξανδρέων
3410 2298 3626 2360 πόλεως.
3662 2295 3738 2348 Ἐν

2186 2400 2362 2470 τούτῳ
2389 2397 2445 2451 δὲ
2471 2395 2794 2466 Κυζικηνῶν
2840 2393 3338 2466 πρεσϐευσαμένων
3381 2392 3515 2466 πρὸς
3542 2387 3737 2460 βασιλέα

2187 2491 2320 2561 περὶ
2377 2488 2593 2542 οἰκείων
2639 2486 2981 2557 πραγμάτων
3007 2524 3022 2550 ,
3066 2486 3163 2539 καὶ
3204 2485 3302 2556 τῆς
3343 2481 3738 2554 ἐπανορθώσεως

2185 2579 2295 2634 τῶν
2336 2577 2662 2648 Ἑλληνικῶν
2693 2577 2840 2630 ναῶν
2866 2615 2881 2641 ,
2926 2576 3221 2639 ἐπαινέσας
3282 2573 3481 2644 αὐτοὺς
3508 2572 3602 2642 τῆς
3630 2571 3738 2641 περὶ

2186 2670 2256 2724 τὰ
2281 2669 2398 2742 ἱερὰ
2430 2669 2715 2741 προνοίας,
2741 2667 2917 2721 πάντα
2937 2667 3212 2738 παρέσχεν
3233 2658 3419 2738 ὧνπερ
3446 2663 3734 2735 ἐδέησε(99).

2187 2761 2300 2814 Καὶ
2342 2760 2611 2813 Ἐλεύσιον
2657 2759 2714 2812 δὲ
2760 2759 2851 2814 τὸν
2893 2759 3026 2830 παρ’
3071 2759 3254 2822 αὐτοῖς
3298 2758 3627 2822 ἐπίσκοπον,
3654 2753 3737 2824 τῆς

2188 2850 2398 2913 πόλεως
2429 2847 2626 2922 εἷρξεν,
2655 2849 2729 2914 ὡς
2756 2850 3140 2920 λυμηνάμενον
3160 2851 3274 2913 τοῖς
3317 2851 3468 2912 ναοῖς
3489 2888 3505 2915 ,
3531 2847 3617 2900 καὶ
3640 2846 3737 2908 τοῖς
3839 2911 3844 2915 1

2190 2937 2472 3014 τεμένεσιν
2509 2943 2868 3016 ἐνυϐρίσαντα
2889 2962 2902 2974 ·
2933 2945 3030 2999 καὶ
3067 2942 3409 3022 χηροτροφία
3437 2937 3737 2994 κατασκευά-

2193 3052 2361 3088 σαντα
2385 3077 2400 3102 ,
2437 3037 2530 3090 καὶ
2562 3035 2911 3108 παρθενῶνας
2961 3037 3122 3108 ἱερῶν
3172 3035 3458 3107 παρθένων
3498 3034 3737 3104 συστησά-

511 3123 682 3179 steria
735 3124 909 3179 sacris
951 3124 1261 3194 virginibus
1305 3128 1744 3197 construxisset;
1790 3132 2087 3202 gentilibus

2193 3145 2354 3197 μενον
2374 3168 2389 3194 ,
2424 3128 2519 3182 καὶ
2547 3129 2672 3191 τοὺς
2717 3128 3064 3198 Ἑλληνιστάς
3091 3126 3350 3180 πείθοντα
3380 3125 3486 3180 τῶν
3521 3124 3736 3194 πατρίων

511 3213 749 3282 denique
831 3214 1203 3284 persuasisset
1275 3222 1335 3268 ut
1393 3215 1668 3286 majorum
1729 3220 2089 3278 caeremonias

512 3304 766 3372 ritusque
835 3310 1277 3359 contemnerent.
1345 3304 1487 3369 Quin
1551 3308 1720 3362 etiam
1785 3311 1961 3366 vetuit
2020 3327 2091 3368 ne

512 3393 786 3463 peregrini
837 3392 1142 3448 Christiani
1181 3393 1274 3462 qui
1310 3410 1432 3448 cum
1485 3397 1580 3453 illo
1625 3407 1781 3454 erant
1814 3399 1868 3454 in
1899 3402 2087 3458 urbem

513 3483 929 3552 ingrederentur
961 3501 976 3536 :
1007 3498 1230 3538 causam
1279 3483 1424 3538 hanc
1477 3487 1766 3557 adjiciens,
1809 3491 1955 3561 quod
2003 3508 2090 3549 re-

513 3572 732 3641 ligionis
775 3588 890 3628 sua:
926 3586 1127 3640 causa,
1167 3581 1226 3628 ut
1273 3575 1574 3632 verisimile
1612 3585 1728 3644 est,
1763 3580 2085 3636 seditionem

513 3665 804 3718 excitaturi
862 3673 1083 3730 essent;
1141 3663 1423 3733 adjunctis
1478 3665 1546 3720 ad
1599 3667 1846 3738 ipsorum
1903 3681 2088 3740 partes

518 3751 852 3808 Christianis
878 3753 969 3825 qui
1002 3754 1056 3808 in
1089 3753 1309 3811 civitate
1335 3764 1515 3826 erant,
1543 3756 1798 3829 idemque
1823 3774 1948 3814 cum
1977 3761 2090 3818 illis

513 3843 581 3902 de
613 3845 722 3902 Deo
767 3848 1099 3915 sentiebant,
1135 3857 1188 3903 et
1215 3849 1451 3919 publicis
1499 3849 1793 3922 upilicibus
1838 3852 2085 3924 lanariis,

583 4004 600 4034 ί
630 3999 810 4072 Socr.,
838 4003 936 4058 lib.
962 4018 1044 4072 ιιι,
1068 4019 1119 4060 c.
1153 4003 1241 4059 14.

2187 3219 2430 3290 ἀμελεῖν.
2471 3220 2839 3292 Ἀπηγόρευσε
2883 3220 2940 3274 δὲ
2977 3221 3072 3274 καὶ
3120 3223 3233 3284 τοῖς
3273 3221 3374 3274 σὺν
3402 3219 3544 3291 αὐτῷ
3589 3219 3736 3283 ξένοις

2187 3313 2572 3382 Χριπιανοίς,
2627 3312 2702 3384 μὴ
2751 3313 3050 3368 ἐπιϐαίνειν
3114 3312 3340 3384 Κυζίκῳ
3373 3329 3387 3342 ·
3433 3313 3603 3386 αἰτίαν
3656 3311 3735 3361 ἐπ-

2187 3405 2430 3474 αγαγὼν,
2461 3404 2534 3468 ὡς
2557 3404 2724 3468 εἰκὸς,
2760 3405 2955 3468 αὐτοὺς
2987 3405 3086 3476 τῆς
3113 3405 3412 3476 θρησκείας
3449 3404 3602 3456 ἕνεκα
3629 3417 3736 3454 στα·

2191 3497 2376 3550 σιάσαι
2406 3497 2480 3566 (1)
2509 3513 2522 3526 ⁸
2567 3497 2976 3566 συναιρομένων
3013 3497 3196 3559 αὐτοῖς
3234 3497 3328 3550 καὶ
3371 3492 3736 3566 παραπλησίως

2189 3586 2319 3656 περὶ
2355 3585 2416 3638 τὸ
2439 3584 2580 3638 θεῖον
2615 3585 2955 3657 φρονούντων
2987 3585 3095 3639 τῶν
3131 3585 3238 3638 ἀπὸ
3266 3585 3369 3655 τῆς
3402 3584 3597 3646 πόλεως
3629 3582 3736 3650 Χρι-

2191 3675 2423 3729 στιανῶν
2449 3677 2542 3730 καὶ
2568 3677 2676 3730 τῶν
2702 3678 2974 3748 δημοσίων
3001 3676 3436 3748 ἐριουργῶν,κα“ι
3465 3674 3566 3728 τῶν
3584 3665 3734 3741 τεχνι-

2187 3764 2295 3818 τῶν
2347 3763 2441 3818 τοῦ
2492 3767 2856 3838 νομίσματος’
2905 3766 2953 3819 οἳ
2979 3765 3179 3836 πλῆθος
3208 3765 3391 3833 ὄντες,
3427 3765 3517 3819 καὶ
3553 3765 3625 3826 είς
3657 3760 3734 3813 δύο

2189 3857 2444 3928 τάγματα
2467 3857 2542 3927 (2)
2564 3858 2966 3930 πολυάνθρωπα
2993 3858 3499 3930 διακεκριμένοι,ἐκ
3523 3855 3734 3929 προστά-

1689 4131 1964 4191 VALESII
2003 4134 2559 4197 ANNOTATIONES.

585 4230 697 4302 (98)
722 4229 1102 4302 Hpodétué‘eaf
1125 4227 1312 4302 αὐτὸν
1337 4227 1579 4302 ἐξιέναι.
1623 4225 1812 4281 Exstat
1839 4226 2078 4302 edictum

515 4296 862 4371 iliip'2ratoris
891 4299 1093 4371 Juliani
1125 4300 1191 4371 ad
1233 4297 1806 4371 Alexandrinos,__quo
1834 4296 2078 4371 Athana-

516 4365 633 4427 sius
681 4366 906 4436 iubetur
951 4369 1280 4421 Alexandria
1331 4366 1614 4421 excedere.
1649 4365 1901 4436 Quodsi
1957 4367 2082 4436 quis

2186 4229 2632 4309 E051:o,__KuCixou
2661 4237 2766 4309 ph
2810 4237 3128 4309 ἐπιϐαίνειν
3162 4238 3288 4309 ὅσοι
3328 4238 3394 4309 δὴ
3448 4233 3732 4309 αὐτοχθονες

2186 4295 2327 4378 ἦσαν
2357 4295 2694 4378 Χριστιανοί³
2722 4295 2782 4378 το
2807 4306 2863 4359 δὲ
2885 4309 3077 4378 αἴτιον,
3107 4308 3194 4378 ἵνα
3229 4306 3328 4378 μή,
3366 4295 3515 4378 ᾧησὶν
3539 4295 3731 4378 δίᾷίξτα·

2190 4368 2426 4447 σιάζοιεν
2458 4375 2709 4447 περὶτῆς
2757 4368 3074 4447 θρησκείαςξ
3106 4368 3729 4447 τῶνέἆὲοίόιῶνκαιὸμο-

516 4435 1191 4517 eripit’legertﬁnreperiet
1218 4438 1374 4516 inter
1403 4436 1663 4517 epistolas
1690 4435 1939 4517 ejusdem
1981 4435 2086 4517 _Ju-

2192 4438 2390 4517 φύλων
2409 4435 2924 4517 σμνᾴιρομίένωνίιό
2961 4435 3078 4517 est":
3111 4445 3298 4516 Legem
3327 4447 3488 4500 etiam
3520 4435 3732 4517 iulia-tte

519 4505 670 4573 liaiii,
693 4505 843 4575 num.
870 4505 965 4575 ΞΕ,
992 4505 1080 4558 cui
1111 4505 1366 4575 subiungi
1389 4505 2086 4575 debetepistolaiejusdem

517 4578 716 4632 Juliani
748 4573 816 4628 ad
844 4573 1121 4645 Ecdicium
1158 4573 1475 4645 praefectum
1512 4573 1756 4645 ng'ypti.
1802 4573 1903 4645 Est
1941 4575 2088 4628 enim

518 4646 764 4713 ejusdem
788 4644 1119 4713 argumenti.
1157 4643 1216 4696 ln
1258 4643 1492 4712 vulgatis
1539 4643 1719 4698 tamen
1752 4643 2088 4698 editionibus

518 4718 806 4782 disiunctae
841 4715 1006 4782 longo
1045 4713 1330 4768 intervallo
1382 4713 1638 4780 leguntur
1687 4714 1771 4768 lue
1808 4714 1932 4768 dua:
1974 4713 2090 4782 epi-

518 4789 692 4843 stolae.

589 4854 703 4927 (99)
737 4846 1238 4927 'Qurtepueé‘énas.
1280 4850 1671 4927 δςιινίίιθιιιίυιιι⁸
1690 4852 1911 4927 videtur
1941 4853 2092 4927 ἐδέη-

523 4920 645 4990 σαν,
674 4934 729 4977 ιιι
765 4924 925 4978 habet
952 4920 1296 4992 Niccphorus
1322 4922 1378 4976 in
1429 4923 1606 4991 capite
1647 4921 1717 4976 20
1740 4923 1865 4976 libri
1914 4938 1968 4975 x.
2004 4920 2092 4976 ln-

520 5004 787 5066 terpretes
807 5007 938 5066 vero
980 4993 1055 5045 ita
1084 5002 1365 5066 verterunt
1400 4992 1549 5046 hunc
1576 4992 1974 5066 locum,__qnas_i
2010 4994 2089 5047 le-

521 5061 742 5133 geretur
779 5061 1096 5133 ἐδεήθησαν1
1130 5062 1313 5118 Potest
1365 5070 1548 5116 tamen
1574 5061 1845 5133 _del‘eudi7
1872 5062 2092 5133 vulgata

521 5129 685 5188 iectio
717 5133 818 5187 hoc
852 5129 1038 5186 sensu.
1071 5129 1342 5202 Julianus,
1374 5146 1497 5202 cum
1560 5130 1831 5202 Cyziceni,
1885 5129 2093 5201 legatos

523 5204 588 5256 ad
617 5218 739 5257 eum
777 5203 1060 5255 misissent
1113 5201 1179 5255 de
1248 5201 1572 5272 quibusdam
1608 5201 1888 5270 negotiis,
1938 5209 1991 5254 et
2025 5202 2091 5255 de

521 5271 922 5327 instauratione
947 5271 1296 5341 templorum,
1326 5271 1564 5341 laudavit
1587 5285 1778 5324 eorum
1837 5272 2092 5339 pietatem

525 5357 654 5409 erga
682 5341 845 5396 deos:
885 5349 941 5394 et
961 5340 1160 5395 cuneta
1189 5342 1256 5395 iis
1285 5340 1561 5396 concessit
1583 5341 1782 5409 quibus
1808 5341 1925 5408 ipse
1953 5355 2092 5408 Opus

525 5359 585 5396 er
625 5359 654 5394 a
682 5359 845 5396 neos:
885 5359 941 5394 et
961 5359 1160 5395 cuncta
1189 5359 1256 5395 ns
1285 5359 1561 5396 concessu
1583 5359 1782 5409 qlllDUS
1808 5359 1925 5408 Ipse
1953 5359 2092 5408 opus

525 5359 783 5533 haiebzlit,
817 5409 873 5532 itd
897 5418 983 5466 est
1005 5426 1122 5480 qua:
1153 5413 1220 5466 ad
1245 5411 1507 5467 falsorum
1551 5412 1835 5464 numinum
1884 5409 2094 5466 cultum

525 5489 708 5533 snecta
730 5495 816 5533 )an
847 5519 862 5533 .

525 5489 862 5535 sneclabant.

557 5496 862 5550 pectanant.

595 5550 671 5620 (1)
721 5549 1067 5605 Στασιάσαι.
1135 5549 1493 5605 Scribendum
1551 5559 1685 5620 puto
1733 5549 2090 5614 στασιάσειν,

527 5620 986 5692 quemadmodum
1013 5621 1158 5692 legit,
1181 5622 1845 5692 Cln'istophorsonus,__ut
1877 5636 1941 5692 ex
1976 5636 2093 5673 rer-

531 5693 680 5762 sione
702 5689 821 5758 éj'us
853 5689 1094 5762 apparet.
1146 5691 1222 5745 lta
1275 5689 1498 5762 quoque
1559 5689 2089 5762 legitNicephoI-us,

531 5759 623 5828 qui
657 5764 799 5816 hunc
834 5759 1121 5820 sonetneni
1153 5759 1332 5820 locum
1361 5759 1440 5819 sic
1465 5759 1762 5831 expressit:
1792 5761 1896 5813 Καὶ
1918 5761 2079 5830 νόμον

2189 4509 2303 4589 quis
2326 4509 2774 4589 Christianorum,
2804 4516 2894 4583 qui
2917 4515 3162 4589 indigena
3183 4509 3485 4589 nonnesset,
3509 4511 3730 4589 Cyztztfftlﬂ

2192 4577 2385 4633 adiret.
2415 4577 2768 4653 Causamque'
2785 4577 3181 4639 constitutionis
3203 4577 3445 4648 addidit,
3474 4577 3538 4637 ine
3553 4577 3730 4635 scilicet

2190 4657 2404 4720 propter
2431 4651 2733 4720 religionem
2757 4654 2946 4708 seditio
2986 4665 3283 4709 moveretur
3311 4671 3327 4708 :
3357 4654 3562 4707 aduenis
3589 4665 3729 4720 popu-

2194 4717 2496 4786 laribusque
2532 4717 2854 4786 eorumdem,
2873 4725 2961 4786 qui
2981 4725 3164 4778 eadem
3198 4741 3312 4778 cum
3339 4726 3415 4778 eis
3436 4717 3732 4777 sacra'cole-

2193 4798 2517 4864 renttopem
2542 4791 2652 4864 iiiis
2685 4789 2995 4864 ferentibus.
3026 4796 3104 4848 Ex
3132 4794 3200 4849 iis
3243 4802 3470 4864 apparet
3495 4789 3732 4864 Nicepho-

2193 4871 2317 4909 rum
2347 4857 2402 4911 in
2425 4859 2526 4913 hoc
2563 4857 2851 4933 Soaomenj
2880 4863 2999 4933 loco
3039 4865 3236 4933 legisse
3279 4857 3604 4933 στασιάσειν.
3630 4857 3730 4933 0%"

2194 4933 2371 4996 terum
2427 4945 2494 4984 ex
2563 4931 2754 4986 codice
2806 4927 3119 4986 Fuketiand
3145 4933 3382 4996 correxi,
3437 4931 3620 4990 αὐτοὺς
3670 4927 3731 4987 ὼς

2195 4994 2361 5072 εῑιερς.
2379 5006 2529 5072 90.,
2552 5010 2880 5072 cumantea
2903 5003 3196 5072 legeretur,
3223 5003 3299 5065 ὡς
3327 4994 3472 5064 axe;
3503 4997 3696 5072 αὐτούς.

2199 5086 2232 5122 .·
2267 5065 2344 5134 (2)
2371 5068 2473 5142 ιιξις
2499 5067 2609 5123 δύο
2636 5070 2920 5139 τάγματα.
2955 5065 3191 5142 ῐιοηειιε
3216 5081 3269 5126 et
3305 5068 3732 5142 Christopborso-

2195 5150 2303 5189 nus
2367 5137 2566 5207 classes
2610 5137 2894 5196 verterunt
2941 5159 2956 5196 :
3013 5137 3329 5207 Masculus,
3365 5137 3587 5195 ordines.
3635 5137 3731 5202 Ego

2197 5218 2429 5280 corpora
2453 5206 2800 5280 interpretari
2836 5211 3042 5265 malim.
3085 5210 3218 5266 Nam
3257 5206 3322 5265 ut
3351 5222 3572 5280 corpora
3598 5209 3731 5258 erant

2197 5275 2461 5351 pistorum
2489 5275 2614 5345 qui'
2644 5293 2810 5351 panes
2865 5281 3082 5349 publico
3115 5282 3352 5351 pendere
3406 5275 3729 5351 cegebantur.

2198 5345 2278 5398 sic
2315 5347 2498 5420 etiam_
2535 5345 2964 5420 monetariror-um
3013 5359 3070 5406 et
3111 5345 3368 5420 opiﬁcum
3402 5345 3731 5420 rlahariorum

2141 5459 2156 5490 ,ἢ
2198 5415 2626 5490 corpora_fuere
2651 5458 2665 5482 ,
2719 5419 2813 5487 qui
2866 5430 3096 5490 moneta:
3145 5415 3515 5490 autvcstium
3551 5420 3730 5468 certum

2150 5484 2167 5548 ξ
2199 5484 2496 5552 quotannis
2539 5484 2828 5542 numerum
2874 5489 3204 5558 pendebant.
3237 5486 3548 5542 Monetariis
3580 5491 3733 5558 autem

2198 5549 2428 5626 praeerat
2461 5566 2786 5626 procurator
2825 5549 3057 5613 moneta:
3085 5577 3098 5614 :
3153 5557 3387 5626 lanariis_
3414 5570 3538 5610 vero
3561 5549 3731 5621 opiﬁci-

2201 5625 2303 5678 bus
2338 5622 2664 5693 procurator
2688 5622 2936 5698 linypbii.
2966 5627 3286 5698 Hujusmodi
3313 5623 3477 5696 porro
3509 5631 3719 5698 procura

2201 5689 2354 5764 tores
2387 5705 2545 5749 erant
2577 5699 2681 5751 sub
2707 5689 3067 5764 dispositione
3090 5689 3611 5753 comitis-sacrarum
3640 5689 3730 5743 lar-

2188 5763 2479 5836 gitionum,
2515 5776 2573 5823 ut
2594 5767 2751 5826 docet
2771 5763 2976 5825 Notitia
3006 5769 3219 5835 imperii
3255 5764 3504 5823 Romani.
