4056 6326
320 396 460 456 ιτιδτ

1222 388 1555 447 illSTOlilA
1589 381 2150 445 ECCIJESIASTICA.
2187 414 2253 428 -ι
2290 385 2421 440 LIB.
2462 384 2525 440 Υ.

3443 388 3576 444 1258

320 526 531 584 γματος
559 508 665 564 τῶν
695 510 824 580 πρὶν
862 506 1125 579 βασιλέων
1158 507 1271 578 ἅμα
1296 505 1509 575 γυναιξὶ
1554 506 1649 559 καὶ
1680 503 1898 566 οἰκείοις

2014 503 2245 572 itemque
2278 499 2640 567 monetariis;
2671 514 2764 570 qut
2796 514 3024 555 numero
3073 501 3415 557 abundantes
3439 512 3493 557 ct
3523 505 3576 556 in

321 604 426 657 ἀνά
452 602 550 671 τὴν
569 599 806 663 Κύζικον
830 598 1116 669 διέτριϐον,
1139 596 1292 663 ἔτους
1312 598 1545 650 ἑκάστου
1570 595 1738 668 ῥητὴν
1765 596 1899 649 ἀπο·-

321 692 495 763 φορὰν
513 689 594 761 τῷ
610 689 854 761 δημοσίῳ
879 687 1277 753 κατατιθέντες,
1296 689 1345 741 οἱ
1372 689 1470 759 μὲν
1492 684 1899 756 στρατιωτικῶν

321 781 610 855 χλαμύδων
635 819 650 845 ,
691 781 740 834 οἱ
777 780 854 848 δὲ,
887 780 1159 851 νεουργῶν
1185 781 1554 851 νομισμάτων.
1600 778 1753 831 Ἐπεὶ
1787 778 1897 847 γὰρ

321 878 388 930 ἐκ
411 873 610 937 παντὸς
629 873 829 944 τρόπου
845 872 1059 926 δέδοκτο
1080 871 1229 943 αὐτῷ
1254 872 1517 943 συστῆσαι
1551 872 1641 925 τὸν
1672 871 1901 941 Ἑλληνι-

323 964 481 1033 σμὸν,
523 960 802 1032 βιάζεσθαι
838 962 936 1033 μὲν
966 962 998 1030 ἢ
1028 963 1385 1034 τιμωρεῖσθαι
1414 964 1541 1025 τοὺς
1570 962 1773 1033 δήμους
1824 961 1923 1030 μὴί

322 1052 578 1114 θέλοντας
600 1051 769 1116 θύειν,
809 1049 1063 1114 ἀϐουλίας
1101 1051 1402 1122 νενόμικεν.
1455 1051 1626 1122 Σχολῇ
1676 1050 1784 1122 γάρ
1834 1052 1898 1103 ἂν

322 1142 589 1195 τοσούτων
625 1142 702 1212 (5)
754 1142 874 1196 καθ’
922 1143 1160 1213 ἑκάστην
1209 1143 1362 1196 πόλιν
1412 1145 1460 1196 οἱ
1505 1143 1762 1214 ἄρχοντες
1808 1143 1899 1195 τὸν

322 1235 552 1306 ἀριθμὸν
576 1236 736 1306 μόνον
758 1234 1137 1305 ἐπεγράψαντο
1153 1253 1166 1266 ·
1192 1235 1251 1288 οὐ
1280 1235 1387 1306 μὴν
1409 1236 1529 1289 οὐδὲ
1551 1237 1787 1289 συνιέναι
1806 1239 1900 1290 καὶ

324 1326 465 1380 κατά
497 1325 723 1396 γνώμην
751 1324 1005 1397 εὔχεσθαι
1032 1325 1341 1381 διεκώλυεν.
1380 1327 1535 1399 ’ᾘδει
1566 1328 1675 1399 γάρ
1707 1329 1781 1392 ὡς
1808 1330 1902 1382 καὶ

323 1415 541 1484 ἀνάγκη
567 1414 697 1468 ποτὲ
729 1414 804 1485 (ι)
830 1416 1200 1488 κατορθωθείη
1237 1416 1304 1471 τὰ
1337 1418 1712 1489 προαιρέσεως
1748 1419 1902 1472 ἑκου-

327 1506 449 1570 σίας
481 1508 561 1569 είς
597 1505 857 1560 σύστασιν
893 1506 1141 1577 δεόμενα.
1199 1509 1339 1572 Τοὺς
1380 1508 1438 1562 δὲ
1470 1509 1765 1580 κληρικοὺς
1808 1512 1901 1564 καὶ

324 1598 452 1660 τοὺς
498 1597 843 1668 προεστῶτας
870 1599 978 1652 τῶν
1028 1599 1384 1671 Ἐκκλησιῶν,
1424 1602 1746 1658 ἀπελαύνειν
1791 1604 1902 1657 τῶν

327 1688 538 1742 πόλεων
568 1687 793 1742 ἔσπευδε
817 1706 831 1719 ο
875 1690 935 1742 τὸ
985 1690 1082 1760 μὲν
1110 1691 1307 1762 ἀληθὲς
1338 1695 1510 1746 εἰπεῖν
1529 1733 1543 1758 ,
1605 1697 1672 1765 τῇ
1696 1697 1900 1749 τούτων

325 1779 563 1851 ἀπουσίᾳ
618 1781 1136 1852 πραγματευόμενος
1177 1783 1425 1838 διαλῦσαι
1463 1786 1571 1839 τῶν
1615 1787 1758 1840 λαῶν
1800 1787 1900 1852 τάς

328 1870 612 1934 συνόδους·
676 1870 816 1924 ὥστε
856 1872 996 1944 μήτε
1039 1875 1167 1938 τοὺς
1210 1875 1699 1946 ἐκκλησιάζοντας,
1762 1881 1900 1950 μήτε

325 1960 452 2023 τοὺς
496 1959 840 2025 διδάσκοντας
876 1961 1041 2032 ἔχειν,
1097 1964 1235 2034 μήτε
1268 1967 1581 2038 μυστηρίων
1626 1968 1903 2039 μεταλαμ-

326 2050 532 2115 ϐάνειν,
557 2052 652 2104 καὶ
681 2051 761 2122 τῷ
792 2051 970 2122 πολλῷ
996 2054 1174 2124 χρόνῳ
1205 2057 1465 2126 ἐμπεσεῖν
1503 2059 1582 2122 είς
1615 2058 1783 2130 λήθην
1805 2060 1903 2129 τῆς

325 2142 532 2205 οἰκείας
558 2142 877 2214 θρησκείας.
933 2145 1306 2215 Σκεπτόμενος
1337 2147 1392 2200 δὲ
1427 2148 1505 2219 (5)
1539 2150 1615 2213 ὼς
1640 2153 1689 2204 oi
1716 2151 1906 2222 κληρι-

326 2235 415 2287 κίοι
440 2236 521 2297 εἰς
552 2234 829 2291 διάστασιν
855 2236 923 2289 τά
948 2237 1129 2309 πλήθη
1162 2239 1407 2306 ἄγουσιν,
1447 2241 1620 2305 οὕτως
1658 2239 1751 2298 οὖν
1780 2234 1904 2298 οὔτε

330 2330 569 2393 στάσεως
614 2330 932 2401 γενομένης,
964 2330 1087 2384 οὔτε
1139 2331 1383 2399 γίνεσθαι
1430 2334 1902 2405 προσδοκωμένης,

327 2420 531 2486 ἐξιέναι
575 2420 816 2484 Κυζίκου
855 2422 945 2477 τὸν
999 2421 1272 2478 Ἐλεύσιον
1315 2427 1408 2478 καὶ
1446 2427 1571 2489 τοὺς
1618 2429 1713 2480 σὺν
1758 2426 1906 2495 αὐτῷ

327 2511 651 2583 ⁴προσέταξε.
703 2514 1043 2584 Βοστρηνοὺς
1080 2514 1137 2568 δὲ
1176 2515 1253 2585 (6)
1308 2516 1552 2588 δημοσίῳ
1592 2518 1906 2588 κηρύγματι

332 2604 714 2674 προύτρέψατο
750 2603 937 2671 διῶξαι
980 2606 1079 2676 τῆς
1127 2606 1306 2660 αὐτῶν
1358 2607 1564 2671 πόλεως
1611 2607 1767 2663 Τῖτον
1817 2610 1908 2661 τὸν

326 2695 450 2749 τότε
466 2698 564 2766 τῆς
596 2695 777 2750 ἐνθάδε
823 2696 1148 2767 Ἐκκλησίας
1174 2700 1491 2754 ἐπίσκοπον.
1526 2699 1611 2763 Ὠς
1628 2701 1733 2771 γάρ
1754 2703 1910 2769 ἠπεί-

328 2788 516 2859 λησεν,
576 2788 736 2842 αὐτὸν
779 2789 874 2843 καὶ
897 2790 1020 2854 τοὺς
1054 2790 1345 2860 κληρικοὺς
1391 2795 1447 2845 ὲν
1480 2792 1630 2863 αἰτίᾳ
1666 2794 1909 2863 ποιήσειν

328 2880 379 2932 εἰ
412 2879 702 2933 στασιάσαι
725 2879 785 2933 τὺ
807 2880 1031 2952 πλῆθος,
1056 2881 1258 2952 βιϐλίον
1289 2884 1424 2953 πρὸς
1445 2883 1668 2952 βασιλέα
1687 2884 1912 2956 διειτέιιο.⁴

327 2972 470 3039 eam
496 2972 673 3036 Τῖτος,
728 2972 821 3026 καὶ
853 2973 1255 3045 διεμαρτύρατο
1290 2977 1584 3046 ἐφάμιλλον
1626 2978 1725 3049 μὲν
1769 2975 1910 3035 εἶναι

326 3057 408 3126 τῷ
445 3057 739 3130 Ἑλληνικῷ
769 3060 963 3130 πλήθει
1012 3062 1073 3115 τὸ
1108 3064 1525 3135 Χριστιανικόν·
1583 3069 1809 3139 ἠρεμεῖν
1853 3070 1910 3123 δὲ

2001 594 2139 650 duas
2182 608 2515 652 numerosas
2553 594 2821 650 cohortes
2865 594 3169 659 distributi,
3196 609 3261 649 ex
3308 606 3580 667 praecepto

2001 685 2351 756 superiorum
2391 686 2726 756 principum,
2756 685 3015 757 Cyzicum
3053 699 3176 741 cum
3223 686 3488 743 uxoribus
3516 703 3580 742 ae

2000 774 2323 834 domesticis
2348 779 2694 842 incolebant,
2717 788 2923 834 certam
2956 779 3254 849 quotannis
3271 780 3429 850 201
3454 794 3584 851 pen-

2002 870 2215 926 sionem
2274 870 2411 927 tisco
2472 872 2808 939 inferentes;
2876 870 2953 925 illi
2993 878 3200 927 vestem
3261 872 3577 937 militarem,

2004 963 2056 1017 hi
2091 978 2348 1018 nummos
2382 978 2577 1019 recens
2607 977 2792 1018 cusos.
2823 960 2956 1016 Nam
3001 977 3126 1018 cum
3157 963 3443 1034 gentilium
3483 979 3581 1019 su-

2002 1051 2379 1122 perstitionem
2415 1052 2677 1108 omnibus
2706 1051 2887 1109 modis
2924 1052 3175 1109 stabilire
3220 1053 3578 1120 instituisset,

2002 1157 2201 1213 cogere
2253 1142 2473 1213 quidem
2510 1158 2575 1198 ac
2611 1144 2882 1214 supplicio
2931 1143 3147 1200 allicere
3189 1145 3442 1202 homines
3488 1149 3576 1218 qui

2003 1234 2318 1289 sacriﬁcare
2345 1234 2573 1302 nollent,
2596 1249 2823 1291 summa;
2845 1235 3232 1305 imprudentiae
3250 1252 3376 1294 esse
3396 1238 3582 1295 existi-

2003 1324 2191 1379 mavit.
2223 1323 2392 1396 Ᾱῖιειιο
2427 1324 2699 1395 siquidem
2733 1326 2790 1380 in
2833 1326 3068 1396 singulis
3099 1326 3419 1384 civitatibus
3466 1344 3583 1383 ma-

2000 1414 2264 1485 gistratus
2327 1429 2392 1470 ac
2438 1415 2654 1485 iudices
2712 1430 2908 1471 eorum
2973 1432 3266 1475 numerum
3322 1418 3463 1475 inire
3519 1434 3584 1473 ac

2003 1505 2318 1561 describere
2382 1508 2716 1574 potuissent.
2778 1504 2885 1562 Sed
2939 1522 3119 1577 neque
3165 1524 3262 1565 eos
3309 1509 3367 1563 in
3408 1525 3582 1565 unum

2002 1596 2303 1652 convenire
2336 1604 2391 1651 et
2418 1611 2520 1667 pro
2551 1596 2787 1654 arbitrio
2820 1612 3011 1667 preces
3053 1598 3236 1656 facere
3275 1600 3580 1671 prohibuit.

2001 1686 2242 1744 Noverat
2284 1690 2488 1759 quippe
2526 1688 2637 1742 vim
2677 1702 2742 1744 ac
2779 1689 3166 1747 necessitatem
3197 1694 3274 1749 nil
3307 1694 3490 1750 valere
3529 1695 3582 1748 in

2005 1781 2073 1837 iis
2115 1781 2284 1838 rebus
2336 1796 2460 1852 quae
2515 1781 2689 1837 libera
2727 1781 3017 1839 voluntate
3068 1798 3217 1853 opus
3270 1785 3478 1840 habent
3526 1794 3587 1840 ut

2005 1874 2335 1930 consistant.
2365 1874 2616 1931 Clericos
2648 1890 2782 1930 vero
2808 1882 2865 1931 et
2891 1874 3267 1932 Ecclesiarum
3305 1878 3587 1934 antistites

2007 1964 2333 2020 civitatibus
2361 1964 2491 2035 ejici
2532 1966 2750 2020 curavit
2779 1985 2792 2021 :
2827 1982 2887 2023 re
2916 1967 3036 2037 ipsa
3075 1967 3300 2038 quidem
3330 1968 3584 2029 studens.

2008 2065 2069 2110 ut
2119 2056 2352 2111 istorum
2412 2056 2663 2112 absentia
2718 2065 3027 2114 conventus
3076 2059 3255 2129 plebis
3307 2061 3584 2128 aboleret,

2007 2146 2137 2202 dum
2170 2162 2333 2202 nemo
2367 2154 2516 2203 esset
2546 2149 2638 2218 qui
2684 2163 2809 2203 eam
2840 2149 3126 2221 colligeret
3156 2164 3222 2206 ac
3253 2151 3499 2218 doceret,
3529 2165 3586 2207 et

2006 2240 2099 2307 qui
2161 2244 2511 2293 sacramenta
2574 2235 3016 2303 administraret,
3065 2238 3139 2293 ita
3190 2249 3250 2294 ut
3288 2255 3586 2312 progressu

2009 2331 2277 2398 temporis
2306 2329 2361 2382 in
2395 2328 2730 2384 oblivionem
2766 2329 3052 2400 religionis
3086 2345 3202 2386 suae
3227 2331 3585 2402 prolaberen-

2010 2430 2117 2475 tur.
2156 2420 2392 2475 Causam
2442 2435 2574 2475 vero
2618 2418 2762 2473 hanc
2822 2420 3150 2489 praetexens,
3204 2424 3351 2493 quod
3395 2425 3584 2480 clerici

2009 2512 2389 2568 dissensiones
2444 2513 2500 2564 in
2557 2511 2759 2582 populo
2815 2513 3145 2573 excitarent.
3202 2517 3306 2570 hac
3362 2519 3582 2573 ratione

2010 2601 2294 2655 Eleusium
2343 2609 2761 2671 sectatoresque
2804 2602 2930 2671 (jus
2978 2605 3114 2659 urbe
3151 2603 3351 2676 Cyzico
3385 2610 3588 2681 exegit,

2011 2707 2135 2746 cum
2177 2700 2362 2748 tamen
2393 2708 2495 2748 nec
2527 2693 2728 2750 seditio
2762 2695 2874 2748 ulla
2906 2694 3085 2762 ﬁeret,
3117 2712 3219 2752 nec
3254 2697 3435 2753 futura
3467 2716 3592 2756 esse

2011 2786 2351 2841 crederetur.
2409 2786 2713 2843 Bostrenos
2777 2800 2997 2857 quoque
3052 2789 3308 2845 hortatus
3361 2802 3473 2853 est,
3532 2800 3593 2845 ut

2013 2876 2198 2933 Titum
2241 2879 2364 2949 ejus
2410 2878 2517 2933 loci
2571 2879 2892 2949 epise0pum
2940 2879 3047 2934 sub
3096 2879 3274 2950 elogio
3319 2883 3592 2951 praeconis

2014 2972 2302 3042 ejicerent.
2360 2970 2499 3025 Nam
2555 2985 2682 3025 cum
2749 2973 2991 3027 minatus
3044 2980 3194 3026 esset
3255 2973 3472 3041 culpam
3532 2990 3593 3027 se

2014 3081 2232 3121 omnem
2279 3063 2662 3135 conjecturam
2704 3065 2760 3119 in
2807 3064 2960 3119 illum
2986 3072 3045 3119 et
3073 3065 3130 3118 in
3160 3064 3400 3119 clericos
3446 3065 3591 3135 ejus,

327 3147 507 3210 τοῦτο,
534 3150 627 3204 καὶ⁵
653 3154 774 3216 ταῖς
808 3152 972 3207 αὐτοῦ
1003 3156 1391 3225 παραινέσεσιν
1422 3159 1708 3230 ἀγόμενον,
1743 3163 1908 3232 μηδὲν

2014 3159 2061 3211 si
2116 3158 2270 3227 plebs
2322 3159 2653 3229 seditionem
2709 3166 2979 3223 moveret,
3011 3155 3171 3213 Titus
3223 3157 3473 3212 libellum
3524 3161 3591 3211 ad

329 3241 627 3304 στασιῶῐες
675 3244 893 3299 ἐννοεῖν.
970 3245 1064 3299 Ἐκ
1110 3247 1365 3302 τοιούτων
1410 3249 1466 3302 δὲ
1516 3252 1777 3321 ῥημάτων
1829 3255 1908 3318 εἰς

329 3332 533 3403 ἔχθραν
580 3336 918 3407 καταστῆσαι
970 3339 1046 3409 τῷ
1095 3340 1339 3412 δημοσίῳ
1396 3344 1488 3396 τὸν
1537 3346 1692 3399 Τῖτον
1743 3364 1911 3400 κατα-

330 3424 637 3490 σκευάζων,
682 3426 911 3497 γράφων
944 3430 1268 3503 Βοστρηνοῖς
1309 3434 1554 3488 διέϐαλεν
1603 3438 1788 3501 αὐτὸν,
1837 3440 1912 3504 ὡς

329 3519 638 3589 κατήγορον
663 3519 758 3572 τοῦ
788 3520 1025 3592 πλήθους
1063 3527 1445 3596 γεγενημένον’
1487 3523 1575 3582 οἷα
1606 3529 1669 3601 δὴ
1703 3531 1778 3602 μὴ
1806 3532 1913 3585 ἀπὸ

329 3608 558 3679 γνώμης
599 3612 826 3677 οἰκείας,
869 3613 957 3668 διὰ
994 3615 1051 3668 δὲ
1093 3616 1193 3679 τὰς
1229 3618 1394 3672 αὑτοῦ
1443 3621 1797 3692 παραινέσεις
1839 3623 1914 3694 μὴ

332 3703 725 3768 στασιάζοντας
748 3721 761 3736 ·
791 3707 886 3759 καὶ
909 3707 989 3770 ὡς
1023 3707 1260 3779 δυσμενῆ
1277 3710 1603 3764 ἀπελαύνειν
1636 3713 1796 3766 αὐτὸν
1815 3715 1913 3776 τῆς

331 3793 563 3862 πόλεως,
616 3796 851 3851 ἀνεκίνει
882 3798 974 3851 τὸν
1017 3799 1206 3869 δῆμον.
1268 3801 1503 3856 Τοιαῦτα
1536 3804 1591 3856 δὲ
1622 3804 1788 3858 πολλὰ
1819 3808 1914 3858 καὶ

332 3883 597 3954 ἀλλαχόσε
632 3887 903 3958 συμϐῆναι
940 3889 1117 3952 εἰκός·
1165 3890 1233 3944 τὰ
1265 3891 1383 3960 μὲν,
1419 3893 1557 3946 κατὰ
1587 3895 1914 3965 πρόσταγμα

331 3974 429 4029 τοῦ
461 3975 755 4046 βασιλέωςο
796 3978 867 4033 τὰ
906 3980 984 4041 δὲ,
1039 3982 1097 4047 ἐξ
1131 3982 1300 4052 ὀργῆς
1329 3984 1422 4037 καὶ
1464 3986 1791 4055 προπετείας
1821 3987 1914 4057 δή·

336 4083 455 4136 μων
480 4084 495 4126 τ
528 4071 614 4139 ἐφ’
639 4067 720 4134 οἷς
753 4070 848 4124 καὶ
875 4071 1046 4135 οὕτως
1075 4071 1151 4142 τῷ
1179 4073 1469 4144 κρατοῦντι
1493 4076 1590 4147 τὴν
1628 4077 1803 4131 αἰτίαν
1831 4095 1915 4141 τις

335 4157 597 4237 ἀναθήσει
626 4161 733 4213 τῶν
778 4163 1156 4233 γεγενημένων
1178 4182 1189 4194 ³
1232 4164 1293 4216 ού
1323 4165 1431 4235 γάρ
1464 4166 1647 4235 ὑπῆγε
1690 4172 1802 4232 τοῖς
1831 4170 1917 4222 νό-

340 4267 463 4319 μοις
491 4252 617 4315 τοὺς
648 4244 750 4306 ὧδε
788 4255 1266 4325 παρανομοῦντας·
1318 4256 1452 4310 ἀλλά
1487 4258 1737 4331 μίσειτῷ
1779 4260 1914 4331 πρὸς

335 4345 438 4415 τὴν
496 4344 828 4416 Θρησκείαν,
886 4348 1191 4418 μέμφεσθαι
1251 4349 1425 4417 λόγοις
1485 4350 1678 4417 δοκῶν,
1733 4353 1915 4424 ἔργοις

337 4435 715 4508 προύτρέπετο
751 4440 878 4502 τοὺς
905 4439 973 4493 τά
1004 4440 1227 4493 τοιαῦτα
1262 4439 1506 4510 δρῶντας
1532 4459 1552 4501 ·,
1579 4442 1698 4496 ὅθεν
1724 4446 1818 4497 καὶ
1840 4445 1913 4513 μὴ

2018 3252 2323 3321 principem
2359 3251 2547 3316 misit,
2595 3255 2942 3318 testatusque
2974 3256 3060 3303 est
3088 3247 3438 3304 Christianos
3476 3249 3594 3319 ple-

2019 3343 2143 3397 hem
2174 3342 2460 3412 gentilium
2485 3355 2721 3395 numero
2742 3339 3034 3408 adrequare
3056 3358 3068 3394 :
3089 3339 3379 3409 quiescere
3407 3349 3593 3393 tamen

2020 3436 2145 3490 illos
2178 3443 2232 3489 et
2281 3432 2766 3489 cohortationibus
2803 3433 2921 3486 suis
2967 3431 3414 3502 obtemperantes
3457 3432 3594 3486 nihil

2020 3527 2342 3582 seditiosum
2390 3526 2596 3579 moliri.
2626 3523 2703 3578 Ex
2738 3523 2942 3594 quibus
2986 3523 3173 3581 verbis
3221 3524 3408 3579 Titum
3452 3526 3595 3596 plebi

2022 3619 2260 3674 invisum
2310 3617 2543 3671 reddere
2593 3616 2825 3686 cupiens
2880 3617 3208 3686 imperator,
3261 3616 3315 3670 in
3362 3618 3599 3687 cpistola

2022 3723 2188 3776 quam
2220 3707 2445 3775 scripsit
2472 3705 2780 3770 Bostrenis,
2806 3721 2932 3760 eum
2961 3704 3305 3760 insimulavit
3333 3714 3599 3776 tanquam

2021 3800 2482 3855 calumniatorem
2527 3798 2806 3863 civitatis,
2851 3797 3002 3868 quod
3051 3797 3267 3852 dixerat
3315 3798 3440 3852 illos
3489 3815 3599 3853 non

2022 3909 2121 3948 sua
2153 3899 2370 3962 sponte,
2403 3891 2497 3947 sed
2527 3890 2705 3959 ipsius
2733 3891 2954 3944 hortatu
2983 3904 3014 3944 a
3040 3889 3411 3945 seditionibus
3437 3890 3602 3944 absti-

2023 3998 2173 4044 nere,
2202 3981 2528 4051 plebemque
2556 3978 2808 4034 incitavit
2835 3987 2894 4031 ut
2916 3978 3069 4032 illum
3094 3983 3357 4047 tanquam
3385 3977 3598 4032 hostem

2024 4073 2305 4143 publicum
2355 4085 2385 4124 e
2434 4068 2658 4122 civitate
2709 4082 2809 4122 sua
2863 4067 3224 4136 expellerent.
3270 4064 3600 4132 liujusmodi

2024 4164 2196 4218 multa
2249 4160 2383 4215 alibi
2438 4172 2660 4229 quoque
2711 4156 3017 4226 contigisse
3076 4171 3213 4211 vero
3266 4155 3447 4211 simile
3490 4164 3600 4222 est,

2024 4252 2222 4324 partim
2270 4267 2335 4305 ex
2371 4247 2723 4319 imperatoris
2759 4247 3038 4311 mandato,
3072 4246 3270 4316 partim
3300 4243 3503 4315 impetu
3534 4260 3598 4299 ac

2022 4345 2335 4400 temeritate
2394 4340 2564 4411 vulgi.
2613 4339 2857 4406 Quorum
2919 4337 3166 4393 omnium
3208 4335 3426 4407 culpam
3484 4351 3599 4390 me-

2025 4441 2133 4493 rito
2177 4437 2305 4509 quis
2353 4432 2674 4505 imperatori
2721 4430 3064 4500 ascripserit.
3120 4428 3311 4500 Neque
3354 4427 3498 4483 enim
3531 4443 3598 4481 ex

335 4525 625 4589 διώκοντος
649 4530 838 4596 αὑτοῦ,
888 4531 1027 4584 κατὰ
1056 4531 1237 4595 πόλεις
1259 4533 1354 4587 καὶ
1392 4532 1583 4603 κώμας
1611 4534 1838 4604 ἔφευγον
1870 4538 1911 4589 οἱ

2025 4536 2204 4604 legum
2248 4530 2572 4602 praescripto
2614 4524 3005 4581 animadvertit
3036 4525 3090 4578 in
3133 4538 3230 4579 eos
3272 4522 3367 4592 qui
3407 4520 3601 4591 hujus-

1541 4692 1810 4748 VALESH
1843 4687 2399 4751 ANNOTATIONES.

410 4844 491 4928 ('5)
521 4845 723 4928 Σχοξίῇ
750 4846 859 4915 γὰρ
891 4845 967 4900 ἂν
997 4849 1315 4928 τοσούτων.
1353 4847 1718 4928 §crlb_endum
1783 4861 1913 4920 puto
1952 4886 1957 4891 -

340 4918 547 4968 τούτων
584 4918 762 4983 potius
815 4931 979 4986 quam
1011 4918 1300 4974 τοσούτων.
1350 4919 1613 4976 Euntdetn
1671 4918 1914 4976 errorem

341 4986 600 5052 superius
640 4987 844 5040 notavi.

417 5054 494 5129 (5)
533 5055 628 5129 ᾮς
655 5056 889 5129 ἀνάγκη
916 5057 1079 5112 ποτέ.
1106 5057 1395 5113 Assentior
1417 5059 1919 5129 Christopltorsono

342 5134 399 5178 et
428 5122 655 5199 S_avilio,
681 5122 1123 5199 qui'particulam
1160 5131 1468 5199 negativam
1522 5122 1776 5199 supplent
1816 5132 1921 5185 hoc

344 5195 533 5271 modo,
563 5196 638 5258 ὡς
659 5197 764 5271 οὐκ
790 5198 1002 5271 άνάγκη
1032 5198 1194 5271 ποτε,
1236 5195 1418 5271 Ἀιίιιιε
1475 5200 1550 5254 ita
1586 5195 1714 5271 legit
1767 5200 1924 5257 Nice-

344 5265 555 5335 phorus
578 5273 631 5320 et
659 5265 999 5335 Epiphanius
1028 5265 1428 5325 Scholastie'us.

416 5333 496 5405 (5)
531 5333 939 5408 Σκεᾳτόλιενος
975 5337 1061 5393 δέ.
1097 5338 1457 5393 Scribendum
1511 5342 1702 5408 procul
1757 5341 1925 5396 dubio

345 5411 436 5457 est
460 5406 859 5477 σκηπτόμενος,
903 5408 1363 5477 quemadmodum
1424 5406 1661 5466 Savilius
1712 5412 1766 5465 in
1824 5427 1926 5465 suo

346 5475 540 5529 codice
576 5475 1232 5552 etnendarat.‘Distinguit
1259 5479 1402 5552 enim
1430 5478 1767 5552 Sozomenus
1790 5497 1928 5552 prae.

347 5553 558 5618 textum
588 5561 697 5614 quo
720 5547 977 5602 utebatur
1007 5547 1258 5604 Julianus
1288 5549 1341 5602 in
1380 5549 1649 5618 pellendis
1684 5567 1751 5605 ex
1790 5547 1925 5605 urbe

348 5614 589 5690 clericis,
609 5631 638 5668 a
657 5631 780 5670 vera
801 5632 1113 5690 causaqua‘.
1136 5619 1285 5672 illum
1311 5614 1454 5673 ad'id
1469 5619 1788 5690 iaciendum
1811 5623 1926 5690 pcl-

349 5683 517 5760 lchat.
640 5700 821 5740 veram
853 5683 1072 5760 quidem
1102 5703 1321 5760 causam
1354 5690 1429 5743 ait
1462 5688 1653 5751 fuisse,
1685 5698 1739 5742 ut
1768 5683 1923 5760 plebs

349 5753 750 5826 doctoribusae
762 5753 1140 5812 sacerdotibus
1157 5758 1700 5826 destitutamaulatim
1723 5753 1928 5812 in'obli-

349 5824 571 5880 vionc‘m
602 5825 876 5892 religionis
901 5844 1011 5881 sua:
1038 5828 1399 5883 delaberetur.
1435 5824 1758 5883 l’ra'tcxttttn
1794 5845 1923 5885 vero

686 5918 950 5980 Ριιτιιυι..
997 5924 1091 5982 Gn
1152 5923 1374 5982 LXVII.

2020 4854 2166 4908 hunc
2199 4850 2366 4906 fuisse
2391 4849 2548 4913 dicit,
2580 4845 2723 4917 quod
2759 4841 3177 4917 clericiplebetn
3210 4839 3275 4917 ad
3302 4841 3601 4917 seditiones

2020 4925 2300 4979 concitare
2346 4920 2489 4975 soliti
2526 4911 2732 4972 essent.
2773 4913 2896 4968 Πιοο
2951 4913 3074 4966 ideo
3116 4911 3293 4964 fusius
3345 4915 3598 4980 exposui,

2023 4995 2153 5064 quia
2180 4995 2507 5060 interpretes
2536 4990 2588 5042 in
2618 4987 2781 5064 hujus
2810 4983 3187 5064 lociversioue
3221 4982 3378 5049 longe
3412 4996 3440 5033 a
3475 4997 3601 5064 \r'fl't:

2024 5051 2372 5122 aberrarunt.
2440 5074 2503 5113 ac
2563 5051 2835 5128 praecipue
2881 5051 3437 5128 Christophorsouns.
3495 5051 3599 5128 Sed

2026 5147 2204 5203 neque
2228 5121 2578 5203 Nice’pltorus:
2601 5121 2783 5203 veram
2815 5122 3124 5203 hujus-loci
3158 5121 3443 5203 lectionem
3481 5123 3601 5171 ani-

2029 5191 2320 5258 madvertit
2354 5191 2377 5254 ς’
2404 5198 2620 5251 σκοπῶν
2668 5196 2812 5250 enim
2854 5194 3037 5263 posuit
3075 5206 3174 5263 pro
3213 5191 3597 5263 σκεπτόμενος.

2028 5274 2303 5343 lnterpres
2327 5281 2507 5323 tamen
2544 5265 2830 5343 Nicephori
2850 5262 3038 5343 verum
3062 5262 3224 5331 hujus
3255 5262 3354 5343 loci
3380 5274 3600 5343 sensum

2030 5330 2293 5399 odoratus
2315 5348 2399 5395 est
2429 5356 2443 5392 :
2483 5346 2538 5392 et
2563 5330 2707 5408 quod
2733 5333 3071 5408 Nicephorus
3103 5348 3211 5388 non
3239 5330 3468 5395 viderat,
3489 5330 3603 5395 ipse

2032 5410 2479 5482 interpretatione
2520 5406 2946 5484 suas-opplevit.
3150 5472 3180 5484 γ’
3260 5470 3271 5482 ,
3381 5464 3569 5484 ΜΛΔ-ε

2105 5473 2194 5549 (6)
2212 5478 2596 5549 Βοστρηνοὺς
2624 5476 2709 5531 δέ.
2746 5473 2868 5549 Haec
2897 5473 3220 5529 constitutio
3244 5473 3602 5549 imperatoris

2033 5538 2236 5609 Juliani
2294 5538 2736 5605 ad'Bostrenses
2791 5547 2978 5618 missa.
3017 5538 3403 5618 etstatuhodie
3458 5538 3604 5618 iutff

2037 5600 2799 5693 ltlp'istolas—"Juliani,linum.
2838 5600 3072 5693 52,—;llbi
3133 5600 3603 5693 {t_tli_al_ltl_8_=jt:'f§‘f

2035 5680 2151 5763 ipsa
2180 5680 2587 5763 refertquibus
2612 5703 2746 5763 usus
2779 5694 2897 5739 erat
2924 5681 3096 5763 .Titus
3151 5680 3460 5730 Bostrcnsts
3487 5682 3603 5734 ept-

2035 5754 2237 5833 s'coptts
2271 5762 2326 5815 in
2356 5754 2533 5815 libello
2561 5758 2624 5811 ad
2660 5758 2835 5826 ipsum
2866 5754 3053 5807 misso.

3057 5903 3128 5961 40
