4056 6326
374 371 514 426 1273

1320 362 1641 421 HISTORIA
1670 361 2224 421 ECtiLESIASTlCA.
2267 395 2334 405 -—
2366 362 2494 418 LIB.
2538 363 2601 417 γ.

3474 363 3618 418 ΗἹδ

372 487 499 543 θων,
523 483 865 554 Χριστιανοίς
900 480 957 535 δὲ
985 480 1259 535 κάνταῦθα
1286 482 1487 551 ὁμοίως
1510 482 1728 553 ἐχρῆτο,
1756 483 1849 535 καὶ
1884 480 1944 533 τὸ

2055 479 2154 537 Sed
2204 481 2370 535 animi
2413 489 2550 536 aestu
2584 484 2812 549 repente
2842 483 3086 538 mutato,
3117 474 3301 529 verbis
3348 475 3618 532 duntaxat

381 574 690 646 Ἑλληνικὸν
739 572 1027 645 κρατύνειν
1088 572 1436 637 ἐσπούδαζεν.
1497 567 1599 627 Οία
1640 572 1771 642 γοῦν
1826 574 1946 627 τότε

373 667 571 736 συνέϐη
620 665 749 734 περὶ
793 666 892 735 τὴν
933 664 1108 735 θήκην
1151 663 1369 719 Βαϐύλα
1402 663 1496 717 τοῦ
1529 664 1822 736 μάρτυρος,
1855 665 1949 717 καὶ

368 758 447 827 τῷ
479 759 536 810 ἐν
584 757 769 827 Δάφνῃ
810 755 923 826 ναῶ
954 755 1050 808 τοῦ
1088 755 1437 819 Ἀπόλλωνος,
1471 754 1620 820 ἀξιον
1664 756 1951 826 ἀφηγήσα-

374 846 516 897 σθαι.
556 845 829 914 ’Λρχομαι
851 844 908 896 δὲ
936 843 1205 897 ἐντεῦθεν·
1243 844 1426 913 Δάφνη
1466 842 1525 896 τὸ
1554 842 1821 914 ἐπίσημον
1849 844 1950 914 τῆς

385 934 710 1004 Ἀντιοχείας
740 934 1080 1004 προάστειον,
1114 934 1259 1005 κομᾷ
1290 934 1386 1005 μὲν
1414 934 1564 989 dicet
1596 935 1951 1005 κυπαρίσσων

370 1024 610 1080 πολλῶν·
639 1026 970 1080 ποικίλλεται
1001 1025 1059 1078 δέ
1096 1027 1191 1078 καὶ
1229 1029 1336 1089 τοῖς
1369 1026 1548 1090 ἀλλοις
1586 1028 1776 1095 φυτοῖς
1818 1027 1952 1081 ἀνα-

376 1117 467 1187 μὶξ
500 1118 617 1181 ταῖς
643 1117 1021 1187 κυπαρίσσοις.
1059 1117 1196 1170 Ὑπὸ
1223 1118 1280 1170 δέ
1324 1119 1437 1182 τοῖς
1467 1118 1761 1188 δένδρεσιν,
1792 1118 1952 1188 ἀμοι-

371 1209 532 1262 ϐαδὸν
553 1207 661 1262 τῶν
682 1209 841 1279 ὡρῶν
877 1208 1053 1279 εὐώδη
1092 1209 1186 1263 καὶ
1217 1210 1533 1263 παντοδαπά
1568 1211 1683 1282 εῐδη
1711 1210 1888 1266 ἀνθῶν
1917 1214 1951 1281 ἠ

372 1299 443 1369 γῆ
474 1299 648 1369 φέρει.
690 1297 889 1369 Ὀροφὴ
936 1296 994 1350 δέ
1038 1314 1123 1360 τις
1171 1297 1391 1367 μᾶλλον,
1427 1297 1459 1369 ἥ
1506 1298 1634 1352 σκιά
1677 1297 1951 1369 πανταχοῦ

371 1389 463 1442 τὸν
507 1389 680 1459 χῶρον
737 1387 1063 1457 περίκειται,
1103 1390 1171 1458 τῇ
1217 1389 1512 1459 πυκνότητι
1574 1387 1683 1443 τῶν
1744 1389 1955 1443 κλάδων

375 1479 468 1530 καὶ⁵
518 1477 625 1530 τῶν
663 1477 872 1545 φύλλων
930 1477 1006 1547 μὴ
1067 1476 1422 1547 συγχωροῦσα
1485 1477 1585 1546 τὴν
1630 1476 1822 1531 ἀκτῖνα
1875 1475 1953 1546 τῷ

375 1567 564 1638 ἐδάφει
626 1567 943 1639 ἐμϐάλλεινο
1007 1566 1138 1638 ἡδύς
1194 1584 1254 1620 τε
1308 1567 1403 1621 καὶ
1471 1566 1591 1622 λίαν
1654 1568 1956 1639 ἐπέραστός

373 1663 556 1725 ἐστιν,
610 1658 840 1729 ἀφθονίᾳ
884 1675 944 1711 τε
995 1657 1089 1711 καὶ
1133 1656 1319 1711 κάλλει
1366 1657 1596 1722 ὐδάτων,
1647 1658 1743 1711 καὶ
1796 1656 1955 1727 ὡρῶν

375 1752 679 1822 εὐκρασίᾳ,
740 1755 835 1803 καὶ
909 1747 1197 1820 προσηνῶν
1256 1748 1472 1819 ἀνέμων
1542 1752 1751 1813 πνοαῖς.
1835 1750 1951 1802 Ἐν-

374 1842 548 1897 ταῦθα
575 1842 631 1896 δὲ
669 1842 859 1905 παῖδες
902 1839 1170 1923 ’βλλήνων
1209 1840 1500 1911 μυθεύουσι
1531 1880 1547 1905 ,
1596 1840 1815 1912 Δάφνην
1855 1840 1953 1908 τὴν
1982 1827 2027 1884 Β

374 1934 621 1998 Λάδωνος
662 1932 927 2003 ποταμοῦ,
972 1930 1034 1997 ἐξ
1076 1931 1363 2002 ’Δρκαδίας
1416 1931 1725 2002 φεύγουσαν
1761 1931 1955 1986 Ἀπόλ-

373 2025 517 2078 λωνα
545 2024 635 2077 τὸν
665 2022 919 2095 ἐραστὴν,
954 2025 1034 2086 είς
1066 2021 1356 2094 ὁμώνυμον
1384 2024 1548 2093 φυτὸν
1582 2023 1752 2095 αὐτὴν
1786 2040 1954 2094 μετα-

374 2115 585 2169 ϐαλεῖν·
618 2114 707 2168 τὸν
727 2115 803 2177 δέ,
836 2113 969 2185 μηδέ
1000 2113 1173 2177 οὕτως
1198 2113 1578 2184 ἀπαλλαγέντα
1605 2115 1697 2167 τοῦ
1725 2113 1952 2180 πάθους,

376 2205 785 2276 στεφανωθῆναι
822 2206 925 2267 τοῖς
961 2203 1175 2268 κλάδοις
1223 2205 1324 2276 τῆς
1365 2204 1669 2276 ἐρωμένης,
1700 2207 1795 2260 καὶ
1832 2206 1953 2259 δέν-

374 2295 499 2366 δρον
549 2292 713 2351 οὖσαν
758 2298 1214 2369 περιπτύξασθαι,
1264 2296 1361 2349 καὶ
1417 2300 1484 2367 τῇ
1541 2296 1837 2368 προσεδρίᾳ
1887 2299 1955 2351 τὰ

381 2385 613 2454 μάλιστα
662 2389 887 2458 τιμῆσαι
920 2389 979 2443 τὸ
1011 2388 1229 2460 χωρίον,
1274 2385 1434 2456 εἴπερ
1470 2403 1522 2439 τι
1560 2386 1687 2440 ἄλλο
1729 2403 1952 2459 κεχαριο

379 2476 573 2546 σμένον
621 2479 786 2550 αὐτῷ.
840 2479 1078 2550 Τοιούτῳ
1126 2478 1183 2532 δέ
1235 2477 1348 2532 ὄντι
1406 2474 1483 2547 τῷ
1529 2476 1835 2548 προαστείῳ
1887 2479 1953 2549 τῇ

376 2567 580 2641 Δάφνῃ,
607 2569 908 2624 ἐπιϐαίνειν
940 2573 1050 2634 τοῖς
1077 2570 1392 2631 ἐπιεικέσιν,
1417 2569 1638 2640 αἰσχρὸν
1658 2569 1953 2638 ἐνομίζετο.

380 2660 451 2713 Ἥ
480 2676 539 2714 τε
571 2660 679 2731 γάρ
709 2661 855 2726 θέσις
894 2663 989 2717 καὶ
1022 2665 1055 2732 ἡ
1098 2662 1260 2731 φύσις
1304 2661 1396 2714 τοῦ
1445 2661 1643 2733 χωρίου
1680 2661 1815 2732 πρὸς
1861 2663 1958 2732 ρᾳ-

380 2749 589 2822 στὼνην
617 2753 916 2822 ἐπιτηδεία,
958 2755 1051 2807 καὶ
1094 2755 1127 2823 ή
1179 2752 1434 2817 ὑπόθεσις
1478 2751 1570 2805 τοῦ
1614 2751 1783 2823 μύθου
1814 2753 1955 2822 ἐρω-

374 2841 502 2911 τική
546 2857 631 2905 τις
675 2837 830 2904 οὐσα,
885 2844 1086 2914 μικρᾶς
1127 2841 1398 2913 λαϐομένη
1440 2843 1712 2914 ἀφορμῆς,
1739 2841 1957 2895 διπλοῦν

375 2931 626 2985 ἀπετέλει
679 2932 741 2985 τὸ
787 2933 955 2998 πάθος
1008 2937 1120 2997 τοῖς
1172 2932 1589 3005 διεφθαρμένοις
1640 2933 1801 2997 νέοις.
1863 2934 1957 2997 Είς

375 3024 705 3097 παραίτησιν
733 3026 841 3098 γὰρ
880 3027 1261 3097 προῖσχόμενοι
1302 3025 1372 3079 τὰ
1412 3025 1771 3097 μυθευόμενα,
1798 3024 1957 3096 χαλε-

375 3115 494 3208 πῶς
524 3116 848 3182 ἐξεκαίοντο,
884 3119 977 3171 καὶ
1010 3116 1203 3187 ἀνέδην
1248 3118 1328 3181 είς
1369 3115 1699 3179 ἀκολάστους
1729 3115 1954 3187 πράξεις
1980 3150 2022 3208 C

375 3207 636 3280 ἐχώρουν,
689 3210 749 3262 οὐ
799 3212 1091 3283 σωφρονεῖν
1142 3209 1448 3280 δυνάμενοι,
1499 3208 1623 3262 οὐτε
1672 3207 1951 3279 σώφρονας

373 3297 517 3349 κατά
560 3298 753 3351 ταύτὸν
797 3300 929 3371 ὁρᾷν
970 3298 1301 3370 ἀνεχόμενοι.
1344 3293 1413 3371 ᾯ
1463 3298 1571 3371 γὰρ
1622 3300 1655 3370 ἡ
1706 3298 1952 3370 διατριϐὴ

374 3387 530 3451 ἐκτὸς
554 3389 836 3462 ἐρωμένης
865 3391 921 3444 ἐν
951 3391 1133 3462 Δάφνῃ
1174 3388 1492 3462 ἐτύγχανεν,
1528 3391 1732 3461 ἠλίθιός
1761 3407 1820 3443 τε
1861 3390 1953 3443 καὶ

374 3478 572 3550 ἄχαρις
613 3480 813 3534 ἐδόκει·
849 3481 941 3535 καὶ
977 3480 1162 3552 ὥσπερ
1213 3497 1266 3534 τι
1313 3480 1443 3549 ἄγος
1481 3480 1515 3551 ἢ
1564 3480 1946 3552 ἀποτρόπαιος,

374 3572 662 3636 φευκταῖος
713 3566 803 3643 ἦν.
849 3572 957 3625 Καὶ
1002 3571 1176 3635 ἄλλως
1224 3571 1281 3624 δέ
1331 3571 1627 3642 σεὸάσμιος
1677 3572 1771 3625 καὶ
1823 3572 1951 3642 περὶ

374 3662 571 3716 πολλοῦ
601 3666 713 3725 τοῖς
756 3662 1120 3733 Ἑλληνισταῖς
1161 3664 1189 3714 ό
1220 3662 1395 3733 χῶρος
1431 3657 1582 3726 οὗτος
1624 3661 1950 3731 ἐτύγχανενο

374 3747 445 3824 ἦν
496 3755 606 3826 γὰρ
663 3753 849 3808 ἐνθάδε
919 3756 1188 3824 Δαφναίου
1247 3754 1580 3817 ’Λπόλλωνος
1637 3754 1955 3823 περικαλλὲς

374 3843 628 3914 ἄγαλμα,
687 3843 781 3897 καὶ
824 3841 959 3907 νεὼς
1014 3843 1366 3915 μεγαλοφυῶς
1418 3860 1477 3897 τε
1526 3844 1621 3897 καὶ
1662 3843 1956 3914 φιλοτίμως

375 3932 824 4004 ἐξειργασμένος·
870 3934 928 3987 ὃν
969 3933 1124 4003 λόγος
1165 3934 1525 4005 οἰκοδομῆσαι.
1558 3934 1818 3989 Σέλευκον
1863 3935 1956 3988 τὸν

387 4024 661 4095 Ἀντιόχου
698 4024 933 4096 πατέρα,
975 4018 1020 4093 ᾧ
1061 4023 1345 4094 ἐπώνυμόν
1392 4024 1539 4078 ἐστιν
1573 4025 1606 4094 ἡ
1639 4024 1955 4095 Ἀντιοχέων

375 4114 551 4178 πόιλις.
596 4114 938 4168 Ἐπιστεύετο
973 4114 1031 4167 δέ
1074 4114 1223 4185 παρά
1266 4116 1375 4177 τοῖς
1420 4114 1546 4167 τάδε
1575 4116 1952 4186 πρεσὸεύουσι,

378 4207 490 4274 ῥεῖν
535 4204 724 4257 αὐτόθι
764 4206 856 4258 καὶ
897 4205 1041 4277 ὕδωρ
1076 4205 1331 4275 μαντικὸν
1362 4205 1469 4258 ἀπὸ
1516 4207 1829 4269 Κασταλίας
1855 4209 1957 4279 τῆς

374 4296 582 4366 πηγῆς,
611 4296 811 4367 ὁμοίως
833 4297 932 4367 τῆς
960 4298 1017 4348 ἐν
1047 4296 1267 4364 Δελφοῖς
1291 4295 1569 4367 ἐνεργείας
1591 4314 1650 4350 τε
1677 4297 1769 4350 καὶ
1796 4314 1957 4368 προσ-

375 4390 601 4461 ηγορίας
627 4388 914 4461 λαχούσης.
953 4388 1252 4458 Ἀμέλειτοι
1296 4389 1390 4442 καὶ
1423 4388 1683 4459 Ἀδριανῷ
1709 4388 1789 4442 ἔτι
1816 4390 1956 4443 ίδιω⁹

2040 572 2435 627 ‘contnmeliam
2471 587 2626 627 suam
2658 571 2809 625 ultus
2839 579 2942 633 cst,
3001 567 3415 637 elegantissimo
3444 578 3496 623 et
3524 568 3623 623 ad-

2047 664 2269 719 modum
2300 663 2479 717 faceto
2511 663 2778 717 adversus
2809 659 3184 714 Antiochenos
3220 659 3365 713 libro
3390 673 3617 729 compo-

2048 754 2189 822 sito,
2250 769 2410 824 quem
2456 752 2836 821 Μισοπώγωνα
2884 752 3184 820 inscripsit.
3236 748 3407 803 Porro
3462 749 3622 804 Chri-

2050 848 2262 902 stianos
2308 847 2477 901 etiam
2514 845 2569 899 in
2612 845 2715 899 hac
2756 846 2890 899 urbe
2935 844 3100 900 solito
3139 856 3291 897 more
3326 840 3618 905 tractavit,

2049 946 2105 993 et
2137 938 2453 1009 religionem
2489 937 2773 1007 gentilium
2821 936 2935 990 illic
2974 935 3225 991 stabilire
3270 933 3503 988 studuit.
3553 932 3621 985 Et

2050 1042 2183 1084 vero
2228 1043 2351 1098 qua:
2401 1036 2534 1083 tunc
2592 1026 2856 1097 temporis
2911 1026 3060 1079 circa
3114 1024 3355 1078 loculum
3407 1023 3621 1094 Babylaa

2051 1121 2310 1192 martyris
2330 1160 2345 1183 ,
2378 1130 2431 1174 et
2463 1120 2517 1173 in
2547 1120 2751 1188 templo
2784 1116 3054 1185 Apollinis
3084 1114 3343 1185 Daphntci
3375 1115 3620 1185 contige-

2052 1220 2217 1276 runt,
2255 1226 2435 1281 operae
2467 1214 2703 1280 pretium
2734 1208 2900 1264 fuerit
2930 1221 3388 1263 commemorare.
3418 1204 3623 1275 Narra-

2054 1304 2258 1358 tionem
2293 1301 2455 1372 209
2483 1310 2662 1355 autem
2700 1300 2827 1355 hinc
2866 1298 3145 1354 exordiar.
3190 1296 3409 1366 Daphne
3440 1297 3626 1353 nobile

2053 1393 2358 1449 Antiochia:
2388 1392 2794 1456 suburbanum,
2819 1392 3113 1445 multartnn
3148 1390 3367 1459 quidem
3398 1404 3625 1459 cupres-

2053 1502 2244 1543 sorum
2270 1499 2496 1539 nemore
2531 1484 2749 1539 nitescit
2806 1481 2899 1537 sed
2927 1490 2980 1537 et
3011 1481 3137 1537 aliis
3163 1481 3304 1535 inter
3328 1494 3625 1549 cupressos

2055 1576 2287 1633 consitis
2322 1575 2614 1630 arboribus
2651 1573 2916 1627 variatur.
2954 1572 3070 1627 Sub
3102 1571 3390 1627 arboribus
3419 1579 3622 1637 autem,

2056 1681 2156 1737 pro
2185 1675 2493 1736 temporum
2514 1661 2924 1728 vicissitudine,
2944 1659 3417 1730 fragrantissimos
3444 1658 3625 1712 omnis

2057 1756 2274 1828 generis
2320 1754 2483 1810 ﬂores
2524 1753 2689 1808 tellus
2726 1750 2919 1822 gignit.
2963 1747 3134 1803 Porro
3172 1748 3403 1802 lacunar
3444 1747 3626 1817 potius

2055 1845 2354 1915 quoddam,
2398 1859 2561 1914 quam
2616 1842 2830 1904 umbra,
2871 1839 3050 1894 locum
3106 1837 3351 1908 undique
3393 1836 3625 1906 obtegit,

2057 1950 2168 2005 prae
2207 1934 2485 1989 frondium
2517 1948 2581 1988 ac
2626 1945 2906 1986 ramorum
2953 1929 3245 1996 densitate,
3273 1929 3408 1985 solis
3443 1927 3629 1982 radios

2055 2028 2280 2083 humum
2337 2041 2511 2097 usque
2565 2025 2879 2096 pertingere
2941 2037 3052 2077 non
3106 2021 3318 2078 sinens.
3366 2021 3630 2085 Ammona

2054 2126 2320 2189 praeterea
2350 2132 2415 2171 ac
2437 2116 2718 2187 iucundus
2745 2122 2830 2171 est
2850 2115 3004 2170 locus
3022 2113 3092 2169 ob
3119 2127 3386 2184 aquarum
3412 2112 3629 2181 copiam

2056 2223 2120 2263 ac
2148 2207 2637 2278 pulchritudinem,
2658 2212 2714 2261 ct
2737 2204 2812 2260 ob
2833 2202 3152 2272 temperiem
3182 2200 3305 2256 coeli
3330 2208 3383 2254 et
3406 2208 3630 2270 propter

2056 2314 2220 2355 auras
2282 2300 2523 2353 molliter
2587 2298 2884 2367 spirantes.
2932 2295 3014 2349 lbi
3070 2293 3392 2348 fabulantur
3451 2292 3629 2348 (ἔναξρί

2056 2390 2342 2460 Daphnen,
2372 2387 2612 2443 Ladonis
2642 2387 2793 2442 ﬂuvii
2825 2386 3014 2453 ﬂliam,
3041 2400 3106 2440 ex
3141 2384 3377 2440 Arcadia
3414 2383 3630 2453 fugien-

2056 2491 2165 2538 tem
2222 2480 2530 2551 Apollinem
2591 2487 2915 2543 amatorem,
2967 2479 3022 2532 in
3079 2477 3334 2532 arborem
3392 2475 3632 2530 nominis

2058 2574 2141 2631 sui
2166 2588 2490 2629 conversam
2527 2586 2691 2639 esse;
2721 2569 3028 2640 Apollinem
3062 2583 3193 2624 vero
3240 2583 3308 2623 ne
3347 2574 3463 2621 tum
3510 2567 3633 2637 qui-

2056 2667 2179 2721 dem
2244 2664 2656 2735 perturbatione
2722 2661 2892 2715 animi
2953 2660 3289 2725 liberatum,
3343 2672 3409 2714 ex
3464 2657 3632 2712 ramis

2057 2768 2252 2813 amatae
2292 2771 2556 2812 coronam
2599 2755 2703 2811 sibi
2737 2754 3001 2820 texuisse,
3032 2766 3265 2821 eamque
3302 2750 3432 2805 licet
3473 2750 3632 2804 arbo-

2056 2864 2170 2905 rem
2221 2849 2467 2904 brachiis
2505 2846 2849 2917 complexum
2899 2844 3096 2899 fuisse.
3144 2843 3208 2897 Et
3256 2844 3404 2897 hunc
3448 2842 3632 2895 locum

2055 2956 2167 3012 prae
2200 2939 2411 2995 caeteris
2461 2953 2602 3008 quos
2648 2938 2889 3001 amabat,
2924 2935 3217 3002 prtesentia
3267 2948 3365 2988 sua
3410 2948 3473 2987 ac
3512 2932 3633 2986 diu-

2058 3042 2223 3087 turno
2261 3029 2545 3086 domicilio
2576 3029 2908 3085 honorasse.
2939 3028 3075 3081 Cum
3120 3025 3284 3095 igitur
3315 3022 3632 3093 huiusmodi

2056 3131 2202 3179 esset
2239 3121 2616 3179 suburbanum
2656 3119 2901 3191 Daphne,
2936 3118 3127 3189 pedem
3154 3132 3217 3171 eo
3248 3116 3452 3171 inferre
3497 3114 3633 3169 viris

2056 3214 2213 3270 bonis
2243 3220 2403 3282 turpe
2434 3211 2757 3266 habebatur.
2792 3207 2924 3263 Nam
2957 3217 3009 3263 et
3041 3210 3180 3262 situs
3208 3220 3271 3260 ac
3303 3215 3495 3260 natura
3528 3202 3632 3257 loci

2054 3307 2120 3361 ad
2145 3307 2480 3375 voluptatem
2517 3302 2952 3364 accommodata,
2972 3309 3024 3356 et
3048 3301 3221 3370 ipsius
3247 3296 3442 3351 fabulae
3466 3311 3634 3367 argu-

2054 3404 2294 3452 mentum
2334 3396 2693 3460 amatorium,
2731 3392 2834 3449 levi
2871 3399 3090 3462 arrepta
3121 3389 3453 3451 occasione,
3481 3401 3635 3441 mor-

2054 3490 2185 3545 bum
2223 3488 2390 3558 duplo
2439 3486 2748 3557 graviorem
2799 3483 3143 3539 accendebat
3188 3482 3465 3549 corruptis
3499 3478 3634 3532 ado-

2054 3578 2411 3635 lescentibus.
2451 3575 2516 3630 Ili
2541 3576 2713 3640 enim,
2751 3573 2992 3628 fabulam
3032 3572 3179 3626 illam
3228 3569 3295 3624 ad
3322 3568 3635 3623 excusatio-

2057 3685 2182 3725 nem
2240 3667 2433 3731 ﬂagitii
2485 3667 2570 3721 sui
2621 3656 3271 3737 pratcndcntesfmulto
3323 3660 3499 3731 magis
3547 3659 3637 3714 in-

2055 3757 2505 3820 ﬂammabantur,
2552 3755 2816 3825 omnique
2863 3753 3085 3807 licentia
3133 3752 3198 3807 ad
3247 3758 3435 3821 turpes
3480 3758 3638 3801 actus

2055 3856 2504 3920 prorumpentes,
2542 3862 2645 3902 nec
2695 3846 2800 3915 ipsi
2850 3844 3101 3898 modeste
3148 3856 3309 3912 agere
3359 3847 3635 3909 poterant,

2056 3956 2156 3996 nec
2186 3939 2468 3995 modestos
2502 3938 2652 3993 viros
2685 3937 2799 3990 illic
2829 3950 3060 3990 cernere
3098 3932 3469 3988 sustinebant.
3501 3927 3634 3981 Nam

2056 4028 2150 4100 qui
2187 4029 2397 4098 absque
2443 4027 2621 4080 amica
2666 4026 3046 4081 diversaretur
3077 4022 3222 4091 apud
3266 4020 3551 4089 Daphnen,
3587 4018 3636 4072 is

2055 4119 2311 4190 stupidus
2350 4128 2403 4173 et
2440 4117 2764 4181 inurbanus,
2810 4122 2865 4168 et
2915 4125 3175 4181 tanquam
3228 4107 3636 4177 scelusquod-

2056 4212 2180 4266 dam
2216 4224 2281 4264 ac
2307 4208 2585 4280 piaculum
2638 4205 2934 4275 fugiendus
2975 4201 3292 4256 videbatur.
3325 4199 3392 4253 Et
3431 4198 3636 4266 alioqui

2055 4304 2211 4359 locus
2258 4303 2349 4357 hic
2388 4299 2620 4371 paganis
2670 4298 3003 4352 venerabilis
3068 4308 3378 4366 magnoque
3428 4293 3484 4346 in
3536 4292 3637 4345 ho-

2056 4411 2194 4452 nore
2226 4402 2365 4450 erat.
2402 4392 2535 4445 Erat
2569 4390 2714 4445 enim
2753 4389 2863 4443 illic
2899 4387 3168 4458 Apollinis
3220 4385 3475 4456 Daphnmi
3519 4384 3639 4453 pul-

372 4479 606 4543 τεύοντι,
633 4480 700 4534 τὰ
737 4481 866 4551 περὶ
900 4481 1000 4550 τῆς
1032 4479 1307 4551 βασιλείας
1334 4479 1587 4550 αὐχοῦσιν
1618 4480 1802 4534 ἐνθάδε
1826 4499 1952 4552 προ-

2055 4487 2389 4544 cherrimum
2419 4482 2774 4538 simulacrum
2796 4487 2853 4534 et
2880 4480 3142 4549 templum
3168 4477 3452 4547 magnilice
3475 4486 3638 4544 atque

377 4571 699 4643 μηνυθῆναι.
733 4573 871 4627 Φασὶ
914 4572 1020 4643 γάρ
1078 4574 1239 4626 αὐτὸν
1279 4572 1476 4640 φύλλον
1521 4573 1736 4641 Δάφνης
1787 4574 1956 4644 ἐμϐά-

373 4659 552 4730 ψαντα
584 4662 649 4731 τῇ
684 4663 857 4732 πηγῇ,
893 4660 1197 4731 ἀρύσασθαι
1230 4658 1328 4729 τὴν
1370 4659 1479 4713 τῶν
1518 4659 1790 4729 ἐσομένων
1818 4661 1957 4731 γνῶ·

376 4771 481 4817 σιν,
535 4754 826 4823 ἐγγράφως
882 4755 974 4808 ἐπὶ
1024 4753 1116 4808 τοῦ
1166 4753 1363 4823 φύλλου
1409 4754 1762 4826 δηλωθεῖσαν·
1809 4773 1954 4827 παρ-

375 4846 599 4900 ελθόντα
627 4845 683 4898 δὲ
716 4847 795 4908 είς
827 4846 925 4917 τὴν
955 4847 1248 4916 ἡγεμονίαν
1279 4847 1596 4917 καταχῶσαι
1624 4847 1721 4917 τὴν
1751 4848 1955 4919 πηγὴν,

374 4939 517 4992 ὥστε
549 4937 622 5009 μὴ
655 4938 853 5004 ἐξεῖναι
885 4938 978 4991 καὶ
1009 4938 1187 5002 ἄλλοις
1221 4939 1621 5010 προμανθάνειν
1649 4939 1710 4991 τὸ
1744 4938 1953 5009 μέλλον.

387 5030 548 5082 Ἀλλά
581 5029 750 5083 ταῦτα
791 5029 910 5100 μὲν,
961 5025 1041 5094 οἷς
1072 5030 1273 5084 τούτων
1303 5030 1473 5101 μέλει,
1510 5030 1749 5101 ἀκριϐῶς
1790 5031 1957 5099 μυθο-

372 5121 713 5188 λογούντωνο
777 5122 900 5175 ἐπεὶ
954 5122 1009 5174 δὲ
1072 5122 1271 5185 Γάλλος
1323 5123 1352 5174 ὁ
1392 5120 1678 5175 Ἰουλιανοῦ
1734 5121 1959 5191 ἀδελφὸς

375 5215 596 5282 Καῖσαρ
630 5214 905 5276 καταστὰς
948 5213 1096 5282 παρά
1132 5214 1532 5280 Κωνσταντίου,
1565 5213 1622 5265 ἐν
1661 5214 1960 5286 Ἀντιοχείᾳ

375 5304 551 5373 διῆγε,
593 5305 914 5375 Χριστιανὸς
946 5304 1019 5359 ὢν
1051 5306 1145 5358 καὶ
1182 5308 1238 5369 ἐς
1272 5306 1337 5359 τά
1366 5307 1597 5377 μάλιστα
1645 5307 1960 5377 πρεσῆεύων

374 5396 503 5456 τοὺς
536 5396 677 5464 ὑπὲρ
722 5395 816 5448 τοῦ
863 5396 1131 5465 δόγματος
1178 5397 1685 5467 μεμαρτυρηκότας,
1720 5397 1958 5466 ἔγνωκεν

386 5487 711 5557 Ἑλληνικῆς
762 5487 1176 5557 δεισιδαιμονίας
1207 5489 1298 5539 καὶ
1366 5487 1574 5558 ὕϐρεως
1645 5490 1958 5542 ἀκολάστων

376 5575 700 5647 ἀνθρώπων,
732 5575 917 5628 τοῦτον
967 5577 1269 5645 ἐκκαθᾶραι
1298 5576 1387 5627 τὸν
1413 5574 1610 5646 χῶρον.
1645 5574 1958 5629 ’Υπολαεὼν

375 5667 432 5719 δὲ
480 5665 680 5736 ῥαδίως
730 5665 1112 5737 περιέσεσοαι,
1164 5667 1210 5717 εί
1260 5666 1545 5735 εὐκτήριον
1584 5665 1770 5719 ἐνθάδε
1817 5667 1961 5718 ἀντι-

378 5753 771 5821 καταστήσειεν
808 5750 972 5817 οἷκον,
1009 5751 1306 5822 μετέθηκεν
1341 5755 1415 5815 εἰς
1447 5755 1657 5823 Δάφνην
1697 5755 1789 5822 τὴν
1830 5752 1959 5821 λάρ-

2058 4578 2356 4635 ambitiose
2418 4582 2831 4630 constructum.
2896 4570 3072 4641 Cujus
3131 4569 3320 4638 templi
3388 4567 3638 4621 conditor

2057 4668 2229 4724 fuisse
2256 4664 2462 4719 dicitur
2487 4662 2777 4727 Seleucus,
2796 4668 2955 4731 pater
2982 4658 3240 4714 Antiochi
3267 4657 3434 4719 illius,
3468 4672 3495 4709 a
3527 4673 3637 4726 quo

2056 4757 2348 4814 Antiochia
2403 4770 2604 4810 nomen
2657 4754 2894 4823 accepit.
2951 4752 3295 4807 Credebatur
3348 4749 3514 4803 etiam
3567 4748 3637 4800 ab

2057 4853 2169 4907 illis
2203 4852 2298 4922 qui
2345 4850 2451 4905 ista
2486 4848 2677 4903 colunt
2709 4860 2774 4901 ac
2818 4844 3145 4916 praedicant,
3178 4856 3374 4910 aquam
3410 4841 3521 4894 illic
3554 4839 3639 4893 di-

2056 4941 2384 4996 vinatricem
2416 4940 2587 4993 ﬂuere
2619 4953 2686 4993 ex
2737 4935 2887 4993 fonte
2929 4934 3198 5000 Castalio,
3236 4933 3329 5004 qui
3360 4932 3503 4987 idem
3537 4947 3638 4985 no-

2058 5049 2184 5088 men
2236 5032 2598 5100 eamdemque
2652 5027 2951 5084 eﬂicaciam
3008 5026 3270 5091 haberet,
3325 5040 3486 5093 quam
3547 5023 3637 5079 ille

2059 5122 2376 5193 Delphicus.
2430 5119 2676 5189 Denique
2737 5126 2791 5174 ct
2857 5117 3104 5172 Adriano
3182 5116 3361 5169 adhuc
3423 5114 3638 5184 privato

2057 5215 2344 5285 imperium
2401 5228 2467 5267 co
2528 5212 2652 5266 loco
2718 5209 3147 5280 praenuntiatum
3217 5223 3340 5263 csse
3398 5207 3629 5275 jactant.

2058 5304 2193 5358 Nam
2224 5318 2350 5357 cum
2389 5301 2580 5356 folium
2610 5302 2751 5355 lauri
2786 5299 3155 5355 immersisset
3186 5298 3241 5352 in
3271 5296 3441 5358 fonte,
3466 5294 3631 5347 futuri

2059 5396 2309 5450 notitiam
2343 5392 2600 5449 hausisse
2638 5392 2849 5447 dicitur
2886 5406 3007 5461 qua:
3033 5390 3088 5444 in
3120 5388 3318 5442 fronde
3359 5385 3635 5452 descripta

2059 5484 2383 5543 esset.Cum
2417 5479 2598 5538 autem
2625 5493 2812 5553 postea
2845 5483 2912 5537 ad
2941 5480 3232 5549 imperium
3270 5474 3630 5546 pervenisset,

2061 5576 2269 5631 fontem
2316 5573 2669 5629 obstruxisse
2703 5574 2899 5635 fertur,
2947 5587 3015 5627 ne
3060 5570 3182 5624 aliis
3232 5567 3394 5620 etiam
3442 5564 3633 5618 liceret

2062 5682 2149 5722 res
2180 5666 2393 5721 futuras
2435 5679 2807 5733 praenoscere.
2841 5662 3044 5717 Verum
3082 5661 3180 5712 has
3218 5655 3433 5709 fabulas
3482 5652 3633 5720 ejus~

2061 5755 2204 5810 modi
2262 5770 2445 5809 rerum
2490 5754 2755 5810 studiosis
2803 5752 3114 5807 accuratius
3157 5741 3507 5812 exponendas
3542 5756 3630 5796 re-
