4056 6326
373 405 516 465 1285

1330 387 1664 444 HISTORIA
1705 381 2283 442 ECCLESIASTICA.
2327 416 2396 428 -—-—
2436 386 2567 442 LIB.
2601 389 2666 443 ν.

3487 401 3628 458 ἰίίζϐ

368 518 590 584 δοθῆναι
645 511 769 574 τοὺς
828 509 1034 572 λίθους·
1080 505 1352 560 Ἰουδαίων
1392 504 1434 556 δ’
1485 500 1852 556 ἀπολέσθαιοί
1886 499 1940 552 τὸ

2049 507 2104 553 et
2153 498 2360 554 Christi
2416 500 2807 571 praedictiones
2864 502 2987 560 falsi
3045 508 3394 566 convincere.
3453 509 3628 570 Judtrt

373 611 530 681 ἔργον
561 603 951 674 ἐπετρόπευον,
977 599 1072 652 καὶ
1104 598 1196 650 ἐπὶ
1222 597 1320 668 θέᾳ
1343 598 1532 649 τούτου
1558 592 1942 681 παρεγένοντο.

367 680 438 750 Αἵ
467 713 528 748 τε
572 692 682 764 γὰρ
733 689 960 761 πλησίον
983 687 1080 741 τοῦ
1108 684 1253 758 ἱεροῦ
1282 683 1450 738 οἰκίαι
1481 699 1542 736 τε
1573 682 1668 736 καὶ
1690 680 1946 752 δημόσιαι

367 787 523 841 στοαὶ
554 787 612 838 ἐν
651 776 738 846 αἶς
785 781 1062 844 κατέλυον,
1093 777 1287 850 ἀθρόον
1319 771 1718 846 κατερρύησαν·
1771 771 1872 824 καὶ
1895 769 1948 823 οἰ

367 879 586 940 πλείους
625 873 1152 947 ἐγκαταληφθέντες,
1186 869 1235 922 οἰ
1263 868 1361 940 μὲν
1398 865 1594 920 αὐτίκα
1622 863 1902 920 ἀπώλοντο
1926 879 1941 893 ·

365 970 510 1036 οἱδέ,
535 967 830 1039 ἡμιθνῆτες
873 963 1197 1034 εὑρέθησαν,
1229 961 1325 1015 καὶ
1369 954 1812 1029 πεπηρωμένοιῆ
1846 955 1946 1018 τὰς

366 1062 554 1131 χεῖρας
605 1057 639 1129 ἦ
697 1057 764 1110 τὰ
790 1056 954 1126 σκέλη
978 1070 990 1080 ·
1039 1053 1188 1108 ἄλλοι
1242 1051 1318 1116 δὲ,
1353 1050 1482 1120 περὶ
1521 1049 1654 1105 ἄλλα
1686 1048 1826 1118 μέρη
1849 1045 1943 1099 τοῦ

366 1151 618 1221 σώματος
669 1146 1061 1218 ἐδυστύχησαν.
1109 1145 1198 1209 Ὦς
1239 1143 1296 1197 δὲ
1339 1144 1500 1198 σείων
1527 1140 1716 1212 ἔληξεν
1742 1139 1943 1208 ὁΘεὸς,

363 1239 520 1306 αὖθις
547 1241 844 1312 ἐπειρῶντο
869 1238 962 1292 τοῦ
985 1239 1150 1310 ἔργου
1182 1239 1231 1291 οἰ
1261 1237 1720 1308 περιλειφθέντες,
1753 1229 1841 1289 οἷά
1878 1254 1943 1307 γε

363 1335 740 1407 ἀπαραιτήτου
765 1332 1123 1403 τυγχάνοντος
1152 1330 1239 1384 διά
1252 1329 1313 1384 τὸ
1344 1329 1439 1384 τοῦ
1474 1329 1736 1401 βασιλέως
1774 1331 1946 1402 πρόσ-

363 1444 575 1498 ταγμα,
621 1427 716 1479 καὶ
748 1425 932 1487 αὐτοῖς
971 1423 1113 1477 κατὰ
1158 1421 1285 1477 νοῦν
1308 1422 1479 1486 ὄντος.
1515 1423 1664 1476 Φιλεῖ
1691 1424 1799 1495 γάρ
1830 1440 1945 1486 πως

363 1521 397 1590 ή
440 1517 755 1589 ἀνθρωπίνη
785 1516 976 1586 φύσις,
1035 1517 1091 1569 ἐν
1127 1517 1241 1579 τοῖς
1286 1515 1407 1568 καθ’
1459 1515 1654 1587 ήδονὴν
1708 1515 1844 1588 πρὸς
1883 1515 1948 1568 τὸ

360 1607 677 1679 ἀσύμφορον
715 1607 922 1677 ῥέπειν,
949 1604 1224 1660 καὶτοῦτο
1255 1605 1413 1676 μόνον
1445 1607 1708 1660 συνοίσειν
1734 1605 1944 1660 οἴεσθαι

359 1700 389 1753 ὃ
421 1698 721 1769 κατορθοῦν
742 1697 990 1767 βούλεται
1015 1713 1029 1729 ο
1072 1697 1315 1768 ἀτεχνῶς
1336 1713 1395 1750 τε
1430 1697 1536 1751 ὑπὸ
1568 1698 1667 1768 τῆς
1694 1697 1943 1752 ἐντεῦθεν

359 1791 577 1860 ἀπάτης
601 1787 1007 1860 κεκρατημένη,
1053 1787 1176 1841 οὔτε
1215 1787 1524 1860 προμηθείᾳ
1560 1788 1667 1843 τινὶ
1721 1789 1780 1842 ea
1815 1797 1943 1860 συμ-
1973 1830 1982 1860 έ

2045 604 2182 645 vero
2241 598 2295 644 et
2349 590 2454 644 hoc
2516 591 2698 661 ipsum
2749 595 3099 664 cogitabam,
3145 606 3202 653 et
3259 610 3630 672 opportunum

2045 689 2266 752 tempus
2299 681 2666 739 instauranda
2704 687 2913 758 templo
2934 698 3129 745 nactos
3154 707 3212 747 se
3237 708 3360 749 esse
3389 696 3628 751 arbitra-

2050 771 2278 827 bantur.
2325 772 2465 828 Cum
2505 790 2636 831 vero
2670 777 2874 848 prioris
2908 788 3202 837 structurte
3240 785 3506 856 reliquias
3535 789 3633 843 dc-

2047 862 2223 917 moliti
2247 871 2457 927 essent,
2483 866 2774 937 solumque
2795 866 3116 926 eﬂ‘odissent
3133 887 3196 927 ac
3215 889 3627 947 repurgassent,

2045 963 2268 1023 postero
2324 956 2454 1020 die,
2506 973 2618 1027 quo
2679 960 2917 1030 primum
2979 962 3334 1022 fundamenta
3394 971 3630 1039 posituri

2050 1055 2237 1112 erant,
2271 1057 2433 1103 terra:
2458 1063 2645 1106 motus
2687 1053 2881 1123 ingens
2919 1056 3224 1126 contigisse
3257 1058 3464 1114 dicitur
3489 1101 3504 1125 ,
3533 1079 3630 1116 ρο-

2023 1153 2162 1209 tque
2203 1150 2357 1196 motu
2409 1141 2622 1212 lapides
2672 1153 2739 1200 ex
2790 1144 3169 1204 fundamentis
3211 1152 3527 1220 exsiliisse,
3560 1170 3630 1209 ex

2043 1231 2252 1288 Judaeis
2276 1245 2459 1291 autem
2508 1239 2740 1306 periisse
2774 1248 2886 1295 tum
2919 1256 3016 1296 eos
3042 1243 3134 1312 qui
3168 1257 3306 1313 opus
3337 1247 3628 1313 curabant,

2046 1329 2162 1376 tum
2188 1323 2283 1393 qui
2317 1326 2606 1394 spectandi
2637 1343 2804 1382 causa
2831 1329 3232 1386 confluxerant.
3259 1331 3393 1386 Nam
3414 1336 3628 1390 etmdcs

2045 1416 2251 1486 templo
2282 1417 2544 1485 proxima:
2577 1429 2629 1473 et
2660 1421 2896 1488 publicae
2923 1423 3175 1491 porticus
3205 1423 3259 1477 in
3310 1423 3513 1493 quibus
3545 1426 3628 1478 di-

2045 1503 2455 1570 versabantur,
2505 1516 2732 1576 repente
2773 1517 3126 1564 corruerunt.
3183 1509 3250 1564 Et
3309 1514 3626 1583 complures

2044 1593 2119 1648 ibi
2178 1595 2531 1666 deprehensi,
2586 1599 2785 1668 partim
2834 1600 2983 1662 illico
3018 1601 3384 1658 interierunt:
3423 1604 3624 1674 partim

2045 1684 2342 1753 semivivi,
2391 1680 2650 1744 manibus
2699 1697 2755 1744 et
2800 1691 3062 1748 cruribus
3110 1693 3378 1748 mutilatis
3418 1695 3626 1765 reperti

2046 1787 2177 1833 sunt
2235 1789 2330 1834 aut
2380 1781 2506 1837 aliis
2535 1782 2789 1853 corporis
2823 1784 3078 1854 partibus
3122 1787 3412 1843 debilitati.
3463 1787 3625 1844 Post-

360 1856 685 1952 tpépov'idsiv
702 1856 946 1946 δύναται,
975 1856 1101 1932 οὔτε
1136 1856 1304 1951 πείρᾳ
1327 1856 1586 1933 κινδύνων
1614 1856 1940 1950 σωφρονιζο-

2043 1885 2209 1940 quam
2253 1873 2415 1945 215
2461 1880 2611 1928 terra
2658 1888 2879 1930 movere
2905 1875 3094 1941 desiit.
3127 1876 3164 1932 ii
3193 1879 3286 1949 qui
3319 1879 3625 1936 incolumes

363 1973 499 2043 μένη
520 1972 657 2042 πρὸς
688 1971 750 2025 τὺ
779 1971 895 2024 δέον
946 1970 1212 2042 ἁνανήφει
1237 1985 1252 2000 ⁸
1306 1973 1490 2024 ὁποῖον
1537 1973 1630 2024 καὶ
1656 1974 1766 2035 τοῖς
1806 1973 1940 2025 Ἰου-

356 2063 526 2128 δαίοις
547 2063 668 2117 τότε
691 2062 1099 2134 συμϐεϐηκέναι
1124 2061 1381 2133 ήγοῦμαι.
1417 2062 1625 2116 Ἱκανοῦ
1653 2062 1762 2135 γὰρ
1790 2063 1942 2127 ὄντος

355 2156 452 2210 τοῦ
475 2156 742 2228 προτέρου
795 2154 1144 2226 κωλύματος,
1171 2156 1266 2208 καὶ
1307 2153 1556 2227 φανερῶς
1579 2154 1942 2220 ἐπιδείξαντος
1991 2177 1993 2179 ί

354 2249 434 2311 ῶς
485 2248 801 2318 χαλεπαίνει
825 2246 913 2301 ’τὸ
973 2247 1126 2300 Θεῖον
1184 2247 1275 2300 ἐπὶ
1318 2246 1395 2316 τῷ
1453 2245 1744 2316 γινομένῳ,
1779 2247 1940 2299 πάλιν

357 2339 596 2410 ἀνήνυτα
623 2338 975 2403 ἐσπούδαζον.
1029 2338 1200 2406 Λόγος
1229 2332 1322 2391 οῦν
1364 2338 1478 2408 ἅμα
1498 2354 1558 2390 τε
1589 2339 1650 2390 τό
1685 2337 1942 2408 δεύτερον

357 2430 661 2501 ἐνεχείρουν
689 2430 769 2501 τῷ
802 2431 965 2502 ἔργῳ,
1012 2430 1105 2482 καί⁵
1136 2429 1249 2499 πῦρ
1275 2429 1532 2501 ἐξαίφνης
1557 2429 1622 2484 ἐκ
1645 2429 1755 2483 τῶν
1786 2431 1940 2501 θεμε-

357 2522 487 2575 λίων
526 2520 623 2575 τοῦ
677 2521 823 2593 ἱεροῦ
851 2521 1095 2593 ἀνέθορε,
1145 2521 1240 2572 καὶ
1272 2519 1502 2585 πολλοὺς
1536 2519 1782 2592 ἀνήλωσε
1804 2538 1818 2551 ·
1845 2522 1938 2575 καὶ

354 2614 512 2666 τοῦτο
544 2614 680 2684 πρὸς
710 2613 924 2666 πάντων
940 2612 1108 2674 ἀδεῶς
1141 2610 1356 2680 λέγεταί
1380 2627 1440 2663 τε
1471 2610 1565 2664 καὶ
1582 2612 1893 2665 πιστεύεται
1917 2653 1934 2679 ,

357 2705 450 2756 καὶ
487 2705 614 2774 παρ’
661 2704 870 2766 οὐδενὸς
921 2701 1356 2772 ἀμφιϐάλλεται·
1413 2702 1552 2771 πλὴν
1619 2703 1700 2756 ὅτι
1727 2704 1775 2756 οἰ
1836 2703 1936 2773 μέν

357 2813 544 2863 φασιν,
575 2798 656 2849 ὅτι
694 2793 1046 2865 βιαζομένους
1074 2793 1272 2854 αὐτοὺς
1297 2793 1378 2856 εἰς
1404 2793 1466 2846 τὺ
1495 2792 1638 2864 ἱερὸν
1665 2793 1932 2862 προϊέναι,

355 2885 489 2955 φλὸξ
511 2889 887 2958 ἀπαντήσασα,
910 2885 971 2938 τδ
993 2883 1280 2956 εἰρημένον
1302 2884 1596 2955 εἰργάσατο
1612 2899 1630 2918 ο
1651 2885 1701 2937 οἰ
1719 2884 1793 2951 δὲ,
1819 2881 1936 2955 ἅμα.

353 2975 586 3046 ἤρξαντο
613 2978 701 3029 τὸν
731 2977 856 3046 χοῦν
887 2978 1158 3046 ἐκφορεῖν.
1192 2975 1331 3028 ’Δλλ’
1360 2974 1470 3029 εἴτε
1495 2975 1652 3030 τοῦτό
1683 2993 1787 3040 τις,
1823 2979 1932 3029 εἴτε

354 3069 414 3120 τὸ
444 3071 707 3140 πρότερον
748 3068 977 3132 δέξαιτο,
1027 3067 1284 3138 ἑκάτερον
1313 3069 1393 3131 εἰς
1421 3067 1604 3139 θαῦμα
1641 3069 1932 3139 παραπλή-

356 3175 488 3211 σιον.
517 3158 640 3211 Ἐπὶ
659 3159 832 3228 τούτῳ
857 3159 911 3210 δὲ
941 3157 1034 3210 καὶ
1057 3156 1184 3211 ἄλλο
1202 3155 1519 3228 ξυνηνέχθη,
1540 3157 1636 3210 τοῦ
1663 3159 1930 3229 προτέρου
1959 3195 2000 3252 C

355 3249 686 3320 σαφέστερόν
726 3266 782 3301 τε
829 3249 922 3301 καὶ
970 3246 1414 3320 παραδοξότερον.
1454 3249 1783 3320 Αύτομάτως
1823 3250 1930 3321 γὰρ

354 3341 572 3394 πάντων
619 3343 651 3410 ή
711 3341 873 3411 ἐσθὴς
928 3339 1006 3410 τῷ
1051 3338 1260 3408 σημείῳ
1310 3337 1403 3392 τοῦ
1434 3338 1666 3410 σταυροῦ
1701 3356 1933 3407 κατεση-

354 3433 532 3502 μάνθη
558 3448 571 3461 °
607 3434 701 3484 καὶ
745 3433 942 3501 τρόπον
985 3430 1109 3484 τινὰ
1145 3429 1378 3501 ἀστράσι
1422 3429 1818 3498 πεποικιλμένα
1862 3429 1934 3484 τὰ

352 3523 638 3596 ἐσθήματα
663 3521 828 3594 εἰχον,
861 3524 936 3586 ὡς
965 3522 1074 3576 ἀπὸ
1109 3521 1459 3593 ἰστουργικῆς
1495 3521 1769 3592 περινοίας
1798 3536 1928 3575 κατ-

351 3617 669 3687 εστιγμένα.
715 3618 811 3670 Ἐκ
833 3617 1024 3669 τούτου
1081 3613 1162 3679 δὲ,
1195 3617 1307 3677 τοῖς
1357 3613 1454 3684 μὲν
1509 3614 1707 3667 αὐτίκα
1733 3613 1930 3684 ἐκρίθη

349 3709 482 3761 Θεὸν
535 3703 675 3760 εἶναι
720 3707 810 3761 τὸν
839 3706 1092 3779 Χριστὸν,
1129 3705 1224 3758 καὶ
1257 3703 1330 3775 μὴ
1355 3703 1650 3775 ἀρεσθῆναι
1695 3708 1760 3775 τῇ
1799 3706 1921 3758 ἀναο

349 3801 539 3853 νεώσει
587 3799 680 3853 τοῦ
731 3798 884 3852 ναοῦ.
915 3800 977 3851 Οἱ
1007 3798 1082 3862 δὲ,
1110 3799 1208 3851 οὐκ
1236 3800 1314 3861 εἰς
1365 3797 1580 3869 μακρὰν
1605 3795 1931 3866 προσέθεντο

347 3893 414 3961 τῇ
456 3889 752 3961 Ἐκκλησία
795 3891 888 3942 καὶ
931 3889 1267 3960 ἐμυήθησαν,
1315 3890 1408 3942 καὶ
1451 3888 1639 3959 ὕμνοις
1685 3890 1778 3942 καὶ
1815 3888 1928 3941 ἰκε-

349 3981 493 4043 σίαις
549 3982 688 4050 ὑπὲρ
734 3981 842 4034 τῶν
889 3981 1308 4050 τετολμημένων
1329 3980 1533 4045 αὐτοῖς,
1576 3979 1666 4033 τὸν
1694 3979 1928 4051 Χριστὸν

349 4072 645 4124 ἱλάσκοντο.
676 4071 860 4125 Ταῦτα
879 4073 984 4141 ὅτῳ
999 4071 1165 4124 πιστά
1183 4072 1243 4124 οὐ
1267 4071 1674 4140 καταφαίνεται,
1703 4071 1926 4125 πιστού-

349 4162 567 4216 σθωσαν
595 4165 644 4216 οἰ
677 4163 828 4234 παρά
869 4163 979 4216 τῶν
1015 4163 1363 4232 θεασαμένων
1404 4163 1703 4231 ἀκηκοότες
1739 4162 1819 4215 ἔτι
1846 4162 1927 4232 τῷ

350 4253 451 4322 βίῳ
505 4255 808 4324 περιόντες.
866 4254 1290 4307 Πιστούσθωσαν
1345 4254 1401 4306 δὲ
1442 4254 1537 4306 καὶ
1571 4253 1808 4306 Ἰουδαῖοι
1831 4252 1928 4307 καὶ

353 4344 632 4415 Ἓλληνες,
665 4345 917 4416 ἡμιτελὲς
945 4346 1006 4398 τὸ
1055 4347 1213 4416 ἔργον
1271 4344 1659 4407 καταλιπόντες
1684 4361 1698 4376 ο
1728 4345 1930 4416 μᾶλλον

342 4437 420 4501 δὲ,
457 4437 574 4488 οὐδὲ
599 4437 866 4507 ἄρξασθαι
886 4437 976 4490 τοῦ
1013 4437 1172 4508 ἔργου
1201 4434 1536 4506 δυνηθέντες.

2042 1971 2398 2032 supererant,
2430 1976 2570 2032 opus
2609 1962 2794 2019 denuo
2823 1965 3046 2036 aggredi
3068 1974 3360 2037 coeperunt
3382 1967 3626 2038 ,.quippe

2040 2064 2166 2105 cum
2207 2058 2262 2106 et
2303 2051 2656 2123 imperatoris
2703 2064 2980 2126 praecepto
3035 2055 3106 2112 ad
3165 2057 3222 2112 id
3273 2071 3624 2130 cogerentur.

2041 2143 2114 2197 ita
2165 2151 2226 2197 ut
2275 2143 2588 2199 detrectare
2643 2159 2758 2200 non
2813 2154 3066 2216 possent,
3112 2157 3168 2204 et
3221 2148 3357 2220 ipsis
3389 2151 3441 2206 id
3474 2161 3626 2214 esset

2040 2238 2441 2320 gratissimum.
2487 2237 2752 2296 Homines
2790 2241 2938 2296 enim
2973 2243 3028 2298 in
3079 2245 3245 2302 rebus
3300 2263 3420 2317 quae
3484 2250 3623 2320 ipsis

2039 2319 2306 2397 voluptaii
2365 2337 2517 2396 sunt,
2554 2330 2880 2401 plerumque
2910 2332 2976 2386 ad
3011 2333 3064 2388 id
3096 2335 3242 2406 quod
3287 2319 3521 2393 noxium
3539 2350 3624 2394 est

2038 2426 2295 2490 vergunt,
2349 2420 2516 2491 idque
2549 2436 2720 2476 unum
2749 2422 2884 2478 utile
2931 2423 3050 2480 fore
3099 2427 3421 2483 existimant
3473 2432 3621 2501 quod

2036 2512 2300 2583 perlicere
2359 2512 2614 2582 cupiunt.
2650 2513 2716 2566 Et
2758 2513 3078 2584 hujusmodi
3112 2533 3300 2576 errore
3337 2526 3620 2591 praeventi,

2037 2620 2142 2661 nec.
2175 2603 2309 2674 quid
2349 2605 2480 2659 utile
2532 2605 2603 2660 sit
2637 2605 2953 2676 prospicere
2995 2618 3250 2676 possunt,
3273 2626 3375 2665 nec
3404 2615 3623 2683 experi-

2037 2696 2240 2751 mentis
2286 2696 2556 2750 malorum
2604 2697 2868 2751 admoniti
2916 2699 3275 2769 resipiscunt.
3310 2701 3465 2768 Quod
3498 2708 3622 2777 qui-

2036 2785 2160 2841 dem
2219 2783 2424 2841 Iudaeis
2462 2801 2682 2856 quoque
2719 2803 2782 2842 ea
2821 2796 3150 2860 tempestate
3194 2794 3464 2852 accidisse
3503 2799 3623 2853 exi-

2036 2879 2226 2935 stimo.
2284 2877 2423 2932 Nam
2481 2894 2613 2933 cum
2663 2881 2816 2951 prior
2865 2883 3090 2953 repulsa
3127 2886 3262 2942 satis
3331 2890 3620 2960 perspicue

2035 2972 2406 3034 ostendisset,
2458 2972 2628 3026 Deum
2686 2975 2981 3030 conatibus
3035 2977 3280 3047 ipsorum
3340 2979 3616 3037 infensum

2034 3075 2183 3129 βεδε,
2219 3077 2415 3119 rursus
2449 3073 2628 3118 tamen
2664 3063 2809 3118 idem
2840 3067 3045 3122 frustra
3081 3069 3494 3140 aggrediuntur.
3524 3071 3616 3127 Si-

2033 3154 2146 3208 mul
2198 3162 2380 3209 autem
2430 3169 2494 3210 ac
2535 3155 2718 3210 denuo
2758 3168 2991 3212 manum
3036 3161 3186 3230 operi
3220 3163 3613 3231 admovissent,

2036 3246 2180 3317 ignis
2212 3248 2396 3303 subito
2419 3263 2485 3301 ex
2517 3248 2886 3306 fundamentis
2914 3253 3098 3322 templi
3129 3269 3424 3326 erumpens
3473 3257 3618 3311 mul-

2035 3349 2122 3396 tos
2173 3340 2591 3410 consumpsisse
2628 3339 2851 3396 dicitur.
2909 3346 3085 3415 Atque
3123 3345 3176 3399 id
3235 3345 3306 3400 ab
3357 3347 3614 3404 omnibus

2033 3446 2147 3486 uno
2189 3444 2472 3486 consensu
2519 3438 2573 3486 et
2613 3431 2851 3488 refertur
2875 3441 2930 3488 ct
2963 3435 3229 3502 creditur,
3264 3451 3365 3491 nec
3401 3437 3474 3492 alr
3503 3438 3613 3493 ullo

2031 3523 2092 3576 in
2123 3521 2354 3576 dubium
2391 3531 2706 3586 revocatur,
2750 3525 2857 3578 nisi
2899 3527 3043 3595 quod
3077 3527 3168 3581 alii
3222 3529 3448 3598 quidem
3485 3546 3615 3584 nar-

2031 3621 2178 3676 rant,
2218 3625 2344 3666 cum
2395 3611 2567 3668 Judaei
2612 3614 2664 3667 in
2713 3617 2975 3686 templum
3006 3618 3278 3674 violenter
3309 3621 3615 3692 irrumpere

2029 3703 2254 3768 vellent,
2312 3699 2587 3755 ﬂammam
2648 3703 2786 3773 ipsis
2819 3717 3204 3763 occurrentem
3243 3709 3297 3765 id
3348 3712 3495 3781 quod
3526 3712 3614 3766 di-

2029 3793 2210 3848 ximus
2259 3793 2631 3864 prrestitisse:
2686 3796 2778 3850 alii
2829 3811 2962 3852 vero
2989 3838 3004 3862 ,
3055 3805 3191 3854 tunc
3225 3816 3347 3855 cum
3382 3802 3615 3858 humum

2028 3899 2250 3958 egerere
2285 3894 2454 3958 atque
2485 3893 2774 3957 exportare
2808 3887 3132 3959 coepissent.
3173 3889 3302 3946 Post
3341 3892 3455 3947 haec
3484 3906 3616 3948 vero

2029 3979 2180 4036 aliud
2240 3979 2572 4035 miraculum
2630 3980 2849 4046 accidit,
2896 3980 3080 4050 priore
3115 3981 3209 4036 illo
3235 3982 3414 4048 majus
3447 3993 3612 4054 atque

2026 4073 2363 4129 evidentius.
2414 4073 2664 4144 Repente
2713 4071 2862 4124 enim
2915 4072 3162 4126 omnium
3211 4081 3390 4129 vestes
3425 4078 3610 4134 crucis

2028 4166 2187 4237 signo
2213 4164 2488 4235 insignitze
2533 4171 2702 4230 sunt,
2743 4172 2796 4217 et
2828 4163 3142 4217 indumenta
3177 4165 3348 4220 stellis
3378 4166 3608 4235 quibus-

2029 4259 2153 4314 dam
2183 4258 2448 4312 distincta'
2473 4257 2674 4312 habere
2713 4265 3019 4326 coeperunt,
3056 4257 3214 4326 qnasi
3247 4260 3474 4314 textoris
3502 4273 3607 4314 acu

2031 4349 2330 4405 artificiose
2357 4348 2595 4418 depicta.
2631 4345 2706 4402 Ea
2729 4361 2789 4404 re
2822 4347 3023 4402 factum
3055 4356 3160 4416 est,
3187 4357 3247 4403 ut
3270 4350 3358 4403 a‘lii
3385 4350 3607 4420 quidem

1957 4454 1999 4509 1)
2032 4439 2322 4496 confestim
2349 4437 2662 4509 iudicarent
2691 4437 2971 4494 Christum
3012 4437 3182 4493 Deum
3214 4454 3357 4504 esse,
3387 4441 3607 4512 templi-

343 4565 453 4619 que
500 4550 958 4606 instanrationcm
1011 4552 1060 4606 ei
1117 4551 1426 4619 displicere.
1475 4550 1580 4604 Alii
1615 4565 1748 4606 vero
1777 4553 1926 4610 haud
1966 4557 2141 4612 multo
2175 4565 2299 4628 post
2331 4555 2590 4610 Ecclesia:
2625 4568 2746 4610 sese
2778 4554 3170 4620 adjunxerunt,
3234 4565 3288 4611 et
3347 4567 3606 4628 suscepto

345 4643 645 4712 baptismo,
691 4646 908 4716 hymnis
940 4661 1004 4701 ac
1046 4646 1542 4716 supplicationibus
1609 4655 1710 4714 pro
1771 4647 1839 4702 iis
1869 4665 1992 4720 qua;
2032 4658 2241 4705 tentare
2280 4661 2770 4720 praesumpserant,
2802 4650 3076 4705 Christum
3105 4649 3412 4717 placarunt.
3446 4648 3603 4714 Quod

343 4739 388 4789 si
444 4736 684 4803 cuipiam
735 4739 849 4791 hace
909 4737 1248 4791 incredibilia
1280 4737 1632 4803 videbuntur,
1675 4737 1833 4793 fidem
1869 4741 1920 4795 ei
1958 4740 2169 4795 faciant
2210 4738 2246 4792 ii
2290 4738 2382 4808 qui
2413 4754 2476 4794 ea
2509 4739 2794 4794 auditione
2860 4744 3188 4807 acceperunt
3259 4737 3327 4790 ab
3369 4738 3602 4795 homini-

344 4833 448 4882 bus
495 4832 588 4901 qui
623 4847 711 4884 res
741 4832 851 4900 ipsi
886 4834 1158 4897 viderant,
1189 4841 1241 4884 et
1279 4830 1370 4900 qtti
1407 4831 1708 4884 etiamnum
1780 4835 2103 4903 superstites
2160 4841 2310 4889 sunt.
2367 4832 2474 4887 Sed
2520 4840 2575 4888 et
2628 4832 2803 4888 Judaei
2869 4831 2973 4901 ipsi
3040 4846 3104 4886 ac
3174 4831 3402 4900 gentiles
3440 4834 3601 4889 fidem

339 4918 570 4986 faciant,
613 4921 702 4990 qui
745 4937 882 4987 opus
914 4920 1292 4990 imperfectum
1321 4919 1651 4974 dimiserunt
1680 4961 1695 4986 ,
1733 4930 1849 4988 aut,
1885 4930 1946 4978 ut
1981 4922 2164 4979 verius
2189 4922 2396 4991 dicam,
2426 4938 2495 4978 ne
2524 4923 2788 4980 inchoare
2851 4922 3067 4992 quidem
3110 4928 3424 4990 potuerunt.
