4056 6326
512 366 653 426 1287

1959 358 2306 418 SOZOMENI

3622 364 3743 423 {288

514 511 3711 547 Μ

1227 671 1962 805 ΕΡΜΕΙΟΥ
2030 674 3062 809 ΣΩΖΟΜΕΝΟΥ

1928 911 2363 967 ΣΑΛΔΜῙΝῙΟΥ

822 1073 2484 1196 ΕΚΚΑΗΣΙΑΣΤΙΚΗΞ
2612 1078 3466 1196 ΙΣΤΟΡΙΑΣ

1748 1303 2131 1390 ΤΟΜΟΣ
2184 1304 2578 1391 ΕΚΤΟΣ.

1354 1663 2014 1793 ΗΕΒΜΙλἘ
2128 1664 2852 1795 S‘OZOMEN
2868 1664 2916 1787 Ι

1964 1899 2322 1957 SALAMINII

1004 2077 2347 2243 ECCLESIASTICAE
2453 2076 3290 2194 HISTORIZE

1673 2318 1939 2406 LIBE
1962 2319 2029 2404 Β
2118 2316 2612 2409 SEXTUS.

1151 2660 1377 2717 CAPUT
1423 2661 1463 2715 1.

522 2753 603 2811 De
637 2755 846 2811 Juliani
887 2754 1217 2832 expeditione
1262 2754 1478 2832 Persica
1508 2793 1542 2832 ,_
1571 2762 1618 2807 et
1639 2753 1909 2832 quomodo
1935 2768 2092 2832 δυρρεῖ

592 2838 778 2891 ratus,
827 2821 1115 2881 miserabili
1163 2835 1328 2891 morte
1366 2823 1585 2877 interiit.
1635 2821 1698 2876 Et
1740 2821 2095 2893 quwnamLi-

593 2896 780 2952 banius
808 2895 874 2950 de
910 2897 1025 2966 ejus
1058 2894 1398 2964 interfectore
1426 2893 1723 2962 scripserit.

593 3050 757 3123 216
771 3050 1120 3122 Quaecunque
1139 3049 1305 3120 igitur
1327 3048 1548 3105 Juliano
1569 3048 1855 3118 imperimn
1876 3055 2097 3118 regente

522 3140 786 3196 Ecclesiis
818 3142 1089 3196 accidisse
1109 3139 1376 3211 comperi,
1402 3141 1457 3193 in
1480 3139 1763 3209 superiore
1787 3139 1925 3193 libro
1947 3152 2097 3192 com-

521 3239 829 3286 memorata
859 3242 991 3286 sunt
1013 3230 1054 3284 ¹.
1080 3229 1309 3286 Ineunte
1347 3238 1528 3283 autem
1559 3244 1707 3294 vere,
1743 3243 1867 3283 cum
1899 3227 2097 3283 Persas

520 3324 665 3379 bello
715 3324 946 3394 aggredi
1000 3323 1384 3385 decrevisset,
1451 3323 1784 3392 Euphratem
1846 3322 2098 3377 celeriter

522 3416 757 3484 trajecit.
792 3414 858 3468 Et
891 3424 1320 3484 praetergressus
1345 3412 1631 3476 Edessam,
1665 3423 1885 3483 propter
1909 3414 2096 3468 odium

523 3503 758 3558 forsitan
809 3502 1141 3565 incolarum,
1174 3502 1375 3569 quippe
1407 3515 1469 3553 ea
1501 3501 1697 3554 civitas
1727 3500 1840 3570 jam
1871 3500 1997 3556 inde
2032 3501 2101 3556 ab

522 3591 684 3647 initio
729 3591 985 3645 universa
1038 3589 1244 3643 Christi
1299 3588 1459 3642 iidem
1501 3598 1852 3657 susceperat,
1901 3588 2101 3647 Carras

521 3678 696 3736 venit.
751 3675 857 3732 Ubi
913 3692 1037 3731 cum
1075 3674 1229 3731 Jovis
1279 3674 1462 3729 fanum
1509 3674 1826 3744 reperisset,
1888 3674 2100 3729 hostias

522 3769 866 3834 immolavit,
922 3783 988 3824 ac
1046 3775 1173 3822 vota
1235 3766 1386 3821 fecit.
1430 3765 1641 3822 Exhinc
1696 3766 1890 3837 viginti
1931 3767 2099 3821 millia

523 3867 885 3927 armatorum,
935 3874 1003 3915 ex
1043 3858 1221 3928 copiis
1249 3872 1369 3928 quae
1401 3857 1579 3928 ipsum
1610 3859 1983 3928 sequebantur
2011 3857 2103 3914 de-

523 3959 763 4021 sumpta,
809 3950 960 4005 misit
1013 3949 1079 4004 ad
1129 3949 1353 4002 ﬂuvium
1388 3947 1622 4019 Tigrim,
1667 3964 1734 4005 eo
1772 3951 2004 4007 consilio
2040 3959 2100 4005 ut

2120 2669 2168 2724 A

2748 2651 3138 2708 ΚΕΦΛΛΑΙϋΝ
3183 2651 3261 2706 A'.

2194 2749 2337 2818 Περὶ
2374 2748 2486 2816 τῆς
2507 2750 2592 2813 εις
2619 2746 2854 2818 Πέρσας
2881 2744 3267 2818 ἐκστρατείας
3295 2742 3649 2818 [Ιουᾷιανοή
3682 2743 3771 2818 seat

2269 2812 2349 2885 ὧς
2371 2812 2617 2885 ἡττήθη,
2663 2812 2761 2869 καὶ
2818 2813 3012 2879 κακῶς
3068 2812 3500 2885 ἐξέῥρηξε-τὴν
3537 2814 3768 2881 ψυχήν·

2267 2882 2814 3013 κάὶὲῖαήΛιϐάνιος
2865 2885 3072 2953 γράφει
3115 2883 3248 2949 περὶ
3285 2882 3394 2936 τοῦ
3450 2884 3772 2949 ἀνελόντος

2267 2962 2381 3013 αὐτ
2418 2974 2475 3010 ν.
3188 2996 3205 3013 κ

2268 3051 2411 3103 Ὅσα
2449 3045 2629 3117 μὲνδὴ
2658 3047 2716 3099 ὲν
2741 3048 2807 3116 τῇ
2842 3044 3126 3098 Ἰουλιανοῦ
3157 3044 3402 3117 βασιλείᾳ
3436 3047 3772 3118 συγκυρῆσαι

2195 3143 2314 3204 ταῖς
2356 3138 2702 3207 Ἐκκλησίαις
2734 3136 2926 3205 ἔγνων,
2954 3137 3013 3189 ὲν
3050 3138 3162 3199 τοῖς
3195 3136 3429 3206 πρόσθεν
3461 3136 3767 3208 δεδήλωται.

2198 3234 2349 3303 Ἅμα
2390 3231 2449 3284 δὲ
2501 3226 2595 3301 ἦρι
2626 3228 2931 3299 ἀρχομένῳ,
2980 3227 3138 3293 δόξαν
3177 3229 3325 3299 αὐτῷ
3355 3230 3775 3301 ἐπιστρατεῦσαι

2198 3324 2457 3394 Πέρσαις,
2508 3323 2566 3375 ὲν
2617 3321 2773 3391 τάχει
2818 3319 2970 3391 διέϐη
3025 3321 3117 3373 τὸν
3155 3319 3446 3390 Εὐφράτην
3501 3322 3773 3391 ποταμόν·

2198 3410 2577 3484 παραδραμών
2630 3427 2692 3462 τε
2741 3408 2841 3480 τὴν
2885 3409 3136 3475 Ἐδεσαν,
3181 3409 3271 3464 διὰ
3309 3412 3467 3480 μῖσος
3504 3412 3640 3474 ἴσως
3676 3412 3776 3463 τῶν

2199 3502 2569 3568 ἐνοικούντων,
2631 3500 2752 3554 ἐπεὶ
2795 3499 3031 3571 ἀρχῆθεν
3063 3500 3334 3570 πανδημεὶ
3375 3503 3775 3572 Χριστιανίζειν

2200 3594 2390 3665 ἔλαχεν
2421 3594 2514 3664 ἥδε
2542 3595 2575 3664 ὴ
2609 3592 2783 3659 πόλις,
2824 3588 2959 3662 ἧκεν
3002 3592 3084 3655 εἰς
3108 3592 3336 3663 Κάῥρας
3361 3608 3373 3622 ·
3407 3592 3543 3647 ἔνθα
3576 3594 3639 3664 δὴ
3665 3594 3775 3656 Διὸς

2201 3685 2345 3757 ἱερὸν
2396 3683 2592 3756 εὑρὼν,
2646 3683 2803 3738 ἔθυσε
2833 3685 2926 3737 καὶ⁹
2975 3683 3193 3755 ηὔξατο.
3244 3684 3318 3737 Τδ
3348 3684 3404 3736 δὲ
3429 3685 3544 3738 ἀπὸ
3574 3686 3773 3747 τούτου,

2199 3778 2265 3831 ἐκ
2296 3779 2405 3832 τῶν
2459 3778 2738 3848 ἑπομένων
2801 3778 3223 3848 στρατευμάτων
3275 3776 3419 3847 ἀμφὶ
3465 3777 3775 3848 δισμυρίους

2199 3869 2425 3933 ὁπλίτας
2484 3869 2577 3922 ἐπὶ
2642 3869 2889 3940 Τίγρητα
2951 3867 3196 3939 ποταμὸν
3243 3868 3481 3940 ἔπεμψε,
3540 3870 3772 3939 φυλακῆς

2200 3962 2360 4016 ἕνεκα
2387 3960 2495 4014 τῶν
2517 3961 2718 4023 τόπων,
2750 3960 2844 4013 καὶ
2873 3961 2954 4024 εἰς
2973 3959 3161 4030 καιρὸν
3180 3960 3331 4030 αὐτῷ
3349 3963 3770 4032 παρεσομένους,

524 4041 839 4112 regionibus
903 4039 1014 4096 illis
1094 4039 1352 4110 praesidio
1400 4049 1588 4095 essent
1635 4039 1854 4109 sibique
1904 4051 2103 4110 praesto

2203 4053 2363 4123 ἡνίκα
2396 4052 2634 4106 καλέσοι.
2675 4050 2951 4122 Ἀρσακίῳ
2978 4051 3034 4105 δὲ
3067 4050 3146 4120 τῷ
3170 4052 3472 4123 Ἀρμενίων
3493 4052 3773 4123 ἡγουμένῳ

524 4130 706 4185 forent
735 4130 1169 4200 quotiescunque
1198 4144 1296 4185 eos
1325 4139 1656 4186 accerseret.
1690 4129 1927 4201 Scripsit
1959 4147 2097 4201 prte-

523 4230 677 4277 terea
714 4221 967 4288 Arsacio,
1001 4221 1384 4276 Armeniorum
1426 4221 1546 4293 regi
1592 4231 1648 4277 et
1691 4224 1846 4277 socio
1893 4221 2097 4277 Roma—

525 4326 747 4374 norum,
801 4321 858 4364 ut
903 4311 1063 4381 juxta
1101 4312 1240 4367 ﬁnes
1286 4311 1582 4368 Persarum
1619 4312 1722 4382 ipsi
1753 4323 2093 4370 occurreret.

525 4402 642 4468 Qua
685 4401 741 4455 in
780 4401 1010 4470 epistola
1056 4408 1347 4472 postquam
1396 4404 1539 4457 ultra
1574 4404 1794 4458 modum
1824 4407 2095 4477 gloriatus

524 4499 696 4554 esset,
717 4503 777 4542 ac
794 4504 854 4543 se
868 4486 1086 4558 quidem
1109 4489 1542 4557 ipseextulisset,
1569 4498 1829 4562 tanquam
1862 4495 2096 4565 imperio

480 4568 491 4581 ³
528 4579 785 4635 idoneum
824 4588 879 4634 et
904 4579 1010 4634 diis
1042 4594 1181 4647 quos
1213 4581 1430 4636 colebat
1455 4591 1739 4652 acceptum
1771 4603 1784 4638 :
1818 4585 2096 4642 Constan-

528 4673 663 4727 tium
688 4687 818 4727 vero
846 4671 1192 4727 decessorem
1222 4687 1403 4736 suum,
1427 4683 1485 4729 ut
1510 4674 1771 4744 ignavum
1795 4676 2094 4750 et‘impium

526 4766 927 4834 vituperasset,
989 4764 1404 4820 contumeliosis
1462 4767 1756 4822 admodum
1809 4771 1992 4826 verbis
2047 4773 2094 4825 ci

527 4855 768 4910 minatus
816 4865 919 4910 est.
983 4854 1046 4909 Et
1081 4855 1340 4925 quoniam
1386 4872 1510 4911 cum
1568 4854 2097 4917 Christianumesse

528 4952 835 5013 acceperat,
880 4944 1269 4998 contumeliam
1310 4959 1667 5015 exaggerans,
1713 4958 1806 5002 aut
1847 4949 1902 5003 in
1940 4950 2097 5004 Chri-

527 5045 675 5089 stum
713 5035 879 5105 impia
921 5037 1069 5105 loqui
1112 5035 1352 5105 gestiens
1382 5053 1395 5090 :
1433 5036 1486 5090 id
1516 5037 1660 5091 enim
1693 5039 1927 5094 subinde
1959 5056 2096 5109 prte-

526 5142 746 5183 sumere
786 5127 1016 5191 solebat,
1047 5141 1170 5180 cum
1220 5125 1366 5180 fastu
1410 5137 1465 5183 et
1503 5127 1769 5197 jactantia
1797 5130 1846 5184 ei
1885 5131 2098 5186 denun-

527 5217 719 5283 tiavit,
761 5217 930 5272 Deum
988 5218 1140 5271 illum
1208 5233 1368 5288 quem
1420 5221 1686 5287 colebat,
1748 5236 2094 5292 nequaquam

530 5310 634 5381 ipsi
698 5325 858 5379 opem
929 5309 1171 5363 laturum
1230 5326 1401 5374 esse,
1461 5311 1508 5367 si
1575 5312 1843 5383 imperata
1917 5316 2097 5371 facere

599 5451 615 5480 ⁸
645 5447 804 5502 Socr.
833 5448 929 5503 lib.
952 5464 1037 5511 ιιι,
1062 5462 1111 5502 c.
1146 5448 1237 5503 21.

2200 4142 2576 4213 συμμαχοῦντι
2620 4140 2932 4212 Ῥωμαίοις,
2967 4141 3175 4211 ἔγραψε
3213 4141 3481 4213 συμμίξαι
3516 4144 3650 4214 περὶ
3683 4143 3775 4212 τὴν

2198 4234 2482 4306 πολεμίαν.
2534 4233 3130 4305 Ἀπαυθαδειασάμενός
3179 4251 3241 4287 τε
3288 4235 3465 4307 πέραν
3520 4236 3618 4291 τοῦ
3683 4252 3769 4305 με·

2196 4326 2348 4398 τριου
2381 4327 2493 4396 (38)
2528 4328 2586 4379 ὲν
2614 4329 2679 4397 τῇ
2704 4326 2983 4396 ἐπιστολῇ,
3019 4327 3112 4379 καὶ
3143 4326 3312 4381 αὐτὸν
3345 4328 3449 4397 μὲν
3484 4328 3769 4401 ἐξάραςὼς

2197 4416 2500 4487 ἐπιτήδειον
2545 4417 2682 4488 πρὸς
2742 4417 3058 4488 ἠγεμονίαν,
3120 4418 3216 4471 καὶ
3251 4418 3406 4487 φίλον
3437 4416 3519 4483 οἷς
3567 4418 3770 4489 ἐνόμιζε

2198 4505 2359 4570 θεοῖς,
2389 4507 2748 4578 Κωνσταντίῳ
2782 4525 2841 4561 τε
2871 4508 2929 4561 ὃν
2958 4507 3250 4574 διεδέξατο,
3283 4508 3360 4573 ὡς
3399 4509 3651 4579 ἀνάνδρῳ
3686 4506 3770 4560 καὶ

2197 4597 2384 4650 ἀσεϐεῖ
2432 4598 2903 4670 λοιδορησάμενος,
2955 4599 3284 4671 ὑβριστικῶς
3313 4601 3461 4670 μάλα
3481 4602 3769 4672 ἠπείλησεν

2198 4690 2345 4759 αὐτῷ
2371 4708 2382 4720 ·
2414 4690 2508 4743 καὶ
2562 4691 2682 4743 ἐπεὶ
2739 4690 3065 4761 Χριστιανὸν
3108 4691 3238 4746 ὄντα
3270 4692 3626 4757 ἐπυνθάνετο,
3661 4694 3768 4745 ἑπι-

2198 4782 2387 4834 τείνων
2413 4779 2510 4850 τὴν
2532 4779 2765 4852 ὓϐριν,ἢ
2799 4781 3197 4854 βλασφημεῖ-ιθ.
3228 4784 3303 4855 μὴ
3335 4784 3493 4854 θέμις
3549 4784 3768 4837 amariti-

2198 4872 2305 4935 ζων
2331 4874 2411 4935 εἰς
2452 4872 2541 4924 τὸν
2558 4872 2788 4943 Χριστὸν
2824 4873 3015 4941 (τοῦτο
3051 4876 3160 4946 γὰρ
3184 4874 3365 4928 εἰώθει
3403 4876 3533 4946 mp‘
3570 4875 3767 4928 ἕκαστα

2194 4964 2442 5033 τολμᾷν),
2476 4964 2865 5033 ἀπεκὸμπασεν
2902 4966 3204 5036 ὑποδηλῶν,
3250 4967 3325 5031 ὡς
3357 4968 3457 5021 οὐκ
3504 4967 3762 5037 ἑπαμὺκ-οι

2195 5050 2253 5103 ὃν
2284 5053 2493 5119 ἡγεῖται
2527 5051 2659 5104 Θεὸν
2704 5052 3053 5125 ὀλιγωροῦντι
3096 5054 3204 5107 τῶν
3264 5053 3764 5125 προστεταγμένων.

2210 5141 2362 5193 Ἐπεὶ
2380 5140 2435 5193 δὲ
2466 5141 2635 5195 ταῦτα
2664 5142 2847 5207 καλῶς
2877 5143 3022 5214 ἔχειν
3050 5145 3291 5216 ἐνόμισε,
3318 5144 3653 5216 παραλαϐὼν
3678 5143 3764 5210 τὴν

2207 5229 2494 5298 Ῥωμαίων
2524 5230 2803 5301 στρατιὰν,
2853 5227 2957 5302 ἦγε
2991 5233 3079 5288 διὰ
3125 5233 3227 5304 τῆς
3292 5235 3611 5306 Ἀσσυρίων.
3664 5230 3764 5283 Καὶ

2200 5320 2382 5383 πόλεις
2413 5321 2565 5383 τινὰς
2593 5323 2687 5376 καὶ
2744 5324 2999 5395 φρούρια,
3034 5324 3104 5379 τὰ
3151 5325 3251 5396 μὲν
3280 5327 3558 5397 προδοσίᾳ,
3593 5325 3661 5378 τὰ
3710 5322 3761 5374 δὲ

1689 5601 1954 5657 VALESII
2018 5605 2571 5667 ANNOTATIONES.
2871 5666 2874 5669 .

597 5690 708 5776 (ἷξ8)
742 5691 1399 5776 Ἀπᾳυθαδείασάμενός
1428 5709 1493 5745 τε
1531 5692 1691 5776 παρὰ
1718 5691 1834 5774 ,τοῦ
1880 5695 2128 5776 μετρίου

2198 5699 2249 5754 In
2290 5701 2479 5758 codice
2519 5701 2818 5761 Fuketiano
2854 5706 3117 5776 scriptum
3162 5706 3336 5762 inveni
3377 5702 3757 5774 ἀπαυθαδησά·

531 5762 690 5830 μενος
725 5779 783 5815 τε
816 5766 986 5826 πέραν
1011 5763 1103 5817 τοῦ
1141 5763 1382 5835 μετρίου,
1415 5763 1559 5832 quod
1596 5764 1765 5833 magis
1789 5766 1976 5832 probo.
