4056 6326
341 346 476 401 I239

1314 346 1639 403 HISTORIA
1682 347 2243 405 ECCLESIASTICA.
2270 380 2337 390 ——
2379 349 2503 406 LIB.
2546 351 2629 407 Vl.

3441 353 3578 410 1290

335 456 558 526 πολέμῳ
609 449 774 519 εἷλεν,
809 454 1223 525 ἀπερισκέπτως
1257 474 1314 510 τε
1353 459 1432 522 είς
1452 457 1513 510 τδ
1547 459 1778 528 πρόσθεν
1807 459 1906 529 (39]

2027 461 2378 532 neglexisset.
2443 461 2740 532 Postquam
2814 461 2928 517 haec
2992 473 3140 519 recte
3198 463 3304 519 sibi
3370 467 3580 521 consti-

333 546 443 617 ᾔει,
479 543 644 616 μηδὲν
681 546 789 599 τῶν
840 546 1068 598 κατόπιν
1100 548 1361 616 προνοῶν,
1409 550 1506 604 καὶ
1525 551 1605 603 ὅτι
1635 567 1697 619 γε
1727 551 1909 621 δεήσει

335 635 434 708 τὴν
460 635 632 706 αὐτὴν
661 637 827 690 πάλιν
856 637 1194 692 ἐπανελθεῖν.
1226 639 1366 692 Ἀλλ’
1393 641 1531 711 ὅπερ
1557 641 1699 713 ᾔρει,
1726 642 1914 706 δεινῶς

335 726 591 797 ἐπόρθει·
616 727 815 797 ταμεῖά
832 743 891 780 τε
927 728 1019 781 καὶ
1051 729 1097 780 τ’
1136 728 1293 792 ἄλλα,
1320 729 1388 784 τὰ
1421 731 1518 801 μὲν
1546 728 1908 796 κατέσκαπτε,

335 815 404 870 τά
431 816 475 869 δ’
506 818 781 889 ἐπίμπρα.
811 819 1185 890 Πορευόμενος
1213 819 1270 873 δὲ
1299 820 1447 892 παρά
1471 821 1561 874 τὸν
1598 822 1909 894 Εὐφράτην,

335 904 397 958 οὐ
437 905 720 977 πόρρωθεν
763 901 990 974 ἀφίκετο
1027 899 1435 984 Κτησιφῶντος.
1483 909 1644 972 Πόλις
1674 909 1730 962 δὲ
1772 910 1911 981 αὐτη

339 995 572 1066 μεγάλη,
589 996 684 1049 καὶ
709 995 778 1049 τὰ
805 997 1029 1068 Περσῶν
1064 988 1311 1068 βασίλεια
1332 999 1425 1053 νῦν
1451 999 1571 1053 ἀντὶ
1596 1002 1912 1066 Βαϐυλῶνος

335 1087 534 1157 ἔχουσα
557 1102 570 1118 ⁸
606 1085 690 1158 ῥεῖ
716 1087 773 1141 δὲ
803 1082 972 1158 αὐτῆς
1003 1088 1106 1142 οὐκ
1131 1088 1238 1142 ἀπὺ
1278 1089 1472 1144 πολλοῦ
1497 1094 1524 1145 ὁ
1549 1082 1775 1164 Τίγρης.
1827 1094 1912 1157 Ὠς

334 1177 391 1230 δὲ
446 1179 565 1242 ταῖς
621 1179 810 1233 ναυσὶν
855 1181 955 1234 οὐκ
997 1181 1190 1252 ἐχώρει
1238 1173 1327 1236 διὰ
1353 1183 1453 1255 τὴν
1477 1183 1648 1256 μέσην
1693 1186 1796 1256 γῆν
1834 1186 1912 1257 τῷ

336 1268 684 1337 Κτησιφῶντι
709 1265 1047 1340 προσελθεῖν,
1093 1271 1208 1325 ἀλλ’
1248 1274 1335 1326 ἐπ’
1370 1275 1614 1348 ἀνάγκης
1636 1277 1908 1346 ἐφαίνετο,

336 1357 498 1429 ἢτὴν
530 1358 682 1414 πόλιν
716 1359 992 1431 παριέναι,
1040 1361 1074 1433 ἢ
1117 1362 1226 1417 τῶν
1283 1365 1482 1419 πλοίων
1529 1371 1909 1439 καταφρονεῖν,

337 1449 638 1520 ἀνακρίνας
689 1450 842 1514 τινὰς
896 1451 1004 1504 τῶν
1051 1451 1447 1523 αἰχμαλώτων,
1501 1447 1626 1528 εὗρε
1671 1456 1912 1528 διώρυγα

337 1533 664 1612 ναυσίπορον
714 1541 1119 1611 ἀναχωσθεῖσαν
1161 1544 1240 1615 τῷ
1273 1544 1448 1616 χρόνῳ
1473 1559 1487 1574 ⁸
1525 1547 1618 1600 καὶ
1644 1547 1912 1618 διατεμὼν

337 1631 398 1683 τὸ
418 1631 671 1702 διεῖργον,
694 1629 906 1687 εἵλκυσε
938 1633 1028 1688 τὸν
1054 1635 1346 1707 Εὐφράτην
1401 1637 1494 1690 ἐπί¹
1527 1637 1620 1692 τὸν
1642 1632 1907 1711 Τίγρητα.

337 1722 523 1795 Ταύτῃ
548 1742 608 1777 τε
643 1725 720 1796 τῷ
753 1725 966 1798 στρατῷ
1006 1725 1428 1797 παραπλεούσας
1451 1727 1589 1798 ἔχων
1629 1729 1726 1793 τὰς
1753 1729 1907 1792 ναῦς.

2020 555 2193 608 tuisse
2239 552 2391 610 visus
2440 564 2608 620 esset,
2662 555 2894 624 sumptis
2950 553 3323 610 Romanorum
3379 558 3579 627 copiis,

2019 659 2116 714 per
2153 643 2442 716 Assyriam
2491 645 2594 700 iter
2641 645 2785 701 fecit.
2815 645 2884 700 Et
2918 645 3148 702 urbibus
3173 646 3499 716 quibusdam
3525 655 3582 704 et

2020 723 2262 790 casteilis
2305 734 2502 805 partim
2544 734 2876 804 proditione,
2914 736 3113 805 partim
3161 736 3215 790 vi
3256 737 3453 806 captis,
3488 737 3578 791 in-

2020 825 2268 880 consulte
2309 825 2541 880 ulterius
2581 839 2903 894 progressus
2945 832 3051 892 est,
3091 840 3201 880 non
3241 826 3582 896 prospiciens

2020 915 2087 971 iis
2120 916 2279 985 217
2315 931 2434 985 quae
2473 931 2502 968 a
2547 923 2702 984 tergo
2735 923 2922 979 erant,
2973 931 3074 971 nec
3115 918 3364 987 cogitans
3393 917 3581 971 eadem

2018 1007 2107 1062 via
2156 1022 2350 1062 rursus
2390 1021 2512 1062 esse
2559 1008 2914 1063 redeundum.
2957 1006 3158 1064 Verum
3211 1015 3408 1063 cuncta
3463 1024 3584 1079 qua:

2017 1107 2253 1166 ceperat,
2278 1095 2522 1152 funditus
2548 1099 2818 1163 vastabat,
2850 1107 2904 1154 et
2932 1098 3128 1154 horrea
3156 1100 3372 1168 aliaque
3401 1101 3585 1154 omnia

2017 1187 2216 1257 partim
2240 1188 2613 1250 subvertebat,
2645 1189 2842 1257 partim
2873 1189 3218 1244 incendebat.
3241 1189 3378 1246 Cum
3404 1198 3585 1245 autem

2020 1278 2121 1334 iter
2159 1278 2365 1334 faceret
2393 1293 2553 1334 secus
2582 1277 2929 1348 Euphratem,
2961 1279 3370 1351 Ctesiphontem
3401 1297 3588 1351 perve-

2018 1371 2116 1424 nit.
2152 1369 2250 1426 Est
2278 1375 2458 1425 autem
2491 1369 2790 1439 Ctesiphon
2824 1370 2957 1425 urbs
2978 1370 3215 1424 maxima
3237 1411 3251 1436 ,
3284 1380 3340 1426 et
3365 1370 3587 1442 Babylo-

2017 1461 2107 1516 nis
2133 1461 2253 1516 loco
2279 1460 2624 1516 Persicorum
2659 1476 2807 1516 nunc
2834 1477 3021 1531 regum
3058 1461 3427 1526 domicilium,
3485 1477 3586 1519 nec

2017 1548 2204 1618 procul
2250 1549 2320 1602 ab
2363 1562 2429 1602 ea
2479 1547 2681 1602 labitur
2722 1545 2923 1602 [iuvius
2965 1545 3166 1618 Tigris.
3215 1547 3352 1604 Cum
3400 1557 3586 1604 autem

2018 1634 2249 1690 navibus
2287 1633 2356 1689 ad
2398 1647 2518 1688 eam
2565 1633 2760 1688 urbem
2809 1635 3082 1703 appellere
3135 1651 3245 1690 non
3291 1645 3474 1706 posset
3514 1635 3587 1691 ob

2019 1725 2367 1796 interiectum
2406 1734 2565 1780 terrae
2605 1725 2882 1796 spatium,
2941 1725 3036 1780 sed
3083 1740 3311 1782 necesse
3358 1726 3586 1782 haberet

340 1812 438 1869 ἐπῖ
459 1817 558 1887 τὴν
589 1811 740 1871 πόλιν
776 1818 990 1889 ἐχώρει.
1023 1814 1128 1872 Σὺν
1174 1817 1342 1892 πολλῇ
1380 1820 1437 1873 δέ
1473 1825 1792 1892 παρασκευῇ
1828 1824 1906 1874 ίπ-

2017 1826 2112 1873 aut
2161 1816 2576 1887 Ctesiphontem
2627 1815 2951 1885 praeterire,
2997 1823 3091 1868 aut
3137 1816 3369 1871 classem
3415 1817 3583 1870 relin-

349 1908 516 1973 πέων,
549 1909 642 1962 καὶ
685 1907 940 1974 ὁπλιτῶν,
971 1910 1063 1962 καὶ
1085 1909 1409 1980 ἐλεφάντων,
1431 1911 1538 1964 τῶν
1564 1913 1785 1983 Περσῶν
1813 1931 1916 1983 φα-

337 2001 534 2054 νέντων
575 1998 667 2052 ἐπὶ
722 1997 833 2062 τοῖς
864 1999 1045 2070 ὄχθοις
1085 1995 1197 2065 τοῖς
1237 2000 1332 2054 τοῦ
1376 2002 1664 2074 Τίγρητος,
1707 2003 1830 2057 ἰδὼν
1859 2006 1916 2057 ἐν

337 2091 572 2163 πολεμίᾳ
592 2093 663 2162 γῇ
689 2093 852 2163 μέσον
883 2085 976 2146 δύο
1008 2093 1277 2162 μεγίστων
1311 2093 1572 2164 ποταμῶν
1604 2095 1918 2166 πολιορκου-

337 2183 509 2253 μένην
564 2180 712 2252 αὐτῷ
782 2181 882 2252 τὴν
941 2184 1218 2254 στρατιὰν,
1252 2184 1347 2237 καὶ
1373 2183 1516 2256 λιμῷ
1552 2184 1916 2258 διαφθαρῆναι

335 2270 770 2336 κινδυνεύουσαν,
807 2271 931 2340 ηντε
961 2268 1176 2341 μένοιεν
1211 2271 1420 2338 αὐτόθι,
1454 2270 1579 2345 ἦντε
1611 2272 1707 2344 τὴν
1747 2271 1915 2345 αὐτὴν

335 2362 452 2415 ὁδὸν
481 2362 892 2433 ὑποστρέφοιεν,
932 2363 1042 2415 τῶν
1072 2363 1281 2417 πόλεων
1313 2364 1409 2418 καὶ
1453 2365 1561 2419 τῶν
1605 2365 1806 2437 κωμῶν
1846 2366 1914 2420 δι’

335 2444 410 2504 ὧν
437 2447 599 2522 ἦλθον
626 2451 1044 2522 καθῃρημένων,
1093 2454 1188 2508 καὶ
1225 2453 1296 2506 τὰ
1336 2455 1617 2525 ἐπιτήδεια
1647 2456 1721 2526 μὴ
1760 2458 1914 2527 ἐχουο

338 2539 469 2598 σῶν,
499 2539 719 2609 κέλησιν
746 2536 885 2594 ἆθλα
916 2540 1174 2611 προσθεὶς
1220 2541 1354 2612 (40),
1386 2541 1478 2594 ἐπὶ
1501 2541 1630 2595 θέαν
1661 2543 1914 2614 ἱπποδρο-

341 2631 472 2700 μίας
521 2634 646 2696 τοὺς
693 2631 1030 2704 στρατιώτας
1062 2632 1333 2686 ἐκάθισεν.
1376 2634 1464 2686 Ἐν
1501 2634 1675 2704 τούτῳ
1708 2634 1765 2688 δὲ
1789 2636 1913 2699 τοὺς

340 2723 684 2792 προεστῶτας
706 2724 814 2776 τῶν
838 2722 1032 2777 πλοίων
1062 2723 1346 2776 ἐκέλευσεν
1369 2724 1658 2778 ἀποϐαλεῖν
1679 2724 1748 2778 τά
1781 2740 1914 2798 φορ-

337 2811 428 2864 τία
457 2814 550 2866 καὶ
567 2813 624 2865 τὸ
651 2809 955 2883 σιτηρέσιον
987 2813 1086 2883 τῆς
1116 2815 1396 2884 στρατιᾶς,
1422 2813 1570 2876 ὅπως
1596 2816 1653 2866 ἐν
1683 2813 1912 2886 κινδύνῳ

343 2905 479 2973 σφᾶς
512 2904 704 2966 ἰδόντες
763 2905 811 2957 οἱ
867 2902 1218 2979 στρατιῶται,
1248 2904 1322 2968 ώς
1367 2904 1665 2975 ἐπυθόμην,
1709 2904 1911 2976 ἀπορία

339 2996 447 3048 τῶν
475 2995 788 3065 ἐπιτηδείων
815 2996 892 3059 εἰς
923 2994 1122 3066 θράσος
1159 2993 1496 3069 τράπωνται,
1522 2991 1614 3050 καὶ
1638 2995 1912 3068 προθυμό-

341 3101 497 3160 τερον
527 3089 636 3150 τοῖς
657 3087 935 3159 πολεμίοις
957 3087 1318 3160 μαχέσωνται.
1348 3087 1693 3157 Συγκαλέσας
1714 3087 1770 3141 δέ
1784 3088 1910 3152 τοὺς

343 3180 679 3250 στρατηγοὺς
711 3183 738 3232 ὁ
762 3180 1012 3250 βασιλεὺς
1055 3179 1149 3235 καὶ
1183 3177 1307 3243 τοὺς
1343 3178 1643 3249 ταξιάρχας
1675 3179 1812 3250 μετὰ
1851 3178 1911 3232 τὸ

338 3266 573 3334 δεῖπνον,
641 3263 918 3325 ἐνεϐίϐασε
974 3273 1099 3336 τοὺς
1143 3270 1477 3343 στρατιώτας
1513 3271 1592 3334 είς
1628 3269 1726 3334 τὰς
1755 3270 1906 3334 ναῦς.

340 3361 405 3414 Οἱ
431 3361 506 3421 δὲ,
531 3362 586 3413 ἐν
610 3361 764 3413 νυκτὶ
793 3361 886 3414 τὸν
935 3362 1179 3433 Τίγρητα
1230 3357 1577 3424 πλεύσαντες,
1621 3353 1720 3430 ἤδη
1775 3359 1910 3431 πρὸς

340 3452 460 3516 ταῖς
485 3452 654 3524 πέραν
685 3450 869 3523 ὄχθαις
890 3451 1051 3523 ἦσαν,
1080 3452 1174 3506 καὶ
1213 3452 1505 3518 ἐξέϐαινον.
1538 3450 1658 3504 Τῶν
1684 3451 1740 3505 δὲ
1765 3453 1906 3522 Περ-

343 3537 472 3604 σῶν,
507 3546 555 3596 οί
588 3543 685 3612 μὲν
702 3544 1009 3614 αἰσθόμενοι
1039 3543 1328 3614 ἠμύνοντο,
1359 3543 1452 3596 καὶ
1479 3541 1729 3614 ἀλλήλοις
1760 3560 1902 3614 παρ-

341 3634 668 3688 εκελεύοντο.
709 3636 832 3698 Τοῖς
877 3635 933 3686 δὲ
983 3634 1062 3687 ἐτι
1097 3635 1465 3699 καθεύδουσιν,
1519 3635 1823 3703 ἐπέστησαν
1857 3634 1907 3686 οἱ

352 3721 628 3793 Ῥωμαῖοι.
660 3723 769 3776 Καὶ
795 3720 1005 3794 ἡμέρας
1034 3724 1440 3794 ἐπιγενομένης,
1467 3725 1545 3786 είς
1573 3723 1750 3794 μάχην
1771 3722 1904 3776 καθ-

342 3812 590 3866 ίσταντοο
653 3813 878 3877 πολλούς
929 3831 988 3867 τε
1035 3814 1401 3877 ἀποϐαλόντες
1449 3813 1543 3867 καὶ
1575 3814 1902 3876 κτείναντες,

339 3903 593 3973 διέϐησαν
643 3906 722 3967 είς
782 3901 873 3957 τὸν
928 3905 1169 3975 ποταμόν
1194 3921 1207 3935 ο
1261 3906 1353 3958 καὶ
1377 3905 1497 3957 τότε
1535 3905 1632 3973 μὲν
1671 3903 1776 3974 πρὸ
1809 3901 1905 3974 τῆς

339 3992 727 4062 Κτησιφῶντος
755 3994 1292 4063 ἐστρατοπεδεύοντο.
1322 3995 1490 4061 Δόξαν
1514 3994 1570 4046 δὲ
1597 3993 1675 4063 τῷ
1699 3993 1909 4064 βασιλεῖ

341 4085 538 4154 μηκέτι
575 4085 881 4156 περαιτέρω
925 4089 1144 4157 χωρεῖν,
1187 4083 1302 4140 ἀλλ’
1330 4089 1410 4150 είς
1456 4087 1556 4157 τὴν
1595 4086 1902 4158 ἀρχομένην

2019 1922 2190 1977 quere
2231 1924 2246 1960 :
2299 1911 2656 1976 percontatus
2687 1903 2954 1974 quosdam
2991 1919 3058 1959 ex
3094 1906 3346 1974 captivis,
3379 1905 3583 1960 fossam

2020 1996 2381 2067 navigabilem
2431 1996 2635 2066 reperit
2707 1995 3110 2064 longinquitate
3162 1997 3427 2066 temporis
3486 1995 3584 2050 ob-

2019 2094 2303 2141 structam.
2360 2085 2478 2153 Qua
2535 2094 2864 2158 perpurgata
2897 2127 2911 2151 ,
2973 2093 3294 2157 remotoque
3355 2087 3586 2156 impedi-

2020 2186 2230 2238 mento,
2290 2175 2624 2245 Euphratem
2678 2176 2732 2230 in
2784 2177 3000 2230 alveum
3047 2173 3292 2246 Tigridis
3335 2175 3582 2232 deduxit.

2021 2263 2132 2320 Hoc
2158 2265 2321 2321 modo
2352 2267 2584 2321 classem
2618 2267 2685 2322 ad
2726 2267 2870 2322 latus
2901 2268 3174 2322 exercitus
3203 2268 3287 2324 sui
3316 2268 3581 2338 navigan-

2017 2363 2123 2411 tem
2158 2355 2395 2420 habens,
2424 2355 2492 2411 ad
2525 2357 2710 2412 urbem
2736 2358 2997 2428 perrexit.
3029 2356 3133 2413 Sed
3156 2373 3279 2414 cum
3308 2358 3491 2414 Persa
3515 2361 3581 2413 ad

2016 2440 2167 2510 ripas
2216 2440 2454 2513 Tigridis
2500 2442 2604 2498 visi
2648 2453 2838 2501 essent
2875 2461 2999 2500 cum
3046 2447 3285 2503 maximo
3319 2459 3582 2518 apparatu

2015 2531 2260 2602 equitum
2291 2547 2354 2588 ac
2384 2533 2622 2604 peditum
2654 2543 2818 2604 atque
2849 2535 3268 2606 elephantorum
3293 2580 3308 2604 ,
3349 2553 3582 2594 cernens

2016 2623 2314 2694 imperator
2361 2625 2663 2679 exercitum
2716 2641 2879 2682 suum
2933 2629 3076 2683 inter
3126 2628 3266 2685 duos
3312 2631 3579 2686 maximos

2014 2706 2210 2771 ﬂuvios
2246 2715 2567 2772 conclusum
2617 2719 2832 2783 teneri,
2878 2719 3292 2792 timendumque
3341 2737 3462 2779 esse
3509 2739 3577 2777 ne

2014 2811 2160 2863 l’ame
2209 2808 2494 2874 interiret,
2544 2808 2661 2865 sive
2702 2809 2813 2864 illic
2843 2813 3160 2879 mansisset,
3192 2814 3306 2869 sive
3329 2815 3574 2871 eamdem

2013 2900 2152 2954 viam
2207 2893 2551 2954 remetiretur
2586 2941 2601 2968 ,
2665 2900 2890 2956 urbibus
2953 2910 3006 2956 et
3077 2903 3214 2959 vicis
3274 2919 3371 2974 per
3436 2919 3576 2975 quos

2012 2993 2238 3048 venerat
2281 2991 2522 3056 eversis,
2583 3007 2685 3050 nec
2738 2994 2848 3048 ulla
2895 2994 3224 3051 habentibus
3269 2996 3574 3050 alimenta:

2012 3083 2234 3154 praemia
2276 3085 2647 3140 desultoribus
2697 3086 3030 3156 proposuit,
3090 3093 3147 3141 et
3209 3086 3275 3141 ad
3325 3096 3580 3156 equestre

2011 3183 2290 3230 certamen
2331 3175 2689 3245 spectandum
2727 3176 2928 3232 milites
2967 3179 3306 3232 convocavit.
3356 3178 3576 3234 Interim

2012 3281 2142 3321 vero
2187 3265 2385 3322 classis
2434 3258 2743 3321 rectoribus
2775 3267 3090 3333 mandavit,
3138 3277 3196 3322 ut
3237 3269 3484 3324 sarcinas
3525 3279 3580 3325 et

2011 3365 2379 3412 commeatum
2429 3359 2706 3428 exercitus
2763 3356 3096 3426 abjicerent,
3145 3373 3210 3414 eo
3249 3361 3480 3415 consilio
3522 3371 3581 3416 ut

2012 3450 2238 3515 milites,
2270 3450 2432 3504 sicuti
2464 3449 2675 3520 accepi,
2707 3450 2761 3503 in
2793 3450 3032 3504 maximo
3061 3449 3308 3520 periculo
3335 3467 3395 3508 se
3426 3453 3575 3523 posi-

2012 3552 2098 3597 tos
2128 3548 2450 3605 cernentes,
2501 3542 2572 3596 ob
2607 3542 2893 3611 penuriam
2945 3541 3328 3599 alimentorum
3356 3583 3371 3609 ,
3409 3547 3580 3600 auda-

2009 3633 2189 3687 ciores
2235 3631 2426 3686 ﬁerent
2451 3638 2505 3685 et
2535 3631 2774 3687 alacrius
2802 3645 2926 3685 cum
2955 3631 3208 3686 hostibus
3229 3632 3575 3690 dimicarent.

2014 3717 2233 3779 Vocatis
2273 3723 2443 3794 igitur
2491 3714 2727 3779 ducibus
2772 3736 2836 3778 ac
2883 3722 3122 3779 tribunis
3165 3733 3290 3794 post
3331 3740 3578 3792 cautam,

2012 3815 2210 3869 milites
2237 3813 2472 3884 navigiis
2511 3814 2791 3884 imposuit.
2836 3812 2939 3880 Qui
2969 3822 3150 3878 ,noctu
3181 3813 3387 3885 Tigrim
3428 3817 3580 3887 traji-

2010 3905 2247 3969 cientes,
2285 3918 2408 3957 cum
2446 3901 2512 3957 ad
2553 3903 2865 3960 ulteriorem
2897 3905 3138 3961 ﬂuminis
3179 3908 3351 3977 ripam
3387 3925 3578 3978 perve-

2014 3997 2261 4064 nissent,
2294 3994 2529 4050 navibus
2583 3996 2966 4065 egrediuntur.
3007 3997 3084 4051 Ex
3125 3996 3308 4055 Persis
3349 4015 3479 4055 vero
3537 4003 3574 4056 ii

2008 4090 2226 4161 quidem
2255 4088 2348 4158 qui
2378 4086 2736 4157 irruptionem
2767 4098 3056 4145 senserant
3075 4132 3089 4158 ,
3120 4091 3378 4148 resistere
3406 4110 3575 4164 seque

1531 4220 1804 4276 VALESII
1842 4219 2290 4275 ANNOTATION
2299 4219 2402 4275 ES.

409 4333 522 4402 (‘59)
558 4333 1020 4400 Ἀπερισκέπτως
1045 4335 1125 4399 εὶς
1144 4334 1211 4386 τὸ
1243 4311 1708 4402 πρόσθεν.Ῑ1ιιηο
1729 4333 1908 4386 locum

337 4403 582 4472 supplevi
615 4419 680 4456 ex
713 4405 901 4458 codice
938 4402 1260 4464 Fuketiano,
1293 4407 1479 4472 inquo
1507 4405 1580 4457 ita
1603 4403 1863 4458 scribitur
1891 4419 1907 4455 :

336 4473 740 4540 ἀπερίσκεπτόν
769 4474 938 4540 τεᾼεὶς
967 4475 1024 4526 τὺ
1063 4473 1296 4540 πρόσθεν
1321 4474 1426 4540 εἴη.

430 4536 797 4609 toméxnaw
820 4536 975 4596 ἆθλα
1015 4536 1313 4609 προσθείς.
1341 4536 1508 4596 Οἱ·ποί
1541 4540 1770 4611 κέλητας
1799 4558 1898 4596 vo-

339 4623 468 4666 cant
516 4623 623 4664 tam
677 4628 874 4679 equos,
910 4626 1072 4681 quam
1117 4613 1330 4681 equites
1382 4612 1474 4679 qui
1525 4611 1898 4681 singularibus

338 4682 498 4750 equis
529 4681 888 4751 vehebantur,
924 4679 984 4734 iit
1011 4682 1167 4734 docet
1195 4679 1495 4751 Hesychius
1529 4691 1582 4735 et
1617 4679 1815 4738 Suidas
1843 4683 1896 4735 in

334 4765 474 4804 voce
521 4749 702 4820 κέλης.
739 4749 852 4804 lloc
905 4759 1084 4804 autem
1137 4751 1255 4804 loco
1284 4749 1381 4819 pro
1408 4751 1692 4819 equitibus
1725 4751 1897 4820 accipi

335 4768 474 4804 voce
521 4768 702 4871 κελᾶς.
740 4768 852 4804 uoc
905 4768 1084 4804 autem
1137 4768 1255 4804 IOCO
1284 4768 1381 4819 pro
1408 4768 1692 4819 equitibus
1725 4768 1895 4820 acetpi

335 4820 557 4873 debent.
655 4825 980 4890 eqneienim
1036 4822 1193 4887 equis
1223 4820 1443 4890 prmmia
1495 4829 1895 4889 proponuntur,

339 4891 434 4960 sed
483 4890 780 4960 equitibus.
800 4889 1140 4960 illujusmodi
1175 4889 1336 4958 parro
1360 4891 1580 4960 equites
1619 4906 1648 4942 a
1688 4891 1898 4945 Latinis

342 4959 649 5028 singulares
675 4959 1000 5012 dicebantur
1026 4960 1108 5012 vel
1145 4961 1533 5028 singulatores.
1567 4959 1809 5014 Isidorus
1842 4961 1897 5013 in

341 5028 437 5082 lib.
464 5044 591 5080 xvm
616 5027 916 5096 Originum,
935 5045 1054 5098 cap.
1077 5027 1253 5099 sane
1278 5029 1362 5082 his
1391 5030 1464 5082 ita
1486 5030 1710 5084 scribit:
1735 5028 1898 5099 Equi-

338 5107 412 5149 tes
442 5099 733 5166 singu!ares
767 5099 880 5150 ideo
924 5097 1132 5151 currere
1156 5097 1357 5160 dicunt,
1391 5100 1515 5166 quia
1559 5097 1899 5168 singulariter

336 5173 688 5237 unusquisque
710 5185 921 5221 cursum
944 5169 1059 5222 vita:
1091 5168 1249 5236 hujus
1277 5170 1476 5234 peragit
1505 5179 1657 5237 atque
1683 5171 1895 5234 transit,

336 5236 446 5307 alio
489 5247 711 5302 tempore
737 5255 949 5307 sequens
981 5239 1182 5290 alium:
1223 5237 1429 5291 Glossae
1461 5236 1688 5298 veteres,
1721 5241 1899 5306 singu-

334 5303 474 5378 lator
501 5303 813 5378 intactile
840 5308 1035 5378 κέλης,
1069 5307 1309 5376 Κέλητες
1338 5315 1516 5360 tamen
1563 5324 1668 5378 non
1720 5303 1895 5363 solum

335 5375 641 5445 singulares
673 5375 908 5445 equites,
949 5375 1040 5430 Sed
1091 5375 1256 5432 etiam
1306 5377 1615 5432 desultores
1641 5377 1899 5432 diceban-

335 5441 446 5494 tur'
471 5441 764 5516 anGt‘mcis,
806 5449 895 5513 qui
932 5447 1085 5499 binos
1117 5448 1452 5516 scilicetiaut
1493 5455 1680 5500 ternos
1725 5463 1896 5516 equos

334 5515 737 5585 transaliebant.
772 5516 931 5568 Certe
981 5517 1282 5585 κελητίζειν
1333 5515 1605 5570 Homerus
1648 5518 1786 5570 dixit
1837 5518 1893 5570 in

340 5581 577 5654 Odyssea
611 5583 677 5646 0,
706 5585 771 5637 de
798 5581 1228 5640 desultoreXSed
1257 5597 1310 5638 et
1338 5588 1460 5654 equi
1491 5585 1773 5640 desultorii
1804 5588 1898 5638 κέ-

338 5651 529 5725 λητεςΔ
551 5663 813 5706 vocantur
854 5657 920 5708 ab
964 5651 1401 5724 Harpoeratione
1444 5657 1495 5708 in
1541 5671 1673 5710 voce
1722 5655 1893 5725 ἆμιπ-

336 5737 448 5778 ποι.
499 5720 614 5774 Duo
668 5731 846 5776 autern
903 5720 1308 5796 erant-genera
1365 5728 1724 5781 desultorum.
1764 5720 1894 5778 'Aiii

494 5815 767 5876 PATBOL.
803 5816 918 5875 (lu.
955 5820 1052 5877 LX
1068 5821 1197 5881 \"ll.

2013 4334 2156 4406 enim
2188 4335 2327 4389 duos
2361 4335 2642 4406 trahentes
2673 4350 2866 4406 equos,
2893 4351 2955 4391 ex
2989 4353 3098 4392 uno
3131 4338 3185 4394 in
3220 4340 3450 4396 alterum
3479 4343 3572 4399 dc—

2014 4405 2291 4459 siliebant.
2344 4405 2450 4457 Alii
2483 4419 2607 4458 cum
2652 4405 2735 4460 ad
2764 4407 2921 4461 tinem
2954 4423 3152 4464 cursus
3187 4422 3472 4475 venerant,
3505 4431 3568 4468 ex

1937 4463 1982 4517 Β
2010 4489 2152 4551 equo
2184 4475 2504 4551 desilientes
2541 4477 2859 4551 currebant,
2888 4486 2944 4530 ut
2977 4493 3057 4551 ex_
3071 4463 3570 4551 opnhidscribioii;

2000 4541 2167 4623 docet
2190 4541 2434 4623 isidorus
2466 4544 2646 4623 in__lib_.
2673 4541 3446 4623 xviii,_cap_._36:rUtrunique
3483 4570 3572 4623 ge-

2001 4628 2106 4668 nus
2138 4613 2479 4669 desultorum
2509 4613 2796 4684 distinguit
2828 4613 3082 4672 Manilius
3115 4622 3170 4672 in
3202 4620 3297 4674 lib.
3330 4613 3388 4674 v':

2587 4754 2658 4766 ——-
2685 4725 2826 4780 ludet
2856 4743 2946 4795 per
2970 4737 3112 4798 terga
3138 4718 3400 4784 volantum

2143 4795 2249 4848 Aut
2271 4795 2383 4848 solo
2412 4805 2642 4849 vectatus
2668 4812 2820 4864 equo,
2844 4813 2979 4850 nunc
3005 4795 3155 4852 arma
3186 4800 3427 4864 movebit;

2143 4864 2300 4940 illunc
2323 4866 2442 4940 licet
2463 4867 2518 4940 in
2550 4865 2700 4940 longo
2726 4882 2818 4940 per
2837 4882 3021 4940 cursus
3051 4873 3271 4936 praemia
3299 4873 3462 4940 circo,

2141 4935 2410 5006 Quidquid
2439 4935 2502 4990 de
2529 4936 2625 4989 tali
2646 4936 2820 4990 studio
2851 4935 3132 5004 formatur,
3153 4940 3383 4996 habebit.

2002 5025 2076 5081 De
2103 5028 2188 5081 his
2217 5027 2588 5082 desultoribus
2619 5026 2710 5094 qui
2740 5041 2804 5080 ex
2835 5041 2975 5096 equo
3003 5029 3084 5082 vel
3113 5046 3277 5085 curru
3309 5032 3564 5088 desilien-

2003 5106 2084 5151 tes
2109 5097 2490 5170 currebantin
2527 5099 2694 5170 circo,
2729 5097 2972 5170 loquitur
3002 5097 3296 5170 Dionysius
3326 5101 3566 5158 Halicar-

2001 5181 2234 5220 nasseus
2278 5168 2332 5220 in
2367 5167 2507 5218 libro
2535 5167 2769 5235 septimo
2805 5167 2908 5222 sub
2939 5167 3120 5232 ﬁnem,
3145 5167 3254 5224 'ubi
3288 5187 3384 5227 eos
3429 5173 3562 5227 ἀπο-

2001 5236 2170 5298 ϐάτας
2205 5251 2235 5288 a
2276 5235 2474 5306 priscis
2502 5235 3149 5306 Atheniensibusdictos
3184 5256 3306 5295 esse
3333 5242 3555 5298 scribit:

1999 5307 2396 5377 iiumiquidem
2442 5312 2674 5377 testatur
2709 5305 2872 5359 etiam
2926 5305 3284 5377 llarpocratio
3331 5311 3386 5364 in
3427 5328 3560 5366 voce

1998 5375 2298 5448 ἀποὸἀτης.
2339 5378 2604 5448 Caeterum
2635 5374 2746 5448 haec
2775 5374 3398 5448 equestriacertamina,
3439 5395 3560 5448 qua:

2002 5455 2128 5515 tunc
2160 5443 2413 5498 Julianus
2448 5445 2501 5515 in
2547 5443 2743 5497 castris
2779 5444 2970 5510 edidit,
3019 5446 3086 5499 ad
3123 5443 3561 5515 Pyrricham're-

2000 5513 2130 5567 ferri
2159 5523 2409 5584 possunt,
2439 5514 2506 5584 de
2541 5528 2645 5584 qua
2675 5515 2843 5584 multa
2875 5515 3003 5567 olim
3040 5513 3220 5569 notavi
3254 5517 3320 5569 ad
3359 5517 3555 5570 librum

1999 5600 2089 5637 xw
2117 5584 2382 5638 Ammiaui
2416 5583 2736 5636 Marcellini.
2765 5583 3044 5638 Postremo
3076 5596 3127 5638 et
3164 5585 3293 5636 illud
3340 5601 3559 5637 monen-

1998 5655 2124 5705 dum
2160 5667 2262 5717 ρει,
2313 5653 2670 5723 scribendum
2693 5669 2813 5707 esse
2854 5655 2955 5707 hoc
2987 5655 3107 5707 loco
3135 5651 3270 5706 ἆθλα
3315 5653 3554 5723 προθείς,

2002 5733 2058 5777 ut
2083 5725 2343 5792 scriptum
2379 5724 2539 5777 habet
2571 5721 2927 5792 Nicephorus.

3126 5809 3186 5874 41
