4056 6326
571 369 703 423 1291

2036 361 2378 417 8οΖοΜΕΝΙ

3622 364 3723 420 i392

568 490 769 538 mutuo
817 480 1094 536 cohortari
1126 485 1430 547 cmperunt.
1466 476 1616 531 Alios
1654 490 1782 529 vero
1813 475 1991 531 adhuc
2018 476 2145 532 dor—

2251 474 2580 539 ἐπανελθεῖν,
2632 471 2732 534 τὰς
2793 468 2926 534 ναῦς
2976 467 3367 540 ἐμπρήσαντες,
3416 469 3481 533 ὡς
3538 471 3610 525 διὰ
3657 477 3727 545 τὴν

572 562 805 627 mientes
835 568 1065 623 Romani
1095 581 1440 638 oppressere.
1473 566 1605 621 Orta
1638 566 1855 621 demum
1885 565 1973 622 die
2000 582 2147 637 prte-

572 663 704 717 Hum
732 661 1087 716 conseritur:
1121 666 1175 713 et
1210 657 1442 714 Romani
1478 657 1667 713 multis
1697 657 1937 712 hostium
1967 657 2146 711 truci-

570 755 749 818 datis,
785 767 887 807 nec
922 750 1115 823 paucis
1151 765 1378 807 suorum
1417 749 1674 813 amissis,
1712 747 1935 804 fluvium
1966 750 2148 806 denuo

564 845 922 913 traiecerunt.
952 842 1029 897 Ac
1060 852 1176 897 tum
1205 841 1425 912 quidem
1458 851 1581 895 ante
1631 840 2007 911 Ctesiphontis
2035 859 2148 898 mu-

568 946 662 988 ros
696 933 1067 988 castrametati
1120 941 1269 987 sunt.
1314 929 1562 1001 Cumque
1594 931 1894 1001 imperator
1938 948 2147 1004 nequa-

566 1038 731 1094 quam
765 1023 998 1078 ulterius
1032 1022 1316 1094 pregredi,
1346 1020 1441 1077 sed
1471 1020 1693 1076 domum
1730 1022 1910 1079 redire
1936 1026 2146 1080 consti-

569 1116 790 1179 tuisset,
823 1112 1083 1177 Romani,
1118 1113 1361 1169 incensis
1395 1112 1627 1169 navibus
1648 1152 1664 1179 ,
1712 1128 1778 1169 eo
1811 1115 1957 1185 quod
1985 1115 2148 1171 multi

567 1207 623 1261 in
674 1204 1048 1261 custodiendis
1098 1204 1206 1259 illis
1251 1205 1506 1274 occupati
1536 1246 1551 1269 ,
1612 1205 1823 1276 proeliis
1874 1206 2145 1261 interesse

565 1312 677 1353 non
710 1302 979 1366 possent,
1013 1295 1067 1349 in
1099 1296 1333 1366 patriam
1370 1296 1537 1367 218
1579 1298 1782 1352 reverti
1814 1305 2102 1366 casperunt
2126 1337 2141 1361 ,

567 1385 771 1457 Tigrim
806 1385 872 1439 ad
903 1387 1093 1440 larvam
1123 1384 1409 1440 habentes.
1434 1387 1511 1440 Ac
1535 1387 1694 1440 initio
1724 1386 1944 1455 quidem
1973 1386 2146 1457 capti-

567 1478 649 1532 vis
679 1490 777 1530 eos
803 1475 1134 1531 ducentibus
1155 1514 1168 1537 ,
1219 1476 1497 1546 regionem
1534 1475 1774 1532 fertilem
1807 1477 1951 1532 nacti
1977 1486 2143 1542 sunt,

565 1579 689 1635 qua:
731 1564 925 1649 .omnia
991 1563 1059 1618 ad
1126 1564 1331 1620 victum
1373 1567 1686 1623 necessaria
1744 1566 1959 1623 abunde
2008 1567 2144 1638 ipsis

567 1655 967 1726 suppeditabat.
994 1653 1190 1712 Postea
1216 1670 1345 1712 vero
1381 1672 1549 1714 senex
1578 1657 1802 1728 quidam
1836 1659 1929 1728 qui
1964 1674 2023 1716 se
2044 1673 2144 1729 pro

566 1749 811 1802 omnium
835 1744 1125 1803 Persarum
1158 1747 1336 1803 salute
1357 1747 1674 1815 devoverat,
1704 1763 1827 1803 cum
1859 1764 1982 1805 sese
1999 1750 2143 1805 ultro

566 1838 888 1908 capiendum
921 1837 1190 1894 obtulisse
1217 1838 1501 1894 videretur
1524 1878 1540 1904 ,
1578 1848 1837 1910 tanquam
1871 1841 2077 1896 invitus
2110 1857 2140 1895 a

569 1925 836 1984 Romanis
882 1935 1109 1999 captus,
1158 1928 1228 1983 ad
1278 1927 1583 2000 principem
1638 1930 1981 2002 perducitur.
2035 1931 2141 1999 Qui

566 2020 935 2091 interrogatus
970 2020 1037 2075 de
1083 2019 1171 2073 via
1192 2060 1207 2087 ,
1247 2033 1372 2075 cum
1404 2036 1530 2076 vera
1561 2021 1744 2078 dicere
1776 2023 1930 2078 visus
1962 2032 2140 2089 esset,

568 2112 727 2167 tidem
773 2112 927 2177 fecit,
975 2111 1022 2167 si
1069 2110 1299 2166 Romani
1330 2111 1508 2183 ipsum
1554 2114 1707 2184 sequi
1748 2115 1980 2180 vellent,
2027 2116 2146 2173 fore

569 2216 629 2259 ut
663 2204 812 2260 brevi
838 2204 1139 2260 exercitum
1174 2204 1227 2258 in
1266 2201 1641 2260 Romanorum
1670 2206 1869 2262 ﬁnib‘us
1904 2207 2141 2264 sisteret.

567 2297 754 2352 Tridui
789 2296 1058 2351 duntaxat
1088 2303 1182 2350 aut
1212 2296 1493 2366 quatridui
1527 2297 1634 2352 iter
1670 2298 1960 2353 molestum
1991 2298 2144 2354 futu-

566 2403 689 2443 rum
720 2404 734 2442 :
772 2396 827 2444 et
853 2388 1059 2443 cibaria
1100 2387 1157 2441 in
1201 2395 1280 2442 tot
1309 2387 1428 2443 dies
1468 2386 1693 2444 ferenda
1716 2405 1840 2446 esse
1862 2430 1877 2461 ,
1908 2405 1972 2447 eo
1998 2391 2144 2462 quod

568 2481 719 2553 regio
763 2480 985 2537 deserta
1020 2487 1187 2535 esset.
1225 2479 1415 2550 itaque
1448 2480 1747 2551 imperator
1782 2481 1959 2538 callidi
1998 2482 2146 2539 senis

570 2571 917 2628 sermonibus
961 2567 1255 2634 inductus,
1301 2584 1364 2625 ea
1407 2569 1495 2624 via
1522 2568 1856 2647 pergendum
1888 2586 2013 2626 esse
2054 2570 2148 2626 de—

569 2662 762 2718 crevit.
810 2659 915 2717 Ubi
957 2675 1089 2716 vero
1139 2660 1374 2716 ulterius
1422 2660 1732 2733 progressi,
1788 2660 1969 2716 adhuc
2022 2669 2150 2732 post

570 2764 682 2811 tres
712 2753 831 2810 dies
858 2753 914 2808 in
948 2752 1068 2807 loca
1096 2751 1307 2807 inculta
1335 2759 1501 2821 atque
1539 2767 1733 2824 aspera
1764 2750 2147 2822 devenerunt,

571 2859 740 2903 senex
757 2842 977 2916 quidem
1004 2845 1253 2914 captivus
1282 2842 1415 2898 dum
1447 2849 1802 2914 torqueretur
1821 2884 1835 2907 ,
1861 2842 2148 2899 confessus

569 2948 692 3006 est,
742 2952 802 2993 se
840 2952 939 3008 pro
978 2932 1169 2993 salute~
1205 2935 1409 2990 civium
1457 2950 1684 2991 suorum
1719 2934 1859 2990 mori
1892 2942 2149 3006 paratum

572 3031 939 3103 transfugisse
965 3069 982 3098 ,
1030 3040 1085 3086 et
1126 3028 1360 3100 quodvis
1388 3029 1714 3101 supplicium
1763 3043 1919 3099 aequo
1964 3027 2151 3084 animo

2249 568 2497 640 φυλακὴν
2528 566 2732 620 τούτων
2764 563 2973 618 πολλῶν
2997 564 3291 634 ἀπομάχων
3309 563 3481 624 ὅντων,
3508 562 3589 635 τὴν
3607 566 3729 619 ἐπάικ

2246 660 2364 713 οδον
2385 657 2684 721 ἐποιοῦντο,
2704 658 2761 709 ἐν
2778 656 3042 726 ἀριστερᾷ
3058 654 3297 725 Τίγρητα
3318 655 3533 724 ποταμὸν
3551 655 3729 725 ἔχοντες.

2260 750 2607 821 Ἦγουμένων
2666 747 2725 802 δὲ
2774 748 2886 801 τῶν
2941 744 3317 817 αἰχμαλώτων,
3370 745 3433 797 τά
3475 746 3559 815 μὲν
3590 748 3733 816 πρῶτα

2247 842 2539 915 ἀπήλαυον
2560 839 2745 912 χώρας
2769 838 2999 910 εύφόρου
3026 837 3119 890 καὶ
3142 836 3312 890 πάντα
3339 836 3586 907 ἐπιτήδεια
3617 838 3732 908 ἐχού-

2248 952 2366 1004 σης.
2397 932 2553 986 Μετά
2576 932 2633 986 δὲ
2662 928 2856 995 ταῦτα,
2887 927 3196 1001 πρεσὸύτης
3219 944 3300 990 τις
3342 925 3566 997 ἐλόμενος
3588 927 3737 980 ἀποθαο

2246 1027 2357 1080 νεῖν
2382 1025 2522 1097 ὑπὲρ
2569 1025 2668 1096 τῆς
2707 1024 2924 1078 πάντων
2957 1020 3181 1093 Περσῶν
3208 1019 3514 1090 ἐλευθερίας,
3543 1018 3736 1088 ἐπίτηδες

2247 1117 2448 1171 ἁλῶναι
2509 1115 2719 1185 φανεὶς,
2778 1113 2853 1178 ὡς
2890 1113 3037 1169 ἄκων
3078 1109 3393 1180 συλληφθεὶς
3439 1108 3601 1177 ἄγεται
3626 1108 3737 1178 παρά

2244 1209 2335 1262 τὸν
2378 1206 2701 1278 ἡγούμενον.
2741 1201 3079 1275 Ἀνακριθείς
3140 1218 3200 1255 τε
3244 1198 3488 1271 περὶτῆς
3529 1197 3738 1263 ὁὸοὖ,γ.αὶ

2245 1298 2402 1365 δόξας
2439 1298 2611 1368 ἀληθῆ
2651 1296 2851 1364 λέγειν,
2884 1293 3100 1348 ἔπεισεν
3141 1292 3207 1346 ἶν’
3230 1291 3372 1362 αύτῷ
3417 1292 3638 1355 ἐπωνται,
3670 1292 3741 1359 τὴν

2246 1391 2507 1463 ταχίστην
2545 1391 2656 1453 τοῖς
2700 1387 2982 1458 Ῥωμαίων
3009 1387 3154 1456 ὅροις
3181 1386 3478 1456 ἐπιστήσειν
3518 1384 3602 1454 τὴν
3621 1399 3741 1455 στρα-

2246 1484 2369 1538 τιάν
2395 1499 2407 1511 ·
2448 1482 2603 1552 μόνον
2635 1481 2693 1535 δὲ
2745 1479 2911 1551 τριῶν
2946 1478 2978 1551 ἢ
3004 1478 3284 1551 τεσσάρων
3330 1477 3530 1549 ἡμερῶν
3557 1474 3743 1545 χαλεπὴν

2248 1573 2467 1627 ἔσεσθαι
2494 1571 2592 1643 τὴν
2622 1572 2850 1643 πορείαν
2870 1585 2885 1601 °
2916 1571 3009 1623 xui.
3035 1569 3240 1642 χρῆναι
3267 1569 3457 1623 τούτων
3478 1569 3602 1621 σιτία
3626 1567 3746 1637 φέρε-

2250 1665 2391 1727 σθαι,
2427 1665 2527 1735 τῆς
2558 1664 2660 1735 γῆς
2676 1664 2773 1735 ἐρὴ
2784 1679 2887 1733 μου
2912 1660 3098 1732 οῦσης.
3128 1661 3416 1732 Ύπαχθείς
3433 1677 3487 1714 τε
3505 1660 3530 1711 6
3550 1657 3746 1729 βασιλεὺς

2249 1755 2341 1808 τοῦ
2392 1754 2556 1824 σοφοῦ
2606 1751 2915 1826 πρεσϐύτου
2958 1754 3070 1815 τοῖς
3096 1751 3298 1820 λόγοις,
3336 1749 3597 1820 ἐδοκίμασε
3616 1747 3749 1819 ταύτῃ

2248 1846 2559 1918 πορευτέον.
2590 1845 2741 1898 Ἐπεὶ
2769 1845 2827 1898 δὲ
2857 1843 3189 1915 προσωτέρω
3212 1841 3519 1913 χωροῦντες,
3551 1840 3628 1893 καὶ
3645 1839 3749 1908 μετᾶ

2246 1940 2394 2009 τρεῖς
2422 1937 2636 2007 ἡμέρας
2667 1934 2917 1988 ἐνέϐαλον
2976 1933 3161 1997 τόποις
3183 1932 3320 2005 (Μ),
3369 1934 3396 1986 6
3441 1932 3529 2002 μὲν
3567 1930 3750 2001 γέρωνὸ

2246 2029 2589 2101 αἰχμάλωτος
2647 2026 3091 2099 βασανιζόμενος,
3160 2025 3499 2095 ὡμολόγησεν
3535 2021 3652 2090 ὑπὲρ
3671 2020 3752 2072 τῶν

2245 2120 2461 2175 οἰκείων
2487 2117 2857 2189 αὐτομολῆσαι
2878 2116 3015 2188 πρὸς
3044 2115 3295 2180 θάνατον,
3330 2114 3418 2168 καὶ
3430 2112 3621 2183 ἕτοιμος
3647 2106 3751 2162 εἶναι

2246 2214 2424 2268 πάντα
2446 2210 2741 2284 προθύμως
2764 2211 3077 2283 ὑπομένειν.
3120 2205 3412 2275 Ἀλυούσης
3436 2203 3489 2257 δέ
3520 2203 3604 2273 τῆς
3628 2217 3772 2271 στρασ-

2244 2306 2385 2371 τιᾶς,
2412 2303 2489 2374 τῷ
2522 2321 2581 2357 τε
2611 2303 2777 2375 μήκει
2802 2303 2902 2373 τῆς
2956 2299 3098 2367 ὁδοῦ,
3136 2300 3235 2354 καὶ
3260 2300 3325 2370 τῇ
3352 2295 3516 2367 ἐνδείᾳ
3538 2293 3627 2346 τῶν
3671 2293 3755 2344 ἐπι-

2244 2394 2495 2466 τηδείων,
2524 2393 2626 2465 ήδη
2664 2390 3200 2463 τεταλαιπωρηκόσι,
3247 2382 3482 2458 Περσικὴ
3510 2378 3755 2453 παράταξις

2248 2485 2493 2539 ἐπέθετο.
2539 2484 2835 2555 Καρτερᾶς
2882 2482 2939 2535 δὲ
2984 2481 3164 2552 μάχης
3204 2476 3506 2545 συστάσης,
3552 2471 3756 2539 ἐξαπίνης

2250 2578 2419 2651 βίαιος
2448 2573 2797 2644 ἀνακινηθεὶς
2818 2573 3039 2644 ἄνεμος,
3070 2570 3159 2625 τὸν
3186 2565 3413 2639 οὐρανὸν
3432 2564 3517 2619 κα¹ι
3537 2562 3615 2616 τὸν
3644 2561 3758 2632 ἥλιον

2247 2675 2357 2737 τοῖς
2408 2669 2626 2738 νέφεσιν
2682 2666 2940 2736 ἐκάλυψε,
2984 2663 3065 2736 τῷ
3112 2664 3171 2718 δὲ
3225 2663 3346 2734 ἀέρι
3400 2659 3504 2731 (42)
3544 2658 3627 2729 τὴν
3648 2654 3759 2708 κόνιν

2248 2759 2490 2832 ἀνέμιξε.
2519 2758 2748 2823 Σκότους
2776 2757 2833 2812 δὲ
2856 2758 2951 2811 καὶ
2983 2754 3181 2825 πολλῆς
3218 2752 3411 2824 ἀχλύος
3435 2748 3600 2818 οΰσης,
3621 2760 3761 2817 παρα-

2249 2851 2472 2924 δραμών
2503 2868 2586 2913 τις
2613 2850 2813 2912 ἱππεὺς
2862 2846 3018 2917 φέρει
3060 2844 3155 2897 ἐπὶ
3202 2843 3296 2896 τὸν
3333 2840 3540 2911 βασιλέα
3568 2838 3620 2890 τὸ
3645 2835 3760 2904 δόρυ,

2251 2944 2345 2998 καὶ
2375 2942 2527 2996 παίει
2550 2940 2768 3012 καιρίαν
2792 2956 2805 2970 ⁸
2858 2939 2953 2992 καὶ
2991 2936 3084 2990 τοῦ
3126 2936 3299 2989 ἵππου
3322 2928 3632 2993 καταόαλὼν,
3652 2926 3763 2986 ὅστις

2250 3031 2318 3107 ἦν
2349 3034 2558 3105 ἀπῆλθε
2590 3031 2788 3087 λαθών.
2836 3029 3069 3099 Λέγουσι
3100 3028 3179 3094 δὲ,
3211 3028 3261 3080 οἱ
3300 3027 3396 3097 μὲν
3418 3024 3627 3095 Πέρσην,
3658 3018 3697 3069 οἱ
3721 3013 3764 3066 δὲ

576 3138 982 3197 perpessurum.
1065 3122 1201 3179 Cum
1278 3130 1462 3177 autem
1528 3121 1802 3177 exercitus
1869 3119 2146 3176 Romanus

2253 3123 2568 3195 Σαρακηνὸν
2590 3117 2730 3176 εἶναι
2772 3119 2979 3176 τοῦτον.
3012 3118 3134 3171 Εἰσὶ
3182 3116 3244 3170 δὲ
3279 3116 3328 3169 οἳ
3370 3112 3611 3184 Ῥωμαῖον
3641 3120 3767 3200 στ-ραο

574 3218 771 3290 partim
825 3214 1165 3287 longitudine
1208 3214 1456 3278 itineris,
1516 3214 1714 3284 partim
1767 3213 2149 3268 alimentorum

574 3305 804 3378 penuria
851 3312 1163 3369 vexaretur,
1205 3302 1319 3374 jam
1377 3302 1636 3374 fatigatos
1681 3301 1861 3358 Persae
1907 3303 2150 3374 aggressi

576 3402 728 3461 sunt,
779 3392 1001 3463 acrique
1048 3399 1303 3448 conserto
1337 3393 1559 3463 proelio,
1615 3402 1809 3448 ventus
1859 3392 2151 3448 vehemens

575 3494 799 3556 repente
850 3491 1111 3548 exortus,
1162 3483 1362 3538 caelum
1414 3482 1695 3552 solemque
1746 3482 1923 3552 ipsum
1964 3484 2151 3539 densis

576 3577 814 3630 nubibus
843 3573 1069 3640 obtexit,
1098 3583 1148 3627 et
1174 3573 1399 3642 pulvere
1423 3587 1603 3628 aerem
1631 3572 1870 3629 miscuit.
1906 3572 2152 3645 Cumque

575 3669 814 3723 tenebra:
842 3665 1085 3735 undique
1110 3673 1166 3721 et
1204 3664 1384 3736 caligo
1414 3663 1753 3719 circumfusa
1784 3672 1951 3731 esset,
1982 3682 2151 3737 eques

576 3757 799 3828 quidam
837 3756 1053 3812 concito
1101 3770 1267 3810 cursu
1299 3762 1710 3827 praetervectus,
1765 3757 2149 3829 imperatorem

577 3850 731 3904 hasta
778 3847 1057 3918 percussit
1098 3861 1161 3902 ac
1191 3846 1352 3903 letale
1382 3848 1581 3902 vulnus
1622 3848 1671 3903 ei
1716 3846 1931 3904 inﬂixit.
1977 3849 2147 3916 Quem

574 3956 700 3995 cum
740 3955 808 3994 ex
851 3954 994 4009 equo
1042 3939 1351 4008 deiecisset,
1406 3939 1627 4010 ignotus
1681 3942 1933 4014 quisnam
1982 3953 2147 4012 esset,

575 4033 869 4088 abscessit.
899 4031 966 4086 Et
996 4032 1087 4086 alii
1122 4031 1343 4102 quidem
1388 4029 1638 4099 Persam,
1687 4033 1780 4088 alii
1815 4032 2148 4090 Saracenqu

576 4122 745 4179 fuisse
776 4123 985 4178 dicunt.
1033 4122 1172 4178 Sunt
1199 4123 1293 4194 qui
1359 4123 1510 4178 illum
1571 4126 1799 4181 militem
1844 4127 2149 4184 Romanum

578 4215 751 4269 fuisse
797 4213 1097 4278 afﬁrment,
1128 4217 1222 4284 qui
1270 4214 1656 4285 imperatorem
1693 4216 1897 4273 idcirco
1928 4234 2153 4289 percus-

574 4305 740 4369 serit,
772 4306 919 4374 quod
971 4305 1200 4360 moleste
1249 4304 1620 4369 ferret,illius
1664 4308 2031 4378 imprudentia
2086 4326 2153 4365 ac

573 4395 880 4450 temeritate
922 4395 1221 4449 exercitum
1280 4394 1586 4452 Romanum
1652 4398 1709 4452 in
1770 4405 1851 4454 tot
1910 4402 2149 4470 pericula

2249 3216 2450 3286 τιώτην
2476 3210 2615 3268 εἶναι
2644 3211 2833 3265 τοῦτον
2891 3208 3285 3282 ἰσχυρίζονται,
3320 3206 3413 3261 καὶ
3449 3198 3767 3271 ἐπενηνοχέναι

2251 3307 2399 3379 αὐτῷ
2438 3307 2537 3378 τὴν
2586 3303 2820 3376 πληγὴν,
2876 3302 3339 3372 ἀγανακτήσαντα
3379 3295 3554 3352 καθότι
3591 3286 3769 3357 ἀϐουλίᾳ

2251 3400 2346 3452 καὶ
2401 3395 2700 3468 θρασύτητι
2763 3392 3039 3456 τοσούτοις
3074 3390 3370 3461 περιέϐαλε
3425 3386 3660 3445 κινδύνοις
3696 3382 3769 3447 τὴν

2254 3489 2532 3562 στρατιάν.
2557 3484 2810 3551 Ᾱιόἀνιος
2843 3485 2954 3557 (45)
2984 3485 3040 3539 δέ
3064 3487 3092 3539 ὁ
3115 3482 3290 3556 Σύρος
3321 3479 3584 3553 σοφιστὴς,
3612 3475 3668 3528 τὰ
3695 3471 3770 3544 μιά-

2251 3581 2407 3635 λιστα
2435 3580 2671 3653 συνήθης
2700 3579 2795 3633 καὶ
2850 3576 3002 3648 φίλος
3054 3574 3206 3646 αύτῷ
3260 3572 3512 3645 γεγονὼς,
3537 3567 3645 3622 τάδε
3672 3562 3769 3634 περὶ

2249 3672 2344 3728 τοῦ
2400 3671 2709 3736 κτείναντος
2761 3670 2924 3724 αὑτὸν
2969 3667 3193 3741 γρᾴφει.
3262 3666 3360 3727 Τίς
3388 3658 3476 3719 οὖν
3512 3663 3538 3715 6
3581 3657 3769 3716 κτείνας,

2251 3762 2409 3818 ποθεί
2431 3780 2515 3827 τις
2540 3761 2791 3817 ἀκοῦσαι.
2832 3759 3083 3831 Τοῦνομα
3113 3757 3215 3831 μὲν
3248 3757 3351 3811 οὐκ
3374 3751 3488 3809 οἶδα
3504 3770 3516 3783 ·
3552 3747 3633 3803 τοῦ
3654 3746 3698 3799 δὲ
3714 3745 3771 3814 μὴ

2251 3856 2511 3929 πολέμιον
2540 3853 2679 3909 εἶναι
2743 3854 2835 3908 τὸν
2881 3852 3191 3919 κτείναντα,
3232 3851 3458 3922 σημεῖον
3489 3841 3701 3915 ἐναργὲς,
3725 3835 3770 3888 τδ

2254 3945 2459 4017 μηδένα
2502 3944 2759 4016 πολέμιον
2790 3943 2883 3997 ἐπὶ
2913 3945 2981 4015 τῇ
3014 3942 3198 4013 πληγῇ
3241 3936 3574 4010 τετιμῆσθαι.
3622 3930 3772 3985 Καίτοι

2249 4035 2339 4089 διὰ
2375 4034 2637 4107 κηρύκων
2691 4036 2719 4089 ὁ
2766 4032 2982 4106 Πέρσης
3030 4033 3218 4087 ἐκάλει
3257 4032 3395 4104 πρὸς
3423 4028 3576 4100 γέρας
3600 4023 3673 4076 τὸν
3689 4022 3769 4075 ἀπ’

2250 4128 2525 4195 εκτονότα,
2577 4127 2673 4182 καὶ
2730 4127 2982 4199 μεγάλων
3016 4126 3234 4197 ὑπῆρχε
3274 4124 3354 4195 τῷ
3385 4122 3589 4192 φανέντι
3611 4114 3771 4184 τυχεῖνο

2251 4219 2368 4274 ἀλλ’
2411 4220 2564 4290 ὅμως
2645 4220 2756 4272 οὐδ’
2816 4219 2979 4291 ἔρωτι
3026 4218 3208 4289 γερῶν
3260 4212 3653 4287 ὴλαζονεύσατο.
3690 4201 3771 4256 Καὶ

2252 4309 2419 4381 πολλή
2439 4326 2504 4378 γε
2525 4312 2638 4374 τοῖς
2671 4309 2953 4381 πολεμίοις
2975 4311 3008 4380 ὴ
3035 4310 3219 4380 χάρις,
3255 4309 3337 4362 ὅτι
3362 4301 3438 4361 ὧν
3466 4304 3559 4359 οὐκ
3570 4301 3770 4371 ἔδρασαν.

2251 4401 2311 4454 ού
2345 4400 2673 4476 προσέθεντο
2698 4401 2797 4473 τὴν
2814 4402 2994 4469 δόξαν,
3027 4401 3146 4454 ἀλλ’
3180 4400 3375 4454 ἔδοσαν
3390 4400 3516 4469 ἡμῖν
3542 4391 3654 4462 παρ’
3674 4386 3771 4456 ἡμῖν

572 4486 880 4556 conjectum
931 4500 1077 4543 esse.
1131 4486 1302 4543 Porro
1336 4486 1600 4545 Libanius
1654 4489 1826 4563 Syrus
1881 4494 2146 4566 sophista,

2255 4493 2439 4558 αὐτοῖς
2488 4493 2580 4547 τὸν
2622 4492 2837 4562 σφαγέα
2891 4492 3094 4564 ζητεῖν.
3127 4484 3235 4555 Οἷς
3277 4491 3390 4562 γάρ
3413 4489 3509 4541 οὐκ
3536 4476 3775 4538 ἐλυσιτέλει

573 4577 667 4645 qui
710 4591 819 4647 prae
862 4579 1079 4631 caeteris
1129 4574 1431 4651 familiaris,
1453 4579 1800 4650 imperatoris
1839 4593 1895 4640 et
1940 4586 2146 4642 amicus

2251 4587 2383 4655 ζῶν,
2423 4583 2570 4644 οὗτοι
2600 4589 2656 4643 δὲ
2678 4585 2819 4661 ἦσαν
2838 4591 2889 4644 ot
2930 4589 3132 4654 ζῶντες
3182 4589 3248 4643 οὐ
3282 4586 3424 4641 κατὰ
3463 4583 3580 4644 τοὺς
3602 4577 3773 4646 νόμους.

574 4669 696 4731 fuit,
718 4670 783 4723 de
808 4668 971 4723 caedis
998 4678 1223 4723 auctore
1249 4668 1323 4724 ita
1351 4671 1562 4725 scribit.
1591 4672 1668 4727 Ae
1697 4673 1933 4731 fortasse
1949 4678 2146 4745 aliquis

2251 4682 2415 4736 πάλαι
2468 4699 2530 4735 τε
2577 4680 2956 4746 ἐπεσούλευον,
2990 4681 3086 4734 καὶ
3128 4680 3254 4733 τότε
3289 4675 3596 4747 δυνηθέντες
3631 4662 3777 4736 εἱργά·

575 4775 739 4814 nosse
789 4761 977 4841 cupit,’
1005 4761 1256 4830 quisnam
1315 4761 1469 4816 illum
1526 4766 1822 4832 occiderit;
1873 4783 1975 4837 ego
2023 4785 2146 4823 vero

2251 4792 2412 4828 σαντο
2437 4788 2450 4802 '
2481 4774 2577 4844 τῆς
2604 4790 2663 4827 τε
2687 4773 2856 4843 ἄλλης
2872 4774 3087 4837 ἀδικίας
3106 4768 3542 4840 ἀναγκαζούσης,
3556 4762 3643 4816 οὐκ
3658 4751 3775 4844 ὲχοῦξ

574 4863 772 4904 nomen
803 4850 1021 4920 quidem
1053 4850 1260 4906 nescio.
1290 4851 1374 4906 Ab
1406 4852 1559 4910 hoste
1588 4866 1766 4911 tamen
1797 4858 2145 4913 interfectum

2256 4883 2355 4937 σης
2383 4865 2479 4919 ἐπὶ
2492 4841 2593 4935 τῆς
2619 4841 2828 4919 ἐκείνου
2857 4862 3132 4934 βασιλείας
3156 4861 3409 4927 ἐξουσίαν
3436 4876 3449 4889 ·
3480 4856 3568 4912 καὶ
3591 4841 3779 4923 μάλιστά

574 4955 685 4995 non
717 4940 884 4995 fuisse
903 4941 1268 4996 certissimum
1298 4943 1429 4999 illud
1463 4956 1842 5017 argumentum
1870 4959 1973 5014 est,
2000 4951 2145 5021 quod

2254 4973 2317 5025 γε
2347 4956 2441 5010 τοῦ
2463 4956 2728 5027 τιμᾶσθαι
2765 4957 2892 5019 τοὺς
2943 4956 3123 5020 θεοὺς,
3153 4950 3213 5009 οὗ
3258 4950 3557 5007 τούναντίον
3580 4944 3774 5013 ἐξέβαιν’

576 5046 737 5085 nemo
764 5045 829 5083 ex
875 5029 1122 5086 hostibus
1158 5033 1230 5087 ob
1256 5034 1453 5090 vulnus
1484 5036 1613 5092 illud
1663 5039 1866 5095 honore
1920 5041 2147 5098 affectus

1776 5214 2047 5271 VALESII
2089 5218 2654 5277 ANNOTATIONES.

646 5344 760 5413 (41)
802 5343 1124 5398 Ἐνέὄαλον
1155 5345 1379 5413 τόποις.
1428 5349 1754 5406 Addendum
1798 5362 1884 5409 est
1920 5355 2152 5410 vocabu-

576 5412 696 5492 iuln
707 5413 944 5492 Expleta:
958 5430 1034 5492 ex
1052 5412 1379 5492 Nicephoro.

647 5483 761 5625 (ἃς
790 5482 880 5548 ’Τῷ
909 5482 977 5568 ea
1003 5482 1147 5553 ἀέρι.
1181 5482 1360 5541 Malim
1390 5489 1634 5546 scribere
1662 5490 1745 5558 Τῷ
1767 5510 1830 5547 τε
1856 5492 2007 5561 ἀέρι,
2036 5503 2145 5552 etc.

647 5554 736 5625 (45
792 5555 1085 5619 Anim-ioc.
1118 5554 1295 5613 Locus
1322 5557 1534 5614 Libanii
1570 5574 1731 5625 quem
1780 5563 1869 5618 hic
1897 5565 2146 5625 designat

2254 5482 2517 5554 Libanius
2550 5482 2804 5554 hortatur
2828 5482 3223 5565 Theodosium,
3261 5508 3323 5551 nt
3350 5494 3550 5551 Iuliani
3592 5482 3779 5555 impera-

2255 5570 2392 5623 toris
2418 5568 2621 5624 cazdem
2644 5569 2975 5624 ulciscatur:
3006 5579 3060 5625 et
3085 5575 3321 5624 cunctas
3350 5565 3670 5621 calamitates
3687 5565 3779 5622 (11⁸³³

645 5554 756 5625 (45)
792 5554 1534 5635 mairum.LocnsLibanii
1570 5554 1731 5635 quem
1780 5563 1869 5635 hic
1897 5554 2149 5635 designat
2255 5570 2392 5623 toris
2418 5568 2621 5624 caedem
2644 5554 3321 5625 ulciscaturretvcunetas
3350 5554 3780 5635 calamitates};me

578 5622 937 5706 .Soiomenus,
986 5629 1372 5706 exstat-hodie
1413 5630 1466 5684 in
1509 5622 1759 5706 oratione
1815 5622 2047 5706 funebri
2078 5637 2146 5691 de
2250 5622 2383 5706 post
2415 5622 2563 5693 illius
2597 5622 2811 5697 obitum
2846 5622 3492 5699 Romavnisvacciderunt,
3530 5646 3628 5687 non
3650 5627 3779 5706 aliain

578 5695 831 5778 laudibus
865 5686 1121 5778 ejusdem
1148 5696 1400 5778 Juliani,
1433 5715 1554 5770 pag.
1589 5701 1714 5766 5‘23,
1748 5686 1879 5778 torni
1914 5686 2144 5759 secundi
3146 5686 3620 5778 quiiv'bi-iiﬁteréa
3661 5686 3777 5765 quod

576 5765 811 5831 Operum
865 5763 1097 5822 Libanii.
1147 5767 1333 5829 Exstat
1380 5763 1546 5840 pedes
1599 5763 1908 5829 tne‘altera
1966 5779 2142 5832 oratio
2250 5792 2368 5831 eam
2401 5784 2602 5833 caedem
2638 5763 2868 5834 inultam
2892 5763 3275 5852 reliquissent.

2254 5357 2502 5426 ejusdem
2534 5357 2746 5413 Libanii
2774 5358 2840 5413 ad
2864 5357 3236 5415 Theodosium
3269 5358 3661 5426 imperatorem.
3688 5356 3781 5415 ειη*

2255 5421 2581 5501 inscribitur
2619 5431 2749 5499 περὶ
2924 5430 3193 5501 τιμωρίας
3250 5421 3555 5501 Ἰουλιανοῦἰ
3593 5421 3655 5501 ,Ιη
3698 5428 3778 5501 (illa
