  <div class='ocr_page' id='page_1' title='image "/cluster/home/n/w/nwhite01/storage/ocr_20150623/67/mdp.39015018620115/652.png"; bbox 0 0 4056 6326; ppageno 0'>
   <div class='ocr_carea' id='block_1_1' title="bbox 388 413 524 469">
    <p class='ocr_par' dir='ltr' id='par_1_1' title="bbox 388 413 524 469">
     <span class='ocr_line' id='line_1_1' title="bbox 388 413 524 469; baseline 0.022 -3"><span class='ocrx_word' id='word_1_1' title='bbox 388 414 405 466; x_wconf 90' lang='lat' dir='ltr'><strong>I</strong></span> <span class='ocrx_word' id='word_1_2' title='bbox 421 413 524 469; x_wconf 72' lang='lat'><strong>293</strong></span> 
     </span>
    </p>
   </div>
   <div class='ocr_carea' id='block_1_2' title="bbox 1340 386 2677 507">
    <p class='ocr_par' dir='ltr' id='par_1_2' title="bbox 1340 386 2677 507">
     <span class='ocr_line' id='line_1_2' title="bbox 1340 386 2677 507; baseline 0.012 -33"><span class='ocrx_word' id='word_1_3' title='bbox 1340 420 1664 478; x_wconf 78' lang='lat' dir='ltr'><strong>HISTORIA</strong></span> <span class='ocrx_word' id='word_1_4' title='bbox 1709 386 2270 507; x_wconf 46' lang='lat' dir='ltr'><strong>ECCLESIASTICA.</strong></span> <span class='ocrx_word' id='word_1_5' title='bbox 2312 462 2381 473; x_wconf 91' lang='lat'><strong>--</strong></span> <span class='ocrx_word' id='word_1_6' title='bbox 2422 431 2550 488; x_wconf 86' lang='lat' dir='ltr'><strong>LIB.</strong></span> <span class='ocrx_word' id='word_1_7' title='bbox 2591 433 2677 490; x_wconf 83' lang='lat' dir='ltr'><strong>VI.</strong></span> 
     </span>
    </p>
   </div>
   <div class='ocr_carea' id='block_1_3' title="bbox 3510 450 3642 503">
    <p class='ocr_par' dir='ltr' id='par_1_3' title="bbox 3510 450 3642 503">
     <span class='ocr_line' id='line_1_3' title="bbox 3510 450 3642 503; baseline -0.015 0"><span class='ocrx_word' id='word_1_8' title='bbox 3510 450 3642 503; x_wconf 64' lang='lat' dir='ltr'><strong>I&#39;Zttl</strong></span> 
     </span>
    </p>
   </div>
   <div class='ocr_carea' id='block_1_4' title="bbox 382 525 3638 630">
    <p class='ocr_par' dir='ltr' id='par_1_4' title="bbox 382 525 3638 630">
     <span class='ocr_line' id='line_1_4' title="bbox 382 525 3638 630; baseline 0.011 -49"><span class='ocrx_word' id='word_1_9' title='bbox 382 535 488 582; x_wconf 88' lang='lat' dir='ltr'><strong>est.</strong></span> <span class='ocrx_word' id='word_1_10' title='bbox 542 525 805 593; x_wconf 85' lang='lat' dir='ltr'><strong>Quamvis</strong></span> <span class='ocrx_word' id='word_1_11' title='bbox 838 544 932 585; x_wconf 80' lang='lat' dir='ltr'><strong>rex</strong></span> <span class='ocrx_word' id='word_1_12' title='bbox 982 528 1273 587; x_wconf 84' lang='lat' dir='ltr'><strong>Persarum</strong></span> <span class='ocrx_word' id='word_1_13' title='bbox 1332 547 1609 592; x_wconf 78' lang='lat' dir='ltr'><strong>auctorem</strong></span> <span class='ocrx_word' id='word_1_14' title='bbox 1660 537 1824 594; x_wconf 74' lang='lat' dir='ltr'><strong>caedis</strong></span> <span class='ocrx_word' id='word_1_15' title='bbox 1869 555 1966 610; x_wconf 88' lang='lat' dir='ltr'><strong>per</strong></span> <span class='ocrx_word' id='word_1_16' title='bbox 2004 555 2311 612; x_wconf 68' lang='lat' dir='ltr'><strong>praeconem</strong></span> <span class='ocrx_word' id='word_1_17' title='bbox 2338 546 2404 600; x_wconf 90' lang='lat' dir='ltr'><strong>ad</strong></span> <span class='ocrx_word' id='word_1_18' title='bbox 2442 548 2725 617; x_wconf 75' lang='lat' dir='ltr'><strong>prrctnium</strong></span> <span class='ocrx_word' id='word_1_19' title='bbox 2754 553 3047 619; x_wconf 83' lang='lat' dir='ltr'><strong>vocaverit,</strong></span> <span class='ocrx_word' id='word_1_20' title='bbox 3075 563 3130 610; x_wconf 91' lang='lat' dir='ltr'><strong>et</strong></span> <span class='ocrx_word' id='word_1_21' title='bbox 3188 558 3424 613; x_wconf 74' lang='lat' dir='ltr'><strong>maxima</strong></span> <span class='ocrx_word' id='word_1_22' title='bbox 3492 575 3638 630; x_wconf 81' lang='lat' dir='ltr'><strong>quae-</strong></span> 
     </span>
    </p>
   </div>
   <div class='ocr_carea' id='block_1_5' title="bbox 379 618 3645 721">
    <p class='ocr_par' dir='ltr' id='par_1_5' title="bbox 379 618 3645 721">
     <span class='ocr_line' id='line_1_5' title="bbox 379 618 3645 721; baseline 0.011 -49"><span class='ocrx_word' id='word_1_23' title='bbox 379 632 488 690; x_wconf 86' lang='lat' dir='ltr'><strong>que</strong></span> <span class='ocrx_word' id='word_1_24' title='bbox 529 618 763 688; x_wconf 86' lang='lat' dir='ltr'><strong>adipisci</strong></span> <span class='ocrx_word' id='word_1_25' title='bbox 809 621 1022 678; x_wconf 77' lang='lat' dir='ltr'><strong>licuerit</strong></span> <span class='ocrx_word' id='word_1_26' title='bbox 1058 625 1107 678; x_wconf 92' lang='lat' dir='ltr'><strong>ei</strong></span> <span class='ocrx_word' id='word_1_27' title='bbox 1137 625 1231 696; x_wconf 91' lang='lat' dir='ltr'><strong>qui</strong></span> <span class='ocrx_word' id='word_1_28' title='bbox 1297 626 1353 681; x_wconf 91' lang='lat' dir='ltr'><strong>in</strong></span> <span class='ocrx_word' id='word_1_29' title='bbox 1403 628 1640 683; x_wconf 88' lang='lat' dir='ltr'><strong>medium</strong></span> <span class='ocrx_word' id='word_1_30' title='bbox 1713 631 2027 700; x_wconf 87' lang='lat' dir='ltr'><strong>prodiissct.</strong></span> <span class='ocrx_word' id='word_1_31' title='bbox 2068 633 2270 691; x_wconf 80' lang='lat' dir='ltr'><strong>Verum</strong></span> <span class='ocrx_word' id='word_1_32' title='bbox 2319 654 2518 704; x_wconf 91' lang='lat' dir='ltr'><strong>nemo,</strong></span> <span class='ocrx_word' id='word_1_33' title='bbox 2564 656 2633 695; x_wconf 88' lang='lat' dir='ltr'><strong>ne</strong></span> <span class='ocrx_word' id='word_1_34' title='bbox 2680 618 3039 712; x_wconf 71' lang='lat' dir='ltr'><strong>praemiorum</strong></span> <span class='ocrx_word' id='word_1_35' title='bbox 3075 647 3294 717; x_wconf 88' lang='lat' dir='ltr'><strong>quidem</strong></span> <span class='ocrx_word' id='word_1_36' title='bbox 3346 651 3645 721; x_wconf 71' lang='lat' dir='ltr'><strong>cupiditate</strong></span> 
     </span>
    </p>
   </div>
   <div class='ocr_carea' id='block_1_6' title="bbox 378 712 3641 817">
    <p class='ocr_par' dir='ltr' id='par_1_6' title="bbox 378 712 3641 817">
     <span class='ocr_line' id='line_1_6' title="bbox 378 712 3641 817; baseline 0.011 -49"><span class='ocrx_word' id='word_1_37' title='bbox 378 713 602 778; x_wconf 88' lang='lat' dir='ltr'><strong>ductus,</strong></span> <span class='ocrx_word' id='word_1_38' title='bbox 640 728 706 768; x_wconf 91' lang='lat' dir='ltr'><strong>eo</strong></span> <span class='ocrx_word' id='word_1_39' title='bbox 744 712 987 772; x_wconf 81' lang='lat' dir='ltr'><strong>facinore</strong></span> <span class='ocrx_word' id='word_1_40' title='bbox 1042 717 1182 775; x_wconf 87' lang='lat' dir='ltr'><strong>falso</strong></span> <span class='ocrx_word' id='word_1_41' title='bbox 1228 720 1496 792; x_wconf 75' lang='lat' dir='ltr'><strong>gloriatus</strong></span> <span class='ocrx_word' id='word_1_42' title='bbox 1543 730 1646 778; x_wconf 90' lang='lat' dir='ltr'><strong>est.</strong></span> <span class='ocrx_word' id='word_1_43' title='bbox 1700 725 1777 779; x_wconf 82' lang='lat' dir='ltr'><strong>Ac</strong></span> <span class='ocrx_word' id='word_1_44' title='bbox 1826 726 2071 796; x_wconf 87' lang='lat' dir='ltr'><strong>profecto</strong></span> <span class='ocrx_word' id='word_1_45' title='bbox 2102 730 2349 786; x_wconf 84' lang='lat' dir='ltr'><strong>habenda</strong></span> <span class='ocrx_word' id='word_1_46' title='bbox 2371 739 2456 787; x_wconf 90' lang='lat' dir='ltr'><strong>est</strong></span> <span class='ocrx_word' id='word_1_47' title='bbox 2479 732 2737 792; x_wconf 78' lang='lat' dir='ltr'><strong>hostibus</strong></span> <span class='ocrx_word' id='word_1_48' title='bbox 2769 738 2978 809; x_wconf 84' lang='lat' dir='ltr'><strong>gratia,</strong></span> <span class='ocrx_word' id='word_1_49' title='bbox 3045 712 3140 811; x_wconf 79' lang='lat' dir='ltr'><strong>qui</strong></span> <span class='ocrx_word' id='word_1_50' title='bbox 3208 712 3433 801; x_wconf 73' lang='lat' dir='ltr'><strong>facinus</strong></span> <span class='ocrx_word' id='word_1_51' title='bbox 3494 753 3641 817; x_wconf 82' lang='lat' dir='ltr'><strong>quod</strong></span> 
     </span>
    </p>
   </div>
   <div class='ocr_carea' id='block_1_7' title="bbox 376 801 3642 895">
    <p class='ocr_par' dir='ltr' id='par_1_7' title="bbox 376 801 3642 895">
     <span class='ocr_line' id='line_1_7' title="bbox 376 801 3642 895; baseline 0.011 -38"><span class='ocrx_word' id='word_1_52' title='bbox 376 801 483 873; x_wconf 88' lang='lat' dir='ltr'><strong>ipsi</strong></span> <span class='ocrx_word' id='word_1_53' title='bbox 514 816 625 856; x_wconf 89' lang='lat' dir='ltr'><strong>non</strong></span> <span class='ocrx_word' id='word_1_54' title='bbox 647 802 1015 869; x_wconf 89' lang='lat' dir='ltr'><strong>admiserant,</strong></span> <span class='ocrx_word' id='word_1_55' title='bbox 1071 822 1417 879; x_wconf 85' lang='lat' dir='ltr'><strong>nequaquam</strong></span> <span class='ocrx_word' id='word_1_56' title='bbox 1478 811 1581 867; x_wconf 87' lang='lat' dir='ltr'><strong>sibi</strong></span> <span class='ocrx_word' id='word_1_57' title='bbox 1630 822 1955 885; x_wconf 87' lang='lat' dir='ltr'><strong>arrogarunt</strong></span> <span class='ocrx_word' id='word_1_58' title='bbox 1987 832 2007 870; x_wconf 89' lang='lat'><em>:</em></span> <span class='ocrx_word' id='word_1_59' title='bbox 2046 818 2142 873; x_wconf 92' lang='lat' dir='ltr'><strong>sed</strong></span> <span class='ocrx_word' id='word_1_60' title='bbox 2184 819 2346 875; x_wconf 85' lang='lat' dir='ltr'><strong>nobis</strong></span> <span class='ocrx_word' id='word_1_61' title='bbox 2385 834 2808 893; x_wconf 89' lang='lat' dir='ltr'><strong>concesserunt,</strong></span> <span class='ocrx_word' id='word_1_62' title='bbox 2857 837 2916 883; x_wconf 90' lang='lat' dir='ltr'><strong>ut</strong></span> <span class='ocrx_word' id='word_1_63' title='bbox 2961 830 3125 888; x_wconf 66' lang='lat' dir='ltr'><strong>caedis</strong></span> <span class='ocrx_word' id='word_1_64' title='bbox 3176 842 3455 891; x_wconf 86' lang='lat' dir='ltr'><strong>auctorem</strong></span> <span class='ocrx_word' id='word_1_65' title='bbox 3498 838 3642 895; x_wconf 87' lang='lat' dir='ltr'><strong>inter</strong></span> 
     </span>
    </p>
   </div>
   <div class='ocr_carea' id='block_1_8' title="bbox 376 897 3637 999">
    <p class='ocr_par' dir='ltr' id='par_1_8' title="bbox 376 897 3637 999">
     <span class='ocr_line' id='line_1_8' title="bbox 376 897 3637 999; baseline 0.011 -50"><span class='ocrx_word' id='word_1_66' title='bbox 376 901 599 951; x_wconf 88' lang='lat' dir='ltr'><strong>nostros</strong></span> <span class='ocrx_word' id='word_1_67' title='bbox 627 909 1018 966; x_wconf 63' lang='lat' dir='ltr'><strong>quaereremus.</strong></span> <span class='ocrx_word' id='word_1_68' title='bbox 1050 897 1152 965; x_wconf 87' lang='lat' dir='ltr'><strong>Qui</strong></span> <span class='ocrx_word' id='word_1_69' title='bbox 1186 901 1331 956; x_wconf 91' lang='lat' dir='ltr'><strong>enim</strong></span> <span class='ocrx_word' id='word_1_70' title='bbox 1358 917 1424 957; x_wconf 79' lang='lat' dir='ltr'><strong>ex</strong></span> <span class='ocrx_word' id='word_1_71' title='bbox 1452 904 1574 974; x_wconf 84' lang='lat' dir='ltr'><strong>ejus</strong></span> <span class='ocrx_word' id='word_1_72' title='bbox 1604 905 1714 959; x_wconf 89' lang='lat' dir='ltr'><strong>vita</strong></span> <span class='ocrx_word' id='word_1_73' title='bbox 1751 907 1957 961; x_wconf 91' lang='lat' dir='ltr'><strong>nullam</strong></span> <span class='ocrx_word' id='word_1_74' title='bbox 1999 910 2371 980; x_wconf 83' lang='lat' dir='ltr'><strong>percipiebant</strong></span> <span class='ocrx_word' id='word_1_75' title='bbox 2395 915 2685 972; x_wconf 86' lang='lat' dir='ltr'><strong>utilitatem</strong></span> <span class='ocrx_word' id='word_1_76' title='bbox 2710 960 2724 982; x_wconf 89' lang='lat'><strong>,</strong></span> <span class='ocrx_word' id='word_1_77' title='bbox 2791 919 2845 974; x_wconf 89' lang='lat' dir='ltr'><strong>hi</strong></span> <span class='ocrx_word' id='word_1_78' title='bbox 2879 921 3091 977; x_wconf 87' lang='lat' dir='ltr'><strong>scilicet</strong></span> <span class='ocrx_word' id='word_1_79' title='bbox 3153 926 3246 995; x_wconf 92' lang='lat' dir='ltr'><strong>qui</strong></span> <span class='ocrx_word' id='word_1_80' title='bbox 3291 943 3637 999; x_wconf 85' lang='lat' dir='ltr'><strong>nequaquam</strong></span> 
     </span>
    </p>
   </div>
   <div class='ocr_carea' id='block_1_9' title="bbox 369 988 3632 1086">
    <p class='ocr_par' dir='ltr' id='par_1_9' title="bbox 369 988 3632 1086">
     <span class='ocr_line' id='line_1_9' title="bbox 369 988 3632 1086; baseline 0.011 -46"><span class='ocrx_word' id='word_1_81' title='bbox 369 988 530 1057; x_wconf 78' lang='lat' dir='ltr'><strong>juxta</strong></span> <span class='ocrx_word' id='word_1_82' title='bbox 560 990 738 1061; x_wconf 86' lang='lat' dir='ltr'><strong>legum</strong></span> <span class='ocrx_word' id='word_1_83' title='bbox 775 992 1091 1062; x_wconf 79' lang='lat' dir='ltr'><strong>praescripta</strong></span> <span class='ocrx_word' id='word_1_84' title='bbox 1145 994 1420 1061; x_wconf 83' lang='lat' dir='ltr'><strong>vivebant,</strong></span> <span class='ocrx_word' id='word_1_85' title='bbox 1483 1006 1539 1052; x_wconf 91' lang='lat' dir='ltr'><strong>et</strong></span> <span class='ocrx_word' id='word_1_86' title='bbox 1585 998 1716 1053; x_wconf 92' lang='lat' dir='ltr'><strong>olim</strong></span> <span class='ocrx_word' id='word_1_87' title='bbox 1786 1000 2016 1058; x_wconf 89' lang='lat' dir='ltr'><strong>insidias</strong></span> <span class='ocrx_word' id='word_1_88' title='bbox 2055 1004 2104 1059; x_wconf 91' lang='lat' dir='ltr'><strong>ei</strong></span> <span class='ocrx_word' id='word_1_89' title='bbox 2150 1011 2484 1072; x_wconf 81' lang='lat' dir='ltr'><strong>struxerant,</strong></span> <span class='ocrx_word' id='word_1_90' title='bbox 2525 1021 2580 1063; x_wconf 88' lang='lat' dir='ltr'><strong>et</strong></span> <span class='ocrx_word' id='word_1_91' title='bbox 2614 1019 2746 1066; x_wconf 92' lang='lat' dir='ltr'><strong>tunc</strong></span> <span class='ocrx_word' id='word_1_92' title='bbox 2773 988 3238 1083; x_wconf 77' lang='lat' dir='ltr'><strong>opportunitatem</strong></span> <span class='ocrx_word' id='word_1_93' title='bbox 3289 988 3455 1086; x_wconf 72' lang='lat' dir='ltr'><strong>nacti,</strong></span> <span class='ocrx_word' id='word_1_94' title='bbox 3490 988 3632 1077; x_wconf 43' lang='lat' dir='ltr'><strong>leum</strong></span> 
     </span>
    </p>
   </div>
   <div class='ocr_carea' id='block_1_10' title="bbox 372 1087 3645 1182">
    <p class='ocr_par' dir='ltr' id='par_1_10' title="bbox 372 1087 3645 1182">
     <span class='ocr_line' id='line_1_10' title="bbox 372 1087 3645 1182; baseline 0.011 -48"><span class='ocrx_word' id='word_1_95' title='bbox 372 1090 725 1149; x_wconf 88' lang='lat' dir='ltr'><strong>peremerunt</strong></span> <span class='ocrx_word' id='word_1_96' title='bbox 758 1102 771 1138; x_wconf 92' lang='lat'><strong>:</strong></span> <span class='ocrx_word' id='word_1_97' title='bbox 804 1091 922 1140; x_wconf 91' lang='lat' dir='ltr'><strong>tum</strong></span> <span class='ocrx_word' id='word_1_98' title='bbox 954 1087 1164 1158; x_wconf 89' lang='lat' dir='ltr'><strong>reliqua</strong></span> <span class='ocrx_word' id='word_1_99' title='bbox 1203 1089 1351 1143; x_wconf 91' lang='lat' dir='ltr'><strong>omni</strong></span> <span class='ocrx_word' id='word_1_100' title='bbox 1398 1088 1660 1160; x_wconf 89' lang='lat' dir='ltr'><strong>injustitia</strong></span> <span class='ocrx_word' id='word_1_101' title='bbox 1697 1094 1846 1162; x_wconf 89' lang='lat' dir='ltr'><strong>ipsos</strong></span> <span class='ocrx_word' id='word_1_102' title='bbox 1878 1094 1946 1149; x_wconf 90' lang='lat' dir='ltr'><strong>ad</strong></span> <span class='ocrx_word' id='word_1_103' title='bbox 1982 1095 2036 1151; x_wconf 90' lang='lat' dir='ltr'><strong>id</strong></span> <span class='ocrx_word' id='word_1_104' title='bbox 2074 1097 2287 1153; x_wconf 82' lang='lat' dir='ltr'><strong>facinus</strong></span> <span class='ocrx_word' id='word_1_105' title='bbox 2310 1100 2644 1169; x_wconf 85' lang='lat' dir='ltr'><strong>impellente,</strong></span> <span class='ocrx_word' id='word_1_106' title='bbox 2673 1119 2796 1173; x_wconf 82' lang='lat' dir='ltr'><strong>quae</strong></span> <span class='ocrx_word' id='word_1_107' title='bbox 2834 1106 2929 1161; x_wconf 90' lang='lat' dir='ltr'><strong>illo</strong></span> <span class='ocrx_word' id='word_1_108' title='bbox 2958 1108 3123 1180; x_wconf 77' lang='lat'><strong>219</strong></span> <span class='ocrx_word' id='word_1_109' title='bbox 3188 1121 3451 1182; x_wconf 80' lang='lat' dir='ltr'><strong>regnante</strong></span> <span class='ocrx_word' id='word_1_110' title='bbox 3515 1114 3645 1169; x_wconf 87' lang='lat' dir='ltr'><strong>nul-</strong></span> 
     </span>
    </p>
   </div>
   <div class='ocr_carea' id='block_1_11' title="bbox 371 1171 2877 1257">
    <p class='ocr_par' dir='ltr' id='par_1_11' title="bbox 371 1171 2877 1257">
     <span class='ocr_line' id='line_1_11' title="bbox 371 1171 2877 1257; baseline 0.01 -33"><span class='ocrx_word' id='word_1_111' title='bbox 371 1172 481 1225; x_wconf 86' lang='lat' dir='ltr'><strong>lam</strong></span> <span class='ocrx_word' id='word_1_112' title='bbox 535 1171 810 1227; x_wconf 88' lang='lat' dir='ltr'><strong>licentiam</strong></span> <span class='ocrx_word' id='word_1_113' title='bbox 876 1174 1195 1230; x_wconf 87' lang='lat' dir='ltr'><strong>obtinebat:</strong></span> <span class='ocrx_word' id='word_1_114' title='bbox 1235 1186 1346 1231; x_wconf 91' lang='lat' dir='ltr'><strong>tum</strong></span> <span class='ocrx_word' id='word_1_115' title='bbox 1396 1180 1668 1251; x_wconf 70' lang='lat' dir='ltr'><strong>praecipue</strong></span> <span class='ocrx_word' id='word_1_116' title='bbox 1721 1181 1949 1238; x_wconf 91' lang='lat' dir='ltr'><strong>deorum</strong></span> <span class='ocrx_word' id='word_1_117' title='bbox 1989 1185 2138 1239; x_wconf 92' lang='lat' dir='ltr'><strong>cultu</strong></span> <span class='ocrx_word' id='word_1_118' title='bbox 2172 1186 2259 1240; x_wconf 91' lang='lat' dir='ltr'><strong>cui</strong></span> <span class='ocrx_word' id='word_1_119' title='bbox 2292 1187 2395 1257; x_wconf 91' lang='lat' dir='ltr'><strong>ipsi</strong></span> <span class='ocrx_word' id='word_1_120' title='bbox 2424 1171 2877 1248; x_wconf 79' lang='lat' dir='ltr'><strong>adversabantur.</strong></span> 
     </span>
    </p>
   </div>
   <div class='ocr_carea' id='block_1_12' title="bbox 965 1291 1337 1348">
    <p class='ocr_par' dir='ltr' id='par_1_12' title="bbox 965 1291 1337 1348">
     <span class='ocr_line' id='line_1_12' title="bbox 965 1291 1337 1348; baseline 0.008 -4"><span class='ocrx_word' id='word_1_121' title='bbox 965 1291 1216 1348; x_wconf 82' lang='grc' dir='ltr'>ΚΕΦΑΛ.</span> <span class='ocrx_word' id='word_1_122' title='bbox 1262 1293 1337 1347; x_wconf 89' lang='lat' dir='ltr'><strong>B&#39;.</strong></span> 
     </span>
    </p>
   </div>
   <div class='ocr_carea' id='block_1_13' title="bbox 336 1398 1944 1479">
    <p class='ocr_par' dir='ltr' id='par_1_13' title="bbox 336 1398 1944 1479">
     <span class='ocr_line' id='line_1_13' title="bbox 336 1398 1944 1479; baseline 0.009 -27"><span class='ocrx_word' id='word_1_123' title='bbox 336 1456 349 1463; x_wconf 84' lang='lat'><strong><em>_</em></strong></span> <span class='ocrx_word' id='word_1_124' title='bbox 366 1398 500 1453; x_wconf 76' lang='grc' dir='ltr'>Ὅτι</span> <span class='ocrx_word' id='word_1_125' title='bbox 523 1398 677 1453; x_wconf 82' lang='grc' dir='ltr'>κατὰ</span> <span class='ocrx_word' id='word_1_126' title='bbox 705 1402 1030 1479; x_wconf 61' lang='grc' dir='ltr'>ρεοιεητςίαν</span> <span class='ocrx_word' id='word_1_127' title='bbox 1052 1404 1317 1479; x_wconf 71' lang='grc' dir='ltr'>ἀνῃρέθη</span> <span class='ocrx_word' id='word_1_128' title='bbox 1334 1426 1348 1437; x_wconf 78' lang='grc' dir='ltr'><strong>ο</strong></span> <span class='ocrx_word' id='word_1_129' title='bbox 1377 1408 1474 1479; x_wconf 76' lang='grc' dir='ltr'>καὶ</span> <span class='ocrx_word' id='word_1_130' title='bbox 1502 1409 1635 1477; x_wconf 77' lang='grc' dir='ltr'>περὶ</span> <span class='ocrx_word' id='word_1_131' title='bbox 1670 1410 1787 1463; x_wconf 78' lang='grc' dir='ltr'>τῶν</span> <span class='ocrx_word' id='word_1_132' title='bbox 1815 1411 1944 1479; x_wconf 79' lang='grc' dir='ltr'><strong>ὁρά-</strong></span> 
     </span>
    </p>
   </div>
   <div class='ocr_carea' id='block_1_14' title="bbox 433 1470 1944 1548">
    <p class='ocr_par' dir='ltr' id='par_1_14' title="bbox 433 1470 1944 1548">
     <span class='ocr_line' id='line_1_14' title="bbox 433 1470 1944 1548; baseline 0.009 -26"><span class='ocrx_word' id='word_1_133' title='bbox 433 1486 629 1548; x_wconf 44' lang='grc' dir='ltr'>σεων)</span> <span class='ocrx_word' id='word_1_134' title='bbox 681 1470 764 1548; x_wconf 59' lang='lat' dir='ltr'><strong>dc;</strong></span> <span class='ocrx_word' id='word_1_135' title='bbox 792 1470 1029 1548; x_wconf 41' lang='grc' dir='ltr'>,ἄνδρες</span> <span class='ocrx_word' id='word_1_136' title='bbox 1081 1470 1244 1548; x_wconf 42' lang='lat' dir='ltr'><strong>cat-sc</strong></span> <span class='ocrx_word' id='word_1_137' title='bbox 1300 1470 1433 1546; x_wconf 68' lang='grc' dir='ltr'>περὶ</span> <span class='ocrx_word' id='word_1_138' title='bbox 1456 1545 1467 1548; x_wconf 85' lang='lat'>_</span> <span class='ocrx_word' id='word_1_139' title='bbox 1490 1470 1599 1547; x_wconf 73' lang='grc' dir='ltr'><strong>τῆξ</strong></span> <span class='ocrx_word' id='word_1_140' title='bbox 1656 1470 1944 1548; x_wconf 68' lang='grc' dir='ltr'>τελευὲῆς</span> 
     </span>
    </p>
   </div>
   <div class='ocr_carea' id='block_1_15' title="bbox 1564 1549 1942 1617">
    <p class='ocr_par' dir='ltr' id='par_1_15' title="bbox 1564 1549 1942 1617">
     <span class='ocr_line' id='line_1_15' title="bbox 1564 1549 1942 1617; baseline 0.005 -14"><span class='ocrx_word' id='word_1_141' title='bbox 1564 1549 1942 1617; x_wconf 70' lang='grc' dir='ltr'>ἀποκρίσεως</span> 
     </span>
    </p>
   </div>
   <div class='ocr_carea' id='block_1_16' title="bbox 374 1609 1942 1688">
    <p class='ocr_par' dir='ltr' id='par_1_16' title="bbox 374 1609 1942 1688">
     <span class='ocr_line' id='line_1_16' title="bbox 374 1609 1942 1688; baseline 0.009 -27"><span class='ocrx_word' id='word_1_142' title='bbox 374 1620 395 1628; x_wconf 78' lang='lat'><strong><em>‘</em></strong></span> <span class='ocrx_word' id='word_1_143' title='bbox 431 1609 540 1688; x_wconf 54' lang='grc' dir='ltr'>τοῦ</span> <span class='ocrx_word' id='word_1_144' title='bbox 573 1609 709 1688; x_wconf 60' lang='grc' dir='ltr'><strong>γιοῦ</strong></span> <span class='ocrx_word' id='word_1_145' title='bbox 734 1610 852 1688; x_wconf 49' lang='lat' dir='ltr'><strong>fori</strong></span> <span class='ocrx_word' id='word_1_146' title='bbox 878 1610 1200 1688; x_wconf 52' lang='grc' dir='ltr'>τέκίονοςς</span> <span class='ocrx_word' id='word_1_147' title='bbox 1238 1609 1335 1668; x_wconf 67' lang='lat' dir='ltr'><strong>udi</strong></span> <span class='ocrx_word' id='word_1_148' title='bbox 1378 1609 1571 1670; x_wconf 53' lang='lat' dir='ltr'><strong>ad&quot;)</strong></span> <span class='ocrx_word' id='word_1_149' title='bbox 1604 1609 1747 1688; x_wconf 76' lang='grc' dir='ltr'>αῖμὰ</span> <span class='ocrx_word' id='word_1_150' title='bbox 1796 1609 1942 1675; x_wconf 63' lang='grc' dir='ltr'><strong>Ἰουῖ</strong></span> 
     </span>
    </p>
   </div>
   <div class='ocr_carea' id='block_1_17' title="bbox 430 1679 1939 1753">
    <p class='ocr_par' dir='ltr' id='par_1_17' title="bbox 430 1679 1939 1753">
     <span class='ocr_line' id='line_1_17' title="bbox 430 1679 1939 1753; baseline 0.011 -23"><span class='ocrx_word' id='word_1_151' title='bbox 430 1679 651 1753; x_wconf 52' lang='grc' dir='ltr'>,δίαν-ὸς</span> <span class='ocrx_word' id='word_1_152' title='bbox 686 1679 766 1744; x_wconf 84' lang='grc' dir='ltr'>τῷ</span> <span class='ocrx_word' id='word_1_153' title='bbox 779 1680 1036 1753; x_wconf 47' lang='grc' dir='ltr'>,Χριστῷ</span> <span class='ocrx_word' id='word_1_154' title='bbox 1085 1683 1389 1753; x_wconf 78' lang='grc' dir='ltr'><strong>ἀνέπεμπε</strong></span> <span class='ocrx_word' id='word_1_155' title='bbox 1413 1702 1425 1713; x_wconf 92' lang='grc'><strong>·</strong></span> <span class='ocrx_word' id='word_1_156' title='bbox 1477 1690 1575 1740; x_wconf 81' lang='grc' dir='ltr'>καὶ</span> <span class='ocrx_word' id='word_1_157' title='bbox 1628 1679 1745 1743; x_wconf 74' lang='grc' dir='ltr'><strong>ὅὶγα</strong></span> <span class='ocrx_word' id='word_1_158' title='bbox 1788 1692 1939 1745; x_wconf 80' lang='grc' dir='ltr'>κακά</span> 
     </span>
    </p>
   </div>
   <div class='ocr_carea' id='block_1_18' title="bbox 432 1538 1517 1616">
    <p class='ocr_par' dir='ltr' id='par_1_18' title="bbox 432 1538 1517 1616">
     <span class='ocr_line' id='line_1_18' title="bbox 432 1538 1517 1616; baseline 0.008 -25"><span class='ocrx_word' id='word_1_159' title='bbox 432 1538 634 1616; x_wconf 40' lang='grc' dir='ltr'><strong>αὐξοῦ-</strong></span> <span class='ocrx_word' id='word_1_160' title='bbox 668 1538 1023 1616; x_wconf 49' lang='grc' dir='ltr'>ἐθεάσαντο,</span> <span class='ocrx_word' id='word_1_161' title='bbox 1076 1544 1173 1597; x_wconf 83' lang='grc' dir='ltr'>καὶ</span> <span class='ocrx_word' id='word_1_162' title='bbox 1217 1538 1517 1616; x_wconf 46' lang='grc' dir='ltr'>περὶίτῆς</span> 
     </span>
    </p>
   </div>
   <div class='ocr_carea' id='block_1_19' title="bbox 427 1747 1864 1825">
    <p class='ocr_par' dir='ltr' id='par_1_19' title="bbox 427 1747 1864 1825">
     <span class='ocr_line' id='line_1_19' title="bbox 427 1747 1864 1825; baseline 0.01 -26"><span class='ocrx_word' id='word_1_163' title='bbox 427 1747 692 1817; x_wconf 78' lang='grc' dir='ltr'>δημοσίᾳ</span> <span class='ocrx_word' id='word_1_164' title='bbox 729 1748 805 1817; x_wconf 80' lang='grc' dir='ltr'>τῇ</span> <span class='ocrx_word' id='word_1_165' title='bbox 848 1747 1150 1818; x_wconf 82' lang='grc' dir='ltr'>Ῥωμαίων</span> <span class='ocrx_word' id='word_1_166' title='bbox 1189 1747 1504 1825; x_wconf 69' lang='grc' dir='ltr'>ἐπεγένετο</span> <span class='ocrx_word' id='word_1_167' title='bbox 1553 1757 1627 1811; x_wconf 82' lang='grc' dir='ltr'>δι’</span> <span class='ocrx_word' id='word_1_168' title='bbox 1656 1761 1864 1814; x_wconf 76' lang='grc' dir='ltr'>αὐτόν.</span> 
     </span>
    </p>
   </div>
   <div class='ocr_carea' id='block_1_20' title="bbox 426 1859 1936 1943">
    <p class='ocr_par' dir='ltr' id='par_1_20' title="bbox 426 1859 1936 1943">
     <span class='ocr_line' id='line_1_20' title="bbox 426 1859 1936 1943; baseline 0.009 -28"><span class='ocrx_word' id='word_1_169' title='bbox 426 1862 538 1916; x_wconf 74' lang='grc' dir='ltr'><strong>Καὶ</strong></span> <span class='ocrx_word' id='word_1_170' title='bbox 576 1864 605 1915; x_wconf 87' lang='grc' dir='ltr'><strong>ό</strong></span> <span class='ocrx_word' id='word_1_171' title='bbox 645 1863 742 1933; x_wconf 86' lang='grc' dir='ltr'>μὲν</span> <span class='ocrx_word' id='word_1_172' title='bbox 774 1862 1030 1928; x_wconf 85' lang='grc' dir='ltr'>Λιϐἀνιος</span> <span class='ocrx_word' id='word_1_173' title='bbox 1063 1859 1166 1920; x_wconf 81' lang='grc' dir='ltr'><strong>ὧδέ</strong></span> <span class='ocrx_word' id='word_1_174' title='bbox 1200 1885 1275 1936; x_wconf 89' lang='grc' dir='ltr'><strong>πη</strong></span> <span class='ocrx_word' id='word_1_175' title='bbox 1310 1869 1562 1939; x_wconf 61' lang='grc' dir='ltr'>γράφων,</span> <span class='ocrx_word' id='word_1_176' title='bbox 1604 1873 1936 1943; x_wconf 82' lang='grc' dir='ltr'><strong>Χριστιανὸν</strong></span> 
     </span>
    </p>
   </div>
   <div class='ocr_carea' id='block_1_21' title="bbox 354 1954 1934 2031">
    <p class='ocr_par' dir='ltr' id='par_1_21' title="bbox 354 1954 1934 2031">
     <span class='ocr_line' id='line_1_21' title="bbox 354 1954 1934 2031; baseline 0.008 -24"><span class='ocrx_word' id='word_1_177' title='bbox 354 1954 580 2009; x_wconf 74' lang='grc' dir='ltr'>ἔσεσθαι</span> <span class='ocrx_word' id='word_1_178' title='bbox 626 1956 882 2028; x_wconf 82' lang='grc' dir='ltr'>ὑποδηλοϊ</span> <span class='ocrx_word' id='word_1_179' title='bbox 936 1959 1226 2013; x_wconf 90' lang='grc' dir='ltr'>Ἰουλιανοῦ</span> <span class='ocrx_word' id='word_1_180' title='bbox 1277 1961 1367 2015; x_wconf 87' lang='grc' dir='ltr'><strong>τὸν</strong></span> <span class='ocrx_word' id='word_1_181' title='bbox 1401 1963 1642 2031; x_wconf 85' lang='grc' dir='ltr'>σφαγέα·</span> <span class='ocrx_word' id='word_1_182' title='bbox 1701 1965 1833 2029; x_wconf 71' lang='grc' dir='ltr'>ἴσως</span> <span class='ocrx_word' id='word_1_183' title='bbox 1877 1967 1934 2020; x_wconf 82' lang='grc' dir='ltr'>δὲ</span> 
     </span>
    </p>
   </div>
   <div class='ocr_carea' id='block_1_22' title="bbox 352 2047 1930 2129">
    <p class='ocr_par' dir='ltr' id='par_1_22' title="bbox 352 2047 1930 2129">
     <span class='ocr_line' id='line_1_22' title="bbox 352 2047 1930 2129; baseline 0.008 -30"><span class='ocrx_word' id='word_1_184' title='bbox 352 2048 449 2100; x_wconf 73' lang='grc' dir='ltr'>καὶ</span> <span class='ocrx_word' id='word_1_185' title='bbox 478 2047 698 2118; x_wconf 81' lang='grc' dir='ltr'>ἀληθές.</span> <span class='ocrx_word' id='word_1_186' title='bbox 737 2050 812 2102; x_wconf 81' lang='grc' dir='ltr'><strong>Οὐ</strong></span> <span class='ocrx_word' id='word_1_187' title='bbox 848 2050 957 2122; x_wconf 81' lang='grc' dir='ltr'><strong>γὰρ</strong></span> <span class='ocrx_word' id='word_1_188' title='bbox 1003 2051 1252 2117; x_wconf 85' lang='grc' dir='ltr'>ἀπεικὸς,</span> <span class='ocrx_word' id='word_1_189' title='bbox 1289 2053 1409 2107; x_wconf 84' lang='grc' dir='ltr'>τινὰ</span> <span class='ocrx_word' id='word_1_190' title='bbox 1442 2054 1552 2107; x_wconf 90' lang='grc' dir='ltr'><strong>τῶν</strong></span> <span class='ocrx_word' id='word_1_191' title='bbox 1602 2055 1724 2109; x_wconf 87' lang='grc' dir='ltr'>τότε</span> <span class='ocrx_word' id='word_1_192' title='bbox 1766 2074 1930 2129; x_wconf 89' lang='grc' dir='ltr'>στρα-</span> 
     </span>
    </p>
   </div>
   <div class='ocr_carea' id='block_1_23' title="bbox 346 2139 1931 2214">
    <p class='ocr_par' dir='ltr' id='par_1_23' title="bbox 346 2139 1931 2214">
     <span class='ocr_line' id='line_1_23' title="bbox 346 2139 1931 2214; baseline 0.006 -24"><span class='ocrx_word' id='word_1_193' title='bbox 346 2139 661 2209; x_wconf 83' lang='grc' dir='ltr'>τευομένων</span> <span class='ocrx_word' id='word_1_194' title='bbox 694 2140 775 2203; x_wconf 87' lang='grc' dir='ltr'><strong>είς</strong></span> <span class='ocrx_word' id='word_1_195' title='bbox 802 2140 925 2195; x_wconf 75' lang='grc' dir='ltr'>νοῦν</span> <span class='ocrx_word' id='word_1_196' title='bbox 955 2140 1158 2206; x_wconf 76' lang='grc' dir='ltr'>λαϐεῖν,</span> <span class='ocrx_word' id='word_1_197' title='bbox 1198 2143 1274 2207; x_wconf 86' lang='grc' dir='ltr'>ὡς</span> <span class='ocrx_word' id='word_1_198' title='bbox 1311 2144 1571 2214; x_wconf 79' lang='grc' dir='ltr'>’Έλληνες</span> <span class='ocrx_word' id='word_1_199' title='bbox 1608 2147 1702 2200; x_wconf 72' lang='grc' dir='ltr'>καὶ</span> <span class='ocrx_word' id='word_1_200' title='bbox 1733 2147 1931 2211; x_wconf 86' lang='grc' dir='ltr'>πάντες</span> 
     </span>
    </p>
   </div>
   <div class='ocr_carea' id='block_1_24' title="bbox 349 2230 1929 2309">
    <p class='ocr_par' dir='ltr' id='par_1_24' title="bbox 349 2230 1929 2309">
     <span class='ocr_line' id='line_1_24' title="bbox 349 2230 1929 2309; baseline 0.006 -25"><span class='ocrx_word' id='word_1_201' title='bbox 349 2230 667 2300; x_wconf 77' lang='grc' dir='ltr'>ἅνθρωποι,</span> <span class='ocrx_word' id='word_1_202' title='bbox 706 2232 869 2303; x_wconf 87' lang='grc' dir='ltr'>μέχρι</span> <span class='ocrx_word' id='word_1_203' title='bbox 921 2233 1016 2287; x_wconf 79' lang='grc' dir='ltr'><strong>νῦν</strong></span> <span class='ocrx_word' id='word_1_204' title='bbox 1061 2235 1189 2298; x_wconf 87' lang='grc' dir='ltr'>τοὺς</span> <span class='ocrx_word' id='word_1_205' title='bbox 1246 2236 1414 2292; x_wconf 87' lang='grc' dir='ltr'>πάλαι</span> <span class='ocrx_word' id='word_1_206' title='bbox 1473 2238 1929 2309; x_wconf 80' lang='grc' dir='ltr'><strong>τυραννοκτόνους</strong></span> 
     </span>
    </p>
   </div>
   <div class='ocr_carea' id='block_1_25' title="bbox 349 2321 1926 2400">
    <p class='ocr_par' dir='ltr' id='par_1_25' title="bbox 349 2321 1926 2400">
     <span class='ocr_line' id='line_1_25' title="bbox 349 2321 1926 2400; baseline 0.004 -23"><span class='ocrx_word' id='word_1_207' title='bbox 349 2321 690 2390; x_wconf 80' lang='grc' dir='ltr'>ἐπαινοῦσιν,</span> <span class='ocrx_word' id='word_1_208' title='bbox 719 2325 794 2388; x_wconf 86' lang='grc' dir='ltr'>ὼς</span> <span class='ocrx_word' id='word_1_209' title='bbox 826 2325 968 2395; x_wconf 82' lang='grc' dir='ltr'>ὑπὲρ</span> <span class='ocrx_word' id='word_1_210' title='bbox 1008 2327 1109 2397; x_wconf 85' lang='grc' dir='ltr'><strong>τῆς</strong></span> <span class='ocrx_word' id='word_1_211' title='bbox 1137 2327 1356 2381; x_wconf 85' lang='grc' dir='ltr'>πάντων</span> <span class='ocrx_word' id='word_1_212' title='bbox 1382 2328 1694 2400; x_wconf 81' lang='grc' dir='ltr'><strong>ἐλευθερίας</strong></span> <span class='ocrx_word' id='word_1_213' title='bbox 1732 2330 1926 2400; x_wconf 80' lang='grc' dir='ltr'>ἑλομέ-</span> 
     </span>
    </p>
   </div>
   <div class='ocr_carea' id='block_1_26' title="bbox 346 2414 1925 2493">
    <p class='ocr_par' dir='ltr' id='par_1_26' title="bbox 346 2414 1925 2493">
     <span class='ocr_line' id='line_1_26' title="bbox 346 2414 1925 2493; baseline 0.004 -26"><span class='ocrx_word' id='word_1_214' title='bbox 346 2431 470 2477; x_wconf 86' lang='grc' dir='ltr'>νους</span> <span class='ocrx_word' id='word_1_215' title='bbox 498 2414 809 2479; x_wconf 82' lang='grc' dir='ltr'>ἀποθανεῖν,</span> <span class='ocrx_word' id='word_1_216' title='bbox 842 2418 934 2471; x_wconf 80' lang='grc' dir='ltr'>καὶ</span> <span class='ocrx_word' id='word_1_217' title='bbox 954 2417 1224 2483; x_wconf 82' lang='grc' dir='ltr'>πολίταις,</span> <span class='ocrx_word' id='word_1_218' title='bbox 1255 2419 1286 2490; x_wconf 77' lang='grc' dir='ltr'>ἦ</span> <span class='ocrx_word' id='word_1_219' title='bbox 1315 2421 1657 2489; x_wconf 78' lang='grc' dir='ltr'><strong>συγγενέσιν,</strong></span> <span class='ocrx_word' id='word_1_220' title='bbox 1691 2420 1724 2493; x_wconf 83' lang='grc' dir='ltr'>ἢ</span> <span class='ocrx_word' id='word_1_221' title='bbox 1751 2421 1925 2490; x_wconf 80' lang='grc' dir='ltr'>φίλοις</span> 
     </span>
    </p>
   </div>
   <div class='ocr_carea' id='block_1_27' title="bbox 344 2505 1924 2585">
    <p class='ocr_par' dir='ltr' id='par_1_27' title="bbox 344 2505 1924 2585">
     <span class='ocr_line' id='line_1_27' title="bbox 344 2505 1924 2585; baseline 0.006 -27"><span class='ocrx_word' id='word_1_222' title='bbox 344 2505 644 2577; x_wconf 82' lang='grc' dir='ltr'><strong>προθύμως</strong></span> <span class='ocrx_word' id='word_1_223' title='bbox 673 2508 1075 2578; x_wconf 82' lang='grc' dir='ltr'>ἐπαμύνοντας.</span> <span class='ocrx_word' id='word_1_224' title='bbox 1126 2512 1296 2583; x_wconf 82' lang='grc' dir='ltr'><strong>Σχολῇ</strong></span> <span class='ocrx_word' id='word_1_225' title='bbox 1338 2529 1401 2581; x_wconf 86' lang='grc' dir='ltr'><strong>γε</strong></span> <span class='ocrx_word' id='word_1_226' title='bbox 1435 2513 1501 2567; x_wconf 82' lang='grc' dir='ltr'>ἄν</span> <span class='ocrx_word' id='word_1_227' title='bbox 1538 2531 1624 2577; x_wconf 89' lang='grc' dir='ltr'><strong>τις</strong></span> <span class='ocrx_word' id='word_1_228' title='bbox 1652 2514 1746 2568; x_wconf 76' lang='grc' dir='ltr'>καὶ</span> <span class='ocrx_word' id='word_1_229' title='bbox 1774 2514 1924 2585; x_wconf 84' lang='grc' dir='ltr'><strong>αὖτῷ</strong></span> 
     </span>
    </p>
   </div>
   <div class='ocr_carea' id='block_1_28' title="bbox 346 2597 1996 2693">
    <p class='ocr_par' dir='ltr' id='par_1_28' title="bbox 346 2597 1996 2693">
     <span class='ocr_line' id='line_1_28' title="bbox 346 2597 1996 2693; baseline 0.007 -44"><span class='ocrx_word' id='word_1_230' title='bbox 346 2597 660 2668; x_wconf 70' lang='grc' dir='ltr'>μέμψαιτοί</span> <span class='ocrx_word' id='word_1_231' title='bbox 691 2638 706 2664; x_wconf 93' lang='grc'><strong>,</strong></span> <span class='ocrx_word' id='word_1_232' title='bbox 763 2598 854 2652; x_wconf 83' lang='grc' dir='ltr'>διὰ</span> <span class='ocrx_word' id='word_1_233' title='bbox 894 2599 1029 2653; x_wconf 87' lang='grc' dir='ltr'>Θεὸν</span> <span class='ocrx_word' id='word_1_234' title='bbox 1070 2602 1165 2655; x_wconf 72' lang='grc' dir='ltr'>καὶ</span> <span class='ocrx_word' id='word_1_235' title='bbox 1216 2601 1512 2672; x_wconf 84' lang='grc' dir='ltr'>θρησκείαν</span> <span class='ocrx_word' id='word_1_236' title='bbox 1551 2604 1619 2675; x_wconf 72' lang='grc' dir='ltr'>ἣν</span> <span class='ocrx_word' id='word_1_237' title='bbox 1661 2604 1923 2675; x_wconf 79' lang='grc' dir='ltr'>ἐπῄνεσεν</span> <span class='ocrx_word' id='word_1_238' title='bbox 1956 2639 1996 2693; x_wconf 80' lang='grc' dir='ltr'><strong>Β</strong></span> 
     </span>
    </p>
   </div>
   <div class='ocr_carea' id='block_1_29' title="bbox 341 2688 1915 2767">
    <p class='ocr_par' dir='ltr' id='par_1_29' title="bbox 341 2688 1915 2767">
     <span class='ocr_line' id='line_1_29' title="bbox 341 2688 1915 2767; baseline 0.006 -26"><span class='ocrx_word' id='word_1_239' title='bbox 341 2688 573 2761; x_wconf 79' lang='grc' dir='ltr'>ἀνδρείῳ</span> <span class='ocrx_word' id='word_1_240' title='bbox 618 2689 916 2761; x_wconf 81' lang='grc' dir='ltr'>γενομένῳ.</span> <span class='ocrx_word' id='word_1_241' title='bbox 975 2690 1117 2759; x_wconf 86' lang='grc' dir='ltr'><strong>Ἐγὼ</strong></span> <span class='ocrx_word' id='word_1_242' title='bbox 1156 2692 1248 2754; x_wconf 85' lang='grc' dir='ltr'>δὲ,</span> <span class='ocrx_word' id='word_1_243' title='bbox 1298 2693 1449 2757; x_wconf 84' lang='grc' dir='ltr'>ὅστις</span> <span class='ocrx_word' id='word_1_244' title='bbox 1489 2695 1586 2764; x_wconf 86' lang='grc' dir='ltr'>μὲν</span> <span class='ocrx_word' id='word_1_245' title='bbox 1626 2697 1691 2764; x_wconf 80' lang='grc' dir='ltr'>τῇ</span> <span class='ocrx_word' id='word_1_246' title='bbox 1734 2699 1915 2767; x_wconf 80' lang='grc' dir='ltr'>σφαγῇ</span> 
     </span>
    </p>
   </div>
   <div class='ocr_carea' id='block_1_30' title="bbox 336 2777 1918 2853">
    <p class='ocr_par' dir='ltr' id='par_1_30' title="bbox 336 2777 1918 2853">
     <span class='ocr_line' id='line_1_30' title="bbox 336 2777 1918 2853; baseline 0.003 -22"><span class='ocrx_word' id='word_1_247' title='bbox 336 2778 515 2850; x_wconf 79' lang='grc' dir='ltr'>ταύτῃ</span> <span class='ocrx_word' id='word_1_248' title='bbox 567 2777 962 2850; x_wconf 83' lang='grc' dir='ltr'>διηκονήσατο,</span> <span class='ocrx_word' id='word_1_249' title='bbox 1023 2780 1164 2851; x_wconf 84' lang='grc' dir='ltr'>πλὴν</span> <span class='ocrx_word' id='word_1_250' title='bbox 1225 2780 1335 2835; x_wconf 85' lang='grc' dir='ltr'><strong>τῶν</strong></span> <span class='ocrx_word' id='word_1_251' title='bbox 1394 2783 1701 2853; x_wconf 80' lang='grc' dir='ltr'>εἰρημένων</span> <span class='ocrx_word' id='word_1_252' title='bbox 1762 2785 1918 2838; x_wconf 79' lang='grc' dir='ltr'>οὐδὲν</span> 
     </span>
    </p>
   </div>
   <div class='ocr_carea' id='block_1_31' title="bbox 336 2869 1916 2947">
    <p class='ocr_par' dir='ltr' id='par_1_31' title="bbox 336 2869 1916 2947">
     <span class='ocr_line' id='line_1_31' title="bbox 336 2869 1916 2947; baseline 0.003 -24"><span class='ocrx_word' id='word_1_253' title='bbox 336 2869 577 2941; x_wconf 85' lang='grc' dir='ltr'>ἀκριϐῶ.</span> <span class='ocrx_word' id='word_1_254' title='bbox 622 2870 713 2934; x_wconf 85' lang='grc' dir='ltr'><strong>Ὠς</strong></span> <span class='ocrx_word' id='word_1_255' title='bbox 741 2870 799 2924; x_wconf 82' lang='grc' dir='ltr'>δὲ</span> <span class='ocrx_word' id='word_1_256' title='bbox 838 2871 1260 2941; x_wconf 84' lang='grc' dir='ltr'>συμφωνοῦντες</span> <span class='ocrx_word' id='word_1_257' title='bbox 1309 2875 1359 2927; x_wconf 75' lang='lat' dir='ltr'><strong>oi</strong></span> <span class='ocrx_word' id='word_1_258' title='bbox 1404 2873 1661 2942; x_wconf 86' lang='grc' dir='ltr'>λέγοντες</span> <span class='ocrx_word' id='word_1_259' title='bbox 1705 2876 1916 2947; x_wconf 76' lang='grc' dir='ltr'>ἰσχυρί-</span> 
     </span>
    </p>
   </div>
   <div class='ocr_carea' id='block_1_32' title="bbox 334 2959 1915 3037">
    <p class='ocr_par' dir='ltr' id='par_1_32' title="bbox 334 2959 1915 3037">
     <span class='ocr_line' id='line_1_32' title="bbox 334 2959 1915 3037; baseline 0.003 -22"><span class='ocrx_word' id='word_1_260' title='bbox 334 2962 542 3027; x_wconf 80' lang='grc' dir='ltr'>ζονται,</span> <span class='ocrx_word' id='word_1_261' title='bbox 564 2961 801 3033; x_wconf 76' lang='grc' dir='ltr'>ἀψευδὴς</span> <span class='ocrx_word' id='word_1_262' title='bbox 824 2961 981 3031; x_wconf 85' lang='grc' dir='ltr'>λόγος</span> <span class='ocrx_word' id='word_1_263' title='bbox 1006 2963 1086 3026; x_wconf 88' lang='grc' dir='ltr'><strong>είς</strong></span> <span class='ocrx_word' id='word_1_264' title='bbox 1104 2965 1250 3034; x_wconf 77' lang='grc' dir='ltr'>ἡμᾶς</span> <span class='ocrx_word' id='word_1_265' title='bbox 1273 2959 1427 3034; x_wconf 77' lang='grc' dir='ltr'>ἦλθε,</span> <span class='ocrx_word' id='word_1_266' title='bbox 1456 2964 1598 3019; x_wconf 83' lang='grc' dir='ltr'>κατὰ</span> <span class='ocrx_word' id='word_1_267' title='bbox 1622 2965 1915 3037; x_wconf 89' lang='grc' dir='ltr'>θεομηνίαν</span> 
     </span>
    </p>
   </div>
   <div class='ocr_carea' id='block_1_33' title="bbox 336 3053 1911 3129">
    <p class='ocr_par' dir='ltr' id='par_1_33' title="bbox 336 3053 1911 3129">
     <span class='ocr_line' id='line_1_33' title="bbox 336 3053 1911 3129; baseline 0.002 -21"><span class='ocrx_word' id='word_1_268' title='bbox 336 3053 502 3108; x_wconf 82' lang='grc' dir='ltr'>αὑτὸν</span> <span class='ocrx_word' id='word_1_269' title='bbox 525 3054 911 3126; x_wconf 78' lang='grc' dir='ltr'>ἀναιρεθῆναι.</span> <span class='ocrx_word' id='word_1_270' title='bbox 943 3055 1050 3109; x_wconf 74' lang='grc' dir='ltr'><strong>Καὶ</strong></span> <span class='ocrx_word' id='word_1_271' title='bbox 1066 3055 1257 3109; x_wconf 84' lang='grc' dir='ltr'>τούτου</span> <span class='ocrx_word' id='word_1_272' title='bbox 1282 3055 1574 3122; x_wconf 82' lang='grc' dir='ltr'>ἀπόδειξις,</span> <span class='ocrx_word' id='word_1_273' title='bbox 1608 3056 1728 3111; x_wconf 90' lang='grc' dir='ltr'>θεία</span> <span class='ocrx_word' id='word_1_274' title='bbox 1766 3058 1911 3129; x_wconf 72' lang='grc' dir='ltr'>ὄψις,</span> 
     </span>
    </p>
   </div>
   <div class='ocr_carea' id='block_1_34' title="bbox 334 3129 1908 3222">
    <p class='ocr_par' dir='ltr' id='par_1_34' title="bbox 334 3129 1908 3222">
     <span class='ocr_line' id='line_1_34' title="bbox 334 3129 1908 3222; baseline 0.004 -24"><span class='ocrx_word' id='word_1_275' title='bbox 334 3142 406 3211; x_wconf 74' lang='grc' dir='ltr'>ἢν</span> <span class='ocrx_word' id='word_1_276' title='bbox 470 3145 593 3200; x_wconf 80' lang='grc' dir='ltr'>τινὰ</span> <span class='ocrx_word' id='word_1_277' title='bbox 646 3146 755 3200; x_wconf 87' lang='grc' dir='ltr'><strong>τῶν</strong></span> <span class='ocrx_word' id='word_1_278' title='bbox 815 3147 1137 3219; x_wconf 75' lang='grc' dir='ltr'>ἐπιτηδείων</span> <span class='ocrx_word' id='word_1_279' title='bbox 1197 3129 1354 3218; x_wconf 83' lang='grc' dir='ltr'><strong>¹αὐτῷ</strong></span> <span class='ocrx_word' id='word_1_280' title='bbox 1410 3148 1539 3202; x_wconf 82' lang='grc' dir='ltr'>ἰδεῖν</span> <span class='ocrx_word' id='word_1_281' title='bbox 1605 3148 1908 3222; x_wconf 76' lang='grc' dir='ltr'><strong>ἐπυθόμην.</strong></span> 
     </span>
    </p>
   </div>
   <div class='ocr_carea' id='block_1_35' title="bbox 334 3236 1912 3312">
    <p class='ocr_par' dir='ltr' id='par_1_35' title="bbox 334 3236 1912 3312">
     <span class='ocr_line' id='line_1_35' title="bbox 334 3236 1912 3312; baseline 0.004 -22"><span class='ocrx_word' id='word_1_282' title='bbox 334 3236 569 3304; x_wconf 83' lang='grc' dir='ltr'>Λέγεται</span> <span class='ocrx_word' id='word_1_283' title='bbox 612 3237 722 3309; x_wconf 80' lang='grc' dir='ltr'><strong>γὰρ</strong></span> <span class='ocrx_word' id='word_1_284' title='bbox 745 3276 761 3302; x_wconf 90' lang='grc'><strong>,</strong></span> <span class='ocrx_word' id='word_1_285' title='bbox 809 3238 996 3309; x_wconf 75' lang='grc' dir='ltr'>ἐπειδὴ</span> <span class='ocrx_word' id='word_1_286' title='bbox 1031 3238 1168 3311; x_wconf 87' lang='grc' dir='ltr'>πρὸς</span> <span class='ocrx_word' id='word_1_287' title='bbox 1198 3238 1361 3292; x_wconf 84' lang='grc' dir='ltr'>αὐτὸν</span> <span class='ocrx_word' id='word_1_288' title='bbox 1406 3241 1465 3293; x_wconf 78' lang='grc' dir='ltr'>ἐν</span> <span class='ocrx_word' id='word_1_289' title='bbox 1511 3240 1751 3312; x_wconf 85' lang='grc' dir='ltr'>Πέρσαις</span> <span class='ocrx_word' id='word_1_290' title='bbox 1783 3243 1912 3298; x_wconf 78' lang='grc' dir='ltr'>ὄντα</span> 
     </span>
    </p>
   </div>
   <div class='ocr_carea' id='block_1_36' title="bbox 330 3314 1908 3406">
    <p class='ocr_par' dir='ltr' id='par_1_36' title="bbox 330 3314 1908 3406">
     <span class='ocr_line' id='line_1_36' title="bbox 330 3314 1908 3406; baseline 0.005 -26"><span class='ocrx_word' id='word_1_291' title='bbox 330 3328 629 3397; x_wconf 78' lang='grc' dir='ltr'>ἠπείγετο,</span> <span class='ocrx_word' id='word_1_292' title='bbox 659 3314 735 3383; x_wconf 77' lang='grc' dir='ltr'><strong>’ἐν</strong></span> <span class='ocrx_word' id='word_1_293' title='bbox 773 3347 878 3384; x_wconf 90' lang='grc' dir='ltr'>τινι</span> <span class='ocrx_word' id='word_1_294' title='bbox 911 3330 1098 3402; x_wconf 85' lang='grc' dir='ltr'>χωρίῳ</span> <span class='ocrx_word' id='word_1_295' title='bbox 1150 3330 1450 3385; x_wconf 76' lang='grc' dir='ltr'>καταλῦσαι</span> <span class='ocrx_word' id='word_1_296' title='bbox 1481 3333 1582 3403; x_wconf 79' lang='grc' dir='ltr'>τῆς</span> <span class='ocrx_word' id='word_1_297' title='bbox 1609 3332 1908 3406; x_wconf 82' lang='grc' dir='ltr'>λεωφόρου,</span> 
     </span>
    </p>
   </div>
   <div class='ocr_carea' id='block_1_37' title="bbox 330 3420 1898 3497">
    <p class='ocr_par' dir='ltr' id='par_1_37' title="bbox 330 3420 1898 3497">
     <span class='ocr_line' id='line_1_37' title="bbox 330 3420 1898 3497; baseline 0.004 -25"><span class='ocrx_word' id='word_1_298' title='bbox 330 3420 426 3472; x_wconf 75' lang='grc' dir='ltr'>καὶ</span> <span class='ocrx_word' id='word_1_299' title='bbox 446 3420 654 3492; x_wconf 73' lang='grc' dir='ltr'>ἀπορίᾳ</span> <span class='ocrx_word' id='word_1_300' title='bbox 677 3421 974 3492; x_wconf 80' lang='grc' dir='ltr'>οἰκήματος</span> <span class='ocrx_word' id='word_1_301' title='bbox 1013 3422 1072 3476; x_wconf 82' lang='grc' dir='ltr'>ὲν</span> <span class='ocrx_word' id='word_1_302' title='bbox 1113 3425 1180 3494; x_wconf 84' lang='grc' dir='ltr'>τῇ</span> <span class='ocrx_word' id='word_1_303' title='bbox 1210 3423 1397 3477; x_wconf 74' lang='grc' dir='ltr'>ἐνθάδε</span> <span class='ocrx_word' id='word_1_304' title='bbox 1420 3423 1687 3497; x_wconf 75' lang='grc' dir='ltr'>ἐκκλησίᾳ</span> <span class='ocrx_word' id='word_1_305' title='bbox 1709 3425 1898 3479; x_wconf 84' lang='grc' dir='ltr'>καθευ-</span> 
     </span>
    </p>
   </div>
   <div class='ocr_carea' id='block_1_38' title="bbox 327 3509 1904 3586">
    <p class='ocr_par' dir='ltr' id='par_1_38' title="bbox 327 3509 1904 3586">
     <span class='ocr_line' id='line_1_38' title="bbox 327 3509 1904 3586; baseline 0.005 -23"><span class='ocrx_word' id='word_1_306' title='bbox 327 3509 493 3580; x_wconf 84' lang='grc' dir='ltr'>δῆσαι</span> <span class='ocrx_word' id='word_1_307' title='bbox 517 3526 531 3541; x_wconf 89' lang='grc'><strong>·</strong></span> <span class='ocrx_word' id='word_1_308' title='bbox 565 3512 659 3565; x_wconf 78' lang='grc' dir='ltr'>καὶ</span> <span class='ocrx_word' id='word_1_309' title='bbox 698 3511 844 3584; x_wconf 80' lang='grc' dir='ltr'>ὕπαρ</span> <span class='ocrx_word' id='word_1_310' title='bbox 874 3513 1064 3586; x_wconf 73' lang='grc' dir='ltr'>ἢὸναρ</span> <span class='ocrx_word' id='word_1_311' title='bbox 1095 3517 1245 3582; x_wconf 80' lang='grc' dir='ltr'>ἰδεῖν,</span> <span class='ocrx_word' id='word_1_312' title='bbox 1273 3517 1349 3581; x_wconf 85' lang='grc' dir='ltr'>ὡς</span> <span class='ocrx_word' id='word_1_313' title='bbox 1376 3520 1454 3582; x_wconf 85' lang='grc' dir='ltr'><strong>είς</strong></span> <span class='ocrx_word' id='word_1_314' title='bbox 1481 3517 1680 3571; x_wconf 86' lang='grc' dir='ltr'>ταύτὸν</span> <span class='ocrx_word' id='word_1_315' title='bbox 1720 3517 1904 3573; x_wconf 87' lang='grc' dir='ltr'>συνελ-</span> 
     </span>
    </p>
   </div>
   <div class='ocr_carea' id='block_1_39' title="bbox 328 3601 1903 3681">
    <p class='ocr_par' dir='ltr' id='par_1_39' title="bbox 328 3601 1903 3681">
     <span class='ocr_line' id='line_1_39' title="bbox 328 3601 1903 3681; baseline 0.006 -26"><span class='ocrx_word' id='word_1_316' title='bbox 328 3601 516 3666; x_wconf 81' lang='grc' dir='ltr'>θόντες</span> <span class='ocrx_word' id='word_1_317' title='bbox 558 3604 744 3659; x_wconf 74' lang='grc' dir='ltr'>πολλοὶ</span> <span class='ocrx_word' id='word_1_318' title='bbox 782 3606 892 3659; x_wconf 90' lang='grc' dir='ltr'><strong>τῶν</strong></span> <span class='ocrx_word' id='word_1_319' title='bbox 922 3609 1233 3663; x_wconf 84' lang='grc' dir='ltr'>ἀποστόλων</span> <span class='ocrx_word' id='word_1_320' title='bbox 1285 3613 1380 3663; x_wconf 66' lang='grc' dir='ltr'>καὶ.</span> <span class='ocrx_word' id='word_1_321' title='bbox 1425 3610 1535 3663; x_wconf 86' lang='grc' dir='ltr'><strong>τῶν</strong></span> <span class='ocrx_word' id='word_1_322' title='bbox 1588 3610 1903 3681; x_wconf 83' lang='grc' dir='ltr'>προφητῶν,</span> 
     </span>
    </p>
   </div>
   <div class='ocr_carea' id='block_1_40' title="bbox 327 3692 1906 3769">
    <p class='ocr_par' dir='ltr' id='par_1_40' title="bbox 327 3692 1906 3769">
     <span class='ocr_line' id='line_1_40' title="bbox 327 3692 1906 3769; baseline 0.003 -24"><span class='ocrx_word' id='word_1_323' title='bbox 327 3692 681 3765; x_wconf 78' lang='grc' dir='ltr'>ἀπωδύροντο</span> <span class='ocrx_word' id='word_1_324' title='bbox 713 3693 811 3765; x_wconf 82' lang='grc' dir='ltr'>τὴν</span> <span class='ocrx_word' id='word_1_325' title='bbox 841 3696 918 3760; x_wconf 84' lang='grc' dir='ltr'><strong>είς</strong></span> <span class='ocrx_word' id='word_1_326' title='bbox 944 3696 1044 3761; x_wconf 85' lang='grc' dir='ltr'>τὰς</span> <span class='ocrx_word' id='word_1_327' title='bbox 1084 3698 1410 3766; x_wconf 85' lang='grc' dir='ltr'>Ἐκκλησίας</span> <span class='ocrx_word' id='word_1_328' title='bbox 1449 3697 1543 3751; x_wconf 84' lang='grc' dir='ltr'>τοῦ</span> <span class='ocrx_word' id='word_1_329' title='bbox 1576 3697 1906 3769; x_wconf 83' lang='grc' dir='ltr'>κρατοῦντος</span> 
     </span>
    </p>
   </div>
   <div class='ocr_carea' id='block_1_41' title="bbox 326 3781 1903 3859">
    <p class='ocr_par' dir='ltr' id='par_1_41' title="bbox 326 3781 1903 3859">
     <span class='ocr_line' id='line_1_41' title="bbox 326 3781 1903 3859; baseline 0.003 -23"><span class='ocrx_word' id='word_1_330' title='bbox 326 3781 523 3854; x_wconf 77' lang='grc' dir='ltr'>ὕϐριν,</span> <span class='ocrx_word' id='word_1_331' title='bbox 570 3785 662 3838; x_wconf 72' lang='grc' dir='ltr'>καὶ</span> <span class='ocrx_word' id='word_1_332' title='bbox 695 3785 724 3838; x_wconf 82' lang='grc' dir='ltr'>ὅ</span> <span class='ocrx_word' id='word_1_333' title='bbox 761 3802 815 3838; x_wconf 90' lang='grc' dir='ltr'><strong>τι</strong></span> <span class='ocrx_word' id='word_1_334' title='bbox 850 3786 957 3859; x_wconf 85' lang='grc' dir='ltr'>χρὴ</span> <span class='ocrx_word' id='word_1_335' title='bbox 990 3789 1164 3840; x_wconf 81' lang='grc' dir='ltr'>ποιεῖν</span> <span class='ocrx_word' id='word_1_336' title='bbox 1203 3788 1566 3843; x_wconf 81' lang='grc' dir='ltr'>ἐϐουλεύοντο.</span> <span class='ocrx_word' id='word_1_337' title='bbox 1613 3789 1734 3843; x_wconf 79' lang='grc' dir='ltr'><strong>Ἐπὶ</strong></span> <span class='ocrx_word' id='word_1_338' title='bbox 1768 3788 1903 3843; x_wconf 86' lang='grc' dir='ltr'>πολὺ</span> 
     </span>
    </p>
   </div>
   <div class='ocr_carea' id='block_1_42' title="bbox 322 3874 1904 3954">
    <p class='ocr_par' dir='ltr' id='par_1_42' title="bbox 322 3874 1904 3954">
     <span class='ocr_line' id='line_1_42' title="bbox 322 3874 1904 3954; baseline 0.001 -24"><span class='ocrx_word' id='word_1_339' title='bbox 322 3874 381 3930; x_wconf 75' lang='grc' dir='ltr'>δὲ</span> <span class='ocrx_word' id='word_1_340' title='bbox 409 3875 538 3947; x_wconf 73' lang='grc' dir='ltr'>περὶ</span> <span class='ocrx_word' id='word_1_341' title='bbox 562 3875 755 3931; x_wconf 81' lang='grc' dir='ltr'>τούτου</span> <span class='ocrx_word' id='word_1_342' title='bbox 785 3877 1239 3949; x_wconf 76' lang='grc' dir='ltr'>διαλογιζομένων</span> <span class='ocrx_word' id='word_1_343' title='bbox 1272 3881 1365 3933; x_wconf 75' lang='grc' dir='ltr'>καὶ</span> <span class='ocrx_word' id='word_1_344' title='bbox 1404 3879 1592 3950; x_wconf 83' lang='grc' dir='ltr'>ὥσπερ</span> <span class='ocrx_word' id='word_1_345' title='bbox 1619 3881 1904 3954; x_wconf 83' lang='grc' dir='ltr'>διαπορου-</span> 
     </span>
    </p>
   </div>
   <div class='ocr_carea' id='block_1_43' title="bbox 1974 1302 2966 1364">
    <p class='ocr_par' dir='ltr' id='par_1_43' title="bbox 1974 1302 2966 1364">
     <span class='ocr_line' id='line_1_43' title="bbox 1974 1302 2966 1364; baseline 0.004 -4"><span class='ocrx_word' id='word_1_346' title='bbox 1974 1302 2025 1360; x_wconf 80' lang='lat' dir='ltr'><strong>A</strong></span> <span class='ocrx_word' id='word_1_347' title='bbox 2698 1305 2855 1363; x_wconf 84' lang='lat' dir='ltr'><strong>CAP.</strong></span> <span class='ocrx_word' id='word_1_348' title='bbox 2900 1310 2966 1364; x_wconf 79' lang='lat' dir='ltr'><strong>ll.</strong></span> 
     </span>
    </p>
   </div>
   <div class='ocr_carea' id='block_1_44' title="bbox 2057 1410 3627 1498">
    <p class='ocr_par' dir='ltr' id='par_1_44' title="bbox 2057 1410 3627 1498">
     <span class='ocr_line' id='line_1_44' title="bbox 2057 1410 3627 1498; baseline 0.013 -36"><span class='ocrx_word' id='word_1_349' title='bbox 2057 1410 2210 1476; x_wconf 82' lang='lat' dir='ltr'><strong>Quod</strong></span> <span class='ocrx_word' id='word_1_350' title='bbox 2236 1411 2493 1494; x_wconf 59' lang='lat' dir='ltr'><strong>Julianus</strong></span> <span class='ocrx_word' id='word_1_351' title='bbox 2522 1417 2701 1498; x_wconf 52' lang='lat' dir='ltr'><strong>divina</strong></span> <span class='ocrx_word' id='word_1_352' title='bbox 2723 1419 2923 1498; x_wconf 68' lang='lat' dir='ltr'><strong>ultione</strong></span> <span class='ocrx_word' id='word_1_353' title='bbox 2947 1434 3249 1498; x_wconf 73' lang='lat' dir='ltr'><strong>peremptus</strong></span> <span class='ocrx_word' id='word_1_354' title='bbox 3284 1434 3395 1491; x_wconf 84' lang='lat' dir='ltr'><strong>est;</strong></span> <span class='ocrx_word' id='word_1_355' title='bbox 3421 1430 3627 1498; x_wconf 82' lang='lat' dir='ltr'><strong>etquod</strong></span> 
     </span>
    </p>
   </div>
   <div class='ocr_carea' id='block_1_45' title="bbox 2122 1485 3626 1554">
    <p class='ocr_par' dir='ltr' id='par_1_45' title="bbox 2122 1485 3626 1554">
     <span class='ocr_line' id='line_1_45' title="bbox 2122 1485 3626 1554; baseline 0.013 -20"><span class='ocrx_word' id='word_1_356' title='bbox 2122 1498 2265 1554; x_wconf 76' lang='lat' dir='ltr'><strong>mors</strong></span> <span class='ocrx_word' id='word_1_357' title='bbox 2296 1485 2410 1548; x_wconf 79' lang='lat' dir='ltr'><strong>eius</strong></span> <span class='ocrx_word' id='word_1_358' title='bbox 2443 1487 2757 1554; x_wconf 81' lang='lat' dir='ltr'><strong>quibusdam</strong></span> <span class='ocrx_word' id='word_1_359' title='bbox 2791 1485 3044 1545; x_wconf 73' lang='lat' dir='ltr'><strong>divinitus</strong></span> <span class='ocrx_word' id='word_1_360' title='bbox 3078 1485 3307 1548; x_wconf 66' lang='lat' dir='ltr'><strong>ret-elata</strong></span> <span class='ocrx_word' id='word_1_361' title='bbox 3339 1485 3437 1552; x_wconf 73' lang='lat' dir='ltr'><strong>est.</strong></span> <span class='ocrx_word' id='word_1_362' title='bbox 3488 1485 3626 1553; x_wconf 71' lang='lat' dir='ltr'><strong>Item</strong></span> 
     </span>
    </p>
   </div>
   <div class='ocr_carea' id='block_1_46' title="bbox 2117 1551 3623 1635">
    <p class='ocr_par' dir='ltr' id='par_1_46' title="bbox 2117 1551 3623 1635">
     <span class='ocr_line' id='line_1_46' title="bbox 2117 1551 3623 1635; baseline 0.013 -31"><span class='ocrx_word' id='word_1_363' title='bbox 2117 1551 2181 1635; x_wconf 74' lang='lat' dir='ltr'><strong>de</strong></span> <span class='ocrx_word' id='word_1_364' title='bbox 2219 1551 2468 1635; x_wconf 70' lang='lat' dir='ltr'><strong>responso</strong></span> <span class='ocrx_word' id='word_1_365' title='bbox 2504 1555 2621 1621; x_wconf 80' lang='lat' dir='ltr'><strong>illo,</strong></span> <span class='ocrx_word' id='word_1_366' title='bbox 2652 1558 2825 1635; x_wconf 68' lang='lat' dir='ltr'><strong>[ilium</strong></span> <span class='ocrx_word' id='word_1_367' title='bbox 2851 1560 2994 1627; x_wconf 80' lang='lat' dir='ltr'><strong>fabri</strong></span> <span class='ocrx_word' id='word_1_368' title='bbox 3024 1578 3210 1635; x_wconf 60' lang='lat' dir='ltr'><strong>arcam</strong></span> <span class='ocrx_word' id='word_1_369' title='bbox 3232 1566 3279 1618; x_wconf 81' lang='lat' dir='ltr'><strong>ei</strong></span> <span class='ocrx_word' id='word_1_370' title='bbox 3307 1551 3623 1635; x_wconf 44' lang='lat' dir='ltr'><strong>fabricaret</strong></span> 
     </span>
    </p>
   </div>
   <div class='ocr_carea' id='block_1_47' title="bbox 2112 1626 3624 1705">
    <p class='ocr_par' dir='ltr' id='par_1_47' title="bbox 2112 1626 3624 1705">
     <span class='ocr_line' id='line_1_47' title="bbox 2112 1626 3624 1705; baseline 0.015 -32"><span class='ocrx_word' id='word_1_371' title='bbox 2112 1630 2161 1674; x_wconf 86' lang='lat' dir='ltr'><strong>et</strong></span> <span class='ocrx_word' id='word_1_372' title='bbox 2197 1626 2799 1705; x_wconf 53' lang='lat' dir='ltr'><strong>quomodo-sanguinem</strong></span> <span class='ocrx_word' id='word_1_373' title='bbox 2827 1626 2984 1705; x_wconf 71' lang='lat' dir='ltr'><strong>suum</strong></span> <span class='ocrx_word' id='word_1_374' title='bbox 3024 1631 3240 1705; x_wconf 56' lang='lat' dir='ltr'><strong>Christo</strong></span> <span class='ocrx_word' id='word_1_375' title='bbox 3268 1626 3490 1705; x_wconf 68' lang='lat' dir='ltr'><strong>project&#39;t</strong></span> <span class='ocrx_word' id='word_1_376' title='bbox 3515 1655 3537 1694; x_wconf 89' lang='lat'><strong>.&#39;</strong></span> <span class='ocrx_word' id='word_1_377' title='bbox 3570 1648 3624 1695; x_wconf 74' lang='lat' dir='ltr'><strong>et</strong></span> 
     </span>
    </p>
   </div>
   <div class='ocr_carea' id='block_1_48' title="bbox 2110 1694 3394 1761">
    <p class='ocr_par' dir='ltr' id='par_1_48' title="bbox 2110 1694 3394 1761">
     <span class='ocr_line' id='line_1_48' title="bbox 2110 1694 3394 1761; baseline 0.014 -18"><span class='ocrx_word' id='word_1_378' title='bbox 2110 1703 2236 1761; x_wconf 83' lang='lat' dir='ltr'><strong>quot</strong></span> <span class='ocrx_word' id='word_1_379' title='bbox 2275 1694 2424 1748; x_wconf 79' lang='lat' dir='ltr'><strong>mala</strong></span> <span class='ocrx_word' id='word_1_380' title='bbox 2460 1694 2717 1751; x_wconf 67' lang='lat' dir='ltr'><strong>Romanis</strong></span> <span class='ocrx_word' id='word_1_381' title='bbox 2740 1701 3001 1755; x_wconf 82' lang='lat' dir='ltr'><strong>evenerint</strong></span> <span class='ocrx_word' id='word_1_382' title='bbox 3034 1701 3181 1757; x_wconf 80' lang='lat' dir='ltr'><strong>illius</strong></span> <span class='ocrx_word' id='word_1_383' title='bbox 3212 1694 3394 1761; x_wconf 75' lang='grc' dir='ltr'>εαίιεᾶ.</span> 
     </span>
    </p>
   </div>
   <div class='ocr_carea' id='block_1_49' title="bbox 2108 1867 3620 1944">
    <p class='ocr_par' dir='ltr' id='par_1_49' title="bbox 2108 1867 3620 1944">
     <span class='ocr_line' id='line_1_49' title="bbox 2108 1867 3620 1944; baseline 0.016 -23"><span class='ocrx_word' id='word_1_384' title='bbox 2108 1867 2174 1922; x_wconf 89' lang='lat' dir='ltr'><strong>Et</strong></span> <span class='ocrx_word' id='word_1_385' title='bbox 2208 1868 2473 1928; x_wconf 86' lang='lat' dir='ltr'><strong>Libanius</strong></span> <span class='ocrx_word' id='word_1_386' title='bbox 2512 1873 2734 1943; x_wconf 89' lang='lat' dir='ltr'><strong>quidem</strong></span> <span class='ocrx_word' id='word_1_387' title='bbox 2766 1877 2841 1931; x_wconf 91' lang='lat' dir='ltr'><strong>ita</strong></span> <span class='ocrx_word' id='word_1_388' title='bbox 2888 1880 3140 1938; x_wconf 88' lang='lat' dir='ltr'><strong>scribens</strong></span> <span class='ocrx_word' id='word_1_389' title='bbox 3186 1882 3392 1941; x_wconf 80' lang='lat' dir='ltr'><strong>Juliani</strong></span> <span class='ocrx_word' id='word_1_390' title='bbox 3448 1890 3620 1944; x_wconf 87' lang='lat' dir='ltr'><strong>inter-</strong></span> 
     </span>
    </p>
   </div>
   <div class='ocr_carea' id='block_1_50' title="bbox 2038 1958 3618 2046">
    <p class='ocr_par' dir='ltr' id='par_1_50' title="bbox 2038 1958 3618 2046">
     <span class='ocr_line' id='line_1_50' title="bbox 2038 1958 3618 2046; baseline 0.017 -35"><span class='ocrx_word' id='word_1_391' title='bbox 2038 1958 2296 2017; x_wconf 85' lang='lat' dir='ltr'><strong>fectorem</strong></span> <span class='ocrx_word' id='word_1_392' title='bbox 2320 1962 2699 2027; x_wconf 83' lang='lat' dir='ltr'><strong>Christianum</strong></span> <span class='ocrx_word' id='word_1_393' title='bbox 2733 1968 2907 2025; x_wconf 87' lang='lat' dir='ltr'><strong>fuisse</strong></span> <span class='ocrx_word' id='word_1_394' title='bbox 2938 1971 3156 2040; x_wconf 87' lang='lat' dir='ltr'><strong>innuit;</strong></span> <span class='ocrx_word' id='word_1_395' title='bbox 3188 1992 3386 2046; x_wconf 87' lang='lat' dir='ltr'><strong>resque</strong></span> <span class='ocrx_word' id='word_1_396' title='bbox 3419 1979 3618 2037; x_wconf 76' lang='lat' dir='ltr'><strong>fortas-</strong></span> 
     </span>
    </p>
   </div>
   <div class='ocr_carea' id='block_1_51' title="bbox 2035 2050 3614 2139">
    <p class='ocr_par' dir='ltr' id='par_1_51' title="bbox 2035 2050 3614 2139">
     <span class='ocr_line' id='line_1_51' title="bbox 2035 2050 3614 2139; baseline 0.015 -35"><span class='ocrx_word' id='word_1_397' title='bbox 2035 2050 2113 2105; x_wconf 89' lang='lat' dir='ltr'><strong>sis</strong></span> <span class='ocrx_word' id='word_1_398' title='bbox 2166 2051 2240 2105; x_wconf 89' lang='lat' dir='ltr'><strong>ita</strong></span> <span class='ocrx_word' id='word_1_399' title='bbox 2280 2068 2341 2108; x_wconf 91' lang='lat' dir='ltr'><strong>se</strong></span> <span class='ocrx_word' id='word_1_400' title='bbox 2392 2054 2578 2112; x_wconf 86' lang='lat' dir='ltr'><strong>habet.</strong></span> <span class='ocrx_word' id='word_1_401' title='bbox 2629 2056 2817 2129; x_wconf 86' lang='lat' dir='ltr'><strong>Neque</strong></span> <span class='ocrx_word' id='word_1_402' title='bbox 2859 2063 3010 2117; x_wconf 87' lang='lat' dir='ltr'><strong>enim</strong></span> <span class='ocrx_word' id='word_1_403' title='bbox 3062 2080 3094 2119; x_wconf 89' lang='lat' dir='ltr'><strong>a</strong></span> <span class='ocrx_word' id='word_1_404' title='bbox 3142 2083 3274 2121; x_wconf 89' lang='lat' dir='ltr'><strong>vero</strong></span> <span class='ocrx_word' id='word_1_405' title='bbox 3326 2069 3614 2139; x_wconf 83' lang='lat' dir='ltr'><strong>abhorret,</strong></span> 
     </span>
    </p>
   </div>
   <div class='ocr_carea' id='block_1_52' title="bbox 2033 2143 3614 2227">
    <p class='ocr_par' dir='ltr' id='par_1_52' title="bbox 2033 2143 3614 2227">
     <span class='ocr_line' id='line_1_52' title="bbox 2033 2143 3614 2227; baseline 0.014 -33"><span class='ocrx_word' id='word_1_406' title='bbox 2033 2143 2346 2213; x_wconf 80' lang='lat' dir='ltr'><strong>quempiam</strong></span> <span class='ocrx_word' id='word_1_407' title='bbox 2389 2161 2581 2202; x_wconf 89' lang='lat' dir='ltr'><strong>eorum</strong></span> <span class='ocrx_word' id='word_1_408' title='bbox 2612 2151 2705 2219; x_wconf 89' lang='lat' dir='ltr'><strong>qui</strong></span> <span class='ocrx_word' id='word_1_409' title='bbox 2770 2159 2903 2208; x_wconf 87' lang='lat' dir='ltr'><strong>tunc</strong></span> <span class='ocrx_word' id='word_1_410' title='bbox 2954 2158 3223 2227; x_wconf 89' lang='lat' dir='ltr'><strong>temporis</strong></span> <span class='ocrx_word' id='word_1_411' title='bbox 3266 2158 3321 2213; x_wconf 89' lang='lat' dir='ltr'><strong>in</strong></span> <span class='ocrx_word' id='word_1_412' title='bbox 3367 2163 3614 2217; x_wconf 80' lang='lat' dir='ltr'><strong>exercitu</strong></span> 
     </span>
    </p>
   </div>
   <div class='ocr_carea' id='block_1_53' title="bbox 2030 2229 3616 2323">
    <p class='ocr_par' dir='ltr' id='par_1_53' title="bbox 2030 2229 3616 2323">
     <span class='ocr_line' id='line_1_53' title="bbox 2030 2229 3616 2323; baseline 0.016 -38"><span class='ocrx_word' id='word_1_413' title='bbox 2030 2229 2282 2290; x_wconf 78' lang='lat' dir='ltr'><strong>Romano</strong></span> <span class='ocrx_word' id='word_1_414' title='bbox 2313 2237 2647 2306; x_wconf 86' lang='lat' dir='ltr'><strong>militabant,</strong></span> <span class='ocrx_word' id='word_1_415' title='bbox 2687 2242 2742 2297; x_wconf 91' lang='lat' dir='ltr'><strong>in</strong></span> <span class='ocrx_word' id='word_1_416' title='bbox 2786 2245 2973 2301; x_wconf 90' lang='lat' dir='ltr'><strong>animo</strong></span> <span class='ocrx_word' id='word_1_417' title='bbox 3000 2257 3307 2317; x_wconf 81' lang='lat' dir='ltr'><strong>reputasse,</strong></span> <span class='ocrx_word' id='word_1_418' title='bbox 3347 2260 3616 2323; x_wconf 85' lang='lat' dir='ltr'><strong>tyranno-</strong></span> 
     </span>
    </p>
   </div>
   <div class='ocr_carea' id='block_1_54' title="bbox 2029 2327 3612 2409">
    <p class='ocr_par' dir='ltr' id='par_1_54' title="bbox 2029 2327 3612 2409">
     <span class='ocr_line' id='line_1_54' title="bbox 2029 2327 3612 2409; baseline 0.015 -32"><span class='ocrx_word' id='word_1_419' title='bbox 2029 2339 2153 2380; x_wconf 90' lang='lat' dir='ltr'><strong>rum</strong></span> <span class='ocrx_word' id='word_1_420' title='bbox 2194 2327 2577 2386; x_wconf 83' lang='lat' dir='ltr'><strong>interfectores</strong></span> <span class='ocrx_word' id='word_1_421' title='bbox 2618 2342 2729 2389; x_wconf 89' lang='lat' dir='ltr'><strong>tum</strong></span> <span class='ocrx_word' id='word_1_422' title='bbox 2766 2350 2794 2387; x_wconf 89' lang='lat' dir='ltr'><strong>a</strong></span> <span class='ocrx_word' id='word_1_423' title='bbox 2828 2339 3113 2395; x_wconf 69' lang='lat' dir='ltr'><strong>veteribus</strong></span> <span class='ocrx_word' id='word_1_424' title='bbox 3148 2340 3378 2408; x_wconf 73' lang='lat' dir='ltr'><strong>Graecis,</strong></span> <span class='ocrx_word' id='word_1_425' title='bbox 3425 2353 3542 2400; x_wconf 89' lang='lat' dir='ltr'><strong>tum</strong></span> <span class='ocrx_word' id='word_1_426' title='bbox 3574 2361 3612 2409; x_wconf 59' lang='grc' dir='ltr'><strong>,ιι</strong></span> 
     </span>
    </p>
   </div>
   <div class='ocr_carea' id='block_1_55' title="bbox 2028 2415 3612 2499">
    <p class='ocr_par' dir='ltr' id='par_1_55' title="bbox 2028 2415 3612 2499">
     <span class='ocr_line' id='line_1_55' title="bbox 2028 2415 3612 2499; baseline 0.016 -34"><span class='ocrx_word' id='word_1_427' title='bbox 2028 2415 2257 2483; x_wconf 87' lang='lat' dir='ltr'><strong>reliquis</strong></span> <span class='ocrx_word' id='word_1_428' title='bbox 2292 2420 2620 2476; x_wconf 82' lang='lat' dir='ltr'><strong>mertalibus</strong></span> <span class='ocrx_word' id='word_1_429' title='bbox 2643 2422 2711 2475; x_wconf 84' lang='lat' dir='ltr'><strong>ad</strong></span> <span class='ocrx_word' id='word_1_430' title='bbox 2734 2432 2981 2481; x_wconf 88' lang='lat' dir='ltr'><strong>nostram</strong></span> <span class='ocrx_word' id='word_1_431' title='bbox 3013 2445 3189 2499; x_wconf 89' lang='lat' dir='ltr'><strong>usque</strong></span> <span class='ocrx_word' id='word_1_432' title='bbox 3223 2440 3438 2487; x_wconf 75' lang='lat' dir='ltr'><strong>:rtatcm</strong></span> <span class='ocrx_word' id='word_1_433' title='bbox 3470 2450 3612 2491; x_wconf 86' lang='lat' dir='ltr'><strong>sum-</strong></span> 
     </span>
    </p>
   </div>
   <div class='ocr_carea' id='block_1_56' title="bbox 2027 2508 3605 2591">
    <p class='ocr_par' dir='ltr' id='par_1_56' title="bbox 2027 2508 3605 2591">
     <span class='ocr_line' id='line_1_56' title="bbox 2027 2508 3605 2591; baseline 0.016 -31"><span class='ocrx_word' id='word_1_434' title='bbox 2027 2509 2134 2563; x_wconf 90' lang='lat' dir='ltr'><strong>mis</strong></span> <span class='ocrx_word' id='word_1_435' title='bbox 2169 2508 2435 2566; x_wconf 89' lang='lat' dir='ltr'><strong>laudibus</strong></span> <span class='ocrx_word' id='word_1_436' title='bbox 2469 2512 2671 2580; x_wconf 82' lang='lat' dir='ltr'><strong>ellerri,</strong></span> <span class='ocrx_word' id='word_1_437' title='bbox 2714 2525 2774 2570; x_wconf 90' lang='lat' dir='ltr'><strong>ut</strong></span> <span class='ocrx_word' id='word_1_438' title='bbox 2809 2520 2900 2588; x_wconf 91' lang='lat' dir='ltr'><strong>qui</strong></span> <span class='ocrx_word' id='word_1_439' title='bbox 2928 2536 3027 2591; x_wconf 92' lang='lat' dir='ltr'><strong>pro</strong></span> <span class='ocrx_word' id='word_1_440' title='bbox 3054 2528 3331 2582; x_wconf 90' lang='lat' dir='ltr'><strong>communi</strong></span> <span class='ocrx_word' id='word_1_441' title='bbox 3359 2531 3605 2585; x_wconf 85' lang='lat' dir='ltr'><strong>omnium</strong></span> 
     </span>
    </p>
   </div>
   <div class='ocr_carea' id='block_1_57' title="bbox 2027 2598 3607 2686">
    <p class='ocr_par' dir='ltr' id='par_1_57' title="bbox 2027 2598 3607 2686">
     <span class='ocr_line' id='line_1_57' title="bbox 2027 2598 3607 2686; baseline 0.018 -35"><span class='ocrx_word' id='word_1_442' title='bbox 2027 2598 2303 2664; x_wconf 88' lang='lat' dir='ltr'><strong>libertate,</strong></span> <span class='ocrx_word' id='word_1_443' title='bbox 2341 2611 2575 2659; x_wconf 86' lang='lat' dir='ltr'><strong>mortem</strong></span> <span class='ocrx_word' id='word_1_444' title='bbox 2608 2617 2873 2678; x_wconf 88' lang='lat' dir='ltr'><strong>oppetere</strong></span> <span class='ocrx_word' id='word_1_445' title='bbox 2915 2628 3025 2668; x_wconf 91' lang='lat' dir='ltr'><strong>non</strong></span> <span class='ocrx_word' id='word_1_446' title='bbox 3064 2614 3390 2686; x_wconf 84' lang='lat' dir='ltr'><strong>dubitarint,</strong></span> <span class='ocrx_word' id='word_1_447' title='bbox 3432 2632 3486 2678; x_wconf 87' lang='lat' dir='ltr'><strong>et</strong></span> <span class='ocrx_word' id='word_1_448' title='bbox 3527 2624 3607 2680; x_wconf 86' lang='lat' dir='ltr'><strong>ci-</strong></span> 
     </span>
    </p>
   </div>
   <div class='ocr_carea' id='block_1_58' title="bbox 2026 2689 3606 2772">
    <p class='ocr_par' dir='ltr' id='par_1_58' title="bbox 2026 2689 3606 2772">
     <span class='ocr_line' id='line_1_58' title="bbox 2026 2689 3606 2772; baseline 0.016 -29"><span class='ocrx_word' id='word_1_449' title='bbox 2026 2689 2186 2745; x_wconf 90' lang='lat' dir='ltr'><strong>vibus</strong></span> <span class='ocrx_word' id='word_1_450' title='bbox 2203 2692 2321 2747; x_wconf 87' lang='lat' dir='ltr'><strong>suis</strong></span> <span class='ocrx_word' id='word_1_451' title='bbox 2352 2700 2404 2746; x_wconf 89' lang='lat' dir='ltr'><strong>et</strong></span> <span class='ocrx_word' id='word_1_452' title='bbox 2435 2696 2763 2768; x_wconf 87' lang='lat' dir='ltr'><strong>propinquis</strong></span> <span class='ocrx_word' id='word_1_453' title='bbox 2793 2709 2956 2772; x_wconf 88' lang='lat' dir='ltr'><strong>atque</strong></span> <span class='ocrx_word' id='word_1_454' title='bbox 2991 2706 3186 2762; x_wconf 82' lang='lat' dir='ltr'><strong>amicis</strong></span> <span class='ocrx_word' id='word_1_455' title='bbox 3224 2709 3391 2765; x_wconf 87' lang='lat' dir='ltr'><strong>alacri</strong></span> <span class='ocrx_word' id='word_1_456' title='bbox 3420 2712 3606 2768; x_wconf 89' lang='lat' dir='ltr'><strong>animo</strong></span> 
     </span>
    </p>
   </div>
   <div class='ocr_carea' id='block_1_59' title="bbox 2024 2780 3604 2868">
    <p class='ocr_par' dir='ltr' id='par_1_59' title="bbox 2024 2780 3604 2868">
     <span class='ocr_line' id='line_1_59' title="bbox 2024 2780 3604 2868; baseline 0.015 -35"><span class='ocrx_word' id='word_1_457' title='bbox 2024 2780 2274 2848; x_wconf 84' lang='lat' dir='ltr'><strong>Opitulati</strong></span> <span class='ocrx_word' id='word_1_458' title='bbox 2305 2782 2436 2837; x_wconf 91' lang='lat' dir='ltr'><strong>sint.</strong></span> <span class='ocrx_word' id='word_1_459' title='bbox 2476 2783 2648 2841; x_wconf 88' lang='lat' dir='ltr'><strong>Nemo</strong></span> <span class='ocrx_word' id='word_1_460' title='bbox 2687 2797 2840 2845; x_wconf 90' lang='lat' dir='ltr'><strong>certe</strong></span> <span class='ocrx_word' id='word_1_461' title='bbox 2883 2790 3012 2846; x_wconf 88' lang='lat' dir='ltr'><strong>eum</strong></span> <span class='ocrx_word' id='word_1_462' title='bbox 3047 2794 3206 2850; x_wconf 81' lang='lat' dir='ltr'><strong>facile</strong></span> <span class='ocrx_word' id='word_1_463' title='bbox 3230 2799 3604 2868; x_wconf 87' lang='lat' dir='ltr'><strong>reprehende-</strong></span> 
     </span>
    </p>
   </div>
   <div class='ocr_carea' id='block_1_60' title="bbox 2024 2870 3604 2960">
    <p class='ocr_par' dir='ltr' id='par_1_60' title="bbox 2024 2870 3604 2960">
     <span class='ocr_line' id='line_1_60' title="bbox 2024 2870 3604 2960; baseline 0.017 -36"><span class='ocrx_word' id='word_1_464' title='bbox 2024 2870 2119 2937; x_wconf 89' lang='lat' dir='ltr'><strong>rit,</strong></span> <span class='ocrx_word' id='word_1_465' title='bbox 2157 2873 2251 2942; x_wconf 89' lang='lat' dir='ltr'><strong>qui</strong></span> <span class='ocrx_word' id='word_1_466' title='bbox 2283 2884 2512 2945; x_wconf 86' lang='lat' dir='ltr'><strong>propter</strong></span> <span class='ocrx_word' id='word_1_467' title='bbox 2543 2877 2736 2945; x_wconf 89' lang='lat' dir='ltr'><strong>Deum,</strong></span> <span class='ocrx_word' id='word_1_468' title='bbox 2775 2892 2827 2936; x_wconf 92' lang='lat' dir='ltr'><strong>et</strong></span> <span class='ocrx_word' id='word_1_469' title='bbox 2868 2892 3093 2954; x_wconf 86' lang='lat' dir='ltr'><strong>propter</strong></span> <span class='ocrx_word' id='word_1_470' title='bbox 3114 2902 3234 2942; x_wconf 92' lang='lat' dir='ltr'><strong>eam</strong></span> <span class='ocrx_word' id='word_1_471' title='bbox 3263 2905 3428 2960; x_wconf 88' lang='lat' dir='ltr'><strong>quam</strong></span> <span class='ocrx_word' id='word_1_472' title='bbox 3462 2894 3604 2951; x_wconf 87' lang='lat' dir='ltr'><strong>cole-</strong></span> 
     </span>
    </p>
   </div>
   <div class='ocr_carea' id='block_1_61' title="bbox 2023 2960 3600 3052">
    <p class='ocr_par' dir='ltr' id='par_1_61' title="bbox 2023 2960 3600 3052">
     <span class='ocr_line' id='line_1_61' title="bbox 2023 2960 3600 3052; baseline 0.015 -36"><span class='ocrx_word' id='word_1_473' title='bbox 2023 2960 2116 3016; x_wconf 88' lang='lat' dir='ltr'><strong>bat</strong></span> <span class='ocrx_word' id='word_1_474' title='bbox 2150 2965 2490 3036; x_wconf 85' lang='lat' dir='ltr'><strong>religionem,</strong></span> <span class='ocrx_word' id='word_1_475' title='bbox 2527 2977 2815 3026; x_wconf 89' lang='lat' dir='ltr'><strong>strenuum</strong></span> <span class='ocrx_word' id='word_1_476' title='bbox 2859 2973 3075 3033; x_wconf 87' lang='lat' dir='ltr'><strong>facinus</strong></span> <span class='ocrx_word' id='word_1_477' title='bbox 3101 2979 3291 3035; x_wconf 85' lang='lat' dir='ltr'><strong>edidit.</strong></span> <span class='ocrx_word' id='word_1_478' title='bbox 3325 2981 3438 3052; x_wconf 83' lang='lat' dir='ltr'><strong>Ego</strong></span> <span class='ocrx_word' id='word_1_479' title='bbox 3469 3000 3600 3040; x_wconf 87' lang='lat' dir='ltr'><strong>vero</strong></span> 
     </span>
    </p>
   </div>
   <div class='ocr_carea' id='block_1_62' title="bbox 2021 3052 3598 3141">
    <p class='ocr_par' dir='ltr' id='par_1_62' title="bbox 2021 3052 3598 3141">
     <span class='ocr_line' id='line_1_62' title="bbox 2021 3052 3598 3141; baseline 0.016 -36"><span class='ocrx_word' id='word_1_480' title='bbox 2021 3052 2090 3107; x_wconf 91' lang='lat' dir='ltr'><strong>de</strong></span> <span class='ocrx_word' id='word_1_481' title='bbox 2142 3053 2236 3109; x_wconf 92' lang='lat' dir='ltr'><strong>illo</strong></span> <span class='ocrx_word' id='word_1_482' title='bbox 2287 3059 2380 3126; x_wconf 93' lang='lat' dir='ltr'><strong>qui</strong></span> <span class='ocrx_word' id='word_1_483' title='bbox 2443 3059 2586 3115; x_wconf 88' lang='lat' dir='ltr'><strong>hanc</strong></span> <span class='ocrx_word' id='word_1_484' title='bbox 2608 3062 2811 3117; x_wconf 81' lang='lat' dir='ltr'><strong>caedem</strong></span> <span class='ocrx_word' id='word_1_485' title='bbox 2869 3069 3225 3136; x_wconf 88' lang='lat' dir='ltr'><strong>perpetravit,</strong></span> <span class='ocrx_word' id='word_1_486' title='bbox 3281 3082 3483 3141; x_wconf 60' lang='lat' dir='ltr'><strong>prater</strong></span> <span class='ocrx_word' id='word_1_487' title='bbox 3533 3091 3598 3131; x_wconf 90' lang='lat' dir='ltr'><strong>ea</strong></span> 
     </span>
    </p>
   </div>
   <div class='ocr_carea' id='block_1_63' title="bbox 2020 3143 3599 3225">
    <p class='ocr_par' dir='ltr' id='par_1_63' title="bbox 2020 3143 3599 3225">
     <span class='ocr_line' id='line_1_63' title="bbox 2020 3143 3599 3225; baseline 0.016 -29"><span class='ocrx_word' id='word_1_488' title='bbox 2020 3159 2143 3213; x_wconf 67' lang='lat' dir='ltr'><strong>quae</strong></span> <span class='ocrx_word' id='word_1_489' title='bbox 2171 3143 2281 3212; x_wconf 84' lang='lat' dir='ltr'><strong>jam</strong></span> <span class='ocrx_word' id='word_1_490' title='bbox 2320 3148 2456 3213; x_wconf 78' lang='lat' dir='ltr'><strong>dixi,</strong></span> <span class='ocrx_word' id='word_1_491' title='bbox 2493 3151 2632 3206; x_wconf 87' lang='lat' dir='ltr'><strong>nihil</strong></span> <span class='ocrx_word' id='word_1_492' title='bbox 2656 3156 2896 3225; x_wconf 86' lang='lat' dir='ltr'><strong>amplius</strong></span> <span class='ocrx_word' id='word_1_493' title='bbox 2925 3159 3060 3213; x_wconf 88' lang='lat' dir='ltr'><strong>scio.</strong></span> <span class='ocrx_word' id='word_1_494' title='bbox 3091 3158 3293 3216; x_wconf 78' lang='lat' dir='ltr'><strong>Verum</strong></span> <span class='ocrx_word' id='word_1_495' title='bbox 3323 3171 3383 3217; x_wconf 88' lang='lat' dir='ltr'><strong>ut</strong></span> <span class='ocrx_word' id='word_1_496' title='bbox 3406 3180 3599 3223; x_wconf 87' lang='lat' dir='ltr'><strong>omnes</strong></span> 
     </span>
    </p>
   </div>
   <div class='ocr_carea' id='block_1_64' title="bbox 2020 3241 3597 3321">
    <p class='ocr_par' dir='ltr' id='par_1_64' title="bbox 2020 3241 3597 3321">
     <span class='ocr_line' id='line_1_64' title="bbox 2020 3241 3597 3321; baseline 0.015 -33"><span class='ocrx_word' id='word_1_497' title='bbox 2020 3249 2130 3289; x_wconf 93' lang='lat' dir='ltr'><strong>uno</strong></span> <span class='ocrx_word' id='word_1_498' title='bbox 2158 3252 2433 3295; x_wconf 84' lang='lat' dir='ltr'><strong>consensu</strong></span> <span class='ocrx_word' id='word_1_499' title='bbox 2466 3241 2759 3309; x_wconf 83' lang='lat' dir='ltr'><strong>al&#39;tirmant,</strong></span> <span class='ocrx_word' id='word_1_500' title='bbox 2796 3262 2921 3301; x_wconf 86' lang='lat' dir='ltr'><strong>vera</strong></span> <span class='ocrx_word' id='word_1_501' title='bbox 2951 3248 3020 3303; x_wconf 87' lang='lat' dir='ltr'><strong>ad</strong></span> <span class='ocrx_word' id='word_1_502' title='bbox 3054 3265 3155 3305; x_wconf 91' lang='lat' dir='ltr'><strong>nos</strong></span> <span class='ocrx_word' id='word_1_503' title='bbox 3187 3254 3435 3321; x_wconf 85' lang='lat' dir='ltr'><strong>pervenit</strong></span> <span class='ocrx_word' id='word_1_504' title='bbox 3464 3270 3597 3311; x_wconf 90' lang='lat' dir='ltr'><strong>nar-</strong></span> 
     </span>
    </p>
   </div>
   <div class='ocr_carea' id='block_1_65' title="bbox 2019 3328 3596 3421">
    <p class='ocr_par' dir='ltr' id='par_1_65' title="bbox 2019 3328 3596 3421">
     <span class='ocr_line' id='line_1_65' title="bbox 2019 3328 3596 3421; baseline 0.018 -41"><span class='ocrx_word' id='word_1_505' title='bbox 2019 3328 2185 3393; x_wconf 88' lang='lat' dir='ltr'><strong>ratio,</strong></span> <span class='ocrx_word' id='word_1_506' title='bbox 2210 3344 2337 3384; x_wconf 92' lang='lat' dir='ltr'><strong>eum</strong></span> <span class='ocrx_word' id='word_1_507' title='bbox 2370 3331 2557 3387; x_wconf 83' lang='lat' dir='ltr'><strong>divina</strong></span> <span class='ocrx_word' id='word_1_508' title='bbox 2581 3334 2790 3393; x_wconf 91' lang='lat' dir='ltr'><strong>ultione</strong></span> <span class='ocrx_word' id='word_1_509' title='bbox 2820 3349 3162 3412; x_wconf 88' lang='lat' dir='ltr'><strong>peremptum</strong></span> <span class='ocrx_word' id='word_1_510' title='bbox 3191 3344 3361 3404; x_wconf 87' lang='lat' dir='ltr'><strong>fuisse</strong></span> <span class='ocrx_word' id='word_1_511' title='bbox 3387 3366 3402 3417; x_wconf 91' lang='lat'><strong>;</strong></span> <span class='ocrx_word' id='word_1_512' title='bbox 3434 3352 3596 3421; x_wconf 84' lang='lat' dir='ltr'><strong>cujus</strong></span> 
     </span>
    </p>
   </div>
   <div class='ocr_carea' id='block_1_66' title="bbox 2018 3418 3592 3510">
    <p class='ocr_par' dir='ltr' id='par_1_66' title="bbox 2018 3418 3592 3510">
     <span class='ocr_line' id='line_1_66' title="bbox 2018 3418 3592 3510; baseline 0.018 -40"><span class='ocrx_word' id='word_1_513' title='bbox 2018 3418 2095 3474; x_wconf 89' lang='lat' dir='ltr'><strong>rei</strong></span> <span class='ocrx_word' id='word_1_514' title='bbox 2121 3430 2505 3490; x_wconf 76' lang='lat' dir='ltr'><strong>argumentum</strong></span> <span class='ocrx_word' id='word_1_515' title='bbox 2539 3433 2626 3481; x_wconf 85' lang='lat' dir='ltr'><strong>est</strong></span> <span class='ocrx_word' id='word_1_516' title='bbox 2648 3428 2891 3486; x_wconf 64' lang='lat' dir='ltr'><strong>caelestis</strong></span> <span class='ocrx_word' id='word_1_517' title='bbox 2924 3432 3082 3501; x_wconf 86' lang='lat' dir='ltr'><strong>visio,</strong></span> <span class='ocrx_word' id='word_1_518' title='bbox 3110 3449 3275 3505; x_wconf 88' lang='lat' dir='ltr'><strong>quam</strong></span> <span class='ocrx_word' id='word_1_519' title='bbox 3302 3454 3332 3491; x_wconf 92' lang='lat' dir='ltr'><strong>a</strong></span> <span class='ocrx_word' id='word_1_520' title='bbox 3354 3418 3592 3510; x_wconf 78' lang='lat' dir='ltr'><strong>quodam</strong></span> 
     </span>
    </p>
   </div>
   <div class='ocr_carea' id='block_1_67' title="bbox 2015 3510 3590 3598">
    <p class='ocr_par' dir='ltr' id='par_1_67' title="bbox 2015 3510 3590 3598">
     <span class='ocr_line' id='line_1_67' title="bbox 2015 3510 3590 3598; baseline 0.017 -36"><span class='ocrx_word' id='word_1_521' title='bbox 2015 3523 2083 3563; x_wconf 80' lang='lat' dir='ltr'><strong>ex</strong></span> <span class='ocrx_word' id='word_1_522' title='bbox 2114 3510 2238 3579; x_wconf 89' lang='lat' dir='ltr'><strong>ejus</strong></span> <span class='ocrx_word' id='word_1_523' title='bbox 2271 3511 2640 3572; x_wconf 82' lang='lat' dir='ltr'><strong>familiaribus</strong></span> <span class='ocrx_word' id='word_1_524' title='bbox 2668 3518 2846 3575; x_wconf 91' lang='lat' dir='ltr'><strong>visam</strong></span> <span class='ocrx_word' id='word_1_525' title='bbox 2876 3537 3003 3580; x_wconf 89' lang='lat' dir='ltr'><strong>esse</strong></span> <span class='ocrx_word' id='word_1_526' title='bbox 3037 3527 3247 3598; x_wconf 86' lang='lat' dir='ltr'><strong>accepi.</strong></span> <span class='ocrx_word' id='word_1_527' title='bbox 3295 3528 3427 3585; x_wconf 78' lang='lat' dir='ltr'><strong>Nam</strong></span> <span class='ocrx_word' id='word_1_528' title='bbox 3465 3547 3590 3588; x_wconf 90' lang='lat' dir='ltr'><strong>cum</strong></span> 
     </span>
    </p>
   </div>
   <div class='ocr_carea' id='block_1_68' title="bbox 2017 3601 3588 3693">
    <p class='ocr_par' dir='ltr' id='par_1_68' title="bbox 2017 3601 3588 3693">
     <span class='ocr_line' id='line_1_68' title="bbox 2017 3601 3588 3693; baseline 0.017 -39"><span class='ocrx_word' id='word_1_529' title='bbox 2017 3601 2065 3656; x_wconf 91' lang='lat' dir='ltr'><strong>is</strong></span> <span class='ocrx_word' id='word_1_530' title='bbox 2102 3601 2172 3657; x_wconf 86' lang='lat' dir='ltr'><strong>ad</strong></span> <span class='ocrx_word' id='word_1_531' title='bbox 2210 3603 2361 3659; x_wconf 89' lang='lat' dir='ltr'><strong>illum</strong></span> <span class='ocrx_word' id='word_1_532' title='bbox 2404 3614 2536 3662; x_wconf 90' lang='lat' dir='ltr'><strong>tunc</strong></span> <span class='ocrx_word' id='word_1_533' title='bbox 2576 3609 2630 3662; x_wconf 88' lang='lat' dir='ltr'><strong>in</strong></span> <span class='ocrx_word' id='word_1_534' title='bbox 2665 3608 2892 3669; x_wconf 79' lang='lat' dir='ltr'><strong>Perside</strong></span> <span class='ocrx_word' id='word_1_535' title='bbox 2925 3624 3175 3685; x_wconf 83' lang='lat' dir='ltr'><strong>agentem</strong></span> <span class='ocrx_word' id='word_1_536' title='bbox 3209 3623 3588 3693; x_wconf 87' lang='lat' dir='ltr'><strong>contenderet,</strong></span> 
     </span>
    </p>
   </div>
   <div class='ocr_carea' id='block_1_69' title="bbox 2013 3691 3591 3770">
    <p class='ocr_par' dir='ltr' id='par_1_69' title="bbox 2013 3691 3591 3770">
     <span class='ocr_line' id='line_1_69' title="bbox 2013 3691 3591 3770; baseline 0.016 -25"><span class='ocrx_word' id='word_1_537' title='bbox 2013 3691 2069 3745; x_wconf 91' lang='lat' dir='ltr'><strong>in</strong></span> <span class='ocrx_word' id='word_1_538' title='bbox 2097 3691 2221 3748; x_wconf 95' lang='lat' dir='ltr'><strong>loco</strong></span> <span class='ocrx_word' id='word_1_539' title='bbox 2253 3696 2491 3765; x_wconf 90' lang='lat' dir='ltr'><strong>quodam</strong></span> <span class='ocrx_word' id='word_1_540' title='bbox 2522 3698 2620 3753; x_wconf 81' lang='lat' dir='ltr'><strong>viae</strong></span> <span class='ocrx_word' id='word_1_541' title='bbox 2656 3701 2892 3770; x_wconf 60' lang='lat' dir='ltr'><strong>publica</strong></span> <span class='ocrx_word' id='word_1_542' title='bbox 2931 3703 3245 3765; x_wconf 88' lang='lat' dir='ltr'><strong>diversatus</strong></span> <span class='ocrx_word' id='word_1_543' title='bbox 3295 3727 3419 3768; x_wconf 87' lang='lat' dir='ltr'><strong>esse</strong></span> <span class='ocrx_word' id='word_1_544' title='bbox 3452 3691 3591 3770; x_wconf 83' lang='lat' dir='ltr'><strong>dici-</strong></span> 
     </span>
    </p>
   </div>
   <div class='ocr_carea' id='block_1_70' title="bbox 2013 3788 3590 3871">
    <p class='ocr_par' dir='ltr' id='par_1_70' title="bbox 2013 3788 3590 3871">
     <span class='ocr_line' id='line_1_70' title="bbox 2013 3788 3590 3871; baseline 0.018 -34"><span class='ocrx_word' id='word_1_545' title='bbox 2013 3790 2123 3849; x_wconf 92' lang='lat' dir='ltr'><strong>tur,</strong></span> <span class='ocrx_word' id='word_1_546' title='bbox 2155 3792 2212 3840; x_wconf 91' lang='lat' dir='ltr'><strong>et</strong></span> <span class='ocrx_word' id='word_1_547' title='bbox 2236 3788 2465 3856; x_wconf 88' lang='lat' dir='ltr'><strong>penuria</strong></span> <span class='ocrx_word' id='word_1_548' title='bbox 2515 3792 2645 3847; x_wconf 90' lang='lat' dir='ltr'><strong>tecti</strong></span> <span class='ocrx_word' id='word_1_549' title='bbox 2687 3792 2744 3848; x_wconf 90' lang='lat' dir='ltr'><strong>in</strong></span> <span class='ocrx_word' id='word_1_550' title='bbox 2774 3797 3010 3851; x_wconf 88' lang='lat' dir='ltr'><strong>ecclesia</strong></span> <span class='ocrx_word' id='word_1_551' title='bbox 3046 3798 3163 3854; x_wconf 89' lang='lat' dir='ltr'><strong>illic</strong></span> <span class='ocrx_word' id='word_1_552' title='bbox 3192 3803 3372 3871; x_wconf 90' lang='lat' dir='ltr'><strong>posita</strong></span> <span class='ocrx_word' id='word_1_553' title='bbox 3418 3807 3590 3863; x_wconf 88' lang='lat' dir='ltr'><strong>decu-</strong></span> 
     </span>
    </p>
   </div>
   <div class='ocr_carea' id='block_1_71' title="bbox 2012 3874 3586 3956">
    <p class='ocr_par' dir='ltr' id='par_1_71' title="bbox 2012 3874 3586 3956">
     <span class='ocr_line' id='line_1_71' title="bbox 2012 3874 3586 3956; baseline 0.017 -28"><span class='ocrx_word' id='word_1_554' title='bbox 2012 3874 2221 3941; x_wconf 81' lang='lat' dir='ltr'><strong>buisse,</strong></span> <span class='ocrx_word' id='word_1_555' title='bbox 2266 3893 2332 3933; x_wconf 91' lang='lat' dir='ltr'><strong>ac</strong></span> <span class='ocrx_word' id='word_1_556' title='bbox 2373 3879 2489 3935; x_wconf 87' lang='lat' dir='ltr'><strong>sive</strong></span> <span class='ocrx_word' id='word_1_557' title='bbox 2521 3882 2669 3938; x_wconf 89' lang='lat' dir='ltr'><strong>inter</strong></span> <span class='ocrx_word' id='word_1_558' title='bbox 2708 3885 3070 3956; x_wconf 83' lang='lat' dir='ltr'><strong>vigilandum,</strong></span> <span class='ocrx_word' id='word_1_559' title='bbox 3107 3892 3224 3947; x_wconf 87' lang='lat' dir='ltr'><strong>sive</strong></span> <span class='ocrx_word' id='word_1_560' title='bbox 3269 3894 3326 3949; x_wconf 89' lang='lat' dir='ltr'><strong>in</strong></span> <span class='ocrx_word' id='word_1_561' title='bbox 3373 3900 3586 3955; x_wconf 85' lang='lat' dir='ltr'><strong>somnis</strong></span> 
     </span>
    </p>
   </div>
   <div class='ocr_carea' id='block_1_72' title="bbox 325 3967 1906 4054">
    <p class='ocr_par' dir='ltr' id='par_1_72' title="bbox 325 3969 1902 4043">
     <span class='ocr_line' id='line_1_72' title="bbox 325 3969 1902 4043; baseline 0.003 -21"><span class='ocrx_word' id='word_1_562' title='bbox 325 3969 545 4040; x_wconf 85' lang='grc' dir='ltr'>μένων,</span> <span class='ocrx_word' id='word_1_563' title='bbox 597 3970 929 4035; x_wconf 84' lang='grc' dir='ltr'>ἀναστάντες</span> <span class='ocrx_word' id='word_1_564' title='bbox 979 3973 1044 4024; x_wconf 87' lang='grc' dir='ltr'>ὲκ</span> <span class='ocrx_word' id='word_1_565' title='bbox 1099 3972 1282 4042; x_wconf 82' lang='grc' dir='ltr'>μέσων</span> <span class='ocrx_word' id='word_1_566' title='bbox 1326 3971 1456 4039; x_wconf 84' lang='grc' dir='ltr'>δύο,</span> <span class='ocrx_word' id='word_1_567' title='bbox 1512 3972 1737 4043; x_wconf 75' lang='grc' dir='ltr'>θαρρεῖν</span> <span class='ocrx_word' id='word_1_568' title='bbox 1788 3976 1902 4037; x_wconf 87' lang='grc' dir='ltr'>τοῖς</span> 
     </span>
    </p>
   </div>
   <div class='ocr_carea' id='block_1_73' title="bbox 2012 3967 3582 4054">
    <p class='ocr_par' dir='ltr' id='par_1_73' title="bbox 2012 3967 3582 4054">
     <span class='ocr_line' id='line_1_73' title="bbox 2012 3967 3582 4054; baseline 0.017 -34"><span class='ocrx_word' id='word_1_569' title='bbox 2012 3967 2210 4023; x_wconf 89' lang='lat' dir='ltr'><strong>vidisse</strong></span> <span class='ocrx_word' id='word_1_570' title='bbox 2235 3970 2422 4038; x_wconf 82' lang='lat' dir='ltr'><strong>plures</strong></span> <span class='ocrx_word' id='word_1_571' title='bbox 2451 3975 2733 4044; x_wconf 89' lang='lat' dir='ltr'><strong>apostolos</strong></span> <span class='ocrx_word' id='word_1_572' title='bbox 2764 3992 2828 4032; x_wconf 89' lang='lat' dir='ltr'><strong>ac</strong></span> <span class='ocrx_word' id='word_1_573' title='bbox 2848 3980 3164 4049; x_wconf 83' lang='lat' dir='ltr'><strong>prophetas,</strong></span> <span class='ocrx_word' id='word_1_574' title='bbox 3197 3988 3294 4054; x_wconf 91' lang='lat' dir='ltr'><strong>qui</strong></span> <span class='ocrx_word' id='word_1_575' title='bbox 3326 3987 3382 4041; x_wconf 90' lang='lat' dir='ltr'><strong>in</strong></span> <span class='ocrx_word' id='word_1_576' title='bbox 3412 4005 3582 4046; x_wconf 92' lang='lat' dir='ltr'><strong>unum</strong></span> 
     </span>
    </p>
   </div>
   <div class='ocr_carea' id='block_1_74' title="bbox 320 4059 1897 4136">
    <p class='ocr_par' dir='ltr' id='par_1_74' title="bbox 320 4059 1897 4136">
     <span class='ocr_line' id='line_1_74' title="bbox 320 4059 1897 4136; baseline 0.002 -21"><span class='ocrx_word' id='word_1_577' title='bbox 320 4059 503 4124; x_wconf 75' lang='grc' dir='ltr'>ἄλλοις</span> <span class='ocrx_word' id='word_1_578' title='bbox 545 4062 1045 4133; x_wconf 66' lang='grc' dir='ltr'><strong>παρεκελεύσαντο⁸</strong></span> <span class='ocrx_word' id='word_1_579' title='bbox 1085 4062 1181 4116; x_wconf 77' lang='grc' dir='ltr'>καὶ</span> <span class='ocrx_word' id='word_1_580' title='bbox 1209 4062 1285 4125; x_wconf 85' lang='grc' dir='ltr'><strong>ὡς</strong></span> <span class='ocrx_word' id='word_1_581' title='bbox 1315 4062 1408 4116; x_wconf 72' lang='grc' dir='ltr'><strong>ἐπὶ</strong></span> <span class='ocrx_word' id='word_1_582' title='bbox 1450 4063 1768 4136; x_wconf 83' lang='grc' dir='ltr'>καθαιρέσει</span> <span class='ocrx_word' id='word_1_583' title='bbox 1797 4064 1897 4134; x_wconf 78' lang='grc' dir='ltr'>τῆς</span> 
     </span>
    </p>
   </div>
   <div class='ocr_carea' id='block_1_75' title="bbox 332 4153 1898 4228">
    <p class='ocr_par' dir='ltr' id='par_1_75' title="bbox 332 4153 1898 4228">
     <span class='ocr_line' id='line_1_75' title="bbox 332 4153 1898 4228; baseline 0.003 -21"><span class='ocrx_word' id='word_1_584' title='bbox 332 4153 623 4208; x_wconf 85' lang='grc' dir='ltr'>Ἰουλιανοῦ</span> <span class='ocrx_word' id='word_1_585' title='bbox 667 4157 844 4226; x_wconf 81' lang='grc' dir='ltr'>ἀρχῆς</span> <span class='ocrx_word' id='word_1_586' title='bbox 889 4157 1198 4228; x_wconf 76' lang='grc' dir='ltr'>ὁρμῶντες,</span> <span class='ocrx_word' id='word_1_587' title='bbox 1253 4157 1454 4228; x_wconf 88' lang='grc' dir='ltr'>σπουδῇ</span> <span class='ocrx_word' id='word_1_588' title='bbox 1494 4158 1585 4211; x_wconf 86' lang='grc' dir='ltr'><strong>τὸν</strong></span> <span class='ocrx_word' id='word_1_589' title='bbox 1639 4158 1898 4227; x_wconf 83' lang='grc' dir='ltr'>σύλλογον</span> 
     </span>
    </p>
   </div>
   <div class='ocr_carea' id='block_1_76' title="bbox 322 4247 1897 4320">
    <p class='ocr_par' dir='ltr' id='par_1_76' title="bbox 322 4247 1897 4320">
     <span class='ocr_line' id='line_1_76' title="bbox 322 4247 1897 4320; baseline 0.003 -21"><span class='ocrx_word' id='word_1_590' title='bbox 322 4247 613 4299; x_wconf 76' lang='grc' dir='ltr'>κατέλιπον</span> <span class='ocrx_word' id='word_1_591' title='bbox 631 4289 644 4301; x_wconf 90' lang='grc'><strong>.</strong></span> <span class='ocrx_word' id='word_1_592' title='bbox 663 4247 723 4300; x_wconf 87' lang='lat'><strong>&#39;0</strong></span> <span class='ocrx_word' id='word_1_593' title='bbox 749 4249 803 4300; x_wconf 82' lang='grc' dir='ltr'>δὲ</span> <span class='ocrx_word' id='word_1_594' title='bbox 831 4248 926 4302; x_wconf 79' lang='grc' dir='ltr'>ἄνθ</span> <span class='ocrx_word' id='word_1_595' title='bbox 935 4266 1116 4319; x_wconf 88' lang='grc' dir='ltr'>ρωπος</span> <span class='ocrx_word' id='word_1_596' title='bbox 1144 4249 1203 4312; x_wconf 82' lang='grc' dir='ltr'>ὃς</span> <span class='ocrx_word' id='word_1_597' title='bbox 1226 4248 1334 4303; x_wconf 90' lang='grc' dir='ltr'><strong>τῶν</strong></span> <span class='ocrx_word' id='word_1_598' title='bbox 1357 4250 1673 4320; x_wconf 82' lang='grc' dir='ltr'>παραδόξων</span> <span class='ocrx_word' id='word_1_599' title='bbox 1689 4251 1897 4304; x_wconf 88' lang='grc' dir='ltr'>τούτων</span> 
     </span>
    </p>
   </div>
   <div class='ocr_carea' id='block_1_77' title="bbox 317 4337 1890 4414">
    <p class='ocr_par' dir='ltr' id='par_1_77' title="bbox 317 4337 1890 4414">
     <span class='ocr_line' id='line_1_77' title="bbox 317 4337 1890 4414; baseline 0.003 -24"><span class='ocrx_word' id='word_1_600' title='bbox 317 4337 562 4408; x_wconf 78' lang='grc' dir='ltr'>ἐγεγόνει</span> <span class='ocrx_word' id='word_1_601' title='bbox 586 4337 803 4410; x_wconf 83' lang='grc' dir='ltr'>θεατὴς,</span> <span class='ocrx_word' id='word_1_602' title='bbox 827 4340 926 4409; x_wconf 84' lang='grc' dir='ltr'>τῆς</span> <span class='ocrx_word' id='word_1_603' title='bbox 946 4340 1044 4411; x_wconf 77' lang='grc' dir='ltr'>μὲν</span> <span class='ocrx_word' id='word_1_604' title='bbox 1064 4341 1373 4413; x_wconf 81' lang='grc' dir='ltr'>ὁδοιπορίας</span> <span class='ocrx_word' id='word_1_605' title='bbox 1389 4341 1660 4414; x_wconf 82' lang='grc' dir='ltr'>ὠλιγώρει</span> <span class='ocrx_word' id='word_1_606' title='bbox 1676 4342 1859 4397; x_wconf 80' lang='grc' dir='ltr'>λοιπόν</span> <span class='ocrx_word' id='word_1_607' title='bbox 1876 4359 1890 4372; x_wconf 91' lang='grc'><strong>·</strong></span> 
     </span>
    </p>
   </div>
   <div class='ocr_carea' id='block_1_78' title="bbox 316 4429 1894 4505">
    <p class='ocr_par' dir='ltr' id='par_1_78' title="bbox 316 4429 1894 4505">
     <span class='ocr_line' id='line_1_78' title="bbox 316 4429 1894 4505; baseline 0.003 -22"><span class='ocrx_word' id='word_1_608' title='bbox 316 4429 571 4502; x_wconf 74' lang='grc' dir='ltr'>ὀρρωδῶν</span> <span class='ocrx_word' id='word_1_609' title='bbox 598 4431 655 4485; x_wconf 83' lang='grc' dir='ltr'>δὲ</span> <span class='ocrx_word' id='word_1_610' title='bbox 694 4431 772 4502; x_wconf 81' lang='grc' dir='ltr'>πῆ</span> <span class='ocrx_word' id='word_1_611' title='bbox 800 4433 908 4504; x_wconf 83' lang='grc' dir='ltr'>ἄρα</span> <span class='ocrx_word' id='word_1_612' title='bbox 953 4434 1247 4505; x_wconf 77' lang='grc' dir='ltr'>ἐκϐήσεται</span> <span class='ocrx_word' id='word_1_613' title='bbox 1285 4433 1347 4486; x_wconf 88' lang='grc' dir='ltr'><strong>τὸ</strong></span> <span class='ocrx_word' id='word_1_614' title='bbox 1390 4434 1546 4496; x_wconf 85' lang='grc' dir='ltr'>τέλος</span> <span class='ocrx_word' id='word_1_615' title='bbox 1582 4434 1683 4503; x_wconf 89' lang='grc' dir='ltr'>τῆς</span> <span class='ocrx_word' id='word_1_616' title='bbox 1715 4433 1894 4488; x_wconf 74' lang='grc' dir='ltr'>τοιαύο</span> 
     </span>
    </p>
   </div>
   <div class='ocr_carea' id='block_1_79' title="bbox 314 4522 1892 4592">
    <p class='ocr_par' dir='ltr' id='par_1_79' title="bbox 314 4522 1892 4592">
     <span class='ocr_line' id='line_1_79' title="bbox 314 4522 1892 4592; baseline 0.001 -16"><span class='ocrx_word' id='word_1_617' title='bbox 314 4539 415 4592; x_wconf 87' lang='grc' dir='ltr'><strong>της</strong></span> <span class='ocrx_word' id='word_1_618' title='bbox 441 4522 639 4592; x_wconf 67' lang='grc' dir='ltr'>ὅψεως,</span> <span class='ocrx_word' id='word_1_619' title='bbox 676 4525 839 4578; x_wconf 81' lang='grc' dir='ltr'>πάλιν</span> <span class='ocrx_word' id='word_1_620' title='bbox 876 4526 1067 4579; x_wconf 81' lang='grc' dir='ltr'>ἐνθάδε</span> <span class='ocrx_word' id='word_1_621' title='bbox 1108 4524 1409 4589; x_wconf 84' lang='grc' dir='ltr'>καθεύδων,</span> <span class='ocrx_word' id='word_1_622' title='bbox 1440 4527 1531 4579; x_wconf 81' lang='grc' dir='ltr'><strong>τὸν</strong></span> <span class='ocrx_word' id='word_1_623' title='bbox 1571 4526 1731 4579; x_wconf 78' lang='grc' dir='ltr'>αὐτὸν</span> <span class='ocrx_word' id='word_1_624' title='bbox 1765 4526 1892 4579; x_wconf 82' lang='grc' dir='ltr'>ἰδεῖν</span> 
     </span>
    </p>
   </div>
   <div class='ocr_carea' id='block_1_80' title="bbox 317 4614 1892 4690">
    <p class='ocr_par' dir='ltr' id='par_1_80' title="bbox 317 4614 1892 4690">
     <span class='ocr_line' id='line_1_80' title="bbox 317 4614 1892 4690; baseline 0.004 -24"><span class='ocrx_word' id='word_1_625' title='bbox 317 4614 607 4684; x_wconf 85' lang='grc' dir='ltr'>σύλλογον,</span> <span class='ocrx_word' id='word_1_626' title='bbox 651 4617 911 4690; x_wconf 75' lang='grc' dir='ltr'>ἐξαπίνης</span> <span class='ocrx_word' id='word_1_627' title='bbox 949 4636 1008 4671; x_wconf 88' lang='grc' dir='ltr'><strong>τε</strong></span> <span class='ocrx_word' id='word_1_628' title='bbox 1054 4619 1129 4680; x_wconf 81' lang='grc' dir='ltr'>ὡς</span> <span class='ocrx_word' id='word_1_629' title='bbox 1165 4619 1276 4672; x_wconf 88' lang='grc' dir='ltr'>ἀπὸ</span> <span class='ocrx_word' id='word_1_630' title='bbox 1316 4618 1434 4673; x_wconf 80' lang='grc' dir='ltr'>όδοῦ</span> <span class='ocrx_word' id='word_1_631' title='bbox 1478 4618 1892 4690; x_wconf 83' lang='grc' dir='ltr'>εἰσεληλυθότας</span> 
     </span>
    </p>
   </div>
   <div class='ocr_carea' id='block_1_81' title="bbox 311 4705 1889 4780">
    <p class='ocr_par' dir='ltr' id='par_1_81' title="bbox 311 4705 1889 4780">
     <span class='ocr_line' id='line_1_81' title="bbox 311 4705 1889 4780; baseline 0.003 -23"><span class='ocrx_word' id='word_1_632' title='bbox 311 4705 363 4758; x_wconf 80' lang='grc' dir='ltr'>οἳ</span> <span class='ocrx_word' id='word_1_633' title='bbox 412 4708 478 4777; x_wconf 71' lang='grc' dir='ltr'>τῇ</span> <span class='ocrx_word' id='word_1_634' title='bbox 536 4709 836 4778; x_wconf 65' lang='grc' dir='ltr'>προτεραίᾳ</span> <span class='ocrx_word' id='word_1_635' title='bbox 896 4709 1053 4763; x_wconf 69' lang='grc' dir='ltr'>νυκτὶ</span> <span class='ocrx_word' id='word_1_636' title='bbox 1101 4710 1542 4780; x_wconf 82' lang='grc' dir='ltr'>ἐπεστράτευσαν</span> <span class='ocrx_word' id='word_1_637' title='bbox 1596 4709 1889 4779; x_wconf 83' lang='grc' dir='ltr'>Ἰουλιανῷ,</span> 
     </span>
    </p>
   </div>
   <div class='ocr_carea' id='block_1_82' title="bbox 312 4791 1888 4869">
    <p class='ocr_par' dir='ltr' id='par_1_82' title="bbox 312 4791 1888 4869">
     <span class='ocr_line' id='line_1_82' title="bbox 312 4791 1888 4869; baseline 0.005 -25"><span class='ocrx_word' id='word_1_638' title='bbox 312 4791 408 4844; x_wconf 83' lang='grc' dir='ltr'><strong>καί</strong></span> <span class='ocrx_word' id='word_1_639' title='bbox 438 4793 756 4861; x_wconf 78' lang='grc' dir='ltr'>ἀναγγεῖλαι</span> <span class='ocrx_word' id='word_1_640' title='bbox 788 4797 900 4859; x_wconf 88' lang='grc' dir='ltr'>τοῖς</span> <span class='ocrx_word' id='word_1_641' title='bbox 930 4796 1130 4861; x_wconf 84' lang='grc' dir='ltr'>ἄλλοις,</span> <span class='ocrx_word' id='word_1_642' title='bbox 1160 4797 1464 4869; x_wconf 78' lang='grc' dir='ltr'>ἀνῃρῆσθαι</span> <span class='ocrx_word' id='word_1_643' title='bbox 1499 4798 1706 4851; x_wconf 79' lang='grc' dir='ltr'>τοῦτον.</span> <span class='ocrx_word' id='word_1_644' title='bbox 1752 4800 1888 4852; x_wconf 85' lang='grc' dir='ltr'>Κατ’</span> 
     </span>
    </p>
   </div>
   <div class='ocr_carea' id='block_1_83' title="bbox 308 4882 1889 4960">
    <p class='ocr_par' dir='ltr' id='par_1_83' title="bbox 308 4882 1889 4960">
     <span class='ocr_line' id='line_1_83' title="bbox 308 4882 1889 4960; baseline 0.006 -28"><span class='ocrx_word' id='word_1_645' title='bbox 308 4882 529 4952; x_wconf 81' lang='grc' dir='ltr'>ἐκείνην</span> <span class='ocrx_word' id='word_1_646' title='bbox 560 4883 618 4936; x_wconf 84' lang='grc' dir='ltr'>δὲ</span> <span class='ocrx_word' id='word_1_647' title='bbox 645 4884 743 4955; x_wconf 83' lang='grc' dir='ltr'>τὴν</span> <span class='ocrx_word' id='word_1_648' title='bbox 769 4885 979 4957; x_wconf 83' lang='grc' dir='ltr'>ἡμέραν</span> <span class='ocrx_word' id='word_1_649' title='bbox 1007 4888 1101 4940; x_wconf 79' lang='grc' dir='ltr'>καὶ</span> <span class='ocrx_word' id='word_1_650' title='bbox 1127 4888 1358 4958; x_wconf 87' lang='grc' dir='ltr'>Δίδυμος</span> <span class='ocrx_word' id='word_1_651' title='bbox 1382 4892 1409 4942; x_wconf 81' lang='grc' dir='ltr'><strong>ό</strong></span> <span class='ocrx_word' id='word_1_652' title='bbox 1430 4889 1889 4960; x_wconf 73' lang='grc' dir='ltr'>ὲκκλησιαστικὸς</span> 
     </span>
    </p>
   </div>
   <div class='ocr_carea' id='block_1_84' title="bbox 309 4972 1886 5050">
    <p class='ocr_par' dir='ltr' id='par_1_84' title="bbox 309 4972 1886 5050">
     <span class='ocr_line' id='line_1_84' title="bbox 309 4972 1886 5050; baseline 0.008 -27"><span class='ocrx_word' id='word_1_653' title='bbox 309 4972 603 5042; x_wconf 82' lang='grc' dir='ltr'>φιλόσοφος</span> <span class='ocrx_word' id='word_1_654' title='bbox 633 4976 690 5027; x_wconf 80' lang='grc' dir='ltr'>ἐν</span> <span class='ocrx_word' id='word_1_655' title='bbox 731 4975 1112 5048; x_wconf 77' lang='grc' dir='ltr'>Ἀλεξανδρείᾳ</span> <span class='ocrx_word' id='word_1_656' title='bbox 1167 4979 1483 5047; x_wconf 85' lang='grc' dir='ltr'>διατρίϐων,</span> <span class='ocrx_word' id='word_1_657' title='bbox 1531 4976 1622 5035; x_wconf 74' lang='grc' dir='ltr'><strong>οἷά</strong></span> <span class='ocrx_word' id='word_1_658' title='bbox 1676 4999 1739 5050; x_wconf 89' lang='grc' dir='ltr'><strong>γε</strong></span> <span class='ocrx_word' id='word_1_659' title='bbox 1791 4983 1886 5035; x_wconf 86' lang='grc' dir='ltr'>τοῦ</span> 
     </span>
    </p>
   </div>
   <div class='ocr_carea' id='block_1_85' title="bbox 311 5062 1887 5144">
    <p class='ocr_par' dir='ltr' id='par_1_85' title="bbox 311 5062 1887 5144">
     <span class='ocr_line' id='line_1_85' title="bbox 311 5062 1887 5144; baseline 0.006 -28"><span class='ocrx_word' id='word_1_660' title='bbox 311 5062 578 5133; x_wconf 78' lang='grc' dir='ltr'>βασιλέως</span> <span class='ocrx_word' id='word_1_661' title='bbox 603 5067 682 5128; x_wconf 87' lang='grc' dir='ltr'><strong>εἰς</strong></span> <span class='ocrx_word' id='word_1_662' title='bbox 701 5067 799 5136; x_wconf 82' lang='grc' dir='ltr'>τὴν</span> <span class='ocrx_word' id='word_1_663' title='bbox 823 5066 1117 5138; x_wconf 75' lang='grc' dir='ltr'>θρησκείαν</span> <span class='ocrx_word' id='word_1_664' title='bbox 1146 5070 1549 5140; x_wconf 83' lang='grc' dir='ltr'>διασφαλέντος,</span> <span class='ocrx_word' id='word_1_665' title='bbox 1589 5073 1887 5144; x_wconf 83' lang='grc' dir='ltr'>περίλυπος</span> 
     </span>
    </p>
   </div>
   <div class='ocr_carea' id='block_1_86' title="bbox 304 5154 1887 5236">
    <p class='ocr_par' dir='ltr' id='par_1_86' title="bbox 304 5154 1887 5236">
     <span class='ocr_line' id='line_1_86' title="bbox 304 5154 1887 5236; baseline 0.008 -29"><span class='ocrx_word' id='word_1_666' title='bbox 304 5154 407 5222; x_wconf 87' lang='grc' dir='ltr'><strong>ῶν,</strong></span> <span class='ocrx_word' id='word_1_667' title='bbox 434 5155 523 5210; x_wconf 85' lang='grc' dir='ltr'>διά</span> <span class='ocrx_word' id='word_1_668' title='bbox 552 5174 610 5210; x_wconf 83' lang='grc' dir='ltr'><strong>τε</strong></span> <span class='ocrx_word' id='word_1_669' title='bbox 630 5158 790 5212; x_wconf 83' lang='grc' dir='ltr'>αὐτὸν</span> <span class='ocrx_word' id='word_1_670' title='bbox 816 5160 890 5224; x_wconf 82' lang='grc' dir='ltr'>ὡς</span> <span class='ocrx_word' id='word_1_671' title='bbox 918 5163 1352 5233; x_wconf 85' lang='grc' dir='ltr'>πεπλανημένον,</span> <span class='ocrx_word' id='word_1_672' title='bbox 1378 5166 1471 5217; x_wconf 76' lang='grc' dir='ltr'>καὶ</span> <span class='ocrx_word' id='word_1_673' title='bbox 1491 5165 1579 5218; x_wconf 83' lang='grc' dir='ltr'>διὰ</span> <span class='ocrx_word' id='word_1_674' title='bbox 1601 5167 1699 5236; x_wconf 85' lang='grc' dir='ltr'>τὴν</span> <span class='ocrx_word' id='word_1_675' title='bbox 1724 5184 1887 5220; x_wconf 87' lang='grc' dir='ltr'>κατα-</span> 
     </span>
    </p>
   </div>
   <div class='ocr_carea' id='block_1_87' title="bbox 307 5249 1883 5325">
    <p class='ocr_par' dir='ltr' id='par_1_87' title="bbox 307 5249 1883 5325">
     <span class='ocr_line' id='line_1_87' title="bbox 307 5249 1883 5325; baseline 0.009 -25"><span class='ocrx_word' id='word_1_676' title='bbox 307 5249 572 5319; x_wconf 82' lang='grc' dir='ltr'>φρόνησιν</span> <span class='ocrx_word' id='word_1_677' title='bbox 637 5250 744 5304; x_wconf 89' lang='grc' dir='ltr'><strong>τῶν</strong></span> <span class='ocrx_word' id='word_1_678' title='bbox 808 5253 1180 5324; x_wconf 82' lang='grc' dir='ltr'>Ἐκκλησιῶν,</span> <span class='ocrx_word' id='word_1_679' title='bbox 1229 5255 1484 5325; x_wconf 79' lang='grc' dir='ltr'>ἐνήστευέ</span> <span class='ocrx_word' id='word_1_680' title='bbox 1526 5273 1586 5308; x_wconf 91' lang='grc' dir='ltr'><strong>τε</strong></span> <span class='ocrx_word' id='word_1_681' title='bbox 1650 5260 1741 5311; x_wconf 80' lang='grc' dir='ltr'><strong>καὶ</strong></span> <span class='ocrx_word' id='word_1_682' title='bbox 1793 5259 1883 5314; x_wconf 89' lang='grc' dir='ltr'><strong>τὸν</strong></span> 
     </span>
    </p>
   </div>
   <div class='ocr_carea' id='block_1_88' title="bbox 2006 4059 3581 4137">
    <p class='ocr_par' dir='ltr' id='par_1_88' title="bbox 2006 4059 3581 4137">
     <span class='ocr_line' id='line_1_88' title="bbox 2006 4059 3581 4137; baseline 0.017 -26"><span class='ocrx_word' id='word_1_683' title='bbox 2006 4059 2420 4128; x_wconf 87' lang='lat' dir='ltr'><strong>convenientes,</strong></span> <span class='ocrx_word' id='word_1_684' title='bbox 2456 4063 2524 4118; x_wconf 88' lang='lat' dir='ltr'><strong>de</strong></span> <span class='ocrx_word' id='word_1_685' title='bbox 2558 4066 2829 4135; x_wconf 89' lang='lat' dir='ltr'><strong>principis</strong></span> <span class='ocrx_word' id='word_1_686' title='bbox 2869 4070 2925 4122; x_wconf 90' lang='lat' dir='ltr'><strong>in</strong></span> <span class='ocrx_word' id='word_1_687' title='bbox 2955 4071 3216 4130; x_wconf 86' lang='lat' dir='ltr'><strong>ecclesias</strong></span> <span class='ocrx_word' id='word_1_688' title='bbox 3245 4081 3581 4137; x_wconf 88' lang='lat' dir='ltr'><strong>contumelia</strong></span> 
     </span>
    </p>
   </div>
   <div class='ocr_carea' id='block_1_89' title="bbox 2005 4155 3578 4231">
    <p class='ocr_par' dir='ltr' id='par_1_89' title="bbox 2005 4155 3578 4231">
     <span class='ocr_line' id='line_1_89' title="bbox 2005 4155 3578 4231; baseline 0.017 -31"><span class='ocrx_word' id='word_1_689' title='bbox 2005 4157 2393 4217; x_wconf 89' lang='lat' dir='ltr'><strong>quererentur,</strong></span> <span class='ocrx_word' id='word_1_690' title='bbox 2434 4162 2489 4207; x_wconf 93' lang='lat' dir='ltr'><strong>et</strong></span> <span class='ocrx_word' id='word_1_691' title='bbox 2520 4155 2787 4223; x_wconf 89' lang='lat' dir='ltr'><strong>quidnam</strong></span> <span class='ocrx_word' id='word_1_692' title='bbox 2817 4159 3087 4228; x_wconf 84' lang='lat' dir='ltr'><strong>agendum</strong></span> <span class='ocrx_word' id='word_1_693' title='bbox 3116 4175 3265 4223; x_wconf 86' lang='lat' dir='ltr'><strong>esset</strong></span> <span class='ocrx_word' id='word_1_694' title='bbox 3307 4170 3578 4231; x_wconf 90' lang='lat' dir='ltr'><strong>delibera-</strong></span> 
     </span>
    </p>
   </div>
   <div class='ocr_carea' id='block_1_90' title="bbox 2004 4241 3578 4329">
    <p class='ocr_par' dir='ltr' id='par_1_90' title="bbox 2004 4241 3578 4329">
     <span class='ocr_line' id='line_1_90' title="bbox 2004 4241 3578 4329; baseline 0.02 -35"><span class='ocrx_word' id='word_1_695' title='bbox 2004 4248 2145 4296; x_wconf 89' lang='lat' dir='ltr'><strong>rent.</strong></span> <span class='ocrx_word' id='word_1_696' title='bbox 2180 4241 2427 4313; x_wconf 90' lang='lat' dir='ltr'><strong>Cumque</strong></span> <span class='ocrx_word' id='word_1_697' title='bbox 2459 4245 2561 4301; x_wconf 88' lang='lat' dir='ltr'><strong>bac</strong></span> <span class='ocrx_word' id='word_1_698' title='bbox 2601 4247 2669 4303; x_wconf 89' lang='lat' dir='ltr'><strong>de</strong></span> <span class='ocrx_word' id='word_1_699' title='bbox 2704 4262 2762 4303; x_wconf 90' lang='lat' dir='ltr'><strong>re</strong></span> <span class='ocrx_word' id='word_1_700' title='bbox 2805 4249 3016 4309; x_wconf 91' lang='lat' dir='ltr'><strong>diutius</strong></span> <span class='ocrx_word' id='word_1_701' title='bbox 3047 4259 3472 4329; x_wconf 87' lang='lat' dir='ltr'><strong>consultassent,</strong></span> <span class='ocrx_word' id='word_1_702' title='bbox 3512 4282 3578 4324; x_wconf 85' lang='lat' dir='ltr'><strong>ac</strong></span> 
     </span>
    </p>
   </div>
   <div class='ocr_carea' id='block_1_91' title="bbox 2002 4331 3574 4424">
    <p class='ocr_par' dir='ltr' id='par_1_91' title="bbox 2002 4331 3574 4424">
     <span class='ocr_line' id='line_1_91' title="bbox 2002 4331 3574 4424; baseline 0.018 -39"><span class='ocrx_word' id='word_1_703' title='bbox 2002 4331 2171 4386; x_wconf 89' lang='lat' dir='ltr'><strong>veluti</strong></span> <span class='ocrx_word' id='word_1_704' title='bbox 2207 4333 2478 4403; x_wconf 87' lang='lat' dir='ltr'><strong>ancipites</strong></span> <span class='ocrx_word' id='word_1_705' title='bbox 2508 4335 2800 4404; x_wconf 64' lang='lat' dir='ltr'><strong>haererent,</strong></span> <span class='ocrx_word' id='word_1_706' title='bbox 2843 4340 2955 4397; x_wconf 88' lang='lat' dir='ltr'><strong>duo</strong></span> <span class='ocrx_word' id='word_1_707' title='bbox 2980 4359 3024 4399; x_wconf 11' lang='lat' dir='ltr'><strong>re</strong></span> <span class='ocrx_word' id='word_1_708' title='bbox 3057 4346 3238 4404; x_wconf 90' lang='lat' dir='ltr'><strong>medio</strong></span> <span class='ocrx_word' id='word_1_709' title='bbox 3264 4363 3574 4424; x_wconf 70' lang='lat' dir='ltr'><strong>surgentes,</strong></span> 
     </span>
    </p>
   </div>
   <div class='ocr_carea' id='block_1_92' title="bbox 2002 4424 3613 4518">
    <p class='ocr_par' dir='ltr' id='par_1_92' title="bbox 2002 4424 3613 4518">
     <span class='ocr_line' id='line_1_92' title="bbox 2002 4424 3613 4518; baseline 0.017 -41"><span class='ocrx_word' id='word_1_710' title='bbox 2002 4424 2244 4494; x_wconf 84' lang='lat' dir='ltr'><strong>reliquos</strong></span> <span class='ocrx_word' id='word_1_711' title='bbox 2274 4427 2419 4483; x_wconf 90' lang='lat' dir='ltr'><strong>bono</strong></span> <span class='ocrx_word' id='word_1_712' title='bbox 2449 4430 2635 4484; x_wconf 87' lang='lat' dir='ltr'><strong>animo</strong></span> <span class='ocrx_word' id='word_1_713' title='bbox 2664 4446 2788 4487; x_wconf 88' lang='lat' dir='ltr'><strong>esse</strong></span> <span class='ocrx_word' id='word_1_714' title='bbox 2834 4435 3124 4503; x_wconf 86' lang='lat' dir='ltr'><strong>jusserunt</strong></span> <span class='ocrx_word' id='word_1_715' title='bbox 3156 4459 3170 4496; x_wconf 88' lang='lat'><strong>:</strong></span> <span class='ocrx_word' id='word_1_716' title='bbox 3221 4453 3277 4498; x_wconf 90' lang='lat' dir='ltr'><strong>et</strong></span> <span class='ocrx_word' id='word_1_717' title='bbox 3313 4452 3574 4518; x_wconf 89' lang='lat' dir='ltr'><strong>tanquam</strong></span> <span class='ocrx_word' id='word_1_718' title='bbox 3608 4512 3613 4517; x_wconf 19' lang='grc' dir='ltr'><strong>κ</strong></span> 
     </span>
    </p>
   </div>
   <div class='ocr_carea' id='block_1_93' title="bbox 2001 4517 3573 4602">
    <p class='ocr_par' dir='ltr' id='par_1_93' title="bbox 2001 4517 3573 4602">
     <span class='ocr_line' id='line_1_93' title="bbox 2001 4517 3573 4602; baseline 0.017 -32"><span class='ocrx_word' id='word_1_719' title='bbox 2001 4517 2068 4571; x_wconf 88' lang='lat' dir='ltr'><strong>ad</strong></span> <span class='ocrx_word' id='word_1_720' title='bbox 2104 4517 2398 4574; x_wconf 88' lang='lat' dir='ltr'><strong>delendum</strong></span> <span class='ocrx_word' id='word_1_721' title='bbox 2430 4520 2634 4578; x_wconf 87' lang='lat' dir='ltr'><strong>Juliani</strong></span> <span class='ocrx_word' id='word_1_722' title='bbox 2688 4525 2976 4596; x_wconf 90' lang='lat' dir='ltr'><strong>imperium</strong></span> <span class='ocrx_word' id='word_1_723' title='bbox 3009 4530 3355 4602; x_wconf 83' lang='lat' dir='ltr'><strong>festinantes,</strong></span> <span class='ocrx_word' id='word_1_724' title='bbox 3388 4517 3573 4596; x_wconf 83' lang='lat' dir='ltr'><strong>statim</strong></span> 
     </span>
    </p>
   </div>
   <div class='ocr_carea' id='block_1_94' title="bbox 1998 4611 3574 4693">
    <p class='ocr_par' dir='ltr' id='par_1_94' title="bbox 1998 4611 3574 4693">
     <span class='ocr_line' id='line_1_94' title="bbox 1998 4611 3574 4693; baseline 0.015 -30"><span class='ocrx_word' id='word_1_725' title='bbox 1998 4625 2029 4663; x_wconf 91' lang='lat' dir='ltr'><strong>e</strong></span> <span class='ocrx_word' id='word_1_726' title='bbox 2059 4611 2298 4665; x_wconf 89' lang='lat' dir='ltr'><strong>concilio</strong></span> <span class='ocrx_word' id='word_1_727' title='bbox 2333 4612 2573 4683; x_wconf 80' lang='lat' dir='ltr'><strong>digressi</strong></span> <span class='ocrx_word' id='word_1_728' title='bbox 2611 4626 2762 4673; x_wconf 89' lang='lat' dir='ltr'><strong>sunt.</strong></span> <span class='ocrx_word' id='word_1_729' title='bbox 2790 4619 2860 4672; x_wconf 89' lang='lat' dir='ltr'><strong>At</strong></span> <span class='ocrx_word' id='word_1_730' title='bbox 2899 4621 2990 4676; x_wconf 88' lang='lat' dir='ltr'><strong>ille</strong></span> <span class='ocrx_word' id='word_1_731' title='bbox 3020 4625 3113 4693; x_wconf 89' lang='lat' dir='ltr'><strong>qui</strong></span> <span class='ocrx_word' id='word_1_732' title='bbox 3145 4642 3233 4682; x_wconf 86' lang='lat' dir='ltr'><strong>res</strong></span> <span class='ocrx_word' id='word_1_733' title='bbox 3259 4635 3366 4682; x_wconf 89' lang='lat' dir='ltr'><strong>tam</strong></span> <span class='ocrx_word' id='word_1_734' title='bbox 3398 4631 3574 4685; x_wconf 81' lang='lat' dir='ltr'><strong>admi-</strong></span> 
     </span>
    </p>
   </div>
   <div class='ocr_carea' id='block_1_95' title="bbox 1998 4702 3570 4791">
    <p class='ocr_par' dir='ltr' id='par_1_95' title="bbox 1998 4702 3570 4791">
     <span class='ocr_line' id='line_1_95' title="bbox 1998 4702 3570 4791; baseline 0.014 -37"><span class='ocrx_word' id='word_1_735' title='bbox 1998 4702 2201 4757; x_wconf 88' lang='lat' dir='ltr'><strong>rabiles</strong></span> <span class='ocrx_word' id='word_1_736' title='bbox 2232 4703 2467 4770; x_wconf 88' lang='lat' dir='ltr'><strong>viderat,</strong></span> <span class='ocrx_word' id='word_1_737' title='bbox 2491 4715 2729 4776; x_wconf 69' lang='lat' dir='ltr'><strong>emptum</strong></span> <span class='ocrx_word' id='word_1_738' title='bbox 2757 4711 2976 4780; x_wconf 89' lang='lat' dir='ltr'><strong>quidem</strong></span> <span class='ocrx_word' id='word_1_739' title='bbox 3019 4714 3125 4770; x_wconf 89' lang='lat' dir='ltr'><strong>iter</strong></span> <span class='ocrx_word' id='word_1_740' title='bbox 3157 4718 3415 4789; x_wconf 85' lang='lat' dir='ltr'><strong>deinceps</strong></span> <span class='ocrx_word' id='word_1_741' title='bbox 3442 4737 3570 4791; x_wconf 91' lang='lat' dir='ltr'><strong>pro-</strong></span> 
     </span>
    </p>
   </div>
   <div class='ocr_carea' id='block_1_96' title="bbox 1996 4795 3570 4877">
    <p class='ocr_par' dir='ltr' id='par_1_96' title="bbox 1996 4795 3570 4877">
     <span class='ocr_line' id='line_1_96' title="bbox 1996 4795 3570 4877; baseline 0.013 -29"><span class='ocrx_word' id='word_1_742' title='bbox 1996 4795 2150 4865; x_wconf 91' lang='lat' dir='ltr'><strong>sequi</strong></span> <span class='ocrx_word' id='word_1_743' title='bbox 2180 4798 2421 4868; x_wconf 78' lang='lat' dir='ltr'><strong>neglexit</strong></span> <span class='ocrx_word' id='word_1_744' title='bbox 2453 4817 2467 4852; x_wconf 88' lang='lat'><strong>:</strong></span> <span class='ocrx_word' id='word_1_745' title='bbox 2497 4797 2801 4857; x_wconf 82' lang='lat' dir='ltr'><strong>formidans</strong></span> <span class='ocrx_word' id='word_1_746' title='bbox 2827 4810 3008 4859; x_wconf 89' lang='lat' dir='ltr'><strong>autem</strong></span> <span class='ocrx_word' id='word_1_747' title='bbox 3036 4823 3329 4877; x_wconf 90' lang='lat' dir='ltr'><strong>quemnam</strong></span> <span class='ocrx_word' id='word_1_748' title='bbox 3362 4814 3570 4869; x_wconf 82' lang='lat' dir='ltr'><strong>exitum</strong></span> 
     </span>
    </p>
   </div>
   <div class='ocr_carea' id='block_1_97' title="bbox 1996 4888 3569 4963">
    <p class='ocr_par' dir='ltr' id='par_1_97' title="bbox 1996 4888 3569 4963">
     <span class='ocr_line' id='line_1_97' title="bbox 1996 4888 3569 4963; baseline 0.014 -22"><span class='ocrx_word' id='word_1_749' title='bbox 1996 4888 2255 4945; x_wconf 84' lang='lat' dir='ltr'><strong>habitura</strong></span> <span class='ocrx_word' id='word_1_750' title='bbox 2307 4900 2457 4947; x_wconf 88' lang='lat' dir='ltr'><strong>esset</strong></span> <span class='ocrx_word' id='word_1_751' title='bbox 2506 4893 2623 4948; x_wconf 70' lang='lat' dir='ltr'><strong>haec</strong></span> <span class='ocrx_word' id='word_1_752' title='bbox 2652 4896 2815 4960; x_wconf 88' lang='lat' dir='ltr'><strong>visio,</strong></span> <span class='ocrx_word' id='word_1_753' title='bbox 2872 4912 2995 4952; x_wconf 90' lang='lat' dir='ltr'><strong>cum</strong></span> <span class='ocrx_word' id='word_1_754' title='bbox 3042 4901 3231 4957; x_wconf 92' lang='lat' dir='ltr'><strong>eodem</strong></span> <span class='ocrx_word' id='word_1_755' title='bbox 3275 4920 3467 4963; x_wconf 88' lang='lat' dir='ltr'><strong>rursus</strong></span> <span class='ocrx_word' id='word_1_756' title='bbox 3513 4909 3569 4963; x_wconf 94' lang='lat' dir='ltr'><strong>in</strong></span> 
     </span>
    </p>
   </div>
   <div class='ocr_carea' id='block_1_98' title="bbox 1996 4982 3565 5064">
    <p class='ocr_par' dir='ltr' id='par_1_98' title="bbox 1996 4982 3565 5064">
     <span class='ocr_line' id='line_1_98' title="bbox 1996 4982 3565 5064; baseline 0.012 -30"><span class='ocrx_word' id='word_1_757' title='bbox 1996 4982 2117 5036; x_wconf 93' lang='lat' dir='ltr'><strong>loco</strong></span> <span class='ocrx_word' id='word_1_758' title='bbox 2146 4998 2398 5038; x_wconf 91' lang='lat' dir='ltr'><strong>somnum</strong></span> <span class='ocrx_word' id='word_1_759' title='bbox 2424 4986 2680 5055; x_wconf 87' lang='lat' dir='ltr'><strong>cepisset,</strong></span> <span class='ocrx_word' id='word_1_760' title='bbox 2711 4989 2959 5045; x_wconf 88' lang='lat' dir='ltr'><strong>eumdem</strong></span> <span class='ocrx_word' id='word_1_761' title='bbox 2989 5008 3149 5061; x_wconf 92' lang='lat' dir='ltr'><strong>quem</strong></span> <span class='ocrx_word' id='word_1_762' title='bbox 3182 4997 3335 5064; x_wconf 89' lang='lat' dir='ltr'><strong>prius</strong></span> <span class='ocrx_word' id='word_1_763' title='bbox 3366 5010 3565 5054; x_wconf 70' lang='lat' dir='ltr'><strong>emtum</strong></span> 
     </span>
    </p>
   </div>
   <div class='ocr_carea' id='block_1_99' title="bbox 1992 5074 3566 5159">
    <p class='ocr_par' dir='ltr' id='par_1_99' title="bbox 1992 5074 3566 5159">
     <span class='ocr_line' id='line_1_99' title="bbox 1992 5074 3566 5159; baseline 0.011 -33"><span class='ocrx_word' id='word_1_764' title='bbox 1992 5074 2194 5130; x_wconf 90' lang='lat' dir='ltr'><strong>vidisse</strong></span> <span class='ocrx_word' id='word_1_765' title='bbox 2225 5076 2457 5143; x_wconf 91' lang='lat' dir='ltr'><strong>dicitur,</strong></span> <span class='ocrx_word' id='word_1_766' title='bbox 2499 5093 2562 5132; x_wconf 89' lang='lat' dir='ltr'><strong>ac</strong></span> <span class='ocrx_word' id='word_1_767' title='bbox 2594 5088 2818 5148; x_wconf 87' lang='lat' dir='ltr'><strong>repente</strong></span> <span class='ocrx_word' id='word_1_768' title='bbox 2842 5082 2980 5138; x_wconf 86' lang='lat' dir='ltr'><strong>duos</strong></span> <span class='ocrx_word' id='word_1_769' title='bbox 3004 5085 3129 5141; x_wconf 93' lang='lat' dir='ltr'><strong>illos</strong></span> <span class='ocrx_word' id='word_1_770' title='bbox 3159 5088 3249 5156; x_wconf 87' lang='lat' dir='ltr'><strong>qui</strong></span> <span class='ocrx_word' id='word_1_771' title='bbox 3283 5092 3566 5159; x_wconf 78' lang='lat' dir='ltr'><strong>superiore</strong></span> 
     </span>
    </p>
   </div>
   <div class='ocr_carea' id='block_1_100' title="bbox 1992 5168 3565 5246">
    <p class='ocr_par' dir='ltr' id='par_1_100' title="bbox 1992 5168 3565 5246">
     <span class='ocr_line' id='line_1_100' title="bbox 1992 5168 3565 5246; baseline 0.012 -28"><span class='ocrx_word' id='word_1_772' title='bbox 1992 5174 2153 5222; x_wconf 90' lang='lat' dir='ltr'><strong>nocte</strong></span> <span class='ocrx_word' id='word_1_773' title='bbox 2183 5168 2450 5224; x_wconf 88' lang='lat' dir='ltr'><strong>adversus</strong></span> <span class='ocrx_word' id='word_1_774' title='bbox 2494 5169 2771 5227; x_wconf 88' lang='lat' dir='ltr'><strong>Julianum</strong></span> <span class='ocrx_word' id='word_1_775' title='bbox 2811 5174 3042 5243; x_wconf 86' lang='lat' dir='ltr'><strong>profecti</strong></span> <span class='ocrx_word' id='word_1_776' title='bbox 3089 5187 3269 5246; x_wconf 88' lang='lat' dir='ltr'><strong>erant,</strong></span> <span class='ocrx_word' id='word_1_777' title='bbox 3316 5183 3465 5236; x_wconf 86' lang='lat' dir='ltr'><strong>velut</strong></span> <span class='ocrx_word' id='word_1_778' title='bbox 3496 5184 3565 5237; x_wconf 86' lang='lat' dir='ltr'><strong>ab</strong></span> 
     </span>
    </p>
   </div>
   <div class='ocr_carea' id='block_1_101' title="bbox 1991 5257 3558 5341">
    <p class='ocr_par' dir='ltr' id='par_1_101' title="bbox 1991 5257 3558 5341">
     <span class='ocr_line' id='line_1_101' title="bbox 1991 5257 3558 5341; baseline 0.01 -31"><span class='ocrx_word' id='word_1_779' title='bbox 1991 5257 2344 5326; x_wconf 79' lang='lat' dir='ltr'><strong>expeditione</strong></span> <span class='ocrx_word' id='word_1_780' title='bbox 2372 5261 2691 5325; x_wconf 84' lang='lat' dir='ltr'><strong>redeuntes,</strong></span> <span class='ocrx_word' id='word_1_781' title='bbox 2714 5263 2770 5317; x_wconf 91' lang='lat' dir='ltr'><strong>in</strong></span> <span class='ocrx_word' id='word_1_782' title='bbox 2788 5267 3084 5323; x_wconf 86' lang='lat' dir='ltr'><strong>concilium</strong></span> <span class='ocrx_word' id='word_1_783' title='bbox 3111 5271 3391 5341; x_wconf 81' lang='lat' dir='ltr'><strong>ingressos</strong></span> <span class='ocrx_word' id='word_1_784' title='bbox 3415 5287 3558 5337; x_wconf 82' lang='lat' dir='ltr'><strong>esse,</strong></span> 
     </span>
    </p>
   </div>
   <div class='ocr_carea' id='block_1_102' title="bbox 305 5339 1906 5423">
    <p class='ocr_par' dir='ltr' id='par_1_102' title="bbox 305 5339 1883 5421">
     <span class='ocr_line' id='line_1_102' title="bbox 305 5339 1883 5421; baseline 0.007 -29"><span class='ocrx_word' id='word_1_785' title='bbox 305 5339 438 5393; x_wconf 85' lang='grc' dir='ltr'>Θεὸν</span> <span class='ocrx_word' id='word_1_786' title='bbox 471 5344 598 5412; x_wconf 74' lang='grc' dir='ltr'>περὶ</span> <span class='ocrx_word' id='word_1_787' title='bbox 640 5344 828 5398; x_wconf 70' lang='grc' dir='ltr'>τούτου</span> <span class='ocrx_word' id='word_1_788' title='bbox 884 5347 1140 5400; x_wconf 79' lang='grc' dir='ltr'>ἱκέτευεν.</span> <span class='ocrx_word' id='word_1_789' title='bbox 1187 5347 1325 5400; x_wconf 86' lang='grc' dir='ltr'>Ὑπὸ</span> <span class='ocrx_word' id='word_1_790' title='bbox 1362 5347 1417 5398; x_wconf 81' lang='grc' dir='ltr'>δὲ</span> <span class='ocrx_word' id='word_1_791' title='bbox 1455 5350 1554 5419; x_wconf 79' lang='grc' dir='ltr'>τῆς</span> <span class='ocrx_word' id='word_1_792' title='bbox 1590 5350 1883 5421; x_wconf 71' lang='grc' dir='ltr'>μερίμνης,</span> 
     </span>
    </p>
   </div>
   <div class='ocr_carea' id='block_1_103' title="bbox 2012 5339 3558 5423">
    <p class='ocr_par' dir='ltr' id='par_1_103' title="bbox 2012 5350 3558 5423">
     <span class='ocr_line' id='line_1_103' title="bbox 2012 5350 3558 5423; baseline 0.009 -21"><span class='ocrx_word' id='word_1_793' title='bbox 2012 5350 2220 5422; x_wconf 71' lang='lat' dir='ltr'><strong>ejusque</strong></span> <span class='ocrx_word' id='word_1_794' title='bbox 2249 5368 2439 5407; x_wconf 90' lang='lat' dir='ltr'><strong>necem</strong></span> <span class='ocrx_word' id='word_1_795' title='bbox 2488 5354 2715 5423; x_wconf 86' lang='lat' dir='ltr'><strong>reliquis</strong></span> <span class='ocrx_word' id='word_1_796' title='bbox 2759 5359 3060 5414; x_wconf 84' lang='lat' dir='ltr'><strong>nuntiasse.</strong></span> <span class='ocrx_word' id='word_1_797' title='bbox 3104 5359 3305 5415; x_wconf 88' lang='lat' dir='ltr'><strong>Eodem</strong></span> <span class='ocrx_word' id='word_1_798' title='bbox 3343 5364 3429 5418; x_wconf 91' lang='lat' dir='ltr'><strong>die</strong></span> <span class='ocrx_word' id='word_1_799' title='bbox 3470 5364 3558 5416; x_wconf 73' lang='lat' dir='ltr'><strong>lli-</strong></span> 
     </span>
    </p>
   </div>
   <div class='ocr_carea' id='block_1_104' title="bbox 1485 5526 2443 5584">
    <p class='ocr_par' dir='ltr' id='par_1_104' title="bbox 1485 5526 2443 5584">
     <span class='ocr_line' id='line_1_104' title="bbox 1485 5526 2443 5584; baseline -0.001 -1"><span class='ocrx_word' id='word_1_800' title='bbox 1485 5527 1842 5583; x_wconf 79' lang='lat' dir='ltr'><strong>VARIORUM</strong></span> <span class='ocrx_word' id='word_1_801' title='bbox 1888 5526 2443 5584; x_wconf 80' lang='lat' dir='ltr'><strong>ANNOTATIONES.</strong></span> 
     </span>
    </p>
   </div>
   <div class='ocr_carea' id='block_1_105' title="bbox 1978 5643 3557 5718">
    <p class='ocr_par' dir='ltr' id='par_1_105' title="bbox 1978 5643 3557 5718">
     <span class='ocr_line' id='line_1_105' title="bbox 1978 5643 3557 5718; baseline 0.004 -25"><span class='ocrx_word' id='word_1_802' title='bbox 1978 5643 2494 5718; x_wconf 61' lang='lat' dir='ltr'><strong>vox&#39;cévovunquam</strong></span> <span class='ocrx_word' id='word_1_803' title='bbox 2531 5647 2821 5717; x_wconf 85' lang='lat' dir='ltr'><strong>probasse,</strong></span> <span class='ocrx_word' id='word_1_804' title='bbox 2862 5651 2952 5718; x_wconf 91' lang='lat' dir='ltr'><strong>qui</strong></span> <span class='ocrx_word' id='word_1_805' title='bbox 2984 5649 3181 5701; x_wconf 83' lang='lat' dir='ltr'><strong>ducem</strong></span> <span class='ocrx_word' id='word_1_806' title='bbox 3211 5663 3392 5718; x_wconf 88' lang='lat' dir='ltr'><strong>suum,</strong></span> <span class='ocrx_word' id='word_1_807' title='bbox 3433 5657 3557 5714; x_wconf 86' lang='lat' dir='ltr'><strong>post</strong></span> 
     </span>
    </p>
   </div>
   <div class='ocr_carea' id='block_1_106' title="bbox 1977 5712 3559 5783">
    <p class='ocr_par' dir='ltr' id='par_1_106' title="bbox 1977 5712 3559 5783">
     <span class='ocr_line' id='line_1_106' title="bbox 1977 5712 3559 5783; baseline 0.003 -19"><span class='ocrx_word' id='word_1_808' title='bbox 1977 5712 2138 5766; x_wconf 83' lang='lat' dir='ltr'><strong>Iidem</strong></span> <span class='ocrx_word' id='word_1_809' title='bbox 2175 5713 2396 5766; x_wconf 85' lang='lat' dir='ltr'><strong>militari</strong></span> <span class='ocrx_word' id='word_1_810' title='bbox 2429 5712 2781 5771; x_wconf 74' lang='lat' dir='ltr'><strong>sacramento</strong></span> <span class='ocrx_word' id='word_1_811' title='bbox 2807 5720 2856 5772; x_wconf 89' lang='lat' dir='ltr'><strong>ei</strong></span> <span class='ocrx_word' id='word_1_812' title='bbox 2879 5712 3238 5780; x_wconf 67' lang='lat' dir='ltr'><strong>obstrictum,</strong></span> <span class='ocrx_word' id='word_1_813' title='bbox 3275 5717 3344 5767; x_wconf 89' lang='lat' dir='ltr'><strong>ob</strong></span> <span class='ocrx_word' id='word_1_814' title='bbox 3369 5712 3559 5783; x_wconf 77' lang='lat' dir='ltr'><strong>quent-</strong></span> 
     </span>
    </p>
   </div>
   <div class='ocr_carea' id='block_1_107' title="bbox 1979 5783 3555 5857">
    <p class='ocr_par' dir='ltr' id='par_1_107' title="bbox 1979 5783 3555 5857">
     <span class='ocr_line' id='line_1_107' title="bbox 1979 5783 3555 5857; baseline 0.004 -25"><span class='ocrx_word' id='word_1_815' title='bbox 1979 5784 2061 5834; x_wconf 78' lang='lat' dir='ltr'><strong>vis</strong></span> <span class='ocrx_word' id='word_1_816' title='bbox 2112 5783 2398 5850; x_wconf 80' lang='lat' dir='ltr'><strong>religionis</strong></span> <span class='ocrx_word' id='word_1_817' title='bbox 2428 5786 2512 5839; x_wconf 82' lang='lat' dir='ltr'><strong>vel</strong></span> <span class='ocrx_word' id='word_1_818' title='bbox 2550 5787 2822 5842; x_wconf 83' lang='lat' dir='ltr'><strong>libertatis</strong></span> <span class='ocrx_word' id='word_1_819' title='bbox 2852 5796 3198 5857; x_wconf 67' lang='lat' dir='ltr'><strong>praetextum,</strong></span> <span class='ocrx_word' id='word_1_820' title='bbox 3250 5786 3555 5841; x_wconf 81' lang='lat' dir='ltr'><strong>interficere</strong></span> 
     </span>
    </p>
   </div>
   <div class='ocr_carea' id='block_1_108' title="bbox 1980 5862 2347 5906">
    <p class='ocr_par' dir='ltr' id='par_1_108' title="bbox 1980 5862 2347 5906">
     <span class='ocr_line' id='line_1_108' title="bbox 1980 5862 2347 5906; baseline 0.011 -4"><span class='ocrx_word' id='word_1_821' title='bbox 1980 5867 2147 5905; x_wconf 72' lang='lat' dir='ltr'><strong>attsus</strong></span> <span class='ocrx_word' id='word_1_822' title='bbox 2180 5862 2347 5906; x_wconf 78' lang='lat' dir='ltr'><strong>esset.</strong></span> 
     </span>
    </p>
   </div>
   <div class='ocr_carea' id='block_1_109' title="bbox 379 5635 1869 5710">
    <p class='ocr_par' dir='ltr' id='par_1_109' title="bbox 379 5635 1869 5710">
     <span class='ocr_line' id='line_1_109' title="bbox 379 5635 1869 5710; baseline 0.007 -23"><span class='ocrx_word' id='word_1_823' title='bbox 379 5636 395 5687; x_wconf 80' lang='lat' dir='ltr'><strong>I</strong></span> <span class='ocrx_word' id='word_1_824' title='bbox 433 5640 480 5693; x_wconf 89' lang='grc' dir='ltr'><strong><em>Σ</em></strong></span> <span class='ocrx_word' id='word_1_825' title='bbox 485 5635 641 5705; x_wconf 73' lang='grc' dir='ltr'>χολῇ</span> <span class='ocrx_word' id='word_1_826' title='bbox 666 5639 843 5710; x_wconf 20' lang='grc' dir='ltr'>γεᾼίὶν</span> <span class='ocrx_word' id='word_1_827' title='bbox 873 5655 964 5705; x_wconf 73' lang='grc' dir='ltr'><strong>τις</strong></span> <span class='ocrx_word' id='word_1_828' title='bbox 1003 5640 1099 5692; x_wconf 77' lang='grc' dir='ltr'>καὶ</span> <span class='ocrx_word' id='word_1_829' title='bbox 1139 5640 1299 5706; x_wconf 79' lang='grc' dir='ltr'>αὐτῷ</span> <span class='ocrx_word' id='word_1_830' title='bbox 1334 5641 1653 5710; x_wconf 69' lang='grc' dir='ltr'>μέμψαιτο.</span> <span class='ocrx_word' id='word_1_831' title='bbox 1687 5644 1869 5696; x_wconf 81' lang='lat' dir='ltr'><strong>Atsa-</strong></span> 
     </span>
    </p>
   </div>
   <div class='ocr_carea' id='block_1_110' title="bbox 298 5708 1868 5780">
    <p class='ocr_par' dir='ltr' id='par_1_110' title="bbox 298 5708 1868 5780">
     <span class='ocr_line' id='line_1_110' title="bbox 298 5708 1868 5780; baseline 0.002 -20"><span class='ocrx_word' id='word_1_832' title='bbox 298 5721 412 5762; x_wconf 70' lang='lat' dir='ltr'><strong>erm</strong></span> <span class='ocrx_word' id='word_1_833' title='bbox 443 5710 654 5780; x_wconf 65' lang='lat' dir='ltr'><strong>litterae</strong></span> <span class='ocrx_word' id='word_1_834' title='bbox 680 5708 1034 5780; x_wconf 69' lang='lat' dir='ltr'><strong>talefacinus</strong></span> <span class='ocrx_word' id='word_1_835' title='bbox 1085 5726 1193 5765; x_wconf 87' lang='lat' dir='ltr'><strong>non</strong></span> <span class='ocrx_word' id='word_1_836' title='bbox 1227 5708 1868 5780; x_wconf 26' lang='lat' dir='ltr'><strong>modo’reprehcnduut,</strong></span> 
     </span>
    </p>
   </div>
   <div class='ocr_carea' id='block_1_111' title="bbox 299 5778 1871 5851">
    <p class='ocr_par' dir='ltr' id='par_1_111' title="bbox 299 5778 1871 5851">
     <span class='ocr_line' id='line_1_111' title="bbox 299 5778 1871 5851; baseline 0.003 -20"><span class='ocrx_word' id='word_1_837' title='bbox 299 5780 397 5831; x_wconf 74' lang='lat' dir='ltr'><strong>sed</strong></span> <span class='ocrx_word' id='word_1_838' title='bbox 429 5779 754 5851; x_wconf 80' lang='lat' dir='ltr'><strong>gravissime</strong></span> <span class='ocrx_word' id='word_1_839' title='bbox 784 5778 1126 5834; x_wconf 85' lang='lat' dir='ltr'><strong>detestantur</strong></span> <span class='ocrx_word' id='word_1_840' title='bbox 1160 5796 1401 5851; x_wconf 86' lang='lat' dir='ltr'><strong>orcoque</strong></span> <span class='ocrx_word' id='word_1_841' title='bbox 1426 5778 1715 5837; x_wconf 77' lang='lat' dir='ltr'><strong>devovent.</strong></span> <span class='ocrx_word' id='word_1_842' title='bbox 1762 5783 1871 5835; x_wconf 84' lang='lat' dir='ltr'><strong>Nec</strong></span> 
     </span>
    </p>
   </div>
   <div class='ocr_carea' id='block_1_112' title="bbox 302 5849 1872 5921">
    <p class='ocr_par' dir='ltr' id='par_1_112' title="bbox 302 5849 1872 5921">
     <span class='ocr_line' id='line_1_112' title="bbox 302 5849 1872 5921; baseline 0.003 -21"><span class='ocrx_word' id='word_1_843' title='bbox 302 5849 464 5902; x_wconf 75' lang='lat' dir='ltr'><strong>Iacile</strong></span> <span class='ocrx_word' id='word_1_844' title='bbox 496 5849 777 5903; x_wconf 71' lang='lat' dir='ltr'><strong>crederem</strong></span> <span class='ocrx_word' id='word_1_845' title='bbox 836 5851 914 5903; x_wconf 76' lang='lat' dir='ltr'><strong>vel</strong></span> <span class='ocrx_word' id='word_1_846' title='bbox 951 5862 1157 5907; x_wconf 74' lang='lat' dir='ltr'><strong>veteres</strong></span> <span class='ocrx_word' id='word_1_847' title='bbox 1191 5849 1411 5907; x_wconf 66' lang='lat' dir='ltr'><strong>Graecos</strong></span> <span class='ocrx_word' id='word_1_848' title='bbox 1464 5854 1625 5906; x_wconf 76' lang='lat' dir='ltr'><strong>talem</strong></span> <span class='ocrx_word' id='word_1_849' title='bbox 1675 5871 1872 5921; x_wconf 71' lang='grc' dir='ltr'>τυρανο</span> 
     </span>
    </p>
   </div>
  </div>
