4056 6326
3220 229 3234 273 l

360 361 503 417 {297
1288 355 1608 415 HISTORIA
1650 355 2212 441 ECCLESIASTICA.
2253 389 2321 399 —
2357 358 2488 413 LIB.
2514 358 2606 415 VI.
3464 359 3606 413 1298

351 474 387 543 ἢ
419 470 559 526 κατὰ
582 468 642 524 τὸ
670 468 918 540 δεύτερον
943 469 1127 540 σχῆμα
1156 470 1253 543 τῆς
1282 458 1560 542 βασιλείας
1587 472 1739 537 δντος
1764 509 1779 536 ,
1828 473 1924 527 καὶ

2046 465 2269 543 ςίοιιοηι
2300 468 2412 528 non
2463 468 2699 527 humana
2737 469 2789 525 vi
2836 477 2930 525 aut
2982 466 3251 523 industria
3278 450 3602 524 Istabilitani

349 562 412 616 τδ
434 561 646 633 ωμὸὰν
676 565 789 625 τοῖς
810 560 945 633 πρὸς
975 554 1249 630 Ᾱῑγυπτον
1290 562 1697 634 Ἀλεξανδρεῦσι
1730 563 1922 633 γέγονε

2046 579 2168 620 isse.
2202 564 2360 620 Certe
2400 562 2646 635 quandiu
2677 562 2980 631 imperator
3011 559 3114 615 iste
3147 557 3419 630 regnavit,
3446 557 3594 614 Deus

350 651 524 715 πάθος
543 668 571 713 '_
592 651 754 722 ἡνίκα
780 651 844 723 δὴ
867 654 900 723 ἠ
928 651 1171 708 Θάλασσα
1200 653 1635 720 ὑπονοστήσασα,
1671 651 1829 719 αὖθις
1862 657 1925 722 ἐξ

351 741 653 812 ἐπιδρομῆς
680 743 809 806 τοὺς
860 742 1021 807 ἰδίους
1051 744 1210 813 ὅρους
1239 745 1577 816 παρήμειψε,
1628 746 1721 801 καὶ
1761 749 1922 818 μέχρι

353 830 551 884 πολλοῦ
618 832 719 902 τὴν
771 831 941 904 ξηρὰν
989 834 1321 889 κατέκλυσεν
1347 851 1360 866 ·
1412 835 1488 901 ὡς
1526 837 1623 891 καὶ
1679 836 1773 891 ἐπὶ
1814 837 1924 891 τῶν

354 921 647 992 κεράμων,
702 923 1161 996 ἀποχωρήσαντος
1213 924 1308 978 τοῦ
1375 924 1604 994 ὓδατος,
1664 926 1925 983 θαλάττια

352 1010 644 1082 εὑρεθῆναι
687 1012 893 1083 σκάφη.
964 1013 1265 1083 ’Δμέλειτοι
1311 1014 1412 1083 τὴν
1462 1014 1675 1087 ἡμέραν
1705 1014 1827 1069 καθ’
1858 1015 1926 1086 ἣν

350 1100 479 1154 τάδε
522 1100 743 1171 συνέϐη,
794 1103 861 1172 ἢν
897 1103 1116 1172 γενέσια
1137 1102 1229 1157 τοῦ
1253 1103 1480 1175 σεισμοῦ
1502 1104 1620 1177 (Π)
1655 1122 1926 1179 προσαγο-

356 1190 628 1260 ρεύουσιν,
659 1191 826 1246 εἰσέτι
859 1193 955 1247 καὶ
1002 1192 1097 1248 νῦν
1136 1194 1506 1266 Ἀλεξανδρεῖς
1551 1196 1774 1266 ὲτησίαν
1801 1198 1926 1269 ἑορα-

353 1284 455 1353 τὴν
503 1282 715 1352 ἄγουσι.
770 1284 1012 1355 Λιύχνους
1048 1302 1107 1338 τε
1137 1285 1421 1350 πλείστους
1453 1285 1561 1360 ἀνὰ
1591 1287 1775 1341 πᾶσαν
1825 1287 1924 1359 τὴν

355 1373 512 1425 πόλιν
558 1373 844 1441 καίοντες,
893 1376 989 1428 καὶ
1037 1375 1426 1447 χαριστηρίους
1481 1376 1639 1441 λιτὰς
1677 1377 1757 1449 τῷ
1808 1377 1927 1449 Θεῷ

355 1464 777 1535 προσφέροντες,
813 1465 1080 1537 λαμπρῶς
1121 1466 1267 1535 μάλα
1314 1469 1410 1523 καὶ
1452 1468 1695 1532 εὐλαϐῶς
1722 1469 1929 1542 ταύτην

355 1554 717 1610 ἐπιτελοῦσιν.
751 1557 826 1610 Οὐ
853 1556 982 1628 μὴν,
1012 1556 1152 1612 ἀλλὰ
1177 1558 1272 1612 καὶ
1305 1560 1509 1630 αὐχμοὶ
1535 1562 1925 1628 ἐπιτείναντες,

355 1644 566 1708 πάντας
614 1648 740 1710 τοὺς
772 1649 1022 1723 καρποὺς
1051 1651 1145 1703 καὶ
1176 1650 1268 1703 τὸν
1298 1651 1439 1723 ἀέρα
1471 1653 1566 1706 ἐπὶ
1592 1653 1800 1725 ταύτης
1827 1656 1927 1726 τῆς

357 1734 637 1803 βασιλείας
691 1737 1050 1809 ἐλυμήναντο.
1112 1740 1392 1795 Ἐντεῦθεν
1435 1743 1628 1797 σπάνει
1664 1743 1775 1799 τῶν
1807 1747 1929 1799 ὲπι-

2028 662 2289 724 perpetuo
2314 651 2591 724 indignari
2618 650 2766 705 visus
2782 656 2863 705 est
2881 689 2896 714 ,
2919 655 2974 704 et
3004 648 3069 713 in,
3088 643 3279 700 multis
3307 644 3609 713 provinciis

2024 743 2302 802 Romanos
2338 744 2570 801 diversis
2587 742 2992 800 calamitatibus
3019 739 3233 795 alliixit.
3276 736 3417 792 Cum
3460 737 3616 820 enim~

2026 843 2171 892 terra
2198 837 2540 908 gravissimis
2561 835 2802 890 motibus
2823 834 3043 890 assidue
3060 838 3413 902 quateretur,
3439 828 3621 883 aedes-'

2025 943 2136 998 que
2149 938 2497 996 corruerent,
2518 941 2863 999 nequaquam
2878 935 3053 981 tutum
3069 930 3210 987 erat,
3226 936 3327 977 nee
3343 921 3449 977 sub
3466 929 3616 975 tecto

2026 1033 2269 1084 manere,
2301 1033 2406 1075 nec
2430 1020 2535 1076 sub
2556 1019 2670 1073 dio.
2710 1019 2891 1087 Atque
2930 1025 2990 1069 ut
3013 1030 3080 1069 ex
3102 1013 3308 1083 iisquae
3333 1011 3613 1066 auditione

2025 1111 2212 1181 accepi
2248 1110 2625 1180 conjecturam
2673 1107 2842 1177 iacio,
2888 1108 2978 1165 vel
3025 1120 3092 1162 eo
3148 1106 3476 1175 imperante,
3528 1101 3615 1155 vel

2025 1199 2347 1269 eerte‘zal
2374 1198 2610 1257 Caesaris
2629 1198 2949 1270 dignitatem
2975 1196 3157 1251 adhuc
3183 1195 3489 1260 obtinente,
3510 1193 3617 1246 ela-

2026 1291 2123 1346 des
2146 1289 2634 1346 illaAlexandrinis
2656 1290 2711 1345 in
2738 1288 2978 1361 Egypto
3021 1284 3253 1356 contigit
3279 1301 3295 1338 :
3327 1294 3459 1337 tunc
3490 1276 3622 1335 eum

2025 1395 2178 1438 mare
2194 1380 2339 1453 quod
2361 1388 2687 1446 recesserat,
2722 1381 2920 1437 iterum
2950 1378 3135 1434 subito
3180 1375 3387 1444 impetu
3425 1386 3613 1428 rever-

2027 1480 2167 1541 tens,
2193 1481 2347 1531 extra
2366 1475 2615 1545 proprios
2628 1472 2890 1528 terminos
2910 1470 3161 1534 excessit,
3181 1474 3234 1524 et
3247 1465 3624 1521 continentem

2030 1565 2191 1637 longe
2222 1566 2443 1635 lateque
2461 1563 2772 1628 inundavit,
2813 1562 2949 1618 adeo
2970 1569 3169 1631 utpost
3199 1566 3476 1614 recessum
3501 1570 3619 1610 ma-

2028 1656 2127 1724 ris,
2145 1652 2309 1727 super
2329 1655 2491 1718 tectis
2518 1656 2807 1711 domorum
2827 1661 3043 1723 reperta
3069 1652 3182 1707 sint
3221 1649 3461 1717 navigia.
3497 1646 3622 1706 Ale.

2032 1747 2284 1803 xandrini
2303 1759 2456 1804 certe
2496 1762 2622 1804 eum
2640 1745 2784 1823 diem
2803 1748 2914 1816 quo
2930 1744 3047 1799 haec
3064 1744 3431 1813 contigerunt,
3457 1754 3620 1811 quem

356 1826 621 1896 τηδείων,
673 1830 765 1882 ἐπὶ
812 1830 912 1894 τὰς
958 1830 1066 1884 τῶν
1114 1826 1333 1902 ἀλόγων
1356 1831 1510 1898 ζώων
1553 1834 1760 1905 τροφὰς
1802 1836 1930 1900 τοὺς

2046 1838 2197 1894 etiam
2231 1841 2467 1895 natalem
2514 1845 2864 1895 terrmmotus
2921 1834 3216 1906 appellant,
3266 1833 3333 1887 ad
3379 1839 3620 1886 nostram

312 1956 334 1974 ι
355 1915 683 1989 ἀνθρώπους
714 1920 945 1991 ἡλαυνεν
968 1923 999 1975 ὁ
1018 1921 1196 1992 λιμός.
1249 1923 1664 1979 Ἐπακολουθῶν
1696 1925 1753 1979 δὲ
1781 1926 1876 1979 καὶ
1900 1928 1930 1980 ὁ

356 2007 567 2080 λοιμὸς,
595 2011 728 2075 ἰδίας
751 2013 923 2082 ἐπῆγε
945 2013 1151 2079 νόσους,
1182 2014 1366 2069 καὶτὰ
1389 2015 1620 2088 σώματα
1635 2015 1930 2092 διέφθειρε.

359 2101 445 2156 Τὰ
481 2103 581 2173 μὲν
611 2104 676 2174 δὴ
708 2103 850 2158 κατὰ
895 2105 1177 2159 Ἰουλιανδν
1203 2098 1303 2159 ὧδε
1334 2106 1481 2178 ἔσχε.

2036 1945 2213 2001 usque
2244 1930 2568 1985 memoriam
2608 1927 2907 2001 quotannis
2952 1926 3149 1982 festum
3185 1931 3373 1997 agunt,
3416 1931 3470 1977 et
3502 1922 3624 1992 plu-

2036 2021 2192 2077 rimis
2207 2022 2446 2078 lucernis
2459 2037 2556 2093 per
2578 2023 2892 2079 universam
2915 2021 3108 2081 urbem
3137 2017 3411 2079 accensis,
3435 2028 3622 2086 preces

2044 2128 2175 2168 cum
2221 2115 2527 2184 gratiarum
2575 2113 2793 2170 actione
2829 2111 3121 2168 oli‘erentes
3154 2109 3289 2173 Deo,
3338 2103 3622 2177 splendide

360 2195 526 2248 simul
551 2209 615 2250 ac
640 2194 900 2265 religiose
950 2210 1076 2251 eum
1111 2195 1258 2252 diem
1311 2197 1610 2254 celebrant.
1644 2198 1790 2265 Quin
1811 2208 1868 2254 et
1906 2200 2131 2259 siccitas
2177 2205 2347 2260 nimia
2384 2220 2453 2261 eo
2493 2211 2779 2276 regnante,
2821 2219 3012 2261 omnes
3059 2209 3221 2258 terra;
3264 2200 3476 2255 fructus
3542 2196 3625 2267 ip-

362 2300 591 2357 samque
623 2286 768 2342 aeris
798 2288 1113 2357 temperiem
1138 2290 1405 2359 corrupit.
1434 2288 1591 2345 Unde
1634 2289 1837 2345 factum
1865 2300 1949 2349 est
1984 2301 2044 2349 ut
2075 2295 2327 2354 homines
2355 2312 2465 2367 prae
2492 2298 2879 2353 alimentorum
2914 2296 3118 2367 inopia,
3151 2293 3285 2364 ipsis
3335 2292 3621 2347 brutorum

363 2376 724 2432 animantium
755 2377 894 2432 cibis
946 2378 1096 2433 vesci
1125 2387 1473 2449 cogerentur.
1510 2380 1815 2437 Subseeuta
1848 2384 2015 2439 etiam
2047 2387 2223 2457 pestis
2281 2389 2504 2445 morbos
2537 2403 2668 2445 suos
2707 2388 2938 2455 invexit,
2975 2393 3032 2443 et
3070 2397 3305 2456 corpora
3329 2379 3621 2438 exstinxit-

365 2464 433 2520 Et
491 2465 608 2522 haec
650 2467 872 2538 quidem
909 2465 1117 2547 Juliani
1164 2472 1505 2541 temporibus
1536 2481 1861 2531 evenerunt.

966 2581 1222 2635 ΚΕΦΑΛ.
1265 2583 1340 2638 I".

364 2669 505 2738 Περὶ
547 2670 659 2737 τῆς
702 2672 1030 2747 ,βασιλείας
1048 2673 1344 2747 ςιοόςιανρῦ
1362 2714 1377 2737 ,
1398 2674 1519 2747 ⁸καὶ
1562 2676 1681 2747 ὅσα
1717 2675 1945 2747 ἔννομα

542 2741 856 2809 παρελθὼν
881 2744 969 2808 εἰς
1001 2740 1118 2809 τὴν
1143 2742 1343 2812 ἀρχὴν
1386 2743 1765 2813 διεπράξατο.

440 2832 597 2885 Μετὰ
629 2831 689 2885 δὲ
730 2831 942 2898 τοῦτον,
991 2835 1145 2904 κοινῇ
1173 2833 1413 2907 συνθήκῃ
1440 2834 1535 2888 τοῦ
1576 2836 1940 2907 στρατοπέδου

2716 2583 2850 2641 CAP
2894 2583 2981 2637 Ill.

2040 2673 2119 2729 ne
2145 2674 2367 2741 imperio
2396 2672 2641 2736 Joviani,
2675 2673 2839 2742 deque
2870 2673 2938 2726 iis
2979 2686 3097 2740 qua:
3128 2679 3265 2725 recte
3319 2671 3620 2737 constituit,

2304 2752 2581 2813 postquam
2604 2742 2673 2797 ad
2695 2742 2987 2811 Imperium
3018 2748 3224 2795 evectus
3247 2751 3344 2795 est.

2114 2833 2248 2890 Post
2287 2836 2474 2902 hunc,
2507 2834 2788 2890 communi
2821 2834 2992 2889 totius
3021 2832 3303 2887 exercitus
3359 2804 3624 2902 sull‘ragi‘o

370 2922 792 2992 παραλαμϐάνει
826 2922 925 2994 τὴν
976 2922 1254 2994 βασιλείαν
1322 2925 1597 2989 ’ῐοϐιανός.
1653 2926 1849 2981 Ἦνίκα
1876 2929 1942 3000 δὴ

2046 2927 2312 2983 Jovianus
2340 2927 2635 2999 imperium
2667 2926 2881 2997 accepit
2903 2927 2919 2956 ¹
2942 2963 2958 2979 .
2986 2925 3163 2991 Quem
3225 2939 3349 2979 eum
3421 2924 3626 2979 milites

372 3015 434 3065 ὲν
482 3015 551 3084 τῇ
598 3012 834 3084 πολεμία
871 3013 1250 3087 αὐτοκράτορα
1278 3016 1728 3086 χειροτονούντων
1779 3017 1946 3071 αὐτὸν

2046 3021 2103 3076 in
2130 3018 2344 3076 hostico
2375 3019 2761 3088 imperatorem
2798 3016 3186 3071 renuntiarent
3218 3056 3234 3081 ,
3302 3015 3420 3084 ipse
3467 3012 3628 3069 Chrio
3668 3066 3671 3067 ν

369 3102 482 3157 τῶν
512 3105 967 3175 στρατευμάτων,
1004 3106 1172 3170 αὐτὸς
1222 3106 1549 3177 Χριστιανὸν
1594 3107 1758 3161 αὑτὸν
1807 3104 1947 3162 εἶναι

2049 3114 2292 3169 stianum
2326 3126 2387 3167 se
2412 3125 2534 3166 esse
2561 3109 2790 3175 dicens,
2819 3107 3114 3175 imperium
3146 3105 3457 3169 recusavit,
3521 3119 3628 3159 nec

375 3195 571 3262 λέγων,
629 3199 923 3267 παρῃτεῖτο
952 3196 1051 3267 τὴν
1088 3199 1417 3268 ἡγεμονίαν,
1462 3200 1558 3252 καὶ
1602 3200 1671 3254 τὰ
1703 3199 1947 3271 σύμὸολα

2051 3204 2265 3275 imperii
2295 3202 2531 3273 insignia
2560 3200 2716 3271 prius
2747 3199 2989 3263 admisit,
3020 3212 3185 3269 quam
3211 3197 3438 3265 milites,
3468 3212 3624 3253 com-

372 3287 474 3355 τῆς
504 3286 778 3356 βασιλείας
806 3289 866 3340 ού
894 3287 1168 3359 προσίετο,
1201 3288 1375 3343 εἰσότε
1404 3289 1469 3362 δὴ
1515 3290 1609 3344 καὶ
1641 3292 1675 3361 ἡ
1726 3291 1947 3362 στρατιὰ

2055 3304 2207 3368 perta
2235 3292 2651 3350 detrectationis
2681 3305 2849 3346 causa
2871 3330 2886 3354 ,
2920 3304 2982 3345 se
3024 3303 3245 3361 quoque
3273 3286 3625 3344 Christianos

376 3376 623 3447 μαθοῦσα
648 3379 748 3448 τῆς
790 3380 1176 3451 παραιτήσεως
1203 3381 1302 3453 τὴν
1348 3380 1551 3449 αἰτίαν,
1581 3382 1944 3454 Χριστιανοὺς

2048 3402 2172 3444 esse
2206 3385 2661 3456 proclamassent.
2699 3379 2951 3452 Cumque
2982 3395 3051 3436 ex
3085 3378 3287 3433 Juliani
3322 3377 3630 3432 temeritate

373 3468 519 3524 εἶναι
547 3471 687 3538 σφᾶς
720 3470 1045 3543 ὲκέκραγον.
1081 3473 1169 3526 Ἐν
1222 3472 1454 3544 κινδύνῳ
1503 3473 1562 3527 δὲ
1609 3474 1706 3528 καὶ
1734 3477 1945 3547 ταραχῇ

2051 3496 2144 3536 res
2198 3477 2255 3534 in
2289 3476 2615 3550 gravissimo
2643 3472 2967 3531 discrimine
3025 3480 3081 3527 et
3138 3471 3195 3525 in
3221 3468 3460 3523 maxima
3487 3466 3628 3522 didi-

374 3561 487 3615 τῶν
521 3561 862 3632 πραγμάτων
883 3563 1054 3617 ὄντων
1072 3565 1135 3616 ἐκ
1160 3566 1258 3633 τῆς
1288 3563 1574 3618 Ἰουλιανοῦ
1599 3564 1954 3636 στρατηγίας,

376 3652 696 3724 καμνούσης
724 3669 784 3705 τε
814 3653 913 3723 τῆς
940 3656 1200 3725 στρατιᾶς
1233 3654 1411 3727 ἐνδείᾳ
1452 3654 1563 3733 τῶν
1609 3655 1953 3727 ἐπιτηδείων,

377 3745 675 3810 ἀναγκαῖον
705 3737 843 3797 εἶδεν
872 3745 953 3806 είς
984 3761 1048 3797 συ
1056 3745 1286 3816 μσάσεις
1313 3745 1511 3810 ἐλθεῖν,
1534 3746 1811 3817 παραδούς
1835 3764 1958 3800 τινα

379 3835 619 3906 Πέρσαις
647 3835 755 3888 τῶν
772 3836 1048 3908 προτέρων
1086 3838 1373 3909 Ῥωμαίοις
1408 3838 1684 3894 ὑποτελῶν
1704 3840 1841 3911 (48).
1874 3840 1954 3912 Τῇ

378 3927 438 3981 δὲ
482 3928 648 3999 πείρᾳ
704 3928 924 3998 μαθὼν,
978 3930 1085 4000 ὑπὸ
1134 3930 1426 4002 θεομηνίας
1485 3931 1578 3985 τοῦ
1633 3931 1742 4003 πρὸ
1791 3932 1957 3985 αὑτοῦ

382 4017 803 4088 βασιλεύσαντος
840 4020 1024 4084 κακῶς
1056 4020 1250 4075 παθεῖν
1292 4023 1554 4093 ὑπήκοον,
1604 4023 1773 4094 μηδὲν
1816 4024 1959 4094 μελ-

382 4110 577 4178 λήσας,
607 4110 812 4181 ἔγραψε
845 4114 958 4175 τοῖς
1000 4114 1324 4183 ἡγουμένοις
1373 4114 1481 4169 τῶν
1532 4115 1702 4169 ἐθνῶν
1747 4117 1806 4168 ὲν
1837 4119 1961 4181 ταῖς

397 4202 747 4271 Ἐκκλησίαις
793 4203 1161 4274 ἁθροίζεσθαι,
1210 4206 1306 4258 καὶ
1361 4205 1425 4259 τδ
1477 4206 1631 4260 Θείον
1686 4207 1960 4278 ἐπιμελῶς

457 4338 475 4368 ¹
503 4334 658 4391 Socr.
689 4336 785 4393 lib.
818 4353 899 4403 ιιι,
930 4352 982 4392 c.
1010 4337 1103 4392 22.

2055 3572 2259 3628 cultate
2290 3569 2607 3625 constitutae
2636 3573 2845 3630 essent,
2878 3573 2934 3620 et
2957 3569 3370 3619 commeatuum
3398 3558 3643 3630 penuria,

2054 3664 2329 3720 exercitus
2363 3662 2673 3725 laboraret,
2707 3658 2977 3715 Jovianus
3026 3669 3216 3728 pacem
3249 3668 3377 3708 cum
3429 3651 3622 3708 Persis

2056 3754 2375 3811 necessario
2418 3752 2728 3808 faciendam
2781 3764 2908 3806 esse
2938 3746 3351 3808 animadvertit,
3407 3742 3634 3799 traditis

2058 3847 2394 3919 quibusdam
2413 3846 2766 3917 regionibus,
2787 3857 2911 3915 quae
2942 3841 3100 3913 prius
3130 3845 3292 3895 erant
3322 3835 3636 3892 tributaria:

2060 3938 2460 3992 Romanorum.
2496 3934 2636 3990 Cum
2671 3941 2854 3989 autem
2899 3931 3286 4001 experimento
3312 3926 3633 3991 didicisset,

2061 4028 2143 4082 ira
2173 4027 2270 4083 Dei
2300 4028 2372 4083 ob
2393 4026 2705 4082 decessoris
2740 4024 2826 4080 sui
2864 4023 3205 4093 impietatem
3238 4022 3486 4091 invectas
3513 4031 3638 4072 esse

2059 4120 2400 4175 calamitates
2451 4116 2683 4188 imperio
2748 4114 3004 4170 Romano
3036 4152 3054 4178 ,
3118 4112 3265 4173 nihil.
3314 4115 3630 4173 cunctatus,

2062 4211 2289 4282 scripsit
2347 4209 2656 4265 rectoribus
2694 4204 3126 4278 provinciarum,
3157 4210 3217 4259 ut
3271 4202 3331 4258 in
3366 4199 3646 4258 ecclesias

1554 4423 1818 4482 VALESII
1849 4423 2295 4482 ANNOTATION
2302 4424 2407 4482 ES.

459 4561 573 4633 (47)
596 4563 712 4639 ςᾘν
728 4562 971 4639 τενέρςια
990 4562 1094 4639 τοᾷ
1117 4561 1599 4639 σεισμοῦ-ψιετὶ
1627 4576 1737 4639 non
1767 4560 1947 4639 imme-

2061 4560 2267 4639 Ba_s_ilio
2286 4560 2406 4616 solo
2427 4559 2673 4639 consule,
2696 4569 2984 4639 postquam
3003 4557 3228 4639 scripsit
3247 4555 3638 4639 Constantino-

386 4630 496 4686 rito
524 4631 694 4697 subit,
731 4630 832 4687 eur
852 4632 1204 4687 Alexandrini
1234 4630 1373 4688 diem
1402 4633 1554 4685 illum
1587 4646 1698 4700 quo
1722 4630 1958 4697 ingentis

387 4701 538 4772 illius
556 4708 916 4760 terraemotus
941 4703 1254 4772 memoriam
1273 4702 1566 4772 quotannis
1588 4701 1958 4772 celebrabant,

385 4770 611 4840 γενέσια
637 4772 985 4842 appellarint.
1024 4771 1147 4828 Dies
1176 4770 1395 4842 quidem
1424 4771 1592 4842 festos
1613 4772 1669 4825 in
1692 4770 1957 4842 honorem

389 4840 689 4911 martyrum
710 4840 1053 4911 aliorumque
1082 4840 1397 4897 sanctorum
1431 4841 1709 4896 hominum
1736 4840 1960 4911 institu-

389 4857 532 4894 mart
573 4857 689 4895 rum
710 4857 1053 4911 aliorumque
1082 4857 1397 4897 sant-torum
1432 4857 1709 4896 hominum
1738 4857 1960 4894 insutu-

388 4919 499 4976 tos,
524 4857 698 4965 (ἔτποὶ
728 4910 967 4978 γενέσια,
1002 4910 1179 4965 Latini
1212 4913 1419 4966 natales
1452 4926 1647 4966 vocare
1669 4909 1865 4972 solent,
1900 4916 1960 4962 ut

391 4980 583 5052 videre
601 4989 684 5035 est
715 4980 769 5034 in
802 4979 1222 5052 Martyrologiis.
1259 4980 1461 5036 Verum
1507 4980 1576 5052 de
1609 4988 1766 5052 terrm
1808 4985 1958 5052 m_otu

390 5049 444 5103 id
481 5049 588 5102 dici
646 5066 752 5104 non
815 5047 994 5119 potest
1047 5047 1150 5105 nisi
1212 5053 1455 5106 abusive.
1521 5048 1714 5104 Melius
1754 5049 1811 5102 in
1852 5047 1956 5102 hu-

386 5119 630 5191 iusmodi
661 5121 825 5174 rebus
858 5120 1484 5191 dvdpvqctgdiceretur,
1523 5119 1590 5191 id
1615 5125 1699 5191 est
1754 5132 1958 5191 memo-

392 5189 475 5242 ria
504 5204 599 5242 seu
624 5187 1092 5244 commemoratio.
1141 5189 1204 5244 Hi
1235 5191 1360 5245 enin
1429 5190 1546 5243 dies
1570 5188 1714 5250 festi,
1743 5187 1960 5257 preprie

391 5258 631 5329 instituti
661 5266 791 5315 sunt
812 5258 879 5313 ad
906 5261 1272 5329 renovandam
1324 5259 1618 5329 quotannis
1641 5257 1962 5329 memoriam

390 5328 644 5398 beneﬁcii
698 5329 844 5383 illius
875 5369 891 5394 ,
957 5328 1100 5398 quod
1154 5344 1184 5382 a
1240 5327 1356 5383 Deo
1400 5329 1587 5398 semel
1625 5327 1957 5398 accepimus.

394 5397 490 5453 Sic
539 5396 890 5454 Marcellinus
922 5396 1120 5454 cernes
1152 5399 1204 5452 in
1240 5397 1529 5462 Chronico,
1579 5396 1877 5451 indictione
1906 5396 1962 5459 5,

2064 4630 2229 4701 polim
2259 4647 2355 4700 per
2395 4628 2751 4701 continuosiu
2784 4630 2903 4684 dies
2943 4628 3458 4701 gravissimoterraa
3487 4632 3647 4701 m_otu

2065 4693 2388 4756 concussam
2424 4700 2616 4765 fuisse,
2646 4699 2798 4753 addit
2830 4717 2843 4753 :
2887 4693 3040 4753 Hinc
3070 4696 3471 4764 formidolosum
3498 4693 3641 4748 diem

2064 4771 2317 4842 Byzantii
2338 4771 2601 4842 celebrent
2627 4771 2661 4824 8
2689 4769 2958 4824 Kalendas
2981 4767 3245 4842 Qctobris.
3278 4766 3553 4842 Gmterum
3593 4765 3642 4820 si

2066 4835 2190 4921 griis
2220 4844 2364 4897 scire
2386 4841 2685 4921 desiderat,
2696 4837 3066 4921 quonamldie
3097 4835 3463 4921 Alesandrini
3482 4842 3639 4921 nataf

2065 4905 2171 4966 lem
2223 4923 2379 4967 terrae
2432 4918 2615 4966 motus
2673 4905 2822 4964 illius
2890 4907 3308 4971 celebraverint,
3372 4905 3642 4959 habemus

2066 4983 2221 5036 illum
2257 4997 2323 5037 ex
2360 4982 2645 5035 Ammiano
2676 4979 2991 5033 Marcellino
3041 4979 3097 5031 in
3163 4978 3301 5030 libro
3356 4990 3485 5031 xxv:
3513 5013 3529 5037 ,
3575 4988 3642 5026 ex

2066 5051 2249 5176 gestis
2282 5052 2480 5133 ldatii,
2505 5051 2650 5105 diem
2684 5050 2898 5105 scilicet
2940 5047 3330 5104 duodecimum
3364 5043 3641 5099 Kalendas

2117 5130 2317 5176 uaustr.

2117 5121 2317 5176 uausti.

2138 5138 2408 5261 ἱξιέῗιδίῶν
2426 5189 2727 5261 προτέρων
2756 5188 3075 5261 ,Ῥωμαίοις
3095 5181 3641 5261 -ὐποτελΛῶἈ-δειοὶ-

2067 5252 2307 5316 behddm
2341 5269 2426 5316 est
2456 5252 2644 5330 procul
2677 5259 2843 5313 dubio
2870 5252 2978 5311 τῶν
3003 5257 3293 5330 πρότερον..
3321 5252 3476 5330 Quod
3505 5265 3641 5330 cum

2069 5331 2400 5403 interpretes
2436 5322 2547 5384 rion
2564 5322 3115 5412 animadvertissent,
3147 5322 3471 5396 gravissime
3504 5322 3639 5389 lapsi

1882 5526 2270 5585 VARIORUM.

396 5637 577 5686 coma,
606 5622 699 5692 qui
755 5622 935 5692 ipsum
998 5623 1053 5677 in
1091 5622 1324 5692 Phrygia
1369 5625 1693 5678 moriturum
1733 5625 1781 5679 ei
1814 5625 1970 5680 visus
2006 5644 2009 5645 '

396 5700 515 5747 erat
550 5693 871 5763 praedicere.
926 5694 1061 5747 Cum
1115 5693 1282 5760 igitur
1336 5693 1572 5749 letaliter
1621 5695 1970 5759 vulneratus,

404 5766 585 5818 locum
639 5764 790 5819 illum
852 5765 906 5818 in
951 5779 1060 5834 quo
1118 5771 1302 5819 castra
1358 5765 1631 5829 habebat,
1681 5764 1969 5837 Phrygiam

2075 5622 2340 5694 appellari
2392 5620 2700 5694 didicisset,
2750 5621 3095 5678 exclamasse
3143 5613 3391 5671 dicitur;
3445 5609 3490 5665 0
3531 5606 3642 5671 σοι,

2077 5692 2355 5749 Iulianum
2387 5692 2685 5763 perdidisti.
