4056 6326
347 343 482 400 1301

1304 334 1631 393 HISTORIA
1660 329 2222 404 EGCLESIASTICA.
2261 360 2331 371 —
2354 330 2502 403 ILIB.
2537 329 2628 385 Vl.

3036 274 3063 300 Ι

3452 333 3596 389 15ιέ

347 457 498 511 σιῶν.
542 453 824 508 ’ῐουλιανοῢ
857 452 966 524 γὰρ
992 450 1382 522 βασιλεύοντος,
1410 450 1485 512 ὡς
1515 444 1789 508 παντελῶς
1811 442 1906 497 τοῦ

2008 439 2222 496 .lnliano
2247 441 2466 512 quidem
2524 445 2823 511 regnante,
2880 453 3003 494 eum
3036 438 3350 496 Christiana
3395 441 3587 512 religio

342 541 771 615 Χριστιανισμοῦ
805 539 1203 602 κινδυνεύοντος
1225 581 1239 605 ,
1288 537 1516 607 ἡσυχίαν
1556 530 1722 606 ἦγον·
1758 534 1907 602 κοινῇ

341 635 399 687 δὲ
423 633 623 695 πάντες
647 631 738 685 τὸν
764 630 897 685 Θεὸν
935 629 1195 692 ἱκέτευον,
1232 627 1391 681 ϊλεων
1420 625 1604 688 αὐτοῖς
1633 623 1905 693 γενέσθαι.

342 722 499 775 υῦτω
535 738 612 791 πη
655 724 768 784 τοῖς
819 720 1128 791 ἀνθρώποις
1167 718 1348 787 φίλον,
1397 717 1530 788 παρ’
1573 715 1774 785 ἐτέρων
1810 714 1909 783 μὲν

342 811 743 882 ἀδικουμένοις,
776 810 910 882 πρὸς
941 811 1002 864 τὸ
1033 809 1304 881 ὁμόφυλον
1334 810 1580 879 ὁμονοεῖν
1605 822 1621 838 ⁸
1661 805 1909 876 ἀπηλλα-

338 902 559 973 γμένοις
601 902 659 955 δὲ
700 901 808 955 τῶν
844 900 1042 966 ἔξωθεν
1076 900 1283 961 κακῶν,
1337 898 1472 970 πρὸς
1520 899 1661 967 σφᾶς
1713 896 1909 959 αὐτοὺς

338 990 670 1057 στασιάζειν.
710 989 850 1044 Ἀλλ’
907 992 1059 1055 ὅσαις
1104 991 1202 1062 μὲν
1240 990 1540 1053 πολιτείαις
1590 990 1685 1042 καὶ⁵
1730 989 1907 1043 ἔθνεσι

333 1082 496 1136 τοῦτο
535 1077 730 1153 συνέϐη
752 1124 768 1149 ,
820 1082 880 1135 ού
912 1082 1006 1136 τοῦ
1038 1083 1306 1154 παρόντος
1350 1079 1548 1152 καιροῦ
1582 1080 1906 1149 καταλέγειν

334 1172 471 1224 ἐστί.
500 1170 633 1240 Περὶ
661 1170 717 1224 δὲ
744 1169 931 1224 τοῦτον
962 1170 1052 1223 τὸν
1077 1170 1286 1241 χρόνον,
1316 1169 1594 1234 Βασίλειος
1631 1170 1659 1221 6
1702 1168 1904 1237 Ἀγκύ-

337 1278 436 1332 ρας
460 1260 775 1325 ἐπίσκοπος,
840 1261 931 1314 κα)⁸
961 1261 1218 1325 Σιλϐανὸς
1249 1262 1278 1315 6
1304 1261 1540 1333 Ταρσοῦ,
1572 1262 1667 1315 καὶ
1691 1261 1907 1334 Σωφρό-

332 1368 445 1414 νιος
469 1350 498 1403 6
527 1351 1051 1423 Πομπηϊουπόλεως,
1094 1351 1188 1405 καὶ
1217 1353 1265 1405 οἱ
1307 1352 1404 1405 σὺν
1433 1352 1635 1416 αὐτοῖς,
1670 1351 1770 1423 τὴν
1796 1351 1906 1405 τῶν

343 1440 637 1512 Ἀνομοίων
675 1441 1025 1514 καλουμένων
1067 1443 1277 1516 αἵρεσιν
1309 1445 1817 1515 ἀποστρεφόμενοι,
1845 1445 1905 1499 τὸ

331 1528 389 1581 δὲ
423 1529 758 1597 ὁμοιοούσιον
783 1530 954 1601 ὄνομα
994 1532 1114 1585 ἀντὶ
1142 1531 1237 1585 τοῦ
1263 1533 1548 1603 ὁμοουσίου
1599 1532 1901 1603 δεχόμενοι,

332 1617 536 1687 βιϐλίον
584 1619 661 1690 τῷ
708 1620 920 1690 βασιλεί
960 1621 1360 1692 διεπέμψαντοο
1409 1622 1569 1693 χάριν
1622 1621 1765 1694 ἔχειν
1826 1622 1904 1693 τῷ

329 1709 451 1781 Θεῷ
477 1710 883 1780 ὁμολογοῦντες,
916 1713 998 1765 ὅτι
1029 1713 1195 1766 αὑτὸν
1224 1714 1602 1785 προεστήσατο
1628 1714 1729 1786 τῆς
1768 1714 1903 1768 Ῥωο

332 1801 508 1871 μαίων
551 1802 745 1873 ἀρχῆς.
796 1802 1051 1873 Ἐζήτουν
1093 1804 1151 1857 δὲ
1206 1803 1240 1874 ἢ
1279 1803 1349 1857 τὰ
1392 1783 1460 1859 ,ἐν⁷
1491 1783 1752 1876 Ἀριμίνῳ
1803 1822 1906 1857 πε·
1937 1783 1980 1843 Β

328 1891 626 1962 πραγμένα
673 1892 769 1945 καὶ
813 1892 1136 1965 Σελευκείᾳ,
1187 1895 1354 1964 κύρια
1410 1893 1626 1966 μένειν,
1683 1896 1777 1949 καὶ
1836 1893 1905 1948 τὰ

330 1982 536 2054 σπουδῇ
568 1982 663 2035 καὶ
704 1984 933 2054 δυνάμει
972 1984 1138 2039 τινῶν
1167 1987 1436 2057 γενόμενα
1482 1987 1672 2058 ἀργεῖν
1693 2006 1708 2019 ·
1745 1987 1778 2058 ἢ
1810 1988 1905 2042 τοῦ

330 2073 629 2144 σχίσματος
648 2074 758 2144 (51)
791 2074 883 2129 τοῦ
907 2077 1012 2147 πρὸ
1026 2077 1134 2130 τῶν
1154 2077 1383 2130 συνόδων
1407 2080 1525 2141 ταῖς
1561 2077 1909 2149 Ἐκκλησίαις

332 2165 607 2235 μένοντος,
656 2166 1076 2238 συγχωρηθῆναι
1102 2169 1229 2234 τοὺς
1266 2171 1514 2241 πανταχῆ
1546 2170 1904 2236 ἐπισκόπους,

326 2256 529 2321 αὐτοὺς
598 2256 723 2310 καθ’
774 2259 1002 2323 ἑαυτοὺς
1064 2261 1187 2314 ὅποι
1259 2261 1537 2333 βούλονται
1607 2262 1904 2325 συνελθεῖν,

332 2346 560 2418 μηδενὸς
594 2348 753 2404 ἄλλου
771 2349 1150 2415 κοινωνοῦντος
1190 2350 1301 2422 (52)
1334 2369 1347 2384 ·
1386 2353 1460 2423 μὴ
1512 2356 1815 2425 προχωρεῖν
1852 2354 1907 2408 δὲ

328 2439 471 2492 κατὰ
518 2440 717 2493 σκοπὸν
760 2443 829 2493 τὰ
866 2441 1329 2512 ἐπιχειρούμενα,
1381 2446 1494 2507 τοῖς
1541 2444 1599 2495 ἐν
1643 2444 1799 2514 μέρει
1853 2460 1906 2496 τι

330 2529 675 2601 βουλομένοις
702 2534 963 2605 πράττειν
993 2533 1026 2605 ἢ
1057 2533 1364 2604 ὲξαπατᾷν,
1395 2534 1472 2597 ὡς
1502 2534 1595 2587 ἐπὶ
1622 2535 1909 2589 Κωνσταν-

327 2621 441 2674 τίου
478 2622 571 2676 τοῦ
609 2623 889 2694 βασιλέως.
956 2625 1208 2697 Ἐδήλουν
1252 2627 1330 2694 δὲ,
1377 2626 1454 2699 μὴ
1499 2626 1906 2698 παραγενέσθαι

330 2714 471 2781 σφᾶς
523 2716 602 2778 είς
641 2716 701 2770 τὸ
743 2717 1135 2789 στρατόπεδον,
1174 2717 1315 2771 ὥστε
1357 2718 1430 2789 μὴ
1476 2717 1739 2789 ὀχληροὺς
1767 2712 1906 2773 εἶναι

325 2804 524 2857 δοκεῖν·
572 2808 623 2858 εί
670 2806 726 2859 δὲ
755 2808 1132 2877 ὲπιτραπεῖεν,
1162 2810 1414 2881 ἀσμένως
1450 2809 1605 2864 τοῦτο
1634 2811 1903 2884 ποιήσειν,

328 2896 643 2965 ὑποζυγίοις
674 2898 823 2964 ἰδίοις
850 2901 942 2955 καὶ
974 2901 1185 2972 δαπάνῃ
1202 2901 1518 2972 χρωμένους
1539 2901 1672 2972 (55).
1715 2903 1825 2956 Καὶ
1854 2904 1905 2955 oi

330 2988 455 3058 μὲν,
485 2990 662 3043 τοιάδε
699 2992 939 3064 ἰοϐιανῷ
965 2993 1042 3065 τῷ
1076 2992 1286 3064 βασιλεῖ
1307 2994 1572 3066 ἔγραψαν,
1618 2996 1708 3049 Ἐν
1732 2999 1907 3068 τούτῳ

326 3079 387 3174 δὲ
406 3081 652 3174 Δσυνόδου
713 3084 1010 3174 γενομένης
1067 3085 1125 3138 ὲν
1186 3084 1486 3156 Ἀντιοχείᾳ
1537 3086 1637 3157 τῆς
1683 3088 1900 3160 Συρίας,
1932 3114 1974 3174 C

332 3168 644 3238 βεϐαιοῦται
677 3172 788 3226 τῶν
823 3176 882 3227 ὲν
932 3168 1137 3247 Νικαίᾳ
1170 3176 1607 3247 συνεληλυθότων
1639 3180 1671 3250 ή
1699 3179 1902 3247 πίστις,

327 3261 425 3314 καὶ
448 3264 659 3333 κρατεῖ,
678 3263 818 3318 ὥστε
848 3266 1131 3338 ἀναμφηρί
1150 3265 1344 3339 [σ]τως
1366 3268 1457 3322 τὸν
1482 3270 1612 3324 Υίὸν
1632 3269 1708 3341 τῷ
1736 3272 1908 3343 [lat-pl.

326 3352 571 3420 δοξάζειν
622 3358 927 3427 όμοούσιον,
1002 3362 1401 3434 Ἐκοινώνησαν
1457 3363 1516 3417 δὲ
1564 3363 1768 3436 ταύτης
1808 3368 1908 3437 τῆς

328 3448 549 3502 συνόδου
586 3451 867 3517 Μελέτιος,
904 3452 961 3517 ὃς
988 3454 1109 3506 τότε
1130 3454 1299 3525 αὐτῆς
1329 3454 1428 3525 τῆς
1446 3455 1773 3527 Ἀντιοχείας
1795 3458 1908 3529 (54)

325 3538 429 3610 τὴν
477 3539 1197 3614 Ἐκκλησίανχὲπετρόπευε,
1245 3546 1338 3600 καὶ
1376 3546 1638 3610 Εὐσέϐιος
1665 3548 1694 3599 6
1728 3549 1906 3618 Σαμο-

331 3629 543 3693 σάτων,
594 3631 689 3683 καὶ
734 3631 997 3701 Πελάγιος
1019 3635 1047 3686 ό
1083 3635 1403 3700 Λαοδικείας
1433 3637 1534 3706 τῆς
1567 3637 1774 3710 Σύρων,
1814 3641 1904 3694 καὶ

338 3720 597 3785 Ἀκάκιος
627 3724 656 3775 ὁ
684 3723 1020 3795 Καισαρείας
1043 3727 1142 3796 τῆς
1179 3728 1568 3800 Παλαιστίνης,
1602 3731 1705 3783 καὶ·
1733 3731 1902 3803 Είρη-

325 3812 459 3864 νίων
512 3812 541 3864 ὀ
572 3812 800 3877 Γαζαῖος
831 3813 974 3884 (55),
1005 3815 1098 3870 καὶ
1150 3815 1465 3880 Ἀθανάσιος
1514 3819 1542 3870 6
1608 3817 1901 3891 Ἀγκύρας.

326 3900 516 3956 Ταῦτα
566 3902 624 3956 δὲ
680 3902 1017 3975 πράξαντες,
1084 3905 1359 3976 ἐδήλωσαν
1431 3904 1511 3977 τῷ
1571 3906 1783 3977 βασιλεί
1832 3910 1898 3964 τὰ

323 3994 577 4060 δόξαντα,
610 3996 919 4065 γράψαντες
956 3991 1079 4050 ὧδε*

2012 533 2066 586 in
2098 545 2312 587 summo
2332 529 2649 585 discrimine
2672 536 2995 584 versaretur
3017 568 3031 593 ,
3062 528 3213 582 taciti
3246 543 3440 585 omnes
3460 530 3585 599 qui-

2009 631 2256 686 everant,
2294 621 2639 691 junctimque
2673 618 2783 673 Deo
2833 619 3300 689 supplicaverant,
3358 630 3420 674 ut
3450 619 3588 691 ipsis

2009 713 2280 782 propitius
2298 721 2466 768 esset.
2497 710 2623 766 Haec
2653 711 2797 766 enim
2822 709 2935 765 fere
2959 710 3301 766 consuetudo
3329 718 3419 766 est
3435 726 3586 767 mor-

2008 803 2224 869 talium,
2247 810 2327 868 ut,
2353 802 2483 859 dum
2504 803 2573 856 ab
2599 800 2798 856 exteris
2816 800 3085 855 laeduntur
3109 838 3126 865 ,
3147 806 3273 857 eum
3295 802 3588 859 tribulibus

2008 894 2126 950 suis
2145 893 2490 948 concordiam
2527 901 2745 948 servent
2781 910 2795 946 :
2824 898 3110 962 postquam
3143 907 3273 947 vero
3312 892 3380 946 ab
3404 901 3587 948 extra-

2008 998 2238 1040 neorum
2265 992 2410 1039 metu
2438 983 2650 1039 liberati
2691 990 2840 1047 sunt,
2871 982 2976 1053 ipsi
3000 982 3145 1037 inter
3172 997 3233 1037 se
3250 981 3580 1038 dissideant.

2007 1075 2209 1133 Verum
2261 1083 2395 1147 quot
2433 1076 2687 1147 gentibus
2746 1091 2810 1131 ac
2875 1075 3194 1131 civitatibus
3248 1072 3396 1129 istud
3441 1088 3577 1129 con.-

2005 1167 2210 1237 tigerit,
2243 1181 2352 1222 non
2407 1175 2491 1222 est
2545 1165 2707 1235 hujus
2758 1163 3024 1235 temporis
3082 1177 3397 1219 recensere.
3446 1161 3569 1218 Cae-

2007 1267 2182 1313 terum
2213 1273 2311 1328 per
2340 1256 2397 1312 id
2455 1265 2673 1326 tempus
2735 1254 2973 1311 Basilius
3018 1255 3270 1325 Ancyrae,
3324 1252 3589 1310 Silvanus

2007 1346 2187 1411 Tarsi,
2213 1346 2577 1417 ,SOphronius
2620 1339 3019 1415 Pornpeiopolis
3044 1345 3311 1415 episeOpi,
3381 1344 3588 1415 aliique

2004 1439 2248 1509 ejusdem
2270 1452 2393 1492 eum
2438 1437 2571 1507 ipsis
2615 1436 2934 1501 sententiae,
2983 1435 3074 1504 qui
3118 1435 3583 1490 Anommanorum

2003 1529 2222 1600 quidem
2287 1527 2597 1582 doctrinam
2647 1524 3064 1589 aversabantur,
3121 1525 3293 1595 223,
3350 1526 3593 1581 similem.

2005 1634 2137 1673 vero
2185 1616 2497 1674 substantia
2551 1630 2652 1685 pro
2706 1614 3162 1669 consubstantiali
3224 1616 3582 1681 admiserant,

2004 1708 2245 1765 libellum
2273 1708 2342 1764 ad
2367 1708 2748 1777 imperatorem
2772 1707 3063 1773 miserunt,
3083 1721 3192 1777 quo
3217 1707 3585 1774 testabantur,

2009 1801 2216 1871 gratias
2249 1798 2469 1870 quidem
2495 1813 2555 1855 se
2585 1799 2693 1854 Deo
2722 1812 2904 1869 agere,
2933 1798 3078 1867 quod
3118 1797 3297 1867 ipsum
3334 1797 3591 1851 Romano

2010 1893 2243 1962 imperio
2294 1890 2649 1962 praefecisset.
2682 1890 3045 1946 Postulabant
3076 1895 3264 1944 autem
3310 1896 3370 1943 ut
3399 1888 3488 1944 vel
3522 1903 3595 1943 ea

2009 1999 2134 2054 quae
2162 1983 2399 2037 Arimini
2437 1993 2494 2039 et
2521 1980 2786 2038 Seleucia
2824 1988 2978 2052 gesta
3005 1989 3183 2043 erant,
3215 1986 3336 2033 rata
3374 1993 3589 2051 perma-

2009 2082 2225 2136 nerent.
2268 2088 2333 2129 ea
2355 2087 2489 2129 vero
2517 2087 2638 2143 qua;
2663 2071 2848 2127 studio
2865 2085 2930 2126 ac
2955 2073 3198 2140 potentia
3219 2071 3584 2141 quorumdam

2009 2174 2130 2220 acta
2159 2164 2397 2229 fuerant,
2417 2164 2573 2219 irrita
2607 2172 2826 2219 essent:
2857 2162 2946 2218 vel
2972 2169 3227 2218 manente
3256 2164 3441 2232 priore
3471 2162 3590 2219 dis-

2010 2257 2152 2314 sidio
2195 2257 2341 2328 quod
2371 2265 2499 2311 ante
2530 2255 2655 2312 illas
2688 2255 2935 2328 synodos
2965 2253 3021 2309 in
3064 2253 3333 2310 Ecelesiis
3361 2254 3544 2310 fuerat
3567 2294 3591 2321 ,.
3662 2308 3669 2313 .

2008 2350 2267 2406 omnibus
2292 2348 2497 2419 ubique
2528 2347 2812 2419 episcopis
2840 2361 3170 2418 quocunque
3201 2346 3406 2402 vellent
3438 2343 3586 2411 loco,

2011 2443 2065 2497 in
2095 2457 2267 2497 unum
2300 2440 2602 2497 convenire
2632 2441 2848 2507 liceret,
2878 2439 3101 2495 nemine
3124 2438 3233 2493 alio
3271 2437 3330 2492 in
3359 2449 3586 2492 conses-

2009 2548 2130 2590 sum
2169 2531 2447 2599 admisso;
2487 2539 2657 2603 utque
2705 2530 2936 2586 consilia
2976 2544 3168 2586 eorum
3194 2529 3289 2599 qui
3332 2541 3591 2584 seorsum

2009 2626 2290 2700 quidpiam
2324 2638 2488 2696 agere
2516 2631 2571 2680 et
2601 2623 2739 2678 alios
2768 2621 3023 2691 decipere
3048 2619 3277 2684 vellent,
3324 2617 3588 2689 quemad-

2009 2720 2230 2773 modum
2263 2716 2616 2787 imperatoris
2651 2712 2965 2771 Constantii
2995 2711 3338 2783 temporibus
3370 2709 3586 2766 accide—

2009 2819 2116 2876 rat,
2156 2823 2501 2880 nequaquam
2532 2807 2600 2863 ad
2628 2807 2837 2863 exitum
2867 2804 3092 2875 perduci
3127 2805 3461 2860 sinerentur.
3495 2800 3582 2858 Si—

2009 2901 2339 2974 gniﬁcarunt
2367 2908 2632 2971 praeterea
2670 2913 2733 2954 se
2760 2897 2828 2953 ad
2854 2897 3179 2954 comitatum
3211 2912 3324 2951 non
3343 2895 3590 2963 venisse,

2009 3011 2078 3052 ne
2109 2994 2330 3052 molesti
2361 3009 2485 3050 esse
2538 2991 2879 3048 viderentur.
2919 2989 2975 3045 Si
3023 3004 3157 3046 vero
3186 2990 3379 3045 venire
3420 2988 3584 3058 jube-

2010 3095 2222 3153 rentur,
2257 3100 2318 3141 se
2350 3101 2451 3141 suo
2479 3092 2701 3154 sumptu
2734 3097 2798 3137 ac
2824 3082 3069 3154 prepriis
3097 3082 3364 3152 iumentis
3396 3081 3450 3136 id
3481 3095 3589 3136 cu-

2007 3181 2131 3252 pide
2170 3178 2436 3234 facturos.
2464 3179 2642 3246 Atque
2672 3175 2763 3232 isti
2793 3173 3021 3245 quidem
3048 3174 3165 3228 hate
3193 3172 3262 3227 ad
3292 3171 3585 3227 Joviauum

2008 3274 2394 3344 imperatorem
2421 3269 2717 3338 scripsere.
2756 3267 2860 3323 Per
2889 3266 3037 3321 idem
3068 3271 3311 3335 tempus,
3342 3278 3466 3319 eum
3495 3278 3587 3333 sy-

2007 3364 2186 3420 nodus
2229 3361 2537 3417 Antiochia:
2583 3360 2639 3415 in
2688 3357 2847 3431 Syria
2876 3364 3028 3414 esset
3056 3364 3416 3426 congregata,
3450 3354 3589 3410 fides

2007 3472 2200 3513 eorum
2250 3454 2342 3525 qui
2400 3452 2595 3508 Nicaea;
2647 3451 2781 3506 olim
2830 3457 3210 3505 convenerant
3259 3446 3588 3503 confirmata

2006 3556 2093 3603 est
2136 3552 2517 3613 statutumque
2571 3551 2630 3596 ut
2660 3540 2780 3597 sine
2818 3537 3200 3594 controversia
3226 3536 3398 3591 Filius
3432 3534 3585 3589 Patri

2004 3624 2502 3694 consubstantialis
2536 3633 2608 3688 ab
2636 3630 2898 3687 omnibus
2934 3630 3274 3685 crederetur.
3311 3625 3586 3683 Interfec—

2003 3737 2135 3786 runt
2185 3729 2315 3784 huic
2367 3725 2602 3798 synodo,
2653 3723 2911 3779 Meletius
2956 3722 3051 3793 qui
3099 3718 3361 3776 Ecclesiae
3393 3720 3588 3775 Antio-

2004 3825 2195 3881 ehena:
2233 3830 2368 3876 tunc
2404 3820 2592 3875 denuo
2619 3817 2970 3889 praesidebat,
2998 3827 3052 3870 et
3082 3813 3357 3870 Eusebius
3384 3812 3589 3867 Samo-

2006 3913 2249 3968 satensis
2279 3911 2595 3979 episcopus,
2633 3915 2688 3961 et
2732 3905 2986 3976 Pelagius
3035 3903 3317 3959 Laodiceae
3346 3917 3468 3973 quae
3502 3909 3587 3957 est

2006 4011 2058 4061 in
2094 4004 2288 4075 Syria;
2329 4001 2560 4056 Aeacius
2588 3999 2715 4053 item
2750 3998 3012 4053 Caesarea:
3043 3995 3370 4060 Palaestina),
3400 4004 3454 4049 et
3478 3995 3589 4049 Ire-

1518 4156 1792 4214 VALESll
1832 4159 2386 4218 ANNOTATIONES.

398 4243 513 4313 (3|)
538 4242 611 4315 Ἦ
634 4242 737 4315 (οὗ
757 4244 941 4298 αὐτοῦ
963 4245 1290 4315 σχήματος.
1316 4245 1371 4301 ln
1388 4248 1578 4303 codice
1602 4248 1904 4305 Fukctiano

324 4324 382 4369 et
412 4312 415 4313 ⁷
441 4312 583 4392 apud
648 4312 1040 4392 ﬁlicephoruin'
1077 4312 1286 4392 legitur
1339 4319 1671 4392 σχίσματος,
1717 4322 1903 4392 _|onge

323 4384 555 4447 rectius,
607 4384 660 4436 ni
695 4384 872 4437 fallor.
930 4384 1063 4439 Nam
1093 4384 1221 4441 ante
1260 4384 1604 4445 Ai‘iniin'cnse
1628 4398 1683 4445 et
1713 4384 1904 4445 Seleu-

2014 4252 2313 4322 parceciam
2346 4261 2889 4322 suameongregare,
2923 4245 3141 4322 nemine
3190 4246 3297 4322 alio
3326 4247 3586 4322 episcopo

2051 4269 2313 4307 armetam
2346 4269 2498 4306 suam
2531 4269 2889 4318 congregare,
2923 4269 3141 4302 uernum
3190 4269 3297 4300 tum
3326 4269 3511 4315 θριξὶ(ξο
3553 4269 3584 4302 0

2050 4330 2299 4378 raeseute.
2332 4323 2388 4375 lu
2422 4321 2611 4376 codice
2639 4318 2942 4373 Fukeliano
2981 4317 3245 4386 scriptum
3271 4318 3453 4372 inveni
3487 4269 3584 4374 ἄλ-

1977 4387 2141 4456 λοις.
2185 4391 2359 4457 Quam
2397 4392 2725 4461 scripturam
2760 4389 2807 4444 si
2833 4401 3149 4461 sequamur,
3186 4387 3290 4461 hic__
3315 4389 3420 4461 erit
3458 4406 3586 4446 sen-

325 4453 859 4530 cienseeoncilimn,
906 4454 1162 4530 Ecclesia
1194 4459 1558 4530 “gravissimo
1610 4460 1909 4516 schismate
1941 4466 1984 4520 D
2015 4453 2114 4517 sus
2145 4481 2158 4516 :
2195 4453 2276 4517 Ἧι
2300 4463 2484 4516 ιιιιΙΙιιε
2512 4453 2807 4530 episcopus
2837 4453 3079 4512 Orientis
3100 4472 3225 4512 cum
3254 4456 3582 4516 Occidenta-

326 4525 633 4596 laborabat,
681 4522 795 4592 jam
826 4525 955 4580 inde
991 4541 1020 4596 a
1051 4522 1285 4596 concilio
1322 4527 1656 4596 Serdicensi,
1705 4530 1760 4584 in
1792 4545 1901 4596 quo

325 4605 489 4669 rupta
526 4592 722 4669 fuerat;
742 4595 1057 4669 communio
1090 4598 1229 4669 inter
1254 4595 1559 4653 Orientales
1590 4592 1752 4669 atque
1792 4592 1898 4655 Oc-

326 4664 653 4719 cidentales.
683 4664 781 4717 Cui
804 4667 947 4718 malo
970 4675 1028 4718 ut
1055 4666 1363 4720 mederetur
1386 4664 1761 4731 Constantius,
1789 4671 1902 4725 haec

325 4735 440 4787 duo
486 4736 872 4803 episcoporum
908 4737 1141 4790 concilia
1195 4747 1614 4793 convocaverat.
1671 4740 1777 4796 Sed
1816 4756 1900 4797 res

324 4804 600 4859 infelicem
621 4813 871 4859 eventum
907 4808 1102 4860 sortita
1133 4814 1234 4862 est.

402 4874 512 4944 (ὃὲ)
542 4874 813 4940 Μηδενὸς
839 4872 1033 4930 ἄλλου
1071 4876 1521 4944 κοινωνοῦντος.
1566 4877 1691 4934 llaec
1739 4881 1903 4937 verba

326 4943 670 5014 Nieephorus
698 4946 763 4999 de
779 4947 1144 5018 saecularibus
1173 4947 1458 5018 judicibus
1483 4943 1772 5018 exposuit,
1804 4951 1900 5018 qui

330 5018 742 5088 imperatorum
771 5014 954 5088 jussu.
1012 5017 1240 5087 synodis
1292 5014 1674 5088 episcoporum
1730 5014 1898 5074 inter-

327 5093 509 5138 erant.
544 5084 637 5139 Sic
659 5087 802 5160 enim
831 5087 942 5140 haec
984 5084 1744 5160 διιζοιιιοιιίῌνιιιιιιι”ιέιιιιίι1ἱι
1774 5106 1788 5152 ;
1824 5090 1897 5160 μή

327 5172 476 5218 τινος
517 5154 781 5225 κοσμικοῦ
823 5158 1222 5221 κοινωνοῦν-σος.
1268 5157 1508 5213 Possunt
1561 5170 1739 5213 tamen
1786 5154 1901 5213 hinc

330 5225 753 5297 vorbapintclligi
796 5226 862 5279 dc
913 5227 1046 5296 ipsis
1073 5230 1366 5297 episcopis,
1401 5244 1464 5282 ac
1511 5228 1743 5283 fortasse
1781 5245 1899 5283 tne-

330 5297 459 5350 lius.
492 5295 752 5349 Petebant
792 5295 946 5350 enim
980 5295 1556 5361 Basilius,Silvanus,
1590 5311 1643 5351 et
1690 5299 1804 5362 alii,
1841 5307 1900 5353 ut

330 5368 525 5422 liceret
565 5367 799 5437 singulis
852 5369 1128 5439 cpiscOpis
1178 5385 1428 5424 seorsum
1478 5370 1721 5440 synodos
1759 5370 1902 5424 intra

2014 4533 2159 4588 libus
2184 4532 2579 4595 communicet,
2603 4531 2689 4586 vel
2713 4534 2926 4583 contra.

2078 4602 2189 4673 (55)
2224 4600 2535 4673 Καί-πάνυ
2565 4594 2928 4673 χρωμένους,
2967 4594 3122 4652 Hunc
3162 4597 3339 4673 locum
3368 4601 3585 4673 correxi

2009 4667 2291 4728 ex'codice
2317 4667 2639 4732 Fuketiano,
2662 4667 2714 4723 in
2740 4683 2850 4739 quo
2870 4667 3073 4739 diserte
3093 4667 3355 4739 scriptum
3380 4677 3464 4724 est
3493 4671 3585 4724 καὶ

2007 4742 2242 4815 δαπᾴνῃ.
2285 4742 2441 4815 Apud
2469 4736 2837 4815 Nicephorum
2865 4738 2920 4815 in
2955 4752 3100 4815 eap._
3123 4736 3194 4791 40
3216 4736 3352 4793 libri
3381 4739 3582 4794 decimi

2008 4807 2277 4874 δαπάναις
2316 4807 2536 4883 legitur,
2567 4807 2711 4883 quod
2754 4818 2838 4883 est
2869 4807 3195 4883 elegantius,

2081 4883 2195 4951 (54)
2235 4873 2339 4949 Ὃς
2369 4873 2849 4951 ἷότεάὗτῆςεῇῆς
2900 4876 3281 4951 Ἀντιοχείας.
3330 4873 3585 4951 §_cribcn-

2004 4944 2132 5008 dum
2177 4944 2330 5021 'puto'
2396 4952 2455 5015 ὃς
2509 4952 2632 5005 τότε
2675 4944 2887 5021 αὗθις,-
2956 4956 3061 5021 etc.
3096 4944 3278 5000 "Nam
3336 4944 3585 5002 Meletius

2007 5032 2139 5077 tunc
2191 5017 2591 5078 Antiochenam
2619 5020 2826 5076 sedem
2857 5017 2925 5072 de
2957 5017 3173 5088 integro
3224 5031 3585 5086 recuperave-

2005 5101 2112 5147 rat.

2077 5162 2188 5233 (55)
2217 5161 2564 5233 13591171:qu6
2585 5158 2850 5233 Petra/'09.
2885 5155 3059 5233 Hujus
3088 5155 3351 5233 lrenionis
3390 5156 3584 5233 tuemi-

2005 5227 2091 5287 nit
2117 5227 2354 5287 Marcus.
2390 5234 2442 5284 in
2483 5231 2592 5283 vita
2649 5229 2933 5299 Porphyrii
3003 5227 3266 5282 Gazensis
3318 5227 3582 5297 episcopi,

2006 5318 2241 5373 eumque
2263 5304 2418 5357 miris
2460 5300 2713 5355 laudibus
2742 5299 2974 5354 extollit.

1769 5526 2075 5585 VARIORU
2087 5528 2155 5584 Μ.

333 5617 771 5692 utriusquecjus
814 5627 1157 5692 ⁸ριἰιτιριτιιιιιιῐξ
1194 5621 1372 5690 aliqua
1412 5623 1644 5691 vestigia
1689 5624 1743 5677 in
1776 5623 1908 5692 legi-

330 5689 434 5743 bus
467 5689 602 5762 Ctni.
639 5689 853 5762 Themi.
909 5705 1003 5756 per
1035 5691 1146 5762 haec
1197 5689 1445 5760 tempora
1493 5689 1635 5747 datis
1665 5689 1909 5762 snperés-

330 5769 476 5813 sent.
533 5760 754 5827 Det-cpit
810 5760 955 5814 Viros
1025 5760 1214 5815 doctos
1270 5763 1615 5832 cognominis
1681 5760 1906 5818 Stilustii

2016 5624 2246 5679 oinissio
2270 5624 2320 5677 in
2372 5621 2734 5687 inscriptione
2771 5638 2799 5674 ει
2845 5618 3063 5672 Valcsio
3096 5618 3313 5687 relata;
3347 5611 3589 5687 quotl‘ft

2016 5695 2069 5746 in
2121 5696 2244 5750 aliis
2313 5694 2514 5763 smpius
2553 5679 2793 5747 factum.
2854 5695 2975 5745 Ant.
3013 5688 3162 5753 ιἈιιι,
3210 5685 3277 5737 ad
3309 5679 3430 5735 ann.
3460 5679 3584 5744 562,

2018 5781 2072 5818 ιι.
2103 5766 2191 5818 55.
