4056 6326
562 381 700 437 nos
2039 384 2378 440 SOZOMENI
2870 382 2876 388 ’
3640 400 3741 460 nos

563 501 656 554 nio
687 497 845 554 Gaza
887 501 1216 572 episcopus:
1257 502 1594 559 Athanasius
1619 503 1856 572 denique
1889 505 2136 573 Ancyra.
2175 503 2280 569 Qui
2313 522 2437 560 cum
2485 521 2549 562 ca
2625 524 2747 579 qua
2813 510 2927 565 dixi
2969 511 3296 582 gessissent,
3323 509 3642 570 decreta'sua
3677 519 3745 574 im-

563 591 802 667 peratori
835 607 930 661 per
957 592 1055 645 has
1088 593 1299 648 litteras
1327 594 1734 664 signiﬁcarunt.

566 678 980 770 Religiosissimo
1015 683 1218 770 Qeoque
1244 684 1558 770 charissim-0
1586 685 1800 769 domino
1824 695 2004 741 nostro
2044 684 2143 767 ,1ος

2171 683 2217 741 Α
2249 676 2768 770 Τῷξρξοεϐεηστάτῳ
2788 684 2888 765 καὶ
2913 685 3352 770 θερφᾳεστὰτερ
3538 690 3746 770 δεσπότῃ

635 751 810 827 cinno,
846 751 1043 827 Victori
1073 751 1330 827 Augusto,
1362 756 1593 827 synodus
1644 758 2006 826 episcoporum
2052 755 2143 825 qui

2335 751 2609 827 Ἱόϐιανῷ,
2667 753 2887 827 νικητῇ
2919 751 3264 827 ΔύῨούστῳ,
3297 751 3333 816 ἦ
3351 751 3460 810 τῶν
3481 759 3541 812 ἐν
3576 751 3747 823 Ἀντιδί

631 839 697 877 ea:
727 823 951 878 diversis
979 826 1265 892 provinciis
1300 823 1604 898 congregati
1632 823 1754 882 sunt
1781 823 2098 884 Antiochia.

2319 824 2456 890 χείᾳ
2509 823 2936 904 σγνελθόντων
2990 823 3344 883 ἐπισκόπων
3396 828 3459 882 ἐκ
3511 829 3748 904 διαφόρων

2321 891 2625 963 ἐπαρχιων
2664 894 2950 962 σύνοδος.

635 981 794 1048 Quod
843 983 1280 1042 ecclesiasticam
1329 1000 1520 1057 pacem
1572 993 1740 1054 atque
1789 986 2144 1043 concordiam

2324 981 2434 1051 Τὴν
2467 982 2928 1052 ἐκκλησιαστικὴν
2959 985 3184 1056 εἰρήνην
3225 1003 3284 1040 τε
3315 964 3406 1042 καὶ
3446 991 3661 1060 ὁμόνοιαν
3690 997 3749 1050 ὅτι

568 1083 659 1128 tua
713 1074 952 1144 primum
1012 1075 1190 1144 pietas
1220 1075 1522 1134 conciliare
1551 1077 1853 1144 atuduerit,
1871 1078 1974 1149 ipsi
2007 1093 2145 1147 quo-

2254 1085 2349 1122 σου
2371 1069 2467 1124 καὶ
2488 1069 3122 1144 πρώτη(56)πρεσϐεύειν
3146 1072 3467 1131 ἐσπούδακεν
3493 1079 3750 1150 ήεύσέϐεια,

566 1179 676 1234 que
732 1165 905 1235 probe
953 1167 1231 1232 novimus,
1279 1167 1610 1224 charissime
1666 1168 1777 1224 Deo
1824 1169 2143 1240 imperator.

2253 1158 2314 1216 εὖ
2351 1161 2509 1233 ἴσμεν
2539 1163 2634 1216 καὶ
2666 1165 2854 1232 αὐτοὶ,
2888 1164 3270 1235 θεοφιλέστατε
3323 1165 3545 1236 βασιλεῦ.
3585 1171 3684 1226 Ὅτι
3711 1173 3751 1227 δέ

568 1256 725 1323 Quod
767 1271 895 1310 vero
944 1255 1178 1315 formam
1229 1269 1393 1318 rectae
1439 1268 1606 1330 atque
1643 1259 1962 1318 orthodoxae
1997 1261 2145 1327 ﬁdei,

2254 1256 2546 1326 κεφάλαιον
2572 1257 2671 1328 τῆς
2712 1259 2969 1330 τοιαύτης
3013 1259 3301 1328 ἐνότητος,
3339 1259 3433 1330 τῆς
3461 1260 3660 1333 ἀληθοῦς
3684 1266 3753 1320 καὶ

457 1379 462 1384 ο
569 1357 740 1420 caput
791 1363 916 1404 esse
952 1349 1119 1419 hujus
1171 1350 1408 1408 unitatis
1457 1361 1602 1407 recte
1642 1355 1956 1421 censueris,
2001 1355 2059 1410 isl

2255 1344 2536 1418 ὀρθοδόξου
2570 1347 2803 1412 πίστεως
2829 1347 3010 1411 καλῶς
3035 1347 3340 1420 ὑπείληφας
3363 1348 3448 1404 τὸν
3471 1353 3753 1422 χαρακτῆρα,

568 1441 734 1496 etiam
763 1456 876 1496 non
917 1442 1256 1512 ignoramus.
1289 1443 1658 1510 Quamobrem
1691 1460 1760 1501 ne
1788 1460 1892 1504 nos
1933 1461 2001 1502 ex
2041 1461 2148 1501 nu-

2253 1438 2375 1492 οὐδέ
2425 1439 2584 1493 τοῦτο
2631 1439 2970 1514 ἀγνοοῦμεν.
3016 1440 3133 1494 Ἵνα
3170 1440 3348 1496 τοίνυν
3399 1441 3468 1514 μὴ
3513 1443 3632 1513 μετά
3676 1446 3756 1500 τῶν

571 1547 726 1588 mero
770 1531 988 1588 illorum
1034 1534 1131 1604 qui
1175 1534 1428 1590 veritatis
1456 1535 1768 1592 doctrinam
1810 1536 2146 1603 adulterant,

2256 1529 2797 1600 παραχαρασσόντων
2843 1533 2914 1585 τὰ
2951 1531 3200 1602 δόγματα
3245 1531 3345 1602 τῆς
3366 1532 3598 1605 ἀληθείας
3634 1537 3756 1590 τετά-

569 1637 694 1680 esse
722 1623 1027 1690 videamur,
1063 1625 1316 1694 religioni
1354 1633 1462 1682 tua
1508 1626 1912 1698 signiﬁcamus,
1944 1642 2047 1685 nos
2082 1627 2149 1682 ﬁ-

2256 1619 2381 1693 χθαι
2417 1621 2788 1693 νομιζώμεθα,
2829 1624 3178 1695 ἀναφέρομεν
3222 1627 3290 1696 τῇ
3320 1626 3384 1696 σῇ
3421 1625 3664 1698 εὐλαϐείᾳ,
3697 1629 3758 1682 ὃτι

571 1716 694 1778 dem
727 1731 918 1774 eorum
948 1717 1042 1787 qui
1074 1715 1269 1773 Nicaea
1295 1719 1462 1791 224
1485 1721 1616 1774 olim
1646 1721 1969 1792 congregati
1996 1730 2147 1787 sunt,

2255 1713 2355 1784 τῆς
2402 1713 2562 1783 ἁγίας
2597 1715 2819 1768 συνόδου
2865 1715 2968 1786 τῆς
2999 1719 3057 1769 ἐν
3088 1717 3296 1789 Νικαίᾳ
3350 1718 3505 1772 πάλαι
3550 1719 3759 1790 πρότερον

571 1815 629 1864 et
665 1808 902 1879 probare
953 1816 1006 1864 et
1061 1810 1321 1865 retinere.
1359 1810 1575 1867 Etenim
1616 1813 1946 1868 vocabulum
1998 1813 2054 1866 in
2086 1827 2150 1867 ea

2259 1807 2729 1880 συγκροτηθείσης
2774 1808 2875 1881 τὴν
2923 1809 3110 1864 πίστιν
3153 1811 3248 1866 καὶ
3298 1811 3664 1882 ἀποδεχόμεθα,
3690 1814 3762 1866 καὶ

574 1904 788 1974 synodo
837 1903 1100 1974 positum,
1148 1903 1298 1974 quod
1346 1903 1680 1974 quibusdam
1729 1919 1934 1959 novum
1987 1911 2153 1975 atque

2257 1899 2581 1971 κατέχομεν.
2618 1899 2814 1958 Ὁπότε
2848 1903 2944 1954 καὶ
2970 1902 3031 1956 τὸ
3061 1901 3250 1959 δοκοῦν
3291 1903 3347 1956 ἐν
3373 1904 3499 1976 αὐτῇ
3529 1921 3623 1960 τισι
3647 1903 3763 1970 ξένον

573 1995 821 2054 insolens
876 1995 1122 2061 videtur,
1192 1995 1686 2052 consubstantialis
1738 1995 2037 2059 videlicet,
2097 1994 2150 2050 id

2183 2038 2230 2097 Β
2257 1991 2451 2061 ὄνομα,
2478 1977 2660 2046 τὸτοῦ
2701 1993 2991 2064 ὁμοουσίου
3025 1995 3228 2071 φαμὲν,
3262 1994 3525 2065 ἀσφαλοῦς
3550 1995 3764 2066 τετύχηκε

572 2091 950 2147 cautissimam
980 2089 1493 2160 interpretationem
1521 2105 1552 2144 a
1585 2087 1845 2148 Patribus
1897 2087 2148 2157 accepit;

2183 2083 2229 2097 "
2259 2083 2412 2154 ποιρά
2441 2086 2553 2148 τοῖς
2575 2085 2854 2155 Πατράσιν
2881 2086 3200 2158 ἑρμηνείας,
3229 2086 3578 2158 σημαινούσης
3614 2089 3682 2141 ὅτι
3717 2090 3765 2142 ὲκ

574 2191 634 2236 ιιι
668 2182 881 2238 scilicet
919 2180 1096 2237 Filius
1121 2196 1186 2237 ex
1228 2180 1546 2238 substantia
1589 2179 1772 2236 Patris
1819 2179 2064 2249 genitus,
2097 2186 2153 2233 et

2258 2174 2358 2245 τῆς
2391 2173 2580 2237 οὐσίας
2632 2175 2726 2227 τοῦ
2776 2175 2989 2246 Πατρὸς
3041 2178 3069 2229 ὁ
3116 2175 3241 2239 Υἱὸς
3283 2177 3555 2248 ἐγεννήθη,
3595 2176 3673 2230 καὶ
3704 2178 3766 2238 ὅτι

572 2273 750 2344 quoad
785 2272 1150 2330 substantiam
1193 2269 1342 2327 Patri
1393 2271 1590 2327 similis
1627 2287 1753 2328 esse
1785 2270 2149 2340 intelligatur.

2258 2265 2442 2337 ὅμοιος
2487 2267 2608 2320 κατ’
2648 2268 2836 2321 οὐσίαν
2876 2268 2953 2338 τῷ
2988 2268 3182 2340 Πατρί.
3223 2267 3364 2327 Οὔτε
3410 2269 3464 2323 δὲ
3500 2269 3567 2333 ὡς
3605 2268 3766 2331 πάθους

573 2365 694 2420 Non
747 2380 859 2434 quo
905 2363 1188 2434 perpessio
1237 2363 1491 2433 quadam
1539 2363 1595 2418 in
1644 2364 1740 2418 illa
1795 2361 2150 2420 inenarrabili

2258 2359 2401 2422 τινὸς
2457 2361 2587 2432 περὶ
2638 2360 2738 2432 τὴν
2807 2361 3047 2432 ἄρρητον
3109 2361 3366 2434 γέννησιν
3419 2362 3766 2433 ἐπινοουμένου,

575 2457 926 2526 generatione
955 2456 1248 2527 cogitetur,
1279 2462 1376 2510 aut
1402 2471 1601 2512 nomen
1637 2456 1964 2512 substantia
1990 2455 2151 2525 juxta

2257 2447 2381 2506 οὔτε
2431 2451 2573 2505 κατά
2620 2467 2742 2504 τινα
2779 2452 2976 2524 χρῆσιν
3013 2451 3333 2526 Ἑλληνικὴν
3378 2452 3678 2524 λαμϐάνεται
3722 2453 3768 2508 τὸ

573 2549 858 2620 gentilium
893 2563 1058 2605 usum
1096 2555 1152 2604 et
1177 2549 1636 2605 consuetudinem
1664 2550 2012 2620 accipiatur:
2051 2546 2151 2605 sed

2257 2539 2430 2612 ὄνομα
2480 2543 2581 2612 τῆς
2631 2542 2851 2606 οὐσίας’
2897 2544 2979 2607 εἰς
3021 2544 3342 2616 ἀνατροπὴν
3387 2545 3442 2598 δὲ
3485 2543 3570 2598 τοῦ
3608 2543 3660 2606 ἐξ
3693 2544 3768 2596 οὐκ

577 2649 637 2694 ιιι
682 2647 961 2697 evertatur
1005 2638 1059 2694 id
1109 2639 1256 2710 quod
1307 2639 1476 2696 Arius
1522 2655 1694 2696 ausus
1725 2649 1848 2700 erat
1902 2655 2151 2696 asserere

2257 2631 2427 2692 ὄντων
2470 2633 2598 2704 περί¹
2649 2632 2741 2687 τοῦ
2773 2633 2903 2688 Υίοῦ
2941 2629 3152 2700 ἀσεϐῶς
3201 2636 3553 2708 τολμηθέντος
3597 2635 3765 2706 ’Δρείῳς

576 2731 776 2788 Filium
825 2747 892 2788 ex
941 2731 1122 2788 nihilo
1148 2731 1460 2789 exstitisse.
1495 2731 1652 2799 Quod
1683 2733 1907 2804 quidem
1947 2739 2004 2786 et
2054 2731 2150 2786 isti

2260 2723 2440 2795 Ὅπερ
2468 2724 2562 2782 καὶ
2593 2725 2644 2783 οἱ
2667 2725 2761 2778 νῦν
2791 2727 3247 2799 ἐπιφοιτήσαντες
3288 2726 3642 2797 Ἀνόμοιοι,ἒτι
3665 2725 3769 2796 θρα·
3819 2769 3825 2776 .

572 2825 671 2898 qui
718 2839 893 2896 nuper
939 2823 1119 2880 exorti
1165 2830 1300 2880 sunt
1349 2825 1628 2892 Anomai,
1668 2825 1844 2882 multo
1881 2823 2150 2879 audacius

2259 2814 2485 2888 σύτερον
2533 2816 2625 2872 καὶ
2670 2817 3100 2891 τολμηρότερον,
3146 2819 3242 2873 ἐπὶ
3285 2818 3433 2892 λύμῃ
3477 2819 3567 2889 τῆς
3611 2817 3769 2886 ἐκκλη-

573 2927 736 2987 atque
769 2914 1143 2986 impudentius
1177 2915 1242 2970 ad
1271 2915 1572 2985 perniciem
1600 2915 1995 2975 ecclesiastica
2019 2931 2152 2971 con-

2260 2907 2546 2978 σιαστικῆς
2594 2908 2853 2979 ὁμονοίας
2911 2909 3288 2990 ἀναισχύντως
3342 2905 3767 2982 παρῤησιάζονται.

571 3010 780 3066 cordia
835 3009 1020 3080 palam
1076 3009 1398 3080 pradicant.
1451 3008 1593 3064 Huic
1647 3016 1832 3070 autem
1889 3008 2150 3065 relationi

2257 3000 2635 3071 Συνετάξαμεν
2685 3000 2741 3054 δὲ
2792 3001 2918 3072 τῇδε
2979 3001 3136 3073 ἡμῶν
3189 3005 3254 3074 τῇ
3326 3003 3559 3072 ἀναφορᾷ
3604 2999 3685 3053 καὶ
3724 2997 3769 3050 τὸ

571 3111 780 3160 nostra
801 3101 1106 3172 adiecimus
1139 3103 1304 3158 etiam
1334 3102 1647 3172 exemplum
1682 3102 1808 3158 ﬁdei
1839 3102 2151 3171 illius,qua

2201 3157 2208 3164 '
2257 3092 2592 3162 ἀντίγραφον
2623 3092 2723 3162 τῆς
2758 3093 2926 3164 αὐτῆς
2957 3093 3216 3157 πίστεως,
3257 3095 3363 3163 τῆς
3400 3096 3456 3147 ἐν
3497 3091 3674 3162 Nimia
3694 3088 3771 3142 ὑπδ

573 3196 644 3252 ab
693 3193 895 3251 iisdem
946 3193 1226 3264 episcopis
1275 3191 1473 3249 Nicaea
1504 3193 1854 3266 congregatis
1900 3194 2148 3264 exposita

2256 3184 2365 3242 τῶν
2390 3184 2869 3256 συγκροτηθέντων
2898 3186 3215 3240 ἐπισκόπων
3238 3186 3506 3257 τεθείσης,
3527 3186 3688 3256 ἥντινα
3705 3183 3775 3236 καὶ

569 3295 678 3354 est,
722 3288 887 3358 quam
928 3293 983 3346 et
1035 3299 1141 3342 nos
1193 3285 1531 3356 suscipimus
1583 3301 1650 3341 ac
1700 3287 2024 3355 probamus.
2085 3286 2152 3340 Et

2255 3277 2580 3350 ἀγαπῶμεν,
2616 3279 2728 3332 Καὶ
2757 3276 2825 3331 τὰ
2859 3277 2960 3348 μὲν
2999 3273 3101 3332 ὧδε
3139 3278 3477 3349 ἐψηφίσαντο
3521 3276 3566 3329 οἱ
3601 3274 3700 3328 τότε
3722 3273 3771 3342 τῇ

570 3384 690 3440 hac
715 3380 938 3452 quidem
976 3379 1347 3435 decreverunt
1392 3378 1638 3449 episcopi
1675 3378 1769 3449 qui
1799 3393 1866 3433 eo
1897 3385 2147 3447 tempore

2173 3393 2218 3453 α
2268 3371 2569 3449 Ἀντιοχείᾳ
2623 3371 2983 3444 ἐνδημοῦντες
3024 3373 3220 3442 ἱερεῖς,
3288 3371 3468 3435 αὐτοῖς
3514 3371 3675 3442 ῥητοῖς
3701 3365 3775 3435 τὴν

570 3473 874 3529 Antiochia
923 3472 1316 3533 morabantur,
1362 3469 1522 3525 ﬁdem
1575 3469 1644 3524 ab
1689 3468 1972 3540 episcopis
2018 3469 2152 3524 olim

2254 3462 2408 3534 παρά
2434 3463 2542 3516 τῶν
2570 3464 2628 3516 ὲν
2656 3461 2863 3535 Νικαίᾳ
2895 3462 3255 3518 συνελθόντων
3291 3462 3590 3517 ἐκτεθεῖσαν
3612 3457 3772 3518 aio-tm

569 3565 766 3621 Nicaa
814 3562 1168 3634 congregatis
1204 3561 1540 3631 expositam,
1578 3559 1774 3616 iisdem
1811 3561 1997 3617 verbis
2031 3559 2152 3632 qui-

1489 3577 1540 3626 n,
1578 3559 1774 3616 iisdem
1811 3561 1997 3617 verbis
2031 3559 2152 3632 qui-
2251 3558 2318 3628 τῇ
2351 3556 2456 3635 ἰδία
2483 3557 2668 3633 γραφῇ
2705 3554 3091 3622 ὑποτάξαντες.

571 3659 676 3714 bus
709 3655 916 3724 scripta
952 3653 1156 3718 fuerat,
1189 3653 1439 3724 epistola
1469 3667 1584 3710 sua
1612 3652 1992 3724 subjicientes.

1228 3743 1383 3800 CAP.
1409 3741 1477 3798 ν.

2859 3734 3109 3791 ΚΕΦΑΛ.
3149 3734 3225 3788 Ε’.

572 3839 654 3893 De
681 3854 872 3907 magno
899 3836 1220 3908 Athangsio,
1266 3835 1526 3908 quomodo
1555 3837 1867 3905 imperatori
1893 3837 2152 3893 charissi-

2252 3824 2390 3908 περι
2426 3825 2832 3908 nauseat)
2875 3825 3267 3908 Mamaea.
3311 3824 3392 3908 ξδς
3414 3818 3774 3908 scaeam

641 3889 964 3978 sarisas;
989 3889 1054 3963 ei
1070 3889 1355 3965 sesua-2;
1374 3889 1608 3978 Egypt;
1631 3889 1921 3962 summa
1946 3889 2152 3964 sane

2320 3889 2601 3978 ἠΐαπήρῖη
2625 3889 2713 3978 ,τῷ
2733 3894 3000 3978 βασιλεῖ,
3031 3894 3128 3978 καὶ
3153 3893 3277 3978 τίῆν
3296 3896 3371 3976 ἐξ
3395 3889 3647 3978 ᾼὶηύπτφ

646 3963 845 4035 visione
876 3963 1056 4048 magni
1083 3963 1322 4033 Antonii.
1421 3963 1425 3964 ί
1463 3963 1540 3978 ’Μ’

2322 3963 2597 4032 πλησιῶν
2612 3965 2909 4033 ἐκράτησε
2928 3983 2941 3996 ο
2975 3965 3072 4018 καί
3105 3964 3240 4032 περὶ
3263 3965 3374 4020 τοῦ
3401 3963 3671 4032 ὁράματος
3690 3963 3772 4011 τοῦ

2317 4036 2584 4106 μεγάλου
2635 4037 2971 4091 Ἀντωνίον.

641 4129 852 4185 Interea
881 4144 1013 4186 vero
1046 4127 1384 4200 Athanasius
1433 4130 1732 4202 episcopus
1778 4131 2147 4198 Alexandria,

2334 4128 2423 4181 Ἐν
2460 4127 2634 4198 τούτῳ
2662 4125 2719 4179 δὲ
2760 4125 2855 4180 καὶ
2892 4125 3216 4189 Ἀθανάσιος
3249 4127 3279 4179 ὁ
3308 4123 3402 4178 τὸν
3436 4115 3773 4188 Ἅλεξανδρέων

567 4220 979 4276 communicato
1007 4236 1132 4276 cum
1166 4224 1359 4292 paucis
1397 4221 1926 4280 familiaribussuis
1962 4227 2149 4282 consi-

2251 4219 2440 4292 θρόνὸν
2485 4217 2880 4289 ἐπιτροπεύων,
2903 4217 3108 4285 ὀλίγοις
3136 4217 3246 4272 τῶν
3276 4215 3591 4286 ἐπιτηδείων
3624 4223 3771 4262 κοινω-

571 4310 680 4377 lio,’
713 4312 1102 4382 imperatorem
1138 4315 1235 4384 qui
1269 4313 1622 4370 Christianus
1651 4325 1792 4383 erat,
1833 4319 2149 4374 necessario

2253 4309 2485 4381 σάμενος
2509 4349 2524 4376 ,
2571 4309 2868 4376 ἀναγκαῖον
2897 4307 3050 4380 ᾠήθη
3081 4306 3173 4360 τὸν
3224 4306 3455 4378 βασιλέα
3500 4296 3773 4374 Χριστιανὸν

571 4401 679 4458 sibi
711 4402 996 4457 visendum
1029 4418 1154 4458 esse
1193 4404 1550 4460 existimavit.
1580 4407 1770 4478 Itaque
1808 4423 1933 4463 cum
1965 4409 2150 4465 venis—

2250 4403 2378 4457 ὄντα
2441 4402 2567 4455 ἰδεῖν
2587 4419 2602 4433 ·
2665 4402 2762 4455 καὶ
2836 4401 3280 4473 παραγενόμενος
3342 4403 3424 4464 εἰς
3478 4395 3770 4464 Ἀντιόχειαν.

571 4500 654 4548 set
678 4493 1054 4557 Antiochiam,
1082 4509 1146 4548 ea
1173 4509 1296 4565 qua
1328 4496 1670 4565 postulabat,
1700 4499 2024 4571 imperatori
2054 4517 2149 4556 ex-

2250 4497 2379 4566 περὶ
2407 4489 2481 4549 ὧν
2509 4495 2698 4563 ἐδεῖτο,
2721 4496 2810 4550 τδν
2840 4494 3146 4566 κρατοῦντα
3165 4494 3436 4550 διδάσκει.
3467 4495 3528 4547 Οἱ
3555 4491 3607 4545 δέ
3628 4504 3771 4558 φασιν.

570 4583 775 4662 posuit.
813 4582 922 4637 Alii
967 4583 1162 4638 dicunt
1217 4584 1369 4638 illum
1397 4586 1466 4640 ab
1495 4587 1827 4660 imperatore
1855 4600 2144 4648 evocatum

2247 4590 2330 4642 ὅτι
2373 4587 2535 4652 αὐτὸς
2581 4591 2608 4642 ὁ
2655 4587 2909 4659 βασιλεὺς
2954 4587 3045 4641 τὸν
3085 4587 3257 4660 ἄνδρα
3290 4585 3700 4660 μετεκαλέσατο,
3723 4575 3774 4628 τὰ

571 4674 766 4741 fuisse,
801 4683 860 4728 ut
900 4690 1023 4745 qua
1060 4676 1209 4730 circa
1255 4676 1576 4746 religionem
1603 4688 1657 4733 et
1689 4690 1852 4735 recta
1884 4683 2011 4739 ﬁdei
2045 4685 2145 4740 do-

2179 4745 2216 4754 λ
2251 4683 2500 4753 πρακτέα
2539 4681 2667 4754 περὶ
2705 4680 2802 4752 τὴν
2833 4681 3130 4752 θρησκείαν
3189 4681 3288 4735 καὶ
3343 4681 3442 4751 τὴν
3484 4677 3634 4748 ὀρθὴν
3653 4672 3775 4738 δόξαν

567 4766 804 4820 ctrinam
844 4767 1058 4837 agenda
1103 4775 1315 4830 essent,
1348 4780 1684 4841 suggereret.
1729 4772 1832 4839 Qui
1881 4791 2006 4831 cum
2051 4793 2144 4833 ec-

2179 4745 2224 4804 D
2251 4745 2701 4845 είσηγησὸμενον.
2748 4745 2963 4836 Ᾰιαθείς
3003 4790 3063 4826 τε
3117 4773 3187 4827 τά
3232 4774 3337 4844 τῆς
3355 4745 3691 4841 Ἐκκλησία,
3717 4761 3774 4823 ὡς

568 4858 880 4913 clesiastica
927 4860 1146 4932 negotia
1182 4861 1364 4928 quoad
1398 4863 1520 4928 ejus
1567 4863 1681 4919 ﬁeri
1732 4869 1907 4934 potuit
1933 4871 2144 4925 consti-

2231 4861 2364 4922 ὀἷόν
2395 4885 2454 4921 τε
2494 4863 2583 4938 ἦν,
2621 4866 2905 4937 ἐφρόντιζε
2933 4866 3032 4934 τῆς
3063 4866 3348 4920 ἐπανόδου.
3379 4859 3670 4928 Εὐζώῖοςδὲ
3689 4859 3712 4910 ὁ
3733 4854 3777 4906 ἓν

567 4951 788 5015 tuisset,
817 4949 884 5005 de
931 4951 1109 5006 reditu
1153 4952 1323 5023 coepit
1359 4954 1623 5024 cogitare.
1657 4957 1726 5011 At
1756 4957 2013 5026 Euzoius,
2047 4963 2142 5032 qui

2265 4961 2564 5033 Ἀντιοχείᾳ
2610 4959 2905 5022 ἐπίσκοπος
2965 4958 3066 5028 τῆς
3139 4958 3484 5029 Ἀρειανικῆς
3538 4951 3771 5022 αἱρέσεως.

566 5041 786 5096 Ariaua:
824 5050 990 5098 secta
1029 5044 1174 5114 apud
1216 5045 1565 5101 Antiochiam
1606 5051 1960 5118 praesidebat,
1994 5056 2142 5109 omni

2253 5054 2550 5120 ἐσπούδαζε
2578 5053 2909 5126 προεστάναι
2953 5055 3052 5124 τῆς
3089 5051 3261 5123 αὐτῆς
3295 5051 3455 5122 δόξης
3484 5051 3538 5101 ὲν
3574 5042 3775 5108 ’ᾼλεξαν-

568 5133 754 5196 studio
778 5131 1043 5203 perﬁcere
1071 5135 1401 5203 conabatur,
1435 5146 1495 5204 ut
1523 5139 1818 5198 Probatius
1851 5147 2142 5212 eunuchus

2249 5149 2403 5222 δρείᾳ
2447 5146 2742 5218 Προϐἀτιον
2771 5144 3024 5214 εὐνοῦχον
3074 5145 3207 5214 (57).
3233 5138 3677 5213 Εἰσηγησαμένων
3729 5145 3773 5181 τε

1752 5325 1839 5386 VA
1849 5325 2025 5382 LESII
2063 5325 2617 5382 ANNOTATIONES.

636 5410 748 5480 (56)
792 5413 921 5466 "Ott
947 5428 1064 5489 σίου
1087 5413 1186 5489 καὶ
1208 5415 1427 5489 apart]:
1459 5415 1548 5489 Sic
1579 5417 1776 5486 legitur
1805 5419 1970 5473 etiam
1999 5420 2144 5489 apud

2250 5419 2510 5474 Ecclesia
2534 5433 2718 5486 pacem
2749 5416 3038 5471 restituere
3068 5413 3219 5483 prius
3242 5410 3517 5467 studuerit
3539 5417 3682 5478 quam
3698 5414 3775 5454 ret-

567 5479 848 5560 Socratetii
876 5491 932 5560 et_
952 5479 1339 5560 Nicephorum.
1375 5479 1554 5560 Malim
1585 5479 2144 5560 ta'nienscrihercla-rt
2249 5491 2481 5560 publica
2511 5479 2788 5560 Romana.

569 5551 764 5628 καὶ
825 5551 1064 5628 πρῴτου.
1088 5540 1466 5628 :Epiphanius
1524 5540 2145 5628 Scholasticus"legisse

2249 5540 2794 5628 Γίῗέῆῇῥοϐάτιον
2835 5551 3304 5628 εὐνοῦχονλΝοη
3340 5553 3443 5604 hoc
3482 5540 3769 5628 dicit‘Atha-

564 5615 783 5675 videtur
822 5615 1055 5692 πρῶτον.
1090 5615 1186 5676 Sic
1207 5615 1372 5697 enim
1397 5628 1559 5680 vertit
1594 5643 1606 5678 :
1643 5627 1798 5692 Quod
1825 5615 2146 5682 ecclesihsti—
2246 5615 2457 5688 nasiits,
2498 5615 2756 5682 Euzoiqu
2788 5615 3288 5697 operam'iledisse,
3324 5632 3388 5697 ut
3407 5620 3562 5697 pulso
3581 5615 3774 5697 Athana-

565 5706 680 5764 cnm
715 5689 896 5764 pacein
929 5703 1084 5763 atque
1128 5695 1464 5752 concordiam
1496 5706 1586 5754 tua
1629 5689 1854 5762 primum
1885 5700 2144 5757 studuerit
2247 5701 2329 5753 sio
2355 5698 2646 5753 Probatius
2692 5689 2981 5750 eunuchus
3006 5689 3651 5764 cpiscopus_Alexatidri:c
3673 5695 3774 5764 Col]:

565 5762 734 5836 pietas
770 5760 1051 5836 celebrare,
1077 5774 1182 5817 ctc.
1217 5764 1322 5836 Qui
1350 5781 1547 5821 sensus
1569 5760 1674 5820 non
1717 5768 1984 5836 displicui.
2009 5768 2142 5822 Gra-
2245 5770 2596 5832 stituerctur;
2627 5768 2719 5822 sed
2748 5767 2848 5820 hoc
2877 5760 3084 5818 tantum
3111 5760 3240 5816 dicit
3284 5762 3524 5836 Ariauos
3553 5760 3771 5836 porrecj-lfi

567 5831 813 5892 inlinitur
846 5834 988 5887 enim
1029 5836 1268 5905 episcopi
1300 5835 1531 5894 Jmiauo
1589 5829 1942 5906 innatat-ori,
1997 5838 2140 5909 quod
2244 5829 2472 5893 Joviano
2507 5838 2820 5910 imperatori
2866 5837 3064 5892 libellis
3115 5835 3446 5906 postulasse,
3499 5839 3554 5882 ut
3600 5829 3769 5878 rem“!

3564 6015 3590 6048 ο
