4056 6326
336 364 478 420 1308

1213 363 1537 419 HISTORIA
1579 361 2143 419 ECCLESIASTICA.
2180 393 2246 406 —-
2277 363 2403 419 LIB.
2445 365 2533 421 Vl.

3419 365 3567 422 £306

333 475 494 532 τοῦτο
518 475 627 528 τῶν
666 475 808 546 ἀμφὶ
833 474 924 529 τὸν
964 475 1221 542 Εύζώῖον,
1257 478 1484 541 Λούκιός
1513 496 1598 541 τις
1653 477 1900 542 Ἀλεξαν-

2005 478 2177 532 eidem
2215 486 2379 534 sectae
2416 483 2677 546 praeesset
2723 477 2780 533 in
2814 479 2949 537 urbe
2993 477 3345 537 Alexandria.
3397 477 3568 534 Cum-

334 567 499 638 δρεὺς
532 566 593 618 τδ
633 565 789 634 γένος
812 606 828 632 ,
874 566 1242 637 πρεσϐύτερος
1289 568 1397 620 τῶν
1446 569 1596 638 παρὰ
1625 567 1900 638 Γεωργίου

335 658 846 730 χειροτονηθέντων,
873 657 1120 728 πρόσεισι
1151 659 1230 729 τῷ
1249 659 1456 728 βασιλεῖ
1490 659 1622 728 (58).
1648 659 1756 713 Καὶ
1775 658 1904 728 βλαο

341 747 634 817 σφημήσας
661 746 976 801 ’Δθανάσιον
993 747 1068 809 ὡς
1087 750 1145 800 ἐν
1174 746 1251 817 τῷ
1275 747 1450 819 χρόνῳ
1471 749 1570 816 τῆς
1598 748 1902 816 ἐπισκοπῆς

342 836 425 889 ἀεὶ
461 836 675 906 γραφὰς
727 836 1116 906 ὑπομείναντα,
1150 839 1245 890 καὶ
1293 838 1550 901 πολλάκις
1603 837 1902 908 ὑπερορίαν

337 929 505 978 οἰκεῖν
551 925 1009 980 καταδικασθέντα
1060 928 1212 998 παρὰ
1255 927 1360 980 τῶν
1396 923 1502 997 πρό
1539 928 1704 981 αὐτοῦ
1746 927 1901 998 βασι-

337 1017 496 1079 λέων,
525 1016 787 1086 διχονοίας
814 1033 873 1069 τε
904 1017 1031 1087 περὶ
1061 1018 1122 1070 τὸ
1151 1019 1303 1071 Θεῖον
1339 1018 1432 1071 καὶ
1460 1018 1707 1088 ταραχῆς
1732 1017 1902 1071 αἴτιον

337 1105 666 1175 γενόμενον,
705 1104 875 1156 ἐδεῖτο
920 1105 1107 1175 ἐτερον
1142 1107 1256 1159 ἀντ’
1299 1105 1462 1160 αὐτοῦ
1505 1105 1603 1177 τὴν
1655 1106 1904 1170 Ἀλεξαν-

334 1193 507 1264 δρέων
561 1191 886 1263 Ἐκκλησίαν
919 1194 1253 1246 ἐπισκοπεῖν.
1296 1193 1352 1248 Ὀ
1381 1194 1437 1247 δὲ
1475 1194 1728 1269 βασιλεὺς
1755 1195 1903 1267 (ᾔδει

335 1285 446 1354 γὰρ
479 1284 577 1346 τὰς
617 1283 918 1354 Ἀθανασίῳ
956 1284 1078 1338 τότε
1111 1285 1395 1354 συμϐάσας
1445 1285 1780 1353 ἐπιϐουλὰς),
1803 1288 1903 1340 ούκ

337 1377 489 1430 ἔθετο
515 1378 632 1437 ταῖς
669 1375 790 1428 κατ’
819 1374 983 1429 αὑτοῦ
1015 1375 1316 1436 διαϐολαῖς.
1349 1376 1513 1430 Ἀλλὰ
1539 1378 1771 1442 Λούκιον
1804 1379 1902 1448 μὲν

339 1471 437 1523 σὺν
483 1469 714 1540 ἀπειλῇ,
765 1470 996 1540 ἡσυχίαν
1032 1469 1188 1538 ἄγειν
1239 1469 1550 1523 ἐπιτάττει·
1602 1472 1904 1543 Προὸἀτιον

336 1563 395 1616 δέ
450 1563 545 1615 καὶ
574 1563 698 1624 τοὺς
736 1561 872 1631 ἀμφ’
902 1561 1064 1616 αὑτὸν
1099 1560 1411 1631 εὐνούχους,
1453 1563 1528 1626 ὡς
1555 1564 1765 1626 αίτίους
1791 1564 1903 1617 τῶν

338 1653 591 1708 τοιούτων
607 1652 870 1722 θορύϐων,
889 1652 1318 1723 σωφρονισθῆναι
1339 1652 1632 1723 προσέταξε
1651 1653 1782 1724 (59)·
1813 1654 1904 1709 τὸν

333 1744 393 1798 δὲ
422 1742 758 1809 Ἀθανὰσιονι,
811 1741 875 1796 ἐκ
913 1741 1010 1812 τῆς
1057 1741 1177 1794 τότε
1231 1742 1516 1806 συνουσίας
1547 1743 1616 1795 τὰ
1668 1742 1902 1814 μάλιστα

337 1835 490 1904 φίλον
527 1832 674 1903 αύτῷ
711 1833 1022 1901 γενόμενον,
1051 1831 1369 1885 ἀπέστειλεν
1413 1835 1493 1896 είς
1533 1833 1830 1902 Αἴγυπτον,
1868 1829 1902 1907 ᾖ
1935 1817 1978 1875 Β

334 1925 530 1995 ἄριστα
558 1923 708 1994 αύτῷ
733 1922 934 1994 δοκοίη,
966 1923 1066 1986 τὰς
1124 1923 1416 1994 ἐκκλησίας
1461 1924 1556 1976 καὶ
1590 1925 1714 1987 τοὺς
1741 1924 1903 1986 λαοὺς

334 2016 488 2084 ἄγειν
521 2013 818 2078 κελεύσαςι
848 2057 862 2070 .
903 2015 1134 2083 Λέγεται
1161 2014 1269 2085 γὰρ
1305 2016 1386 2078 είς
1435 2014 1574 2082 ἄγαν
1623 2015 1785 2068 αὑτὸν
1837 2008 1904 2084 ἧς

335 2105 479 2176 εἶχεν
499 2106 700 2178 ἀρετῆς
722 2105 1026 2171 ἐπαινέσαι,
1051 2105 1167 2174 βίου
1190 2122 1249 2158 τε
1271 2107 1356 2158 ἐνε
1366 2123 1433 2159 κα
1452 2106 1546 2160 καὶ
1567 2107 1900 2176 φρονήσεως,

333 2197 432 2250 καὶ⁸
467 2197 660 2264 λόγων.
691 2190 818 2248 Ὧδε
849 2196 946 2266 μὲν
973 2195 1081 2248 τῶν
1124 2197 1183 2249 ἐν
1211 2197 1260 2248 Ν
1267 2196 1417 2269 ικαίᾳ
1466 2197 1900 2273 συνεληλυθότων

331 2290 367 2358 ἡ
401 2287 602 2350 πίστις,
637 2286 728 2340 τὸν
767 2288 823 2339 ἐν
873 2286 1022 2356 μέσῳ
1056 2285 1246 2356 χρόνον
1291 2287 1683 2358 πολεμηθεῖσα,
1731 2289 1807 2352 ὡς
1844 2291 1902 2343 ἐν

332 2381 444 2442 τοῖς
479 2377 716 2448 πρόσθεν
749 2376 984 2448 εἴρηται,
1017 2371 1171 2439 αὖθις
1202 2377 1294 2430 ἐπὶ
1321 2377 1422 2446 τῆς
1459 2378 1742 2450 παρούσης
1769 2381 1901 2449 ἡγε-

336 2472 528 2542 μονίας
575 2469 895 2541 ὑπερέσχεν.
932 2470 1046 2524 Ούκ
1085 2471 1168 2536 είς
1215 2469 1429 2541 μακρὰν
1471 2470 1527 2523 δὲ
1572 2471 1670 2540 τῆς
1713 2471 1904 2541 ὁμοίας

331 2563 528 2633 ἔμελλε
562 2562 853 2632 πειρᾶσθαι
883 2564 1149 2633 ταραχῆς.
1201 2563 1288 2624 Ὧς
1327 2561 1470 2614 ἔοικε
1498 2563 1628 2632 γὰρ,
1675 2564 1774 2616 οὐκ
1810 2563 1905 2618 ἐπὶ

336 2655 518 2724 μόνοις
547 2656 658 2717 τοῖς
689 2654 780 2706 ἐπὶ
805 2653 1187 2707 Κωνσταντίου
1213 2654 1276 2722 τῇ
1320 2653 1613 2724 Ἐκκλησία
1638 2654 1899 2724 συμϐᾶσι,

334 2747 512 2817 πέρας
535 2742 679 2816 εἶχεν
704 2749 737 2817 ή
760 2744 852 2798 τοῦ
888 2744 1171 2799 Ἀντωνίου
1194 2745 1289 2798 τοῦ
1316 2745 1552 2815 μοναχοῦ
1568 2746 1870 2818 πρόρρησις
1885 2763 1900 2776 ο

331 2838 449 2891 ἀλλ’
478 2837 719 2891 ἐλείπετο
744 2837 824 2891 ἔτι
855 2837 947 2890 καὶ
983 2837 1052 2890 τὰ
1087 2841 1223 2905 μετά
1259 2836 1429 2890 ταῦτα
1482 2838 1574 2889 ἐπὶ
1605 2837 1904 2900 Οὐάλεντος

332 2930 620 3000 γενόμενα.
649 2931 878 2998 Λέγεται
899 2929 1006 2999 γὰρ
1029 2930 1156 3002 πρὶν
1175 2929 1446 2998 κρατῆσαι
1471 2927 1577 2980 τῶν
1600 2927 1902 2998 ἐκκλησιῶν

331 3023 460 3083 τοὺς
503 3021 610 3074 ἀπὸ
643 3021 741 3090 τῆς
784 3019 993 3090 Ἀρείου
1023 3019 1308 3090 αἱρέσεως,
1355 3017 1446 3070 ἐπὶ
1475 3017 1576 3086 τῆς
1614 3019 1903 3071 Κωνσταν-

331 3111 451 3165 τίου
503 3109 774 3180 βασιλείας
794 3109 926 3180 ὖναρ
978 3110 1104 3163 ίδεϊν
1135 3108 1415 3166 Ἀντώνιον
1439 3107 1586 3178 (60),
1636 3107 1895 3179 ἡμιόνους

330 3203 396 3258 τὸ
443 3203 824 3275 θυσιαστήριον
871 3187 1255 3266 λακτίζοντας,
1307 3200 1401 3254 καὶ
1443 3200 1540 3270 τὴν
1576 3199 1725 3269 ίερὰν
1767 3201 1900 3272 τρά-

332 3293 512 3358 πεζαν
545 3293 944 3364 ἀνατρέποντας
967 3309 979 3322 ·
1006 3292 1098 3348 καὶ
1131 3292 1329 3344 αὐτίκα
1358 3293 1661 3362 προειπεῖν,
1691 3290 1768 3354 ὡς
1795 3291 1903 3345 ὑπὸ

332 3385 507 3439 νόθων
564 3384 658 3438 καὶ
713 3383 1017 3453 ἐπιμίκτων
1063 3382 1345 3453 δογμάτων
1394 3381 1764 3452 καταλήψεται
1803 3383 1903 3454 τὴν

340 3475 674 3547 Ἐκκλησίαν
716 3474 961 3545 ταραχὴ,
1010 3473 1104 3528 καὶ
1144 3473 1468 3545 ἑτεροδόξων
1511 3473 1901 3538 ἐπανάστασις.

345 3567 510 3620 Ἀλλὰ
552 3565 724 3619 ταῦτα
775 3567 875 3636 μὲν
912 3564 1160 3635 ἀψευδῶς
1204 3564 1494 3620 τεθεᾶσθαί
1535 3581 1595 3618 τε
1643 3565 1735 3619 καὶ
1767 3565 1910 3635 είρῆ-

333 3657 482 3717 σθαι,
515 3657 761 3724 ἀπέδειξε
800 3657 870 3719 τὰ
915 3657 1020 3730 πρὸ
1064 3655 1158 3711 τοῦ
1192 3655 1288 3716 καὶ
1337 3654 1477 3728 μετὰ
1517 3654 1694 3713 ταῦτα
1751 3672 1910 3725 γεγε-

330 3749 568 3820 νημένα.

2002 584 2110 638 que
2153 569 2206 622 id
2254 570 2324 624 ab
2357 568 2561 624 Euzoio
2591 581 2906 641 suggestum
2949 573 3163 638 fuisset,
3199 570 3402 624 Lucius
3435 571 3567 639 qui-

2001 659 2128 714 dam
2150 675 2348 730 genere
2376 659 2809 726 Alexandrinus,
2841 678 2982 718 unus
3007 679 3073 718 ex
3102 661 3444 732 presbyteris
3469 661 3565 730 qui

2003 765 2035 804 a
2061 747 2295 821 Georgio
2329 750 2545 805 fuerant
2577 751 2842 820 ordinati,
2869 754 3257 823 imperatorem
3306 751 3463 806 adiit.
3502 752 3568 806 Et

2000 846 2364 902 Athanasium
2396 847 2702 903 maledictis
2747 848 3056 912 incessens,
3089 855 3274 917 utpote
3303 845 3398 915 qui
3449 852 3568 899 toto

2002 939 2348 1008 episcopatus
2391 939 2476 994 sui
2530 949 2794 1009 tempore,
2831 940 2999 994 variis
3025 939 3092 994 de
3121 939 3308 994 causis
3336 952 3566 991 accusa-

2003 1036 2094 1083 tus
2137 1029 2356 1095 fuisset,
2397 1037 2451 1084 et
2496 1045 2526 1084 a
2567 1031 2947 1100 superioribus
2980 1029 3320 1101 principibus
3370 1028 3568 1096 saepius

2004 1119 2298 1176 damnatus
2327 1129 2476 1175 esset
2521 1122 2757 1187 exsilio;
2810 1121 3177 1177 dissensionis
3224 1119 3466 1188 denique
3511 1117 3567 1170 in

2003 1209 2272 1278 religione
2295 1223 2360 1262 ac
2391 1210 2660 1265 tumultus
2689 1219 2884 1265 auctor
2921 1211 3243 1273 exstitisset,
3271 1207 3571 1278 postulavit

2003 1302 2063 1350 ut
2096 1297 2236 1350 alter
2284 1296 2674 1353 Alexandrinae
2719 1297 2980 1353 Ecclesiae
3015 1299 3308 1368 episcopus
3362 1298 3416 1352 in
3448 1295 3571 1364 ejus

2003 1383 2163 1454 225
2197 1385 2373 1438 locum
2393 1385 3014 1457 subrogaretur.Verum
3034 1388 3352 1458 imperator,
3371 1386 3572 1455 quippe

2004 1479 2095 1546 qui
2138 1476 2306 1546 probe
2341 1485 2526 1532 nosset
2567 1477 2803 1533 insidias
2833 1493 2955 1547 quae
2985 1486 3118 1532 tunc
3152 1476 3370 1532 fuerant
3400 1476 3571 1530 Atha~

2004 1569 2157 1623 nasio
2181 1576 2539 1637 comparatae,
2565 1567 2794 1637 prolatis
2827 1568 2880 1622 in
2916 1583 3041 1623 eum
3084 1567 3372 1622 calumniis
3397 1563 3576 1619 haud-

2003 1673 2278 1729 quaquam
2325 1673 2589 1714 assensus
2627 1665 2732 1712 est.
2775 1657 2880 1713 Sed
2925 1656 3094 1712 Lucio
3123 1659 3342 1728 quidem
3397 1657 3576 1711 inter-

2005 1751 2268 1814 minatus,
2301 1751 2561 1820 praecepit
2611 1759 2671 1802 ut
2699 1749 3032 1818 quiesceret.
3082 1747 3396 1802 Probatium
3444 1760 3576 1802 vero

2005 1849 2060 1896 et
2082 1842 2330 1910 reliquos
2359 1841 2642 1897 etmuchos
2671 1840 2858 1910 palatii
2889 1841 2998 1903 sui,
3027 1838 3342 1908 hujusmodi
3371 1838 3574 1892 tumul-

2004 1939 2158 1985 tuum
2191 1942 2471 1996 auelores,
2492 1932 2754 2001 castigari
2777 1931 2966 2000 jussit.
2991 1929 3350 1984 Athanasium
3369 1937 3574 1996 autem,

2003 2040 2162 2095 quem
2191 2039 2524 2093 congressus
2557 2025 2662 2078 iste
2693 2023 3080 2077 charissimum
3104 2022 3206 2092 ipsi
3239 2020 3574 2082 reddiderat.

2003 2115 2058 2170 in
2104 2113 2402 2185 Egyptum
2448 2113 2705 2178 remisit,
2757 2113 3021 2168 ecclesias
3056 2122 3111 2168 et
3145 2111 3396 2182 populos,
3435 2109 3579 2164 sicut

2003 2203 2107 2274 ipsi
2155 2205 2422 2274 Optimum
2473 2203 2618 2257 factu
2652 2203 2950 2267 videretur.
3000 2218 3187 2274 regere
3233 2201 3570 2272 permittens.

1991 2295 2219 2351 Etenim
2255 2309 2380 2349 eum
2421 2295 2599 2348 virum
2650 2308 2982 2365 magnopere
3031 2294 3286 2349 laudasse
3346 2292 3577 2354 dicitur,

2002 2397 2118 2441 ttun
2165 2387 2234 2441 ob
2285 2385 2544 2440 virtutem
2575 2401 2697 2456 qua:
2732 2387 2788 2440 in
2835 2387 2928 2441 illo
2963 2385 3162 2449 inerat,
3194 2393 3309 2438 tum
3341 2383 3411 2438 ob
3454 2382 3580 2435 vitae

2001 2479 2375 2549 integritatem
2407 2486 2461 2531 et
2490 2475 2837 2547 prudentiam
2863 2483 3029 2546 atque
3049 2474 3386 2529 doctrinam.
3421 2471 3580 2526 Hunc

2002 2570 2057 2625 in
2103 2568 2326 2624 modum
2364 2566 2499 2622 ﬁdes
2525 2568 2914 2637 episcoporum
2945 2567 3038 2636 qui
3069 2565 3265 2621 Nicaeae
3292 2565 3423 2620 olim
3458 2564 3578 2618 fue-

2001 2671 2127 2716 rant
2157 2659 2498 2730 congregati,
2532 2674 2656 2714 cum
2693 2659 2977 2728 aliquanto
3007 2668 3275 2727 tempore,
3299 2659 3378 2712 uti
3410 2673 3576 2726 supra

2000 2754 2263 2818 diximus,
2310 2761 2623 2823 oppugnata
2671 2752 2888 2820 fuisset,
2937 2753 3041 2809 sub
3092 2753 3196 2808 hoc
3245 2753 3580 2822 imperatore

2000 2844 2198 2900 iterum
2224 2844 2480 2912 superior
2520 2842 2643 2897 fuit.
2675 2841 2877 2898 Verum
2909 2842 3072 2912 paulo
3113 2850 3238 2912 post
3275 2857 3386 2897 non
3413 2841 3581 2896 dissi-

2001 2935 2188 2989 milem
2228 2942 2523 3004 expertura
2554 2944 2673 2989 erat
2701 2934 3190 3005 perturbationem.
3226 2931 3442 2987 Etenim
3469 2933 3580 2985 An-

2001 3025 2135 3080 tonii
2177 3025 2430 3079 monachi
2480 3025 2782 3096 praedictio,
2835 3039 2945 3078 non
2994 3024 3050 3078 in
3101 3023 3170 3078 iis
3221 3024 3404 3078 solum
3453 3035 3578 3092 quae

1925 3137 1970 3199 ρ
1999 3116 2309 3172 Constantii
2345 3117 2660 3188 principatu
2709 3115 2974 3171 Ecclesiis
3004 3114 3380 3182 contigerant,
3415 3112 3576 3166 ﬁnem

1999 3209 2243 3278 accepit,
2298 3206 2393 3262 sed
2445 3213 2774 3276 supererant
2831 3205 3012 3259 adhuc
3059 3218 3122 3260 ea
3173 3218 3296 3273 qua:
3333 3200 3580 3258 Valentis

1998 3299 2338 3370 temporibus
2395 3307 2548 3368 gesta
2595 3305 2744 3353 sunt.
2807 3295 3016 3352 Ferunt
3069 3297 3260 3358 enim,
3313 3302 3583 3365 regnante

2003 3391 2356 3456 Constantio,
2387 3389 2706 3458 priusquam
2733 3389 2922 3442 Ariani
2952 3387 3218 3443 ecclesias
3238 3387 3581 3447 obtinerent,

2003 3477 2302 3534 Antonium
2341 3476 2396 3530 in
2433 3477 2644 3532 somnis
2690 3475 2898 3531 vidisse
2941 3476 3141 3530 multos
3196 3475 3357 3530 altari
3407 3475 3582 3530 insul-

2011 3575 2213 3633 tantes,
2253 3577 2308 3623 et
2343 3582 2556 3623 sacram
2598 3582 2842 3623 mensam
2882 3574 3238 3622 avertentes:
3287 3565 3584 3635 statimque

2014 3658 2336 3730 praedixisse
2385 3657 2629 3712 futurum
2679 3668 2739 3714 ut
2797 3674 2865 3713 ex
2913 3659 3242 3714 adulterinis
3297 3659 3586 3727 mistisque

2016 3749 2357 3822 dogmatibus
2409 3751 2750 3820 perturbatio
2800 3748 3105 3807 Ecclesiam
3155 3760 3472 3821 occuparet,
3530 3756 3587 3804 et

1506 3928 1777 3986 VALESII
1816 3926 2259 3985 ANNOTATION
2266 3929 2368 3986 ES.

332 4019 659 4092 Athanasio,
706 4019 846 4092 alius
879 4020 1220 4092 Alexandria;
1257 4031 1538 4092 crearetur
1593 4023 1906 4092 episcopus,

333 4091 594 4162 omnibus
651 4091 830 4146 modis
861 4091 1144 4147 studentes
1194 4102 1252 4145 ut
1285 4091 1490 4162 Lucius
1544 4091 1822 4162 presbyter
1856 4091 1910 4144 in

333 4162 461 4230 ejus,
481 4161 659 4231 locum
679 4162 1087 4231 subrogaretur.
1117 4162 1362 4231 Cumque
1380 4177 1409 4214 a
1435 4159 1663 4216 Joviano
1695 4159 1910 4231 semper

335 4230 545 4298 repulsi
575 4239 779 4293 essent,
816 4230 1127 4285 interventu
1161 4230 1344 4284 Euzoii
1379 4231 1762 4286 Antiochensis
1795 4230 1911 4297 epi-

335 4301 514 4370 scopi,
560 4309 821 4370 rogarunt
882 4300 1200 4353 Prohatium
1248 4300 1595 4363 Eunuchum,
1657 4309 1712 4354 ut
1775 4301 1909 4367 ipsis

337 4373 482 4438 apud
518 4371 896 4439 imperatorem
931 4370 1336 4438 sull‘ragaretur.
1394 4370 1548 4434 Quod
1579 4385 1701 4424 cum
1735 4370 1909 4438 impe-

2014 4031 2068 4075 et
2101 4023 2462 4078 Bernicianus
2499 4021 2685 4076 Ariani
2715 4018 2946 4074 Joviano
2992 4018 3230 4088 principi
3257 4018 3582 4072 obtulerunt

2015 4091 2323 4146 Antiochiae
2357 4102 2548 4146 contra
2575 4091 2958 4154 Athanasium,
2992 4097 3209 4143 exstant
3239 4088 3291 4140 in
3316 4095 3463 4140 torno
3496 4103 3585 4142 se-

2013 4161 2195 4214 cundo
2249 4160 2485 4229 Operum
2535 4159 2863 4229 Athanasii,
2897 4157 3283 4229 sedgpessime
3333 4158 3585 4229 conversi

2015 4230 2069 4283 in
2127 4226 2382 4285 Latinum
2438 4245 2769 4286 sermonem.
2825 4228 2957 4281 Nam
3019 4227 3293 4295 interpres
3333 4226 3584 4295 ἐντυχίαν

2016 4311 2284 4369 perpetuo
2319 4301 2717 4371 interpretatur
2751 4297 3134 4371 colloquium,
3186 4311 3312 4371 cum
3339 4296 3582 4371 libellum

2016 4366 2239 4438 precum
2285 4366 2500 4425 vertere
2561 4369 2860 4424 debuisset.
2910 4366 2964 4421 Id
3019 4368 3166 4421 enim
3215 4366 3453 4438 signica_t_
3477 4380 3586 4420 vox

337 4435 494 4494 rator
527 4435 856 4503 rescivisset,
909 4435 1199 4506 eunuchos
1233 4439 1597 4494 cubicularios
1651 4435 1905 4509 compre-
1939 4435 2220 4502 DGrarea,
2286 4448 2344 4494 ut
2423 4439 2712 4495 observavi
2781 4439 2836 4492 in
2901 4435 3351 4492 annotationibus
3415 4435 3588 4490 Euse-

339 4509 505 4563 heudi
540 4520 591 4561 et
644 4510 931 4563 tormentis
972 4509 1164 4575 subjici
1189 4511 1352 4578 jussit
1382 4525 1504 4561 cum
1553 4511 1654 4579 hoe
1678 4511 1854 4579 elogio
1887 4523 1903 4563 :

338 4579 599 4646 Quisquis
623 4579 832 4632 libellos
851 4579 1044 4633 oﬂ'erre
1075 4581 1302 4632 voluerit
1329 4587 1519 4632 contra
1537 4578 1903 4642 ChriSIianos,

339 4649 442 4703 has
507 4663 694 4715 punias
750 4647 908 4702 ferat.
983 4647 1158 4702 Verba
1210 4650 1493 4701 Athanasii
1537 4649 1649 4702 haec
1709 4658 1836 4702 sunt
1889 4665 1901 4700 :

341 4719 454 4772 Καὶ
493 4717 558 4768 δι’
599 4717 833 4788 Εύζωῖου
873 4718 1109 4788 ἠξίωσαν
1132 4719 1256 4788 τοὺς
1289 4719 1754 4788 περὶίῐροϐἀτιον,
1780 4719 1906 4781 τοὺς

337 4788 615 4874 διαδόχους
655 4787 911 4874 Εύσεὸίου
946 4789 1039 4872 καλς
1083 4787 1404 4874 Βαρδίωνος,
1437 4787 1562 4850 τοὺς
1601 4787 1906 4874 εὐνούχους,

337 4859 418 4931 ᾡς
479 4857 564 4931 ἵνα
621 4859 929 4931 συστάσεως
975 4858 1210 4931 τύχωσιν
1270 4858 1572 4931 οίῗᾶπισεοι
1606 4857 1903 4931 -ᾊρειανοί,

339 4927 512 4992 Quem
547 4929 720 4980 locum
755 4930 1023 4996 interpres
1046 4927 1156 4980 non
1187 4927 1472 4981 intellexit.
1499 4927 1575 4980 Ex
1606 4928 1691 4983 his
1725 4935 1906 4980 autem

338 4998 528 5050 verbis
557 4999 864 5066 colligimus
903 4999 1220 5052 Probatium
1249 4997 1418 5051 fuisse
1450 4999 1796 5065 praepositum
1820 5011 1908 5049 sa-

340 5067 422 5189 giri
451 5067 726 5188 cullvliculi;
758 5068 915 5135 cujus
944 5068 1133 5122 crebra
1179 5066 1238 5119 ﬁt
1265 5068 1468 5121 mentio
1511 5069 1578 5121 ab
1618 5066 1908 5120 Ammiano

401 5150 525 5188 arce
572 5151 678 5188 mo.

401 5150 678 5188 arceluno.

417 5205 529 5275 (‘08)
562 5208 842 5274 Πρόσεισι
887 5206 967 5270 τῷ
999 5204 1265 5270 βασιλεῖ.
1296 5204 1488 5260 Libelli
1519 5220 1658 5274 quos
1710 5204 1910 5260 Lucius

2012 4510 2214 4565 biauis.

2086 4581 2196 4649 (59)
2237 4577 2726 4648 Σωφῳνισθῆναι
2777 4575 3132 4649 προσέταξε.
3196 4574 3350 4649 llunc
3400 4576 3585 4649 locum

2012 4645 2126 4703 non
2167 4645 2560 4703 intelleserunt
2604 4645 2956 4717 interpretes.
3002 4647 3286 4717 Musculus
3325 4647 3472 4698 enim
3509 4645 3584 4697 ita

2012 4719 2211 4772 vertit:
2253 4717 2510 4786 Prcecepit
2544 4714 2833 4788 imperator
2854 4727 2911 4770 ut
2947 4715 3016 4788 ad
3051 4714 3316 4788 meliorem
3362 4724 3587 4788 mentem

2015 4788 2267 4844 redirent.
2331 4783 2508 4857 Atque
2557 4783 2628 4841 ita
2683 4788 2796 4842 fere
2849 4786 3413 4857 Christopborsonus.
3473 4783 3582 4857 Sed

2013 4867 2227 4913 vertere
2276 4853 2583 4912 debuerant
2611 4858 2877 4910 verberari
2921 4855 3188 4924 pracepit.
3235 4855 3293 4907 ιιι
3328 4855 3474 4907 enim
3496 4853 3584 4924 psi-

2013 4928 2238 4998 gniﬁcat
2269 4931 2494 4982 verbum
2528 4926 2982 4998 σωφρονισθῆναι,
3020 4923 3280 4994 υίευρηι
3324 4940 3390 4978 ex
3420 4923 3591 4976 Atha-

2015 4999 2172 5052 nasio
2205 4999 2566 5052 ostendimus.
3080 5061 3083 5062 ν
3583 5059 3586 5062 ,

2087 5067 2198 5141 (60)
2242 5070 2425 5141 Ὄκαρ
2471 5067 2630 5141 ἰδεῖν*Δ
2664 5061 3481 5141 Ἀντωνίον..Ιίιῇιιεγίεἱοῃίε
3523 5075 3590 5141 ac

2014 5134 2394 5205 premamus
2417 5139 2559 5192 beati
2603 5136 2830 5189 Antonii
2864 5134 3116 5190 meminit
3155 5134 3496 5188 Athanasius
3533 5134 3590 5184 in

2012 5208 2134 5276 ejus
2169 5206 2310 5263 Vita.

1801 5381 2193 5438 VARIORUM.

420 5485 436 5521 ί
487 5482 596 5544 Τὰς
631 5480 960 5547 ἐκκλησίας
992 5481 1090 5532 καί
1127 5479 1266 5544 τοὺς
1294 5475 1481 5547 λαοὺς
1505 5476 1672 5545 ἄγειν
1700 5478 1907 5530 κελεύ-

337 5563 482 5615 σας.
518 5551 645 5602 Λύει
680 5550 774 5619 μὲν
804 5546 911 5613 τοῖς
952 5549 1267 5611 ἐπισκόποις
1305 5548 1402 5627 τὴν
1436 5546 1671 5627 saepiat),
1710 5550 1822 5610 τοῖς
1851 5560 1911 5627 Fs

344 5622 523 5681 ἄλλοις
555 5617 724 5671 ἅπασι
750 5660 764 5681 ,
814 5622 903 5671 καὶ
935 5621 1041 5689 πρὸ
1074 5620 1285 5671 πάντων
1317 5617 1392 5685 τῷ
1426 5617 1530 5689 πρὸ
1565 5617 1782 5689 πᾲντων
1812 5617 1912 5689 τὴν

343 5690 577 5761 ἀρετὴν,
647 5691 740 5761 καὶ
775 5686 1054 5761 προδήλως
1098 5689 1237 5761 ὑπερ
1277 5689 1378 5761 τῆς
1422 5686 1701 5761 εὐσεϐείας
1749 5687 1915 5761 -πολεο

351 5756 598 5832 μηθέντι.
642 5756 1128 5831 inquit-Gregorius
1161 5758 1555 5823 Nazianzenus,
1588 5757 1694 5813 i.e.
1735 5756 1914 5811 Iovia-

2019 5492 2115 5529 nus
2151 5476 2388 5529 ercsulum
2428 5478 2787 5545 episcoporum
2823 5474 3153 5550 revocatione
3198 5471 3475 5550 imperium
3508 5476 3588 5550 est

2021 5548 2351 5612 auspicatus.
2376 5541 2506 5600 Ante
2539 5541 2713 5601 omnes
2745 5557 2919 5599 autem
2948 5541 3298 5616 Athanasium
3330 5541 3582 5616 restituit,

2021 5611 2378 5685 quionmibus
2405 5618 2592 5670 virtute
2615 5617 2937 5682 prrestabat,
2985 5623 3031 5665 et
3071 5628 3162 5678 pro
3207 5611 3400 5675 pietate
3425 5645 3439 5672 .
3479 5611 3589 5663 sine

2024 5686 2138 5740 ulla
2175 5687 2524 5754 dubitatione,
2560 5698 2883 5756 oppugnatus
2917 5685 3104 5737 fuerat.
