4056 6326
604 379 742 438 1307

2061 376 2407 437 ΒΟΖΟΜΕΝΙ

3660 396 3760 454 1508

602 496 844 551 lnerctici
887 495 1233 551 rebellionem
1265 494 1590 550 excitarent.
1625 490 1732 547 Sed
1781 490 1897 547 haec
1941 492 2164 561 quidem
2204 492 2497 549 verissime
2525 493 2716 550 abillo
2746 494 2861 549 visa
2896 503 2950 549 ct
2989 492 3253 564 praedicta
3285 492 3466 561 fuisse,
3522 512 3577 554 ex
3628 503 3680 558 iis
3702 522 3763 563 re.

603 588 706 643 bus
731 604 850 659 quae
872 599 997 643 ante
1025 589 1127 643 hoc
1150 597 1387 658 tempus,
1405 594 1458 642 et
1479 600 1601 656 quae
1632 593 1822 656 postea
1839 583 1994 640 factae
2017 593 2169 649 sunt,
2215 585 2351 641 satis
2383 584 2722 642 declaratum
2751 592 2855 642 est.

1247 678 1399 735 CAP.
1431 677 1520 733 VI.

600 768 751 823 Mors
789 771 1121 836 imperatoris
1145 769 1397 825 Ioviani:
1438 779 1487 824 et
1527 770 1592 823 de
1630 770 1739 824 vita
1779 769 2167 836 Valentiniani,

667 841 881 913 ejusque
920 841 1046 908 forti
1087 844 1265 896 animo
1306 842 1359 894 in
1398 842 1593 913 pietate
1641 840 1936 913 servanda:
1977 851 2027 895 et
2065 859 2167 913 quo

669 910 820 963 modo
869 913 936 964 ad
976 913 1256 977 imperium
1295 921 1497 964 evectus
1539 911 1629 971 sit,
1665 920 1715 965 et
1758 910 2023 965 Valentem
2053 911 2168 979 fra-

670 989 799 1032 trem
819 980 887 1032 ad
905 981 1108 1046 imperii
1132 983 1456 1035 consortium
1487 981 1760 1035 asciverit:
1781 990 1830 1035 et
1878 980 1943 1036 de
1967 986 2166 1037 utrius-

667 1065 765 1118 que
796 1067 999 1103 morum
1028 1051 1485 1104 dissimilitudine.

665 1138 840 1193 Porro
865 1139 1153 1208 Jovianus,
1186 1150 1310 1195 octo
1357 1142 1581 1196 circiter
1619 1141 1904 1197 mensibus
1940 1142 2169 1211 imperio

596 1228 1095 1300 perfunctus,dum
1128 1229 1660 1300 Constantinopolim
1699 1230 2165 1301 proficisceretur,

599 1320 1066 1391 Dadastanis,,qui
1111 1324 1267 1380 vicus
1310 1331 1397 1378 est
1434 1320 1705 1394 Bithyniae
1736 1324 1791 1378 in
1825 1324 1912 1378 via
1942 1325 2167 1379 militari

596 1412 760 1477 situs,
791 1414 1073 1482 repentina
1105 1421 1284 1469 morte
1312 1413 1520 1469 interiit
1550 1414 1607 1468 ιε
1640 1414 1755 1469 sive
1791 1415 1938 1483 quod
1970 1416 2169 1470 intem-

596 1505 901 1574 pcrantius,
936 1512 993 1558 ut
1040 1506 1260 1575 quidam
1310 1507 1486 1571 aiunt,
1532 1515 1884 1574 cumaverat,
1922 1523 2017 1563 seu
2057 1524 2169 1579 prie

598 1595 764 1650 odore
793 1596 1031 1650 cubiculi
1067 1599 1120 1651 in
1151 1612 1263 1666 quo
1288 1597 1670 1661 decumhebat,
1705 1613 1898 1654 recens
1924 1601 2074 1655 calce
2104 1601 2170 1655 il-

595 1685 701 1741 liti.
732 1685 918 1743 Multis
951 1687 1098 1744 enim
1140 1689 1496 1752 carbonibus,
1539 1695 1729 1759 utpote
1758 1689 1988 1745 hiberno
2018 1697 2170 1745 tem-

596 1791 750 1847 pore,
787 1779 996 1847 teporis
1040 1778 1219 1849 gratia
1266 1778 1337 1833 ibi
1373 1779 1644 1843 accensis,
1674 1794 1845 1849 vapor
1874 1781 2166 1848 excitatus,

593 1876 649 1922 et
676 1870 910 1937 parietes
940 1884 1108 1938 supra
1136 1868 1360 1923 modum
1388 1869 1683 1925 madefacti
1715 1869 1954 1925 fuerant.
1997 1870 2169 1927 Exer-

595 1959 738 2013 citus
765 1974 914 2025 vero,
950 1973 1073 2012 cum
1102 1957 1340 2014 Nicaeam
1374 1958 1642 2030 Bithynia
1671 1963 1933 2030 venisset,
1965 1962 2168 2018 Valen-

2197 683 2245 740 Α

2871 677 3122 732 ΚΕΦΑΛ.
3166 677 3260 744 ς’.

2276 767 2542 844 Θάνατος
2578 769 3009 844 Vedius-017,7”!
3028 768 3173 844 περὶ
3201 769 3307 824 τοῦ
3330 771 3466 844 ,βίου
3492 773 3577 844 καὶ
3596 774 3684 843 τῆς
3703 781 3766 844 εἰς

2347 838 2498 914 ρεὸν
2516 839 2922 914 παρῤησωςρ
2930 839 3384 914 ῥαλεντινιᾳνοῇ
3404 857 3418 871 ·
3440 843 3529 914 καί
3559 838 3685 909 dator
3704 838 3766 914 sli;

2339 909 2672 973 ,βασιλειαν
2695 908 3058 977 προεϐλήθη,
3076 910 3173 980 καὶ
3197 909 3305 980 τὸν
3319 909 3560 980 ἀδελφὸν
3574 908 3767 968 Obiter;

2344 994 2419 1053 ζα
2464 981 2937 1053 συμϐασιλεύειν
2978 977 3138 1044 αὐτῷ
3177 979 3401 1034 εἵλετο·
3427 977 3517 1035 καὶ
3555 985 3766 1053 περὶτῆς

2343 1046 2632 1118 διαφορᾶς
2654 1047 3020 1117 ἀμφοτέρων.

2358 1139 2415 1191 '0
2439 1138 2496 1191 δὲ
2539 1138 2795 1201 Ἰοὸιανδς
2823 1138 2968 1210 ἀμφὶ
3008 1137 3155 1192 ὀκτὼ
3196 1140 3370 1210 μῆνας
3398 1143 3454 1195 ὲν
3492 1145 3552 1215 τῇ
3582 1143 3769 1215 βασιλείᾳ

2273 1228 2689 1300 διαγενόμενος,
2723 1230 2902 1284 ἀπιὼν
2949 1230 3042 1284 ἐπὶ
3100 1232 3199 1300 τὴν
3249 1231 3769 1300 Κωνσταντινούπολιν,

2275 1319 2534 1390 ἐξαπίνης
2584 1321 2644 1374 ὲν
2698 1320 3059 1384 Δαδαστάνοις
3090 1322 3279 1392 χωρίῳ
3300 1321 3398 1391 τῆς
3433 1321 3649 1386 Βιθυνίας
3682 1324 3769 1377 καθ’

2273 1410 2389 1464 ὁδὸν
2426 1408 2778 1480 ἐτελεύτησεν
2796 1425 2813 1440 ο
2854 1410 2886 1481 ἢ
2911 1409 3310 1481 ἀφειδέστερον,
3337 1409 3411 1473 ῶς
3434 1425 3563 1472 τινες
3585 1409 3770 1476 λέγουσι,

2273 1500 2569 1572 δειπνήσας
2595 1517 2609 1533 ο
2645 1500 2679 1571 ἢ
2710 1500 2814 1554 ὑπὸ
2865 1501 2965 1572 τῆς
3015 1500 3184 1570 ὀδμῆς
3229 1500 3321 1552 τοῦ
3377 1503 3639 1572 οἰκήματος
3676 1496 3775 1570 ὲνῷ

2273 1591 2582 1657 ἐκάθευδεν,
2609 1591 2859 1661 ἀσϐέστῳ
2901 1591 3229 1661 προσφάτως
3258 1591 3626 1662 ὲγχρισθέντος.
3663 1592 3776 1646 Ἐπι-

2273 1683 2525 1754 γενέσθαι
2572 1683 2683 1754 γὰρ
2736 1682 2959 1755 ἰκμάδα,
3007 1683 3103 1736 καὶ¹
3143 1682 3447 1753 νοτισθῆναι
3480 1684 3592 1745 τοὺς
3615 1684 3778 1753 τοίχους

2273 1777 2527 1848 ἀμέτρως
2551 1816 2566 1842 ,
2599 1774 2811 1830 πολλῶν
2842 1774 3131 1846 ἀνθράκων
3173 1773 3364 1828 αὐτόθι
3410 1774 3778 1845 καιομένων,ιῖ›ς

2273 1867 2333 1920 ἐν
2361 1866 2480 1939 ὥρᾳ
2509 1866 2778 1938 χειμῶνος
2827 1866 2916 1920 διὰ
2960 1865 3061 1938 τὴν
3108 1864 3299 1919 ἀλέαν.
3341 1863 3486 1917 Ἐπεὶ
3512 1865 3561 1918 δὲ
3601 1866 3667 1928 εἰς
3703 1866 3777 1917 Ni-

2274 1977 2436 2014 καιαν
2463 1961 2561 2029 τῆς
2590 1959 2841 2023 Βιθυνίας
2865 1958 3093 2028 ἀφίκετο
3119 1959 3151 2028 ἡ
3180 1958 3427 2028 στρατιά,
3460 1956 3780 2027 ἀναγορεύουσι

595 2051 865 2105 tinianum
915 2051 1296 2121 imperatorem
1347 2054 1731 2118 renuntiavit,
1781 2055 1961 2109 virum
2006 2056 2167 2128 226

2276 2051 2505 2122 βασιλέα
2532 2050 2997 2114 Οὐαλεντινιανὸν,
3036 2047 3204 2119 ἄνδρα
3242 2047 3442 2114 ἀγαθὸν
3466 2049 3551 2101 καὶ
3577 2049 3772 2116 τῆςήγε.

594 2142 861 2212 optimum
906 2150 963 2198 et
1012 2142 1245 2214 imperio
1291 2143 1696 2216 dignissimum.
1751 2145 1801 2200 Is
1846 2148 1992 2201 enim
2040 2156 2170 2203 tunc

595 2233 810 2299 aderat,
846 2232 916 2288 ab
956 2234 1154 2290 exsilio
1190 2249 1467 2292 reversus.
1526 2233 1663 2289 Nam
1711 2233 1985 2300 Julianus,
2042 2251 2169 2292 cum

596 2334 863 2375 summam
913 2322 1128 2392 imperii
1165 2321 1464 2391 obtineret,
1510 2324 1664 2378 illum
1717 2332 1848 2379 tunc
1889 2324 2170 2380 tribunum

597 2411 832 2481 legionis
873 2409 1229 2481 Iovianorum
1263 2414 1460 2468 militia
1517 2422 1764 2481 exuerat,
1815 2422 1869 2470 et
1907 2424 2171 2486 perpetuo

595 2503 793 2557 exsilio
838 2502 1225 2568 damnaverat:
1274 2503 1459 2573 specie
1494 2503 1742 2574 quidem,
1791 2504 1940 2576 quod
1972 2505 2170 2562 milites

597 2608 729 2649 suos
767 2595 1019 2663 proelium
1052 2610 1177 2653 cum
1213 2594 1373 2652 hoste
1404 2596 1641 2655 inituros
1685 2611 1795 2651 non
1841 2603 1989 2653 recte
2019 2599 2169 2655 ordi-

595 2690 854 2737 naverat:
886 2698 1076 2737 revera
1109 2684 1401 2750 autem,oh
1431 2685 1744 2755 hujusmodi
1768 2700 2013 2743 causam.
2034 2686 2169 2742 Cum

594 2771 848 2830 Julianus
881 2775 1060 2829 adhuc
1108 2775 1166 2830 in
1200 2774 1391 2832 Galliis
1438 2785 1771 2845 moraretur,
1821 2777 2171 2834 sacrificandi

597 2879 764 2919 causa
797 2866 1057 2936 templum
1091 2867 1363 2937 quoddam
1392 2867 1677 2938 ingressus
1710 2876 1813 2924 est.
1852 2868 2171 2924 Comitaba-

597 2965 689 3011 tur
726 2956 880 3012 illum
909 2958 1053 3013 inter
1089 2969 1318 3025 caeteros
1343 2956 1785 3016 Valentinianus.
1820 2961 1987 3016 Vetus
2022 2962 2168 3016 enim

595 3065 718 3105 mos
748 3060 865 3105 erat
899 3050 1042 3120 apud
1073 3051 1371 3117 Romanos,
1399 3063 1458 3106 ut
1491 3053 1699 3107 tribuni
1731 3050 2089 3108 Jovianorum
2118 3060 2172 3108 et

517 3154 521 3157 ‘
594 3140 1054 3199 llercnlianorum
1103 3143 1194 3213 (hi
1240 3151 1367 3199 sunt
1416 3144 1628 3201 numeri
1664 3147 1719 3201 in
1764 3146 2011 3201 exercitu
2064 3145 2173 3201 Ro-

596 3249 759 3290 mano
803 3235 1154 3302 nobilissimi,
1209 3252 1443 3307 quorum
1485 3238 1625 3293 alter
1663 3253 1692 3292 a
1738 3237 1891 3304 Jove,
1925 3241 2065 3293 alter
2103 3239 2171 3294 ab

2273 2142 2463 2213 μονίας
2490 2141 2658 2207 ἄξιον.
2700 2141 2899 2211 Ἔτυχε
2944 2139 3001 2193 δὲ
3047 2139 3171 2191 τότε
3206 2137 3399 2209 παρὼν
3423 2136 3521 2190 ἀπὸ
3545 2136 3632 2205 τῆς
3655 2136 3783 2202 brep-

2269 2233 2425 2305 ορίας
2451 2232 2648 2304 φυγῆς.
2673 2231 2905 2300 Λέγεται
2930 2231 3057 2302 γὰρ,
3084 2229 3160 2293 ὡς
3181 2229 3346 2300 ἡνίκα
3374 2228 3631 2292 Ἰουλιανὸς
3655 2226 3783 2296 ἐκρά-

2268 2341 2352 2377 τει
2392 2323 2699 2394 Ῥωμαίων,
2718 2320 3210 2393 συνταγματάρχην
3229 2319 3394 2374 αὑτὸν
3412 2319 3531 2373 ὄντα
3550 2317 3630 2371 τοῦ
3658 2333 3785 2369 κατα-

2268 2414 2429 2484 λόγου
2459 2405 2595 2467 Ῑτῶν
2652 2413 3002 2484 καλουμένων
3068 2411 3341 2466 Ἰοϐιανῶν
3368 2450 3383 2470 ,
3416 2411 3510 2482 τῆς
3559 2407 3788 2481 στρατείας

2269 2506 2575 2573 ἀπεώσατο,
2602 2505 2696 2559 καὶ
2728 2505 2881 2576 ἀϊδίῳ
2911 2507 3055 2576 φυγῇ
3088 2504 3387 2575 ἐζημίωσε·
3423 2503 3666 2574 πρόφασιν
3692 2500 3784 2571 μὲν,

2269 2598 2346 2662 ὡς
2368 2598 2427 2651 οὐ
2456 2598 2679 2661 δεόντως
2710 2595 2866 2663 ἔταξε
2895 2602 3021 2661 τοὺς
3050 2597 3142 2649 ὑπ’
3173 2596 3338 2650 αὐτὸν
3366 2592 3669 2666 στρατιώτας
3687 2589 3789 2661 πρὸς

2269 2689 2395 2752 τοὺς
2431 2688 2751 2759 πολεμίους’
2783 2689 2845 2742 τὸ
2871 2689 2914 2743 δ’
2946 2686 3164 2758 ἀληθὲς,
3200 2685 3472 2741 ἐντεῦθενο
3499 2682 3606 2736 Ἐτι
3631 2682 3788 2749 διάγων

2283 2781 2574 2844 Ἰουλιανὸς
2610 2782 2670 2835 ὲν
2718 2783 2833 2843 τοῖς
2880 2780 3019 2848 πρὸς
3061 2778 3212 2833 δύσιν
3267 2778 3565 2841 Γαλάταις,
3589 2769 3702 2846 ἧκεν
3733 2771 3791 2834 εἰς

2269 2889 2389 2926 τινα
2416 2872 2541 2926 ναὸν
2582 2873 2760 2927 θύσων
2778 2889 2793 2904 ο
2812 2873 2977 2942 συνῆν
2996 2871 3053 2925 δὲ
3083 2870 3233 2942 αὑτῷ
3274 2872 3375 2925 καὶ
3397 2862 3787 2924 Οὐαλεντινιανός·

2270 2963 2391 3027 ἔθος
2439 2963 2549 3035 γάρ
2601 2964 2828 3018 παλαιὸν
2891 2963 3210 3034 Ῥωμαίοις,
3251 2963 3346 3016 τὸν
3401 2959 3675 3032 ἡγούμενον
3714 2954 3793 3008 τῶν

2270 3053 2540 3109 ἰοὸιανῶν
2565 3055 2659 3109 καὶ
2698 3054 3099 3125 Ἑρκουλιανῶν
3133 3053 3420 3124 (τάγματα
3464 3051 3518 3104 δὲ
3543 3047 3692 3103 ταῦτα
3712 3043 3793 3097 τῶν

2270 3149 2330 3200 ὲν
2380 3146 2524 3218 λόγῳ
2551 3147 2917 3221 στρατιωτῶν,
2947 3144 3010 3200 τὸ
3061 3146 3160 3216 μὲν
3182 3146 3280 3214 ἀφ’
3322 3143 3660 3216 Ἡρακλέους,
3685 3137 3732 3190 τδ
3753 3135 3796 3188 δὲ

2271 3233 2378 3287 ἀπὺ
2401 3233 2520 3296 Διὸς
2542 3233 2773 3305 λαχόντα
2783 3235 2881 3305 τὴν
2903 3234 3323 3306 προσηγορίαν),
3346 3233 3484 3288 κατά
3502 3232 3652 3285 νώτου
3670 3225 3795 3295 ἐγγὺς

598 3324 830 3380 llercnle
874 3341 1072 3381 nomen
1123 3328 1374 3397 accepit)
1446 3328 1831 3398 imperatorem
1881 3344 2094 3399 semper
2139 3344 2167 3383 a

2271 3324 2359 3377 ἀεὶ
2401 3322 2653 3393 φύλακας
2695 3324 2927 3379 ἕπεσθαι
2971 3325 3049 3397 τῷ
3090 3326 3325 3397 βασιλεῖ.
3353 3324 3504 3378 Ἐπεὶ
3538 3323 3588 3376 δὲ
3625 3318 3797 3424 ἔμελλεν

596 3427 749 3487 tergo
784 3417 1023 3486 praesidii
1075 3432 1245 3471 causa
1278 3418 1524 3488 proxime
1571 3416 1956 3489 sequerentur.
2002 3418 2170 3474 Cinn-

2269 3412 2665 3484 ὑπεραμειδειν
2691 3414 2786 3468 τοῦ
2821 3414 2950 3469 ναοῦ
2981 3415 3072 3470 τὸν
3102 3417 3284 3484 οὐδδν,
3311 3414 3534 3479 θαλλούς
3556 3428 3689 3474 τινας
3715 3409 3798 3461 δια-

597 3523 704 3577 que
754 3509 919 3562 limen
964 3508 1149 3578 templi
1194 3516 1653 3580 transgressurus
1696 3518 1863 3574 esset,
1911 3511 2167 3569 sacerdos

2270 3501 2498 3575 ϐρόχους
2539 3505 2783 3576 κατέχων
2810 3508 2838 3560 ό
2868 3508 3065 3579 ἱερεὺς,
3090 3506 3242 3579 νόμῳ
3291 3505 3582 3578 Ἐλληνικῷ
3620 3500 3797 3573 περιέρο

594 3598 864 3654 verbenas
907 3612 1051 3667 aqua
1101 3599 1302 3653 tinctas
1352 3614 1513 3653 manu
1566 3609 1834 3670 gestans,
1882 3603 2167 3672 gentilium

2270 3596 2418 3664 ραινε
2467 3594 2576 3668 (61)
2608 3597 2731 3660 τοὺς
2767 3597 3051 3661 εἰσιόντας.
3096 3597 3477 3668 Ἐκπεσούσης
3520 3596 3572 3649 δὲ
3598 3592 3799 3661 σταγόνος

596 3706 749 3745 more
779 3690 1157 3760 ingredientes
1181 3691 1517 3760 conspersit.
1550 3691 1614 3746 Et
1645 3708 1770 3748 cum
1806 3701 1957 3765 gutta
1986 3694 2040 3748 in
2070 3710 2166 3751 ve-

2270 3684 2476 3761 ὲπζτὴν
2496 3686 2658 3740 αὐτοῦ
2689 3687 2912 3760 ἐσθῆτα,
2940 3688 3195 3760 χαλεπῶς
3224 3690 3461 3761 ἤνεγκεν
3488 3687 3801 3741 Οὐαλεντινια-

596 3790 736 3838 stem
767 3783 1134 3838 Valentiniani
1182 3783 1503 3851 decidisset,
1539 3786 1649 3852 ille,
1678 3794 1869 3856 utpote
1892 3786 2167 3844 Christia-

2270 3777 2362 3841 νός
2390 3796 2403 3808 ’
2437 3773 2505 3849 ἦν
2536 3779 2647 3851 γὰρ
2698 3781 3052 3851 Χριστιανός·
3086 3783 3178 3834 xui.
3213 3782 3295 3853 τῷ
3322 3782 3551 3854 ραίνοντι
3590 3773 3802 3844 ἐλοιδορή·

595 3886 722 3937 nus,
769 3887 884 3927 rem
933 3873 1163 3928 moleste
1213 3873 1378 3940 tulit,
1424 3881 1477 3928 et
1521 3875 1794 3930 sacerdoti
1839 3876 1934 3945 qni
1988 3878 2166 3947 ipsum

2276 3886 2425 3922 σατο.
2453 3871 2591 3924 Φασὶ
2638 3871 2695 3925 δὲ
2744 3873 2839 3926 καὶ
2895 3874 2988 3927 τοῦ
3042 3874 3318 3944 βασιλέως
3362 3872 3586 3944 ὁρῶντος
3613 3866 3801 3934 ,αὐτίκα

594 3971 902 4031 asperserat
929 3964 1269 4019 conviciatus
1297 3971 1404 4021 est.
1444 3964 1615 4019 Aiunt
1645 3967 1807 4020 etiam
1851 3967 2028 4033 illum,
2062 3968 2166 4022 imo

2274 3965 2593 4034 περιτεμεῖν
2617 3965 2710 4017 καὶ
2746 3964 3045 4035 ἀπορρίψω
3088 3967 3185 4019 σὺν
3214 3967 3359 4037 αὐτῇ
3397 3967 3464 4035 τῇ
3491 3961 3692 4033 ψεκάδι,
3711 3959 3803 4010 ὅσον

592 4063 843 4122 peratore
892 4054 1007 4123 ipso
1051 4061 1355 4125 spectante,
1407 4069 1527 4110 eam
1573 4058 1746 4113 vestis
1785 4068 1993 4129 partem
2049 4076 2167 4130 quae

2276 4050 2484 4124 ὲϐρᾶχη
2521 4054 2621 4126 τῆς
2676 4053 2922 4125 ἐσθῆτος.
2968 4054 3043 4108 Τὸ
3091 4055 3147 4109 δὲ
3204 4057 3267 4122 ἐξ
3327 4055 3531 4108 ἐκείνου
3582 4043 3801 4123 μηνιῶνὸ

592 4158 816 4210 aspersa
871 4142 1088 4211 fuerat,
1146 4146 1483 4214 abscidisse,
1524 4163 1591 4203 ac
1650 4149 1813 4204 simul
1867 4167 1991 4206 cum
2050 4152 2166 4222 ipsa

591 4231 881 4298 aspergine
915 4233 1232 4302 projecisse.
1274 4233 1352 4287 Ex
1402 4235 1494 4289 illo
1530 4246 1777 4306 tempore
1806 4237 2057 4295 Julianus
2081 4241 2166 4294 in-

592 4314 779 4373 fensus
816 4318 1214 4388 Valentiniano,
1246 4325 1394 4379 haud
1443 4327 1614 4380 multo
1658 4335 1782 4397 post
1810 4344 1934 4383 eum
1972 4345 2167 4400 perpe-

592 4413 687 4460 tuo
737 4408 930 4461 exsilio
964 4409 1283 4465 damnatum
1311 4454 1326 4478 ,
1369 4412 1667 4470 Melitinam
1715 4419 1987 4474 Armenia:
2023 4421 2163 4475 rele-

2275 4141 2588 4212 Ἰουλιανὸς,
2626 4144 2685 4198 οὐ
2718 4145 2897 4216 πολλῷ
2941 4144 3165 4218 ὕστερον
3198 4148 3556 4200 κατεδίκασεν
3577 4141 3713 4197 αὑτὸν
3730 4135 3803 4205 τὴν

2270 4240 2564 4312 Μελιτινὴν
2607 4243 2706 4311 τῆς
2752 4243 3040 4315 Ἀρμενίας
3065 4255 3108 4284 ιιι
3143 4242 3415 4314 διηνεκῶς
3461 4242 3643 4304 οἰκεῖν,
3667 4233 3800 4290 αἰτίαν

2274 4334 2645 4405 σκηψάμενος,
2693 4336 2795 4408 τὴν
2848 4337 2978 4408 περὶ
3008 4338 3135 4400 τοὺς
3189 4336 3282 4390 ὑπ’
3320 4337 3485 4391 αὐτὸν
3531 4328 3802 4405 στρατιώτας

2273 4425 2577 4498 ῥαστώνην.
2606 4428 2679 4482 Οὐ
2710 4430 2818 4500 γὰρ
2845 4429 3097 4483 ἐϐούλετο
3125 4429 3300 4497 δόξαι,
3324 4429 3417 4483 διὰ
3447 4428 3543 4499 τὴν
3570 4419 3802 4497 θρησκείαν

589 4498 777 4567 gavit:
829 4500 1075 4555 criminis
1115 4502 1233 4557 loco
1270 4504 1559 4574 objiciens,
1601 4509 1745 4578 quod
1800 4511 2000 4567 milites
2033 4527 2166 4568 suos

2273 4517 2459 4583 κακῶς
2481 4519 2643 4573 αὑτὸν
2673 4498 2872 4586 ποιεῖν,
2893 4521 2979 4576 ἵνα
3031 4521 3107 4594 μὴ
3160 4522 3448 4595 μάρτυρος
3473 4523 3505 4594 ἢ
3534 4511 3803 4592 ὁμολογητοῦ

668 4674 681 4702 ⁸
717 4671 901 4741 Socr,
938 4675 1032 4729 lib.
1064 4693 1138 4741 iv,
1191 4693 1313 4750 cap.
1349 4680 1402 4737 1.

1759 4838 2029 4898 VALESll
2060 4843 2611 4905 ANNOTATIONES.

655 4924 771 5000 (61)
810 4926 986 4994 Νόμῳ
1027 4927 1362 5000 Ἑλληνικῷ
1409 4929 1798 5000 περιέρῤαινε.
1854 4935 1913 4988 In
1975 4939 2167 4997 codice

563 4993 905 5075 ⁵ξιιιείυιιὶξιιιο
940 4993 1211 5075 scriptum
1269 4993 1453 5075 inveni
1480 4993 1657 5075 ⁷νόμὶρ
1694 4993 2159 5075 έκκλησιαστικῷξ

585 5066 745 5145 Quod
780 5067 991 5145 idcirco
1021 5062 1110 5122 hic
1142 5071 1327 5145 retuli,
1366 5085 1476 5145 non
1502 5062 1647 5141 quod
1679 5062 2011 5145 scripturam
2040 5062 2160 5133 eam

586 5136 809 5218 probem
834 5177 847 5199 ,
878 5138 973 5192 sed
1008 5147 1070 5218 ut
1099 5140 1383 5218 studiosus
1416 5136 1922 5218 lector_perspiciat
1944 5165 2158 5218 ,Aquam

584 5206 954 5287 periculosum
989 5210 1075 5287 sit.
1096 5210 1573 5287 conjectumsuae
1600 5206 1907 5287 indulgere.
1942 5206 2158 5276 Etenim

582 5279 936 5346 antiquarios
985 5279 1078 5348 qui
1135 5281 1382 5338 codicem
1441 5283 1600 5338 illum
1657 5279 1980 5359 descripsit,
2032 5306 2158 5347 cum

2275 4945 2622 5026 aspersionis
2655 4960 2811 5026 aqua!
2831 4950 3305 5026 mentionemlieri
3335 4953 3545 5026 videret
3568 4952 3667 5026 hoc
3680 4948 3802 5026 loco:

2274 5013 2328 5066 id
2348 5013 2355 5014 “
2379 5030 2531 5070 more
2577 5013 2963 5073 ecclesiastico
2992 5020 3199 5077 factum
3229 5040 3363 5080 esse
3396 5022 3646 5079 credidit.
3674 5016 3801 5085 Quasi

2269 5098 2382 5164 non
2436 5095 2491 5164 et
2552 5089 2754 5164 pagani
2788 5090 3141 5164 _lmj_usmodi
3203 5095 3804 5164 aspersionibus__1!‘l":'c

2270 5153 2517 5228 lustralis
2548 5153 2866 5228 usi-fuerint
2896 5153 2993 5215 diu
3028 5172 3154 5217 ante
3186 5153 3526 5219 Cliristianee
3575 5153 3803 5228 reﬁgit"!is

2269 5225 2580 5365 gsordium.
2639 5227 2778 5282 Nota
2828 5241 2958 5286 sunt
3005 5242 3252 5289 veterum
3290 5234 3604 5291 Graecorum
3652 5225 3802 5298 τεριρσ

2306 5312 2565 5365 αντηρια.

2306 5312 2445 5366 αντη
2456 5313 2565 5367 ρια.

1968 5466 2359 5528 VARIORUM.

657 5575 700 5603 ¹¹¹
744 5569 865 5641 Τὴν
888 5571 1217 5652 uisitarin
1235 5572 1705 5652 τῆς-Ἀρμενίας,
1737 5575 2168 5652 Philosjorgius,

588 5642 683 5722 lib.
708 5658 804 5706 vn,
835 5658 885 5722 c_.
920 5643 975 5709 7,
1022 5645 1102 5697 ait
1154 5642 1610 5722 Valentinianum
1636 5642 1851 5706 Thebas
1883 5642 2170 5722 AEgy'ptias'

593 5712 1121 5791 {uisscnrclegatum
1150 5715 1216 5768 At
1248 5713 1525 5791 Socrates,
1556 5716 1653 5791 lib.
1692 5734 1763 5791 iv,
1786 5736 1834 5773 ο.
1869 5726 1920 5787 t,
1954 5712 2167 5791 induit:

593 5781 710 5836 Etsi
760 5781 1181 5842 Valentinianus
1218 5800 1341 5842 cum
1387 5785 1556 5844 fratre
1607 5786 1831 5847 Valente
1886 5781 2168 5864 cingulum

2271 5587 2514 5669 militare
2546 5590 2824 5661 dcponcrc
2854 5594 3162 5663 maluisset,
3193 5614 3366 5669 quam
3398 5599 3557 5655 fidem
3584 5596 3801 5652 (Ilii-isti:-

2260 5672 2397 5735 nam
2442 5659 2691 5730 ejurare;
2737 5675 2991 5720 neutrum
3027 5659 3227 5722 tamen.
3264 5687 3294 5724 a
3330 5668 3552 5725 Julianu
3582 5670 3800 5735 dignitati?

2273 5729 2541 5810 Pr.iv.a.i""‘
2572 5774 2584 5797 ν
2636 5749 2703 5790 θ’)
2755 5735 2923 5806 (“Wd-
2952 5745 3249 5810 ull‘umque
3296 5742 3486 5797 utilem
3538 5729 3799 5810 reipublicae

2273 5798 2622 5871 intelligeret.
