  <div class='ocr_page' id='page_1' title='image "/cluster/home/n/w/nwhite01/storage/ocr_20150623/67/mdp.39015018620115/660.png"; bbox 0 0 4056 6326; ppageno 0'>
   <div class='ocr_carea' id='block_1_1' title="bbox 294 306 434 365">
    <p class='ocr_par' dir='ltr' id='par_1_1' title="bbox 294 306 434 365">
     <span class='ocr_line' id='line_1_1' title="bbox 294 306 434 365; baseline 0.007 -2"><span class='ocrx_word' id='word_1_1' title='bbox 294 306 434 365; x_wconf 62' lang='lat'><strong>52:89</strong></span> 
     </span>
    </p>
   </div>
   <div class='ocr_carea' id='block_1_2' title="bbox 1271 311 2569 378">
    <p class='ocr_par' dir='ltr' id='par_1_2' title="bbox 1271 311 2569 378">
     <span class='ocr_line' id='line_1_2' title="bbox 1271 311 2569 378; baseline 0.009 -12"><span class='ocrx_word' id='word_1_2' title='bbox 1271 311 1590 371; x_wconf 70' lang='lat' dir='ltr'><strong>HISTORIA</strong></span> <span class='ocrx_word' id='word_1_3' title='bbox 1626 314 2180 375; x_wconf 76' lang='lat' dir='ltr'><strong>ECCLESIASTICA.</strong></span> <span class='ocrx_word' id='word_1_4' title='bbox 2213 351 2277 362; x_wconf 91' lang='lat'><strong><em>—</em></strong></span> <span class='ocrx_word' id='word_1_5' title='bbox 2318 321 2444 377; x_wconf 66' lang='lat' dir='ltr'><strong>LIB.</strong></span> <span class='ocrx_word' id='word_1_6' title='bbox 2480 322 2569 378; x_wconf 85' lang='lat' dir='ltr'><strong>Vl.</strong></span> 
     </span>
    </p>
   </div>
   <div class='ocr_carea' id='block_1_3' title="bbox 3398 329 3542 384">
    <p class='ocr_par' dir='ltr' id='par_1_3' title="bbox 3398 329 3542 384">
     <span class='ocr_line' id='line_1_3' title="bbox 3398 329 3542 384; baseline -0.007 -1"><span class='ocrx_word' id='word_1_7' title='bbox 3398 329 3542 384; x_wconf 70' lang='grc' dir='ltr'><strong>15ῒο</strong></span> 
     </span>
    </p>
   </div>
   <div class='ocr_carea' id='block_1_4' title="bbox 290 420 1840 508">
    <p class='ocr_par' dir='ltr' id='par_1_4' title="bbox 290 420 1840 504">
     <span class='ocr_line' id='line_1_4' title="bbox 290 420 1840 504; baseline 0.012 -33"><span class='ocrx_word' id='word_1_8' title='bbox 290 421 471 492; x_wconf 72' lang='grc' dir='ltr'>γερῶν</span> <span class='ocrx_word' id='word_1_9' title='bbox 515 420 788 493; x_wconf 79' lang='grc' dir='ltr'>ἀξιωθείη.</span> <span class='ocrx_word' id='word_1_10' title='bbox 821 423 1026 478; x_wconf 81' lang='grc' dir='ltr'>Καθότι</span> <span class='ocrx_word' id='word_1_11' title='bbox 1068 425 1271 498; x_wconf 78' lang='grc' dir='ltr'><strong>ταύτης</strong></span> <span class='ocrx_word' id='word_1_12' title='bbox 1320 430 1483 485; x_wconf 74' lang='grc' dir='ltr'>ἕνεκα</span> <span class='ocrx_word' id='word_1_13' title='bbox 1515 433 1613 504; x_wconf 83' lang='grc' dir='ltr'>τῆς</span> <span class='ocrx_word' id='word_1_14' title='bbox 1665 435 1840 499; x_wconf 86' lang='grc' dir='ltr'>αίτίας</span> 
     </span>
    </p>
   </div>
   <div class='ocr_carea' id='block_1_5' title="bbox 1940 420 3536 508">
    <p class='ocr_par' dir='ltr' id='par_1_5' title="bbox 1968 428 3536 508">
     <span class='ocr_line' id='line_1_5' title="bbox 1968 428 3536 508; baseline 0.006 -19"><span class='ocrx_word' id='word_1_15' title='bbox 1968 437 2333 508; x_wconf 82' lang='lat' dir='ltr'><strong>negl-igentius</strong></span> <span class='ocrx_word' id='word_1_16' title='bbox 2363 439 2704 495; x_wconf 72' lang='lat' dir='ltr'><strong>instituisset.</strong></span> <span class='ocrx_word' id='word_1_17' title='bbox 2735 428 2962 496; x_wconf 82' lang='lat' dir='ltr'><strong>Nolebat</strong></span> <span class='ocrx_word' id='word_1_18' title='bbox 2993 440 3140 494; x_wconf 89' lang='lat' dir='ltr'><strong>enim</strong></span> <span class='ocrx_word' id='word_1_19' title='bbox 3193 440 3369 497; x_wconf 86' lang='lat' dir='ltr'><strong>videri</strong></span> <span class='ocrx_word' id='word_1_20' title='bbox 3407 459 3536 499; x_wconf 86' lang='lat' dir='ltr'><strong>eum</strong></span> 
     </span>
    </p>
   </div>
   <div class='ocr_carea' id='block_1_6' title="bbox 289 511 1868 595">
    <p class='ocr_par' dir='ltr' id='par_1_6' title="bbox 289 511 1868 595">
     <span class='ocr_line' id='line_1_6' title="bbox 289 511 1868 595; baseline 0.009 -30"><span class='ocrx_word' id='word_1_21' title='bbox 289 513 387 566; x_wconf 73' lang='grc' dir='ltr'>καὶ</span> <span class='ocrx_word' id='word_1_22' title='bbox 430 511 538 565; x_wconf 84' lang='grc' dir='ltr'><strong>τῶν</strong></span> <span class='ocrx_word' id='word_1_23' title='bbox 575 512 747 566; x_wconf 74' lang='grc' dir='ltr'>ἄλλων</span> <span class='ocrx_word' id='word_1_24' title='bbox 783 515 1037 584; x_wconf 78' lang='grc' dir='ltr'>ἐφείσατο</span> <span class='ocrx_word' id='word_1_25' title='bbox 1082 519 1457 589; x_wconf 83' lang='grc' dir='ltr'><strong>Χριστιανῶν,</strong></span> <span class='ocrx_word' id='word_1_26' title='bbox 1484 523 1627 595; x_wconf 82' lang='grc' dir='ltr'>ὀρῶν</span> <span class='ocrx_word' id='word_1_27' title='bbox 1671 526 1868 590; x_wconf 78' lang='grc' dir='ltr'>αὐτοὺς</span> 
     </span>
    </p>
   </div>
   <div class='ocr_carea' id='block_1_7' title="bbox 288 600 1866 681">
    <p class='ocr_par' dir='ltr' id='par_1_7' title="bbox 288 600 1866 681">
     <span class='ocr_line' id='line_1_7' title="bbox 288 600 1866 681; baseline 0.011 -27"><span class='ocrx_word' id='word_1_28' title='bbox 288 600 544 656; x_wconf 76' lang='grc' dir='ltr'>εὔκλειαν</span> <span class='ocrx_word' id='word_1_29' title='bbox 598 604 691 657; x_wconf 73' lang='grc' dir='ltr'><strong>καὶ</strong></span> <span class='ocrx_word' id='word_1_30' title='bbox 725 604 985 661; x_wconf 89' lang='grc' dir='ltr'>σύστασιν</span> <span class='ocrx_word' id='word_1_31' title='bbox 1012 609 1104 662; x_wconf 80' lang='grc' dir='ltr'><strong>τοῦ</strong></span> <span class='ocrx_word' id='word_1_32' title='bbox 1149 609 1416 681; x_wconf 85' lang='grc' dir='ltr'>δόγματος</span> <span class='ocrx_word' id='word_1_33' title='bbox 1448 616 1558 678; x_wconf 82' lang='grc' dir='ltr'>τοῖς</span> <span class='ocrx_word' id='word_1_34' title='bbox 1605 616 1866 681; x_wconf 75' lang='grc' dir='ltr'><strong>κινδύνοις</strong></span> 
     </span>
    </p>
   </div>
   <div class='ocr_carea' id='block_1_8' title="bbox 290 692 1865 776">
    <p class='ocr_par' dir='ltr' id='par_1_8' title="bbox 290 692 1865 776">
     <span class='ocr_line' id='line_1_8' title="bbox 290 692 1865 776; baseline 0.013 -33"><span class='ocrx_word' id='word_1_35' title='bbox 290 692 702 764; x_wconf 75' lang='grc' dir='ltr'><strong>ποριζομένους,</strong></span> <span class='ocrx_word' id='word_1_36' title='bbox 747 696 823 759; x_wconf 87' lang='grc' dir='ltr'><strong>ὡς</strong></span> <span class='ocrx_word' id='word_1_37' title='bbox 863 698 923 750; x_wconf 84' lang='grc' dir='ltr'><strong>ἐν</strong></span> <span class='ocrx_word' id='word_1_38' title='bbox 958 701 1072 761; x_wconf 87' lang='grc' dir='ltr'>τοῖς</span> <span class='ocrx_word' id='word_1_39' title='bbox 1108 701 1343 772; x_wconf 80' lang='grc' dir='ltr'><strong>πρόσθεν</strong></span> <span class='ocrx_word' id='word_1_40' title='bbox 1371 705 1603 776; x_wconf 73' lang='grc' dir='ltr'>εἴρηται.</span> <span class='ocrx_word' id='word_1_41' title='bbox 1627 705 1783 763; x_wconf 72' lang='grc' dir='ltr'>Ἐπεὶ</span> <span class='ocrx_word' id='word_1_42' title='bbox 1807 709 1865 762; x_wconf 85' lang='grc' dir='ltr'>δὲ</span> 
     </span>
    </p>
   </div>
   <div class='ocr_carea' id='block_1_9' title="bbox 286 782 1864 868">
    <p class='ocr_par' dir='ltr' id='par_1_9' title="bbox 286 782 1864 868">
     <span class='ocr_line' id='line_1_9' title="bbox 286 782 1864 868; baseline 0.013 -36"><span class='ocrx_word' id='word_1_43' title='bbox 286 784 316 833; x_wconf 87' lang='grc' dir='ltr'>ὀ</span> <span class='ocrx_word' id='word_1_44' title='bbox 347 782 600 846; x_wconf 83' lang='grc' dir='ltr'>Ἰοϐιανὺς</span> <span class='ocrx_word' id='word_1_45' title='bbox 626 784 910 858; x_wconf 82' lang='grc' dir='ltr'><strong>ἐπετράπη</strong></span> <span class='ocrx_word' id='word_1_46' title='bbox 942 787 1038 859; x_wconf 83' lang='grc' dir='ltr'>τὴν</span> <span class='ocrx_word' id='word_1_47' title='bbox 1067 789 1350 861; x_wconf 86' lang='grc' dir='ltr'>Ῥωμαίων</span> <span class='ocrx_word' id='word_1_48' title='bbox 1372 795 1684 865; x_wconf 82' lang='grc' dir='ltr'>ἡγεμονίαν,</span> <span class='ocrx_word' id='word_1_49' title='bbox 1701 816 1864 868; x_wconf 80' lang='grc' dir='ltr'>μετα-ι</span> 
     </span>
    </p>
   </div>
   <div class='ocr_carea' id='block_1_10' title="bbox 287 872 1862 956">
    <p class='ocr_par' dir='ltr' id='par_1_10' title="bbox 287 872 1862 956">
     <span class='ocr_line' id='line_1_10' title="bbox 287 872 1862 956; baseline 0.01 -29"><span class='ocrx_word' id='word_1_50' title='bbox 287 872 509 945; x_wconf 71' lang='grc' dir='ltr'>κληθεὶς</span> <span class='ocrx_word' id='word_1_51' title='bbox 534 874 641 927; x_wconf 82' lang='grc' dir='ltr'><strong>ἀπὸ</strong></span> <span class='ocrx_word' id='word_1_52' title='bbox 672 876 771 946; x_wconf 85' lang='grc' dir='ltr'>τῆς</span> <span class='ocrx_word' id='word_1_53' title='bbox 800 878 979 948; x_wconf 87' lang='grc' dir='ltr'>φυγῆς</span> <span class='ocrx_word' id='word_1_54' title='bbox 1015 881 1095 944; x_wconf 84' lang='grc' dir='ltr'><strong>είς</strong></span> <span class='ocrx_word' id='word_1_55' title='bbox 1119 881 1376 948; x_wconf 83' lang='grc' dir='ltr'>Νίκαιαν,</span> <span class='ocrx_word' id='word_1_56' title='bbox 1409 885 1621 956; x_wconf 84' lang='grc' dir='ltr'>συμϐὰν</span> <span class='ocrx_word' id='word_1_57' title='bbox 1657 889 1862 943; x_wconf 85' lang='grc' dir='ltr'>ἐκεῖνον</span> 
     </span>
    </p>
   </div>
   <div class='ocr_carea' id='block_1_11' title="bbox 283 964 1860 1047">
    <p class='ocr_par' dir='ltr' id='par_1_11' title="bbox 283 964 1860 1047">
     <span class='ocr_line' id='line_1_11' title="bbox 283 964 1860 1047; baseline 0.011 -30"><span class='ocrx_word' id='word_1_58' title='bbox 283 964 623 1035; x_wconf 78' lang='grc' dir='ltr'>τελευτῆσαι,</span> <span class='ocrx_word' id='word_1_59' title='bbox 645 966 1091 1039; x_wconf 78' lang='grc' dir='ltr'><strong>βουλευσαμένων</strong></span> <span class='ocrx_word' id='word_1_60' title='bbox 1124 973 1218 1027; x_wconf 80' lang='grc' dir='ltr'>τοῦ</span> <span class='ocrx_word' id='word_1_61' title='bbox 1247 978 1606 1047; x_wconf 83' lang='grc' dir='ltr'>στρατοπέδου</span> <span class='ocrx_word' id='word_1_62' title='bbox 1634 980 1726 1033; x_wconf 83' lang='grc' dir='ltr'>καὶ</span> <span class='ocrx_word' id='word_1_63' title='bbox 1754 981 1860 1034; x_wconf 88' lang='grc' dir='ltr'><strong>τῶν</strong></span> 
     </span>
    </p>
   </div>
   <div class='ocr_carea' id='block_1_12' title="bbox 285 1054 1862 1132">
    <p class='ocr_par' dir='ltr' id='par_1_12' title="bbox 285 1054 1862 1132">
     <span class='ocr_line' id='line_1_12' title="bbox 285 1054 1862 1132; baseline 0.008 -25"><span class='ocrx_word' id='word_1_64' title='bbox 285 1054 407 1107; x_wconf 79' lang='grc' dir='ltr'>τότε</span> <span class='ocrx_word' id='word_1_65' title='bbox 451 1054 550 1118; x_wconf 76' lang='grc' dir='ltr'><strong>τὰς</strong></span> <span class='ocrx_word' id='word_1_66' title='bbox 582 1056 820 1124; x_wconf 80' lang='grc' dir='ltr'>μεγάλας</span> <span class='ocrx_word' id='word_1_67' title='bbox 847 1057 1018 1127; x_wconf 83' lang='grc' dir='ltr'>ἀρχὰς</span> <span class='ocrx_word' id='word_1_68' title='bbox 1058 1060 1306 1129; x_wconf 71' lang='grc' dir='ltr'>ἐχόντων,</span> <span class='ocrx_word' id='word_1_69' title='bbox 1335 1060 1498 1132; x_wconf 73' lang='grc' dir='ltr'>ψήφῳ</span> <span class='ocrx_word' id='word_1_70' title='bbox 1529 1063 1743 1119; x_wconf 84' lang='grc' dir='ltr'>πάντων</span> <span class='ocrx_word' id='word_1_71' title='bbox 1775 1068 1862 1119; x_wconf 77' lang='grc' dir='ltr'><strong>αἱ·</strong></span> 
     </span>
    </p>
   </div>
   <div class='ocr_carea' id='block_1_13' title="bbox 287 1145 1858 1226">
    <p class='ocr_par' dir='ltr' id='par_1_13' title="bbox 287 1145 1858 1226">
     <span class='ocr_line' id='line_1_13' title="bbox 287 1145 1858 1226; baseline 0.011 -31"><span class='ocrx_word' id='word_1_72' title='bbox 287 1146 465 1214; x_wconf 83' lang='grc' dir='ltr'>ρεί¹ται</span> <span class='ocrx_word' id='word_1_73' title='bbox 497 1145 801 1213; x_wconf 78' lang='grc' dir='ltr'>βασιλεύειν</span> <span class='ocrx_word' id='word_1_74' title='bbox 832 1148 1292 1217; x_wconf 73' lang='grc' dir='ltr'>Οὐαλεντινιανός.</span> <span class='ocrx_word' id='word_1_75' title='bbox 1328 1152 1412 1213; x_wconf 83' lang='grc' dir='ltr'>Ὧς</span> <span class='ocrx_word' id='word_1_76' title='bbox 1439 1152 1495 1205; x_wconf 87' lang='grc' dir='ltr'><strong>δέ</strong></span> <span class='ocrx_word' id='word_1_77' title='bbox 1525 1155 1591 1207; x_wconf 80' lang='grc' dir='ltr'>τὰ</span> <span class='ocrx_word' id='word_1_78' title='bbox 1615 1154 1858 1226; x_wconf 88' lang='grc' dir='ltr'>σύμϐολα</span> 
     </span>
    </p>
   </div>
   <div class='ocr_carea' id='block_1_14' title="bbox 281 1233 1857 1312">
    <p class='ocr_par' dir='ltr' id='par_1_14' title="bbox 281 1233 1857 1312">
     <span class='ocr_line' id='line_1_14' title="bbox 281 1233 1857 1312; baseline 0.009 -27"><span class='ocrx_word' id='word_1_79' title='bbox 281 1233 381 1303; x_wconf 87' lang='grc' dir='ltr'>τῆς</span> <span class='ocrx_word' id='word_1_80' title='bbox 404 1235 576 1305; x_wconf 81' lang='grc' dir='ltr'>ἀρχῆς</span> <span class='ocrx_word' id='word_1_81' title='bbox 605 1235 839 1302; x_wconf 84' lang='grc' dir='ltr'>ἐδέξατο,</span> <span class='ocrx_word' id='word_1_82' title='bbox 859 1237 1206 1307; x_wconf 82' lang='grc' dir='ltr'><strong>κεκραγότων</strong></span> <span class='ocrx_word' id='word_1_83' title='bbox 1236 1239 1341 1294; x_wconf 86' lang='grc' dir='ltr'><strong>τῶν</strong></span> <span class='ocrx_word' id='word_1_84' title='bbox 1368 1244 1711 1312; x_wconf 85' lang='grc' dir='ltr'>στρατιωτῶν</span> <span class='ocrx_word' id='word_1_85' title='bbox 1745 1263 1857 1299; x_wconf 90' lang='grc' dir='ltr'>κοι-</span> 
     </span>
    </p>
   </div>
   <div class='ocr_carea' id='block_1_15' title="bbox 280 1323 1855 1405">
    <p class='ocr_par' dir='ltr' id='par_1_15' title="bbox 280 1323 1855 1405">
     <span class='ocr_line' id='line_1_15' title="bbox 280 1323 1855 1405; baseline 0.01 -31"><span class='ocrx_word' id='word_1_86' title='bbox 280 1323 447 1375; x_wconf 80' lang='grc' dir='ltr'>νωνὸν</span> <span class='ocrx_word' id='word_1_87' title='bbox 474 1323 620 1394; x_wconf 78' lang='grc' dir='ltr'>αὐτῷ</span> <span class='ocrx_word' id='word_1_88' title='bbox 645 1324 743 1394; x_wconf 83' lang='grc' dir='ltr'>τῆς</span> <span class='ocrx_word' id='word_1_89' title='bbox 766 1325 1044 1395; x_wconf 79' lang='grc' dir='ltr'>βασιλείας</span> <span class='ocrx_word' id='word_1_90' title='bbox 1066 1327 1252 1400; x_wconf 75' lang='grc' dir='ltr'>ἕτερον</span> <span class='ocrx_word' id='word_1_91' title='bbox 1280 1331 1629 1402; x_wconf 87' lang='grc' dir='ltr'>ποιήσασθαι,</span> <span class='ocrx_word' id='word_1_92' title='bbox 1656 1333 1729 1387; x_wconf 83' lang='grc' dir='ltr'><strong>Τὸ</strong></span> <span class='ocrx_word' id='word_1_93' title='bbox 1757 1336 1855 1405; x_wconf 80' lang='grc' dir='ltr'>μὲν</span> 
     </span>
    </p>
   </div>
   <div class='ocr_carea' id='block_1_16' title="bbox 278 1408 1850 1493">
    <p class='ocr_par' dir='ltr' id='par_1_16' title="bbox 278 1408 1850 1493">
     <span class='ocr_line' id='line_1_16' title="bbox 278 1408 1850 1493; baseline 0.01 -30"><span class='ocrx_word' id='word_1_94' title='bbox 278 1408 497 1463; x_wconf 76' lang='grc' dir='ltr'>ἑλέσθαι</span> <span class='ocrx_word' id='word_1_95' title='bbox 517 1429 605 1482; x_wconf 88' lang='grc' dir='ltr'><strong>με,</strong></span> <span class='ocrx_word' id='word_1_96' title='bbox 621 1413 805 1482; x_wconf 74' lang='grc' dir='ltr'>φησὶν,</span> <span class='ocrx_word' id='word_1_97' title='bbox 828 1415 1017 1486; x_wconf 82' lang='grc' dir='ltr'>ἄρχειν</span> <span class='ocrx_word' id='word_1_98' title='bbox 1032 1417 1204 1486; x_wconf 85' lang='grc' dir='ltr'>ὑμῶν,</span> <span class='ocrx_word' id='word_1_99' title='bbox 1226 1413 1270 1475; x_wconf 77' lang='grc' dir='ltr'><strong>ὦ</strong></span> <span class='ocrx_word' id='word_1_100' title='bbox 1292 1418 1482 1491; x_wconf 77' lang='grc' dir='ltr'>ἄνδρες</span> <span class='ocrx_word' id='word_1_101' title='bbox 1503 1423 1850 1493; x_wconf 88' lang='grc' dir='ltr'>στρατιῶται,</span> 
     </span>
    </p>
   </div>
   <div class='ocr_carea' id='block_1_17' title="bbox 276 1498 1852 1577">
    <p class='ocr_par' dir='ltr' id='par_1_17' title="bbox 276 1498 1852 1577">
     <span class='ocr_line' id='line_1_17' title="bbox 276 1498 1852 1577; baseline 0.01 -23"><span class='ocrx_word' id='word_1_102' title='bbox 276 1502 336 1554; x_wconf 85' lang='grc' dir='ltr'><strong>ἐν</strong></span> <span class='ocrx_word' id='word_1_103' title='bbox 361 1503 488 1574; x_wconf 81' lang='grc' dir='ltr'>ὑμῖν</span> <span class='ocrx_word' id='word_1_104' title='bbox 512 1498 599 1574; x_wconf 78' lang='grc' dir='ltr'>ἦν.</span> <span class='ocrx_word' id='word_1_105' title='bbox 644 1504 796 1557; x_wconf 77' lang='grc' dir='ltr'>Ἐπεὶ</span> <span class='ocrx_word' id='word_1_106' title='bbox 827 1505 884 1561; x_wconf 80' lang='grc' dir='ltr'>δὲ</span> <span class='ocrx_word' id='word_1_107' title='bbox 911 1507 1119 1562; x_wconf 77' lang='grc' dir='ltr'>εἵλεσθε</span> <span class='ocrx_word' id='word_1_108' title='bbox 1139 1548 1155 1574; x_wconf 89' lang='grc'><strong>,</strong></span> <span class='ocrx_word' id='word_1_109' title='bbox 1183 1510 1242 1563; x_wconf 81' lang='grc' dir='ltr'>ὃν</span> <span class='ocrx_word' id='word_1_110' title='bbox 1264 1510 1360 1565; x_wconf 82' lang='grc' dir='ltr'><strong>νῦν</strong></span> <span class='ocrx_word' id='word_1_111' title='bbox 1396 1514 1621 1577; x_wconf 85' lang='grc' dir='ltr'>αίτεῖτε,</span> <span class='ocrx_word' id='word_1_112' title='bbox 1667 1515 1765 1568; x_wconf 81' lang='grc' dir='ltr'><strong>οὐκ</strong></span> <span class='ocrx_word' id='word_1_113' title='bbox 1795 1519 1852 1569; x_wconf 88' lang='grc' dir='ltr'><strong>ἐν</strong></span> 
     </span>
    </p>
   </div>
   <div class='ocr_carea' id='block_1_18' title="bbox 276 1592 1852 1674">
    <p class='ocr_par' dir='ltr' id='par_1_18' title="bbox 276 1592 1852 1674">
     <span class='ocr_line' id='line_1_18' title="bbox 276 1592 1852 1674; baseline 0.008 -28"><span class='ocrx_word' id='word_1_114' title='bbox 276 1592 428 1663; x_wconf 82' lang='grc' dir='ltr'>ὑμῖν,</span> <span class='ocrx_word' id='word_1_115' title='bbox 465 1593 579 1647; x_wconf 75' lang='grc' dir='ltr'>ἀλλ’</span> <span class='ocrx_word' id='word_1_116' title='bbox 607 1596 665 1648; x_wconf 90' lang='grc' dir='ltr'><strong>ἐν</strong></span> <span class='ocrx_word' id='word_1_117' title='bbox 701 1595 824 1665; x_wconf 83' lang='grc' dir='ltr'>ἐμοί</span> <span class='ocrx_word' id='word_1_118' title='bbox 853 1612 867 1626; x_wconf 83' lang='grc'><strong><em>⁸</em></strong></span> <span class='ocrx_word' id='word_1_119' title='bbox 903 1599 996 1652; x_wconf 75' lang='grc' dir='ltr'>καὶ</span> <span class='ocrx_word' id='word_1_120' title='bbox 1053 1598 1158 1671; x_wconf 82' lang='grc' dir='ltr'>χρὴ</span> <span class='ocrx_word' id='word_1_121' title='bbox 1209 1602 1335 1664; x_wconf 83' lang='grc' dir='ltr'>τοὺς</span> <span class='ocrx_word' id='word_1_122' title='bbox 1382 1601 1481 1671; x_wconf 85' lang='grc' dir='ltr'>μὲν</span> <span class='ocrx_word' id='word_1_123' title='bbox 1518 1604 1852 1674; x_wconf 83' lang='grc' dir='ltr'>ἀρχομένους</span> 
     </span>
    </p>
   </div>
   <div class='ocr_carea' id='block_1_19' title="bbox 274 1687 1849 1767">
    <p class='ocr_par' dir='ltr' id='par_1_19' title="bbox 274 1687 1849 1767">
     <span class='ocr_line' id='line_1_19' title="bbox 274 1687 1849 1767; baseline 0.008 -30"><span class='ocrx_word' id='word_1_124' title='bbox 274 1687 421 1755; x_wconf 81' lang='grc' dir='ltr'>ὑμᾶς</span> <span class='ocrx_word' id='word_1_125' title='bbox 455 1687 682 1757; x_wconf 80' lang='grc' dir='ltr'>ἡσυχίαν</span> <span class='ocrx_word' id='word_1_126' title='bbox 711 1687 863 1756; x_wconf 77' lang='grc' dir='ltr'>ἄγειν</span> <span class='ocrx_word' id='word_1_127' title='bbox 882 1703 896 1715; x_wconf 89' lang='grc'><strong>·</strong></span> <span class='ocrx_word' id='word_1_128' title='bbox 921 1690 1021 1760; x_wconf 84' lang='grc' dir='ltr'>ἐμὲ</span> <span class='ocrx_word' id='word_1_129' title='bbox 1048 1690 1106 1744; x_wconf 82' lang='grc' dir='ltr'>δὲ</span> <span class='ocrx_word' id='word_1_130' title='bbox 1133 1692 1209 1755; x_wconf 87' lang='grc' dir='ltr'>ὡς</span> <span class='ocrx_word' id='word_1_131' title='bbox 1234 1692 1481 1763; x_wconf 85' lang='grc' dir='ltr'>βασιλέα,</span> <span class='ocrx_word' id='word_1_132' title='bbox 1507 1694 1578 1748; x_wconf 80' lang='grc' dir='ltr'><strong>τὰ</strong></span> <span class='ocrx_word' id='word_1_133' title='bbox 1600 1697 1849 1767; x_wconf 83' lang='grc' dir='ltr'>πρακτέα</span> 
     </span>
    </p>
   </div>
   <div class='ocr_carea' id='block_1_20' title="bbox 1971 519 3536 603">
    <p class='ocr_par' dir='ltr' id='par_1_20' title="bbox 1971 519 3536 603">
     <span class='ocr_line' id='line_1_20' title="bbox 1971 519 3536 603; baseline 0.006 -26"><span class='ocrx_word' id='word_1_134' title='bbox 1971 519 2251 596; x_wconf 75' lang='lat' dir='ltr'><strong>religionis</strong></span> <span class='ocrx_word' id='word_1_135' title='bbox 2288 542 2455 583; x_wconf 89' lang='lat' dir='ltr'><strong>causa</strong></span> <span class='ocrx_word' id='word_1_136' title='bbox 2506 531 2648 584; x_wconf 89' lang='lat' dir='ltr'><strong>male</strong></span> <span class='ocrx_word' id='word_1_137' title='bbox 2693 529 2974 594; x_wconf 89' lang='lat' dir='ltr'><strong>multasse,</strong></span> <span class='ocrx_word' id='word_1_138' title='bbox 3022 543 3092 583; x_wconf 92' lang='lat' dir='ltr'><strong>ne</strong></span> <span class='ocrx_word' id='word_1_139' title='bbox 3143 528 3232 585; x_wconf 89' lang='lat' dir='ltr'><strong>ille</strong></span> <span class='ocrx_word' id='word_1_140' title='bbox 3278 533 3536 603; x_wconf 75' lang='lat' dir='ltr'><strong>martyris</strong></span> 
     </span>
    </p>
   </div>
   <div class='ocr_carea' id='block_1_21' title="bbox 1966 615 3536 691">
    <p class='ocr_par' dir='ltr' id='par_1_21' title="bbox 1966 615 3536 691">
     <span class='ocr_line' id='line_1_21' title="bbox 1966 615 3536 691; baseline 0.006 -23"><span class='ocrx_word' id='word_1_141' title='bbox 1966 630 2030 669; x_wconf 91' lang='lat' dir='ltr'><strong>ac</strong></span> <span class='ocrx_word' id='word_1_142' title='bbox 2060 615 2394 672; x_wconf 81' lang='lat' dir='ltr'><strong>confessoris</strong></span> <span class='ocrx_word' id='word_1_143' title='bbox 2424 619 2630 691; x_wconf 83' lang='lat' dir='ltr'><strong>honore</strong></span> <span class='ocrx_word' id='word_1_144' title='bbox 2666 618 3005 674; x_wconf 79' lang='lat' dir='ltr'><strong>afficeretur.</strong></span> <span class='ocrx_word' id='word_1_145' title='bbox 3045 617 3183 674; x_wconf 86' lang='lat' dir='ltr'><strong>Nam</strong></span> <span class='ocrx_word' id='word_1_146' title='bbox 3223 627 3279 676; x_wconf 89' lang='lat' dir='ltr'><strong>et</strong></span> <span class='ocrx_word' id='word_1_147' title='bbox 3311 621 3382 676; x_wconf 82' lang='lat' dir='ltr'><strong>ob</strong></span> <span class='ocrx_word' id='word_1_148' title='bbox 3409 637 3536 677; x_wconf 89' lang='lat' dir='ltr'><strong>eam</strong></span> 
     </span>
    </p>
   </div>
   <div class='ocr_carea' id='block_1_22' title="bbox 1965 709 3535 783">
    <p class='ocr_par' dir='ltr' id='par_1_22' title="bbox 1965 709 3535 783">
     <span class='ocr_line' id='line_1_22' title="bbox 1965 709 3535 783; baseline 0.007 -23"><span class='ocrx_word' id='word_1_149' title='bbox 1965 720 2183 761; x_wconf 82' lang='lat' dir='ltr'><strong>causam</strong></span> <span class='ocrx_word' id='word_1_150' title='bbox 2215 709 2337 765; x_wconf 89' lang='lat' dir='ltr'><strong>aliis</strong></span> <span class='ocrx_word' id='word_1_151' title='bbox 2367 710 2697 767; x_wconf 84' lang='lat' dir='ltr'><strong>Christianis</strong></span> <span class='ocrx_word' id='word_1_152' title='bbox 2728 712 2989 783; x_wconf 87' lang='lat' dir='ltr'><strong>pepercit,</strong></span> <span class='ocrx_word' id='word_1_153' title='bbox 3021 729 3148 769; x_wconf 93' lang='lat' dir='ltr'><strong>cum</strong></span> <span class='ocrx_word' id='word_1_154' title='bbox 3184 715 3395 770; x_wconf 81' lang='lat' dir='ltr'><strong>videret</strong></span> <span class='ocrx_word' id='word_1_155' title='bbox 3436 731 3535 771; x_wconf 83' lang='lat' dir='ltr'><strong>eos</strong></span> 
     </span>
    </p>
   </div>
   <div class='ocr_carea' id='block_1_23' title="bbox 1962 798 3533 877">
    <p class='ocr_par' dir='ltr' id='par_1_23' title="bbox 1962 798 3533 877">
     <span class='ocr_line' id='line_1_23' title="bbox 1962 798 3533 877; baseline 0.008 -27"><span class='ocrx_word' id='word_1_156' title='bbox 1962 798 2190 868; x_wconf 77' lang='lat' dir='ltr'><strong>gloriam</strong></span> <span class='ocrx_word' id='word_1_157' title='bbox 2241 801 2344 856; x_wconf 87' lang='lat' dir='ltr'><strong>sibi</strong></span> <span class='ocrx_word' id='word_1_158' title='bbox 2385 801 2538 872; x_wconf 88' lang='lat' dir='ltr'><strong>ipsis,</strong></span> <span class='ocrx_word' id='word_1_159' title='bbox 2569 810 2623 858; x_wconf 92' lang='lat' dir='ltr'><strong>et</strong></span> <span class='ocrx_word' id='word_1_160' title='bbox 2664 804 3198 861; x_wconf 83' lang='lat' dir='ltr'><strong>commendationem</strong></span> <span class='ocrx_word' id='word_1_161' title='bbox 3245 807 3533 877; x_wconf 82' lang='lat' dir='ltr'><strong>religionis</strong></span> 
     </span>
    </p>
   </div>
   <div class='ocr_carea' id='block_1_24' title="bbox 1961 890 3529 966">
    <p class='ocr_par' dir='ltr' id='par_1_24' title="bbox 1961 890 3529 966">
     <span class='ocr_line' id='line_1_24' title="bbox 1961 890 3529 966; baseline 0.007 -25"><span class='ocrx_word' id='word_1_162' title='bbox 1961 901 2074 942; x_wconf 70' lang='lat' dir='ltr'><strong>suae</strong></span> <span class='ocrx_word' id='word_1_163' title='bbox 2128 905 2193 943; x_wconf 81' lang='lat' dir='ltr'><strong>ex</strong></span> <span class='ocrx_word' id='word_1_164' title='bbox 2252 890 2564 961; x_wconf 74' lang='lat' dir='ltr'><strong>huiusmodi</strong></span> <span class='ocrx_word' id='word_1_165' title='bbox 2612 894 2869 964; x_wconf 84' lang='lat' dir='ltr'><strong>periculis</strong></span> <span class='ocrx_word' id='word_1_166' title='bbox 2918 905 3226 966; x_wconf 87' lang='lat' dir='ltr'><strong>reportare,</strong></span> <span class='ocrx_word' id='word_1_167' title='bbox 3276 897 3421 951; x_wconf 88' lang='lat' dir='ltr'><strong>sicut</strong></span> <span class='ocrx_word' id='word_1_168' title='bbox 3472 898 3529 953; x_wconf 92' lang='lat' dir='ltr'><strong>in</strong></span> 
     </span>
    </p>
   </div>
   <div class='ocr_carea' id='block_1_25' title="bbox 1961 979 3531 1048">
    <p class='ocr_par' dir='ltr' id='par_1_25' title="bbox 1961 979 3531 1048">
     <span class='ocr_line' id='line_1_25' title="bbox 1961 979 3531 1048; baseline 0.01 -17"><span class='ocrx_word' id='word_1_169' title='bbox 1961 979 2241 1047; x_wconf 87' lang='lat' dir='ltr'><strong>superiore</strong></span> <span class='ocrx_word' id='word_1_170' title='bbox 2274 980 2411 1036; x_wconf 90' lang='lat' dir='ltr'><strong>libro</strong></span> <span class='ocrx_word' id='word_1_171' title='bbox 2453 983 2761 1040; x_wconf 86' lang='lat' dir='ltr'><strong>observavi.</strong></span> <span class='ocrx_word' id='word_1_172' title='bbox 2791 985 2991 1041; x_wconf 85' lang='lat' dir='ltr'><strong>Postea</strong></span> <span class='ocrx_word' id='word_1_173' title='bbox 3021 1004 3152 1043; x_wconf 90' lang='lat' dir='ltr'><strong>vero</strong></span> <span class='ocrx_word' id='word_1_174' title='bbox 3179 986 3411 1045; x_wconf 85' lang='lat' dir='ltr'><strong>Joviano</strong></span> <span class='ocrx_word' id='word_1_175' title='bbox 3459 990 3531 1048; x_wconf 84' lang='lat' dir='ltr'><strong>ad</strong></span> 
     </span>
    </p>
   </div>
   <div class='ocr_carea' id='block_1_26' title="bbox 1960 1064 3529 1136">
    <p class='ocr_par' dir='ltr' id='par_1_26' title="bbox 1960 1064 3529 1136">
     <span class='ocr_line' id='line_1_26' title="bbox 1960 1064 3529 1136; baseline 0.012 -19"><span class='ocrx_word' id='word_1_176' title='bbox 1960 1064 2249 1136; x_wconf 89' lang='lat' dir='ltr'><strong>imperium</strong></span> <span class='ocrx_word' id='word_1_177' title='bbox 2278 1078 2489 1134; x_wconf 86' lang='lat' dir='ltr'><strong>evecto,</strong></span> <span class='ocrx_word' id='word_1_178' title='bbox 2520 1072 2587 1127; x_wconf 87' lang='lat' dir='ltr'><strong>ab</strong></span> <span class='ocrx_word' id='word_1_179' title='bbox 2614 1073 2811 1129; x_wconf 75' lang='lat' dir='ltr'><strong>exsilio</strong></span> <span class='ocrx_word' id='word_1_180' title='bbox 2841 1087 3130 1132; x_wconf 87' lang='lat' dir='ltr'><strong>revocatus</strong></span> <span class='ocrx_word' id='word_1_181' title='bbox 3165 1077 3399 1134; x_wconf 69' lang='lat' dir='ltr'><strong>Nicaeam</strong></span> <span class='ocrx_word' id='word_1_182' title='bbox 3433 1096 3529 1135; x_wconf 87' lang='lat' dir='ltr'><strong>ve-</strong></span> 
     </span>
    </p>
   </div>
   <div class='ocr_carea' id='block_1_27' title="bbox 1959 1153 3524 1236">
    <p class='ocr_par' dir='ltr' id='par_1_27' title="bbox 1959 1153 3524 1236">
     <span class='ocr_line' id='line_1_27' title="bbox 1959 1153 3524 1236; baseline 0.009 -30"><span class='ocrx_word' id='word_1_183' title='bbox 1959 1155 2059 1208; x_wconf 90' lang='lat' dir='ltr'><strong>nit.</strong></span> <span class='ocrx_word' id='word_1_184' title='bbox 2104 1153 2351 1227; x_wconf 87' lang='lat' dir='ltr'><strong>Cumque</strong></span> <span class='ocrx_word' id='word_1_185' title='bbox 2395 1157 2683 1215; x_wconf 78' lang='lat' dir='ltr'><strong>Jovianum</strong></span> <span class='ocrx_word' id='word_1_186' title='bbox 2718 1163 2856 1217; x_wconf 89' lang='lat' dir='ltr'><strong>mori</strong></span> <span class='ocrx_word' id='word_1_187' title='bbox 2895 1165 3240 1236; x_wconf 69' lang='lat' dir='ltr'><strong>contigisset,</strong></span> <span class='ocrx_word' id='word_1_188' title='bbox 3281 1168 3524 1222; x_wconf 81' lang='lat' dir='ltr'><strong>exercitu</strong></span> 
     </span>
    </p>
   </div>
   <div class='ocr_carea' id='block_1_28' title="bbox 1956 1239 3526 1326">
    <p class='ocr_par' dir='ltr' id='par_1_28' title="bbox 1956 1239 3526 1326">
     <span class='ocr_line' id='line_1_28' title="bbox 1956 1239 3526 1326; baseline 0.011 -31"><span class='ocrx_word' id='word_1_189' title='bbox 1956 1239 2206 1300; x_wconf 86' lang='lat' dir='ltr'><strong>Romano</strong></span> <span class='ocrx_word' id='word_1_190' title='bbox 2237 1252 2290 1300; x_wconf 90' lang='lat' dir='ltr'><strong>et</strong></span> <span class='ocrx_word' id='word_1_191' title='bbox 2340 1248 2406 1303; x_wconf 92' lang='lat' dir='ltr'><strong>iis</strong></span> <span class='ocrx_word' id='word_1_192' title='bbox 2454 1250 2548 1319; x_wconf 87' lang='lat' dir='ltr'><strong>qui</strong></span> <span class='ocrx_word' id='word_1_193' title='bbox 2578 1251 2882 1322; x_wconf 68' lang='lat' dir='ltr'><strong>praecipuas</strong></span> <span class='ocrx_word' id='word_1_194' title='bbox 2928 1252 3222 1324; x_wconf 86' lang='lat' dir='ltr'><strong>dignitates</strong></span> <span class='ocrx_word' id='word_1_195' title='bbox 3265 1256 3526 1326; x_wconf 80' lang='lat' dir='ltr'><strong>gerebant</strong></span> 
     </span>
    </p>
   </div>
   <div class='ocr_carea' id='block_1_29' title="bbox 1955 1334 3524 1415">
    <p class='ocr_par' dir='ltr' id='par_1_29' title="bbox 1955 1334 3524 1415">
     <span class='ocr_line' id='line_1_29' title="bbox 1955 1334 3524 1415; baseline 0.008 -25"><span class='ocrx_word' id='word_1_196' title='bbox 1955 1334 2249 1391; x_wconf 89' lang='lat' dir='ltr'><strong>consilium</strong></span> <span class='ocrx_word' id='word_1_197' title='bbox 2298 1338 2635 1405; x_wconf 85' lang='lat' dir='ltr'><strong>ineuntibus,</strong></span> <span class='ocrx_word' id='word_1_198' title='bbox 2680 1344 2927 1400; x_wconf 91' lang='lat' dir='ltr'><strong>omnium</strong></span> <span class='ocrx_word' id='word_1_199' title='bbox 2980 1344 3242 1415; x_wconf 68' lang='lat' dir='ltr'><strong>suffragio</strong></span> <span class='ocrx_word' id='word_1_200' title='bbox 3282 1345 3524 1402; x_wconf 89' lang='lat' dir='ltr'><strong>Valenti-</strong></span> 
     </span>
    </p>
   </div>
   <div class='ocr_carea' id='block_1_30' title="bbox 1954 1426 3524 1506">
    <p class='ocr_par' dir='ltr' id='par_1_30' title="bbox 1954 1426 3524 1506">
     <span class='ocr_line' id='line_1_30' title="bbox 1954 1426 3524 1506; baseline 0.006 -25"><span class='ocrx_word' id='word_1_201' title='bbox 1954 1426 2153 1483; x_wconf 90' lang='lat' dir='ltr'><strong>nianus</strong></span> <span class='ocrx_word' id='word_1_202' title='bbox 2181 1428 2401 1499; x_wconf 86' lang='lat' dir='ltr'><strong>eligitur</strong></span> <span class='ocrx_word' id='word_1_203' title='bbox 2427 1431 2742 1502; x_wconf 85' lang='lat' dir='ltr'><strong>imperator.</strong></span> <span class='ocrx_word' id='word_1_204' title='bbox 2776 1432 2879 1501; x_wconf 85' lang='lat' dir='ltr'><strong>Qui</strong></span> <span class='ocrx_word' id='word_1_205' title='bbox 2917 1452 3039 1491; x_wconf 88' lang='lat' dir='ltr'><strong>cum</strong></span> <span class='ocrx_word' id='word_1_206' title='bbox 3080 1437 3315 1506; x_wconf 79' lang='lat' dir='ltr'><strong>insignia</strong></span> <span class='ocrx_word' id='word_1_207' title='bbox 3351 1436 3524 1506; x_wconf 90' lang='lat' dir='ltr'><strong>impe-</strong></span> 
     </span>
    </p>
   </div>
   <div class='ocr_carea' id='block_1_31' title="bbox 1954 1515 3521 1588">
    <p class='ocr_par' dir='ltr' id='par_1_31' title="bbox 1954 1515 3521 1588">
     <span class='ocr_line' id='line_1_31' title="bbox 1954 1515 3521 1588; baseline 0.009 -20"><span class='ocrx_word' id='word_1_208' title='bbox 1954 1515 2020 1568; x_wconf 90' lang='lat' dir='ltr'><strong>rii</strong></span> <span class='ocrx_word' id='word_1_209' title='bbox 2052 1517 2409 1588; x_wconf 82' lang='lat' dir='ltr'><strong>suscepisset,</strong></span> <span class='ocrx_word' id='word_1_210' title='bbox 2439 1521 2876 1580; x_wconf 82' lang='lat' dir='ltr'><strong>vociferantibus</strong></span> <span class='ocrx_word' id='word_1_211' title='bbox 2905 1525 3257 1582; x_wconf 76' lang='lat' dir='ltr'><strong>militibusut</strong></span> <span class='ocrx_word' id='word_1_212' title='bbox 3289 1527 3521 1583; x_wconf 89' lang='lat' dir='ltr'><strong>alterum</strong></span> 
     </span>
    </p>
   </div>
   <div class='ocr_carea' id='block_1_32' title="bbox 1954 1604 3520 1687">
    <p class='ocr_par' dir='ltr' id='par_1_32' title="bbox 1954 1604 3520 1687">
     <span class='ocr_line' id='line_1_32' title="bbox 1954 1604 3520 1687; baseline 0.011 -28"><span class='ocrx_word' id='word_1_213' title='bbox 1954 1604 2059 1659; x_wconf 86' lang='lat' dir='ltr'><strong>sibi</strong></span> <span class='ocrx_word' id='word_1_214' title='bbox 2092 1607 2304 1677; x_wconf 90' lang='lat' dir='ltr'><strong>imperii</strong></span> <span class='ocrx_word' id='word_1_215' title='bbox 2339 1618 2646 1666; x_wconf 84' lang='lat' dir='ltr'><strong>consortem</strong></span> <span class='ocrx_word' id='word_1_216' title='bbox 2685 1612 3034 1684; x_wconf 74' lang='lat' dir='ltr'><strong>adiungeret:</strong></span> <span class='ocrx_word' id='word_1_217' title='bbox 3070 1614 3247 1672; x_wconf 84' lang='lat' dir='ltr'><strong>Vestri</strong></span> <span class='ocrx_word' id='word_1_218' title='bbox 3276 1618 3520 1687; x_wconf 80' lang='lat' dir='ltr'><strong>quidem.</strong></span> 
     </span>
    </p>
   </div>
   <div class='ocr_carea' id='block_1_33' title="bbox 1954 1697 3521 1777">
    <p class='ocr_par' dir='ltr' id='par_1_33' title="bbox 1954 1697 3521 1777">
     <span class='ocr_line' id='line_1_33' title="bbox 1954 1697 3521 1777; baseline 0.008 -28"><span class='ocrx_word' id='word_1_219' title='bbox 1954 1697 2149 1767; x_wconf 89' lang='lat' dir='ltr'><strong>inquit,</strong></span> <span class='ocrx_word' id='word_1_220' title='bbox 2191 1699 2402 1754; x_wconf 89' lang='lat' dir='ltr'><strong>arbitrii</strong></span> <span class='ocrx_word' id='word_1_221' title='bbox 2440 1701 2561 1767; x_wconf 84' lang='lat' dir='ltr'><strong>fuit,</strong></span> <span class='ocrx_word' id='word_1_222' title='bbox 2608 1705 3032 1773; x_wconf 88' lang='lat' dir='ltr'><strong>commilitones,</strong></span> <span class='ocrx_word' id='word_1_223' title='bbox 3066 1718 3124 1762; x_wconf 93' lang='lat' dir='ltr'><strong>ut</strong></span> <span class='ocrx_word' id='word_1_224' title='bbox 3157 1723 3242 1762; x_wconf 85' lang='lat' dir='ltr'><strong>me</strong></span> <span class='ocrx_word' id='word_1_225' title='bbox 3286 1708 3521 1777; x_wconf 89' lang='lat' dir='ltr'><strong>impera-</strong></span> 
     </span>
    </p>
   </div>
   <div class='ocr_carea' id='block_1_34' title="bbox 272 1779 1840 1869">
    <p class='ocr_par' dir='ltr' id='par_1_34' title="bbox 272 1779 1840 1858">
     <span class='ocr_line' id='line_1_34' title="bbox 272 1779 1840 1858; baseline 0.009 -30"><span class='ocrx_word' id='word_1_226' title='bbox 272 1779 516 1831; x_wconf 85' lang='grc' dir='ltr'>σκοπεῖν.</span> <span class='ocrx_word' id='word_1_227' title='bbox 550 1779 660 1832; x_wconf 76' lang='grc' dir='ltr'><strong>Καὶ</strong></span> <span class='ocrx_word' id='word_1_228' title='bbox 688 1779 806 1832; x_wconf 88' lang='grc' dir='ltr'>τότε</span> <span class='ocrx_word' id='word_1_229' title='bbox 836 1780 934 1850; x_wconf 82' lang='grc' dir='ltr'>μὲν</span> <span class='ocrx_word' id='word_1_230' title='bbox 963 1781 1134 1835; x_wconf 83' lang='grc' dir='ltr'>ταῦτα</span> <span class='ocrx_word' id='word_1_231' title='bbox 1162 1787 1580 1858; x_wconf 80' lang='grc' dir='ltr'>προσφωνήσας,</span> <span class='ocrx_word' id='word_1_232' title='bbox 1610 1789 1710 1842; x_wconf 90' lang='grc' dir='ltr'>οὐκ</span> <span class='ocrx_word' id='word_1_233' title='bbox 1740 1784 1840 1855; x_wconf 77' lang='grc' dir='ltr'>εἶξε</span> 
     </span>
    </p>
   </div>
   <div class='ocr_carea' id='block_1_35' title="bbox 1940 1779 3522 1869">
    <p class='ocr_par' dir='ltr' id='par_1_35' title="bbox 1953 1793 3522 1869">
     <span class='ocr_line' id='line_1_35' title="bbox 1953 1793 3522 1869; baseline 0.01 -30"><span class='ocrx_word' id='word_1_234' title='bbox 1953 1793 2123 1841; x_wconf 90' lang='lat' dir='ltr'><strong>torem</strong></span> <span class='ocrx_word' id='word_1_235' title='bbox 2143 1798 2384 1845; x_wconf 82' lang='lat' dir='ltr'><strong>vestrum</strong></span> <span class='ocrx_word' id='word_1_236' title='bbox 2409 1793 2704 1865; x_wconf 78' lang='lat' dir='ltr'><strong>eligeretis.</strong></span> <span class='ocrx_word' id='word_1_237' title='bbox 2738 1794 2844 1852; x_wconf 87' lang='lat' dir='ltr'><strong>Sed</strong></span> <span class='ocrx_word' id='word_1_238' title='bbox 2869 1806 3223 1868; x_wconf 85' lang='lat' dir='ltr'><strong>posteaquam</strong></span> <span class='ocrx_word' id='word_1_239' title='bbox 3280 1800 3522 1869; x_wconf 84' lang='lat' dir='ltr'><strong>elegistis</strong></span> 
     </span>
    </p>
   </div>
   <div class='ocr_carea' id='block_1_36' title="bbox 269 1869 1855 1951">
    <p class='ocr_par' dir='ltr' id='par_1_36' title="bbox 269 1869 1855 1951">
     <span class='ocr_line' id='line_1_36' title="bbox 269 1869 1855 1951; baseline 0.009 -31"><span class='ocrx_word' id='word_1_240' title='bbox 269 1869 383 1932; x_wconf 81' lang='grc' dir='ltr'>τοῖς</span> <span class='ocrx_word' id='word_1_241' title='bbox 438 1870 816 1940; x_wconf 81' lang='grc' dir='ltr'>στρατιώταις.</span> <span class='ocrx_word' id='word_1_242' title='bbox 862 1872 996 1925; x_wconf 86' lang='grc' dir='ltr'>Μετ’</span> <span class='ocrx_word' id='word_1_243' title='bbox 1021 1874 1082 1926; x_wconf 84' lang='grc' dir='ltr'>οὒ</span> <span class='ocrx_word' id='word_1_244' title='bbox 1126 1876 1261 1930; x_wconf 78' lang='grc' dir='ltr'>πολὺ</span> <span class='ocrx_word' id='word_1_245' title='bbox 1313 1876 1368 1930; x_wconf 87' lang='grc' dir='ltr'>δὲ</span> <span class='ocrx_word' id='word_1_246' title='bbox 1406 1882 1855 1951; x_wconf 84' lang='grc' dir='ltr'>παραγενόμενος</span> 
     </span>
    </p>
   </div>
   <div class='ocr_carea' id='block_1_37' title="bbox 268 1961 1854 2038">
    <p class='ocr_par' dir='ltr' id='par_1_37' title="bbox 268 1961 1854 2038">
     <span class='ocr_line' id='line_1_37' title="bbox 268 1961 1854 2038; baseline 0.007 -25"><span class='ocrx_word' id='word_1_247' title='bbox 268 1961 350 2023; x_wconf 82' lang='grc' dir='ltr'><strong>είς</strong></span> <span class='ocrx_word' id='word_1_248' title='bbox 380 1962 962 2029; x_wconf 83' lang='grc' dir='ltr'>Κωνσταντινούπολιν,</span> <span class='ocrx_word' id='word_1_249' title='bbox 997 1965 1298 2037; x_wconf 77' lang='grc' dir='ltr'>ἀνεκήρυξε</span> <span class='ocrx_word' id='word_1_250' title='bbox 1331 1968 1555 2038; x_wconf 83' lang='grc' dir='ltr'>βασιλέα</span> <span class='ocrx_word' id='word_1_251' title='bbox 1588 1970 1678 2023; x_wconf 82' lang='grc' dir='ltr'>τὸν</span> <span class='ocrx_word' id='word_1_252' title='bbox 1709 1972 1854 2025; x_wconf 84' lang='grc' dir='ltr'>ἀδελ-</span> 
     </span>
    </p>
   </div>
   <div class='ocr_carea' id='block_1_38' title="bbox 267 2051 1849 2130">
    <p class='ocr_par' dir='ltr' id='par_1_38' title="bbox 267 2051 1849 2130">
     <span class='ocr_line' id='line_1_38' title="bbox 267 2051 1849 2130; baseline 0.008 -26"><span class='ocrx_word' id='word_1_253' title='bbox 267 2051 368 2120; x_wconf 86' lang='grc' dir='ltr'><strong>φόν</strong></span> <span class='ocrx_word' id='word_1_254' title='bbox 388 2069 401 2083; x_wconf 88' lang='grc'><strong>·</strong></span> <span class='ocrx_word' id='word_1_255' title='bbox 440 2053 532 2105; x_wconf 72' lang='grc' dir='ltr'>καὶ</span> <span class='ocrx_word' id='word_1_256' title='bbox 560 2053 658 2123; x_wconf 81' lang='grc' dir='ltr'><strong>τῆς</strong></span> <span class='ocrx_word' id='word_1_257' title='bbox 683 2054 926 2122; x_wconf 81' lang='grc' dir='ltr'>ὑπηκόου</span> <span class='ocrx_word' id='word_1_258' title='bbox 957 2053 1025 2108; x_wconf 84' lang='grc' dir='ltr'>τὰ</span> <span class='ocrx_word' id='word_1_259' title='bbox 1056 2055 1153 2126; x_wconf 87' lang='grc' dir='ltr'>μὲν</span> <span class='ocrx_word' id='word_1_260' title='bbox 1191 2057 1327 2126; x_wconf 81' lang='grc' dir='ltr'>πρὸς</span> <span class='ocrx_word' id='word_1_261' title='bbox 1355 2057 1506 2128; x_wconf 73' lang='grc' dir='ltr'>ἥλιον</span> <span class='ocrx_word' id='word_1_262' title='bbox 1541 2059 1849 2130; x_wconf 84' lang='grc' dir='ltr'>ἀνίσχοντα,</span> 
     </span>
    </p>
   </div>
   <div class='ocr_carea' id='block_1_39' title="bbox 266 2141 1853 2219">
    <p class='ocr_par' dir='ltr' id='par_1_39' title="bbox 266 2141 1853 2219">
     <span class='ocr_line' id='line_1_39' title="bbox 266 2141 1853 2219; baseline 0.006 -25"><span class='ocrx_word' id='word_1_263' title='bbox 266 2142 582 2212; x_wconf 88' lang='grc' dir='ltr'>παρέδωκεν</span> <span class='ocrx_word' id='word_1_264' title='bbox 604 2141 771 2214; x_wconf 79' lang='grc' dir='ltr'>αὐτῷ·</span> <span class='ocrx_word' id='word_1_265' title='bbox 800 2145 869 2198; x_wconf 83' lang='grc' dir='ltr'>τὰ</span> <span class='ocrx_word' id='word_1_266' title='bbox 892 2144 949 2199; x_wconf 86' lang='grc' dir='ltr'>δὲ</span> <span class='ocrx_word' id='word_1_267' title='bbox 983 2145 1089 2199; x_wconf 74' lang='grc' dir='ltr'>ἀπὸ</span> <span class='ocrx_word' id='word_1_268' title='bbox 1118 2146 1389 2219; x_wconf 85' lang='grc' dir='ltr'>Ἰλλυριῶν</span> <span class='ocrx_word' id='word_1_269' title='bbox 1437 2148 1530 2201; x_wconf 76' lang='grc' dir='ltr'><strong>ἐπὶ</strong></span> <span class='ocrx_word' id='word_1_270' title='bbox 1560 2148 1649 2203; x_wconf 84' lang='grc' dir='ltr'><strong>τδν</strong></span> <span class='ocrx_word' id='word_1_271' title='bbox 1699 2151 1853 2204; x_wconf 80' lang='grc' dir='ltr'>ἐσπέ-</span> 
     </span>
    </p>
   </div>
   <div class='ocr_carea' id='block_1_40' title="bbox 182 2230 1847 2314">
    <p class='ocr_par' dir='ltr' id='par_1_40' title="bbox 182 2230 1847 2314">
     <span class='ocr_line' id='line_1_40' title="bbox 182 2230 1847 2314; baseline 0.016 -32"><span class='ocrx_word' id='word_1_272' title='bbox 182 2230 185 2231; x_wconf 58' lang='grc'><strong><em>⁷</em></strong></span> <span class='ocrx_word' id='word_1_273' title='bbox 268 2250 381 2305; x_wconf 85' lang='grc' dir='ltr'>ριον</span> <span class='ocrx_word' id='word_1_274' title='bbox 402 2234 661 2297; x_wconf 84' lang='grc' dir='ltr'>ὠκεανὸν,</span> <span class='ocrx_word' id='word_1_275' title='bbox 691 2235 783 2289; x_wconf 74' lang='grc' dir='ltr'><strong>καὶ</strong></span> <span class='ocrx_word' id='word_1_276' title='bbox 815 2238 995 2291; x_wconf 84' lang='grc' dir='ltr'>πᾶσαν</span> <span class='ocrx_word' id='word_1_277' title='bbox 1016 2238 1114 2309; x_wconf 80' lang='grc' dir='ltr'>τὴν</span> <span class='ocrx_word' id='word_1_278' title='bbox 1147 2239 1371 2310; x_wconf 84' lang='grc' dir='ltr'>ἀντικρὺ</span> <span class='ocrx_word' id='word_1_279' title='bbox 1397 2240 1624 2311; x_wconf 71' lang='grc' dir='ltr'>ἤπειρον</span> <span class='ocrx_word' id='word_1_280' title='bbox 1655 2243 1847 2314; x_wconf 86' lang='grc' dir='ltr'>μέχρις</span> 
     </span>
    </p>
   </div>
   <div class='ocr_carea' id='block_1_41' title="bbox 263 2325 1848 2407">
    <p class='ocr_par' dir='ltr' id='par_1_41' title="bbox 263 2325 1848 2407">
     <span class='ocr_line' id='line_1_41' title="bbox 263 2325 1848 2407; baseline 0.009 -31"><span class='ocrx_word' id='word_1_281' title='bbox 263 2325 507 2395; x_wconf 78' lang='grc' dir='ltr'>ἐσχάτων</span> <span class='ocrx_word' id='word_1_282' title='bbox 546 2326 780 2395; x_wconf 87' lang='grc' dir='ltr'>Λιϐύων,</span> <span class='ocrx_word' id='word_1_283' title='bbox 811 2328 899 2397; x_wconf 84' lang='grc' dir='ltr'><strong>ὑφ’</strong></span> <span class='ocrx_word' id='word_1_284' title='bbox 925 2330 1115 2383; x_wconf 79' lang='grc' dir='ltr'>ἑαυτὸν</span> <span class='ocrx_word' id='word_1_285' title='bbox 1155 2330 1362 2397; x_wconf 79' lang='grc' dir='ltr'>ἔταξεν.</span> <span class='ocrx_word' id='word_1_286' title='bbox 1402 2332 1603 2403; x_wconf 75' lang='grc' dir='ltr'>’Ἄμφω</span> <span class='ocrx_word' id='word_1_287' title='bbox 1631 2335 1687 2389; x_wconf 85' lang='grc' dir='ltr'>δὲ</span> <span class='ocrx_word' id='word_1_288' title='bbox 1712 2337 1848 2407; x_wconf 83' lang='grc' dir='ltr'>Χρι-</span> 
     </span>
    </p>
   </div>
   <div class='ocr_carea' id='block_1_42' title="bbox 264 2416 1845 2499">
    <p class='ocr_par' dir='ltr' id='par_1_42' title="bbox 264 2416 1845 2499">
     <span class='ocr_line' id='line_1_42' title="bbox 264 2416 1845 2499; baseline 0.009 -30"><span class='ocrx_word' id='word_1_289' title='bbox 264 2416 465 2471; x_wconf 88' lang='grc' dir='ltr'>στιανὼ</span> <span class='ocrx_word' id='word_1_290' title='bbox 513 2417 612 2490; x_wconf 82' lang='grc' dir='ltr'>τὴν</span> <span class='ocrx_word' id='word_1_291' title='bbox 664 2419 957 2492; x_wconf 87' lang='grc' dir='ltr'>θρησκείαν</span> <span class='ocrx_word' id='word_1_292' title='bbox 1019 2422 1310 2494; x_wconf 77' lang='grc' dir='ltr'>ἐγενέσθην</span> <span class='ocrx_word' id='word_1_293' title='bbox 1342 2441 1356 2455; x_wconf 76' lang='grc' dir='ltr'><strong><em>ο</em></strong></span> <span class='ocrx_word' id='word_1_294' title='bbox 1385 2423 1625 2497; x_wconf 77' lang='grc' dir='ltr'>διαφόρω</span> <span class='ocrx_word' id='word_1_295' title='bbox 1657 2427 1714 2481; x_wconf 87' lang='grc' dir='ltr'>δὲ</span> <span class='ocrx_word' id='word_1_296' title='bbox 1747 2429 1845 2499; x_wconf 77' lang='grc' dir='ltr'>τὴν</span> 
     </span>
    </p>
   </div>
   <div class='ocr_carea' id='block_1_43' title="bbox 260 2507 1844 2590">
    <p class='ocr_par' dir='ltr' id='par_1_43' title="bbox 260 2507 1844 2590">
     <span class='ocr_line' id='line_1_43' title="bbox 260 2507 1844 2590; baseline 0.009 -31"><span class='ocrx_word' id='word_1_297' title='bbox 260 2507 417 2573; x_wconf 82' lang='grc' dir='ltr'>δόξαν</span> <span class='ocrx_word' id='word_1_298' title='bbox 450 2510 544 2563; x_wconf 77' lang='grc' dir='ltr'>καὶ</span> <span class='ocrx_word' id='word_1_299' title='bbox 579 2510 669 2564; x_wconf 83' lang='grc' dir='ltr'>τὸν</span> <span class='ocrx_word' id='word_1_300' title='bbox 720 2511 937 2582; x_wconf 86' lang='grc' dir='ltr'>τρόπον.</span> <span class='ocrx_word' id='word_1_301' title='bbox 971 2513 1183 2583; x_wconf 81' lang='grc' dir='ltr'>Οὐάλης</span> <span class='ocrx_word' id='word_1_302' title='bbox 1218 2514 1315 2584; x_wconf 88' lang='grc' dir='ltr'>μὲν</span> <span class='ocrx_word' id='word_1_303' title='bbox 1344 2515 1474 2586; x_wconf 80' lang='grc' dir='ltr'>γὰρ,</span> <span class='ocrx_word' id='word_1_304' title='bbox 1506 2517 1741 2590; x_wconf 81' lang='grc' dir='ltr'>Εὐδοξίῳ</span> <span class='ocrx_word' id='word_1_305' title='bbox 1765 2519 1844 2589; x_wconf 83' lang='grc' dir='ltr'>τῷ</span> 
     </span>
    </p>
   </div>
   <div class='ocr_carea' id='block_1_44' title="bbox 259 2598 1839 2682">
    <p class='ocr_par' dir='ltr' id='par_1_44' title="bbox 259 2598 1839 2682">
     <span class='ocr_line' id='line_1_44' title="bbox 259 2598 1839 2682; baseline 0.008 -30"><span class='ocrx_word' id='word_1_306' title='bbox 259 2598 543 2671; x_wconf 84' lang='grc' dir='ltr'>ὲπισκόπῳ</span> <span class='ocrx_word' id='word_1_307' title='bbox 579 2604 920 2675; x_wconf 88' lang='grc' dir='ltr'>μυσταγωγῷ</span> <span class='ocrx_word' id='word_1_308' title='bbox 948 2605 1291 2676; x_wconf 83' lang='grc' dir='ltr'>χρησάμενος</span> <span class='ocrx_word' id='word_1_309' title='bbox 1318 2609 1483 2676; x_wconf 84' lang='grc' dir='ltr'>ἡνίκα</span> <span class='ocrx_word' id='word_1_310' title='bbox 1515 2609 1839 2682; x_wconf 87' lang='grc' dir='ltr'>ἐϐαπτίσθη,</span> 
     </span>
    </p>
   </div>
   <div class='ocr_carea' id='block_1_45' title="bbox 257 2688 1840 2776">
    <p class='ocr_par' dir='ltr' id='par_1_45' title="bbox 257 2688 1840 2776">
     <span class='ocr_line' id='line_1_45' title="bbox 257 2688 1840 2776; baseline 0.009 -35"><span class='ocrx_word' id='word_1_311' title='bbox 257 2688 358 2761; x_wconf 80' lang='grc' dir='ltr'>τὴν</span> <span class='ocrx_word' id='word_1_312' title='bbox 396 2690 605 2762; x_wconf 84' lang='grc' dir='ltr'>Ἀρείου</span> <span class='ocrx_word' id='word_1_313' title='bbox 641 2693 820 2747; x_wconf 89' lang='grc' dir='ltr'>πίστιν</span> <span class='ocrx_word' id='word_1_314' title='bbox 869 2695 1061 2767; x_wconf 81' lang='grc' dir='ltr'>ἐζήλου</span> <span class='ocrx_word' id='word_1_315' title='bbox 1093 2714 1107 2728; x_wconf 89' lang='grc'><strong>·</strong></span> <span class='ocrx_word' id='word_1_316' title='bbox 1156 2699 1251 2752; x_wconf 78' lang='grc' dir='ltr'>καὶ</span> <span class='ocrx_word' id='word_1_317' title='bbox 1300 2699 1471 2753; x_wconf 84' lang='grc' dir='ltr'>δεινὸν</span> <span class='ocrx_word' id='word_1_318' title='bbox 1523 2702 1727 2770; x_wconf 79' lang='grc' dir='ltr'>ἡγεῖτο,</span> <span class='ocrx_word' id='word_1_319' title='bbox 1764 2704 1840 2776; x_wconf 81' lang='grc' dir='ltr'>μὴ</span> 
     </span>
    </p>
   </div>
   <div class='ocr_carea' id='block_1_46' title="bbox 260 2780 1834 2871">
    <p class='ocr_par' dir='ltr' id='par_1_46' title="bbox 260 2780 1834 2871">
     <span class='ocr_line' id='line_1_46' title="bbox 260 2780 1834 2871; baseline 0.009 -37"><span class='ocrx_word' id='word_1_320' title='bbox 260 2780 540 2852; x_wconf 79' lang='grc' dir='ltr'>βιάζεσθαι</span> <span class='ocrx_word' id='word_1_321' title='bbox 580 2784 789 2850; x_wconf 80' lang='grc' dir='ltr'>πάντας</span> <span class='ocrx_word' id='word_1_322' title='bbox 821 2787 1108 2858; x_wconf 80' lang='grc' dir='ltr'>ὁμοδόξους</span> <span class='ocrx_word' id='word_1_323' title='bbox 1134 2789 1282 2860; x_wconf 79' lang='grc' dir='ltr'>αὐτῷ</span> <span class='ocrx_word' id='word_1_324' title='bbox 1327 2793 1519 2871; x_wconf 73' lang='grc' dir='ltr'>ποιεῖν.</span> <span class='ocrx_word' id='word_1_325' title='bbox 1553 2792 1834 2850; x_wconf 84' lang='grc' dir='ltr'>Οὐαλεντι-</span> 
     </span>
    </p>
   </div>
   <div class='ocr_carea' id='block_1_47' title="bbox 257 2874 1834 2950">
    <p class='ocr_par' dir='ltr' id='par_1_47' title="bbox 257 2874 1834 2950">
     <span class='ocr_line' id='line_1_47' title="bbox 257 2874 1834 2950; baseline 0.007 -23"><span class='ocrx_word' id='word_1_326' title='bbox 257 2874 437 2937; x_wconf 81' lang='grc' dir='ltr'>νιανὸς</span> <span class='ocrx_word' id='word_1_327' title='bbox 464 2875 541 2940; x_wconf 82' lang='grc' dir='ltr'>δὲ,</span> <span class='ocrx_word' id='word_1_328' title='bbox 567 2875 634 2929; x_wconf 82' lang='grc' dir='ltr'>τὰ</span> <span class='ocrx_word' id='word_1_329' title='bbox 656 2877 796 2930; x_wconf 84' lang='grc' dir='ltr'>αὐτὰ</span> <span class='ocrx_word' id='word_1_330' title='bbox 819 2878 1030 2948; x_wconf 84' lang='grc' dir='ltr'>φρονῶν</span> <span class='ocrx_word' id='word_1_331' title='bbox 1051 2882 1163 2942; x_wconf 82' lang='grc' dir='ltr'>τοῖς</span> <span class='ocrx_word' id='word_1_332' title='bbox 1189 2880 1248 2932; x_wconf 86' lang='grc' dir='ltr'>ὲν</span> <span class='ocrx_word' id='word_1_333' title='bbox 1277 2880 1480 2950; x_wconf 61' lang='grc' dir='ltr'>Νικαίει</span> <span class='ocrx_word' id='word_1_334' title='bbox 1503 2882 1834 2950; x_wconf 82' lang='grc' dir='ltr'>συνελθοῦσι,</span> 
     </span>
    </p>
   </div>
   <div class='ocr_carea' id='block_1_48' title="bbox 256 2964 1836 3041">
    <p class='ocr_par' dir='ltr' id='par_1_48' title="bbox 256 2964 1836 3041">
     <span class='ocr_line' id='line_1_48' title="bbox 256 2964 1836 3041; baseline 0.008 -24"><span class='ocrx_word' id='word_1_335' title='bbox 256 2964 479 3030; x_wconf 87' lang='grc' dir='ltr'>τούτους</span> <span class='ocrx_word' id='word_1_336' title='bbox 506 2967 603 3038; x_wconf 84' lang='grc' dir='ltr'>μὲν</span> <span class='ocrx_word' id='word_1_337' title='bbox 630 2966 828 3037; x_wconf 82' lang='grc' dir='ltr'>ὠφέλει</span> <span class='ocrx_word' id='word_1_338' title='bbox 853 2985 867 2999; x_wconf 75' lang='grc' dir='ltr'><strong><em>ο</em></strong></span> <span class='ocrx_word' id='word_1_339' title='bbox 895 2971 1006 3033; x_wconf 87' lang='grc' dir='ltr'>τοῖς</span> <span class='ocrx_word' id='word_1_340' title='bbox 1034 2969 1090 3023; x_wconf 85' lang='grc' dir='ltr'>δὲ</span> <span class='ocrx_word' id='word_1_341' title='bbox 1111 2969 1315 3041; x_wconf 81' lang='grc' dir='ltr'>ἑτέρως</span> <span class='ocrx_word' id='word_1_342' title='bbox 1340 2970 1836 3041; x_wconf 81' lang='grc' dir='ltr'>δοξάζουσιν,ούδὲν</span> 
     </span>
    </p>
   </div>
   <div class='ocr_carea' id='block_1_49' title="bbox 255 3056 509 3129">
    <p class='ocr_par' dir='ltr' id='par_1_49' title="bbox 255 3056 509 3129">
     <span class='ocr_line' id='line_1_49' title="bbox 255 3056 509 3129; baseline 0.008 -20"><span class='ocrx_word' id='word_1_343' title='bbox 255 3056 509 3129; x_wconf 78' lang='grc' dir='ltr'>ἠνώχλει.</span> 
     </span>
    </p>
   </div>
   <div class='ocr_carea' id='block_1_50' title="bbox 1956 1875 3521 1953">
    <p class='ocr_par' dir='ltr' id='par_1_50' title="bbox 1956 1875 3521 1953">
     <span class='ocr_line' id='line_1_50' title="bbox 1956 1875 3521 1953; baseline 0.007 -24"><span class='ocrx_word' id='word_1_344' title='bbox 1956 1875 2009 1931; x_wconf 89' lang='lat' dir='ltr'><strong>id</strong></span> <span class='ocrx_word' id='word_1_345' title='bbox 2041 1879 2187 1945; x_wconf 92' lang='lat' dir='ltr'><strong>quod</strong></span> <span class='ocrx_word' id='word_1_346' title='bbox 2228 1880 2436 1948; x_wconf 87' lang='lat' dir='ltr'><strong>petitis,</strong></span> <span class='ocrx_word' id='word_1_347' title='bbox 2489 1884 2597 1938; x_wconf 90' lang='lat' dir='ltr'><strong>mei</strong></span> <span class='ocrx_word' id='word_1_348' title='bbox 2646 1884 2856 1941; x_wconf 86' lang='lat' dir='ltr'><strong>arbitrii</strong></span> <span class='ocrx_word' id='word_1_349' title='bbox 2910 1894 3015 1953; x_wconf 92' lang='lat' dir='ltr'><strong>est,</strong></span> <span class='ocrx_word' id='word_1_350' title='bbox 3066 1904 3174 1942; x_wconf 90' lang='lat' dir='ltr'><strong>non</strong></span> <span class='ocrx_word' id='word_1_351' title='bbox 3220 1889 3406 1943; x_wconf 85' lang='lat' dir='ltr'><strong>vestri.</strong></span> <span class='ocrx_word' id='word_1_352' title='bbox 3453 1887 3521 1941; x_wconf 86' lang='lat' dir='ltr'><strong>Et</strong></span> 
     </span>
    </p>
   </div>
   <div class='ocr_carea' id='block_1_51' title="bbox 1953 1968 3522 2048">
    <p class='ocr_par' dir='ltr' id='par_1_51' title="bbox 1953 1968 3522 2048">
     <span class='ocr_line' id='line_1_51' title="bbox 1953 1968 3522 2048; baseline 0.009 -29"><span class='ocrx_word' id='word_1_353' title='bbox 1953 1981 2049 2022; x_wconf 80' lang='lat' dir='ltr'><strong>vos</strong></span> <span class='ocrx_word' id='word_1_354' title='bbox 2077 1968 2296 2038; x_wconf 88' lang='lat' dir='ltr'><strong>quidem</strong></span> <span class='ocrx_word' id='word_1_355' title='bbox 2331 1977 2590 2042; x_wconf 90' lang='lat' dir='ltr'><strong>tanquam</strong></span> <span class='ocrx_word' id='word_1_356' title='bbox 2637 1976 2886 2034; x_wconf 91' lang='lat' dir='ltr'><strong>subditos</strong></span> <span class='ocrx_word' id='word_1_357' title='bbox 2914 1978 3200 2048; x_wconf 89' lang='lat' dir='ltr'><strong>quiescere</strong></span> <span class='ocrx_word' id='word_1_358' title='bbox 3227 1977 3405 2043; x_wconf 90' lang='lat' dir='ltr'><strong>decet,</strong></span> <span class='ocrx_word' id='word_1_359' title='bbox 3435 1991 3522 2033; x_wconf 89' lang='lat' dir='ltr'><strong>me</strong></span> 
     </span>
    </p>
   </div>
   <div class='ocr_carea' id='block_1_52' title="bbox 1951 2064 3518 2142">
    <p class='ocr_par' dir='ltr' id='par_1_52' title="bbox 1951 2064 3518 2142">
     <span class='ocr_line' id='line_1_52' title="bbox 1951 2064 3518 2142; baseline 0.01 -31"><span class='ocrx_word' id='word_1_360' title='bbox 1951 2072 2102 2124; x_wconf 90' lang='lat' dir='ltr'><strong>vero,</strong></span> <span class='ocrx_word' id='word_1_361' title='bbox 2139 2068 2325 2131; x_wconf 91' lang='lat' dir='ltr'><strong>utpote</strong></span> <span class='ocrx_word' id='word_1_362' title='bbox 2362 2064 2769 2136; x_wconf 88' lang='lat' dir='ltr'><strong>imperatorem,</strong></span> <span class='ocrx_word' id='word_1_363' title='bbox 2804 2069 2935 2140; x_wconf 90' lang='lat' dir='ltr'><strong>quid</strong></span> <span class='ocrx_word' id='word_1_364' title='bbox 2969 2070 3236 2142; x_wconf 88' lang='lat' dir='ltr'><strong>agendum</strong></span> <span class='ocrx_word' id='word_1_365' title='bbox 3266 2070 3358 2138; x_wconf 91' lang='lat' dir='ltr'><strong>sit,</strong></span> <span class='ocrx_word' id='word_1_366' title='bbox 3390 2084 3518 2141; x_wconf 86' lang='lat' dir='ltr'><strong>spe-</strong></span> 
     </span>
    </p>
   </div>
   <div class='ocr_carea' id='block_1_53' title="bbox 1949 2150 3519 2232">
    <p class='ocr_par' dir='ltr' id='par_1_53' title="bbox 1949 2150 3519 2232">
     <span class='ocr_line' id='line_1_53' title="bbox 1949 2150 3519 2232; baseline 0.005 -24"><span class='ocrx_word' id='word_1_367' title='bbox 1949 2157 2120 2208; x_wconf 81' lang='lat' dir='ltr'><strong>etare.</strong></span> <span class='ocrx_word' id='word_1_368' title='bbox 2152 2150 2475 2223; x_wconf 84' lang='lat' dir='ltr'><strong>Hujusmodi</strong></span> <span class='ocrx_word' id='word_1_369' title='bbox 2507 2173 2774 2229; x_wconf 89' lang='lat' dir='ltr'><strong>responso</strong></span> <span class='ocrx_word' id='word_1_370' title='bbox 2801 2159 2952 2226; x_wconf 89' lang='lat' dir='ltr'><strong>dato,</strong></span> <span class='ocrx_word' id='word_1_371' title='bbox 2994 2168 3108 2216; x_wconf 89' lang='lat' dir='ltr'><strong>tum</strong></span> <span class='ocrx_word' id='word_1_372' title='bbox 3147 2160 3367 2232; x_wconf 89' lang='lat' dir='ltr'><strong>quidem</strong></span> <span class='ocrx_word' id='word_1_373' title='bbox 3415 2163 3519 2216; x_wconf 79' lang='lat' dir='ltr'><strong>mi-</strong></span> 
     </span>
    </p>
   </div>
   <div class='ocr_carea' id='block_1_54' title="bbox 1948 2240 3514 2324">
    <p class='ocr_par' dir='ltr' id='par_1_54' title="bbox 1948 2240 3514 2324">
     <span class='ocr_line' id='line_1_54' title="bbox 1948 2240 3514 2324; baseline 0.01 -31"><span class='ocrx_word' id='word_1_374' title='bbox 1948 2240 2137 2297; x_wconf 76' lang='lat' dir='ltr'><strong>litibus</strong></span> <span class='ocrx_word' id='word_1_375' title='bbox 2188 2245 2414 2302; x_wconf 90' lang='lat' dir='ltr'><strong>minime</strong></span> <span class='ocrx_word' id='word_1_376' title='bbox 2461 2250 2877 2322; x_wconf 86' lang='lat' dir='ltr'><strong>obtemperavit.</strong></span> <span class='ocrx_word' id='word_1_377' title='bbox 2942 2251 3114 2308; x_wconf 88' lang='lat' dir='ltr'><strong>Paulo</strong></span> <span class='ocrx_word' id='word_1_378' title='bbox 3158 2263 3285 2324; x_wconf 90' lang='lat' dir='ltr'><strong>post</strong></span> <span class='ocrx_word' id='word_1_379' title='bbox 3332 2260 3514 2308; x_wconf 86' lang='lat' dir='ltr'><strong>tamen</strong></span> 
     </span>
    </p>
   </div>
   <div class='ocr_carea' id='block_1_55' title="bbox 1947 2329 3515 2412">
    <p class='ocr_par' dir='ltr' id='par_1_55' title="bbox 1947 2329 3515 2412">
     <span class='ocr_line' id='line_1_55' title="bbox 1947 2329 3515 2412; baseline 0.008 -28"><span class='ocrx_word' id='word_1_380' title='bbox 1947 2329 2479 2406; x_wconf 82' lang='lat' dir='ltr'><strong>ConstantinOpolim</strong></span> <span class='ocrx_word' id='word_1_381' title='bbox 2531 2339 2837 2412; x_wconf 87' lang='lat' dir='ltr'><strong>ingressus,</strong></span> <span class='ocrx_word' id='word_1_382' title='bbox 2874 2341 3097 2396; x_wconf 75' lang='lat' dir='ltr'><strong>fratrem</strong></span> <span class='ocrx_word' id='word_1_383' title='bbox 3133 2341 3515 2412; x_wconf 88' lang='lat' dir='ltr'><strong>imperatorem</strong></span> 
     </span>
    </p>
   </div>
   <div class='ocr_carea' id='block_1_56' title="bbox 1943 2422 3516 2501">
    <p class='ocr_par' dir='ltr' id='par_1_56' title="bbox 1943 2422 3516 2501">
     <span class='ocr_line' id='line_1_56' title="bbox 1943 2422 3516 2501; baseline 0.007 -27"><span class='ocrx_word' id='word_1_384' title='bbox 1943 2422 2302 2480; x_wconf 76' lang='lat' dir='ltr'><strong>renuntiavit.</strong></span> <span class='ocrx_word' id='word_1_385' title='bbox 2329 2425 2395 2480; x_wconf 88' lang='lat' dir='ltr'><strong>Et</strong></span> <span class='ocrx_word' id='word_1_386' title='bbox 2418 2436 2603 2499; x_wconf 87' lang='lat' dir='ltr'><strong>partes</strong></span> <span class='ocrx_word' id='word_1_387' title='bbox 2625 2431 2845 2501; x_wconf 87' lang='lat' dir='ltr'><strong>quidem</strong></span> <span class='ocrx_word' id='word_1_388' title='bbox 2872 2430 3086 2500; x_wconf 88' lang='lat' dir='ltr'><strong>imperii</strong></span> <span class='ocrx_word' id='word_1_389' title='bbox 3109 2446 3230 2501; x_wconf 84' lang='lat' dir='ltr'><strong>quae</strong></span> <span class='ocrx_word' id='word_1_390' title='bbox 3247 2431 3314 2486; x_wconf 89' lang='lat' dir='ltr'><strong>ad</strong></span> <span class='ocrx_word' id='word_1_391' title='bbox 3332 2432 3516 2486; x_wconf 86' lang='lat' dir='ltr'><strong>orien-</strong></span> 
     </span>
    </p>
   </div>
   <div class='ocr_carea' id='block_1_57' title="bbox 1944 2519 3515 2591">
    <p class='ocr_par' dir='ltr' id='par_1_57' title="bbox 1944 2519 3515 2591">
     <span class='ocr_line' id='line_1_57' title="bbox 1944 2519 3515 2591; baseline 0.014 -25"><span class='ocrx_word' id='word_1_392' title='bbox 1944 2520 2051 2567; x_wconf 90' lang='lat' dir='ltr'><strong>tem</strong></span> <span class='ocrx_word' id='word_1_393' title='bbox 2095 2523 2366 2584; x_wconf 88' lang='lat' dir='ltr'><strong>spectant,</strong></span> <span class='ocrx_word' id='word_1_394' title='bbox 2421 2519 2471 2575; x_wconf 88' lang='lat' dir='ltr'><strong>ei</strong></span> <span class='ocrx_word' id='word_1_395' title='bbox 2522 2521 2788 2590; x_wconf 83' lang='lat' dir='ltr'><strong>regendas</strong></span> <span class='ocrx_word' id='word_1_396' title='bbox 2838 2521 3134 2577; x_wconf 85' lang='lat' dir='ltr'><strong>commisit.</strong></span> <span class='ocrx_word' id='word_1_397' title='bbox 3175 2519 3336 2591; x_wconf 76' lang='grc'><strong>227</strong></span> <span class='ocrx_word' id='word_1_398' title='bbox 3383 2525 3515 2586; x_wconf 54' lang='lat' dir='ltr'><strong>Qua?</strong></span> 
     </span>
    </p>
   </div>
   <div class='ocr_carea' id='block_1_58' title="bbox 1942 2606 3514 2681">
    <p class='ocr_par' dir='ltr' id='par_1_58' title="bbox 1942 2606 3514 2681">
     <span class='ocr_line' id='line_1_58' title="bbox 1942 2606 3514 2681; baseline 0.003 -21"><span class='ocrx_word' id='word_1_399' title='bbox 1942 2619 2073 2660; x_wconf 88' lang='lat' dir='ltr'><strong>vero</strong></span> <span class='ocrx_word' id='word_1_400' title='bbox 2106 2606 2175 2661; x_wconf 88' lang='lat' dir='ltr'><strong>ab</strong></span> <span class='ocrx_word' id='word_1_401' title='bbox 2221 2607 2436 2681; x_wconf 82' lang='lat' dir='ltr'><strong>lllyrico</strong></span> <span class='ocrx_word' id='word_1_402' title='bbox 2481 2611 2548 2668; x_wconf 87' lang='lat' dir='ltr'><strong>ad</strong></span> <span class='ocrx_word' id='word_1_403' title='bbox 2587 2613 2978 2668; x_wconf 87' lang='lat' dir='ltr'><strong>occidentalem</strong></span> <span class='ocrx_word' id='word_1_404' title='bbox 3020 2625 3282 2666; x_wconf 88' lang='lat' dir='ltr'><strong>oceanum</strong></span> <span class='ocrx_word' id='word_1_405' title='bbox 3335 2609 3514 2681; x_wconf 87' lang='lat' dir='ltr'><strong>porri-</strong></span> 
     </span>
    </p>
   </div>
   <div class='ocr_carea' id='block_1_59' title="bbox 1940 2700 3508 2776">
    <p class='ocr_par' dir='ltr' id='par_1_59' title="bbox 1940 2700 3508 2776">
     <span class='ocr_line' id='line_1_59' title="bbox 1940 2700 3508 2776; baseline -0.005 -17"><span class='ocrx_word' id='word_1_406' title='bbox 1940 2712 2165 2775; x_wconf 81' lang='lat' dir='ltr'><strong>guntur,</strong></span> <span class='ocrx_word' id='word_1_407' title='bbox 2204 2718 2532 2775; x_wconf 90' lang='lat' dir='ltr'><strong>omnemque</strong></span> <span class='ocrx_word' id='word_1_408' title='bbox 2581 2719 2613 2760; x_wconf 90' lang='lat' dir='ltr'><strong>e</strong></span> <span class='ocrx_word' id='word_1_409' title='bbox 2659 2703 2883 2776; x_wconf 82' lang='lat' dir='ltr'><strong>regione</strong></span> <span class='ocrx_word' id='word_1_410' title='bbox 2920 2703 3084 2758; x_wconf 86' lang='lat' dir='ltr'><strong>sitam</strong></span> <span class='ocrx_word' id='word_1_411' title='bbox 3114 2700 3508 2764; x_wconf 88' lang='lat' dir='ltr'><strong>continentem,</strong></span> 
     </span>
    </p>
   </div>
   <div class='ocr_carea' id='block_1_60' title="bbox 1939 2791 3509 2867">
    <p class='ocr_par' dir='ltr' id='par_1_60' title="bbox 1939 2791 3509 2867">
     <span class='ocr_line' id='line_1_60' title="bbox 1939 2791 3509 2867; baseline -0.004 -17"><span class='ocrx_word' id='word_1_412' title='bbox 1939 2811 2114 2866; x_wconf 90' lang='lat' dir='ltr'><strong>usque</strong></span> <span class='ocrx_word' id='word_1_413' title='bbox 2162 2796 2230 2851; x_wconf 90' lang='lat' dir='ltr'><strong>ad</strong></span> <span class='ocrx_word' id='word_1_414' title='bbox 2278 2797 2499 2852; x_wconf 88' lang='lat' dir='ltr'><strong>ultimas</strong></span> <span class='ocrx_word' id='word_1_415' title='bbox 2539 2795 2738 2851; x_wconf 62' lang='lat' dir='ltr'><strong>Africaa</strong></span> <span class='ocrx_word' id='word_1_416' title='bbox 2769 2805 2982 2867; x_wconf 84' lang='lat' dir='ltr'><strong>gentes,</strong></span> <span class='ocrx_word' id='word_1_417' title='bbox 3019 2795 3123 2849; x_wconf 89' lang='lat' dir='ltr'><strong>sub</strong></span> <span class='ocrx_word' id='word_1_418' title='bbox 3150 2791 3360 2848; x_wconf 88' lang='lat' dir='ltr'><strong>ditione</strong></span> <span class='ocrx_word' id='word_1_419' title='bbox 3410 2806 3509 2846; x_wconf 91' lang='lat' dir='ltr'><strong>sua</strong></span> 
     </span>
    </p>
   </div>
   <div class='ocr_carea' id='block_1_61' title="bbox 1937 2881 3510 2959">
    <p class='ocr_par' dir='ltr' id='par_1_61' title="bbox 1937 2881 3510 2959">
     <span class='ocr_line' id='line_1_61' title="bbox 1937 2881 3510 2959; baseline -0.003 -18"><span class='ocrx_word' id='word_1_420' title='bbox 1937 2887 2188 2943; x_wconf 88' lang='lat' dir='ltr'><strong>retinuit.</strong></span> <span class='ocrx_word' id='word_1_421' title='bbox 2232 2887 2294 2943; x_wconf 86' lang='lat' dir='ltr'><strong>Et</strong></span> <span class='ocrx_word' id='word_1_422' title='bbox 2333 2888 2492 2942; x_wconf 89' lang='lat' dir='ltr'><strong>ambo</strong></span> <span class='ocrx_word' id='word_1_423' title='bbox 2537 2888 2756 2959; x_wconf 89' lang='lat' dir='ltr'><strong>quidem</strong></span> <span class='ocrx_word' id='word_1_424' title='bbox 2790 2888 3049 2959; x_wconf 89' lang='lat' dir='ltr'><strong>religione</strong></span> <span class='ocrx_word' id='word_1_425' title='bbox 3084 2884 3306 2940; x_wconf 85' lang='lat' dir='ltr'><strong>fuerunt</strong></span> <span class='ocrx_word' id='word_1_426' title='bbox 3349 2881 3510 2938; x_wconf 87' lang='lat' dir='ltr'><strong>Chri-</strong></span> 
     </span>
    </p>
   </div>
   <div class='ocr_carea' id='block_1_62' title="bbox 1938 2976 3507 3047">
    <p class='ocr_par' dir='ltr' id='par_1_62' title="bbox 1938 2976 3507 3047">
     <span class='ocr_line' id='line_1_62' title="bbox 1938 2976 3507 3047; baseline -0.003 -15"><span class='ocrx_word' id='word_1_427' title='bbox 1938 2978 2126 3045; x_wconf 87' lang='lat' dir='ltr'><strong>stiani,</strong></span> <span class='ocrx_word' id='word_1_428' title='bbox 2159 2987 2308 3035; x_wconf 80' lang='lat' dir='ltr'><strong>secta</strong></span> <span class='ocrx_word' id='word_1_429' title='bbox 2353 2990 2534 3036; x_wconf 90' lang='lat' dir='ltr'><strong>tamen</strong></span> <span class='ocrx_word' id='word_1_430' title='bbox 2569 2990 2625 3036; x_wconf 92' lang='lat' dir='ltr'><strong>et</strong></span> <span class='ocrx_word' id='word_1_431' title='bbox 2657 2980 2903 3035; x_wconf 89' lang='lat' dir='ltr'><strong>moribus</strong></span> <span class='ocrx_word' id='word_1_432' title='bbox 2950 2979 3092 3033; x_wconf 90' lang='lat' dir='ltr'><strong>inter</strong></span> <span class='ocrx_word' id='word_1_433' title='bbox 3122 2992 3184 3034; x_wconf 87' lang='lat' dir='ltr'><strong>se</strong></span> <span class='ocrx_word' id='word_1_434' title='bbox 3225 2976 3507 3047; x_wconf 79' lang='lat' dir='ltr'><strong>discrepa-</strong></span> 
     </span>
    </p>
   </div>
   <div class='ocr_carea' id='block_1_63' title="bbox 1937 3068 3508 3141">
    <p class='ocr_par' dir='ltr' id='par_1_63' title="bbox 1937 3068 3508 3141">
     <span class='ocr_line' id='line_1_63' title="bbox 1937 3068 3508 3141; baseline -0.003 -16"><span class='ocrx_word' id='word_1_435' title='bbox 1937 3071 2092 3126; x_wconf 90' lang='lat' dir='ltr'><strong>bant.</strong></span> <span class='ocrx_word' id='word_1_436' title='bbox 2134 3071 2267 3127; x_wconf 83' lang='lat' dir='ltr'><strong>Nam</strong></span> <span class='ocrx_word' id='word_1_437' title='bbox 2315 3071 2514 3129; x_wconf 79' lang='lat' dir='ltr'><strong>Valens</strong></span> <span class='ocrx_word' id='word_1_438' title='bbox 2549 3082 2680 3129; x_wconf 91' lang='lat' dir='ltr'><strong>tunc</strong></span> <span class='ocrx_word' id='word_1_439' title='bbox 2709 3087 2831 3131; x_wconf 89' lang='lat' dir='ltr'><strong>cum</strong></span> <span class='ocrx_word' id='word_1_440' title='bbox 2886 3070 3216 3141; x_wconf 90' lang='lat' dir='ltr'><strong>baptismum</strong></span> <span class='ocrx_word' id='word_1_441' title='bbox 3256 3068 3508 3138; x_wconf 77' lang='lat' dir='ltr'><strong>suscipe-</strong></span> 
     </span>
    </p>
   </div>
   <div class='ocr_carea' id='block_1_64' title="bbox 250 3150 3508 3227">
    <p class='ocr_par' dir='ltr' id='par_1_64' title="bbox 250 3150 3508 3227">
     <span class='ocr_line' id='line_1_64' title="bbox 250 3150 3508 3227; baseline 0.003 -23"><span class='ocrx_word' id='word_1_442' title='bbox 250 3157 361 3214; x_wconf 88' lang='lat' dir='ltr'><strong>ret,</strong></span> <span class='ocrx_word' id='word_1_443' title='bbox 412 3152 481 3206; x_wconf 88' lang='lat' dir='ltr'><strong>ab</strong></span> <span class='ocrx_word' id='word_1_444' title='bbox 518 3150 767 3209; x_wconf 79' lang='lat' dir='ltr'><strong>Eudoxio</strong></span> <span class='ocrx_word' id='word_1_445' title='bbox 820 3155 1107 3212; x_wconf 91' lang='lat' dir='ltr'><strong>institutus</strong></span> <span class='ocrx_word' id='word_1_446' title='bbox 1137 3155 1417 3227; x_wconf 87' lang='lat' dir='ltr'><strong>episcopo,</strong></span> <span class='ocrx_word' id='word_1_447' title='bbox 1454 3158 1568 3212; x_wconf 83' lang='lat' dir='ltr'><strong>Arii</strong></span> <span class='ocrx_word' id='word_1_448' title='bbox 1617 3161 1946 3217; x_wconf 89' lang='lat' dir='ltr'><strong>sententiam</strong></span> <span class='ocrx_word' id='word_1_449' title='bbox 2015 3164 2401 3222; x_wconf 90' lang='lat' dir='ltr'><strong>ardentissimo</strong></span> <span class='ocrx_word' id='word_1_450' title='bbox 2439 3166 2621 3221; x_wconf 87' lang='lat' dir='ltr'><strong>studio</strong></span> <span class='ocrx_word' id='word_1_451' title='bbox 2682 3173 2931 3221; x_wconf 89' lang='lat' dir='ltr'><strong>sectatus</strong></span> <span class='ocrx_word' id='word_1_452' title='bbox 2968 3171 3050 3219; x_wconf 86' lang='lat' dir='ltr'><strong>est</strong></span> <span class='ocrx_word' id='word_1_453' title='bbox 3092 3181 3105 3218; x_wconf 86' lang='lat'><strong>:</strong></span> <span class='ocrx_word' id='word_1_454' title='bbox 3166 3177 3232 3218; x_wconf 90' lang='lat' dir='ltr'><strong>ac</strong></span> <span class='ocrx_word' id='word_1_455' title='bbox 3276 3160 3508 3215; x_wconf 89' lang='lat' dir='ltr'><strong>moleste</strong></span> 
     </span>
    </p>
   </div>
   <div class='ocr_carea' id='block_1_65' title="bbox 250 3241 3503 3329">
    <p class='ocr_par' dir='ltr' id='par_1_65' title="bbox 250 3241 3503 3329">
     <span class='ocr_line' id='line_1_65' title="bbox 250 3241 3503 3329; baseline 0.002 -33"><span class='ocrx_word' id='word_1_456' title='bbox 250 3241 463 3298; x_wconf 84' lang='lat' dir='ltr'><strong>ferebat</strong></span> <span class='ocrx_word' id='word_1_457' title='bbox 515 3245 656 3315; x_wconf 87' lang='lat' dir='ltr'><strong>quod</strong></span> <span class='ocrx_word' id='word_1_458' title='bbox 686 3261 875 3303; x_wconf 82' lang='lat' dir='ltr'><strong>omnes</strong></span> <span class='ocrx_word' id='word_1_459' title='bbox 923 3247 990 3301; x_wconf 89' lang='lat' dir='ltr'><strong>ad</strong></span> <span class='ocrx_word' id='word_1_460' title='bbox 1035 3250 1361 3304; x_wconf 85' lang='lat' dir='ltr'><strong>sententiam</strong></span> <span class='ocrx_word' id='word_1_461' title='bbox 1397 3264 1551 3304; x_wconf 87' lang='lat' dir='ltr'><strong>suam</strong></span> <span class='ocrx_word' id='word_1_462' title='bbox 1584 3266 1683 3322; x_wconf 90' lang='lat' dir='ltr'><strong>per</strong></span> <span class='ocrx_word' id='word_1_463' title='bbox 1710 3252 1817 3307; x_wconf 87' lang='lat' dir='ltr'><strong>vim</strong></span> <span class='ocrx_word' id='word_1_464' title='bbox 1858 3270 1966 3310; x_wconf 91' lang='lat' dir='ltr'><strong>non</strong></span> <span class='ocrx_word' id='word_1_465' title='bbox 1994 3266 2234 3329; x_wconf 86' lang='lat' dir='ltr'><strong>cogeret.</strong></span> <span class='ocrx_word' id='word_1_466' title='bbox 2252 3260 2320 3315; x_wconf 83' lang='lat' dir='ltr'><strong>At</strong></span> <span class='ocrx_word' id='word_1_467' title='bbox 2344 3257 2763 3314; x_wconf 80' lang='lat' dir='ltr'><strong>Valentinianus</strong></span> <span class='ocrx_word' id='word_1_468' title='bbox 2790 3254 3000 3310; x_wconf 65' lang='lat' dir='ltr'><strong>Nicacni</strong></span> <span class='ocrx_word' id='word_1_469' title='bbox 3064 3252 3283 3318; x_wconf 70' lang='lat' dir='ltr'><strong>concilii</strong></span> <span class='ocrx_word' id='word_1_470' title='bbox 3343 3251 3503 3305; x_wconf 81' lang='lat' dir='ltr'><strong>fidem</strong></span> 
     </span>
    </p>
   </div>
   <div class='ocr_carea' id='block_1_66' title="bbox 251 3334 3499 3422">
    <p class='ocr_par' dir='ltr' id='par_1_66' title="bbox 251 3334 3499 3422">
     <span class='ocr_line' id='line_1_66' title="bbox 251 3334 3499 3422; baseline 0.004 -35"><span class='ocrx_word' id='word_1_471' title='bbox 251 3334 559 3403; x_wconf 80' lang='lat' dir='ltr'><strong>amplexus,</strong></span> <span class='ocrx_word' id='word_1_472' title='bbox 592 3336 660 3389; x_wconf 91' lang='lat' dir='ltr'><strong>iis</strong></span> <span class='ocrx_word' id='word_1_473' title='bbox 689 3336 905 3405; x_wconf 90' lang='lat' dir='ltr'><strong>quidem</strong></span> <span class='ocrx_word' id='word_1_474' title='bbox 933 3338 1026 3408; x_wconf 90' lang='lat' dir='ltr'><strong>qui</strong></span> <span class='ocrx_word' id='word_1_475' title='bbox 1055 3338 1200 3394; x_wconf 89' lang='lat' dir='ltr'><strong>idem</strong></span> <span class='ocrx_word' id='word_1_476' title='bbox 1237 3354 1365 3396; x_wconf 86' lang='lat' dir='ltr'><strong>cum</strong></span> <span class='ocrx_word' id='word_1_477' title='bbox 1395 3340 1514 3412; x_wconf 89' lang='lat' dir='ltr'><strong>ipso</strong></span> <span class='ocrx_word' id='word_1_478' title='bbox 1581 3343 1847 3399; x_wconf 84' lang='lat' dir='ltr'><strong>sentirent</strong></span> <span class='ocrx_word' id='word_1_479' title='bbox 1885 3345 2137 3417; x_wconf 85' lang='lat' dir='ltr'><strong>favebat,</strong></span> <span class='ocrx_word' id='word_1_480' title='bbox 2179 3365 2275 3408; x_wconf 89' lang='lat' dir='ltr'><strong>eos</strong></span> <span class='ocrx_word' id='word_1_481' title='bbox 2317 3365 2448 3407; x_wconf 85' lang='lat' dir='ltr'><strong>vero</strong></span> <span class='ocrx_word' id='word_1_482' title='bbox 2487 3351 2580 3422; x_wconf 91' lang='lat' dir='ltr'><strong>qui</strong></span> <span class='ocrx_word' id='word_1_483' title='bbox 2614 3349 2886 3405; x_wconf 87' lang='lat' dir='ltr'><strong>diversam</strong></span> <span class='ocrx_word' id='word_1_484' title='bbox 2915 3346 3233 3417; x_wconf 88' lang='lat' dir='ltr'><strong>opinionem</strong></span> <span class='ocrx_word' id='word_1_485' title='bbox 3296 3359 3499 3415; x_wconf 86' lang='lat' dir='ltr'><strong>seque-</strong></span> 
     </span>
    </p>
   </div>
   <div class='ocr_carea' id='block_1_67' title="bbox 250 3430 1158 3495">
    <p class='ocr_par' dir='ltr' id='par_1_67' title="bbox 250 3430 1158 3495">
     <span class='ocr_line' id='line_1_67' title="bbox 250 3430 1158 3495; baseline 0.006 -13"><span class='ocrx_word' id='word_1_486' title='bbox 250 3436 466 3495; x_wconf 89' lang='lat' dir='ltr'><strong>rentur,</strong></span> <span class='ocrx_word' id='word_1_487' title='bbox 497 3430 647 3485; x_wconf 88' lang='lat' dir='ltr'><strong>nulla</strong></span> <span class='ocrx_word' id='word_1_488' title='bbox 675 3430 853 3487; x_wconf 71' lang='lat' dir='ltr'><strong>affecit</strong></span> <span class='ocrx_word' id='word_1_489' title='bbox 884 3433 1158 3489; x_wconf 88' lang='lat' dir='ltr'><strong>molestia.</strong></span> 
     </span>
    </p>
   </div>
   <div class='ocr_carea' id='block_1_68' title="bbox 876 3528 1231 3584">
    <p class='ocr_par' dir='ltr' id='par_1_68' title="bbox 876 3528 1231 3584">
     <span class='ocr_line' id='line_1_68' title="bbox 876 3528 1231 3584; baseline 0.014 -5"><span class='ocrx_word' id='word_1_490' title='bbox 876 3528 1123 3583; x_wconf 84' lang='grc' dir='ltr'>ΚΕΦΛΛ.</span> <span class='ocrx_word' id='word_1_491' title='bbox 1159 3532 1231 3584; x_wconf 92' lang='lat' dir='ltr'><strong>Z&#39;.</strong></span> 
     </span>
    </p>
   </div>
   <div class='ocr_carea' id='block_1_69' title="bbox 250 3615 1821 3689">
    <p class='ocr_par' dir='ltr' id='par_1_69' title="bbox 250 3615 1821 3689">
     <span class='ocr_line' id='line_1_69' title="bbox 250 3615 1821 3689; baseline 0.006 -19"><span class='ocrx_word' id='word_1_492' title='bbox 250 3616 383 3670; x_wconf 82' lang='grc' dir='ltr'>Ὀτι</span> <span class='ocrx_word' id='word_1_493' title='bbox 405 3615 513 3689; x_wconf 26' lang='grc' dir='ltr'>’καὶ</span> <span class='ocrx_word' id='word_1_494' title='bbox 537 3616 723 3689; x_wconf 57' lang='grc' dir='ltr'>πάλιν</span> <span class='ocrx_word' id='word_1_495' title='bbox 751 3617 824 3671; x_wconf 84' lang='grc' dir='ltr'>τὰ</span> <span class='ocrx_word' id='word_1_496' title='bbox 850 3617 968 3672; x_wconf 75' lang='grc' dir='ltr'>τῶν</span> <span class='ocrx_word' id='word_1_497' title='bbox 1005 3620 1380 3689; x_wconf 78' lang='grc' dir='ltr'>Ἐκκλησιῶν</span> <span class='ocrx_word' id='word_1_498' title='bbox 1410 3625 1821 3680; x_wconf 65' lang='grc' dir='ltr'>ἀνεκενοῦντο·</span> 
     </span>
    </p>
   </div>
   <div class='ocr_carea' id='block_1_70' title="bbox 320 3685 1827 3762">
    <p class='ocr_par' dir='ltr' id='par_1_70' title="bbox 320 3685 1827 3762">
     <span class='ocr_line' id='line_1_70' title="bbox 320 3685 1827 3762; baseline 0.01 -26"><span class='ocrx_word' id='word_1_499' title='bbox 320 3685 718 3762; x_wconf 38' lang='grc' dir='ltr'>καὶ-σύνοδος</span> <span class='ocrx_word' id='word_1_500' title='bbox 747 3689 816 3740; x_wconf 79' lang='grc' dir='ltr'>ἐν</span> <span class='ocrx_word' id='word_1_501' title='bbox 846 3689 1152 3762; x_wconf 70' lang='grc' dir='ltr'>ᾼαμψάκῳ</span> <span class='ocrx_word' id='word_1_502' title='bbox 1198 3685 1421 3760; x_wconf 64' lang='grc' dir='ltr'>γίνεται</span> <span class='ocrx_word' id='word_1_503' title='bbox 1459 3713 1472 3726; x_wconf 91' lang='grc'><strong>·</strong></span> <span class='ocrx_word' id='word_1_504' title='bbox 1514 3698 1611 3750; x_wconf 79' lang='grc' dir='ltr'>καὶ</span> <span class='ocrx_word' id='word_1_505' title='bbox 1649 3697 1729 3762; x_wconf 84' lang='grc' dir='ltr'>ὡς</span> <span class='ocrx_word' id='word_1_506' title='bbox 1772 3699 1827 3751; x_wconf 88' lang='grc' dir='ltr'><strong>οί</strong></span> 
     </span>
    </p>
   </div>
   <div class='ocr_carea' id='block_1_71' title="bbox 319 3756 1826 3833">
    <p class='ocr_par' dir='ltr' id='par_1_71' title="bbox 319 3756 1826 3833">
     <span class='ocr_line' id='line_1_71' title="bbox 319 3756 1826 3833; baseline 0.009 -27"><span class='ocrx_word' id='word_1_507' title='bbox 319 3756 455 3833; x_wconf 58' lang='grc' dir='ltr'>περί</span> <span class='ocrx_word' id='word_1_508' title='bbox 506 3757 800 3833; x_wconf 57' lang='grc' dir='ltr'>Εὺδόξέον</span> <span class='ocrx_word' id='word_1_509' title='bbox 846 3756 1126 3833; x_wconf 62' lang='grc' dir='ltr'>Ἀρςἰανςοὶ</span> <span class='ocrx_word' id='word_1_510' title='bbox 1174 3756 1462 3828; x_wconf 76' lang='grc' dir='ltr'>κρατοῦσι</span> <span class='ocrx_word' id='word_1_511' title='bbox 1491 3804 1505 3828; x_wconf 90' lang='grc'><strong>,</strong></span> <span class='ocrx_word' id='word_1_512' title='bbox 1538 3766 1634 3819; x_wconf 75' lang='grc' dir='ltr'>καὶ</span> <span class='ocrx_word' id='word_1_513' title='bbox 1684 3756 1826 3833; x_wconf 62' lang='grc' dir='ltr'>ἑοὺς</span> 
     </span>
    </p>
   </div>
   <div class='ocr_carea' id='block_1_72' title="bbox 320 3824 1831 3898">
    <p class='ocr_par' dir='ltr' id='par_1_72' title="bbox 320 3824 1831 3898">
     <span class='ocr_line' id='line_1_72' title="bbox 320 3824 1831 3898; baseline 0.008 -20"><span class='ocrx_word' id='word_1_514' title='bbox 320 3824 463 3891; x_wconf 72' lang='grc' dir='ltr'>ὀρθὰ</span> <span class='ocrx_word' id='word_1_515' title='bbox 492 3827 876 3898; x_wconf 58' lang='grc' dir='ltr'>φρονοῦντας</span> <span class='ocrx_word' id='word_1_516' title='bbox 906 3824 1028 3881; x_wconf 69' lang='grc' dir='ltr'><strong>τῶν</strong></span> <span class='ocrx_word' id='word_1_517' title='bbox 1059 3824 1430 3898; x_wconf 57' lang='grc' dir='ltr'>Ἐκκᾶησιῶν</span> <span class='ocrx_word' id='word_1_518' title='bbox 1459 3824 1831 3890; x_wconf 74' lang='grc' dir='ltr'>ἀπελαύνουό</span> 
     </span>
    </p>
   </div>
   <div class='ocr_carea' id='block_1_73' title="bbox 316 3893 1661 3968">
    <p class='ocr_par' dir='ltr' id='par_1_73' title="bbox 316 3893 1661 3968">
     <span class='ocr_line' id='line_1_73' title="bbox 316 3893 1661 3968; baseline 0.009 -21"><span class='ocrx_word' id='word_1_519' title='bbox 316 3909 443 3959; x_wconf 81' lang='grc' dir='ltr'>σιν,</span> <span class='ocrx_word' id='word_1_520' title='bbox 478 3897 546 3948; x_wconf 79' lang='grc' dir='ltr'><strong>ἐν</strong></span> <span class='ocrx_word' id='word_1_521' title='bbox 569 3893 659 3958; x_wconf 77' lang='grc' dir='ltr'>οἷς</span> <span class='ocrx_word' id='word_1_522' title='bbox 690 3897 787 3950; x_wconf 81' lang='grc' dir='ltr'>καὶ</span> <span class='ocrx_word' id='word_1_523' title='bbox 813 3897 921 3952; x_wconf 79' lang='grc' dir='ltr'><strong>τὸν</strong></span> <span class='ocrx_word' id='word_1_524' title='bbox 957 3893 1318 3968; x_wconf 71' lang='grc' dir='ltr'>Ἀντιοχείας</span> <span class='ocrx_word' id='word_1_525' title='bbox 1352 3904 1661 3959; x_wconf 73' lang='grc' dir='ltr'>Μελέτιον.</span> 
     </span>
    </p>
   </div>
   <div class='ocr_carea' id='block_1_74' title="bbox 315 3987 1825 4067">
    <p class='ocr_par' dir='ltr' id='par_1_74' title="bbox 315 3987 1825 4067">
     <span class='ocr_line' id='line_1_74' title="bbox 315 3987 1825 4067; baseline 0.007 -28"><span class='ocrx_word' id='word_1_526' title='bbox 315 3987 473 4040; x_wconf 78' lang='grc' dir='ltr'>Ἐπεὶ</span> <span class='ocrx_word' id='word_1_527' title='bbox 505 3987 561 4040; x_wconf 82' lang='grc' dir='ltr'>δὲ</span> <span class='ocrx_word' id='word_1_528' title='bbox 597 3990 1218 4055; x_wconf 84' lang='grc' dir='ltr'>Κωνσταντινουπόλεως</span> <span class='ocrx_word' id='word_1_529' title='bbox 1244 3991 1575 4063; x_wconf 80' lang='grc' dir='ltr'>ὲξεδήμησεν</span> <span class='ocrx_word' id='word_1_530' title='bbox 1609 3996 1700 4049; x_wconf 78' lang='grc' dir='ltr'>ἐπὶ</span> <span class='ocrx_word' id='word_1_531' title='bbox 1725 3996 1825 4067; x_wconf 80' lang='grc' dir='ltr'>τὴν</span> 
     </span>
    </p>
   </div>
   <div class='ocr_carea' id='block_1_75' title="bbox 258 4077 1828 4155">
    <p class='ocr_par' dir='ltr' id='par_1_75' title="bbox 258 4077 1828 4155">
     <span class='ocr_line' id='line_1_75' title="bbox 258 4077 1828 4155; baseline 0.006 -24"><span class='ocrx_word' id='word_1_532' title='bbox 258 4077 479 4148; x_wconf 82' lang='grc' dir='ltr'>Ῥώμην</span> <span class='ocrx_word' id='word_1_533' title='bbox 502 4079 589 4132; x_wconf 87' lang='grc' dir='ltr'>διὰ</span> <span class='ocrx_word' id='word_1_534' title='bbox 618 4080 838 4151; x_wconf 82' lang='grc' dir='ltr'>Θρᾴκης</span> <span class='ocrx_word' id='word_1_535' title='bbox 871 4083 1253 4152; x_wconf 86' lang='grc' dir='ltr'>πορευόμενος,</span> <span class='ocrx_word' id='word_1_536' title='bbox 1292 4085 1594 4154; x_wconf 81' lang='grc' dir='ltr'>τηνικαῦτα</span> <span class='ocrx_word' id='word_1_537' title='bbox 1620 4089 1668 4139; x_wconf 90' lang='grc' dir='ltr'><strong>οί</strong></span> <span class='ocrx_word' id='word_1_538' title='bbox 1699 4087 1828 4155; x_wconf 72' lang='grc' dir='ltr'>περὶ</span> 
     </span>
    </p>
   </div>
   <div class='ocr_carea' id='block_1_76' title="bbox 257 4166 1826 4237">
    <p class='ocr_par' dir='ltr' id='par_1_76' title="bbox 257 4166 1826 4237">
     <span class='ocr_line' id='line_1_76' title="bbox 257 4166 1826 4237; baseline 0.006 -18"><span class='ocrx_word' id='word_1_539' title='bbox 257 4166 650 4236; x_wconf 86' lang='grc' dir='ltr'>Ἑλλήσποντον</span> <span class='ocrx_word' id='word_1_540' title='bbox 675 4170 768 4222; x_wconf 75' lang='grc' dir='ltr'>καὶ</span> <span class='ocrx_word' id='word_1_541' title='bbox 797 4169 1048 4223; x_wconf 88' lang='grc' dir='ltr'>Βιθυνίαν</span> <span class='ocrx_word' id='word_1_542' title='bbox 1079 4173 1384 4237; x_wconf 86' lang='grc' dir='ltr'>ἐπίσκοποι,</span> <span class='ocrx_word' id='word_1_543' title='bbox 1404 4177 1494 4226; x_wconf 72' lang='grc' dir='ltr'>καὶ</span> <span class='ocrx_word' id='word_1_544' title='bbox 1535 4175 1648 4227; x_wconf 86' lang='grc' dir='ltr'>ὅσοι</span> <span class='ocrx_word' id='word_1_545' title='bbox 1679 4176 1826 4229; x_wconf 80' lang='grc' dir='ltr'>ἄλλοι</span> 
     </span>
    </p>
   </div>
   <div class='ocr_carea' id='block_1_77' title="bbox 244 4257 1824 4335">
    <p class='ocr_par' dir='ltr' id='par_1_77' title="bbox 244 4257 1824 4335">
     <span class='ocr_line' id='line_1_77' title="bbox 244 4257 1824 4335; baseline 0.005 -25"><span class='ocrx_word' id='word_1_546' title='bbox 244 4257 531 4329; x_wconf 80' lang='grc' dir='ltr'>ὁμοούσιον</span> <span class='ocrx_word' id='word_1_547' title='bbox 582 4260 693 4331; x_wconf 73' lang='grc'><strong>(62)</strong></span> <span class='ocrx_word' id='word_1_548' title='bbox 747 4261 824 4332; x_wconf 84' lang='grc' dir='ltr'><strong>τῷ</strong></span> <span class='ocrx_word' id='word_1_549' title='bbox 878 4263 1054 4333; x_wconf 76' lang='grc' dir='ltr'>Πατρὶ</span> <span class='ocrx_word' id='word_1_550' title='bbox 1097 4264 1188 4316; x_wconf 74' lang='grc' dir='ltr'>τὸν</span> <span class='ocrx_word' id='word_1_551' title='bbox 1233 4265 1359 4316; x_wconf 84' lang='grc' dir='ltr'>Υίὸν</span> <span class='ocrx_word' id='word_1_552' title='bbox 1393 4264 1572 4332; x_wconf 82' lang='grc' dir='ltr'>λέγειν</span> <span class='ocrx_word' id='word_1_553' title='bbox 1620 4266 1824 4335; x_wconf 72' lang='grc' dir='ltr'>ἠξίουν,</span> 
     </span>
    </p>
   </div>
   <div class='ocr_carea' id='block_1_78' title="bbox 246 4348 1830 4429">
    <p class='ocr_par' dir='ltr' id='par_1_78' title="bbox 246 4348 1830 4429">
     <span class='ocr_line' id='line_1_78' title="bbox 246 4348 1830 4429; baseline 0.005 -25"><span class='ocrx_word' id='word_1_554' title='bbox 246 4348 641 4422; x_wconf 77' lang='grc' dir='ltr'>προϐάλλονται</span> <span class='ocrx_word' id='word_1_555' title='bbox 692 4351 1014 4423; x_wconf 87' lang='grc' dir='ltr'>πρεσϐεύειν</span> <span class='ocrx_word' id='word_1_556' title='bbox 1070 4355 1208 4429; x_wconf 83' lang='grc' dir='ltr'>ὑπὲρ</span> <span class='ocrx_word' id='word_1_557' title='bbox 1259 4355 1438 4411; x_wconf 77' lang='grc' dir='ltr'>αὐτῶν</span> <span class='ocrx_word' id='word_1_558' title='bbox 1505 4355 1830 4412; x_wconf 84' lang='grc' dir='ltr'>Ὑπατιανὸν</span> 
     </span>
    </p>
   </div>
   <div class='ocr_carea' id='block_1_79' title="bbox 322 4505 946 4573">
    <p class='ocr_par' dir='ltr' id='par_1_79' title="bbox 322 4505 946 4573">
     <span class='ocr_line' id='line_1_79' title="bbox 322 4505 946 4573; baseline 0.006 -13"><span class='ocrx_word' id='word_1_559' title='bbox 322 4506 342 4537; x_wconf 71' lang='grc'>⁸</span> <span class='ocrx_word' id='word_1_560' title='bbox 368 4505 525 4561; x_wconf 83' lang='lat' dir='ltr'><strong>Socr.</strong></span> <span class='ocrx_word' id='word_1_561' title='bbox 574 4507 670 4562; x_wconf 90' lang='lat' dir='ltr'><strong>lib.</strong></span> <span class='ocrx_word' id='word_1_562' title='bbox 708 4523 783 4573; x_wconf 81' lang='lat' dir='ltr'><strong>tv,</strong></span> <span class='ocrx_word' id='word_1_563' title='bbox 808 4523 860 4564; x_wconf 91' lang='lat' dir='ltr'><strong>c.</strong></span> <span class='ocrx_word' id='word_1_564' title='bbox 892 4508 946 4564; x_wconf 76' lang='grc'>4.</span> 
     </span>
    </p>
   </div>
   <div class='ocr_carea' id='block_1_80' title="bbox 2559 3528 2872 3588">
    <p class='ocr_par' dir='ltr' id='par_1_80' title="bbox 2559 3528 2872 3588">
     <span class='ocr_line' id='line_1_80' title="bbox 2559 3528 2872 3588; baseline -0.013 -1"><span class='ocrx_word' id='word_1_565' title='bbox 2559 3530 2712 3588; x_wconf 65' lang='lat' dir='ltr'><strong>CAP.</strong></span> <span class='ocrx_word' id='word_1_566' title='bbox 2757 3528 2872 3584; x_wconf 81' lang='lat' dir='ltr'><strong>VII.</strong></span> 
     </span>
    </p>
   </div>
   <div class='ocr_carea' id='block_1_81' title="bbox 1934 3617 3503 3695">
    <p class='ocr_par' dir='ltr' id='par_1_81' title="bbox 1934 3617 3503 3695">
     <span class='ocr_line' id='line_1_81' title="bbox 1934 3617 3503 3695; baseline -0.008 -15"><span class='ocrx_word' id='word_1_567' title='bbox 1934 3625 2208 3692; x_wconf 79' lang='lat' dir='ltr'><strong>Quomodo</strong></span> <span class='ocrx_word' id='word_1_568' title='bbox 2248 3623 2495 3678; x_wconf 75' lang='lat' dir='ltr'><strong>Ecclesite</strong></span> <span class='ocrx_word' id='word_1_569' title='bbox 2531 3622 2700 3675; x_wconf 85' lang='lat' dir='ltr'><strong>denuo</strong></span> <span class='ocrx_word' id='word_1_570' title='bbox 2736 3617 3056 3690; x_wconf 71' lang='lat' dir='ltr'><strong>perturbata:</strong></span> <span class='ocrx_word' id='word_1_571' title='bbox 3095 3617 3306 3695; x_wconf 56' lang='lat' dir='ltr'><strong>sinuet</strong></span> <span class='ocrx_word' id='word_1_572' title='bbox 3336 3629 3503 3695; x_wconf 47' lang='lat' dir='ltr'><strong>gyno:</strong></span> 
     </span>
    </p>
   </div>
   <div class='ocr_carea' id='block_1_82' title="bbox 2006 3684 3503 3762">
    <p class='ocr_par' dir='ltr' id='par_1_82' title="bbox 2006 3684 3503 3762">
     <span class='ocr_line' id='line_1_82' title="bbox 2006 3684 3503 3762; baseline -0.01 -13"><span class='ocrx_word' id='word_1_573' title='bbox 2006 3697 2108 3749; x_wconf 81' lang='lat' dir='ltr'><strong>dus</strong></span> <span class='ocrx_word' id='word_1_574' title='bbox 2141 3695 2421 3762; x_wconf 82' lang='lat' dir='ltr'><strong>Lampsaci</strong></span> <span class='ocrx_word' id='word_1_575' title='bbox 2455 3684 2775 3762; x_wconf 71' lang='lat' dir='ltr'><strong>congregata</strong></span> <span class='ocrx_word' id='word_1_576' title='bbox 2802 3699 2879 3743; x_wconf 79' lang='lat' dir='ltr'><strong>est</strong></span> <span class='ocrx_word' id='word_1_577' title='bbox 2904 3703 2923 3740; x_wconf 92' lang='lat'><strong><em>:</em></strong></span> <span class='ocrx_word' id='word_1_578' title='bbox 2949 3697 2998 3762; x_wconf 69' lang='lat' dir='ltr'><strong>et</strong></span> <span class='ocrx_word' id='word_1_579' title='bbox 3029 3684 3287 3762; x_wconf 74' lang='lat' dir='ltr'><strong>quomodo</strong></span> <span class='ocrx_word' id='word_1_580' title='bbox 3314 3684 3503 3762; x_wconf 52' lang='grc' dir='ltr'><strong>ῥνὶᾳηὶ</strong></span> 
     </span>
    </p>
   </div>
   <div class='ocr_carea' id='block_1_83' title="bbox 2004 3752 3501 3837">
    <p class='ocr_par' dir='ltr' id='par_1_83' title="bbox 2004 3752 3501 3837">
     <span class='ocr_line' id='line_1_83' title="bbox 2004 3752 3501 3837; baseline -0.007 -20"><span class='ocrx_word' id='word_1_581' title='bbox 2004 3767 2093 3837; x_wconf 75' lang='lat' dir='ltr'><strong>qui</strong></span> <span class='ocrx_word' id='word_1_582' title='bbox 2134 3752 3177 3837; x_wconf 47' lang='lat' dir='ltr'><strong>cum&#39;Eudoxio&#39;eromhprwt&#39;aluérint,</strong></span> <span class='ocrx_word' id='word_1_583' title='bbox 3225 3764 3274 3835; x_wconf 61' lang='lat' dir='ltr'><strong>et</strong></span> <span class='ocrx_word' id='word_1_584' title='bbox 3308 3752 3501 3809; x_wconf 83' lang='lat' dir='ltr'><strong>Ortho-</strong></span> 
     </span>
    </p>
   </div>
   <div class='ocr_carea' id='block_1_84' title="bbox 2006 3824 3502 3902">
    <p class='ocr_par' dir='ltr' id='par_1_84' title="bbox 2006 3824 3502 3902">
     <span class='ocr_line' id='line_1_84' title="bbox 2006 3824 3502 3902; baseline -0.008 -16"><span class='ocrx_word' id='word_1_585' title='bbox 2006 3824 2194 3897; x_wconf 67' lang='lat' dir='ltr'><strong>doxos,</strong></span> <span class='ocrx_word' id='word_1_586' title='bbox 2236 3834 2377 3886; x_wconf 75' lang='lat' dir='ltr'><strong>inter</strong></span> <span class='ocrx_word' id='word_1_587' title='bbox 2420 3848 2549 3902; x_wconf 80' lang='lat' dir='ltr'><strong>quos</strong></span> <span class='ocrx_word' id='word_1_588' title='bbox 2596 3831 2699 3899; x_wconf 81' lang='lat' dir='ltr'><strong>fuit</strong></span> <span class='ocrx_word' id='word_1_589' title='bbox 2735 3824 2998 3891; x_wconf 71' lang='lat' dir='ltr'><strong>Mefetius,</strong></span> <span class='ocrx_word' id='word_1_590' title='bbox 3037 3824 3290 3878; x_wconf 73' lang='lat' dir='ltr'><strong>Ecclesiis</strong></span> <span class='ocrx_word' id='word_1_591' title='bbox 3336 3837 3502 3890; x_wconf 69' lang='lat' dir='ltr'><strong>expu-</strong></span> 
     </span>
    </p>
   </div>
   <div class='ocr_carea' id='block_1_85' title="bbox 2003 3904 2198 3957">
    <p class='ocr_par' dir='ltr' id='par_1_85' title="bbox 2003 3904 2198 3957">
     <span class='ocr_line' id='line_1_85' title="bbox 2003 3904 2198 3957; baseline 0.005 -1"><span class='ocrx_word' id='word_1_592' title='bbox 2003 3904 2198 3957; x_wconf 83' lang='lat' dir='ltr'><strong>lerunt.</strong></span> 
     </span>
    </p>
   </div>
   <div class='ocr_carea' id='block_1_86' title="bbox 2004 3979 3497 4056">
    <p class='ocr_par' dir='ltr' id='par_1_86' title="bbox 2004 3979 3497 4056">
     <span class='ocr_line' id='line_1_86' title="bbox 2004 3979 3497 4056; baseline -0.011 -8"><span class='ocrx_word' id='word_1_593' title='bbox 2004 3993 2178 4049; x_wconf 90' lang='lat' dir='ltr'><strong>Porro</strong></span> <span class='ocrx_word' id='word_1_594' title='bbox 2230 4008 2356 4047; x_wconf 91' lang='lat' dir='ltr'><strong>cum</strong></span> <span class='ocrx_word' id='word_1_595' title='bbox 2421 3992 2615 4047; x_wconf 84' lang='lat' dir='ltr'><strong>relicta</strong></span> <span class='ocrx_word' id='word_1_596' title='bbox 2673 3982 3205 4056; x_wconf 83' lang='lat' dir='ltr'><strong>Constantinopoli,</strong></span> <span class='ocrx_word' id='word_1_597' title='bbox 3265 3979 3497 4036; x_wconf 81' lang='lat' dir='ltr'><strong>Romam</strong></span> 
     </span>
    </p>
   </div>
   <div class='ocr_carea' id='block_1_87' title="bbox 1935 4071 3499 4153">
    <p class='ocr_par' dir='ltr' id='par_1_87' title="bbox 1935 4071 3499 4153">
     <span class='ocr_line' id='line_1_87' title="bbox 1935 4071 3499 4153; baseline -0.011 -13"><span class='ocrx_word' id='word_1_598' title='bbox 1935 4084 2273 4140; x_wconf 87' lang='lat' dir='ltr'><strong>contendens</strong></span> <span class='ocrx_word' id='word_1_599' title='bbox 2324 4099 2424 4153; x_wconf 88' lang='lat' dir='ltr'><strong>per</strong></span> <span class='ocrx_word' id='word_1_600' title='bbox 2475 4080 2767 4136; x_wconf 85' lang='lat' dir='ltr'><strong>Thraciam</strong></span> <span class='ocrx_word' id='word_1_601' title='bbox 2816 4079 2919 4133; x_wconf 84' lang='lat' dir='ltr'><strong>iter</strong></span> <span class='ocrx_word' id='word_1_602' title='bbox 2979 4074 3203 4138; x_wconf 85' lang='lat' dir='ltr'><strong>faceret,</strong></span> <span class='ocrx_word' id='word_1_603' title='bbox 3256 4071 3499 4143; x_wconf 83' lang='lat' dir='ltr'><strong>episcOpi</strong></span> 
     </span>
    </p>
   </div>
   <div class='ocr_carea' id='block_1_88' title="bbox 1935 4161 3499 4244">
    <p class='ocr_par' dir='ltr' id='par_1_88' title="bbox 1935 4161 3499 4244">
     <span class='ocr_line' id='line_1_88' title="bbox 1935 4161 3499 4244; baseline -0.008 -16"><span class='ocrx_word' id='word_1_604' title='bbox 1935 4176 2264 4244; x_wconf 84' lang='lat' dir='ltr'><strong>llellesponti</strong></span> <span class='ocrx_word' id='word_1_605' title='bbox 2290 4189 2353 4228; x_wconf 88' lang='lat' dir='ltr'><strong>ac</strong></span> <span class='ocrx_word' id='word_1_606' title='bbox 2378 4173 2662 4244; x_wconf 66' lang='lat' dir='ltr'><strong>Bithyniae,</strong></span> <span class='ocrx_word' id='word_1_607' title='bbox 2694 4180 2749 4225; x_wconf 87' lang='lat' dir='ltr'><strong>et</strong></span> <span class='ocrx_word' id='word_1_608' title='bbox 2784 4168 2975 4238; x_wconf 87' lang='lat' dir='ltr'><strong>reliqui</strong></span> <span class='ocrx_word' id='word_1_609' title='bbox 3009 4167 3098 4235; x_wconf 92' lang='lat' dir='ltr'><strong>qui</strong></span> <span class='ocrx_word' id='word_1_610' title='bbox 3123 4164 3318 4219; x_wconf 85' lang='lat' dir='ltr'><strong>Filium</strong></span> <span class='ocrx_word' id='word_1_611' title='bbox 3350 4161 3499 4216; x_wconf 89' lang='lat' dir='ltr'><strong>Patri</strong></span> 
     </span>
    </p>
   </div>
   <div class='ocr_carea' id='block_1_89' title="bbox 1933 4251 3497 4329">
    <p class='ocr_par' dir='ltr' id='par_1_89' title="bbox 1933 4251 3497 4329">
     <span class='ocr_line' id='line_1_89' title="bbox 1933 4251 3497 4329; baseline -0.008 -11"><span class='ocrx_word' id='word_1_612' title='bbox 1933 4264 2452 4319; x_wconf 87' lang='lat' dir='ltr'><strong>consubstantialem</strong></span> <span class='ocrx_word' id='word_1_613' title='bbox 2480 4259 2819 4320; x_wconf 89' lang='lat' dir='ltr'><strong>asserebant,</strong></span> <span class='ocrx_word' id='word_1_614' title='bbox 2839 4256 3199 4329; x_wconf 85' lang='lat' dir='ltr'><strong>Hypatianum</strong></span> <span class='ocrx_word' id='word_1_615' title='bbox 3222 4251 3497 4307; x_wconf 61' lang='lat' dir='ltr'><strong>Heraclea</strong></span> 
     </span>
    </p>
   </div>
   <div class='ocr_carea' id='block_1_90' title="bbox 1931 4349 3496 4427">
    <p class='ocr_par' dir='ltr' id='par_1_90' title="bbox 1931 4349 3496 4427">
     <span class='ocr_line' id='line_1_90' title="bbox 1931 4349 3496 4427; baseline -0.008 -16"><span class='ocrx_word' id='word_1_616' title='bbox 1931 4354 2177 4413; x_wconf 87' lang='lat' dir='ltr'><strong>Perinthi</strong></span> <span class='ocrx_word' id='word_1_617' title='bbox 2220 4356 2537 4427; x_wconf 86' lang='lat' dir='ltr'><strong>episcopum</strong></span> <span class='ocrx_word' id='word_1_618' title='bbox 2580 4351 2897 4421; x_wconf 71' lang='lat' dir='ltr'><strong>elegerunt‘</strong></span> <span class='ocrx_word' id='word_1_619' title='bbox 2930 4367 2943 4404; x_wconf 91' lang='lat'>:</span> <span class='ocrx_word' id='word_1_620' title='bbox 2977 4349 3071 4420; x_wconf 93' lang='lat' dir='ltr'><strong>qui</strong></span> <span class='ocrx_word' id='word_1_621' title='bbox 3104 4351 3359 4417; x_wconf 86' lang='lat' dir='ltr'><strong>suscepta</strong></span> <span class='ocrx_word' id='word_1_622' title='bbox 3397 4358 3496 4415; x_wconf 88' lang='lat' dir='ltr'><strong>pro</strong></span> 
     </span>
    </p>
   </div>
   <div class='ocr_carea' id='block_1_91' title="bbox 1443 4654 2305 4715">
    <p class='ocr_par' dir='ltr' id='par_1_91' title="bbox 1443 4654 2305 4715">
     <span class='ocr_line' id='line_1_91' title="bbox 1443 4654 2305 4715; baseline 0.007 -6"><span class='ocrx_word' id='word_1_623' title='bbox 1443 4654 1710 4710; x_wconf 83' lang='lat' dir='ltr'><strong>VALESII</strong></span> <span class='ocrx_word' id='word_1_624' title='bbox 1751 4655 2194 4712; x_wconf 83' lang='lat' dir='ltr'><strong>ANNOTATION</strong></span> <span class='ocrx_word' id='word_1_625' title='bbox 2201 4659 2305 4715; x_wconf 86' lang='lat' dir='ltr'><strong>ES.</strong></span> 
     </span>
    </p>
   </div>
   <div class='ocr_carea' id='block_1_92' title="bbox 322 4744 1826 4818">
    <p class='ocr_par' dir='ltr' id='par_1_92' title="bbox 322 4744 1826 4818">
     <span class='ocr_line' id='line_1_92' title="bbox 322 4744 1826 4818; baseline 0.006 -21"><span class='ocrx_word' id='word_1_626' title='bbox 322 4744 435 4816; x_wconf 78' lang='lat'><strong>(6‘2)</strong></span> <span class='ocrx_word' id='word_1_627' title='bbox 475 4746 650 4801; x_wconf 85' lang='grc' dir='ltr'>’Ὀσοι</span> <span class='ocrx_word' id='word_1_628' title='bbox 670 4749 848 4803; x_wconf 78' lang='grc' dir='ltr'>ἄλλοι</span> <span class='ocrx_word' id='word_1_629' title='bbox 882 4749 1226 4818; x_wconf 72' lang='grc' dir='ltr'>ὀμοούσιον.</span> <span class='ocrx_word' id='word_1_630' title='bbox 1260 4749 1532 4806; x_wconf 88' lang='lat' dir='ltr'><strong>Baronius</strong></span> <span class='ocrx_word' id='word_1_631' title='bbox 1564 4751 1617 4804; x_wconf 91' lang='lat' dir='ltr'><strong>in</strong></span> <span class='ocrx_word' id='word_1_632' title='bbox 1643 4751 1826 4806; x_wconf 84' lang='lat' dir='ltr'><strong>Anna-</strong></span> 
     </span>
    </p>
   </div>
   <div class='ocr_carea' id='block_1_93' title="bbox 246 4815 1826 4890">
    <p class='ocr_par' dir='ltr' id='par_1_93' title="bbox 246 4815 1826 4890">
     <span class='ocr_line' id='line_1_93' title="bbox 246 4815 1826 4890; baseline 0.006 -23"><span class='ocrx_word' id='word_1_633' title='bbox 246 4815 398 4890; x_wconf 66' lang='lat' dir='ltr'><strong>libus</strong></span> <span class='ocrx_word' id='word_1_634' title='bbox 419 4815 422 4816; x_wconf 59' lang='grc'><strong><em>⁷</em></strong></span> <span class='ocrx_word' id='word_1_635' title='bbox 446 4819 838 4890; x_wconf 82' lang='lat' dir='ltr'><strong>ecclesiasticis</strong></span> <span class='ocrx_word' id='word_1_636' title='bbox 875 4815 942 4873; x_wconf 82' lang='lat' dir='ltr'><strong>ad</strong></span> <span class='ocrx_word' id='word_1_637' title='bbox 973 4835 1175 4890; x_wconf 78' lang='lat' dir='ltr'><strong>annum</strong></span> <span class='ocrx_word' id='word_1_638' title='bbox 1208 4820 1348 4886; x_wconf 69' lang='grc'>564,</span> <span class='ocrx_word' id='word_1_639' title='bbox 1385 4820 1490 4890; x_wconf 66' lang='lat' dir='ltr'><strong>tria</strong></span> <span class='ocrx_word' id='word_1_640' title='bbox 1523 4824 1826 4890; x_wconf 90' lang='lat' dir='ltr'><strong>reprehen-</strong></span> 
     </span>
    </p>
   </div>
   <div class='ocr_carea' id='block_1_94' title="bbox 253 4884 1822 4960">
    <p class='ocr_par' dir='ltr' id='par_1_94' title="bbox 253 4884 1822 4960">
     <span class='ocr_line' id='line_1_94' title="bbox 253 4884 1822 4960; baseline 0.005 -23"><span class='ocrx_word' id='word_1_641' title='bbox 253 4884 330 4937; x_wconf 87' lang='lat' dir='ltr'><strong>dit</strong></span> <span class='ocrx_word' id='word_1_642' title='bbox 381 4886 467 4960; x_wconf 83' lang='lat' dir='ltr'><strong>_in_</strong></span> <span class='ocrx_word' id='word_1_643' title='bbox 504 4887 605 4940; x_wconf 80' lang='lat' dir='ltr'><strong>hac</strong></span> <span class='ocrx_word' id='word_1_644' title='bbox 670 4890 988 4960; x_wconf 71' lang='lat' dir='ltr'><strong>narratione</strong></span> <span class='ocrx_word' id='word_1_645' title='bbox 1044 4884 1359 4945; x_wconf 84' lang='lat' dir='ltr'><strong>Sozomeni.</strong></span> <span class='ocrx_word' id='word_1_646' title='bbox 1421 4884 1665 4943; x_wconf 81' lang='lat' dir='ltr'><strong>Primum</strong></span> <span class='ocrx_word' id='word_1_647' title='bbox 1719 4901 1822 4960; x_wconf 87' lang='lat' dir='ltr'><strong>est,</strong></span> 
     </span>
    </p>
   </div>
   <div class='ocr_carea' id='block_1_95' title="bbox 247 4954 1823 5024">
    <p class='ocr_par' dir='ltr' id='par_1_95' title="bbox 247 4954 1823 5024">
     <span class='ocr_line' id='line_1_95' title="bbox 247 4954 1823 5024; baseline 0.008 -19"><span class='ocrx_word' id='word_1_648' title='bbox 247 4954 397 5024; x_wconf 89' lang='lat' dir='ltr'><strong>quod</strong></span> <span class='ocrx_word' id='word_1_649' title='bbox 435 4954 774 5014; x_wconf 84' lang='lat' dir='ltr'><strong>Sozomenus</strong></span> <span class='ocrx_word' id='word_1_650' title='bbox 825 4959 1141 5015; x_wconf 89' lang='lat' dir='ltr'><strong>Catholicos</strong></span> <span class='ocrx_word' id='word_1_651' title='bbox 1188 4974 1284 5013; x_wconf 87' lang='lat' dir='ltr'><strong>seu</strong></span> <span class='ocrx_word' id='word_1_652' title='bbox 1329 4954 1823 5017; x_wconf 83' lang='lat' dir='ltr'><strong>consubstantialis</strong></span> 
     </span>
    </p>
   </div>
   <div class='ocr_carea' id='block_1_96' title="bbox 247 5027 1896 5113">
    <p class='ocr_par' dir='ltr' id='par_1_96' title="bbox 247 5027 1896 5113">
     <span class='ocr_line' id='line_1_96' title="bbox 247 5027 1896 5113; baseline 0.004 -36"><span class='ocrx_word' id='word_1_653' title='bbox 247 5033 559 5113; x_wconf 65' lang='lat' dir='ltr'><strong>assertores</strong></span> <span class='ocrx_word' id='word_1_654' title='bbox 593 5027 765 5082; x_wconf 88' lang='lat' dir='ltr'><strong>fuisse</strong></span> <span class='ocrx_word' id='word_1_655' title='bbox 790 5038 1124 5113; x_wconf 56' lang='lat' dir='ltr'><strong>censet,neos</strong></span> <span class='ocrx_word' id='word_1_656' title='bbox 1161 5030 1254 5110; x_wconf 82' lang='lat' dir='ltr'><strong>qui</strong></span> <span class='ocrx_word' id='word_1_657' title='bbox 1287 5030 1352 5084; x_wconf 86' lang='lat' dir='ltr'><strong>ad</strong></span> <span class='ocrx_word' id='word_1_658' title='bbox 1387 5028 1818 5113; x_wconf 71' lang='lat' dir='ltr'><strong>Lampsacenum</strong></span> <span class='ocrx_word' id='word_1_659' title='bbox 1855 5060 1896 5113; x_wconf 72' lang='grc' dir='ltr'>υ</span> 
     </span>
    </p>
   </div>
   <div class='ocr_carea' id='block_1_97' title="bbox 246 5095 1820 5155">
    <p class='ocr_par' dir='ltr' id='par_1_97' title="bbox 246 5095 1820 5155">
     <span class='ocr_line' id='line_1_97' title="bbox 246 5095 1820 5155; baseline 0.006 -9"><span class='ocrx_word' id='word_1_660' title='bbox 246 5095 546 5148; x_wconf 83' lang='lat' dir='ltr'><strong>concilium</strong></span> <span class='ocrx_word' id='word_1_661' title='bbox 570 5109 962 5152; x_wconf 86' lang='lat' dir='ltr'><strong>convenerunt.</strong></span> <span class='ocrx_word' id='word_1_662' title='bbox 999 5095 1272 5153; x_wconf 81' lang='lat' dir='ltr'><strong>Baronius</strong></span> <span class='ocrx_word' id='word_1_663' title='bbox 1302 5115 1431 5154; x_wconf 85' lang='lat' dir='ltr'><strong>vero</strong></span> <span class='ocrx_word' id='word_1_664' title='bbox 1452 5095 1820 5155; x_wconf 82' lang='lat' dir='ltr'><strong>Seiuiarianos</strong></span> 
     </span>
    </p>
   </div>
   <div class='ocr_carea' id='block_1_98' title="bbox 243 5162 1824 5237">
    <p class='ocr_par' dir='ltr' id='par_1_98' title="bbox 243 5162 1824 5237">
     <span class='ocr_line' id='line_1_98' title="bbox 243 5162 1824 5237; baseline 0.003 -18"><span class='ocrx_word' id='word_1_665' title='bbox 243 5164 376 5219; x_wconf 85' lang='lat' dir='ltr'><strong>illos</strong></span> <span class='ocrx_word' id='word_1_666' title='bbox 408 5162 580 5220; x_wconf 89' lang='lat' dir='ltr'><strong>fuisse</strong></span> <span class='ocrx_word' id='word_1_667' title='bbox 636 5169 997 5223; x_wconf 82' lang='lat' dir='ltr'><strong>demonstrat.</strong></span> <span class='ocrx_word' id='word_1_668' title='bbox 1031 5170 1273 5222; x_wconf 78' lang='lat' dir='ltr'><strong>Alterura</strong></span> <span class='ocrx_word' id='word_1_669' title='bbox 1322 5181 1426 5232; x_wconf 88' lang='lat' dir='ltr'><strong>est,</strong></span> <span class='ocrx_word' id='word_1_670' title='bbox 1455 5170 1604 5237; x_wconf 89' lang='lat' dir='ltr'><strong>quod</strong></span> <span class='ocrx_word' id='word_1_671' title='bbox 1649 5170 1824 5224; x_wconf 83' lang='lat' dir='ltr'><strong>Sozo—</strong></span> 
     </span>
    </p>
   </div>
   <div class='ocr_carea' id='block_1_99' title="bbox 245 5237 1822 5306">
    <p class='ocr_par' dir='ltr' id='par_1_99' title="bbox 245 5237 1822 5306">
     <span class='ocr_line' id='line_1_99' title="bbox 245 5237 1822 5306; baseline 0.004 -19"><span class='ocrx_word' id='word_1_672' title='bbox 245 5249 445 5306; x_wconf 66' lang='lat' dir='ltr'><strong>melius</strong></span> <span class='ocrx_word' id='word_1_673' title='bbox 495 5249 616 5290; x_wconf 86' lang='lat' dir='ltr'><strong>eam</strong></span> <span class='ocrx_word' id='word_1_674' title='bbox 666 5237 935 5306; x_wconf 76' lang='lat' dir='ltr'><strong>synodum</strong></span> <span class='ocrx_word' id='word_1_675' title='bbox 985 5238 1151 5294; x_wconf 84' lang='lat' dir='ltr'><strong>refert</strong></span> <span class='ocrx_word' id='word_1_676' title='bbox 1194 5249 1321 5293; x_wconf 88' lang='lat' dir='ltr'><strong>ante</strong></span> <span class='ocrx_word' id='word_1_677' title='bbox 1356 5240 1654 5293; x_wconf 86' lang='lat' dir='ltr'><strong>tumultum</strong></span> <span class='ocrx_word' id='word_1_678' title='bbox 1686 5240 1822 5294; x_wconf 89' lang='lat' dir='ltr'><strong>Pro-</strong></span> 
     </span>
    </p>
   </div>
   <div class='ocr_carea' id='block_1_100' title="bbox 247 5303 1821 5377">
    <p class='ocr_par' dir='ltr' id='par_1_100' title="bbox 247 5303 1821 5377">
     <span class='ocr_line' id='line_1_100' title="bbox 247 5303 1821 5377; baseline 0.005 -21"><span class='ocrx_word' id='word_1_679' title='bbox 247 5303 393 5377; x_wconf 62' lang='lat' dir='ltr'><strong>copii</strong></span> <span class='ocrx_word' id='word_1_680' title='bbox 421 5345 451 5377; x_wconf 18' lang='grc' dir='ltr'>,ν</span> <span class='ocrx_word' id='word_1_681' title='bbox 477 5314 635 5377; x_wconf 83' lang='lat' dir='ltr'><strong>quem</strong></span> <span class='ocrx_word' id='word_1_682' title='bbox 692 5303 961 5377; x_wconf 74' lang='lat' dir='ltr'><strong>Baronius</strong></span> <span class='ocrx_word' id='word_1_683' title='bbox 1025 5317 1263 5377; x_wconf 82' lang='lat' dir='ltr'><strong>coeptum</strong></span> <span class='ocrx_word' id='word_1_684' title='bbox 1326 5325 1449 5363; x_wconf 91' lang='lat' dir='ltr'><strong>esse</strong></span> <span class='ocrx_word' id='word_1_685' title='bbox 1501 5308 1638 5363; x_wconf 89' lang='lat' dir='ltr'><strong>dicit</strong></span> <span class='ocrx_word' id='word_1_686' title='bbox 1673 5325 1821 5364; x_wconf 89' lang='lat' dir='ltr'><strong>anno</strong></span> 
     </span>
    </p>
   </div>
   <div class='ocr_carea' id='block_1_101' title="bbox 246 5373 1820 5448">
    <p class='ocr_par' dir='ltr' id='par_1_101' title="bbox 246 5373 1820 5448">
     <span class='ocr_line' id='line_1_101' title="bbox 246 5373 1820 5448; baseline 0.008 -24"><span class='ocrx_word' id='word_1_687' title='bbox 246 5373 453 5448; x_wconf 77' lang='lat' dir='ltr'><strong>Christi</strong></span> <span class='ocrx_word' id='word_1_688' title='bbox 484 5376 608 5448; x_wconf 63' lang='grc' dir='ltr'>ὅθί,</span> <span class='ocrx_word' id='word_1_689' title='bbox 636 5393 743 5448; x_wconf 90' lang='lat' dir='ltr'><strong>quo</strong></span> <span class='ocrx_word' id='word_1_690' title='bbox 767 5375 1030 5432; x_wconf 85' lang='lat' dir='ltr'><strong>Jovianus</strong></span> <span class='ocrx_word' id='word_1_691' title='bbox 1062 5373 1127 5432; x_wconf 40' lang='lat' dir='ltr'><strong>et‘</strong></span> <span class='ocrx_word' id='word_1_692' title='bbox 1152 5378 1531 5448; x_wconf 85' lang='lat' dir='ltr'><strong>Varronianus</strong></span> <span class='ocrx_word' id='word_1_693' title='bbox 1567 5381 1820 5436; x_wconf 79' lang='lat' dir='ltr'><strong>consules</strong></span> 
     </span>
    </p>
   </div>
   <div class='ocr_carea' id='block_1_102' title="bbox 249 5443 1819 5520">
    <p class='ocr_par' dir='ltr' id='par_1_102' title="bbox 249 5443 1819 5520">
     <span class='ocr_line' id='line_1_102' title="bbox 249 5443 1819 5520; baseline 0.005 -23"><span class='ocrx_word' id='word_1_694' title='bbox 249 5443 487 5499; x_wconf 86' lang='lat' dir='ltr'><strong>fuerant.</strong></span> <span class='ocrx_word' id='word_1_695' title='bbox 521 5443 888 5516; x_wconf 79' lang='lat' dir='ltr'><strong>Lampsacena</strong></span> <span class='ocrx_word' id='word_1_696' title='bbox 913 5459 1090 5520; x_wconf 72' lang='lat' dir='ltr'><strong>autem</strong></span> <span class='ocrx_word' id='word_1_697' title='bbox 1118 5447 1359 5520; x_wconf 86' lang='lat' dir='ltr'><strong>synodus</strong></span> <span class='ocrx_word' id='word_1_698' title='bbox 1386 5456 1819 5520; x_wconf 84' lang='lat' dir='ltr'><strong>sequenteanno</strong></span> 
     </span>
    </p>
   </div>
   <div class='ocr_carea' id='block_1_103' title="bbox 251 5518 1816 5585">
    <p class='ocr_par' dir='ltr' id='par_1_103' title="bbox 251 5518 1816 5585">
     <span class='ocr_line' id='line_1_103' title="bbox 251 5518 1816 5585; baseline 0.006 -22"><span class='ocrx_word' id='word_1_699' title='bbox 251 5524 582 5585; x_wconf 57' lang='lat' dir='ltr'><strong>gongregata</strong></span> <span class='ocrx_word' id='word_1_700' title='bbox 607 5528 711 5582; x_wconf 76' lang='lat' dir='ltr'><strong>est,</strong></span> <span class='ocrx_word' id='word_1_701' title='bbox 739 5524 798 5570; x_wconf 90' lang='lat' dir='ltr'><strong>ut</strong></span> <span class='ocrx_word' id='word_1_702' title='bbox 824 5533 889 5570; x_wconf 77' lang='lat' dir='ltr'><strong>ex</strong></span> <span class='ocrx_word' id='word_1_703' title='bbox 916 5518 1315 5573; x_wconf 53' lang='lat' dir='ltr'><strong>Socrate&#39;idem</strong></span> <span class='ocrx_word' id='word_1_704' title='bbox 1338 5519 1609 5573; x_wconf 85' lang='lat' dir='ltr'><strong>Baronius</strong></span> <span class='ocrx_word' id='word_1_705' title='bbox 1635 5519 1816 5575; x_wconf 88' lang='lat' dir='ltr'><strong>docet.</strong></span> 
     </span>
    </p>
   </div>
   <div class='ocr_carea' id='block_1_104' title="bbox 250 5580 1816 5659">
    <p class='ocr_par' dir='ltr' id='par_1_104' title="bbox 250 5580 1816 5659">
     <span class='ocr_line' id='line_1_104' title="bbox 250 5580 1816 5659; baseline 0.008 -25"><span class='ocrx_word' id='word_1_706' title='bbox 250 5580 537 5659; x_wconf 70' lang='lat' dir='ltr'><strong>Postremo</strong></span> <span class='ocrx_word' id='word_1_707' title='bbox 566 5580 929 5659; x_wconf 75' lang='lat' dir='ltr'><strong>Sozoincnnm</strong></span> <span class='ocrx_word' id='word_1_708' title='bbox 961 5590 1161 5657; x_wconf 80' lang='lat' dir='ltr'><strong>arguit,</strong></span> <span class='ocrx_word' id='word_1_709' title='bbox 1195 5593 1337 5658; x_wconf 89' lang='lat' dir='ltr'><strong>quod</strong></span> <span class='ocrx_word' id='word_1_710' title='bbox 1369 5589 1571 5659; x_wconf 78' lang='lat' dir='ltr'><strong>dixerit</strong></span> <span class='ocrx_word' id='word_1_711' title='bbox 1610 5589 1816 5659; x_wconf 81' lang='lat' dir='ltr'><strong>legatos</strong></span> 
     </span>
    </p>
   </div>
   <div class='ocr_carea' id='block_1_105' title="bbox 251 5652 1816 5721">
    <p class='ocr_par' dir='ltr' id='par_1_105' title="bbox 251 5652 1816 5721">
     <span class='ocr_line' id='line_1_105' title="bbox 251 5652 1816 5721; baseline 0.006 -16"><span class='ocrx_word' id='word_1_712' title='bbox 251 5667 279 5705; x_wconf 88' lang='lat' dir='ltr'><strong>a</strong></span> <span class='ocrx_word' id='word_1_713' title='bbox 317 5652 689 5721; x_wconf 77' lang='lat' dir='ltr'><strong>Lampsaceua</strong></span> <span class='ocrx_word' id='word_1_714' title='bbox 726 5657 939 5721; x_wconf 80' lang='lat' dir='ltr'><strong>synodo</strong></span> <span class='ocrx_word' id='word_1_715' title='bbox 985 5652 1184 5712; x_wconf 72' lang='lat' dir='ltr'><strong>missos</strong></span> <span class='ocrx_word' id='word_1_716' title='bbox 1203 5652 1226 5720; x_wconf 82' lang='grc'>,’</span> <span class='ocrx_word' id='word_1_717' title='bbox 1264 5658 1587 5713; x_wconf 88' lang='lat' dir='ltr'><strong>convenisse</strong></span> <span class='ocrx_word' id='word_1_718' title='bbox 1615 5652 1816 5714; x_wconf 71' lang='lat' dir='ltr'><strong>valen-</strong></span> 
     </span>
    </p>
   </div>
   <div class='ocr_carea' id='block_1_106' title="bbox 251 5725 1814 5795">
    <p class='ocr_par' dir='ltr' id='par_1_106' title="bbox 251 5725 1814 5795">
     <span class='ocr_line' id='line_1_106' title="bbox 251 5725 1814 5795; baseline 0.005 -20"><span class='ocrx_word' id='word_1_719' title='bbox 251 5733 359 5776; x_wconf 87' lang='lat' dir='ltr'><strong>tem</strong></span> <span class='ocrx_word' id='word_1_720' title='bbox 420 5725 474 5777; x_wconf 89' lang='lat' dir='ltr'><strong>in</strong></span> <span class='ocrx_word' id='word_1_721' title='bbox 531 5728 664 5780; x_wconf 84' lang='lat' dir='ltr'><strong>urbe</strong></span> <span class='ocrx_word' id='word_1_722' title='bbox 724 5725 972 5782; x_wconf 79' lang='lat' dir='ltr'><strong>Thraciae</strong></span> <span class='ocrx_word' id='word_1_723' title='bbox 1025 5727 1324 5795; x_wconf 71' lang='lat' dir='ltr'><strong>Heraclea,</strong></span> <span class='ocrx_word' id='word_1_724' title='bbox 1382 5729 1694 5785; x_wconf 82' lang='lat' dir='ltr'><strong>redeuntem</strong></span> <span class='ocrx_word' id='word_1_725' title='bbox 1750 5747 1814 5785; x_wconf 75' lang='lat' dir='ltr'><strong>ex</strong></span> 
     </span>
    </p>
   </div>
   <div class='ocr_carea' id='block_1_107' title="bbox 1929 4740 3503 4809">
    <p class='ocr_par' dir='ltr' id='par_1_107' title="bbox 1929 4740 3503 4809">
     <span class='ocr_line' id='line_1_107' title="bbox 1929 4740 3503 4809; baseline -0.008 -2"><span class='ocrx_word' id='word_1_726' title='bbox 1929 4753 2201 4809; x_wconf 88' lang='lat' dir='ltr'><strong>Thraciis.</strong></span> <span class='ocrx_word' id='word_1_727' title='bbox 2257 4753 2504 4809; x_wconf 86' lang='lat' dir='ltr'><strong>Fratrem</strong></span> <span class='ocrx_word' id='word_1_728' title='bbox 2565 4752 2711 4808; x_wconf 90' lang='lat' dir='ltr'><strong>enim</strong></span> <span class='ocrx_word' id='word_1_729' title='bbox 2773 4746 3223 4804; x_wconf 86' lang='lat' dir='ltr'><strong>Valentinianum</strong></span> <span class='ocrx_word' id='word_1_730' title='bbox 3262 4740 3503 4795; x_wconf 75' lang='lat' dir='ltr'><strong>Romam</strong></span> 
     </span>
    </p>
   </div>
   <div class='ocr_carea' id='block_1_108' title="bbox 1926 4818 3397 4893">
    <p class='ocr_par' dir='ltr' id='par_1_108' title="bbox 1926 4818 3397 4893">
     <span class='ocr_line' id='line_1_108' title="bbox 1926 4818 3397 4893; baseline -0.009 -17"><span class='ocrx_word' id='word_1_731' title='bbox 1926 4839 2123 4886; x_wconf 81' lang='lat' dir='ltr'><strong>versus</strong></span> <span class='ocrx_word' id='word_1_732' title='bbox 2155 4826 2259 4879; x_wconf 90' lang='lat' dir='ltr'><strong>iter</strong></span> <span class='ocrx_word' id='word_1_733' title='bbox 2281 4824 2590 4893; x_wconf 81' lang='lat' dir='ltr'><strong>facientem,</strong></span> <span class='ocrx_word' id='word_1_734' title='bbox 2625 4822 2971 4893; x_wconf 78' lang='lat' dir='ltr'><strong>aliquatenus</strong></span> <span class='ocrx_word' id='word_1_735' title='bbox 2997 4818 3289 4871; x_wconf 87' lang='lat' dir='ltr'><strong>comitatus</strong></span> <span class='ocrx_word' id='word_1_736' title='bbox 3314 4818 3397 4893; x_wconf 49' lang='grc' dir='ltr'>ίιιιί</span> 
     </span>
    </p>
   </div>
   <div class='ocr_carea' id='block_1_109' title="bbox 1925 4890 3509 4963">
    <p class='ocr_par' dir='ltr' id='par_1_109' title="bbox 1925 4890 3509 4963">
     <span class='ocr_line' id='line_1_109' title="bbox 1925 4890 3509 4963; baseline -0.007 -15"><span class='ocrx_word' id='word_1_737' title='bbox 1925 4892 2153 4958; x_wconf 85' lang='lat' dir='ltr'><strong>Valens,</strong></span> <span class='ocrx_word' id='word_1_738' title='bbox 2196 4905 2252 4949; x_wconf 91' lang='lat' dir='ltr'><strong>ut</strong></span> <span class='ocrx_word' id='word_1_739' title='bbox 2276 4894 2469 4950; x_wconf 89' lang='lat' dir='ltr'><strong>scribit</strong></span> <span class='ocrx_word' id='word_1_740' title='bbox 2506 4890 2866 4963; x_wconf 72' lang='lat' dir='ltr'><strong>szomenus.</strong></span> <span class='ocrx_word' id='word_1_741' title='bbox 2903 4890 3163 4963; x_wconf 71' lang='lat' dir='ltr'><strong>hiantem</strong></span> <span class='ocrx_word' id='word_1_742' title='bbox 3192 4890 3509 4963; x_wconf 66' lang='lat' dir='ltr'><strong>contigisse</strong></span> 
     </span>
    </p>
   </div>
   <div class='ocr_carea' id='block_1_110' title="bbox 1927 4953 3494 5028">
    <p class='ocr_par' dir='ltr' id='par_1_110' title="bbox 1927 4953 3494 5028">
     <span class='ocr_line' id='line_1_110' title="bbox 1927 4953 3494 5028; baseline -0.006 -12"><span class='ocrx_word' id='word_1_743' title='bbox 1927 4979 2068 5019; x_wconf 90' lang='lat' dir='ltr'><strong>anno</strong></span> <span class='ocrx_word' id='word_1_744' title='bbox 2095 4953 2298 5019; x_wconf 83' lang='lat' dir='ltr'><strong>Christi</strong></span> <span class='ocrx_word' id='word_1_745' title='bbox 2330 4963 2435 5018; x_wconf 72' lang='lat'><strong>564</strong></span> <span class='ocrx_word' id='word_1_746' title='bbox 2458 5003 2473 5028; x_wconf 94' lang='lat'><strong>,</strong></span> <span class='ocrx_word' id='word_1_747' title='bbox 2531 4962 2798 5015; x_wconf 88' lang='lat' dir='ltr'><strong>Baronius</strong></span> <span class='ocrx_word' id='word_1_748' title='bbox 2829 4958 3063 5014; x_wconf 82' lang='lat' dir='ltr'><strong>credidit</strong></span> <span class='ocrx_word' id='word_1_749' title='bbox 3094 4973 3139 5028; x_wconf 88' lang='lat'><strong>_:_</strong></span> <span class='ocrx_word' id='word_1_750' title='bbox 3159 4968 3223 5007; x_wconf 86' lang='lat' dir='ltr'><strong>ac</strong></span> <span class='ocrx_word' id='word_1_751' title='bbox 3259 4953 3494 5028; x_wconf 70' lang='lat' dir='ltr'><strong>proinde</strong></span> 
     </span>
    </p>
   </div>
   <div class='ocr_carea' id='block_1_111' title="bbox 1928 5023 3494 5105">
    <p class='ocr_par' dir='ltr' id='par_1_111' title="bbox 1928 5023 3494 5105">
     <span class='ocr_line' id='line_1_111' title="bbox 1928 5023 3494 5105; baseline -0.008 -19"><span class='ocrx_word' id='word_1_752' title='bbox 1928 5034 2287 5105; x_wconf 80' lang='lat' dir='ltr'><strong>Sozomenum</strong></span> <span class='ocrx_word' id='word_1_753' title='bbox 2326 5023 2486 5105; x_wconf 81' lang='lat' dir='ltr'><strong>longe</strong></span> <span class='ocrx_word' id='word_1_754' title='bbox 2533 5032 2646 5084; x_wconf 90' lang='lat' dir='ltr'><strong>falli</strong></span> <span class='ocrx_word' id='word_1_755' title='bbox 2702 5023 3293 5105; x_wconf 49' lang='lat' dir='ltr'><strong>existimavit.-Verum</strong></span> <span class='ocrx_word' id='word_1_756' title='bbox 3320 5023 3494 5104; x_wconf 49' lang='lat' dir='ltr'><strong>liam:</strong></span> 
     </span>
    </p>
   </div>
   <div class='ocr_carea' id='block_1_112' title="bbox 1925 5094 3497 5174">
    <p class='ocr_par' dir='ltr' id='par_1_112' title="bbox 1925 5094 3497 5174">
     <span class='ocr_line' id='line_1_112' title="bbox 1925 5094 3497 5174; baseline -0.005 -18"><span class='ocrx_word' id='word_1_757' title='bbox 1925 5105 2050 5159; x_wconf 90' lang='lat' dir='ltr'><strong>nius</strong></span> <span class='ocrx_word' id='word_1_758' title='bbox 2107 5106 2225 5174; x_wconf 90' lang='lat' dir='ltr'><strong>ipse</strong></span> <span class='ocrx_word' id='word_1_759' title='bbox 2278 5094 2649 5174; x_wconf 56' lang='lat' dir='ltr'><strong>llallu&#39;cinatus</strong></span> <span class='ocrx_word' id='word_1_760' title='bbox 2709 5108 2814 5174; x_wconf 76' lang='lat' dir='ltr'><strong>est.</strong></span> <span class='ocrx_word' id='word_1_761' title='bbox 2867 5097 3030 5174; x_wconf 35' lang='lat' dir='ltr'><strong>Nam‘</strong></span> <span class='ocrx_word' id='word_1_762' title='bbox 3066 5094 3497 5174; x_wconf 82' lang='lat' dir='ltr'><strong>Valentinianus</strong></span> 
     </span>
    </p>
   </div>
   <div class='ocr_carea' id='block_1_113' title="bbox 1917 5165 3489 5245">
    <p class='ocr_par' dir='ltr' id='par_1_113' title="bbox 1917 5165 3489 5245">
     <span class='ocr_line' id='line_1_113' title="bbox 1917 5165 3489 5245; baseline -0.008 -19"><span class='ocrx_word' id='word_1_763' title='bbox 1917 5165 2218 5242; x_wconf 70' lang='lat' dir='ltr'><strong>imperator</strong></span> <span class='ocrx_word' id='word_1_764' title='bbox 2244 5188 2384 5245; x_wconf 85' lang='lat' dir='ltr'><strong>_eum</strong></span> <span class='ocrx_word' id='word_1_765' title='bbox 2417 5170 2705 5245; x_wconf 73' lang='lat' dir='ltr'><strong>Valentem</strong></span> <span class='ocrx_word' id='word_1_766' title='bbox 2742 5168 2961 5245; x_wconf 73' lang='lat' dir='ltr'><strong>fratrem</strong></span> <span class='ocrx_word' id='word_1_767' title='bbox 3003 5165 3309 5245; x_wconf 78' lang='lat' dir='ltr'><strong>Augustum</strong></span> <span class='ocrx_word' id='word_1_768' title='bbox 3344 5180 3489 5245; x_wconf 75' lang='lat' dir='ltr'><strong>nim-</strong></span> 
     </span>
    </p>
   </div>
   <div class='ocr_carea' id='block_1_114' title="bbox 1915 5236 3494 5316">
    <p class='ocr_par' dir='ltr' id='par_1_114' title="bbox 1915 5236 3494 5316">
     <span class='ocr_line' id='line_1_114' title="bbox 1915 5236 3494 5316; baseline -0.008 -19"><span class='ocrx_word' id='word_1_769' title='bbox 1915 5236 2198 5316; x_wconf 66' lang='lat' dir='ltr'><strong>cupasset,</strong></span> <span class='ocrx_word' id='word_1_770' title='bbox 2233 5241 2707 5316; x_wconf 84' lang='lat' dir='ltr'><strong>Constantinopoli</strong></span> <span class='ocrx_word' id='word_1_771' title='bbox 2729 5240 3019 5316; x_wconf 59' lang='lat' dir='ltr'><strong>digressus</strong></span> <span class='ocrx_word' id='word_1_772' title='bbox 3044 5246 3126 5292; x_wconf 88' lang='lat' dir='ltr'><strong>est</strong></span> <span class='ocrx_word' id='word_1_773' title='bbox 3150 5236 3254 5316; x_wconf 86' lang='lat' dir='ltr'><strong>sub</strong></span> <span class='ocrx_word' id='word_1_774' title='bbox 3278 5236 3494 5316; x_wconf 53' lang='lat' dir='ltr'><strong>eruunt</strong></span> 
     </span>
    </p>
   </div>
   <div class='ocr_carea' id='block_1_115' title="bbox 1916 5302 3487 5383">
    <p class='ocr_par' dir='ltr' id='par_1_115' title="bbox 1916 5302 3487 5383">
     <span class='ocr_line' id='line_1_115' title="bbox 1916 5302 3487 5383; baseline -0.008 -19"><span class='ocrx_word' id='word_1_775' title='bbox 1916 5302 2043 5383; x_wconf 58' lang='lat' dir='ltr'><strong>anni</strong></span> <span class='ocrx_word' id='word_1_776' title='bbox 2067 5302 2194 5376; x_wconf 66' lang='grc' dir='ltr'>ὅθι,</span> <span class='ocrx_word' id='word_1_777' title='bbox 2228 5313 2530 5383; x_wconf 85' lang='lat' dir='ltr'><strong>comitante</strong></span> <span class='ocrx_word' id='word_1_778' title='bbox 2568 5302 2694 5365; x_wconf 75' lang='lat' dir='ltr'><strong>eum</strong></span> <span class='ocrx_word' id='word_1_779' title='bbox 2729 5302 2958 5383; x_wconf 66' lang='lat' dir='ltr'><strong>Valente</strong></span> <span class='ocrx_word' id='word_1_780' title='bbox 2996 5310 3262 5383; x_wconf 65' lang='lat' dir='ltr'><strong>Augusto.</strong></span> <span class='ocrx_word' id='word_1_781' title='bbox 3299 5302 3360 5353; x_wconf 84' lang='lat' dir='ltr'><strong>Et</strong></span> <span class='ocrx_word' id='word_1_782' title='bbox 3391 5314 3487 5368; x_wconf 88' lang='lat' dir='ltr'><strong>per</strong></span> 
     </span>
    </p>
   </div>
   <div class='ocr_carea' id='block_1_116' title="bbox 1915 5376 3485 5457">
    <p class='ocr_par' dir='ltr' id='par_1_116' title="bbox 1915 5376 3485 5457">
     <span class='ocr_line' id='line_1_116' title="bbox 1915 5376 3485 5457; baseline -0.01 -22"><span class='ocrx_word' id='word_1_783' title='bbox 1915 5381 2201 5437; x_wconf 88' lang='lat' dir='ltr'><strong>Thraciam</strong></span> <span class='ocrx_word' id='word_1_784' title='bbox 2231 5382 2458 5452; x_wconf 85' lang='lat' dir='ltr'><strong>profecti</strong></span> <span class='ocrx_word' id='word_1_785' title='bbox 2493 5383 2653 5457; x_wconf 62' lang='lat' dir='ltr'><strong>ambo</strong></span> <span class='ocrx_word' id='word_1_786' title='bbox 2673 5381 2924 5457; x_wconf 45' lang='lat' dir='ltr'><strong>Anglis-sti,</strong></span> <span class='ocrx_word' id='word_1_787' title='bbox 2960 5380 3104 5457; x_wconf 63' lang='lat' dir='ltr'><strong>veris</strong></span> <span class='ocrx_word' id='word_1_788' title='bbox 3135 5376 3293 5457; x_wconf 77' lang='lat' dir='ltr'><strong>initio</strong></span> <span class='ocrx_word' id='word_1_789' title='bbox 3301 5384 3485 5457; x_wconf 52' lang='lat' dir='ltr'><strong>&quot;vene-</strong></span> 
     </span>
    </p>
   </div>
   <div class='ocr_carea' id='block_1_117' title="bbox 1914 5438 3481 5526">
    <p class='ocr_par' dir='ltr' id='par_1_117' title="bbox 1914 5438 3481 5526">
     <span class='ocr_line' id='line_1_117' title="bbox 1914 5438 3481 5526; baseline -0.004 -20"><span class='ocrx_word' id='word_1_790' title='bbox 1914 5461 2043 5507; x_wconf 88' lang='lat' dir='ltr'><strong>runt</strong></span> <span class='ocrx_word' id='word_1_791' title='bbox 2078 5454 2130 5506; x_wconf 90' lang='lat' dir='ltr'><strong>in</strong></span> <span class='ocrx_word' id='word_1_792' title='bbox 2158 5438 2375 5507; x_wconf 50' lang='lat' dir='ltr'><strong>Dulciam</strong></span> <span class='ocrx_word' id='word_1_793' title='bbox 2413 5466 2555 5526; x_wconf 87' lang='lat' dir='ltr'><strong>anno</strong></span> <span class='ocrx_word' id='word_1_794' title='bbox 2582 5438 2938 5526; x_wconf 48' lang='lat' dir='ltr'><strong>Cllrist‘ibﬁl‘i,</strong></span> <span class='ocrx_word' id='word_1_795' title='bbox 2969 5456 3028 5526; x_wconf 37' lang='lat' dir='ltr'><strong>et.</strong></span> <span class='ocrx_word' id='word_1_796' title='bbox 3052 5446 3105 5498; x_wconf 90' lang='lat' dir='ltr'><strong>in</strong></span> <span class='ocrx_word' id='word_1_797' title='bbox 3139 5438 3481 5526; x_wconf 33' lang='lat' dir='ltr'><strong>urhjejlillttfj</strong></span> 
     </span>
    </p>
   </div>
   <div class='ocr_carea' id='block_1_118' title="bbox 1915 5508 3485 5594">
    <p class='ocr_par' dir='ltr' id='par_1_118' title="bbox 1915 5508 3485 5594">
     <span class='ocr_line' id='line_1_118' title="bbox 1915 5508 3485 5594; baseline -0.015 -15"><span class='ocrx_word' id='word_1_798' title='bbox 1915 5522 2012 5594; x_wconf 65' lang='lat' dir='ltr'><strong>cia:</strong></span> <span class='ocrx_word' id='word_1_799' title='bbox 2045 5521 2231 5590; x_wconf 86' lang='lat' dir='ltr'><strong>Naiso,</strong></span> <span class='ocrx_word' id='word_1_800' title='bbox 2265 5523 2349 5576; x_wconf 87' lang='lat' dir='ltr'><strong>vel</strong></span> <span class='ocrx_word' id='word_1_801' title='bbox 2404 5522 2586 5591; x_wconf 88' lang='lat' dir='ltr'><strong>potius</strong></span> <span class='ocrx_word' id='word_1_802' title='bbox 2631 5520 2682 5573; x_wconf 91' lang='lat' dir='ltr'><strong>in</strong></span> <span class='ocrx_word' id='word_1_803' title='bbox 2733 5520 2861 5573; x_wconf 89' lang='lat' dir='ltr'><strong>villa</strong></span> <span class='ocrx_word' id='word_1_804' title='bbox 2894 5515 3141 5594; x_wconf 67' lang='lat' dir='ltr'><strong>Mediana</strong></span> <span class='ocrx_word' id='word_1_805' title='bbox 3182 5509 3249 5594; x_wconf 75' lang='lat' dir='ltr'><strong>ad</strong></span> <span class='ocrx_word' id='word_1_806' title='bbox 3279 5508 3485 5594; x_wconf 62' lang='lat' dir='ltr'><strong>urbem</strong></span> 
     </span>
    </p>
   </div>
   <div class='ocr_carea' id='block_1_119' title="bbox 1914 5585 3489 5666">
    <p class='ocr_par' dir='ltr' id='par_1_119' title="bbox 1914 5585 3489 5666">
     <span class='ocr_line' id='line_1_119' title="bbox 1914 5585 3489 5666; baseline -0.013 -21"><span class='ocrx_word' id='word_1_807' title='bbox 1914 5590 2169 5658; x_wconf 85' lang='lat' dir='ltr'><strong>Naisum,</strong></span> <span class='ocrx_word' id='word_1_808' title='bbox 2217 5585 2502 5666; x_wconf 60' lang='lat' dir='ltr'><strong>exercitus</strong></span> <span class='ocrx_word' id='word_1_809' title='bbox 2558 5599 2611 5646; x_wconf 90' lang='lat' dir='ltr'><strong>et</strong></span> <span class='ocrx_word' id='word_1_810' title='bbox 2635 5597 2892 5666; x_wconf 72' lang='lat' dir='ltr'><strong>rectores</strong></span> <span class='ocrx_word' id='word_1_811' title='bbox 2953 5585 3365 5666; x_wconf 33' lang='lat' dir='ltr'><strong>.militiaegint‘er</strong></span> 
     </span>
    </p>
   </div>
   <div class='ocr_carea' id='block_1_120' title="bbox 1918 5653 3481 5733">
    <p class='ocr_par' dir='ltr' id='par_1_120' title="bbox 1918 5653 3481 5733">
     <span class='ocr_line' id='line_1_120' title="bbox 1918 5653 3481 5733; baseline -0.008 -20"><span class='ocrx_word' id='word_1_812' title='bbox 1918 5664 2107 5733; x_wconf 85' lang='lat' dir='ltr'><strong>partiti</strong></span> <span class='ocrx_word' id='word_1_813' title='bbox 2138 5653 2284 5717; x_wconf 82' lang='lat' dir='ltr'><strong>sunt.</strong></span> <span class='ocrx_word' id='word_1_814' title='bbox 2322 5661 2442 5733; x_wconf 68' lang='lat' dir='ltr'><strong>mox</strong></span> <span class='ocrx_word' id='word_1_815' title='bbox 2474 5677 2599 5733; x_wconf 79' lang='lat' dir='ltr'><strong>cum</strong></span> <span class='ocrx_word' id='word_1_816' title='bbox 2634 5655 3074 5733; x_wconf 71' lang='lat' dir='ltr'><strong>in_Pannonia_m</strong></span> <span class='ocrx_word' id='word_1_817' title='bbox 3095 5653 3481 5733; x_wconf 40' lang='lat' dir='ltr'><strong>venisscn&#39;ljdlzn</strong></span> 
     </span>
    </p>
   </div>
   <div class='ocr_carea' id='block_1_121' title="bbox 1916 5715 3477 5802">
    <p class='ocr_par' dir='ltr' id='par_1_121' title="bbox 1916 5715 3477 5802">
     <span class='ocr_line' id='line_1_121' title="bbox 1916 5715 3477 5802; baseline -0.013 -16"><span class='ocrx_word' id='word_1_818' title='bbox 1916 5715 2052 5789; x_wconf 72' lang='lat' dir='ltr'><strong>urbe</strong></span> <span class='ocrx_word' id='word_1_819' title='bbox 2085 5715 2283 5788; x_wconf 78' lang='lat' dir='ltr'><strong>Sirmio</strong></span> <span class='ocrx_word' id='word_1_820' title='bbox 2333 5731 2633 5802; x_wconf 82' lang='lat' dir='ltr'><strong>palatium.</strong></span> <span class='ocrx_word' id='word_1_821' title='bbox 2696 5729 2749 5782; x_wconf 75' lang='grc' dir='ltr'><strong>ἱιὶ</strong></span> <span class='ocrx_word' id='word_1_822' title='bbox 2801 5734 2883 5783; x_wconf 86' lang='lat' dir='ltr'><strong>cst</strong></span> <span class='ocrx_word' id='word_1_823' title='bbox 2943 5720 3197 5778; x_wconf 85' lang='lat' dir='ltr'><strong>olliciales</strong></span> <span class='ocrx_word' id='word_1_824' title='bbox 3264 5715 3477 5785; x_wconf 81' lang='lat' dir='ltr'><strong>palatii,</strong></span> 
     </span>
    </p>
   </div>
   <div class='ocr_carea' id='block_1_122' title="bbox 3314 4812 3366 4866">
    <p class='ocr_par' dir='ltr' id='par_1_122' title="bbox 3314 4812 3366 4866">
     <span class='ocr_line' id='line_1_122' title="bbox 3314 4812 3366 4866; baseline 0 -1"><span class='ocrx_word' id='word_1_825' title='bbox 3314 4812 3366 4866; x_wconf 86' lang='lat' dir='ltr'><strong>fu</strong></span> 
     </span>
    </p>
   </div>
   <div class='ocr_carea' id='block_1_123' title="bbox 3375 4833 3389 4863">
    <p class='ocr_par' dir='ltr' id='par_1_123' title="bbox 3375 4833 3389 4863">
     <span class='ocr_line' id='line_1_123' title="bbox 3375 4833 3389 4863; baseline 0 0"><span class='ocrx_word' id='word_1_826' title='bbox 3375 4833 3389 4863; x_wconf 83' lang='grc' dir='ltr'><strong>ι</strong></span> 
     </span>
    </p>
   </div>
   <div class='ocr_carea' id='block_1_124' title="bbox 3441 4828 3464 4863">
    <p class='ocr_par' dir='ltr' id='par_1_124' title="bbox 3441 4828 3464 4863">
     <span class='ocr_line' id='line_1_124' title="bbox 3441 4828 3464 4863; baseline 0 0"><span class='ocrx_word' id='word_1_827' title='bbox 3441 4828 3464 4863; x_wconf 85' lang='lat' dir='ltr'><strong>a</strong></span> 
     </span>
    </p>
   </div>
   <div class='ocr_carea' id='block_1_125' title="bbox 3472 4820 3503 4865">
    <p class='ocr_par' dir='ltr' id='par_1_125' title="bbox 3472 4820 3503 4865">
     <span class='ocr_line' id='line_1_125' title="bbox 3472 4820 3503 4865; baseline 0 0"><span class='ocrx_word' id='word_1_828' title='bbox 3472 4820 3503 4865; x_wconf 74' lang='grc' dir='ltr'><strong>ι.</strong></span> 
     </span>
    </p>
   </div>
   <div class='ocr_carea' id='block_1_126' title="bbox 3392 4856 3401 4865">
    <p class='ocr_par' dir='ltr' id='par_1_126' title="bbox 3392 4856 3401 4865">
     <span class='ocr_line' id='line_1_126' title="bbox 3392 4856 3401 4865; baseline 0 0"><span class='ocrx_word' id='word_1_829' title='bbox 3392 4856 3401 4865; x_wconf 74' lang='grc' dir='ltr'><em>ι</em></span> 
     </span>
    </p>
   </div>
   <div class='ocr_carea' id='block_1_127' title="bbox 3408 4830 3434 4866">
    <p class='ocr_par' dir='ltr' id='par_1_127' title="bbox 3408 4830 3434 4866">
     <span class='ocr_line' id='line_1_127' title="bbox 3408 4830 3434 4866; baseline 0 0"><span class='ocrx_word' id='word_1_830' title='bbox 3408 4830 3434 4866; x_wconf 81' lang='grc'><strong>1⁵</strong></span> 
     </span>
    </p>
   </div>
  </div>
