  <div class='ocr_page' id='page_1' title='image "/cluster/home/n/w/nwhite01/storage/ocr_20150623/67/mdp.39015018620115/661.png"; bbox 0 0 4056 6326; ppageno 0'>
   <div class='ocr_carea' id='block_1_1' title="bbox 635 392 768 452">
    <p class='ocr_par' dir='ltr' id='par_1_1' title="bbox 635 392 768 452">
     <span class='ocr_line' id='line_1_1' title="bbox 635 392 768 452; baseline -0.038 0"><span class='ocrx_word' id='word_1_1' title='bbox 635 392 768 452; x_wconf 66' lang='lat' dir='ltr'><strong>55H</strong></span> 
     </span>
    </p>
   </div>
   <div class='ocr_carea' id='block_1_2' title="bbox 2102 382 2436 440">
    <p class='ocr_par' dir='ltr' id='par_1_2' title="bbox 2102 382 2436 440">
     <span class='ocr_line' id='line_1_2' title="bbox 2102 382 2436 440; baseline -0.003 -1"><span class='ocrx_word' id='word_1_2' title='bbox 2102 382 2436 440; x_wconf 74' lang='lat' dir='ltr'><strong>SOZOMENI</strong></span> 
     </span>
    </p>
   </div>
   <div class='ocr_carea' id='block_1_3' title="bbox 3673 399 3774 455">
    <p class='ocr_par' dir='ltr' id='par_1_3' title="bbox 3673 399 3774 455">
     <span class='ocr_line' id='line_1_3' title="bbox 3673 399 3774 455; baseline 0.04 -4"><span class='ocrx_word' id='word_1_3' title='bbox 3673 399 3774 455; x_wconf 72' lang='grc' dir='ltr'><strong>15ίῖ</strong></span> 
     </span>
    </p>
   </div>
   <div class='ocr_carea' id='block_1_4' title="bbox 637 506 2216 585">
    <p class='ocr_par' dir='ltr' id='par_1_4' title="bbox 637 507 2203 585">
     <span class='ocr_line' id='line_1_4' title="bbox 637 507 2203 585; baseline -0.005 -17"><span class='ocrx_word' id='word_1_4' title='bbox 637 513 774 585; x_wconf 84' lang='lat' dir='ltr'><strong>ipsis</strong></span> <span class='ocrx_word' id='word_1_5' title='bbox 802 512 1068 582; x_wconf 92' lang='lat' dir='ltr'><strong>legatione</strong></span> <span class='ocrx_word' id='word_1_6' title='bbox 1106 516 1314 580; x_wconf 92' lang='lat' dir='ltr'><strong>peteret</strong></span> <span class='ocrx_word' id='word_1_7' title='bbox 1343 509 1412 564; x_wconf 89' lang='lat' dir='ltr'><strong>ab</strong></span> <span class='ocrx_word' id='word_1_8' title='bbox 1449 509 1804 578; x_wconf 79' lang='lat' dir='ltr'><strong>imperatore,</strong></span> <span class='ocrx_word' id='word_1_9' title='bbox 1835 517 1895 563; x_wconf 93' lang='lat' dir='ltr'><strong>ut</strong></span> <span class='ocrx_word' id='word_1_10' title='bbox 1930 507 1997 563; x_wconf 88' lang='lat' dir='ltr'><strong>ad</strong></span> <span class='ocrx_word' id='word_1_11' title='bbox 2027 509 2203 562; x_wconf 79' lang='lat' dir='ltr'><strong>corri-</strong></span> 
     </span>
    </p>
   </div>
   <div class='ocr_carea' id='block_1_5' title="bbox 2247 506 3778 585">
    <p class='ocr_par' dir='ltr' id='par_1_5' title="bbox 2247 506 3778 580">
     <span class='ocr_line' id='line_1_5' title="bbox 2247 506 3778 580; baseline 0.008 -20"><span class='ocrx_word' id='word_1_12' title='bbox 2247 513 2277 570; x_wconf 61' lang='grc' dir='ltr'><strong>λ</strong></span> <span class='ocrx_word' id='word_1_13' title='bbox 2303 508 2393 561; x_wconf 82' lang='grc' dir='ltr'><strong>τὸν</strong></span> <span class='ocrx_word' id='word_1_14' title='bbox 2432 506 2758 579; x_wconf 79' lang='grc' dir='ltr'><strong>Ἡρακλείας</strong></span> <span class='ocrx_word' id='word_1_15' title='bbox 2793 510 2892 579; x_wconf 80' lang='grc' dir='ltr'>τῆς</span> <span class='ocrx_word' id='word_1_16' title='bbox 2925 508 3186 580; x_wconf 80' lang='grc' dir='ltr'><strong>Περίνθου</strong></span> <span class='ocrx_word' id='word_1_17' title='bbox 3238 510 3506 566; x_wconf 80' lang='grc' dir='ltr'>ἐπίσκοπον</span> <span class='ocrx_word' id='word_1_18' title='bbox 3529 531 3540 545; x_wconf 75' lang='grc' dir='ltr'><strong>ο</strong></span> <span class='ocrx_word' id='word_1_19' title='bbox 3567 516 3778 576; x_wconf 77' lang='grc' dir='ltr'>ὥστεὲπι-</span> 
     </span>
    </p>
   </div>
   <div class='ocr_carea' id='block_1_6' title="bbox 636 601 2204 671">
    <p class='ocr_par' dir='ltr' id='par_1_6' title="bbox 636 601 2204 671">
     <span class='ocr_line' id='line_1_6' title="bbox 636 601 2204 671; baseline -0.004 -11"><span class='ocrx_word' id='word_1_20' title='bbox 636 603 868 669; x_wconf 73' lang='lat' dir='ltr'><strong>gendam</strong></span> <span class='ocrx_word' id='word_1_21' title='bbox 908 602 1031 656; x_wconf 88' lang='lat' dir='ltr'><strong>lidei</strong></span> <span class='ocrx_word' id='word_1_22' title='bbox 1053 602 1362 656; x_wconf 89' lang='lat' dir='ltr'><strong>doctrinam</strong></span> <span class='ocrx_word' id='word_1_23' title='bbox 1396 601 1694 656; x_wconf 90' lang='lat' dir='ltr'><strong>convenire</strong></span> <span class='ocrx_word' id='word_1_24' title='bbox 1735 601 2204 671; x_wconf 82' lang='lat' dir='ltr'><strong>permitterentur.</strong></span> 
     </span>
    </p>
   </div>
   <div class='ocr_carea' id='block_1_7' title="bbox 637 692 2208 762">
    <p class='ocr_par' dir='ltr' id='par_1_7' title="bbox 637 692 2208 762">
     <span class='ocr_line' id='line_1_7' title="bbox 637 692 2208 762; baseline -0.004 -14"><span class='ocrx_word' id='word_1_25' title='bbox 637 696 739 762; x_wconf 85' lang='lat' dir='ltr'><strong>Qui</strong></span> <span class='ocrx_word' id='word_1_26' title='bbox 786 707 910 746; x_wconf 91' lang='lat' dir='ltr'><strong>cum</strong></span> <span class='ocrx_word' id='word_1_27' title='bbox 971 694 1353 762; x_wconf 86' lang='lat' dir='ltr'><strong>imperatorem</strong></span> <span class='ocrx_word' id='word_1_28' title='bbox 1409 693 1674 758; x_wconf 86' lang='lat' dir='ltr'><strong>adiisset,</strong></span> <span class='ocrx_word' id='word_1_29' title='bbox 1729 700 1782 746; x_wconf 91' lang='lat' dir='ltr'><strong>et</strong></span> <span class='ocrx_word' id='word_1_30' title='bbox 1829 692 2208 761; x_wconf 91' lang='lat' dir='ltr'><strong>episcoporum</strong></span> 
     </span>
    </p>
   </div>
   <div class='ocr_carea' id='block_1_8' title="bbox 637 780 2211 852">
    <p class='ocr_par' dir='ltr' id='par_1_8' title="bbox 637 780 2211 852">
     <span class='ocr_line' id='line_1_8' title="bbox 637 780 2211 852; baseline -0.003 -15"><span class='ocrx_word' id='word_1_31' title='bbox 637 783 896 837; x_wconf 88' lang='lat' dir='ltr'><strong>mandata</strong></span> <span class='ocrx_word' id='word_1_32' title='bbox 935 782 984 837; x_wconf 93' lang='lat' dir='ltr'><strong>ei</strong></span> <span class='ocrx_word' id='word_1_33' title='bbox 1016 782 1384 852; x_wconf 71' lang='lat' dir='ltr'><strong>exposuisset.</strong></span> <span class='ocrx_word' id='word_1_34' title='bbox 1420 780 1840 836; x_wconf 89' lang='lat' dir='ltr'><strong>Valentinianus</strong></span> <span class='ocrx_word' id='word_1_35' title='bbox 1869 780 1943 834; x_wconf 87' lang='lat' dir='ltr'><strong>ita</strong></span> <span class='ocrx_word' id='word_1_36' title='bbox 1979 794 2211 849; x_wconf 89' lang='lat' dir='ltr'><strong>respon-</strong></span> 
     </span>
    </p>
   </div>
   <div class='ocr_carea' id='block_1_9' title="bbox 636 871 2209 944">
    <p class='ocr_par' dir='ltr' id='par_1_9' title="bbox 636 871 2209 944">
     <span class='ocr_line' id='line_1_9' title="bbox 636 871 2209 944; baseline -0.003 -16"><span class='ocrx_word' id='word_1_37' title='bbox 636 873 913 928; x_wconf 80' lang='lat' dir='ltr'><strong>ditzMihi</strong></span> <span class='ocrx_word' id='word_1_38' title='bbox 960 874 1180 944; x_wconf 85' lang='lat' dir='ltr'><strong>quidem</strong></span> <span class='ocrx_word' id='word_1_39' title='bbox 1226 871 1283 924; x_wconf 93' lang='lat' dir='ltr'><strong>in</strong></span> <span class='ocrx_word' id='word_1_40' title='bbox 1341 873 1605 927; x_wconf 89' lang='lat' dir='ltr'><strong>laicorum</strong></span> <span class='ocrx_word' id='word_1_41' title='bbox 1653 871 1846 927; x_wconf 87' lang='lat' dir='ltr'><strong>ordine</strong></span> <span class='ocrx_word' id='word_1_42' title='bbox 1885 871 2209 934; x_wconf 86' lang='lat' dir='ltr'><strong>constituto,</strong></span> 
     </span>
    </p>
   </div>
   <div class='ocr_carea' id='block_1_10' title="bbox 639 961 2208 1034">
    <p class='ocr_par' dir='ltr' id='par_1_10' title="bbox 639 961 2208 1034">
     <span class='ocr_line' id='line_1_10' title="bbox 639 961 2208 1034; baseline -0.003 -15"><span class='ocrx_word' id='word_1_43' title='bbox 639 965 721 1021; x_wconf 88' lang='lat' dir='ltr'><strong>fas</strong></span> <span class='ocrx_word' id='word_1_44' title='bbox 751 981 858 1020; x_wconf 90' lang='lat' dir='ltr'><strong>non</strong></span> <span class='ocrx_word' id='word_1_45' title='bbox 893 972 975 1020; x_wconf 88' lang='lat' dir='ltr'><strong>est</strong></span> <span class='ocrx_word' id='word_1_46' title='bbox 1022 963 1335 1033; x_wconf 88' lang='lat' dir='ltr'><strong>hujusmodi</strong></span> <span class='ocrx_word' id='word_1_47' title='bbox 1378 965 1595 1034; x_wconf 89' lang='lat' dir='ltr'><strong>negotia</strong></span> <span class='ocrx_word' id='word_1_48' title='bbox 1629 963 1908 1018; x_wconf 83' lang='lat' dir='ltr'><strong>curiosius</strong></span> <span class='ocrx_word' id='word_1_49' title='bbox 1951 961 2208 1017; x_wconf 89' lang='lat' dir='ltr'><strong>scrutari.</strong></span> 
     </span>
    </p>
   </div>
   <div class='ocr_carea' id='block_1_11' title="bbox 639 1053 2213 1126">
    <p class='ocr_par' dir='ltr' id='par_1_11' title="bbox 639 1053 2213 1126">
     <span class='ocr_line' id='line_1_11' title="bbox 639 1053 2213 1126; baseline -0.002 -17"><span class='ocrx_word' id='word_1_50' title='bbox 639 1057 964 1111; x_wconf 82' lang='lat' dir='ltr'><strong>Sacerdotes</strong></span> <span class='ocrx_word' id='word_1_51' title='bbox 996 1071 1126 1110; x_wconf 88' lang='lat' dir='ltr'><strong>vero</strong></span> <span class='ocrx_word' id='word_1_52' title='bbox 1171 1055 1375 1126; x_wconf 89' lang='lat' dir='ltr'><strong>quibus</strong></span> <span class='ocrx_word' id='word_1_53' title='bbox 1409 1056 1462 1110; x_wconf 88' lang='lat' dir='ltr'><strong>id</strong></span> <span class='ocrx_word' id='word_1_54' title='bbox 1493 1071 1640 1110; x_wconf 55' lang='lat' dir='ltr'><strong>cura;</strong></span> <span class='ocrx_word' id='word_1_55' title='bbox 1671 1064 1775 1119; x_wconf 89' lang='lat' dir='ltr'><strong>est,</strong></span> <span class='ocrx_word' id='word_1_56' title='bbox 1808 1069 2056 1110; x_wconf 88' lang='lat' dir='ltr'><strong>seorsum</strong></span> <span class='ocrx_word' id='word_1_57' title='bbox 2100 1053 2213 1107; x_wconf 91' lang='lat' dir='ltr'><strong>ubi-</strong></span> 
     </span>
    </p>
   </div>
   <div class='ocr_carea' id='block_1_12' title="bbox 643 1145 2214 1217">
    <p class='ocr_par' dir='ltr' id='par_1_12' title="bbox 643 1145 2214 1217">
     <span class='ocr_line' id='line_1_12' title="bbox 643 1145 2214 1217; baseline -0.002 -15"><span class='ocrx_word' id='word_1_58' title='bbox 643 1163 864 1217; x_wconf 87' lang='lat' dir='ltr'><strong>cunque</strong></span> <span class='ocrx_word' id='word_1_59' title='bbox 892 1149 1169 1202; x_wconf 82' lang='lat' dir='ltr'><strong>voluerint</strong></span> <span class='ocrx_word' id='word_1_60' title='bbox 1204 1148 1552 1203; x_wconf 88' lang='lat' dir='ltr'><strong>conveniant.</strong></span> <span class='ocrx_word' id='word_1_61' title='bbox 1593 1145 1717 1201; x_wconf 69' lang='lat' dir='ltr'><strong>llaec</strong></span> <span class='ocrx_word' id='word_1_62' title='bbox 1745 1161 1868 1201; x_wconf 93' lang='lat' dir='ltr'><strong>cum</strong></span> <span class='ocrx_word' id='word_1_63' title='bbox 1917 1147 2214 1216; x_wconf 85' lang='lat' dir='ltr'><strong>imperator</strong></span> 
     </span>
    </p>
   </div>
   <div class='ocr_carea' id='block_1_13' title="bbox 640 1235 2211 1309">
    <p class='ocr_par' dir='ltr' id='par_1_13' title="bbox 640 1235 2211 1309">
     <span class='ocr_line' id='line_1_13' title="bbox 640 1235 2211 1309; baseline -0.003 -15"><span class='ocrx_word' id='word_1_64' title='bbox 640 1239 707 1294; x_wconf 85' lang='lat' dir='ltr'><strong>ad</strong></span> <span class='ocrx_word' id='word_1_65' title='bbox 765 1238 1051 1309; x_wconf 88' lang='lat' dir='ltr'><strong>Ilypatiani</strong></span> <span class='ocrx_word' id='word_1_66' title='bbox 1113 1238 1439 1309; x_wconf 81' lang='lat' dir='ltr'><strong>legationem</strong></span> <span class='ocrx_word' id='word_1_67' title='bbox 1491 1237 1910 1307; x_wconf 90' lang='lat' dir='ltr'><strong>respondisset,</strong></span> <span class='ocrx_word' id='word_1_68' title='bbox 1969 1235 2211 1305; x_wconf 86' lang='lat' dir='ltr'><strong>episcopi</strong></span> 
     </span>
    </p>
   </div>
   <div class='ocr_carea' id='block_1_14' title="bbox 639 1327 2216 1398">
    <p class='ocr_par' dir='ltr' id='par_1_14' title="bbox 639 1327 2216 1398">
     <span class='ocr_line' id='line_1_14' title="bbox 639 1327 2216 1398; baseline 0 -17"><span class='ocrx_word' id='word_1_69' title='bbox 639 1329 1007 1398; x_wconf 86' lang='lat' dir='ltr'><strong>Lampsacum</strong></span> <span class='ocrx_word' id='word_1_70' title='bbox 1070 1329 1428 1384; x_wconf 87' lang='lat' dir='ltr'><strong>conveniunt.</strong></span> <span class='ocrx_word' id='word_1_71' title='bbox 1495 1327 1743 1398; x_wconf 90' lang='lat' dir='ltr'><strong>Cumque</strong></span> <span class='ocrx_word' id='word_1_72' title='bbox 1802 1342 1898 1397; x_wconf 88' lang='lat' dir='ltr'><strong>per</strong></span> <span class='ocrx_word' id='word_1_73' title='bbox 1948 1328 2216 1382; x_wconf 85' lang='lat' dir='ltr'><strong>bimestre</strong></span> 
     </span>
    </p>
   </div>
   <div class='ocr_carea' id='block_1_15' title="bbox 639 1418 2213 1490">
    <p class='ocr_par' dir='ltr' id='par_1_15' title="bbox 639 1418 2213 1490">
     <span class='ocr_line' id='line_1_15' title="bbox 639 1418 2213 1490; baseline -0.003 -13"><span class='ocrx_word' id='word_1_74' title='bbox 639 1421 882 1490; x_wconf 85' lang='lat' dir='ltr'><strong>spatium</strong></span> <span class='ocrx_word' id='word_1_75' title='bbox 929 1421 1071 1474; x_wconf 91' lang='lat' dir='ltr'><strong>inter</strong></span> <span class='ocrx_word' id='word_1_76' title='bbox 1114 1435 1174 1475; x_wconf 90' lang='lat' dir='ltr'><strong>se</strong></span> <span class='ocrx_word' id='word_1_77' title='bbox 1215 1421 1648 1486; x_wconf 88' lang='lat' dir='ltr'><strong>consultassent,</strong></span> <span class='ocrx_word' id='word_1_78' title='bbox 1689 1418 1905 1474; x_wconf 90' lang='lat' dir='ltr'><strong>tandem</strong></span> <span class='ocrx_word' id='word_1_79' title='bbox 1952 1419 2213 1473; x_wconf 90' lang='lat' dir='ltr'><strong>decreve-</strong></span> 
     </span>
    </p>
   </div>
   <div class='ocr_carea' id='block_1_16' title="bbox 639 1509 2215 1581">
    <p class='ocr_par' dir='ltr' id='par_1_16' title="bbox 639 1509 2215 1581">
     <span class='ocr_line' id='line_1_16' title="bbox 639 1509 2215 1581; baseline -0.002 -14"><span class='ocrx_word' id='word_1_80' title='bbox 639 1521 770 1567; x_wconf 90' lang='lat' dir='ltr'><strong>runt</strong></span> <span class='ocrx_word' id='word_1_81' title='bbox 827 1511 993 1581; x_wconf 77' lang='lat'><strong>228</strong></span> <span class='ocrx_word' id='word_1_82' title='bbox 1021 1519 1080 1565; x_wconf 94' lang='lat' dir='ltr'><strong>ut</strong></span> <span class='ocrx_word' id='word_1_83' title='bbox 1122 1527 1186 1566; x_wconf 87' lang='lat' dir='ltr'><strong>ea</strong></span> <span class='ocrx_word' id='word_1_84' title='bbox 1220 1528 1340 1581; x_wconf 73' lang='lat' dir='ltr'><strong>qua:</strong></span> <span class='ocrx_word' id='word_1_85' title='bbox 1368 1510 1850 1580; x_wconf 85' lang='lat' dir='ltr'><strong>Constantinopoli</strong></span> <span class='ocrx_word' id='word_1_86' title='bbox 1893 1512 2074 1566; x_wconf 90' lang='lat' dir='ltr'><strong>studio</strong></span> <span class='ocrx_word' id='word_1_87' title='bbox 2104 1509 2215 1564; x_wconf 86' lang='lat' dir='ltr'><strong>Eu-</strong></span> 
     </span>
    </p>
   </div>
   <div class='ocr_carea' id='block_1_17' title="bbox 639 1598 2213 1671">
    <p class='ocr_par' dir='ltr' id='par_1_17' title="bbox 639 1598 2213 1671">
     <span class='ocr_line' id='line_1_17' title="bbox 639 1598 2213 1671; baseline -0.003 -15"><span class='ocrx_word' id='word_1_88' title='bbox 639 1601 791 1656; x_wconf 76' lang='lat' dir='ltr'><strong>doxii</strong></span> <span class='ocrx_word' id='word_1_89' title='bbox 838 1609 1003 1670; x_wconf 90' lang='lat' dir='ltr'><strong>atque</strong></span> <span class='ocrx_word' id='word_1_90' title='bbox 1049 1602 1235 1654; x_wconf 81' lang='lat' dir='ltr'><strong>Acacii</strong></span> <span class='ocrx_word' id='word_1_91' title='bbox 1284 1609 1434 1671; x_wconf 88' lang='lat' dir='ltr'><strong>gesta</strong></span> <span class='ocrx_word' id='word_1_92' title='bbox 1496 1598 1742 1664; x_wconf 79' lang='lat' dir='ltr'><strong>fuerant,</strong></span> <span class='ocrx_word' id='word_1_93' title='bbox 1803 1601 1958 1654; x_wconf 78' lang='lat' dir='ltr'><strong>irrita</strong></span> <span class='ocrx_word' id='word_1_94' title='bbox 2006 1608 2213 1665; x_wconf 84' lang='lat' dir='ltr'><strong>essent,</strong></span> 
     </span>
    </p>
   </div>
   <div class='ocr_carea' id='block_1_18' title="bbox 642 1690 2212 1762">
    <p class='ocr_par' dir='ltr' id='par_1_18' title="bbox 642 1690 2212 1762">
     <span class='ocr_line' id='line_1_18' title="bbox 642 1690 2212 1762; baseline -0.003 -15"><span class='ocrx_word' id='word_1_95' title='bbox 642 1703 703 1747; x_wconf 88' lang='lat' dir='ltr'><strong>et</strong></span> <span class='ocrx_word' id='word_1_96' title='bbox 736 1699 796 1746; x_wconf 93' lang='lat' dir='ltr'><strong>ut</strong></span> <span class='ocrx_word' id='word_1_97' title='bbox 822 1692 1056 1746; x_wconf 83' lang='lat' dir='ltr'><strong>formula</strong></span> <span class='ocrx_word' id='word_1_98' title='bbox 1085 1691 1310 1762; x_wconf 89' lang='lat' dir='ltr'><strong>quidem</strong></span> <span class='ocrx_word' id='word_1_99' title='bbox 1336 1691 1458 1747; x_wconf 91' lang='lat' dir='ltr'><strong>ﬁdei</strong></span> <span class='ocrx_word' id='word_1_100' title='bbox 1495 1691 1842 1762; x_wconf 84' lang='lat' dir='ltr'><strong>rejiceretur,</strong></span> <span class='ocrx_word' id='word_1_101' title='bbox 1870 1705 2036 1760; x_wconf 89' lang='lat' dir='ltr'><strong>quam</strong></span> <span class='ocrx_word' id='word_1_102' title='bbox 2062 1690 2212 1746; x_wconf 89' lang='lat' dir='ltr'><strong>velut</strong></span> 
     </span>
    </p>
   </div>
   <div class='ocr_carea' id='block_1_19' title="bbox 641 1781 2217 1852">
    <p class='ocr_par' dir='ltr' id='par_1_19' title="bbox 641 1781 2217 1852">
     <span class='ocr_line' id='line_1_19' title="bbox 641 1781 2217 1852; baseline 0.001 -17"><span class='ocrx_word' id='word_1_103' title='bbox 641 1783 712 1837; x_wconf 91' lang='lat' dir='ltr'><strong>ab</strong></span> <span class='ocrx_word' id='word_1_104' title='bbox 777 1781 1226 1838; x_wconf 89' lang='lat' dir='ltr'><strong>Occidentalibus</strong></span> <span class='ocrx_word' id='word_1_105' title='bbox 1279 1782 1549 1852; x_wconf 84' lang='lat' dir='ltr'><strong>episcopis</strong></span> <span class='ocrx_word' id='word_1_106' title='bbox 1612 1782 1814 1838; x_wconf 87' lang='lat' dir='ltr'><strong>editam</strong></span> <span class='ocrx_word' id='word_1_107' title='bbox 1877 1783 2217 1852; x_wconf 83' lang='lat' dir='ltr'><strong>proferentes</strong></span> 
     </span>
    </p>
   </div>
   <div class='ocr_carea' id='block_1_20' title="bbox 644 1871 2216 1943">
    <p class='ocr_par' dir='ltr' id='par_1_20' title="bbox 644 1871 2216 1943">
     <span class='ocr_line' id='line_1_20' title="bbox 644 1871 2216 1943; baseline 0.001 -18"><span class='ocrx_word' id='word_1_108' title='bbox 644 1872 979 1935; x_wconf 80' lang='lat' dir='ltr'><strong>Eudoxiani,</strong></span> <span class='ocrx_word' id='word_1_109' title='bbox 1027 1872 1526 1942; x_wconf 88' lang='lat' dir='ltr'><strong>snbscriptionibus</strong></span> <span class='ocrx_word' id='word_1_110' title='bbox 1584 1872 1948 1943; x_wconf 89' lang='lat' dir='ltr'><strong>quorumdam</strong></span> <span class='ocrx_word' id='word_1_111' title='bbox 2009 1871 2216 1927; x_wconf 89' lang='lat' dir='ltr'><strong>ﬁrmari</strong></span> 
     </span>
    </p>
   </div>
   <div class='ocr_carea' id='block_1_21' title="bbox 641 1963 2217 2033">
    <p class='ocr_par' dir='ltr' id='par_1_21' title="bbox 641 1963 2217 2033">
     <span class='ocr_line' id='line_1_21' title="bbox 641 1963 2217 2033; baseline 0 -17"><span class='ocrx_word' id='word_1_112' title='bbox 641 1970 994 2027; x_wconf 87' lang='lat' dir='ltr'><strong>curaverant,</strong></span> <span class='ocrx_word' id='word_1_113' title='bbox 1030 1963 1263 2032; x_wconf 86' lang='lat' dir='ltr'><strong>polliciti</strong></span> <span class='ocrx_word' id='word_1_114' title='bbox 1309 1979 1368 2019; x_wconf 87' lang='lat' dir='ltr'><strong>se</strong></span> <span class='ocrx_word' id='word_1_115' title='bbox 1414 1965 1728 2033; x_wconf 80' lang='lat' dir='ltr'><strong>Opinionem</strong></span> <span class='ocrx_word' id='word_1_116' title='bbox 1767 1963 2054 2019; x_wconf 90' lang='lat' dir='ltr'><strong>dissimilis</strong></span> <span class='ocrx_word' id='word_1_117' title='bbox 2085 1963 2217 2018; x_wconf 90' lang='lat' dir='ltr'><strong>sub-</strong></span> 
     </span>
    </p>
   </div>
   <div class='ocr_carea' id='block_1_22' title="bbox 642 2051 2244 2124">
    <p class='ocr_par' dir='ltr' id='par_1_22' title="bbox 642 2051 2244 2124">
     <span class='ocr_line' id='line_1_22' title="bbox 642 2051 2244 2124; baseline -0.001 -16"><span class='ocrx_word' id='word_1_118' title='bbox 642 2051 861 2108; x_wconf 81' lang='lat' dir='ltr'><strong>stantiae</strong></span> <span class='ocrx_word' id='word_1_119' title='bbox 895 2052 1251 2108; x_wconf 85' lang='lat' dir='ltr'><strong>damnaturos</strong></span> <span class='ocrx_word' id='word_1_120' title='bbox 1281 2072 1295 2107; x_wconf 89' lang='lat'><strong>:</strong></span> <span class='ocrx_word' id='word_1_121' title='bbox 1325 2054 1471 2124; x_wconf 91' lang='lat' dir='ltr'><strong>quod</strong></span> <span class='ocrx_word' id='word_1_122' title='bbox 1504 2060 1685 2108; x_wconf 92' lang='lat' dir='ltr'><strong>tamen</strong></span> <span class='ocrx_word' id='word_1_123' title='bbox 1731 2053 1955 2109; x_wconf 90' lang='lat' dir='ltr'><strong>minime</strong></span> <span class='ocrx_word' id='word_1_124' title='bbox 2003 2055 2244 2124; x_wconf 59' lang='lat' dir='ltr'><strong>paesti--</strong></span> 
     </span>
    </p>
   </div>
   <div class='ocr_carea' id='block_1_23' title="bbox 642 2139 2218 2212">
    <p class='ocr_par' dir='ltr' id='par_1_23' title="bbox 642 2139 2218 2212">
     <span class='ocr_line' id='line_1_23' title="bbox 642 2139 2218 2212; baseline 0.001 -17"><span class='ocrx_word' id='word_1_125' title='bbox 642 2149 867 2196; x_wconf 89' lang='lat' dir='ltr'><strong>terunt:</strong></span> <span class='ocrx_word' id='word_1_126' title='bbox 906 2157 969 2194; x_wconf 89' lang='lat' dir='ltr'><strong>ea</strong></span> <span class='ocrx_word' id='word_1_127' title='bbox 1008 2158 1139 2197; x_wconf 87' lang='lat' dir='ltr'><strong>vero</strong></span> <span class='ocrx_word' id='word_1_128' title='bbox 1169 2144 1443 2198; x_wconf 87' lang='lat' dir='ltr'><strong>sententia</strong></span> <span class='ocrx_word' id='word_1_129' title='bbox 1473 2157 1595 2212; x_wconf 67' lang='lat' dir='ltr'><strong>qua:</strong></span> <span class='ocrx_word' id='word_1_130' title='bbox 1635 2139 1837 2196; x_wconf 82' lang='lat' dir='ltr'><strong>Filium</strong></span> <span class='ocrx_word' id='word_1_131' title='bbox 1873 2141 2024 2196; x_wconf 90' lang='lat' dir='ltr'><strong>Patri</strong></span> <span class='ocrx_word' id='word_1_132' title='bbox 2063 2143 2218 2197; x_wconf 87' lang='lat' dir='ltr'><strong>simi-</strong></span> 
     </span>
    </p>
   </div>
   <div class='ocr_carea' id='block_1_24' title="bbox 642 2231 2213 2308">
    <p class='ocr_par' dir='ltr' id='par_1_24' title="bbox 642 2231 2213 2308">
     <span class='ocr_line' id='line_1_24' title="bbox 642 2231 2213 2308; baseline 0.002 -23"><span class='ocrx_word' id='word_1_133' title='bbox 642 2232 750 2286; x_wconf 89' lang='lat' dir='ltr'><strong>lem</strong></span> <span class='ocrx_word' id='word_1_134' title='bbox 799 2232 1062 2303; x_wconf 73' lang='lat' dir='ltr'><strong>praedicat</strong></span> <span class='ocrx_word' id='word_1_135' title='bbox 1103 2231 1406 2308; x_wconf 88' lang='lat' dir='ltr'><strong>secundum</strong></span> <span class='ocrx_word' id='word_1_136' title='bbox 1439 2232 1830 2298; x_wconf 89' lang='lat' dir='ltr'><strong>substantiam,</strong></span> <span class='ocrx_word' id='word_1_137' title='bbox 1869 2233 2213 2301; x_wconf 81' lang='lat' dir='ltr'><strong>praevaleret.</strong></span> 
     </span>
    </p>
   </div>
   <div class='ocr_carea' id='block_1_25' title="bbox 641 2321 2216 2391">
    <p class='ocr_par' dir='ltr' id='par_1_25' title="bbox 641 2321 2216 2391">
     <span class='ocr_line' id='line_1_25' title="bbox 641 2321 2216 2391; baseline 0.001 -15"><span class='ocrx_word' id='word_1_138' title='bbox 641 2321 778 2376; x_wconf 80' lang='lat' dir='ltr'><strong>Nam</strong></span> <span class='ocrx_word' id='word_1_139' title='bbox 826 2322 1174 2388; x_wconf 89' lang='lat' dir='ltr'><strong>vocabulum,</strong></span> <span class='ocrx_word' id='word_1_140' title='bbox 1220 2323 1443 2387; x_wconf 77' lang='lat' dir='ltr'><strong>similis,</strong></span> <span class='ocrx_word' id='word_1_141' title='bbox 1487 2323 1801 2377; x_wconf 90' lang='lat' dir='ltr'><strong>necessario</strong></span> <span class='ocrx_word' id='word_1_142' title='bbox 1845 2323 2216 2391; x_wconf 87' lang='lat' dir='ltr'><strong>adjiciendum</strong></span> 
     </span>
    </p>
   </div>
   <div class='ocr_carea' id='block_1_26' title="bbox 641 2410 2213 2482">
    <p class='ocr_par' dir='ltr' id='par_1_26' title="bbox 641 2410 2213 2482">
     <span class='ocr_line' id='line_1_26' title="bbox 641 2410 2213 2482; baseline -0.001 -15"><span class='ocrx_word' id='word_1_143' title='bbox 641 2428 788 2477; x_wconf 90' lang='lat' dir='ltr'><strong>esse,</strong></span> <span class='ocrx_word' id='word_1_144' title='bbox 839 2412 907 2466; x_wconf 90' lang='lat' dir='ltr'><strong>ad</strong></span> <span class='ocrx_word' id='word_1_145' title='bbox 959 2410 1374 2481; x_wconf 89' lang='lat' dir='ltr'><strong>signiﬁcandam</strong></span> <span class='ocrx_word' id='word_1_146' title='bbox 1427 2426 1790 2482; x_wconf 90' lang='lat' dir='ltr'><strong>personarum</strong></span> <span class='ocrx_word' id='word_1_147' title='bbox 1830 2411 2213 2477; x_wconf 68' lang='lat' dir='ltr'><strong>differentiam,</strong></span> 
     </span>
    </p>
   </div>
   <div class='ocr_carea' id='block_1_27' title="bbox 641 2503 2220 2575">
    <p class='ocr_par' dir='ltr' id='par_1_27' title="bbox 641 2503 2220 2575">
     <span class='ocr_line' id='line_1_27' title="bbox 641 2503 2220 2575; baseline -0.001 -15"><span class='ocrx_word' id='word_1_148' title='bbox 641 2513 814 2574; x_wconf 91' lang='lat' dir='ltr'><strong>utque</strong></span> <span class='ocrx_word' id='word_1_149' title='bbox 841 2503 896 2558; x_wconf 89' lang='lat' dir='ltr'><strong>in</strong></span> <span class='ocrx_word' id='word_1_150' title='bbox 928 2503 1185 2559; x_wconf 87' lang='lat' dir='ltr'><strong>omnibus</strong></span> <span class='ocrx_word' id='word_1_151' title='bbox 1217 2503 1473 2558; x_wconf 88' lang='lat' dir='ltr'><strong>ecclesiis</strong></span> <span class='ocrx_word' id='word_1_152' title='bbox 1503 2518 1567 2558; x_wconf 88' lang='lat' dir='ltr'><strong>ea</strong></span> <span class='ocrx_word' id='word_1_153' title='bbox 1595 2512 1872 2559; x_wconf 90' lang='lat' dir='ltr'><strong>teneretur</strong></span> <span class='ocrx_word' id='word_1_154' title='bbox 1917 2503 2072 2568; x_wconf 84' lang='lat' dir='ltr'><strong>ﬁdes,</strong></span> <span class='ocrx_word' id='word_1_155' title='bbox 2097 2520 2220 2575; x_wconf 75' lang='lat' dir='ltr'><strong>qua:</strong></span> 
     </span>
    </p>
   </div>
   <div class='ocr_carea' id='block_1_28' title="bbox 646 2596 2219 2668">
    <p class='ocr_par' dir='ltr' id='par_1_28' title="bbox 646 2596 2219 2668">
     <span class='ocr_line' id='line_1_28' title="bbox 646 2596 2219 2668; baseline 0 -16"><span class='ocrx_word' id='word_1_156' title='bbox 646 2596 914 2653; x_wconf 74' lang='lat' dir='ltr'><strong>Seleuciae</strong></span> <span class='ocrx_word' id='word_1_157' title='bbox 958 2597 1179 2668; x_wconf 89' lang='lat' dir='ltr'><strong>quidem</strong></span> <span class='ocrx_word' id='word_1_158' title='bbox 1235 2596 1579 2662; x_wconf 88' lang='lat' dir='ltr'><strong>conﬁrmata,</strong></span> <span class='ocrx_word' id='word_1_159' title='bbox 1624 2597 1927 2653; x_wconf 83' lang='lat' dir='ltr'><strong>Antiochiae</strong></span> <span class='ocrx_word' id='word_1_160' title='bbox 1972 2612 2101 2652; x_wconf 90' lang='lat' dir='ltr'><strong>vero</strong></span> <span class='ocrx_word' id='word_1_161' title='bbox 2159 2597 2219 2652; x_wconf 89' lang='lat' dir='ltr'><strong>in</strong></span> 
     </span>
    </p>
   </div>
   <div class='ocr_carea' id='block_1_29' title="bbox 645 2688 2220 2759">
    <p class='ocr_par' dir='ltr' id='par_1_29' title="bbox 645 2688 2220 2759">
     <span class='ocr_line' id='line_1_29' title="bbox 645 2688 2220 2759; baseline 0.001 -16"><span class='ocrx_word' id='word_1_162' title='bbox 645 2689 994 2744; x_wconf 89' lang='lat' dir='ltr'><strong>dedicatione</strong></span> <span class='ocrx_word' id='word_1_163' title='bbox 1023 2689 1250 2758; x_wconf 87' lang='lat' dir='ltr'><strong>majoris</strong></span> <span class='ocrx_word' id='word_1_164' title='bbox 1294 2690 1543 2744; x_wconf 71' lang='lat' dir='ltr'><strong>ecclesiae</strong></span> <span class='ocrx_word' id='word_1_165' title='bbox 1564 2689 1811 2759; x_wconf 70' lang='lat' dir='ltr'><strong>esposita</strong></span> <span class='ocrx_word' id='word_1_166' title='bbox 1844 2688 2043 2744; x_wconf 87' lang='lat' dir='ltr'><strong>fuerat.</strong></span> <span class='ocrx_word' id='word_1_167' title='bbox 2076 2688 2220 2745; x_wconf 68' lang='lat' dir='ltr'><strong>Prte-</strong></span> 
     </span>
    </p>
   </div>
   <div class='ocr_carea' id='block_1_30' title="bbox 645 2779 2220 2851">
    <p class='ocr_par' dir='ltr' id='par_1_30' title="bbox 645 2779 2220 2851">
     <span class='ocr_line' id='line_1_30' title="bbox 645 2779 2220 2851; baseline 0 -17"><span class='ocrx_word' id='word_1_168' title='bbox 645 2791 792 2836; x_wconf 91' lang='lat' dir='ltr'><strong>terea</strong></span> <span class='ocrx_word' id='word_1_169' title='bbox 820 2779 1180 2836; x_wconf 86' lang='lat' dir='ltr'><strong>decreverunt</strong></span> <span class='ocrx_word' id='word_1_170' title='bbox 1209 2790 1268 2833; x_wconf 90' lang='lat' dir='ltr'><strong>ut</strong></span> <span class='ocrx_word' id='word_1_171' title='bbox 1299 2780 1567 2850; x_wconf 90' lang='lat' dir='ltr'><strong>episcopi,</strong></span> <span class='ocrx_word' id='word_1_172' title='bbox 1613 2781 1705 2849; x_wconf 92' lang='lat' dir='ltr'><strong>qui</strong></span> <span class='ocrx_word' id='word_1_173' title='bbox 1738 2779 1969 2851; x_wconf 88' lang='lat' dir='ltr'><strong>depositi</strong></span> <span class='ocrx_word' id='word_1_174' title='bbox 2003 2779 2220 2835; x_wconf 81' lang='lat' dir='ltr'><strong>fuerant</strong></span> 
     </span>
    </p>
   </div>
   <div class='ocr_carea' id='block_1_31' title="bbox 643 2868 2218 2938">
    <p class='ocr_par' dir='ltr' id='par_1_31' title="bbox 643 2868 2218 2938">
     <span class='ocr_line' id='line_1_31' title="bbox 643 2868 2218 2938; baseline 0 -14"><span class='ocrx_word' id='word_1_175' title='bbox 643 2872 714 2926; x_wconf 87' lang='lat' dir='ltr'><strong>ab</strong></span> <span class='ocrx_word' id='word_1_176' title='bbox 767 2871 836 2925; x_wconf 87' lang='lat' dir='ltr'><strong>iis</strong></span> <span class='ocrx_word' id='word_1_177' title='bbox 887 2869 982 2938; x_wconf 90' lang='lat' dir='ltr'><strong>qui</strong></span> <span class='ocrx_word' id='word_1_178' title='bbox 1042 2869 1367 2924; x_wconf 91' lang='lat' dir='ltr'><strong>dissimilem</strong></span> <span class='ocrx_word' id='word_1_179' title='bbox 1412 2868 1563 2924; x_wconf 90' lang='lat' dir='ltr'><strong>Patri</strong></span> <span class='ocrx_word' id='word_1_180' title='bbox 1614 2869 1811 2923; x_wconf 86' lang='lat' dir='ltr'><strong>Filium</strong></span> <span class='ocrx_word' id='word_1_181' title='bbox 1874 2870 2218 2938; x_wconf 86' lang='lat' dir='ltr'><strong>asserebant,</strong></span> 
     </span>
    </p>
   </div>
   <div class='ocr_carea' id='block_1_32' title="bbox 645 2957 2218 3029">
    <p class='ocr_par' dir='ltr' id='par_1_32' title="bbox 645 2957 2218 3029">
     <span class='ocr_line' id='line_1_32' title="bbox 645 2957 2218 3029; baseline -0.001 -15"><span class='ocrx_word' id='word_1_182' title='bbox 645 2960 805 3014; x_wconf 83' lang='lat' dir='ltr'><strong>sedes</strong></span> <span class='ocrx_word' id='word_1_183' title='bbox 852 2972 980 3013; x_wconf 87' lang='lat' dir='ltr'><strong>suas</strong></span> <span class='ocrx_word' id='word_1_184' title='bbox 1028 2957 1374 3028; x_wconf 87' lang='lat' dir='ltr'><strong>postliminio</strong></span> <span class='ocrx_word' id='word_1_185' title='bbox 1422 2965 1838 3026; x_wconf 88' lang='lat' dir='ltr'><strong>recuperarent,</strong></span> <span class='ocrx_word' id='word_1_186' title='bbox 1881 2959 2085 3029; x_wconf 88' lang='lat' dir='ltr'><strong>quippe</strong></span> <span class='ocrx_word' id='word_1_187' title='bbox 2126 2958 2218 3029; x_wconf 91' lang='lat' dir='ltr'><strong>qui</strong></span> 
     </span>
    </p>
   </div>
   <div class='ocr_carea' id='block_1_33' title="bbox 643 3048 2219 3118">
    <p class='ocr_par' dir='ltr' id='par_1_33' title="bbox 643 3048 2219 3118">
     <span class='ocr_line' id='line_1_33' title="bbox 643 3048 2219 3118; baseline 0.001 -13"><span class='ocrx_word' id='word_1_188' title='bbox 643 3049 899 3105; x_wconf 88' lang='lat' dir='ltr'><strong>ecclesiis</strong></span> <span class='ocrx_word' id='word_1_189' title='bbox 959 3048 1076 3104; x_wconf 85' lang='lat' dir='ltr'><strong>suis</strong></span> <span class='ocrx_word' id='word_1_190' title='bbox 1125 3048 1331 3116; x_wconf 88' lang='lat' dir='ltr'><strong>injuste</strong></span> <span class='ocrx_word' id='word_1_191' title='bbox 1385 3048 1603 3118; x_wconf 89' lang='lat' dir='ltr'><strong>spoliati</strong></span> <span class='ocrx_word' id='word_1_192' title='bbox 1652 3049 1910 3106; x_wconf 82' lang='lat' dir='ltr'><strong>fuissent.</strong></span> <span class='ocrx_word' id='word_1_193' title='bbox 1965 3051 2123 3117; x_wconf 86' lang='lat' dir='ltr'><strong>Quod</strong></span> <span class='ocrx_word' id='word_1_194' title='bbox 2171 3051 2219 3108; x_wconf 90' lang='lat' dir='ltr'><strong>si</strong></span> 
     </span>
    </p>
   </div>
   <div class='ocr_carea' id='block_1_34' title="bbox 645 3139 2218 3211">
    <p class='ocr_par' dir='ltr' id='par_1_34' title="bbox 645 3139 2218 3211">
     <span class='ocr_line' id='line_1_34' title="bbox 645 3139 2218 3211; baseline 0.003 -17"><span class='ocrx_word' id='word_1_195' title='bbox 645 3141 773 3211; x_wconf 86' lang='lat' dir='ltr'><strong>quis</strong></span> <span class='ocrx_word' id='word_1_196' title='bbox 799 3155 894 3196; x_wconf 90' lang='lat' dir='ltr'><strong>eos</strong></span> <span class='ocrx_word' id='word_1_197' title='bbox 923 3154 1194 3194; x_wconf 89' lang='lat' dir='ltr'><strong>accusare</strong></span> <span class='ocrx_word' id='word_1_198' title='bbox 1222 3140 1407 3203; x_wconf 89' lang='lat' dir='ltr'><strong>vellet,</strong></span> <span class='ocrx_word' id='word_1_199' title='bbox 1439 3139 1545 3194; x_wconf 90' lang='lat' dir='ltr'><strong>sub</strong></span> <span class='ocrx_word' id='word_1_200' title='bbox 1567 3141 1715 3210; x_wconf 89' lang='lat' dir='ltr'><strong>paris</strong></span> <span class='ocrx_word' id='word_1_201' title='bbox 1745 3143 2218 3199; x_wconf 89' lang='lat' dir='ltr'><strong>condemnationis</strong></span> 
     </span>
    </p>
   </div>
   <div class='ocr_carea' id='block_1_35' title="bbox 647 3229 2213 3306">
    <p class='ocr_par' dir='ltr' id='par_1_35' title="bbox 647 3229 2213 3306">
     <span class='ocr_line' id='line_1_35' title="bbox 647 3229 2213 3306; baseline 0.003 -21"><span class='ocrx_word' id='word_1_202' title='bbox 647 3232 897 3301; x_wconf 90' lang='lat' dir='ltr'><strong>periculo</strong></span> <span class='ocrx_word' id='word_1_203' title='bbox 929 3231 981 3287; x_wconf 88' lang='lat' dir='ltr'><strong>id</strong></span> <span class='ocrx_word' id='word_1_204' title='bbox 1031 3239 1238 3302; x_wconf 78' lang='lat' dir='ltr'><strong>ageret.</strong></span> <span class='ocrx_word' id='word_1_205' title='bbox 1267 3229 1489 3286; x_wconf 80' lang='lat' dir='ltr'><strong>Judiees</strong></span> <span class='ocrx_word' id='word_1_206' title='bbox 1530 3242 1711 3287; x_wconf 91' lang='lat' dir='ltr'><strong>autem</strong></span> <span class='ocrx_word' id='word_1_207' title='bbox 1741 3242 1928 3288; x_wconf 88' lang='lat' dir='ltr'><strong>essent</strong></span> <span class='ocrx_word' id='word_1_208' title='bbox 1970 3234 2213 3306; x_wconf 84' lang='lat' dir='ltr'><strong>episc0pi</strong></span> 
     </span>
    </p>
   </div>
   <div class='ocr_carea' id='block_1_36' title="bbox 646 3323 2215 3394">
    <p class='ocr_par' dir='ltr' id='par_1_36' title="bbox 646 3323 2215 3394">
     <span class='ocr_line' id='line_1_36' title="bbox 646 3323 2215 3394; baseline 0 -15"><span class='ocrx_word' id='word_1_209' title='bbox 646 3323 947 3379; x_wconf 78' lang='lat' dir='ltr'><strong>Orthodoxi</strong></span> <span class='ocrx_word' id='word_1_210' title='bbox 989 3325 1164 3393; x_wconf 90' lang='lat' dir='ltr'><strong>ipsius</strong></span> <span class='ocrx_word' id='word_1_211' title='bbox 1195 3323 1519 3393; x_wconf 66' lang='lat' dir='ltr'><strong>provinciae,</strong></span> <span class='ocrx_word' id='word_1_212' title='bbox 1547 3332 1602 3379; x_wconf 93' lang='lat' dir='ltr'><strong>ct</strong></span> <span class='ocrx_word' id='word_1_213' title='bbox 1645 3340 1713 3379; x_wconf 86' lang='lat' dir='ltr'><strong>ex</strong></span> <span class='ocrx_word' id='word_1_214' title='bbox 1746 3325 1948 3381; x_wconf 90' lang='lat' dir='ltr'><strong>vicinis</strong></span> <span class='ocrx_word' id='word_1_215' title='bbox 1981 3326 2215 3394; x_wconf 89' lang='lat' dir='ltr'><strong>provin-</strong></span> 
     </span>
    </p>
   </div>
   <div class='ocr_carea' id='block_1_37' title="bbox 648 3412 2220 3486">
    <p class='ocr_par' dir='ltr' id='par_1_37' title="bbox 648 3412 2220 3486">
     <span class='ocr_line' id='line_1_37' title="bbox 648 3412 2220 3486; baseline 0.003 -20"><span class='ocrx_word' id='word_1_216' title='bbox 648 3412 753 3468; x_wconf 84' lang='lat' dir='ltr'><strong>ciis</strong></span> <span class='ocrx_word' id='word_1_217' title='bbox 782 3414 1118 3482; x_wconf 80' lang='lat' dir='ltr'><strong>congregati,</strong></span> <span class='ocrx_word' id='word_1_218' title='bbox 1150 3414 1204 3466; x_wconf 90' lang='lat' dir='ltr'><strong>in</strong></span> <span class='ocrx_word' id='word_1_219' title='bbox 1234 3413 1322 3466; x_wconf 91' lang='lat' dir='ltr'><strong>illa</strong></span> <span class='ocrx_word' id='word_1_220' title='bbox 1369 3413 1624 3480; x_wconf 88' lang='lat' dir='ltr'><strong>ecclesia,</strong></span> <span class='ocrx_word' id='word_1_221' title='bbox 1655 3415 1710 3467; x_wconf 93' lang='lat' dir='ltr'><strong>in</strong></span> <span class='ocrx_word' id='word_1_222' title='bbox 1745 3431 1850 3485; x_wconf 93' lang='lat' dir='ltr'><strong>qua</strong></span> <span class='ocrx_word' id='word_1_223' title='bbox 1878 3425 2076 3486; x_wconf 82' lang='lat' dir='ltr'><strong>praesto</strong></span> <span class='ocrx_word' id='word_1_224' title='bbox 2108 3417 2220 3472; x_wconf 90' lang='lat' dir='ltr'><strong>sint</strong></span> 
     </span>
    </p>
   </div>
   <div class='ocr_carea' id='block_1_38' title="bbox 649 3503 2219 3575">
    <p class='ocr_par' dir='ltr' id='par_1_38' title="bbox 649 3503 2219 3575">
     <span class='ocr_line' id='line_1_38' title="bbox 649 3503 2219 3575; baseline 0.005 -19"><span class='ocrx_word' id='word_1_225' title='bbox 649 3509 811 3556; x_wconf 83' lang='lat' dir='ltr'><strong>testes</strong></span> <span class='ocrx_word' id='word_1_226' title='bbox 851 3517 1042 3557; x_wconf 91' lang='lat' dir='ltr'><strong>eorum</strong></span> <span class='ocrx_word' id='word_1_227' title='bbox 1093 3518 1215 3571; x_wconf 70' lang='lat' dir='ltr'><strong>qua:</strong></span> <span class='ocrx_word' id='word_1_228' title='bbox 1251 3503 1488 3571; x_wconf 89' lang='lat' dir='ltr'><strong>quisque</strong></span> <span class='ocrx_word' id='word_1_229' title='bbox 1525 3505 1779 3574; x_wconf 86' lang='lat' dir='ltr'><strong>gesserit.</strong></span> <span class='ocrx_word' id='word_1_230' title='bbox 1816 3505 1913 3562; x_wconf 87' lang='lat' dir='ltr'><strong>His</strong></span> <span class='ocrx_word' id='word_1_231' title='bbox 1958 3507 2219 3575; x_wconf 89' lang='lat' dir='ltr'><strong>decretis,</strong></span> 
     </span>
    </p>
   </div>
   <div class='ocr_carea' id='block_1_39' title="bbox 649 3589 2222 3667">
    <p class='ocr_par' dir='ltr' id='par_1_39' title="bbox 649 3589 2222 3667">
     <span class='ocr_line' id='line_1_39' title="bbox 649 3589 2222 3667; baseline 0.006 -25"><span class='ocrx_word' id='word_1_232' title='bbox 649 3589 1001 3645; x_wconf 81' lang='lat' dir='ltr'><strong>Eudoxianos</strong></span> <span class='ocrx_word' id='word_1_233' title='bbox 1031 3590 1098 3646; x_wconf 87' lang='lat' dir='ltr'><strong>ad</strong></span> <span class='ocrx_word' id='word_1_234' title='bbox 1126 3605 1188 3646; x_wconf 90' lang='lat' dir='ltr'><strong>se</strong></span> <span class='ocrx_word' id='word_1_235' title='bbox 1217 3599 1507 3659; x_wconf 86' lang='lat' dir='ltr'><strong>vocarunt,</strong></span> <span class='ocrx_word' id='word_1_236' title='bbox 1548 3599 1603 3647; x_wconf 90' lang='lat' dir='ltr'><strong>et</strong></span> <span class='ocrx_word' id='word_1_237' title='bbox 1635 3594 1972 3662; x_wconf 61' lang='lat' dir='ltr'><strong>paenitentia</strong></span> <span class='ocrx_word' id='word_1_238' title='bbox 2005 3597 2222 3667; x_wconf 89' lang='lat' dir='ltr'><strong>copiam</strong></span> 
     </span>
    </p>
   </div>
   <div class='ocr_carea' id='block_1_40' title="bbox 2309 598 3776 678">
    <p class='ocr_par' dir='ltr' id='par_1_40' title="bbox 2309 598 3776 678">
     <span class='ocr_line' id='line_1_40' title="bbox 2309 598 3776 678; baseline -0.001 -25"><span class='ocrx_word' id='word_1_239' title='bbox 2309 598 2584 670; x_wconf 79' lang='grc' dir='ltr'>τραπῆναι</span> <span class='ocrx_word' id='word_1_240' title='bbox 2639 599 2906 653; x_wconf 81' lang='grc' dir='ltr'>συνελθεῖν</span> <span class='ocrx_word' id='word_1_241' title='bbox 2963 600 3056 652; x_wconf 65' lang='grc' dir='ltr'><strong>ἐπὶ</strong></span> <span class='ocrx_word' id='word_1_242' title='bbox 3106 600 3380 673; x_wconf 85' lang='grc' dir='ltr'><strong>διορθώσει</strong></span> <span class='ocrx_word' id='word_1_243' title='bbox 3427 604 3512 657; x_wconf 83' lang='grc' dir='ltr'><strong>τού</strong></span> <span class='ocrx_word' id='word_1_244' title='bbox 3560 605 3776 678; x_wconf 58' lang='grc' dir='ltr'>δόγματος.</span> 
     </span>
    </p>
   </div>
   <div class='ocr_carea' id='block_1_41' title="bbox 2309 691 3778 765">
    <p class='ocr_par' dir='ltr' id='par_1_41' title="bbox 2309 691 3778 765">
     <span class='ocr_line' id='line_1_41' title="bbox 2309 691 3778 765; baseline 0.007 -21"><span class='ocrx_word' id='word_1_245' title='bbox 2309 692 2707 763; x_wconf 87' lang='grc' dir='ltr'>Προσελθόντος</span> <span class='ocrx_word' id='word_1_246' title='bbox 2728 692 2784 747; x_wconf 86' lang='grc' dir='ltr'>δὲ</span> <span class='ocrx_word' id='word_1_247' title='bbox 2819 691 3009 758; x_wconf 79' lang='grc' dir='ltr'>αὐτοῦ,</span> <span class='ocrx_word' id='word_1_248' title='bbox 3039 694 3134 747; x_wconf 72' lang='grc' dir='ltr'><strong>καὶ</strong></span> <span class='ocrx_word' id='word_1_249' title='bbox 3163 693 3231 747; x_wconf 80' lang='grc' dir='ltr'>τὰ</span> <span class='ocrx_word' id='word_1_250' title='bbox 3257 694 3398 765; x_wconf 86' lang='grc' dir='ltr'><strong>παρὰ</strong></span> <span class='ocrx_word' id='word_1_251' title='bbox 3426 697 3522 749; x_wconf 82' lang='grc' dir='ltr'><strong>τῶν</strong></span> <span class='ocrx_word' id='word_1_252' title='bbox 3544 698 3778 759; x_wconf 78' lang='grc' dir='ltr'>ἐπισκόπων</span> 
     </span>
    </p>
   </div>
   <div class='ocr_carea' id='block_1_42' title="bbox 2308 782 3779 860">
    <p class='ocr_par' dir='ltr' id='par_1_42' title="bbox 2308 782 3779 860">
     <span class='ocr_line' id='line_1_42' title="bbox 2308 782 3779 860; baseline 0.005 -25"><span class='ocrx_word' id='word_1_253' title='bbox 2308 782 2615 848; x_wconf 82' lang='grc' dir='ltr'><strong>διδάξαντος</strong></span> <span class='ocrx_word' id='word_1_254' title='bbox 2640 823 2655 847; x_wconf 83' lang='grc'><strong>,</strong></span> <span class='ocrx_word' id='word_1_255' title='bbox 2705 782 2991 837; x_wconf 82' lang='grc' dir='ltr'>ὑπολαϐὼν</span> <span class='ocrx_word' id='word_1_256' title='bbox 3040 783 3459 849; x_wconf 83' lang='grc' dir='ltr'>Ούαλεντινιανὸς</span> <span class='ocrx_word' id='word_1_257' title='bbox 3481 826 3495 850; x_wconf 91' lang='grc'><strong>,</strong></span> <span class='ocrx_word' id='word_1_258' title='bbox 3534 788 3658 855; x_wconf 77' lang='grc' dir='ltr'>Ἐμοὶ</span> <span class='ocrx_word' id='word_1_259' title='bbox 3681 792 3779 860; x_wconf 74' lang='grc' dir='ltr'>μὲν,</span> 
     </span>
    </p>
   </div>
   <div class='ocr_carea' id='block_1_43' title="bbox 2310 872 3782 946">
    <p class='ocr_par' dir='ltr' id='par_1_43' title="bbox 2310 872 3782 946">
     <span class='ocr_line' id='line_1_43' title="bbox 2310 872 3782 946; baseline 0.007 -21"><span class='ocrx_word' id='word_1_260' title='bbox 2310 873 2435 944; x_wconf 74' lang='grc' dir='ltr'>ἔφη,</span> <span class='ocrx_word' id='word_1_261' title='bbox 2470 873 2607 944; x_wconf 86' lang='grc' dir='ltr'>μετὰ</span> <span class='ocrx_word' id='word_1_262' title='bbox 2628 872 2760 927; x_wconf 81' lang='grc' dir='ltr'>λαοῦ</span> <span class='ocrx_word' id='word_1_263' title='bbox 2791 874 3138 946; x_wconf 77' lang='grc' dir='ltr'><strong>τεταγμένῳ,</strong></span> <span class='ocrx_word' id='word_1_264' title='bbox 3164 875 3226 928; x_wconf 85' lang='grc' dir='ltr'><strong>ού</strong></span> <span class='ocrx_word' id='word_1_265' title='bbox 3275 875 3424 945; x_wconf 79' lang='grc' dir='ltr'>θέμις</span> <span class='ocrx_word' id='word_1_266' title='bbox 3458 878 3643 932; x_wconf 84' lang='grc' dir='ltr'>τοιαῦτα</span> <span class='ocrx_word' id='word_1_267' title='bbox 3668 883 3782 935; x_wconf 61' lang='lat' dir='ltr'><strong>miluo</strong></span> 
     </span>
    </p>
   </div>
   <div class='ocr_carea' id='block_1_44' title="bbox 2313 959 3783 1037">
    <p class='ocr_par' dir='ltr' id='par_1_44' title="bbox 2313 959 3783 1037">
     <span class='ocr_line' id='line_1_44' title="bbox 2313 959 3783 1037; baseline -0.005 -18"><span class='ocrx_word' id='word_1_268' title='bbox 2313 966 2648 1037; x_wconf 88' lang='grc' dir='ltr'>πραγμονεῖν</span> <span class='ocrx_word' id='word_1_269' title='bbox 2672 981 2687 995; x_wconf 78' lang='grc'><strong><em>⁸</em></strong></span> <span class='ocrx_word' id='word_1_270' title='bbox 2722 965 2772 1016; x_wconf 83' lang='grc' dir='ltr'>οἱ</span> <span class='ocrx_word' id='word_1_271' title='bbox 2797 964 2854 1018; x_wconf 83' lang='grc' dir='ltr'>δὲ</span> <span class='ocrx_word' id='word_1_272' title='bbox 2878 967 3044 1036; x_wconf 80' lang='grc' dir='ltr'>ἱερεῖς</span> <span class='ocrx_word' id='word_1_273' title='bbox 3066 959 3148 1028; x_wconf 73' lang='grc' dir='ltr'>οἷς</span> <span class='ocrx_word' id='word_1_274' title='bbox 3172 963 3359 1017; x_wconf 91' lang='grc' dir='ltr'>τούτου</span> <span class='ocrx_word' id='word_1_275' title='bbox 3401 967 3557 1036; x_wconf 89' lang='grc' dir='ltr'>μέλει.</span> <span class='ocrx_word' id='word_1_276' title='bbox 3581 969 3677 1021; x_wconf 83' lang='grc' dir='ltr'>καθ’</span> <span class='ocrx_word' id='word_1_277' title='bbox 3695 971 3783 1024; x_wconf 67' lang='lat' dir='ltr'><strong>tau-</strong></span> 
     </span>
    </p>
   </div>
   <div class='ocr_carea' id='block_1_45' title="bbox 2311 1055 3785 1128">
    <p class='ocr_par' dir='ltr' id='par_1_45' title="bbox 2311 1055 3785 1128">
     <span class='ocr_line' id='line_1_45' title="bbox 2311 1055 3785 1128; baseline 0.002 -18"><span class='ocrx_word' id='word_1_278' title='bbox 2311 1058 2435 1120; x_wconf 80' lang='grc' dir='ltr'>τοὺς</span> <span class='ocrx_word' id='word_1_279' title='bbox 2462 1057 2570 1125; x_wconf 84' lang='grc' dir='ltr'><strong>ὅπη</strong></span> <span class='ocrx_word' id='word_1_280' title='bbox 2611 1055 2888 1126; x_wconf 89' lang='grc' dir='ltr'>βούλονται</span> <span class='ocrx_word' id='word_1_281' title='bbox 2923 1056 3240 1109; x_wconf 87' lang='grc' dir='ltr'>συνίτωσαν.</span> <span class='ocrx_word' id='word_1_282' title='bbox 3271 1056 3490 1110; x_wconf 77' lang='grc' dir='ltr'><strong>Τοιαῦτα</strong></span> <span class='ocrx_word' id='word_1_283' title='bbox 3519 1057 3656 1111; x_wconf 80' lang='grc' dir='ltr'>δὲτοῦ</span> <span class='ocrx_word' id='word_1_284' title='bbox 3680 1060 3785 1128; x_wconf 83' lang='grc' dir='ltr'>βασι-</span> 
     </span>
    </p>
   </div>
   <div class='ocr_carea' id='block_1_46' title="bbox 2312 1147 3783 1219">
    <p class='ocr_par' dir='ltr' id='par_1_46' title="bbox 2312 1147 3783 1219">
     <span class='ocr_line' id='line_1_46' title="bbox 2312 1147 3783 1219; baseline 0.004 -19"><span class='ocrx_word' id='word_1_285' title='bbox 2312 1147 2448 1211; x_wconf 83' lang='grc' dir='ltr'>λέως</span> <span class='ocrx_word' id='word_1_286' title='bbox 2470 1147 2905 1219; x_wconf 79' lang='grc' dir='ltr'><strong>ἀποκριναμένου</strong></span> <span class='ocrx_word' id='word_1_287' title='bbox 2927 1147 3064 1218; x_wconf 84' lang='grc' dir='ltr'>πρὸς</span> <span class='ocrx_word' id='word_1_288' title='bbox 3093 1149 3191 1218; x_wconf 81' lang='grc' dir='ltr'>τὴν</span> <span class='ocrx_word' id='word_1_289' title='bbox 3215 1147 3520 1201; x_wconf 78' lang='grc' dir='ltr'>’Υπατιανοῦ</span> <span class='ocrx_word' id='word_1_290' title='bbox 3546 1151 3783 1219; x_wconf 83' lang='grc' dir='ltr'>πρεσϐείαν,</span> 
     </span>
    </p>
   </div>
   <div class='ocr_carea' id='block_1_47' title="bbox 2315 1235 3787 1310">
    <p class='ocr_par' dir='ltr' id='par_1_47' title="bbox 2315 1235 3787 1310">
     <span class='ocr_line' id='line_1_47' title="bbox 2315 1235 3787 1310; baseline 0.005 -23"><span class='ocrx_word' id='word_1_291' title='bbox 2315 1236 2556 1290; x_wconf 89' lang='grc' dir='ltr'>συνίασιν</span> <span class='ocrx_word' id='word_1_292' title='bbox 2589 1239 2668 1300; x_wconf 88' lang='grc' dir='ltr'><strong>είς</strong></span> <span class='ocrx_word' id='word_1_293' title='bbox 2704 1236 3025 1306; x_wconf 83' lang='grc' dir='ltr'>Λάμψακον.</span> <span class='ocrx_word' id='word_1_294' title='bbox 3056 1237 3169 1290; x_wconf 77' lang='grc' dir='ltr'><strong>Καὶ</strong></span> <span class='ocrx_word' id='word_1_295' title='bbox 3192 1235 3285 1289; x_wconf 89' lang='grc' dir='ltr'><strong>δύο</strong></span> <span class='ocrx_word' id='word_1_296' title='bbox 3315 1237 3476 1306; x_wconf 82' lang='grc' dir='ltr'>μῆνας</span> <span class='ocrx_word' id='word_1_297' title='bbox 3503 1237 3787 1310; x_wconf 72' lang='grc' dir='ltr'>βουλευσάμε-</span> 
     </span>
    </p>
   </div>
   <div class='ocr_carea' id='block_1_48' title="bbox 2312 1322 3787 1398">
    <p class='ocr_par' dir='ltr' id='par_1_48' title="bbox 2312 1322 3787 1398">
     <span class='ocr_line' id='line_1_48' title="bbox 2312 1322 3787 1398; baseline 0.003 -20"><span class='ocrx_word' id='word_1_298' title='bbox 2312 1343 2426 1391; x_wconf 89' lang='grc' dir='ltr'>νοι,</span> <span class='ocrx_word' id='word_1_299' title='bbox 2467 1325 2824 1390; x_wconf 81' lang='grc' dir='ltr'>τελευτῶντες</span> <span class='ocrx_word' id='word_1_300' title='bbox 2874 1327 3210 1396; x_wconf 75' lang='grc' dir='ltr'>ἐψηφίσαντο</span> <span class='ocrx_word' id='word_1_301' title='bbox 3232 1367 3248 1392; x_wconf 90' lang='grc'><strong>,</strong></span> <span class='ocrx_word' id='word_1_302' title='bbox 3278 1326 3465 1398; x_wconf 76' lang='grc' dir='ltr'>ἄκυρον</span> <span class='ocrx_word' id='word_1_303' title='bbox 3514 1322 3632 1381; x_wconf 79' lang='grc' dir='ltr'>εἶναι</span> <span class='ocrx_word' id='word_1_304' title='bbox 3673 1331 3722 1382; x_wconf 79' lang='grc' dir='ltr'>τὰ</span> <span class='ocrx_word' id='word_1_305' title='bbox 3749 1333 3787 1382; x_wconf 80' lang='grc' dir='ltr'>ἐν</span> 
     </span>
    </p>
   </div>
   <div class='ocr_carea' id='block_1_49' title="bbox 2313 1417 3791 1490">
    <p class='ocr_par' dir='ltr' id='par_1_49' title="bbox 2313 1417 3791 1490">
     <span class='ocr_line' id='line_1_49' title="bbox 2313 1417 3791 1490; baseline 0.003 -20"><span class='ocrx_word' id='word_1_306' title='bbox 2313 1418 2879 1472; x_wconf 84' lang='grc' dir='ltr'>Κωνσταντινουπόλει</span> <span class='ocrx_word' id='word_1_307' title='bbox 2921 1417 3288 1488; x_wconf 83' lang='grc' dir='ltr'>πεπραγμένα</span> <span class='ocrx_word' id='word_1_308' title='bbox 3337 1419 3522 1489; x_wconf 77' lang='grc' dir='ltr'>σπουδῇ</span> <span class='ocrx_word' id='word_1_309' title='bbox 3565 1418 3652 1472; x_wconf 85' lang='grc' dir='ltr'>τῶν</span> <span class='ocrx_word' id='word_1_310' title='bbox 3690 1421 3791 1490; x_wconf 75' lang='grc' dir='ltr'><strong>ἀμφὶ</strong></span> 
     </span>
    </p>
   </div>
   <div class='ocr_carea' id='block_1_50' title="bbox 2314 1506 3791 1580">
    <p class='ocr_par' dir='ltr' id='par_1_50' title="bbox 2314 1506 3791 1580">
     <span class='ocr_line' id='line_1_50' title="bbox 2314 1506 3791 1580; baseline 0.001 -19"><span class='ocrx_word' id='word_1_311' title='bbox 2314 1508 2404 1562; x_wconf 75' lang='grc' dir='ltr'>τὸν</span> <span class='ocrx_word' id='word_1_312' title='bbox 2451 1506 2700 1573; x_wconf 68' lang='grc' dir='ltr'>Εὐδόξιω</span> <span class='ocrx_word' id='word_1_313' title='bbox 2734 1511 2828 1562; x_wconf 81' lang='grc' dir='ltr'><strong>καὶ</strong></span> <span class='ocrx_word' id='word_1_314' title='bbox 2853 1509 3130 1564; x_wconf 83' lang='grc' dir='ltr'>Ἀκάκιον.</span> <span class='ocrx_word' id='word_1_315' title='bbox 3157 1508 3366 1580; x_wconf 85' lang='grc' dir='ltr'>Ἀργεϊν</span> <span class='ocrx_word' id='word_1_316' title='bbox 3390 1509 3441 1561; x_wconf 84' lang='grc' dir='ltr'>δὲ</span> <span class='ocrx_word' id='word_1_317' title='bbox 3478 1510 3557 1562; x_wconf 79' lang='grc' dir='ltr'>καὶ</span> <span class='ocrx_word' id='word_1_318' title='bbox 3582 1509 3663 1578; x_wconf 84' lang='grc' dir='ltr'><strong>τὴν</strong></span> <span class='ocrx_word' id='word_1_319' title='bbox 3685 1510 3791 1562; x_wconf 70' lang='lat' dir='ltr'><strong>Extis-</strong></span> 
     </span>
    </p>
   </div>
   <div class='ocr_carea' id='block_1_51' title="bbox 2318 1596 3793 1673">
    <p class='ocr_par' dir='ltr' id='par_1_51' title="bbox 2318 1596 3793 1673">
     <span class='ocr_line' id='line_1_51' title="bbox 2318 1596 3793 1673; baseline 0 -21"><span class='ocrx_word' id='word_1_320' title='bbox 2318 1616 2401 1652; x_wconf 85' lang='grc' dir='ltr'><strong>σιν</strong></span> <span class='ocrx_word' id='word_1_321' title='bbox 2429 1598 2540 1669; x_wconf 79' lang='grc' dir='ltr'>τῆς</span> <span class='ocrx_word' id='word_1_322' title='bbox 2565 1599 2802 1664; x_wconf 89' lang='grc' dir='ltr'>πίστεως</span> <span class='ocrx_word' id='word_1_323' title='bbox 2830 1640 2845 1664; x_wconf 94' lang='grc'><strong>,</strong></span> <span class='ocrx_word' id='word_1_324' title='bbox 2878 1601 2944 1673; x_wconf 79' lang='grc' dir='ltr'>ἣν</span> <span class='ocrx_word' id='word_1_325' title='bbox 2989 1600 3066 1662; x_wconf 85' lang='grc' dir='ltr'>ὡς</span> <span class='ocrx_word' id='word_1_326' title='bbox 3104 1599 3336 1653; x_wconf 85' lang='grc' dir='ltr'>δυτικῶν</span> <span class='ocrx_word' id='word_1_327' title='bbox 3375 1600 3646 1653; x_wconf 77' lang='grc' dir='ltr'>ἐπισκόπων</span> <span class='ocrx_word' id='word_1_328' title='bbox 3676 1596 3793 1654; x_wconf 66' lang='grc' dir='ltr'>οὖσαν</span> 
     </span>
    </p>
   </div>
   <div class='ocr_carea' id='block_1_52' title="bbox 2318 1689 3795 1761">
    <p class='ocr_par' dir='ltr' id='par_1_52' title="bbox 2318 1689 3795 1761">
     <span class='ocr_line' id='line_1_52' title="bbox 2318 1689 3795 1761; baseline 0 -20"><span class='ocrx_word' id='word_1_329' title='bbox 2318 1689 2774 1760; x_wconf 77' lang='grc' dir='ltr'>προκομίσαντες,</span> <span class='ocrx_word' id='word_1_330' title='bbox 2811 1690 3129 1761; x_wconf 78' lang='grc' dir='ltr'>ὑπογράψαι</span> <span class='ocrx_word' id='word_1_331' title='bbox 3156 1689 3311 1753; x_wconf 87' lang='grc' dir='ltr'>τινὰς</span> <span class='ocrx_word' id='word_1_332' title='bbox 3339 1689 3711 1761; x_wconf 81' lang='grc' dir='ltr'>παρεσκεύασαν,</span> <span class='ocrx_word' id='word_1_333' title='bbox 3732 1691 3795 1742; x_wconf 78' lang='grc' dir='ltr'><strong>ἐπὶ</strong></span> 
     </span>
    </p>
   </div>
   <div class='ocr_carea' id='block_1_53' title="bbox 2319 1777 3798 1851">
    <p class='ocr_par' dir='ltr' id='par_1_53' title="bbox 2319 1777 3798 1851">
     <span class='ocr_line' id='line_1_53' title="bbox 2319 1777 3798 1851; baseline 0.001 -20"><span class='ocrx_word' id='word_1_334' title='bbox 2319 1777 2610 1848; x_wconf 83' lang='grc' dir='ltr'>ὑποσχέσει</span> <span class='ocrx_word' id='word_1_335' title='bbox 2643 1781 3036 1850; x_wconf 79' lang='grc' dir='ltr'>ἀποκηρύξεως</span> <span class='ocrx_word' id='word_1_336' title='bbox 3070 1779 3165 1832; x_wconf 81' lang='grc' dir='ltr'>τοῦ</span> <span class='ocrx_word' id='word_1_337' title='bbox 3202 1781 3445 1851; x_wconf 84' lang='grc' dir='ltr'>ἀνομοίου</span> <span class='ocrx_word' id='word_1_338' title='bbox 3472 1782 3574 1833; x_wconf 83' lang='grc' dir='ltr'>κατ’</span> <span class='ocrx_word' id='word_1_339' title='bbox 3595 1779 3798 1843; x_wconf 53' lang='lat' dir='ltr'><strong>cicini</strong></span> 
     </span>
    </p>
   </div>
   <div class='ocr_carea' id='block_1_54' title="bbox 2247 1853 3798 1943">
    <p class='ocr_par' dir='ltr' id='par_1_54' title="bbox 2247 1853 3798 1943">
     <span class='ocr_line' id='line_1_54' title="bbox 2247 1853 3798 1943; baseline 0.001 -20"><span class='ocrx_word' id='word_1_340' title='bbox 2247 1853 2289 1908; x_wconf 77' lang='grc' dir='ltr'><strong>Β</strong></span> <span class='ocrx_word' id='word_1_341' title='bbox 2314 1869 2684 1937; x_wconf 80' lang='grc' dir='ltr'>διεψεύσαντο.</span> <span class='ocrx_word' id='word_1_342' title='bbox 2717 1873 2957 1943; x_wconf 83' lang='grc' dir='ltr'>Κρατεῖν</span> <span class='ocrx_word' id='word_1_343' title='bbox 2993 1872 3050 1925; x_wconf 83' lang='grc' dir='ltr'>δὲ</span> <span class='ocrx_word' id='word_1_344' title='bbox 3090 1872 3152 1924; x_wconf 85' lang='grc' dir='ltr'><strong>τὸ</strong></span> <span class='ocrx_word' id='word_1_345' title='bbox 3179 1873 3361 1942; x_wconf 83' lang='grc' dir='ltr'>ὅμοιον</span> <span class='ocrx_word' id='word_1_346' title='bbox 3383 1873 3594 1937; x_wconf 77' lang='grc' dir='ltr'>δοξάζειν</span> <span class='ocrx_word' id='word_1_347' title='bbox 3615 1871 3688 1925; x_wconf 83' lang='grc' dir='ltr'>τὸν</span> <span class='ocrx_word' id='word_1_348' title='bbox 3711 1871 3798 1925; x_wconf 79' lang='grc' dir='ltr'>Υίδν</span> 
     </span>
    </p>
   </div>
   <div class='ocr_carea' id='block_1_55' title="bbox 2314 1958 3798 2033">
    <p class='ocr_par' dir='ltr' id='par_1_55' title="bbox 2314 1958 3798 2033">
     <span class='ocr_line' id='line_1_55' title="bbox 2314 1958 3798 2033; baseline 0.001 -21"><span class='ocrx_word' id='word_1_349' title='bbox 2314 1959 2393 2031; x_wconf 84' lang='grc' dir='ltr'>τῷ</span> <span class='ocrx_word' id='word_1_350' title='bbox 2417 1960 2590 2032; x_wconf 74' lang='grc' dir='ltr'>Πατρὶ</span> <span class='ocrx_word' id='word_1_351' title='bbox 2619 1963 2739 2015; x_wconf 85' lang='grc' dir='ltr'>κατ’</span> <span class='ocrx_word' id='word_1_352' title='bbox 2752 1962 2962 2016; x_wconf 85' lang='grc' dir='ltr'>οὐσίαν.</span> <span class='ocrx_word' id='word_1_353' title='bbox 2982 1958 3134 2015; x_wconf 78' lang='grc' dir='ltr'>Εἶναι</span> <span class='ocrx_word' id='word_1_354' title='bbox 3155 1962 3266 2033; x_wconf 85' lang='grc' dir='ltr'>γὰρ</span> <span class='ocrx_word' id='word_1_355' title='bbox 3286 1962 3376 2015; x_wconf 82' lang='grc' dir='ltr'>τοῦ</span> <span class='ocrx_word' id='word_1_356' title='bbox 3397 1963 3564 2033; x_wconf 81' lang='grc' dir='ltr'>ὁμοίου</span> <span class='ocrx_word' id='word_1_357' title='bbox 3578 1961 3660 2033; x_wconf 76' lang='grc' dir='ltr'>τὴν</span> <span class='ocrx_word' id='word_1_358' title='bbox 3678 1975 3798 2031; x_wconf 78' lang='grc' dir='ltr'>προσ-</span> 
     </span>
    </p>
   </div>
   <div class='ocr_carea' id='block_1_56' title="bbox 2317 2050 3794 2123">
    <p class='ocr_par' dir='ltr' id='par_1_56' title="bbox 2317 2050 3794 2123">
     <span class='ocr_line' id='line_1_56' title="bbox 2317 2050 3794 2123; baseline -0.001 -19"><span class='ocrx_word' id='word_1_359' title='bbox 2317 2051 2492 2122; x_wconf 86' lang='grc' dir='ltr'>θήκην</span> <span class='ocrx_word' id='word_1_360' title='bbox 2531 2050 2643 2123; x_wconf 80' lang='grc'><strong>(65)</strong></span> <span class='ocrx_word' id='word_1_361' title='bbox 2674 2053 3000 2121; x_wconf 84' lang='grc' dir='ltr'>ἀναγκαίαν,</span> <span class='ocrx_word' id='word_1_362' title='bbox 3023 2052 3112 2106; x_wconf 84' lang='grc' dir='ltr'><strong>διὰ</strong></span> <span class='ocrx_word' id='word_1_363' title='bbox 3155 2053 3259 2123; x_wconf 81' lang='grc' dir='ltr'>τὴν</span> <span class='ocrx_word' id='word_1_364' title='bbox 3308 2053 3560 2123; x_wconf 86' lang='grc' dir='ltr'>σημασίαν</span> <span class='ocrx_word' id='word_1_365' title='bbox 3594 2052 3682 2104; x_wconf 87' lang='grc' dir='ltr'>τῶν</span> <span class='ocrx_word' id='word_1_366' title='bbox 3708 2052 3794 2103; x_wconf 83' lang='grc' dir='ltr'>ὑπο·</span> 
     </span>
    </p>
   </div>
   <div class='ocr_carea' id='block_1_57' title="bbox 2318 2141 3799 2197">
    <p class='ocr_par' dir='ltr' id='par_1_57' title="bbox 2318 2141 3799 2197">
     <span class='ocr_line' id='line_1_57' title="bbox 2318 2141 3799 2197; baseline 0 -4"><span class='ocrx_word' id='word_1_367' title='bbox 2318 2141 2580 2196; x_wconf 89' lang='grc' dir='ltr'>στάσεων.</span> <span class='ocrx_word' id='word_1_368' title='bbox 2621 2143 2813 2196; x_wconf 87' lang='grc' dir='ltr'>Πίστιν</span> <span class='ocrx_word' id='word_1_369' title='bbox 2861 2143 2919 2196; x_wconf 84' lang='grc' dir='ltr'>δὲ</span> <span class='ocrx_word' id='word_1_370' title='bbox 2953 2142 3334 2197; x_wconf 87' lang='grc' dir='ltr'>πολιτεύεσθαι</span> <span class='ocrx_word' id='word_1_371' title='bbox 3371 2144 3500 2197; x_wconf 82' lang='grc' dir='ltr'>κατὰ</span> <span class='ocrx_word' id='word_1_372' title='bbox 3544 2145 3690 2196; x_wconf 80' lang='grc' dir='ltr'>πᾶσαν</span> <span class='ocrx_word' id='word_1_373' title='bbox 3709 2142 3799 2195; x_wconf 77' lang='grc' dir='ltr'>Ἐκ-</span> 
     </span>
    </p>
   </div>
   <div class='ocr_carea' id='block_1_58' title="bbox 2318 2228 3802 2303">
    <p class='ocr_par' dir='ltr' id='par_1_58' title="bbox 2318 2228 3802 2303">
     <span class='ocr_line' id='line_1_58' title="bbox 2318 2228 3802 2303; baseline -0.004 -19"><span class='ocrx_word' id='word_1_374' title='bbox 2318 2229 2566 2301; x_wconf 86' lang='grc' dir='ltr'>κλησίαν,</span> <span class='ocrx_word' id='word_1_375' title='bbox 2600 2230 2698 2300; x_wconf 82' lang='grc' dir='ltr'><strong>τὴν</strong></span> <span class='ocrx_word' id='word_1_376' title='bbox 2727 2231 2784 2283; x_wconf 81' lang='grc' dir='ltr'>ὲν</span> <span class='ocrx_word' id='word_1_377' title='bbox 2806 2230 3099 2303; x_wconf 71' lang='grc' dir='ltr'>Σελευκείᾳ</span> <span class='ocrx_word' id='word_1_378' title='bbox 3123 2233 3548 2303; x_wconf 80' lang='grc' dir='ltr'>ὁμολογηθεῖσαν,</span> <span class='ocrx_word' id='word_1_379' title='bbox 3565 2228 3802 2282; x_wconf 73' lang='grc' dir='ltr'>ἐκτεθεῖσιν</span> 
     </span>
    </p>
   </div>
   <div class='ocr_carea' id='block_1_59' title="bbox 2315 2318 3800 2392">
    <p class='ocr_par' dir='ltr' id='par_1_59' title="bbox 2315 2318 3800 2392">
     <span class='ocr_line' id='line_1_59' title="bbox 2315 2318 3800 2392; baseline -0.001 -18"><span class='ocrx_word' id='word_1_380' title='bbox 2315 2321 2373 2374; x_wconf 82' lang='grc' dir='ltr'>δὲ</span> <span class='ocrx_word' id='word_1_381' title='bbox 2407 2322 2498 2373; x_wconf 75' lang='grc' dir='ltr'><strong>ἐπὶ</strong></span> <span class='ocrx_word' id='word_1_382' title='bbox 2532 2323 2597 2392; x_wconf 78' lang='grc' dir='ltr'>τῇ</span> <span class='ocrx_word' id='word_1_383' title='bbox 2637 2321 2932 2392; x_wconf 84' lang='grc' dir='ltr'>άφιερώσει</span> <span class='ocrx_word' id='word_1_384' title='bbox 2971 2322 3072 2392; x_wconf 84' lang='grc' dir='ltr'><strong>τῆς</strong></span> <span class='ocrx_word' id='word_1_385' title='bbox 3109 2325 3168 2376; x_wconf 78' lang='grc' dir='ltr'>ὲν</span> <span class='ocrx_word' id='word_1_386' title='bbox 3211 2321 3500 2392; x_wconf 74' lang='grc' dir='ltr'>Ἀντιοχείᾳ</span> <span class='ocrx_word' id='word_1_387' title='bbox 3534 2318 3800 2388; x_wconf 81' lang='grc' dir='ltr'>Ἐκκλησίας.</span> 
     </span>
    </p>
   </div>
   <div class='ocr_carea' id='block_1_60' title="bbox 2317 2407 3803 2482">
    <p class='ocr_par' dir='ltr' id='par_1_60' title="bbox 2317 2407 3803 2482">
     <span class='ocr_line' id='line_1_60' title="bbox 2317 2407 3803 2482; baseline 0.001 -20"><span class='ocrx_word' id='word_1_388' title='bbox 2317 2411 2455 2473; x_wconf 83' lang='grc' dir='ltr'><strong>Τοὺς</strong></span> <span class='ocrx_word' id='word_1_389' title='bbox 2489 2410 2546 2464; x_wconf 85' lang='grc' dir='ltr'>δὲ</span> <span class='ocrx_word' id='word_1_390' title='bbox 2579 2411 3000 2482; x_wconf 83' lang='grc' dir='ltr'>καθαιρεθέντας</span> <span class='ocrx_word' id='word_1_391' title='bbox 3029 2411 3181 2482; x_wconf 81' lang='grc' dir='ltr'>παρὰ</span> <span class='ocrx_word' id='word_1_392' title='bbox 3199 2413 3309 2466; x_wconf 83' lang='grc' dir='ltr'>τῶν</span> <span class='ocrx_word' id='word_1_393' title='bbox 3338 2413 3568 2482; x_wconf 80' lang='grc' dir='ltr'>ἀνόμοιον</span> <span class='ocrx_word' id='word_1_394' title='bbox 3592 2409 3656 2478; x_wconf 86' lang='grc' dir='ltr'>τῷ</span> <span class='ocrx_word' id='word_1_395' title='bbox 3680 2407 3803 2477; x_wconf 82' lang='grc' dir='ltr'>Πατρὶ</span> 
     </span>
    </p>
   </div>
   <div class='ocr_carea' id='block_1_61' title="bbox 2315 2500 3803 2573">
    <p class='ocr_par' dir='ltr' id='par_1_61' title="bbox 2315 2500 3803 2573">
     <span class='ocr_line' id='line_1_61' title="bbox 2315 2500 3803 2573; baseline 0.005 -19"><span class='ocrx_word' id='word_1_396' title='bbox 2315 2500 2407 2554; x_wconf 74' lang='grc' dir='ltr'>τὸν</span> <span class='ocrx_word' id='word_1_397' title='bbox 2433 2501 2558 2555; x_wconf 82' lang='grc' dir='ltr'>Υίὺν</span> <span class='ocrx_word' id='word_1_398' title='bbox 2584 2501 2871 2571; x_wconf 89' lang='grc' dir='ltr'>λεγόντων,</span> <span class='ocrx_word' id='word_1_399' title='bbox 2888 2507 3014 2569; x_wconf 86' lang='grc' dir='ltr'>τοὺς</span> <span class='ocrx_word' id='word_1_400' title='bbox 3038 2503 3200 2568; x_wconf 86' lang='grc' dir='ltr'>ίδίους</span> <span class='ocrx_word' id='word_1_401' title='bbox 3229 2502 3606 2573; x_wconf 82' lang='grc' dir='ltr'>ἀπολαμϐάνειν</span> <span class='ocrx_word' id='word_1_402' title='bbox 3625 2500 3803 2572; x_wconf 59' lang='grc' dir='ltr'>θρόνους,</span> 
     </span>
    </p>
   </div>
   <div class='ocr_carea' id='block_1_62' title="bbox 2317 2591 3804 2667">
    <p class='ocr_par' dir='ltr' id='par_1_62' title="bbox 2317 2591 3804 2667">
     <span class='ocr_line' id='line_1_62' title="bbox 2317 2591 3804 2667; baseline -0.003 -21"><span class='ocrx_word' id='word_1_403' title='bbox 2317 2594 2395 2658; x_wconf 84' lang='grc' dir='ltr'>ὡς</span> <span class='ocrx_word' id='word_1_404' title='bbox 2432 2595 2761 2666; x_wconf 84' lang='grc' dir='ltr'>παρανόμως</span> <span class='ocrx_word' id='word_1_405' title='bbox 2790 2595 3224 2667; x_wconf 78' lang='grc' dir='ltr'>ἐκϐεϐλημένους</span> <span class='ocrx_word' id='word_1_406' title='bbox 3263 2595 3368 2649; x_wconf 82' lang='grc' dir='ltr'><strong>τῶν</strong></span> <span class='ocrx_word' id='word_1_407' title='bbox 3405 2594 3684 2664; x_wconf 74' lang='grc' dir='ltr'>ἐκκλησιῶν.</span> <span class='ocrx_word' id='word_1_408' title='bbox 3708 2591 3804 2642; x_wconf 81' lang='grc' dir='ltr'><strong>Εἰὸἐ</strong></span> 
     </span>
    </p>
   </div>
   <div class='ocr_carea' id='block_1_63' title="bbox 2316 2681 3803 2760">
    <p class='ocr_par' dir='ltr' id='par_1_63' title="bbox 2316 2681 3803 2760">
     <span class='ocr_line' id='line_1_63' title="bbox 2316 2681 3803 2760; baseline -0.005 -20"><span class='ocrx_word' id='word_1_409' title='bbox 2316 2703 2401 2751; x_wconf 87' lang='grc' dir='ltr'><strong>τις</strong></span> <span class='ocrx_word' id='word_1_410' title='bbox 2425 2688 2604 2743; x_wconf 85' lang='grc' dir='ltr'>αὐτῶν</span> <span class='ocrx_word' id='word_1_411' title='bbox 2631 2691 2959 2760; x_wconf 84' lang='grc' dir='ltr'>κατηγορεῖν</span> <span class='ocrx_word' id='word_1_412' title='bbox 2997 2688 3269 2760; x_wconf 86' lang='grc' dir='ltr'>βούλεται,</span> <span class='ocrx_word' id='word_1_413' title='bbox 3297 2689 3357 2741; x_wconf 78' lang='grc' dir='ltr'>ὲκ</span> <span class='ocrx_word' id='word_1_414' title='bbox 3384 2686 3472 2740; x_wconf 82' lang='grc' dir='ltr'>τοῦ</span> <span class='ocrx_word' id='word_1_415' title='bbox 3498 2687 3596 2738; x_wconf 86' lang='grc' dir='ltr'>ίσου</span> <span class='ocrx_word' id='word_1_416' title='bbox 3624 2681 3803 2737; x_wconf 77' lang='grc' dir='ltr'>κινδύνου</span> 
     </span>
    </p>
   </div>
   <div class='ocr_carea' id='block_1_64' title="bbox 2317 2775 3804 2850">
    <p class='ocr_par' dir='ltr' id='par_1_64' title="bbox 2317 2775 3804 2850">
     <span class='ocr_line' id='line_1_64' title="bbox 2317 2775 3804 2850; baseline -0.004 -14"><span class='ocrx_word' id='word_1_417' title='bbox 2317 2782 2473 2836; x_wconf 82' lang='grc' dir='ltr'>τοῦτο</span> <span class='ocrx_word' id='word_1_418' title='bbox 2499 2783 2693 2836; x_wconf 86' lang='grc' dir='ltr'>ποιεῖν.</span> <span class='ocrx_word' id='word_1_419' title='bbox 2725 2780 2992 2849; x_wconf 77' lang='grc' dir='ltr'>Δικαστὰς</span> <span class='ocrx_word' id='word_1_420' title='bbox 3019 2781 3076 2835; x_wconf 90' lang='grc' dir='ltr'>δὲ</span> <span class='ocrx_word' id='word_1_421' title='bbox 3108 2777 3276 2846; x_wconf 78' lang='grc' dir='ltr'>εἶναι,</span> <span class='ocrx_word' id='word_1_422' title='bbox 3310 2781 3432 2843; x_wconf 77' lang='grc' dir='ltr'>τοὺς</span> <span class='ocrx_word' id='word_1_423' title='bbox 3457 2777 3610 2850; x_wconf 82' lang='grc' dir='ltr'>ὀρθῶς</span> <span class='ocrx_word' id='word_1_424' title='bbox 3625 2775 3804 2841; x_wconf 73' lang='grc' dir='ltr'>δοξάζον·</span> 
     </span>
    </p>
   </div>
   <div class='ocr_carea' id='block_1_65' title="bbox 2318 2866 3803 2943">
    <p class='ocr_par' dir='ltr' id='par_1_65' title="bbox 2318 2866 3803 2943">
     <span class='ocr_line' id='line_1_65' title="bbox 2318 2866 3803 2943; baseline -0.007 -19"><span class='ocrx_word' id='word_1_425' title='bbox 2318 2889 2417 2935; x_wconf 83' lang='grc' dir='ltr'><strong>τας</strong></span> <span class='ocrx_word' id='word_1_426' title='bbox 2455 2873 2512 2925; x_wconf 77' lang='grc' dir='ltr'>ἐν</span> <span class='ocrx_word' id='word_1_427' title='bbox 2566 2871 2642 2943; x_wconf 82' lang='grc' dir='ltr'>τῷ</span> <span class='ocrx_word' id='word_1_428' title='bbox 2672 2871 2812 2926; x_wconf 82' lang='grc' dir='ltr'>ἔθνει</span> <span class='ocrx_word' id='word_1_429' title='bbox 2840 2871 3171 2936; x_wconf 71' lang='grc' dir='ltr'>ἐπισκόπους</span> <span class='ocrx_word' id='word_1_430' title='bbox 3189 2913 3204 2937; x_wconf 84' lang='grc'><strong>,</strong></span> <span class='ocrx_word' id='word_1_431' title='bbox 3239 2873 3335 2926; x_wconf 75' lang='grc' dir='ltr'><strong>καὶ</strong></span> <span class='ocrx_word' id='word_1_432' title='bbox 3374 2873 3436 2924; x_wconf 85' lang='grc' dir='ltr'>ὲκ</span> <span class='ocrx_word' id='word_1_433' title='bbox 3463 2869 3559 2922; x_wconf 87' lang='grc' dir='ltr'><strong>τῶν</strong></span> <span class='ocrx_word' id='word_1_434' title='bbox 3584 2867 3717 2928; x_wconf 48' lang='lat' dir='ltr'><strong>die;</strong></span> <span class='ocrx_word' id='word_1_435' title='bbox 3738 2866 3803 2915; x_wconf 80' lang='grc' dir='ltr'><strong>ἑπ-</strong></span> 
     </span>
    </p>
   </div>
   <div class='ocr_carea' id='block_1_66' title="bbox 2319 2953 3802 3035">
    <p class='ocr_par' dir='ltr' id='par_1_66' title="bbox 2319 2953 3802 3035">
     <span class='ocr_line' id='line_1_66' title="bbox 2319 2953 3802 3035; baseline 0 -19"><span class='ocrx_word' id='word_1_436' title='bbox 2319 2962 2546 3033; x_wconf 86' lang='grc' dir='ltr'>αρχιῶν,</span> <span class='ocrx_word' id='word_1_437' title='bbox 2581 2964 2859 3027; x_wconf 85' lang='grc' dir='ltr'>συνιόντας</span> <span class='ocrx_word' id='word_1_438' title='bbox 2879 2965 2936 3018; x_wconf 83' lang='grc' dir='ltr'>ὲν</span> <span class='ocrx_word' id='word_1_439' title='bbox 2957 2966 3023 3035; x_wconf 78' lang='grc' dir='ltr'>τῇ</span> <span class='ocrx_word' id='word_1_440' title='bbox 3049 2963 3371 3034; x_wconf 78' lang='grc' dir='ltr'>Ἐκκλησία,</span> <span class='ocrx_word' id='word_1_441' title='bbox 3397 2961 3513 3014; x_wconf 77' lang='grc' dir='ltr'>ἔνθα</span> <span class='ocrx_word' id='word_1_442' title='bbox 3535 2962 3576 3013; x_wconf 79' lang='grc' dir='ltr'><strong>οἱ</strong></span> <span class='ocrx_word' id='word_1_443' title='bbox 3599 2953 3802 3030; x_wconf 81' lang='grc' dir='ltr'>μάρτυρές</span> 
     </span>
    </p>
   </div>
   <div class='ocr_carea' id='block_1_67' title="bbox 2320 3047 3804 3124">
    <p class='ocr_par' dir='ltr' id='par_1_67' title="bbox 2320 3047 3804 3124">
     <span class='ocr_line' id='line_1_67' title="bbox 2320 3047 3804 3124; baseline 0 -20"><span class='ocrx_word' id='word_1_444' title='bbox 2320 3054 2426 3104; x_wconf 78' lang='grc' dir='ltr'>εἰσι</span> <span class='ocrx_word' id='word_1_445' title='bbox 2479 3051 2588 3104; x_wconf 86' lang='grc' dir='ltr'><strong>τῶν</strong></span> <span class='ocrx_word' id='word_1_446' title='bbox 2635 3053 2848 3122; x_wconf 80' lang='grc' dir='ltr'>ἑκάστῳ</span> <span class='ocrx_word' id='word_1_447' title='bbox 2909 3051 3286 3124; x_wconf 85' lang='grc' dir='ltr'>βεϐιωμένων.</span> <span class='ocrx_word' id='word_1_448' title='bbox 3347 3050 3518 3105; x_wconf 71' lang='grc' dir='ltr'>Ταῦτα</span> <span class='ocrx_word' id='word_1_449' title='bbox 3564 3047 3804 3118; x_wconf 77' lang='grc' dir='ltr'>ὁρίσαντες,</span> 
     </span>
    </p>
   </div>
   <div class='ocr_carea' id='block_1_68' title="bbox 2248 3137 3806 3242">
    <p class='ocr_par' dir='ltr' id='par_1_68' title="bbox 2248 3137 3806 3242">
     <span class='ocr_line' id='line_1_68' title="bbox 2248 3137 3806 3242; baseline -0.004 -48"><span class='ocrx_word' id='word_1_450' title='bbox 2248 3184 2291 3242; x_wconf 76' lang='lat' dir='ltr'>c</span> <span class='ocrx_word' id='word_1_451' title='bbox 2323 3141 2508 3212; x_wconf 75' lang='grc' dir='ltr'>ἐπειδὴ</span> <span class='ocrx_word' id='word_1_452' title='bbox 2536 3145 2663 3206; x_wconf 83' lang='grc' dir='ltr'>τοὺς</span> <span class='ocrx_word' id='word_1_453' title='bbox 2692 3144 2820 3214; x_wconf 78' lang='grc' dir='ltr'>περὶ</span> <span class='ocrx_word' id='word_1_454' title='bbox 2849 3143 3096 3208; x_wconf 81' lang='grc' dir='ltr'>Εύδόξιον</span> <span class='ocrx_word' id='word_1_455' title='bbox 3134 3145 3456 3216; x_wconf 84' lang='grc' dir='ltr'>κεκλήκασι,</span> <span class='ocrx_word' id='word_1_456' title='bbox 3484 3137 3806 3212; x_wconf 64' lang='grc' dir='ltr'>καιμετανοίας</span> 
     </span>
    </p>
   </div>
   <div class='ocr_carea' id='block_1_69' title="bbox 2326 3229 3806 3309">
    <p class='ocr_par' dir='ltr' id='par_1_69' title="bbox 2326 3229 3806 3309">
     <span class='ocr_line' id='line_1_69' title="bbox 2326 3229 3806 3309; baseline -0.007 -18"><span class='ocrx_word' id='word_1_457' title='bbox 2326 3237 2508 3300; x_wconf 84' lang='grc' dir='ltr'>αὐτοῖς</span> <span class='ocrx_word' id='word_1_458' title='bbox 2561 3236 2893 3306; x_wconf 83' lang='grc' dir='ltr'>μετέδωκαν,</span> <span class='ocrx_word' id='word_1_459' title='bbox 2923 3239 2973 3290; x_wconf 82' lang='grc' dir='ltr'><strong>οἱ</strong></span> <span class='ocrx_word' id='word_1_460' title='bbox 3017 3237 3074 3290; x_wconf 78' lang='grc' dir='ltr'>δὲ</span> <span class='ocrx_word' id='word_1_461' title='bbox 3102 3238 3200 3306; x_wconf 85' lang='grc' dir='ltr'><strong>οὐχ</strong></span> <span class='ocrx_word' id='word_1_462' title='bbox 3247 3239 3528 3309; x_wconf 85' lang='grc' dir='ltr'>ὑπήκουον,</span> <span class='ocrx_word' id='word_1_463' title='bbox 3556 3237 3616 3285; x_wconf 76' lang='grc' dir='ltr'>τὰ</span> <span class='ocrx_word' id='word_1_464' title='bbox 3647 3229 3806 3294; x_wconf 72' lang='grc' dir='ltr'>δόξαντα</span> 
     </span>
    </p>
   </div>
   <div class='ocr_carea' id='block_1_70' title="bbox 2320 3315 3807 3399">
    <p class='ocr_par' dir='ltr' id='par_1_70' title="bbox 2320 3315 3807 3399">
     <span class='ocr_line' id='line_1_70' title="bbox 2320 3315 3807 3399; baseline 0.003 -21"><span class='ocrx_word' id='word_1_465' title='bbox 2320 3327 2440 3388; x_wconf 87' lang='grc' dir='ltr'>ταῖς</span> <span class='ocrx_word' id='word_1_466' title='bbox 2466 3315 2754 3396; x_wconf 75' lang='grc' dir='ltr'>πανταχοῦ</span> <span class='ocrx_word' id='word_1_467' title='bbox 2770 3327 3114 3399; x_wconf 87' lang='grc' dir='ltr'>Ἐκκλησίαις</span> <span class='ocrx_word' id='word_1_468' title='bbox 3137 3328 3428 3399; x_wconf 81' lang='grc' dir='ltr'>ἐδήλωσαν.</span> <span class='ocrx_word' id='word_1_469' title='bbox 3449 3317 3807 3394; x_wconf 61' lang='grc' dir='ltr'>Λογισάμενοιδὲι</span> 
     </span>
    </p>
   </div>
   <div class='ocr_carea' id='block_1_71' title="bbox 2324 3407 3807 3490">
    <p class='ocr_par' dir='ltr' id='par_1_71' title="bbox 2324 3407 3807 3490">
     <span class='ocr_line' id='line_1_71' title="bbox 2324 3407 3807 3490; baseline 0.003 -22"><span class='ocrx_word' id='word_1_470' title='bbox 2324 3416 2401 3480; x_wconf 86' lang='grc' dir='ltr'>ὡς</span> <span class='ocrx_word' id='word_1_471' title='bbox 2445 3418 2610 3482; x_wconf 83' lang='grc' dir='ltr'>είκδς,</span> <span class='ocrx_word' id='word_1_472' title='bbox 2640 3417 2888 3482; x_wconf 69' lang='grc' dir='ltr'>Εὐδόξιω</span> <span class='ocrx_word' id='word_1_473' title='bbox 2925 3418 3028 3489; x_wconf 83' lang='grc' dir='ltr'><strong>τῆς</strong></span> <span class='ocrx_word' id='word_1_474' title='bbox 3052 3420 3261 3482; x_wconf 87' lang='grc' dir='ltr'>οἰκείας</span> <span class='ocrx_word' id='word_1_475' title='bbox 3305 3419 3509 3490; x_wconf 83' lang='grc' dir='ltr'>μερίδος</span> <span class='ocrx_word' id='word_1_476' title='bbox 3537 3414 3716 3484; x_wconf 73' lang='grc' dir='ltr'>ποιῆσαι</span> <span class='ocrx_word' id='word_1_477' title='bbox 3732 3407 3807 3477; x_wconf 56' lang='grc' dir='ltr'><strong>(δι)</strong></span> 
     </span>
    </p>
   </div>
   <div class='ocr_carea' id='block_1_72' title="bbox 2325 3503 3807 3579">
    <p class='ocr_par' dir='ltr' id='par_1_72' title="bbox 2325 3503 3807 3579">
     <span class='ocr_line' id='line_1_72' title="bbox 2325 3503 3807 3579; baseline -0.001 -18"><span class='ocrx_word' id='word_1_478' title='bbox 2325 3508 2395 3561; x_wconf 86' lang='grc' dir='ltr'>τὰ</span> <span class='ocrx_word' id='word_1_479' title='bbox 2434 3508 2677 3576; x_wconf 84' lang='grc' dir='ltr'>βασίλεια</span> <span class='ocrx_word' id='word_1_480' title='bbox 2697 3553 2712 3576; x_wconf 92' lang='grc'><strong>,</strong></span> <span class='ocrx_word' id='word_1_481' title='bbox 2740 3511 2833 3564; x_wconf 80' lang='grc' dir='ltr'><strong>καὶ</strong></span> <span class='ocrx_word' id='word_1_482' title='bbox 2862 3511 3132 3566; x_wconf 79' lang='grc' dir='ltr'>διαϐαλεῖν</span> <span class='ocrx_word' id='word_1_483' title='bbox 3163 3512 3386 3576; x_wconf 80' lang='grc' dir='ltr'>αὐτοὺς,</span> <span class='ocrx_word' id='word_1_484' title='bbox 3407 3511 3624 3579; x_wconf 73' lang='grc' dir='ltr'>ἔγνωσαν</span> <span class='ocrx_word' id='word_1_485' title='bbox 3648 3503 3807 3574; x_wconf 73' lang='grc' dir='ltr'>φθάσαι.</span> 
     </span>
    </p>
   </div>
   <div class='ocr_carea' id='block_1_73' title="bbox 2327 3591 3808 3679">
    <p class='ocr_par' dir='ltr' id='par_1_73' title="bbox 2327 3591 3808 3679">
     <span class='ocr_line' id='line_1_73' title="bbox 2327 3591 3808 3679; baseline 0.003 -26"><span class='ocrx_word' id='word_1_486' title='bbox 2327 3601 2422 3653; x_wconf 81' lang='grc' dir='ltr'>καὶ</span> <span class='ocrx_word' id='word_1_487' title='bbox 2445 3601 2513 3655; x_wconf 85' lang='grc' dir='ltr'>τὰ</span> <span class='ocrx_word' id='word_1_488' title='bbox 2540 3603 2905 3674; x_wconf 82' lang='grc' dir='ltr'>πεπραγμένα</span> <span class='ocrx_word' id='word_1_489' title='bbox 2935 3604 2994 3658; x_wconf 83' lang='grc' dir='ltr'>ὲν</span> <span class='ocrx_word' id='word_1_490' title='bbox 3027 3603 3318 3679; x_wconf 75' lang='grc' dir='ltr'>Δαμψάκῳ</span> <span class='ocrx_word' id='word_1_491' title='bbox 3343 3603 3582 3676; x_wconf 81' lang='grc' dir='ltr'>μηνύσαι.</span> <span class='ocrx_word' id='word_1_492' title='bbox 3612 3600 3665 3650; x_wconf 85' lang='grc'><strong>’0</strong></span> <span class='ocrx_word' id='word_1_493' title='bbox 3683 3594 3730 3665; x_wconf 81' lang='grc' dir='ltr'><strong>δὴ</strong></span> <span class='ocrx_word' id='word_1_494' title='bbox 3748 3591 3808 3644; x_wconf 59' lang='grc' dir='ltr'><strong>καὶ</strong></span> 
     </span>
    </p>
   </div>
   <div class='ocr_carea' id='block_1_74' title="bbox 1846 3743 2709 3807">
    <p class='ocr_par' dir='ltr' id='par_1_74' title="bbox 1846 3743 2709 3807">
     <span class='ocr_line' id='line_1_74' title="bbox 1846 3743 2709 3807; baseline 0.009 -8"><span class='ocrx_word' id='word_1_495' title='bbox 1846 3743 2118 3801; x_wconf 82' lang='lat' dir='ltr'><strong>VALESII</strong></span> <span class='ocrx_word' id='word_1_496' title='bbox 2155 3748 2600 3807; x_wconf 78' lang='lat' dir='ltr'><strong>ANNOTATION</strong></span> <span class='ocrx_word' id='word_1_497' title='bbox 2607 3751 2709 3807; x_wconf 86' lang='lat' dir='ltr'><strong>ES.</strong></span> 
     </span>
    </p>
   </div>
   <div class='ocr_carea' id='block_1_75' title="bbox 650 3835 3808 3921">
    <p class='ocr_par' dir='ltr' id='par_1_75' title="bbox 650 3835 3808 3921">
     <span class='ocr_line' id='line_1_75' title="bbox 650 3835 3808 3921; baseline 0.003 -32"><span class='ocrx_word' id='word_1_498' title='bbox 650 3837 793 3921; x_wconf 62' lang='lat' dir='ltr'><strong>inter</strong></span> <span class='ocrx_word' id='word_1_499' title='bbox 834 3851 894 3892; x_wconf 90' lang='lat' dir='ltr'><strong>se</strong></span> <span class='ocrx_word' id='word_1_500' title='bbox 927 3835 1255 3921; x_wconf 69' lang='lat' dir='ltr'><strong>diviserunt.</strong></span> <span class='ocrx_word' id='word_1_501' title='bbox 1305 3837 1373 3892; x_wconf 91' lang='lat' dir='ltr'><strong>Et</strong></span> <span class='ocrx_word' id='word_1_502' title='bbox 1405 3837 1826 3921; x_wconf 64' lang='lat' dir='ltr'><strong>Valentinianus</strong></span> <span class='ocrx_word' id='word_1_503' title='bbox 1851 3842 2081 3921; x_wconf 72' lang='lat' dir='ltr'><strong>quidem</strong></span> <span class='ocrx_word' id='word_1_504' title='bbox 2119 3843 2231 3900; x_wconf 76' lang='lat' dir='ltr'><strong>Me-</strong></span> <span class='ocrx_word' id='word_1_505' title='bbox 2331 3848 2540 3902; x_wconf 88' lang='lat' dir='ltr'><strong>Christi</strong></span> <span class='ocrx_word' id='word_1_506' title='bbox 2569 3847 2706 3921; x_wconf 58' lang='lat'><strong>3365,</strong></span> <span class='ocrx_word' id='word_1_507' title='bbox 2741 3863 2930 3921; x_wconf 71' lang='lat' dir='ltr'><strong>mense</strong></span> <span class='ocrx_word' id='word_1_508' title='bbox 2971 3845 3138 3904; x_wconf 73' lang='lat' dir='ltr'><strong>Iunio</strong></span> <span class='ocrx_word' id='word_1_509' title='bbox 3162 3891 3178 3916; x_wconf 90' lang='lat'><strong>,</strong></span> <span class='ocrx_word' id='word_1_510' title='bbox 3226 3851 3435 3921; x_wconf 85' lang='lat' dir='ltr'><strong>aliquot</strong></span> <span class='ocrx_word' id='word_1_511' title='bbox 3463 3845 3702 3921; x_wconf 79' lang='lat' dir='ltr'><strong>mensibus</strong></span> <span class='ocrx_word' id='word_1_512' title='bbox 3722 3845 3808 3893; x_wconf 67' lang='lat' dir='ltr'><strong>ante</strong></span> 
     </span>
    </p>
   </div>
   <div class='ocr_carea' id='block_1_76' title="bbox 648 3905 3805 3993">
    <p class='ocr_par' dir='ltr' id='par_1_76' title="bbox 648 3905 3805 3993">
     <span class='ocr_line' id='line_1_76' title="bbox 648 3905 3805 3993; baseline 0 -33"><span class='ocrx_word' id='word_1_513' title='bbox 648 3906 930 3993; x_wconf 74' lang='lat' dir='ltr'><strong>diolanum</strong></span> <span class='ocrx_word' id='word_1_514' title='bbox 957 3947 998 3993; x_wconf 45' lang='grc' dir='ltr'>,Ι</span> <span class='ocrx_word' id='word_1_515' title='bbox 1021 3905 1211 3993; x_wconf 61' lang='lat' dir='ltr'><strong>Valens</strong></span> <span class='ocrx_word' id='word_1_516' title='bbox 1248 3924 1379 3989; x_wconf 61' lang='lat' dir='ltr'><strong>vero</strong></span> <span class='ocrx_word' id='word_1_517' title='bbox 1407 3905 1956 3993; x_wconf 49' lang='lat' dir='ltr'><strong>Constantinopolim</strong></span> <span class='ocrx_word' id='word_1_518' title='bbox 1977 3928 2231 3970; x_wconf 89' lang='lat' dir='ltr'><strong>reversus</strong></span> <span class='ocrx_word' id='word_1_519' title='bbox 2332 3927 2538 3993; x_wconf 73' lang='lat' dir='ltr'><strong>motum</strong></span> <span class='ocrx_word' id='word_1_520' title='bbox 2575 3905 2848 3987; x_wconf 80' lang='lat' dir='ltr'><strong>Procopii.</strong></span> <span class='ocrx_word' id='word_1_521' title='bbox 2879 3916 2997 3993; x_wconf 50' lang='lat' dir='ltr'><strong>iam</strong></span> <span class='ocrx_word' id='word_1_522' title='bbox 3029 3905 3177 3993; x_wconf 18' lang='lat' dir='ltr'><strong>vero?</strong></span> <span class='ocrx_word' id='word_1_523' title='bbox 3197 3905 3347 3993; x_wconf 72' lang='lat' dir='ltr'><strong>quod</strong></span> <span class='ocrx_word' id='word_1_524' title='bbox 3374 3920 3441 3974; x_wconf 88' lang='lat' dir='ltr'><strong>ad</strong></span> <span class='ocrx_word' id='word_1_525' title='bbox 3468 3920 3671 3989; x_wconf 89' lang='lat' dir='ltr'><strong>primum</strong></span> <span class='ocrx_word' id='word_1_526' title='bbox 3690 3925 3805 3993; x_wconf 62' lang='lat' dir='ltr'><strong>accu-</strong></span> 
     </span>
    </p>
   </div>
   <div class='ocr_carea' id='block_1_77' title="bbox 648 3977 2222 4041">
    <p class='ocr_par' dir='ltr' id='par_1_77' title="bbox 648 3977 2222 4041">
     <span class='ocr_line' id='line_1_77' title="bbox 648 3977 2222 4041; baseline 0.006 -11"><span class='ocrx_word' id='word_1_527' title='bbox 648 3985 756 4041; x_wconf 87' lang='lat' dir='ltr'><strong>est,</strong></span> <span class='ocrx_word' id='word_1_528' title='bbox 784 3985 842 4031; x_wconf 91' lang='lat' dir='ltr'><strong>ut</strong></span> <span class='ocrx_word' id='word_1_529' title='bbox 869 3978 1062 4034; x_wconf 87' lang='lat' dir='ltr'><strong>scribit</strong></span> <span class='ocrx_word' id='word_1_530' title='bbox 1083 3977 1408 4034; x_wconf 88' lang='lat' dir='ltr'><strong>Ammianus</strong></span> <span class='ocrx_word' id='word_1_531' title='bbox 1441 3977 1794 4035; x_wconf 77' lang='lat' dir='ltr'><strong>Marcellinus</strong></span> <span class='ocrx_word' id='word_1_532' title='bbox 1823 3983 1875 4035; x_wconf 92' lang='lat' dir='ltr'><strong>in</strong></span> <span class='ocrx_word' id='word_1_533' title='bbox 1902 3982 2043 4038; x_wconf 92' lang='lat' dir='ltr'><strong>libro</strong></span> <span class='ocrx_word' id='word_1_534' title='bbox 2072 4001 2222 4040; x_wconf 73' lang='lat' dir='ltr'><strong>xxvn.</strong></span> 
     </span>
    </p>
   </div>
   <div class='ocr_carea' id='block_1_78' title="bbox 649 4047 2227 4116">
    <p class='ocr_par' dir='ltr' id='par_1_78' title="bbox 649 4047 2227 4116">
     <span class='ocr_line' id='line_1_78' title="bbox 649 4047 2227 4116; baseline 0.006 -17"><span class='ocrx_word' id='word_1_535' title='bbox 649 4047 725 4100; x_wconf 79' lang='lat' dir='ltr'><strong>Ex</strong></span> <span class='ocrx_word' id='word_1_536' title='bbox 755 4048 954 4116; x_wconf 88' lang='lat' dir='ltr'><strong>quibus</strong></span> <span class='ocrx_word' id='word_1_537' title='bbox 1023 4047 1314 4103; x_wconf 82' lang='lat' dir='ltr'><strong>manifeste</strong></span> <span class='ocrx_word' id='word_1_538' title='bbox 1357 4049 1706 4105; x_wconf 88' lang='lat' dir='ltr'><strong>convincitur</strong></span> <span class='ocrx_word' id='word_1_539' title='bbox 1749 4050 2030 4106; x_wconf 81' lang='lat' dir='ltr'><strong>Valentem</strong></span> <span class='ocrx_word' id='word_1_540' title='bbox 2078 4069 2227 4109; x_wconf 89' lang='lat' dir='ltr'><strong>anno</strong></span> 
     </span>
    </p>
   </div>
   <div class='ocr_carea' id='block_1_79' title="bbox 649 4117 2220 4188">
    <p class='ocr_par' dir='ltr' id='par_1_79' title="bbox 649 4117 2220 4188">
     <span class='ocr_line' id='line_1_79' title="bbox 649 4117 2220 4188; baseline 0.006 -19"><span class='ocrx_word' id='word_1_541' title='bbox 649 4117 856 4188; x_wconf 78' lang='lat' dir='ltr'><strong>Christi</strong></span> <span class='ocrx_word' id='word_1_542' title='bbox 891 4117 995 4172; x_wconf 79' lang='lat'><strong>565</strong></span> <span class='ocrx_word' id='word_1_543' title='bbox 1046 4119 1230 4173; x_wconf 88' lang='lat' dir='ltr'><strong>vernis</strong></span> <span class='ocrx_word' id='word_1_544' title='bbox 1271 4121 1553 4175; x_wconf 90' lang='lat' dir='ltr'><strong>mensibus</strong></span> <span class='ocrx_word' id='word_1_545' title='bbox 1599 4137 1630 4175; x_wconf 90' lang='lat' dir='ltr'><strong>e</strong></span> <span class='ocrx_word' id='word_1_546' title='bbox 1676 4117 1928 4177; x_wconf 88' lang='lat' dir='ltr'><strong>Thraciis</strong></span> <span class='ocrx_word' id='word_1_547' title='bbox 1961 4124 2220 4188; x_wconf 88' lang='lat' dir='ltr'><strong>rediisse,</strong></span> 
     </span>
    </p>
   </div>
   <div class='ocr_carea' id='block_1_80' title="bbox 649 4187 2224 4255">
    <p class='ocr_par' dir='ltr' id='par_1_80' title="bbox 649 4187 2224 4255">
     <span class='ocr_line' id='line_1_80' title="bbox 649 4187 2224 4255; baseline 0.004 -16"><span class='ocrx_word' id='word_1_548' title='bbox 649 4200 772 4239; x_wconf 89' lang='lat' dir='ltr'><strong>cum</strong></span> <span class='ocrx_word' id='word_1_549' title='bbox 797 4187 908 4255; x_wconf 88' lang='lat' dir='ltr'><strong>jam</strong></span> <span class='ocrx_word' id='word_1_550' title='bbox 940 4188 1137 4243; x_wconf 85' lang='lat' dir='ltr'><strong>consul</strong></span> <span class='ocrx_word' id='word_1_551' title='bbox 1181 4197 1346 4243; x_wconf 88' lang='lat' dir='ltr'><strong>esset.</strong></span> <span class='ocrx_word' id='word_1_552' title='bbox 1384 4191 1474 4243; x_wconf 84' lang='lat' dir='ltr'><strong>Ait</strong></span> <span class='ocrx_word' id='word_1_553' title='bbox 1516 4190 1660 4244; x_wconf 92' lang='lat' dir='ltr'><strong>enim</strong></span> <span class='ocrx_word' id='word_1_554' title='bbox 1710 4192 2032 4248; x_wconf 86' lang='lat' dir='ltr'><strong>Ammianus</strong></span> <span class='ocrx_word' id='word_1_555' title='bbox 2080 4187 2224 4246; x_wconf 58' lang='lat' dir='ltr'><strong>Mar-4</strong></span> 
     </span>
    </p>
   </div>
   <div class='ocr_carea' id='block_1_81' title="bbox 648 4255 2220 4332">
    <p class='ocr_par' dir='ltr' id='par_1_81' title="bbox 648 4255 2220 4332">
     <span class='ocr_line' id='line_1_81' title="bbox 648 4255 2220 4332; baseline 0.006 -24"><span class='ocrx_word' id='word_1_556' title='bbox 648 4255 937 4332; x_wconf 80' lang='lat' dir='ltr'><strong>cellinus:</strong></span> <span class='ocrx_word' id='word_1_557' title='bbox 988 4257 1028 4327; x_wconf 73' lang='grc' dir='ltr'><strong>-ι-</strong></span> <span class='ocrx_word' id='word_1_558' title='bbox 1057 4257 1282 4326; x_wconf 79' lang='lat' dir='ltr'><strong>Agentes</strong></span> <span class='ocrx_word' id='word_1_559' title='bbox 1330 4260 1386 4312; x_wconf 85' lang='lat' dir='ltr'><strong>in</strong></span> <span class='ocrx_word' id='word_1_560' title='bbox 1427 4277 1590 4332; x_wconf 81' lang='lat' dir='ltr'><strong>supra</strong></span> <span class='ocrx_word' id='word_1_561' title='bbox 1640 4262 1948 4316; x_wconf 83' lang='lat' dir='ltr'><strong>memoratis</strong></span> <span class='ocrx_word' id='word_1_562' title='bbox 2002 4262 2220 4332; x_wconf 79' lang='lat' dir='ltr'><strong>urbibus</strong></span> 
     </span>
    </p>
   </div>
   <div class='ocr_carea' id='block_1_82' title="bbox 648 4327 2219 4396">
    <p class='ocr_par' dir='ltr' id='par_1_82' title="bbox 648 4327 2219 4396">
     <span class='ocr_line' id='line_1_82' title="bbox 648 4327 2219 4396; baseline 0.007 -20"><span class='ocrx_word' id='word_1_563' title='bbox 648 4327 934 4396; x_wconf 75' lang='lat' dir='ltr'><strong>principes,</strong></span> <span class='ocrx_word' id='word_1_564' title='bbox 985 4337 1322 4394; x_wconf 81' lang='lat' dir='ltr'><strong>sumpserunt</strong></span> <span class='ocrx_word' id='word_1_565' title='bbox 1353 4330 1598 4396; x_wconf 81' lang='lat' dir='ltr'><strong>primitus</strong></span> <span class='ocrx_word' id='word_1_566' title='bbox 1640 4332 1849 4384; x_wconf 86' lang='lat' dir='ltr'><strong>trabeas</strong></span> <span class='ocrx_word' id='word_1_567' title='bbox 1892 4331 2219 4388; x_wconf 77' lang='lat' dir='ltr'><strong>consulares.</strong></span> 
     </span>
    </p>
   </div>
   <div class='ocr_carea' id='block_1_83' title="bbox 651 4393 2220 4471">
    <p class='ocr_par' dir='ltr' id='par_1_83' title="bbox 651 4393 2220 4471">
     <span class='ocr_line' id='line_1_83' title="bbox 651 4393 2220 4471; baseline 0.004 -22"><span class='ocrx_word' id='word_1_568' title='bbox 651 4393 755 4471; x_wconf 67' lang='lat' dir='ltr'><strong>§ed</strong></span> <span class='ocrx_word' id='word_1_569' title='bbox 799 4395 1028 4471; x_wconf 68' lang='lat' dir='ltr'><strong>dubium</strong></span> <span class='ocrx_word' id='word_1_570' title='bbox 1066 4393 1659 4471; x_wconf 76' lang='lat' dir='ltr'><strong>est_quasnam__nrbes</strong></span> <span class='ocrx_word' id='word_1_571' title='bbox 1691 4401 1958 4471; x_wconf 80' lang='lat' dir='ltr'><strong>intelligat</strong></span> <span class='ocrx_word' id='word_1_572' title='bbox 1989 4401 2220 4457; x_wconf 85' lang='lat' dir='ltr'><strong>Marcel-</strong></span> 
     </span>
    </p>
   </div>
   <div class='ocr_carea' id='block_1_84' title="bbox 648 4463 2220 4552">
    <p class='ocr_par' dir='ltr' id='par_1_84' title="bbox 648 4463 2220 4552">
     <span class='ocr_line' id='line_1_84' title="bbox 648 4463 2220 4552; baseline 0.01 -38"><span class='ocrx_word' id='word_1_573' title='bbox 648 4463 1344 4552; x_wconf 28' lang='lat' dir='ltr'><strong>linus,Na-n‘lllediola&#39;nnm</strong></span> <span class='ocrx_word' id='word_1_574' title='bbox 1373 4477 1426 4552; x_wconf 78' lang='lat' dir='ltr'><strong>et</strong></span> <span class='ocrx_word' id='word_1_575' title='bbox 1463 4463 2028 4552; x_wconf 65' lang='lat' dir='ltr'><strong>Constantinopolim,</strong></span> <span class='ocrx_word' id='word_1_576' title='bbox 2051 4488 2220 4552; x_wconf 54' lang='lat' dir='ltr'><strong>quas</strong></span> 
     </span>
    </p>
   </div>
   <div class='ocr_carea' id='block_1_85' title="bbox 648 4536 2222 4602">
    <p class='ocr_par' dir='ltr' id='par_1_85' title="bbox 648 4536 2222 4602">
     <span class='ocr_line' id='line_1_85' title="bbox 648 4536 2222 4602; baseline 0.008 -18"><span class='ocrx_word' id='word_1_577' title='bbox 648 4541 930 4602; x_wconf 89' lang='lat' dir='ltr'><strong>postremo</strong></span> <span class='ocrx_word' id='word_1_578' title='bbox 956 4536 1082 4588; x_wconf 91' lang='lat' dir='ltr'><strong>loco</strong></span> <span class='ocrx_word' id='word_1_579' title='bbox 1113 4538 1452 4602; x_wconf 87' lang='lat' dir='ltr'><strong>nominavit;</strong></span> <span class='ocrx_word' id='word_1_580' title='bbox 1499 4554 1568 4592; x_wconf 94' lang='lat' dir='ltr'><strong>an</strong></span> <span class='ocrx_word' id='word_1_581' title='bbox 1597 4555 1725 4594; x_wconf 86' lang='lat' dir='ltr'><strong>vero</strong></span> <span class='ocrx_word' id='word_1_582' title='bbox 1758 4536 1982 4596; x_wconf 83' lang='lat' dir='ltr'><strong>Naisum</strong></span> <span class='ocrx_word' id='word_1_583' title='bbox 2013 4549 2068 4596; x_wconf 90' lang='lat' dir='ltr'><strong>et</strong></span> <span class='ocrx_word' id='word_1_584' title='bbox 2097 4536 2222 4596; x_wconf 63' lang='lat' dir='ltr'><strong>Sin-</strong></span> 
     </span>
    </p>
   </div>
   <div class='ocr_carea' id='block_1_86' title="bbox 651 4602 2218 4680">
    <p class='ocr_par' dir='ltr' id='par_1_86' title="bbox 651 4602 2218 4680">
     <span class='ocr_line' id='line_1_86' title="bbox 651 4602 2218 4680; baseline 0.009 -27"><span class='ocrx_word' id='word_1_585' title='bbox 651 4603 839 4680; x_wconf 69' lang='lat' dir='ltr'><strong>mium.</strong></span> <span class='ocrx_word' id='word_1_586' title='bbox 871 4602 1162 4675; x_wconf 91' lang='lat' dir='ltr'><strong>Utcunque</strong></span> <span class='ocrx_word' id='word_1_587' title='bbox 1181 4614 1390 4680; x_wconf 37' lang='lat' dir='ltr'><strong>“tamen</strong></span> <span class='ocrx_word' id='word_1_588' title='bbox 1410 4617 1714 4680; x_wconf 57' lang='lat' dir='ltr'><strong>constatex</strong></span> <span class='ocrx_word' id='word_1_589' title='bbox 1736 4611 1857 4680; x_wconf 87' lang='lat' dir='ltr'><strong>ejus</strong></span> <span class='ocrx_word' id='word_1_590' title='bbox 1881 4613 2218 4677; x_wconf 90' lang='lat' dir='ltr'><strong>narratione,</strong></span> 
     </span>
    </p>
   </div>
   <div class='ocr_carea' id='block_1_87' title="bbox 654 4670 2220 4747">
    <p class='ocr_par' dir='ltr' id='par_1_87' title="bbox 654 4670 2220 4747">
     <span class='ocr_line' id='line_1_87' title="bbox 654 4670 2220 4747; baseline 0.008 -23"><span class='ocrx_word' id='word_1_591' title='bbox 654 4670 933 4747; x_wconf 82' lang='lat' dir='ltr'><strong>Valentem</strong></span> <span class='ocrx_word' id='word_1_592' title='bbox 961 4670 1087 4728; x_wconf 55' lang='lat' dir='ltr'><strong>non&#39;</strong></span> <span class='ocrx_word' id='word_1_593' title='bbox 1101 4675 1343 4747; x_wconf 80' lang='lat' dir='ltr'><strong>rediisse</strong></span> <span class='ocrx_word' id='word_1_594' title='bbox 1361 4691 1424 4731; x_wconf 88' lang='lat' dir='ltr'><strong>ex</strong></span> <span class='ocrx_word' id='word_1_595' title='bbox 1448 4677 1712 4747; x_wconf 86' lang='lat' dir='ltr'><strong>Thraciis,</strong></span> <span class='ocrx_word' id='word_1_596' title='bbox 1743 4670 1849 4735; x_wconf 67' lang='lat' dir='ltr'><strong>nisi</strong></span> <span class='ocrx_word' id='word_1_597' title='bbox 1868 4697 1919 4734; x_wconf 93' lang='lat' dir='ltr'><strong>a.</strong></span> <span class='ocrx_word' id='word_1_598' title='bbox 1945 4670 2220 4747; x_wconf 74' lang='lat' dir='ltr'><strong>Chr.565,</strong></span> 
     </span>
    </p>
   </div>
   <div class='ocr_carea' id='block_1_88' title="bbox 648 4742 2222 4811">
    <p class='ocr_par' dir='ltr' id='par_1_88' title="bbox 648 4742 2222 4811">
     <span class='ocr_line' id='line_1_88' title="bbox 648 4742 2222 4811; baseline 0.007 -17"><span class='ocrx_word' id='word_1_599' title='bbox 648 4757 759 4809; x_wconf 87' lang='lat' dir='ltr'><strong>quo</strong></span> <span class='ocrx_word' id='word_1_600' title='bbox 784 4742 1019 4811; x_wconf 89' lang='lat' dir='ltr'><strong>primum</strong></span> <span class='ocrx_word' id='word_1_601' title='bbox 1046 4746 1236 4799; x_wconf 92' lang='lat' dir='ltr'><strong>consul</strong></span> <span class='ocrx_word' id='word_1_602' title='bbox 1274 4744 1377 4800; x_wconf 92' lang='lat' dir='ltr'><strong>fuit</strong></span> <span class='ocrx_word' id='word_1_603' title='bbox 1414 4764 1534 4802; x_wconf 91' lang='lat' dir='ltr'><strong>cum</strong></span> <span class='ocrx_word' id='word_1_604' title='bbox 1565 4746 1966 4804; x_wconf 83' lang='lat' dir='ltr'><strong>Valentiniano.</strong></span> <span class='ocrx_word' id='word_1_605' title='bbox 1991 4742 2222 4805; x_wconf 82' lang='lat' dir='ltr'><strong>Fallitur</strong></span> 
     </span>
    </p>
   </div>
   <div class='ocr_carea' id='block_1_89' title="bbox 647 4812 2218 4888">
    <p class='ocr_par' dir='ltr' id='par_1_89' title="bbox 647 4812 2218 4888">
     <span class='ocr_line' id='line_1_89' title="bbox 647 4812 2218 4888; baseline 0.008 -24"><span class='ocrx_word' id='word_1_606' title='bbox 647 4812 1070 4888; x_wconf 55' lang='lat' dir='ltr'><strong>praetereajdcm</strong></span> <span class='ocrx_word' id='word_1_607' title='bbox 1086 4813 1374 4888; x_wconf 65' lang='lat' dir='ltr'><strong>Beronius,</strong></span> <span class='ocrx_word' id='word_1_608' title='bbox 1391 4818 1482 4884; x_wconf 90' lang='lat' dir='ltr'><strong>qui</strong></span> <span class='ocrx_word' id='word_1_609' title='bbox 1505 4827 1707 4873; x_wconf 90' lang='lat' dir='ltr'><strong>motum</strong></span> <span class='ocrx_word' id='word_1_610' title='bbox 1731 4817 1980 4888; x_wconf 89' lang='lat' dir='ltr'><strong>Procopii</strong></span> <span class='ocrx_word' id='word_1_611' title='bbox 2006 4822 2218 4876; x_wconf 79' lang='lat' dir='ltr'><strong>confert</strong></span> 
     </span>
    </p>
   </div>
   <div class='ocr_carea' id='block_1_90' title="bbox 650 4883 2220 4962">
    <p class='ocr_par' dir='ltr' id='par_1_90' title="bbox 650 4883 2220 4962">
     <span class='ocr_line' id='line_1_90' title="bbox 650 4883 2220 4962; baseline 0.009 -30"><span class='ocrx_word' id='word_1_612' title='bbox 650 4883 702 4961; x_wconf 73' lang='lat' dir='ltr'><strong>in</strong></span> <span class='ocrx_word' id='word_1_613' title='bbox 730 4897 860 4962; x_wconf 68' lang='lat' dir='ltr'><strong>ann.</strong></span> <span class='ocrx_word' id='word_1_614' title='bbox 895 4883 1098 4936; x_wconf 87' lang='lat' dir='ltr'><strong>Christi</strong></span> <span class='ocrx_word' id='word_1_615' title='bbox 1124 4884 1250 4939; x_wconf 69' lang='lat' dir='ltr'><strong>56L</strong></span> <span class='ocrx_word' id='word_1_616' title='bbox 1291 4883 1525 4962; x_wconf 48' lang='lat' dir='ltr'><strong>liniue!</strong></span> <span class='ocrx_word' id='word_1_617' title='bbox 1549 4889 1863 4962; x_wconf 68' lang='grc' dir='ltr'><strong>⁸Αιιιιιιίειιιο</strong></span> <span class='ocrx_word' id='word_1_618' title='bbox 1904 4883 2220 4948; x_wconf 79' lang='lat' dir='ltr'><strong>Marcellino</strong></span> 
     </span>
    </p>
   </div>
   <div class='ocr_carea' id='block_1_91' title="bbox 655 4951 2218 5022">
    <p class='ocr_par' dir='ltr' id='par_1_91' title="bbox 655 4951 2218 5022">
     <span class='ocr_line' id='line_1_91' title="bbox 655 4951 2218 5022; baseline 0.008 -18"><span class='ocrx_word' id='word_1_619' title='bbox 655 4951 708 5022; x_wconf 81' lang='lat' dir='ltr'><strong>in</strong></span> <span class='ocrx_word' id='word_1_620' title='bbox 747 4951 895 5022; x_wconf 87' lang='lat' dir='ltr'><strong>libro</strong></span> <span class='ocrx_word' id='word_1_621' title='bbox 923 4968 1070 5016; x_wconf 76' lang='lat' dir='ltr'><strong>xxvr,</strong></span> <span class='ocrx_word' id='word_1_622' title='bbox 1113 4965 1166 5008; x_wconf 91' lang='lat' dir='ltr'><strong>et</strong></span> <span class='ocrx_word' id='word_1_623' title='bbox 1189 4971 1254 5008; x_wconf 82' lang='lat' dir='ltr'><strong>ex</strong></span> <span class='ocrx_word' id='word_1_624' title='bbox 1296 4955 1478 5011; x_wconf 84' lang='lat' dir='ltr'><strong>Fastis</strong></span> <span class='ocrx_word' id='word_1_625' title='bbox 1509 4956 1686 5022; x_wconf 89' lang='lat' dir='ltr'><strong>ldatii,</strong></span> <span class='ocrx_word' id='word_1_626' title='bbox 1723 4961 2093 5015; x_wconf 87' lang='lat' dir='ltr'><strong>certissimum</strong></span> <span class='ocrx_word' id='word_1_627' title='bbox 2132 4971 2218 5017; x_wconf 88' lang='lat' dir='ltr'><strong>est</strong></span> 
     </span>
    </p>
   </div>
   <div class='ocr_carea' id='block_1_92' title="bbox 649 5019 2210 5098">
    <p class='ocr_par' dir='ltr' id='par_1_92' title="bbox 649 5019 2210 5098">
     <span class='ocr_line' id='line_1_92' title="bbox 649 5019 2210 5098; baseline 0.008 -26"><span class='ocrx_word' id='word_1_628' title='bbox 649 5019 901 5098; x_wconf 75' lang='lat' dir='ltr'><strong>Procopii</strong></span> <span class='ocrx_word' id='word_1_629' title='bbox 934 5023 1285 5098; x_wconf 64' lang='lat' dir='ltr'><strong>rebellionem</strong></span> <span class='ocrx_word' id='word_1_630' title='bbox 1319 5028 1621 5098; x_wconf 85' lang='lat' dir='ltr'><strong>contigisse</strong></span> <span class='ocrx_word' id='word_1_631' title='bbox 1650 5019 1796 5084; x_wconf 82' lang='lat' dir='ltr'><strong>anno</strong></span> <span class='ocrx_word' id='word_1_632' title='bbox 1823 5029 2030 5084; x_wconf 90' lang='lat' dir='ltr'><strong>Christi</strong></span> <span class='ocrx_word' id='word_1_633' title='bbox 2080 5031 2210 5096; x_wconf 78' lang='grc'>565,</span> 
     </span>
    </p>
   </div>
   <div class='ocr_carea' id='block_1_93' title="bbox 651 5091 2215 5170">
    <p class='ocr_par' dir='ltr' id='par_1_93' title="bbox 651 5091 2215 5170">
     <span class='ocr_line' id='line_1_93' title="bbox 651 5091 2215 5170; baseline 0.007 -25"><span class='ocrx_word' id='word_1_634' title='bbox 651 5091 737 5145; x_wconf 84' lang='lat' dir='ltr'><strong>die</strong></span> <span class='ocrx_word' id='word_1_635' title='bbox 787 5091 1682 5170; x_wconf 46' lang='lat' dir='ltr'><strong>quarto__Kal_._Octobres—Quare</strong></span> <span class='ocrx_word' id='word_1_636' title='bbox 1734 5100 1895 5169; x_wconf 88' lang='lat' dir='ltr'><strong>legati</strong></span> <span class='ocrx_word' id='word_1_637' title='bbox 1951 5091 2215 5170; x_wconf 58' lang='lat' dir='ltr'><strong>Lampsa;</strong></span> 
     </span>
    </p>
   </div>
   <div class='ocr_carea' id='block_1_94' title="bbox 648 5162 2214 5242">
    <p class='ocr_par' dir='ltr' id='par_1_94' title="bbox 648 5162 2214 5242">
     <span class='ocr_line' id='line_1_94' title="bbox 648 5162 2214 5242; baseline 0.004 -26"><span class='ocrx_word' id='word_1_638' title='bbox 648 5176 794 5216; x_wconf 75' lang='lat' dir='ltr'><strong>cenae</strong></span> <span class='ocrx_word' id='word_1_639' title='bbox 832 5163 1064 5242; x_wconf 78' lang='lat' dir='ltr'><strong>synodi,</strong></span> <span class='ocrx_word' id='word_1_640' title='bbox 1124 5162 1402 5242; x_wconf 69' lang='lat' dir='ltr'><strong>Valentem</strong></span> <span class='ocrx_word' id='word_1_641' title='bbox 1437 5183 1467 5222; x_wconf 90' lang='lat' dir='ltr'><strong>e</strong></span> <span class='ocrx_word' id='word_1_642' title='bbox 1497 5162 1749 5242; x_wconf 79' lang='lat' dir='ltr'><strong>Thraciis</strong></span> <span class='ocrx_word' id='word_1_643' title='bbox 1787 5162 1901 5242; x_wconf 53' lang='lat' dir='ltr'><strong>iam</strong></span> <span class='ocrx_word' id='word_1_644' title='bbox 1933 5162 2214 5242; x_wconf 77' lang='lat' dir='ltr'><strong>reversum</strong></span> 
     </span>
    </p>
   </div>
   <div class='ocr_carea' id='block_1_95' title="bbox 645 5236 2219 5305">
    <p class='ocr_par' dir='ltr' id='par_1_95' title="bbox 645 5236 2219 5305">
     <span class='ocr_line' id='line_1_95' title="bbox 645 5236 2219 5305; baseline 0.006 -19"><span class='ocrx_word' id='word_1_645' title='bbox 645 5236 944 5289; x_wconf 87' lang='lat' dir='ltr'><strong>convenire</strong></span> <span class='ocrx_word' id='word_1_646' title='bbox 1001 5244 1301 5305; x_wconf 90' lang='lat' dir='ltr'><strong>potuerunt</strong></span> <span class='ocrx_word' id='word_1_647' title='bbox 1358 5236 1636 5295; x_wconf 69' lang='lat' dir='ltr'><strong>Heracleae</strong></span> <span class='ocrx_word' id='word_1_648' title='bbox 1696 5241 1752 5294; x_wconf 92' lang='lat' dir='ltr'><strong>in</strong></span> <span class='ocrx_word' id='word_1_649' title='bbox 1786 5239 2024 5296; x_wconf 88' lang='lat' dir='ltr'><strong>Thracia</strong></span> <span class='ocrx_word' id='word_1_650' title='bbox 2071 5255 2219 5296; x_wconf 88' lang='lat' dir='ltr'><strong>anno</strong></span> 
     </span>
    </p>
   </div>
   <div class='ocr_carea' id='block_1_96' title="bbox 2329 3980 3806 4056">
    <p class='ocr_par' dir='ltr' id='par_1_96' title="bbox 2329 3980 3806 4056">
     <span class='ocr_line' id='line_1_96' title="bbox 2329 3980 3806 4056; baseline -0.005 -14"><span class='ocrx_word' id='word_1_651' title='bbox 2329 3987 2563 4042; x_wconf 88' lang='lat' dir='ltr'><strong>sationis</strong></span> <span class='ocrx_word' id='word_1_652' title='bbox 2611 3980 2777 4055; x_wconf 74' lang='lat' dir='ltr'><strong>caput</strong></span> <span class='ocrx_word' id='word_1_653' title='bbox 2807 3989 3022 4056; x_wconf 86' lang='lat' dir='ltr'><strong>attinet,</strong></span> <span class='ocrx_word' id='word_1_654' title='bbox 3067 3980 3287 4046; x_wconf 79' lang='lat' dir='ltr'><strong>diﬁicilc</strong></span> <span class='ocrx_word' id='word_1_655' title='bbox 3317 3997 3401 4046; x_wconf 88' lang='lat' dir='ltr'><strong>est</strong></span> <span class='ocrx_word' id='word_1_656' title='bbox 3429 3980 3662 4044; x_wconf 73' lang='lat' dir='ltr'><strong>eicusare</strong></span> <span class='ocrx_word' id='word_1_657' title='bbox 3689 3980 3806 4056; x_wconf 59' lang='lat' dir='ltr'><strong>Soza-</strong></span> 
     </span>
    </p>
   </div>
   <div class='ocr_carea' id='block_1_97' title="bbox 2329 4057 3807 4132">
    <p class='ocr_par' dir='ltr' id='par_1_97' title="bbox 2329 4057 3807 4132">
     <span class='ocr_line' id='line_1_97' title="bbox 2329 4057 3807 4132; baseline -0.006 -23"><span class='ocrx_word' id='word_1_658' title='bbox 2329 4071 2572 4132; x_wconf 76' lang='lat' dir='ltr'><strong>niennni,</strong></span> <span class='ocrx_word' id='word_1_659' title='bbox 2625 4058 2730 4112; x_wconf 90' lang='lat' dir='ltr'><strong>nisi</strong></span> <span class='ocrx_word' id='word_1_660' title='bbox 2780 4058 3026 4132; x_wconf 77' lang='lat' dir='ltr'><strong>dicamus</strong></span> <span class='ocrx_word' id='word_1_661' title='bbox 3074 4075 3179 4132; x_wconf 89' lang='lat' dir='ltr'><strong>pro_</strong></span> <span class='ocrx_word' id='word_1_662' title='bbox 3239 4057 3675 4132; x_wconf 15' lang='grc' dir='ltr'>νοεθνρμοούσιον</span> <span class='ocrx_word' id='word_1_663' title='bbox 3715 4063 3807 4132; x_wconf 82' lang='lat' dir='ltr'><strong>scn-</strong></span> 
     </span>
    </p>
   </div>
   <div class='ocr_carea' id='block_1_98' title="bbox 2327 4126 3805 4203">
    <p class='ocr_par' dir='ltr' id='par_1_98' title="bbox 2327 4126 3805 4203">
     <span class='ocr_line' id='line_1_98' title="bbox 2327 4126 3805 4203; baseline -0.009 -22"><span class='ocrx_word' id='word_1_664' title='bbox 2327 4126 2574 4203; x_wconf 61' lang='lat' dir='ltr'><strong>benduni</strong></span> <span class='ocrx_word' id='word_1_665' title='bbox 2600 4143 2740 4203; x_wconf 84' lang='lat' dir='ltr'><strong>_esse_</strong></span> <span class='ocrx_word' id='word_1_666' title='bbox 2788 4126 3292 4203; x_wconf 26' lang='grc' dir='ltr'>ὀμοιούσιονᾏρυαξ</span> <span class='ocrx_word' id='word_1_667' title='bbox 3316 4126 3528 4203; x_wconf 80' lang='lat' dir='ltr'><strong>quidem</strong></span> <span class='ocrx_word' id='word_1_668' title='bbox 3571 4126 3805 4203; x_wconf 69' lang='lat' dir='ltr'><strong>conjectura</strong></span> 
     </span>
    </p>
   </div>
   <div class='ocr_carea' id='block_1_99' title="bbox 2326 4191 3803 4270">
    <p class='ocr_par' dir='ltr' id='par_1_99' title="bbox 2326 4191 3803 4270">
     <span class='ocr_line' id='line_1_99' title="bbox 2326 4191 3803 4270; baseline -0.003 -19"><span class='ocrx_word' id='word_1_669' title='bbox 2326 4197 2460 4270; x_wconf 82' lang='lat' dir='ltr'><strong>mihi</strong></span> <span class='ocrx_word' id='word_1_670' title='bbox 2492 4191 2889 4270; x_wconf 68' lang='lat' dir='ltr'><strong>valdeplacet.</strong></span> <span class='ocrx_word' id='word_1_671' title='bbox 2923 4198 3086 4256; x_wconf 82' lang='lat' dir='ltr'><strong>Certe&#39;</strong></span> <span class='ocrx_word' id='word_1_672' title='bbox 3107 4191 3476 4270; x_wconf 66' lang='lat' dir='ltr'><strong>’l‘lieodo&#39;ritus</strong></span> <span class='ocrx_word' id='word_1_673' title='bbox 3501 4200 3550 4251; x_wconf 89' lang='lat' dir='ltr'><strong>in</strong></span> <span class='ocrx_word' id='word_1_674' title='bbox 3578 4194 3704 4249; x_wconf 88' lang='lat' dir='ltr'><strong>libris</strong></span> <span class='ocrx_word' id='word_1_675' title='bbox 3723 4191 3803 4270; x_wconf 60' lang='lat' dir='ltr'><strong>lia!-</strong></span> 
     </span>
    </p>
   </div>
   <div class='ocr_carea' id='block_1_100' title="bbox 2325 4261 3806 4332">
    <p class='ocr_par' dir='ltr' id='par_1_100' title="bbox 2325 4261 3806 4332">
     <span class='ocr_line' id='line_1_100' title="bbox 2325 4261 3806 4332; baseline 0.001 -14"><span class='ocrx_word' id='word_1_676' title='bbox 2325 4267 2622 4320; x_wconf 89' lang='lat' dir='ltr'><strong>reticarum</strong></span> <span class='ocrx_word' id='word_1_677' title='bbox 2658 4261 2965 4322; x_wconf 78' lang='lat' dir='ltr'><strong>fabularum</strong></span> <span class='ocrx_word' id='word_1_678' title='bbox 2987 4309 3002 4332; x_wconf 97' lang='lat'><strong>,</strong></span> <span class='ocrx_word' id='word_1_679' title='bbox 3034 4271 3110 4324; x_wconf 89' lang='lat' dir='ltr'><strong>ait</strong></span> <span class='ocrx_word' id='word_1_680' title='bbox 3153 4269 3587 4331; x_wconf 81' lang='lat' dir='ltr'><strong>Maeedonianos,</strong></span> <span class='ocrx_word' id='word_1_681' title='bbox 3621 4261 3806 4331; x_wconf 68' lang='lat' dir='ltr'><strong>aquibus</strong></span> 
     </span>
    </p>
   </div>
   <div class='ocr_carea' id='block_1_101' title="bbox 2324 4334 3813 4410">
    <p class='ocr_par' dir='ltr' id='par_1_101' title="bbox 2324 4334 3813 4410">
     <span class='ocr_line' id='line_1_101' title="bbox 2324 4334 3813 4410; baseline -0.003 -21"><span class='ocrx_word' id='word_1_682' title='bbox 2324 4335 2468 4410; x_wconf 75' lang='lat' dir='ltr'><strong>hanc</strong></span> <span class='ocrx_word' id='word_1_683' title='bbox 2497 4337 2789 4410; x_wconf 80' lang='lat' dir='ltr'><strong>synodum</strong></span> <span class='ocrx_word' id='word_1_684' title='bbox 2851 4339 3135 4410; x_wconf 87' lang='lat' dir='ltr'><strong>collectam</strong></span> <span class='ocrx_word' id='word_1_685' title='bbox 3198 4358 3324 4397; x_wconf 91' lang='lat' dir='ltr'><strong>esse</strong></span> <span class='ocrx_word' id='word_1_686' title='bbox 3358 4345 3594 4399; x_wconf 90' lang='lat' dir='ltr'><strong>constat,</strong></span> <span class='ocrx_word' id='word_1_687' title='bbox 3640 4334 3813 4410; x_wconf 54' lang='lat' dir='ltr'><strong>primunt</strong></span> 
     </span>
    </p>
   </div>
   <div class='ocr_carea' id='block_1_102' title="bbox 2322 4405 3806 4483">
    <p class='ocr_par' dir='ltr' id='par_1_102' title="bbox 2322 4405 3806 4483">
     <span class='ocr_line' id='line_1_102' title="bbox 2322 4405 3806 4483; baseline -0.001 -24"><span class='ocrx_word' id='word_1_688' title='bbox 2322 4405 2602 4483; x_wconf 75' lang='lat' dir='ltr'><strong>invexisse</strong></span> <span class='ocrx_word' id='word_1_689' title='bbox 2653 4407 2714 4483; x_wconf 70' lang='grc' dir='ltr'><strong>τδ</strong></span> <span class='ocrx_word' id='word_1_690' title='bbox 2767 4409 3093 4483; x_wconf 72' lang='grc' dir='ltr'>ρμοιούσιον.</span> <span class='ocrx_word' id='word_1_691' title='bbox 3135 4410 3255 4483; x_wconf 66' lang='grc' dir='ltr'><strong>δρᾶ</strong></span> <span class='ocrx_word' id='word_1_692' title='bbox 3296 4419 3351 4466; x_wconf 92' lang='lat' dir='ltr'><strong>et</strong></span> <span class='ocrx_word' id='word_1_693' title='bbox 3390 4411 3688 4483; x_wconf 76' lang='lat' dir='ltr'><strong>szomenus</strong></span> <span class='ocrx_word' id='word_1_694' title='bbox 3729 4405 3806 4483; x_wconf 41' lang='lat' dir='ltr'><strong>ips?</strong></span> 
     </span>
    </p>
   </div>
   <div class='ocr_carea' id='block_1_103' title="bbox 2326 4469 3807 4547">
    <p class='ocr_par' dir='ltr' id='par_1_103' title="bbox 2326 4469 3807 4547">
     <span class='ocr_line' id='line_1_103' title="bbox 2326 4469 3807 4547; baseline -0.004 -18"><span class='ocrx_word' id='word_1_695' title='bbox 2326 4475 2492 4547; x_wconf 7' lang='lat' dir='ltr'><strong>hanc,</strong></span> <span class='ocrx_word' id='word_1_696' title='bbox 2519 4469 2961 4534; x_wconf 78' lang='lat' dir='ltr'><strong>emendationem</strong></span> <span class='ocrx_word' id='word_1_697' title='bbox 3010 4481 3340 4547; x_wconf 89' lang='lat' dir='ltr'><strong>conﬁrmat;</strong></span> <span class='ocrx_word' id='word_1_698' title='bbox 3389 4480 3463 4533; x_wconf 90' lang='lat' dir='ltr'><strong>ait</strong></span> <span class='ocrx_word' id='word_1_699' title='bbox 3502 4477 3628 4547; x_wconf 82' lang='lat' dir='ltr'><strong>enim</strong></span> <span class='ocrx_word' id='word_1_700' title='bbox 3667 4474 3707 4526; x_wconf 90' lang='lat' dir='ltr'><strong>in</strong></span> <span class='ocrx_word' id='word_1_701' title='bbox 3739 4469 3807 4522; x_wconf 77' lang='lat' dir='ltr'><strong>hac</strong></span> 
     </span>
    </p>
   </div>
   <div class='ocr_carea' id='block_1_104' title="bbox 2325 4545 3695 4622">
    <p class='ocr_par' dir='ltr' id='par_1_104' title="bbox 2325 4545 3695 4622">
     <span class='ocr_line' id='line_1_104' title="bbox 2325 4545 3695 4622; baseline -0.018 -4"><span class='ocrx_word' id='word_1_702' title='bbox 2325 4545 2537 4622; x_wconf 54' lang='lat'><strong>53&quot;?990</strong></span> <span class='ocrx_word' id='word_1_703' title='bbox 2558 4547 2865 4622; x_wconf 58' lang='lat' dir='ltr'><strong>Eia_bilitum</strong></span> <span class='ocrx_word' id='word_1_704' title='bbox 2903 4564 3028 4622; x_wconf 80' lang='lat' dir='ltr'><strong>esse</strong></span> <span class='ocrx_word' id='word_1_705' title='bbox 3059 4551 3119 4604; x_wconf 79' lang='grc' dir='ltr'>τὸ</span> <span class='ocrx_word' id='word_1_706' title='bbox 3157 4545 3346 4622; x_wconf 78' lang='grc' dir='ltr'>ὅμοιον</span> <span class='ocrx_word' id='word_1_707' title='bbox 3371 4549 3487 4603; x_wconf 84' lang='grc' dir='ltr'>κατ’</span> <span class='ocrx_word' id='word_1_708' title='bbox 3516 4545 3695 4622; x_wconf 67' lang='grc' dir='ltr'>ούσίαν.</span> 
     </span>
    </p>
   </div>
   <div class='ocr_carea' id='block_1_105' title="bbox 2397 4607 3805 4692">
    <p class='ocr_par' dir='ltr' id='par_1_105' title="bbox 2397 4607 3805 4692">
     <span class='ocr_line' id='line_1_105' title="bbox 2397 4607 3805 4692; baseline -0.004 -21"><span class='ocrx_word' id='word_1_709' title='bbox 2397 4617 2507 4687; x_wconf 83' lang='grc'><strong>(65)</strong></span> <span class='ocrx_word' id='word_1_710' title='bbox 2552 4617 2664 4671; x_wconf 85' lang='grc' dir='ltr'><strong>Τοῦ</strong></span> <span class='ocrx_word' id='word_1_711' title='bbox 2695 4619 2908 4692; x_wconf 55' lang='lat' dir='ltr'><strong>ductae</strong></span> <span class='ocrx_word' id='word_1_712' title='bbox 2936 4619 3061 4692; x_wconf 42' lang='lat' dir='ltr'><strong>the</strong></span> <span class='ocrx_word' id='word_1_713' title='bbox 3093 4607 3470 4690; x_wconf 74' lang='grc' dir='ltr'>πρόσθήκην.</span> <span class='ocrx_word' id='word_1_714' title='bbox 3500 4607 3805 4692; x_wconf 59' lang='lat' dir='ltr'><strong>Christophotj</strong></span> 
     </span>
    </p>
   </div>
   <div class='ocr_carea' id='block_1_106' title="bbox 2327 4685 3805 4764">
    <p class='ocr_par' dir='ltr' id='par_1_106' title="bbox 2327 4685 3805 4764">
     <span class='ocr_line' id='line_1_106' title="bbox 2327 4685 3805 4764; baseline -0.005 -25"><span class='ocrx_word' id='word_1_715' title='bbox 2327 4685 2499 4764; x_wconf 75' lang='lat' dir='ltr'><strong>sonus</strong></span> <span class='ocrx_word' id='word_1_716' title='bbox 2571 4694 2639 4764; x_wconf 84' lang='lat' dir='ltr'><strong>et_</strong></span> <span class='ocrx_word' id='word_1_717' title='bbox 2695 4685 3482 4764; x_wconf 49' lang='lat' dir='ltr'><strong>Musculusjnterpretantur</strong></span> <span class='ocrx_word' id='word_1_718' title='bbox 3527 4685 3805 4764; x_wconf 55' lang='lat' dir='ltr'><strong>adjectionctn</strong></span> 
     </span>
    </p>
   </div>
   <div class='ocr_carea' id='block_1_107' title="bbox 2329 4757 3804 4830">
    <p class='ocr_par' dir='ltr' id='par_1_107' title="bbox 2329 4757 3804 4830">
     <span class='ocr_line' id='line_1_107' title="bbox 2329 4757 3804 4830; baseline -0.007 -20"><span class='ocrx_word' id='word_1_719' title='bbox 2329 4757 2492 4830; x_wconf 78' lang='lat' dir='ltr'><strong>hujus</strong></span> <span class='ocrx_word' id='word_1_720' title='bbox 2522 4757 2696 4830; x_wconf 66' lang='lat' dir='ltr'><strong>vocis,</strong></span> <span class='ocrx_word' id='word_1_721' title='bbox 2739 4759 2952 4814; x_wconf 83' lang='lat' dir='ltr'><strong>similis.</strong></span> <span class='ocrx_word' id='word_1_722' title='bbox 2997 4758 3109 4830; x_wconf 82' lang='lat' dir='ltr'><strong>Ego</strong></span> <span class='ocrx_word' id='word_1_723' title='bbox 3138 4757 3324 4816; x_wconf 75' lang='lat' dir='ltr'><strong>tainen</strong></span> <span class='ocrx_word' id='word_1_724' title='bbox 3373 4757 3686 4830; x_wconf 78' lang='lat' dir='ltr'><strong>interpretari</strong></span> <span class='ocrx_word' id='word_1_725' title='bbox 3710 4757 3804 4830; x_wconf 57' lang='lat' dir='ltr'><strong>mai:</strong></span> 
     </span>
    </p>
   </div>
   <div class='ocr_carea' id='block_1_108' title="bbox 2326 4824 3806 4899">
    <p class='ocr_par' dir='ltr' id='par_1_108' title="bbox 2326 4824 3806 4899">
     <span class='ocr_line' id='line_1_108' title="bbox 2326 4824 3806 4899; baseline 0.004 -20"><span class='ocrx_word' id='word_1_726' title='bbox 2326 4826 2450 4899; x_wconf 76' lang='lat' dir='ltr'><strong>lem,</strong></span> <span class='ocrx_word' id='word_1_727' title='bbox 2485 4826 2849 4896; x_wconf 89' lang='lat' dir='ltr'><strong>adjectionem</strong></span> <span class='ocrx_word' id='word_1_728' title='bbox 2893 4824 3086 4883; x_wconf 75' lang='lat' dir='ltr'><strong>harum</strong></span> <span class='ocrx_word' id='word_1_729' title='bbox 3116 4846 3315 4884; x_wconf 88' lang='lat' dir='ltr'><strong>vocum</strong></span> <span class='ocrx_word' id='word_1_730' title='bbox 3354 4828 3472 4883; x_wconf 80' lang='grc' dir='ltr'>κατ’</span> <span class='ocrx_word' id='word_1_731' title='bbox 3508 4824 3691 4899; x_wconf 70' lang='grc' dir='ltr'>οὐσίαν,</span> <span class='ocrx_word' id='word_1_732' title='bbox 3721 4827 3806 4899; x_wconf 60' lang='grc' dir='ltr'><strong>,⁸1υέ</strong></span> 
     </span>
    </p>
   </div>
   <div class='ocr_carea' id='block_1_109' title="bbox 2324 4891 3802 4971">
    <p class='ocr_par' dir='ltr' id='par_1_109' title="bbox 2324 4891 3802 4971">
     <span class='ocr_line' id='line_1_109' title="bbox 2324 4891 3802 4971; baseline -0.008 -19"><span class='ocrx_word' id='word_1_733' title='bbox 2324 4891 2732 4971; x_wconf 49' lang='lat' dir='ltr'><strong>gdjeclm&#39;sunt</strong></span> <span class='ocrx_word' id='word_1_734' title='bbox 2764 4900 3034 4971; x_wconf 77' lang='lat' dir='ltr'><strong>vocabulo</strong></span> <span class='ocrx_word' id='word_1_735' title='bbox 3083 4901 3300 4955; x_wconf 82' lang='lat' dir='ltr'><strong>similis.</strong></span> <span class='ocrx_word' id='word_1_736' title='bbox 3353 4899 3448 4953; x_wconf 85' lang='lat' dir='ltr'><strong>llis</strong></span> <span class='ocrx_word' id='word_1_737' title='bbox 3488 4891 3802 4971; x_wconf 53' lang='lat' dir='ltr'><strong>enimvocibtlf</strong></span> 
     </span>
    </p>
   </div>
   <div class='ocr_carea' id='block_1_110' title="bbox 2323 4963 3805 5026">
    <p class='ocr_par' dir='ltr' id='par_1_110' title="bbox 2323 4963 3805 5026">
     <span class='ocr_line' id='line_1_110' title="bbox 2323 4963 3805 5026; baseline -0.003 -9"><span class='ocrx_word' id='word_1_738' title='bbox 2323 4964 2699 5022; x_wconf 86' lang='lat' dir='ltr'><strong>Macedoniani</strong></span> <span class='ocrx_word' id='word_1_739' title='bbox 2751 4967 2973 5023; x_wconf 90' lang='lat' dir='ltr'><strong>aiebant</strong></span> <span class='ocrx_word' id='word_1_740' title='bbox 3003 4972 3174 5026; x_wconf 88' lang='lat' dir='ltr'><strong>everti</strong></span> <span class='ocrx_word' id='word_1_741' title='bbox 3224 4985 3464 5026; x_wconf 90' lang='lat' dir='ltr'><strong>errorem</strong></span> <span class='ocrx_word' id='word_1_742' title='bbox 3503 4963 3805 5026; x_wconf 80' lang='lat' dir='ltr'><strong>Sabellii,ql|l</strong></span> 
     </span>
    </p>
   </div>
   <div class='ocr_carea' id='block_1_111' title="bbox 2320 5035 3763 5106">
    <p class='ocr_par' dir='ltr' id='par_1_111' title="bbox 2320 5035 3763 5106">
     <span class='ocr_line' id='line_1_111' title="bbox 2320 5035 3763 5106; baseline 0.008 -18"><span class='ocrx_word' id='word_1_743' title='bbox 2320 5035 2648 5106; x_wconf 85' lang='lat' dir='ltr'><strong>hypostases</strong></span> <span class='ocrx_word' id='word_1_744' title='bbox 2675 5039 3069 5094; x_wconf 85' lang='lat' dir='ltr'><strong>eonfundebat.</strong></span> <span class='ocrx_word' id='word_1_745' title='bbox 3738 5095 3763 5106; x_wconf 82' lang='grc'>,,</span> 
     </span>
    </p>
   </div>
   <div class='ocr_carea' id='block_1_112' title="bbox 2394 5095 3807 5180">
    <p class='ocr_par' dir='ltr' id='par_1_112' title="bbox 2394 5095 3807 5180">
     <span class='ocr_line' id='line_1_112' title="bbox 2394 5095 3807 5180; baseline 0 -21"><span class='ocrx_word' id='word_1_746' title='bbox 2394 5095 2512 5180; x_wconf 40' lang='grc'><strong>(64)-</strong></span> <span class='ocrx_word' id='word_1_747' title='bbox 2550 5107 2666 5176; x_wconf 84' lang='grc' dir='ltr'><strong>Τῆς</strong></span> <span class='ocrx_word' id='word_1_748' title='bbox 2709 5111 2933 5176; x_wconf 71' lang='grc' dir='ltr'>οἰκείας</span> <span class='ocrx_word' id='word_1_749' title='bbox 2968 5111 3210 5180; x_wconf 83' lang='grc' dir='ltr'>μερίδος</span> <span class='ocrx_word' id='word_1_750' title='bbox 3268 5109 3532 5177; x_wconf 79' lang='grc' dir='ltr'>ποιῆσαι.</span> <span class='ocrx_word' id='word_1_751' title='bbox 3584 5108 3638 5180; x_wconf 89' lang='lat' dir='ltr'><strong>ln_</strong></span> <span class='ocrx_word' id='word_1_752' title='bbox 3675 5095 3807 5180; x_wconf 63' lang='grc' dir='ltr'><strong>θοάίῇ</strong></span> 
     </span>
    </p>
   </div>
   <div class='ocr_carea' id='block_1_113' title="bbox 2322 5171 3806 5300">
    <p class='ocr_par' dir='ltr' id='par_1_113' title="bbox 2322 5171 3806 5300">
     <span class='ocr_line' id='line_1_113' title="bbox 2322 5171 3806 5300; baseline -0.01 -66"><span class='ocrx_word' id='word_1_753' title='bbox 2322 5171 2943 5300; x_wconf 52' lang='grc' dir='ltr'><strong>Ὲιυιίεὶἱαηόἐοτὶριυώ</strong></span> <span class='ocrx_word' id='word_1_754' title='bbox 2968 5171 3086 5238; x_wconf 76' lang='grc' dir='ltr'><strong>ἐἐι</strong></span> <span class='ocrx_word' id='word_1_755' title='bbox 3141 5171 3455 5243; x_wconf 76' lang='grc' dir='ltr'>ποιεῖσθαι,</span> <span class='ocrx_word' id='word_1_756' title='bbox 3512 5171 3643 5247; x_wconf 89' lang='lat' dir='ltr'><strong>quod</strong></span> <span class='ocrx_word' id='word_1_757' title='bbox 3684 5175 3806 5234; x_wconf 70' lang='lat' dir='ltr'><strong>magis</strong></span> 
     </span>
     <span class='ocr_line' id='line_1_114' title="bbox 2322 5261 2476 5300; baseline 0 0"><span class='ocrx_word' id='word_1_758' title='bbox 2322 5261 2356 5300; x_wconf 82' lang='grc' dir='ltr'>ι)</span> <span class='ocrx_word' id='word_1_759' title='bbox 2380 5262 2476 5300; x_wconf 88' lang='lat' dir='ltr'><strong>ace</strong></span> 
     </span>
    </p>
   </div>
   <div class='ocr_carea' id='block_1_114' title="bbox 2321 5255 2501 5316">
    <p class='ocr_par' dir='ltr' id='par_1_114' title="bbox 2321 5255 2501 5316">
     <span class='ocr_line' id='line_1_115' title="bbox 2321 5255 2501 5316; baseline 0.022 -17"><span class='ocrx_word' id='word_1_760' title='bbox 2321 5255 2501 5316; x_wconf 87' lang='lat' dir='ltr'><strong>placet</strong></span> 
     </span>
    </p>
   </div>
   <div class='ocr_carea' id='block_1_115' title="bbox 2253 4658 2298 4716">
    <p class='ocr_par' dir='ltr' id='par_1_115' title="bbox 2253 4658 2298 4716">
     <span class='ocr_line' id='line_1_116' title="bbox 2253 4658 2298 4716; baseline 0 -2"><span class='ocrx_word' id='word_1_761' title='bbox 2253 4658 2298 4716; x_wconf 88' lang='lat' dir='ltr'><strong>D</strong></span> 
     </span>
    </p>
   </div>
   <div class='ocr_carea' id='block_1_116' title="bbox 2083 5419 2470 5479">
    <p class='ocr_par' dir='ltr' id='par_1_116' title="bbox 2083 5419 2470 5479">
     <span class='ocr_line' id='line_1_117' title="bbox 2083 5419 2470 5479; baseline 0.008 -4"><span class='ocrx_word' id='word_1_762' title='bbox 2083 5419 2470 5479; x_wconf 76' lang='lat' dir='ltr'><strong>VARIORUM.</strong></span> 
     </span>
    </p>
   </div>
   <div class='ocr_carea' id='block_1_117' title="bbox 712 5501 2214 5579">
    <p class='ocr_par' dir='ltr' id='par_1_117' title="bbox 712 5501 2214 5579">
     <span class='ocr_line' id='line_1_118' title="bbox 712 5501 2214 5579; baseline 0.004 -20"><span class='ocrx_word' id='word_1_763' title='bbox 712 5503 757 5579; x_wconf 61' lang='grc' dir='ltr'><strong>ἰή</strong></span> <span class='ocrx_word' id='word_1_764' title='bbox 793 5503 853 5579; x_wconf 79' lang='lat' dir='ltr'><strong>Si</strong></span> <span class='ocrx_word' id='word_1_765' title='bbox 881 5501 1135 5579; x_wconf 85' lang='lat' dir='ltr'><strong>Valesius</strong></span> <span class='ocrx_word' id='word_1_766' title='bbox 1168 5507 1600 5579; x_wconf 83' lang='lat' dir='ltr'><strong>subscriptiones</strong></span> <span class='ocrx_word' id='word_1_767' title='bbox 1651 5509 1832 5579; x_wconf 88' lang='lat' dir='ltr'><strong>legum</strong></span> <span class='ocrx_word' id='word_1_768' title='bbox 1864 5508 1999 5564; x_wconf 91' lang='lat' dir='ltr'><strong>Cod.</strong></span> <span class='ocrx_word' id='word_1_769' title='bbox 2033 5508 2214 5565; x_wconf 82' lang='lat' dir='ltr'><strong>Theo-</strong></span> 
     </span>
    </p>
   </div>
   <div class='ocr_carea' id='block_1_118' title="bbox 643 5576 2212 5642">
    <p class='ocr_par' dir='ltr' id='par_1_118' title="bbox 643 5576 2212 5642">
     <span class='ocr_line' id='line_1_119' title="bbox 643 5576 2212 5642; baseline 0.002 -11"><span class='ocrx_word' id='word_1_770' title='bbox 643 5576 858 5631; x_wconf 89' lang='lat' dir='ltr'><strong>dosiani</strong></span> <span class='ocrx_word' id='word_1_771' title='bbox 903 5590 1026 5628; x_wconf 89' lang='lat' dir='ltr'><strong>cum</strong></span> <span class='ocrx_word' id='word_1_772' title='bbox 1066 5577 1350 5632; x_wconf 71' lang='lat' dir='ltr'><strong>Ammiano</strong></span> <span class='ocrx_word' id='word_1_773' title='bbox 1386 5576 1758 5642; x_wconf 70' lang='lat' dir='ltr'><strong>contulisset,</strong></span> <span class='ocrx_word' id='word_1_774' title='bbox 1793 5590 1945 5633; x_wconf 85' lang='lat' dir='ltr'><strong>certo</strong></span> <span class='ocrx_word' id='word_1_775' title='bbox 1979 5580 2026 5634; x_wconf 90' lang='lat' dir='ltr'><strong>ei</strong></span> <span class='ocrx_word' id='word_1_776' title='bbox 2077 5596 2212 5634; x_wconf 91' lang='lat' dir='ltr'><strong>con-</strong></span> 
     </span>
    </p>
   </div>
   <div class='ocr_carea' id='block_1_119' title="bbox 644 5645 2207 5717">
    <p class='ocr_par' dir='ltr' id='par_1_119' title="bbox 644 5645 2207 5717">
     <span class='ocr_line' id='line_1_120' title="bbox 644 5645 2207 5717; baseline 0.002 -17"><span class='ocrx_word' id='word_1_777' title='bbox 644 5648 877 5701; x_wconf 75' lang='lat' dir='ltr'><strong>SIitissct</strong></span> <span class='ocrx_word' id='word_1_778' title='bbox 916 5645 1139 5717; x_wconf 62' lang='lat' dir='ltr'><strong>praefata</strong></span> <span class='ocrx_word' id='word_1_779' title='bbox 1165 5649 1346 5701; x_wconf 88' lang='lat' dir='ltr'><strong>omnia</strong></span> <span class='ocrx_word' id='word_1_780' title='bbox 1374 5665 1496 5717; x_wconf 55' lang='grc' dir='ltr'>(μιαί</span> <span class='ocrx_word' id='word_1_781' title='bbox 1528 5665 1595 5702; x_wconf 85' lang='lat' dir='ltr'><strong>ex</strong></span> <span class='ocrx_word' id='word_1_782' title='bbox 1626 5664 1691 5702; x_wconf 91' lang='lat' dir='ltr'><strong>co</strong></span> <span class='ocrx_word' id='word_1_783' title='bbox 1720 5649 1983 5703; x_wconf 85' lang='lat' dir='ltr'><strong>historico</strong></span> <span class='ocrx_word' id='word_1_784' title='bbox 2017 5650 2207 5716; x_wconf 87' lang='lat' dir='ltr'><strong>refert,</strong></span> 
     </span>
    </p>
   </div>
   <div class='ocr_carea' id='block_1_120' title="bbox 645 5716 2206 5794">
    <p class='ocr_par' dir='ltr' id='par_1_120' title="bbox 645 5716 2206 5794">
     <span class='ocr_line' id='line_1_121' title="bbox 645 5716 2206 5794; baseline 0.004 -27"><span class='ocrx_word' id='word_1_785' title='bbox 645 5731 788 5794; x_wconf 75' lang='lat' dir='ltr'><strong>anno</strong></span> <span class='ocrx_word' id='word_1_786' title='bbox 840 5716 1113 5794; x_wconf 55' lang='lat' dir='ltr'><strong>praeterito</strong></span> <span class='ocrx_word' id='word_1_787' title='bbox 1167 5717 1323 5794; x_wconf 87' lang='lat' dir='ltr'><strong>(_scil._</strong></span> <span class='ocrx_word' id='word_1_788' title='bbox 1366 5716 1511 5794; x_wconf 74' lang='lat' dir='ltr'><strong>anno</strong></span> <span class='ocrx_word' id='word_1_789' title='bbox 1552 5718 1697 5794; x_wconf 40' lang='grc' dir='ltr'>ξω)-</span> <span class='ocrx_word' id='word_1_790' title='bbox 1711 5720 2006 5794; x_wconf 73' lang='lat' dir='ltr'><strong>contigisse</strong></span> <span class='ocrx_word' id='word_1_791' title='bbox 2032 5762 2057 5794; x_wconf 14' lang='grc' dir='ltr'>,ν</span> <span class='ocrx_word' id='word_1_792' title='bbox 2097 5736 2206 5789; x_wconf 85' lang='lat' dir='ltr'><strong>quo</strong></span> 
     </span>
    </p>
   </div>
   <div class='ocr_carea' id='block_1_121' title="bbox 651 5785 2202 5860">
    <p class='ocr_par' dir='ltr' id='par_1_121' title="bbox 651 5785 2202 5860">
     <span class='ocr_line' id='line_1_122' title="bbox 651 5785 2202 5860; baseline 0.008 -27"><span class='ocrx_word' id='word_1_793' title='bbox 651 5785 1058 5843; x_wconf 65' lang='lat' dir='ltr'><strong>Valentinianus</strong></span> <span class='ocrx_word' id='word_1_794' title='bbox 1089 5785 1268 5843; x_wconf 85' lang='lat' dir='ltr'><strong>varias</strong></span> <span class='ocrx_word' id='word_1_795' title='bbox 1311 5789 1456 5858; x_wconf 74' lang='lat' dir='ltr'><strong>leges</strong></span> <span class='ocrx_word' id='word_1_796' title='bbox 1483 5787 1631 5843; x_wconf 88' lang='lat' dir='ltr'><strong>dedit</strong></span> <span class='ocrx_word' id='word_1_797' title='bbox 1681 5785 1992 5856; x_wconf 83' lang='lat' dir='ltr'><strong>Mediolani,</strong></span> <span class='ocrx_word' id='word_1_798' title='bbox 2036 5785 2202 5860; x_wconf 74' lang='lat' dir='ltr'><strong>Aqui-</strong></span> 
     </span>
    </p>
   </div>
   <div class='ocr_carea' id='block_1_122' title="bbox 2317 5501 3803 5592">
    <p class='ocr_par' dir='ltr' id='par_1_122' title="bbox 2317 5501 3803 5592">
     <span class='ocr_line' id='line_1_123' title="bbox 2317 5501 3803 5592; baseline 0.007 -24"><span class='ocrx_word' id='word_1_799' title='bbox 2317 5515 2703 5592; x_wconf 12' lang='lat' dir='ltr'><strong>leia:,__Alti_ni,r</strong></span> <span class='ocrx_word' id='word_1_800' title='bbox 2726 5526 2798 5592; x_wconf 87' lang='lat' dir='ltr'><strong>et_</strong></span> <span class='ocrx_word' id='word_1_801' title='bbox 2815 5515 3068 5592; x_wconf 62' lang='lat' dir='ltr'><strong>Veronae,</strong></span> <span class='ocrx_word' id='word_1_802' title='bbox 3095 5531 3385 5592; x_wconf 86' lang='lat' dir='ltr'><strong>postquam</strong></span> <span class='ocrx_word' id='word_1_803' title='bbox 3418 5501 3803 5592; x_wconf 48' lang='lat' dir='ltr'><strong>Conslaﬂ‘ijlol’ﬂ“</strong></span> 
     </span>
    </p>
   </div>
   <div class='ocr_carea' id='block_1_123' title="bbox 2320 5580 3803 5655">
    <p class='ocr_par' dir='ltr' id='par_1_123' title="bbox 2320 5580 3803 5655">
     <span class='ocr_line' id='line_1_124' title="bbox 2320 5580 3803 5655; baseline -0.005 -15"><span class='ocrx_word' id='word_1_804' title='bbox 2320 5601 2415 5640; x_wconf 91' lang='lat' dir='ltr'><strong>seu</strong></span> <span class='ocrx_word' id='word_1_805' title='bbox 2456 5580 2748 5643; x_wconf 6' lang='lat' dir='ltr'><strong>Sirmiojin</strong></span> <span class='ocrx_word' id='word_1_806' title='bbox 2778 5588 2989 5642; x_wconf 83' lang='lat' dir='ltr'><strong>Italiam</strong></span> <span class='ocrx_word' id='word_1_807' title='bbox 3036 5580 3396 5647; x_wconf 56' lang='lat' dir='ltr'><strong>rediit.&#39;Ant.</strong></span> <span class='ocrx_word' id='word_1_808' title='bbox 3441 5587 3589 5655; x_wconf 82' lang='lat' dir='ltr'><strong>Pagi,</strong></span> <span class='ocrx_word' id='word_1_809' title='bbox 3630 5580 3803 5655; x_wconf 66' lang='lat' dir='ltr'><strong>ad_anno</strong></span> 
     </span>
    </p>
   </div>
   <div class='ocr_carea' id='block_1_124' title="bbox 2315 5650 3807 5728">
    <p class='ocr_par' dir='ltr' id='par_1_124' title="bbox 2315 5650 3807 5728">
     <span class='ocr_line' id='line_1_125' title="bbox 2315 5650 3807 5728; baseline -0.006 -17"><span class='ocrx_word' id='word_1_810' title='bbox 2315 5657 2441 5723; x_wconf 75' lang='lat'><strong>563,</strong></span> <span class='ocrx_word' id='word_1_811' title='bbox 2473 5674 2526 5710; x_wconf 85' lang='grc' dir='ltr'><strong>η.</strong></span> <span class='ocrx_word' id='word_1_812' title='bbox 2555 5659 2611 5721; x_wconf 71' lang='grc'>4,</span> <span class='ocrx_word' id='word_1_813' title='bbox 2653 5659 2744 5728; x_wconf 91' lang='lat' dir='ltr'><strong>qui</strong></span> <span class='ocrx_word' id='word_1_814' title='bbox 2788 5659 2987 5713; x_wconf 87' lang='lat' dir='ltr'><strong>ibidem</strong></span> <span class='ocrx_word' id='word_1_815' title='bbox 3031 5663 3350 5728; x_wconf 86' lang='lat' dir='ltr'><strong>contendit,</strong></span> <span class='ocrx_word' id='word_1_816' title='bbox 3386 5650 3652 5715; x_wconf 76' lang='lat' dir='ltr'><strong>concilium</strong></span> <span class='ocrx_word' id='word_1_817' title='bbox 3687 5650 3807 5704; x_wconf 74' lang='lat' dir='ltr'><strong>Lam-</strong></span> 
     </span>
    </p>
   </div>
   <div class='ocr_carea' id='block_1_125' title="bbox 2316 5729 3520 5797">
    <p class='ocr_par' dir='ltr' id='par_1_125' title="bbox 2316 5729 3520 5797">
     <span class='ocr_line' id='line_1_126' title="bbox 2316 5729 3520 5797; baseline -0.002 -13"><span class='ocrx_word' id='word_1_818' title='bbox 2316 5743 2612 5797; x_wconf 80' lang='lat' dir='ltr'><strong>psaccnum</strong></span> <span class='ocrx_word' id='word_1_819' title='bbox 2652 5745 2796 5784; x_wconf 87' lang='lat' dir='ltr'><strong>anno</strong></span> <span class='ocrx_word' id='word_1_820' title='bbox 2832 5729 2936 5785; x_wconf 71' lang='grc'><strong>564</strong></span> <span class='ocrx_word' id='word_1_821' title='bbox 2978 5729 3148 5790; x_wconf 87' lang='lat' dir='ltr'><strong>fuisse</strong></span> <span class='ocrx_word' id='word_1_822' title='bbox 3174 5733 3520 5790; x_wconf 87' lang='lat' dir='ltr'><strong>celebratum.</strong></span> 
     </span>
    </p>
   </div>
  </div>
