4056 6326
349 336 488 393 1313

1221 329 1548 388 HISTORIA
1590 325 2146 389 ECCLESIASTICA.
2183 356 2254 367 —
2301 324 2432 383 LIII.
2473 325 2563 384 VI.

3447 338 3584 392 1514

344 453 563 506 ἐποίουν
583 490 597 515 ,
630 447 902 503 ἐπανιόντι
946 446 1202 503 Οὐάλεντι
1249 450 1326 520 τῷ
1366 451 1576 520 βασιλεῖ
1607 453 1671 504 ἐκ
1701 451 1919 523 Θρᾴκης

2022 446 2102 501 eis
2139 444 2413 502 fecerunt.
2455 445 2562 500 Sed
2617 423 2740 500 cuin
2795 445 2888 503 lsti
2944 448 3165 506 minime
3211 452 3587 524 obtemperas-

344 545 404 596 ἐν
457 539 753 612 Ἡρακλείᾳ
809 540 1210 609 περιτυχόντες.
1253 540 1648 612 Ἀποδημοῦντι
1691 545 1800 613 γάρ
1848 542 1924 614 τῷ

343 629 557 701 ἀδελφῷ
595 631 675 693 είς
721 629 821 697 τὴν
853 628 1226 700 πρεσϐυτέραν
1277 630 1497 702 Ῥώμην
1526 672 1541 696 ,
1571 633 1732 704 μέχρι
1782 632 1924 695 τινὸς

345 724 626 795 συνῆλθεν.
653 721 888 792 Εὑδοξίῳ
913 722 969 776 δὲ
1001 724 1069 777 τὰ
1092 724 1228 794 πρὸς
1264 724 1489 794 βασιλέα
1518 726 1610 779 καὶ
1640 727 1764 788 τοὺς
1787 726 1924 795 ἀμφ’

341 815 505 869 αὐτὸν
537 815 638 886 Ιἤδη
675 813 817 868 κατὰ
863 813 1088 884 γνώμην
1121 815 1384 886 διῳκεῖτο.
1415 816 1810 888 Προσελθοῠσιν
1832 810 1924 870 οὖν

339 908 457 969 τοῖς
497 907 563 959 ἐκ
606 903 911 976 Λαμψάκου
966 905 1324 975 πρεσϐευταῖς
1378 907 1816 978 παρεκελεύσατο
1849 906 1924 978 μὴ

339 996 697 1068 διαφέρεσθαι
744 997 881 1069 πρὸς
919 998 1190 1062 Εὐδόξιον.
1218 999 1371 1052 Ἐπεὶ
1414 999 1470 1051 δέ
1512 1001 1763 1054 ἀντεῖπον
1787 1040 1802 1066 ,
1831 1002 1925 1054 καὶ

339 1090 439 1160 τὴν
472 1091 528 1142 ἐν
554 1089 1121 1142 Κωνσταντινουπόλει
1141 1088 1438 1160 γενομένην
1471 1090 1705 1160 ἀπάτην,
1736 1091 1829 1143 καὶ
1855 1091 1924 1145 τά

343 1179 746 1249 βεϐουλευμένα
778 1179 922 1232 κατὰ
941 1179 1050 1232 τῶν
1073 1182 1129 1233 ἐν
1156 1180 1440 1248 Σελευκείᾳ
1462 1180 1794 1250 δεδογμένων
1822 1182 1924 1234 Εὐ-

338 1269 502 1340 δοξίῳ
549 1268 896 1341 ἐμέμφοντο,
930 1271 1176 1340 κινηθεὶς
1236 1271 1371 1340 πρὸς
1422 1271 1626 1342 ὀργὴν,
1654 1272 1782 1335 τοὺς
1824 1273 1922 1342 μὲν

341 1362 636 1432 ὑπερορίαν
660 1362 826 1414 οἰκεῖν
855 1361 1150 1431 προσέταξε
1174 1401 1189 1427 ,
1218 1360 1315 1424 τὰς
1345 1360 1401 1414 δὲ
1430 1361 1723 1432 ἐκκλησίας
1745 1379 1923 1433 παρα-

339 1451 578 1504 δίδοσθαι
619 1452 731 1514 τοῖς
774 1451 918 1521 ἀμφὶ
965 1451 1057 1505 τὸν
1108 1451 1377 1516 Εὑδόξιον.
1415 1453 1503 1506 Ἑν
1531 1454 1708 1525 τούτῳ
1729 1454 1785 1507 δὲ
1823 1455 1922 1526 τὴν

341 1544 543 1614 Συρίαν
572 1541 888 1598 κατέλαϐεν.
931 1543 1215 1616 ’Υφωρᾶτο
1238 1544 1365 1617 γὰρ,
1396 1546 1470 1616 μή
1500 1564 1615 1609 πως
1644 1549 1690 1599 οἱ
1717 1547 1920 1618 Πέρσαι

339 1632 440 1696 τὰς
472 1634 565 1686 ἐπὶ
599 1634 860 1688 ἰοϐιανοῦ
901 1634 1201 1704 γενομένας
1228 1640 1664 1708 τριακονταετεῖς
1690 1639 1920 1703 σπονδάς

341 1727 566 1783 λύσωσι.
600 1727 720 1782 Τῶν
752 1728 810 1782 δὲ
852 1728 1018 1800 μηδὲν
1051 1730 1500 1801 νεωτεριζόντων,
1533 1733 1589 1784 ἐν
1623 1733 1919 1803 Ἀντιοχείᾳ

339 1818 627 1890 διέτριϐεν.
672 1819 864 1873 Ἤνίκα
905 1820 970 1890 δὴ
1023 1819 1285 1873 Μελετίου
1337 1821 1435 1892 μὲν
1479 1821 1575 1874 τοῦ
1617 1822 1916 1876 ἐπισκόπου

343 1911 641 1982 ὑπερορίαν
672 1909 848 1982 φυγὴν
874 1911 1194 1965 κατεδίκασε
1211 1920 1239 1948 η
1260 1929 1274 1944 ο
1311 1911 1574 1966 Παυλίνου
1601 1912 1658 1965 δὲ
1680 1913 1772 1965 τὸν
1806 1913 1917 1982 βίον

342 2003 630 2067 αἰδεσθεὶς,
666 2003 940 2073 ἐφείσατο.
966 2002 1103 2066 Τοὺς
1135 2003 1191 2056 δὲ
1216 2002 1440 2072 Εὑζωῖῳ
1475 2003 1550 2074 μὴ
1598 2004 1916 2057 κοινωνοῦν-

342 2109 442 2154 τας
471 2131 487 2154 ,
516 2093 626 2146 τῶν
672 2091 978 2162 ἐκκλησιῶν
1030 2091 1337 2162 ἀπήλαυνεν
1365 2130 1381 2156 ,
1427 2093 1507 2160 εἰς
1558 2095 1815 2165 χρήματά
1857 2112 1919 2148 τε

341 2183 592 2256 ἐζημίου,
627 2185 722 2238 καὶ
741 2186 980 2257 ᾐκίζετο,
1009 2185 1103 2238 καὶ
1132 2183 1308 2248 άλλως
1329 2185 1606 2255 ἐπέτριϐε.

2027 547 2170 602 sent,
2199 539 2443 608 episcopi
2479 538 2697 605 decreta
2743 555 2843 594 sua
2891 544 3149 600 omnibus
3181 545 3379 614 ubique
3412 549 3588 603 eccle—

2027 629 2126 685 siis
2157 643 2253 698 per
2287 629 2501 685 litteras
2535 629 2934 700 signiticarunt.
2964 633 3097 688 Cum
3129 645 3308 689 autem
3336 639 3586 708 suSpica-

2024 727 2218 772 rentur
2241 717 2570 784 Eudoxium,
2621 729 2681 774 ut
2713 729 2831 775 erat
2868 724 3186 790 verisimile,
3221 727 3402 781 aulam
3437 713 3588 797 prin-

2024 809 2162 879 cipis
2214 810 2280 863 ad
2335 819 2519 880 partes
2573 825 2706 867 suas
2753 813 3156 881 traducturum,
3210 825 3262 871 et
3310 817 3456 885 ipsos
3497 833 3589 872 ca-

2022 902 2422 958 lumniaturum
2457 919 2612 972 esse;
2650 905 2948 975 praevenire
2983 907 3135 960 illum
3173 915 3500 974 statuerunt,
3533 911 3602 964 et‘

2022 1005 2082 1042 ea
2108 1005 2228 1060 quae
2268 989 2557 1061 Lampsaci
2587 999 2739 1060 gesta
2777 1002 2936 1047 erant
2973 993 3237 1048 indicare.
3265 993 3422 1060 Quod
3462 997 3586 1064 qui-

2022 1081 2144 1134 dem
2202 1083 2367 1136 etiam
2419 1085 2817 1153 praestiterunt,
2864 1084 3146 1138 Valentem
3201 1085 3585 1154 imperatorem

2022 1165 2300 1222 Heracleae
2351 1168 2636 1234 adeuntes,
2688 1183 2720 1222 e
2762 1168 2996 1222 Thracia
3041 1176 3155 1223 tum
3198 1183 3582 1224 revertentem.

2021 1253 2270 1309 Fratrem
2308 1256 2452 1309 enim
2483 1254 2712 1310 Romam
2750 1256 3185 1325 proficiscentem
3243 1259 3586 1326 aliquatenus

2021 1345 2316 1399 comitatus
2355 1344 2555 1399 fuerat.
2592 1343 2790 1399 Verum
2829 1345 3108 1400 Eudoxius
3157 1347 3504 1416 imperatoris
3533 1353 3588 1400 et

2022 1432 2331 1487 aulicorum
2384 1431 2598 1487 animos
2646 1434 2760 1502 jam
2805 1433 2862 1487 in
2913 1434 3234 1488 sententiain
3275 1449 3429 1489 suam
3465 1449 3588 1503 per-

2022 1531 2282 1580 traxerat.
2351 1523 2541 1595 Itaque
2602 1524 2902 1594 imperator
2952 1524 3159 1595 legatos
3221 1523 3582 1594 Lampsaceni

2025 1615 2242 1669 concilii
2294 1615 2472 1686 ipsum
2510 1613 2775 1670 adeuntes
2827 1615 3077 1670 hortatus
3112 1624 3216 1680 est,
3250 1630 3319 1670 ne
3363 1617 3431 1670 ab
3478 1615 3584 1668 Eu-

2021 1707 2184 1761 doxio
2244 1706 2602 1762 dissiderent.
2655 1705 2868 1770 Quibus
2924 1707 3468 1772 contradicentibus,
3530 1715 3587 1762 et

2020 1796 2268 1855 fraudem
2298 1797 2772 1866 Constantinopoli
2810 1796 3035 1858 factam,
3083 1799 3330 1867 initaque
3376 1800 3443 1852 ab
3475 1798 3586 1853 Eu-

2018 1891 2185 1946 doxio
2219 1892 2453 1947 consilia
2490 1893 2755 1946 adversus
2790 1888 3104 1945 Seleucenze
3143 1891 3336 1960 synodi
3364 1889 3586 1944 decreta

2018 2003 2433 2073 objicientibus,
2465 2002 2761 2070 imperator
2803 2000 2885 2053 ira
2913 2015 3240 2068 succensus,
3275 1999 3402 2055 illos
3462 2000 3588 2069 qui-

2017 2093 2139 2148 dem
2175 2094 2326 2147 abire
2371 2093 2426 2146 in
2473 2091 2728 2147 exsilium
2768 2089 2958 2158 jussit,
2993 2092 3259 2145 ecclesias
3311 2106 3442 2145 vero
3477 2090 3587 2145 Eu-

2028 2183 2284 2239 doxianis
2337 2181 2502 2236 tradi.
2546 2179 2680 2236 Post
2731 2181 2847 2235 haec
2901 2180 3201 2250 imperator
3259 2180 3312 2234 in
3369 2179 3586 2251 Syriam

344 2278 606 2346 perrexit.
660 2277 960 2333 Verebatur
992 2278 1137 2332 enim
1203 2293 1272 2333 ne
1315 2276 1500 2333 Persas
1539 2279 1760 2350 triginta
1793 2292 2061 2334 annorum
2115 2275 2384 2339 inducias,
2431 2289 2570 2344 quas
2629 2288 2754 2328 cum
2818 2273 3053 2327 Joviano
3120 2271 3263 2340 pacti
3338 2270 3583 2338 fuerant,

346 2375 681 2437 rumperent.
735 2366 842 2422 Sed
893 2382 1019 2422 cum
1051 2365 1239 2422 Persa:
1279 2366 1416 2421 nihil
1488 2369 1614 2422 novi
1659 2368 1835 2423 moliti
1908 2373 2118 2431 essent,
2202 2363 2516 2417 Antiochia:
2566 2361 2838 2416 consedit.
2891 2361 3013 2426 Quo
3059 2360 3282 2429 quidem
3337 2369 3583 2430 tempore

345 2461 619 2517 Meletium
681 2460 999 2529 episcopum
1059 2457 1264 2514 exsilio
1325 2458 1627 2514 damnavit.
1686 2459 1919 2513 Paulino
1957 2465 2138 2510 autem
2213 2454 2506 2524 pepercit,
2550 2453 2676 2506 vitae
2728 2452 2876 2506 illius
2920 2452 3339 2506 sanctimoniam
3384 2450 3587 2505 reveri-

345 2560 455 2609 tus.
491 2549 598 2606 Eos
622 2558 800 2605 autem
827 2551 922 2618 qui
971 2564 1094 2604 eum
1133 2532 1342 2603 Euzoio
1380 2565 1490 2604 non
1557 2549 2055 2610 communicarent,
2097 2545 2350 2602 ecclesiis
2396 2544 2636 2615 expulit,
2687 2553 2741 2598 et
2800 2543 2999 2612 partim
3074 2543 3323 2612 pecuniis
3389 2545 3586 2597 multa-

346 2647 464 2714 vit,
513 2645 712 2716 partim
775 2643 1060 2699 tormentis
1119 2641 1321 2709 affecit,
1379 2649 1474 2697 aut
1527 2643 1654 2700 aliis
1713 2644 1890 2699 modis
1941 2640 2177 2696 vexavit.

937 2756 1190 2810 ΚΕΦΛΛ.
1223 2758 1307 2810 H'.

344 2845 485 2917 Περὶ
504 2846 614 2915 τῆς
640 2845 1014 2917 ᾀποσταονίας
1046 2847 1378 2917 Προκοπιου
1430 2848 1528 2901 καὶ
1568 2846 1912 2915 παραδόξου

415 2914 729 2984 τελευτῆς·
758 2917 844 2970 ἔτι
873 2915 940 2968 δὲ
970 2914 1071 2968 καὶ
1097 2915 1227 2982 περὶ
1269 2916 1582 2970 Ἐλευσίου
1609 2914 1713 2971 τοῦ
1745 2917 1913 2978 Κυζί-

418 3005 548 3049 κου,
590 2986 686 3038 καὶ
735 2984 1033 3053 Εὐνομίου
1075 2985 1178 3039 τοῦ
1217 2986 1510 3054 αἱρετικοῦ
1535 3002 1549 3015 ·
1598 2988 1696 3040 καὶ
1752 2987 1912 3053 ὅπως

416 3060 524 3112 τὸν
557 3055 872 3109 Ἔλεύσιον
906 3054 1227 3119 διεδέξατο.

416 3147 608 3214 Γέγονε
639 3144 682 3198 δ’
709 3143 774 3198 ἂν
804 3143 944 3208 τότε,
989 3143 1064 3206 ὡς
1095 3143 1387 3212 συμϐαλεῖν
1425 3141 1559 3206 ἔστι,
1589 3143 1683 3197 καὶ
1707 3143 1911 3200 τούτων

343 3209 638 3308 δεινότερα,
665 3237 712 3289 εἰ
741 3237 814 3307 μὴ
843 3238 871 3290 ὁ
898 3235 1038 3288 κατὰ
1070 3209 1370 3306 Προκὸπιον
1398 3235 1628 3288 ἐπέλαϐε
1659 3235 1912 3306 πόλεμος.
1942 3209 1985 3267 c

344 3326 700 3398 Τυραννήσας
734 3325 841 3396 γὰρ
879 3325 937 3377 ἐν
963 3324 1556 3390 Κωνσταντινουπόλει,
1585 3325 1677 3378 καὶ
1716 3325 1912 3394 πολλὴν

346 3421 406 3472 ἐν
440 3416 632 3488 βραχεῖ
658 3416 834 3486 χρόνῳ
875 3414 1130 3486 στρατιάν
1166 3414 1444 3486 ἀθροίσας,
1487 3415 1745 3485 ἠπείγετο
1772 3415 1913 3470 κατὰ

347 3509 661 3573 Οὐάλεντος.
706 3509 765 3560 '0
797 3507 874 3572 δὲ,
916 3507 980 3560 ἐκ
1010 3507 1108 3578 τῆς
1145 3506 1341 3576 Συρίας
1371 3506 1586 3573 ἐλάσας,
1619 3507 1914 3577 συμϐάλλει

345 3600 497 3670 αὐτῷ
523 3602 650 3670 περὶ
688 3600 986 3654 Νακόλειαν
1011 3599 1112 3668 τῆς
1138 3599 1376 3668 Φρυγίας
1408 3600 1562 3653 πόλιν
1587 3615 1602 3630 ⁸
1656 3598 1914 3670 προδοσίᾳ

345 3710 406 3746 τε
450 3692 745 3761 Ἀγέλωνος
792 3691 887 3744 καὶ
923 3689 1206 3760 Γωμαρίου
1239 3689 1345 3744 τῶν
1374 3689 1537 3744 αὐτοῦ
1595 3691 1915 3762 στρατηγῶν

348 3785 673 3855 ζωγρήσας,
721 3784 882 3836 αὐτόν
933 3799 994 3835 τε
1056 3782 1150 3835 καὶ
1191 3783 1317 3845 τοὺς
1365 3783 1628 3852 προδότας
1668 3783 1912 3847 ἐλεεινῶς

347 3876 548 3930 ἀνεῖλε.
578 3874 714 3937 Τοὺς
745 3875 840 3944 μὲν
870 3873 979 3943 γὰρ
1007 3872 1243 3942 λέγεται,
1276 3874 1477 3944 καίπερ
1505 3876 1708 3928 εὐνοεῖν
1731 3876 1915 3938 αὐτοῖς

345 3968 569 4038 ὀμόσας,
593 3966 774 4038 πρίοσι
794 3966 912 4037 διχῆ
935 3964 1143 4018 διελεῖν⁸
1168 3967 1469 4037 Προκοπίου
1497 3966 1553 4019 δὲ
1572 3966 1664 4020 δύο
1681 3967 1915 4038 δένδροις

347 4058 450 4110 οὐκ
487 4056 597 4110 άπὸ
639 4056 833 4110 πολλοῦ
876 4056 1124 4110 διεστῶσι
1158 4057 1599 4127 κατακαμφθεῖσι
1645 4057 1782 4128 πρὸς
1814 4057 1914 4128 τὴν

348 4145 617 4215 ἑκατέραν
642 4145 756 4217 (65)
800 4147 1043 4217 ἐκατέρῳ
1085 4146 1238 4217 φυτῷ
1278 4146 1525 4218 προσῆψε
1573 4148 1781 4212 σκέλος,
1818 4147 1915 4201 καὶ

348 4237 560 4307 ἀφῆκεν
584 4236 977 4308 άνεγείρεσθαι’
1019 4236 1088 4290 τὰ
1118 4236 1196 4302 δέ,
1220 4237 1356 4308 πρὸς
1379 4237 1476 4308 τὴν
1504 4238 1706 4309 συνήθη
1729 4237 1915 4291 στάσιν

347 4327 741 4398 ἀνορθωθέντα,
769 4327 1029 4380 διέσπασε
1056 4325 1147 4382 τὸν
1175 4327 1477 4399 ἄνθρωπον.
1509 4327 1664 4380 Ἐπεὶ
1684 4328 1743 4382 δὲ
1764 4328 1916 4392 τέλος

347 4419 506 4489 ἔσχεν
535 4419 563 4472 ὁ
593 4419 825 4488 πόλεμος
845 4458 862 4481 ,
910 4413 1043 4491 ἧκεν
1081 4421 1159 4482 εἰς
1191 4419 1422 4473 Νίκαιαν
1453 4435 1468 4449 ο
1521 4419 1580 4472 ἐν
1620 4421 1822 4491 ἠσυχίᾳ
1853 4438 1915 4473 τε

349 4509 606 4579 γεγονὼς,
636 4506 788 4573 αὖθις
818 4510 1080 4582 ἐτάραττε
1105 4510 1231 4574 τοὺς
1258 4510 1356 4581 οὐχ
1382 4511 1582 4580 ὁμοίως
1609 4511 1756 4583 αὐτῷ
1786 4513 1915 4583 περὶ

2535 2748 2698 2818 229
2735 2747 2889 2802 CAP.
2923 2745 3065 2800 Vlll.

2015 2839 2094 2894 De
2119 2839 2367 2910 Procopii
2390 2839 2674 2910 defectione
2700 2851 2750 2894 et
2780 2837 3070 2910 miserabili
3094 2837 3327 2910 interitu.
3357 2835 3490 2910 Item
3519 2839 3586 2892 de

2090 2907 2307 2992 Eleusio
2331 2909 2802 2992 Cyzice-nonaque
2847 2908 3103 2992 Eunomia
3133 2907 3505 2972 hwrest'arclta,
3533 2916 3584 2962 et

2085 2986 2340 3049 quomodo
2372 2979 2416 3033 is
2453 2979 2666 3034 Eleusin
2699 2979 3022 3032 successerit.

2087 3155 2164 3208 Ac
2192 3154 2458 3224 profecto,
2485 3165 2545 3209 ut
2568 3154 2844 3223 conjicere
2868 3154 3023 3217 licet,
3051 3153 3138 3209 his
3173 3151 3424 3224 graviora
3453 3164 3584 3209 tunc

2019 3246 2280 3314 temporis
2311 3245 2547 3301 fuissent
2576 3251 2909 3316 perpetrata,
2943 3245 3053 3300 nisi
3088 3244 3291 3299 bellum
3328 3244 3583 3314 Procopii

2020 3338 2446 3406 supervenisset.
2501 3335 2635 3390 Nam
2704 3352 2826 3392 cum
2897 3338 2999 3392 iste
3057 3335 3401 3408 tyrannidem
3445 3337 3587 3391 arri-

2021 3427 2232 3495 puisset
2271 3426 2770 3496 Constantinopoli,
2809 3441 2872 3481 ac
2916 3426 3073 3481 brevi
3121 3427 3384 3497 temporis
3408 3428 3585 3496 spatio

2020 3518 2290 3573 maximas
2317 3519 2507 3587 copias
2536 3517 2641 3572 sibi
2675 3525 3073 3586 comparasset,
3101 3516 3366 3572 adversus
3391 3518 3584 3573 Valen-

2021 3614 2128 3662 tem
2177 3609 2483 3663 contendit.
2538 3606 2739 3663 Valens
2782 3607 2949 3678 igitur
2995 3623 3026 3663 e
3073 3607 3231 3678 Syria
3280 3608 3583 3678 digressus,

2017 3700 2174 3769 juxta
2223 3700 2504 3756 Nacoliam
2561 3701 2752 3755 urbem
2808 3699 3090 3770 Phrygiae,
3142 3715 3269 3754 cum
3317 3701 3612 3772 Procopio.

2020 3803 2242 3842 manum
2273 3789 2571 3843 conseruit.
2604 3788 2775 3854 Quem
2803 3786 3050 3858 Agilonis
3093 3797 3147 3842 et
3179 3789 3451 3844 Comoarii
3483 3793 3587 3846 du-

2022 3893 2145 3932 cum
2201 3879 2376 3949 ipsius
2425 3879 2768 3948 proditione,
2817 3879 2998 3933 vivum
3048 3894 3174 3933 curn
3214 3881 3482 3948 cepisset,
3531 3889 3587 3936 et

2021 3968 2201 4037 ipsum
2238 3977 2294 4024 et
2325 3969 2634 4038 proditores
2666 3969 2784 4039 ejus
2818 3969 3120 4023 miserabili
3162 3970 3352 4024 mortis
3386 3986 3584 4040 genere

2021 4058 2316 4115 interfecit.
2349 4060 2460 4114 Hos
2491 4061 2660 4124 enim,
2696 4060 2824 4113 licet
2859 4075 2919 4114 se
2945 4059 3056 4114 illis
3087 4060 3225 4115 bene
3257 4061 3394 4116 velle
3430 4061 3584 4131 jure-

2016 4151 2254 4222 jurando
2297 4149 2652 4215 allirmasset,
2704 4150 2918 4206 medios
2947 4165 3100 4206 serra
3131 4150 3470 4207 dissecuisse
3501 4153 3584 4208 di-

2021 4242 2185 4296 citur.
2213 4242 2472 4314 ProcOpii
2503 4257 2633 4297 vero
2656 4256 2842 4307 crura,
2870 4242 3086 4298 duabus
3123 4242 3414 4299 arboribus
3438 4243 3580 4299 haud

2021 4334 2212 4402 procul
2243 4351 2272 4388 a
2304 4334 2618 4390 seinvicem
2649 4334 2979 4390 distantibus
3007 4333 3076 4388 ad
3114 4341 3314 4389 terram
3343 4334 3580 4402 inﬂexis,

2021 4425 2252 4480 alterum
2283 4425 2440 4482 alteri
2478 4425 2666 4480 arbori
2696 4426 2942 4498 alligavit
2980 4441 2994 4478 :
3025 4440 3089 4482 ac
3117 4441 3310 4482 rursus
3353 4427 3583 4484 arbores

2024 4515 2078 4568 in
2112 4514 2347 4569 sublime
2379 4515 2511 4584 erigi
2548 4515 2816 4585 permisit.
2847 4514 2978 4580 Quae
3007 4529 3132 4568 cum
3174 4515 3239 4568 ad
3275 4515 3580 4569 naturalem

347 4573 410 4656 τὸ
426 4573 578 4656 θεῖον
608 4573 942 4666 δοξάζοντας.
990 4573 1748 4673 Ὑπερφυῶςξδὲνέχαλέπαινε
1775 4573 1916 4658 κατὰ

2021 4605 2314 4661 stationem
2348 4614 2778 4672 reverterentur,
2825 4606 3102 4661 hominem
3149 4605 3578 4676 discerpserunt.

346 4695 457 4748 τῶν
489 4696 546 4746 ἐν
594 4693 878 4764 Λαμψάκῳ
907 4694 1283 4761 συνελθόντων,
1329 4693 1515 4746 καθότι
1557 4693 1653 4747 καὶ
1692 4694 1818 4758 τοὺς
1846 4694 1915 4747 τὰ

2020 4695 2284 4752 Confecto
2312 4697 2418 4753 hoc
2442 4698 2586 4754 bello
2618 4697 2816 4753 Valens
2842 4697 3079 4753 Nicaeam
3109 4697 3279 4752 venit.
3333 4697 3582 4768 Cumque

360 4784 572 4855 Ἀρείου
595 4782 919 4854 φρονοῦντας
947 4781 1290 4846 ἐπισκόπους,
1321 4781 1414 4835 καὶ
1436 4780 1536 4852 τὴν
1561 4783 1619 4835 ἐν
1640 4783 1917 4856 Ἀριμήνῳ

2021 4787 2130 4856 iam
2178 4788 2234 4842 in
2275 4791 2456 4858 quiete
2493 4797 2548 4844 et
2599 4791 2712 4845 otio
2751 4791 2992 4862 degeret,
3030 4805 3126 4845 eos
3171 4789 3261 4859 qui
3296 4804 3402 4843 non
3441 4791 3581 4844 idem

349 4874 483 4946 περὶ
520 4874 615 4944 τῆς
657 4875 891 4938 πίστεως
937 4872 1248 4927 ἐκτεθεῖσαν
1285 4873 1502 4946 γραφὴν
1541 4874 1911 4946 ἀπεκήρυξαν.

2021 4896 2146 4935 cum
2197 4881 2322 4951 ipso
2359 4882 2426 4937 de
2457 4881 2758 4938 Divinitate
2793 4885 3084 4948 sentirent,
3127 4883 3352 4938 turbare
3385 4882 3581 4938 iterum

1513 5060 1784 5117 VALESII
1853 5061 2405 5124 ANNOTATIONES.

420 5196 531 5276 (65)
564 5197 718 5266 Πρὸς
733 5195 910 5276 chr...
951 5199 1255 5276 ἑκατέραν.
1300 5199 1451 5254 Hunc
1471 5200 1662 5276 locum
1690 5201 1793 5276 levi
1827 5217 1919 5276 [te-

2032 5206 2417 5276 emendatione
2471 5206 2714 5270 certius,
2764 5221 2927 5276 quam
2968 5221 3034 5260 ex
3087 5215 3240 5276 parte
3299 5203 3583 5258 confirmat

349 5269 500 5352 gotio
563 5269 752 5352 sanavi
793 5269 912 5352 'hoc
952 5268 1112 5350 modo
1162 5270 1602 5352 κατακαμφθεῖσι
1621 5272 1766 5352 Ξρδς
1794 5272 1921 5352 γῆν,

346 5339 608 5408 ἑκάτερον
647 5339 890 5408 ἐκατέρῳ
917 5339 1066 5409 φυτῷ
1095 5339 1340 5411 προσῆψε
1386 5339 1592 5405 σκέλος.
1620 5339 1768 5396 Nihil
1813 5339 1918 5396 hac

2028 5275 2370 5347 Nicephorus
2398 5277 2453 5331 in
2487 5277 2628 5332 libro
2659 5292 2719 5340 ll,
2751 5291 2870 5346 cap.
2900 5277 2952 5330 4.

1765 5493 2153 5552 VARIORUM.

418 5609 444 5638 ¹¹
492 5603 691 5678 ᾘνίκα
746 5603 822 5678 δὴ
875 5606 1162 5678 Μελετῖου
1196 5606 1312 5674 μὲν
1357 5607 1678 5675 ὑπερορίαν
1709 5609 1912 5678 φυγὴν

349 5673 726 5728 κατεδίκασε.
769 5677 905 5729 Cum
951 5677 1108 5731 initio
1140 5673 1357 5730 tantum
1404 5673 1545 5731 anui
1577 5679 1680 5731 572
1710 5673 1910 5734 Valens

353 5743 694 5798 Antiochiam
725 5747 1053 5815 pervenerit,
1103 5753 1226 5802 ante
1255 5761 1376 5802 cum
1413 5762 1612 5802 annum
1660 5747 1906 5805 Meletius

2019 5607 2398 5664 Antioche’nus
2425 5606 2718 5678 episcopus
2745 5605 2799 5659 in
2827 5604 3077 5678 exsilium
3103 5617 3212 5657 non
3235 5597 3576 5654 amandatus.

2017 5683 2144 5737 Ant.
2177 5679 2326 5748 PAGI,
2357 5679 2422 5734 ad
2456 5673 2585 5732 ann.
2614 5673 2739 5741 370,
2775 5691 2831 5730 n.
2858 5673 2948 5728 28.
