4056 6326
656 395 800 452 1585

2051 383 2397 444 5οΖ()ΜΕΝ1

3682 395 3785 453 εἶιῦ

658 524 956 584 aggressus
985 514 1093 563 est.
1137 505 1424 575 Praecipue
1463 517 1592 560 vero
1632 504 1701 561 iis
1735 504 2095 563 succensebat
2133 504 2226 576 qui
2257 558 2260 565 ,

2174 504 2226 559 ui
2257 509 2301 565 Λ
2330 502 2486 557 Οὕτω
2510 502 2567 556 δέ
2592 501 2731 573 ἔχων
2751 501 2940 571 ὀργῆς,
2965 500 3086 569 ἄγει
3111 500 3176 554 ἐκ
3197 498 3296 569 τῆς
3323 499 3543 565 Κυζίκου
3558 502 3776 562 Ίξῖλεᾶσιω.

655 602 943 670 Lampsaci
1001 604 1413 660 convenerant,
1463 611 1529 652 eo
1587 597 1734 667 quod
1788 597 2077 667 episcopos
2131 598 2226 666 qui

657 692 773 746 Arii
822 689 1131 760 opinionem
1203 688 1607 757 sequebantur,
1656 696 1708 742 et
1757 686 2050 741 formulam
2103 687 2226 742 fidei

657 796 777 852 qua:
809 780 1040 834 Arimini
1076 778 1250 835 fuerat
1291 779 1566 849 exposita,
1593 780 2078 833 condemnassent.
2113 779 2227 833 Hu-

648 871 894 942 jusmodi
941 872 1019 925 ira
1072 885 1371 927 succensus
1414 871 1690 926 Eleusium
1738 869 1807 924 ab
1848 870 1984 925 urbe
2029 870 2226 942 Cyzico

654 965 910 1020 accersit.
956 964 1022 1017 Et
1053 964 1435 1034 episcoporum
1467 964 1795 1017 Arianorum
1829 964 2061 1018 collecto
2092 980 2227 1018 con-

653 1054 805 1119 cilio,
839 1054 1067 1108 invitum
1114 1068 1309 1125 cogere
1341 1068 1466 1108 eum
1515 1054 1715 1123 cwpit,
1765 1061 1825 1107 ut
1859 1068 1983 1107 cum
2019 1053 2129 1107 illis
2168 1053 2222 1108 in

653 1147 901 1203 doctrina
941 1146 1063 1200 fidei
1114 1146 1473 1201 consentiret.
1524 1147 1592 1198 At
1643 1145 1765 1209 ille,
1810 1145 1971 1199 initio
2004 1145 2221 1214 quidem

653 1238 877 1294 restitit.
935 1238 1135 1291 Postea
1186 1250 1319 1290 vero
1362 1235 1617 1291 exsilium
1665 1242 1721 1290 et
1760 1236 2222 1306 proscriptionem

650 1328 924 1383 bonorum
955 1325 1319 1381 reformidans
1348 1343 1361 1378 :
1394 1327 1508 1379 haac
1532 1325 1678 1405 enim
1716 1327 2011 1396 imperator
2036 1326 2085 1381 ei
2118 1325 2222 1380 mi-

652 1418 889 1472 nabatur
924 1417 1030 1472 nisi
1078 1416 1389 1487 paruisset;
1444 1415 1573 1470 fecit
1612 1417 1758 1487 quod
1804 1418 2217 1488 imperabatur,

648 1506 950 1576 statimque
998 1506 1178 1576 ipsum
1229 1506 1358 1560 facti
1397 1506 1482 1561 sui
1533 1507 1811 1575 paenituit.
1862 1505 1928 1560 Et
1961 1506 2219 1577 Cyzicum

651 1612 930 1665 reversus,
979 1604 1263 1666 peccatum
1299 1612 1457 1651 suum
1503 1598 1684 1667 palam
1728 1598 1785 1652 in
1822 1599 2054 1653 ecclesia
2082 1614 2221 1653 con-

650 1687 837 1744 fessus
868 1698 972 1752 est,
1006 1688 1371 1757 hortatusque
1416 1695 1476 1743 ut
1525 1688 1757 1743 alterum
1792 1705 1893 1744 suo
1941 1691 2064 1745 loco
2101 1690 2221 1760 epi-

645 1796 876 1852 scopum
907 1781 1264 1836 ordinarent:
1302 1794 1476 1849 neque
1505 1779 1647 1834 enim
1693 1778 1777 1835 fas
1829 1796 1970 1847 esse,
2017 1788 2078 1835 ut
2106 1782 2221 1851 ipse

2328 596 2422 649 καὶ
2464 594 2737 665 ὁμοδόξων
2786 592 2940 664 αὐτῷ
2986 592 3299 645 ἐπισκόπων
3344 592 3569 661 σύλλογον
3604 596 3788 662 καθίσας,

2327 685 2575 750 ἐϐιάζετο
2606 687 2883 739 κοινωνεῖν
2921 685 3106 748 αὐτοῖς
3154 683 3255 752 τῆς
3295 683 3531 747 πίστεως.
3577 685 3626 739 '0
3657 686 3716 751 δὲ,
3744 690 3791 743 τὰ

2312 779 2521 849 τπρῶτα
2550 776 2809 849 ἀνδρείως
2829 776 3131 830 ἀντέτεινεν
3154 790 3168 804 ’
3205 776 3487 846 ὑπερορίαν
3506 776 3555 829 δὲ
3579 780 3713 848 φυγὴν
3726 780 3789 834 καὶ

2324 874 2423 944 τῆς
2453 874 2641 936 οὐσίας
2676 872 2963 942 ἀφαίρεσιν
2985 871 3168 933 δείσας
3214 869 3418 939 (ταῦτα
3440 870 3538 941 γὰρ
3555 872 3720 941 ἠπείλει
3740 874 3790 944 μὴ

2325 963 2678 1035 πειθομένῳ),
2708 962 2770 1016 τὸ
2795 960 3129 1033 προσταχθὲν
3168 960 3404 1029 ἐποίησε.
3436 960 3534 1013 Kal
3555 962 3682 1025 εὐθὺς
3708 980 3791 1031 μετ-

2326 1048 2572 1125 εμελεῖτο
2595 1071 2609 1085 ο
2654 1052 2967 1107 ἐπανελθών
2997 1069 3058 1105 τε
3104 1052 3185 1114 είς
3210 1050 3470 1115 Κύζικον,
3513 1051 3702 1123 δημοσίᾳ
3726 1055 3794 1123 τὴν

2323 1145 2599 1216 ἁμαρτίαν
2628 1145 2721 1198 ἐπὶ
2765 1144 2864 1214 τῆς
2910 1142 3203 1213 ἐκκλησίας
3239 1141 3521 1211 ἐξήγγειλε,
3551 1140 3630 1193 καὶ
3663 1143 3793 1212 ἕτερον

2325 1238 2623 1289 ἐπίσκοπόν
2663 1235 2988 1305 χειροτονεῖν
3039 1230 3448 1303 παρεκελεύετο.
3505 1231 3685 1284 Ἑαυτὸν
3721 1232 3796 1302 γὰρ

2326 1326 2575 1397 ἱερᾶσθαι
2627 1325 2703 1396 μὴ
2752 1325 3050 1395 προσήκειν
3099 1322 3214 1386 ἔτι,
3264 1322 3338 1385 ὡς
3383 1321 3563 1374 οίκείου
3601 1321 3795 1390 δόγματος

2322 1416 2587 1486 προδότην
2611 1415 2919 1485 γενόμενον.
2945 1411 3244 1482 Κυζικηνοὶ
3270 1411 3349 1474 δέ,
3377 1410 3501 1463 αἰδοῖ
3526 1410 3612 1476 τῆς
3633 1409 3706 1462 τοῦ
3730 1410 3795 1463 ἀν-

2320 1507 2446 1578 δρὸς
2477 1505 2748 1569 πολίτείας
2791 1504 2935 1558 εὐνοι
2977 1503 3289 1574 ταμάλιστα
3331 1499 3470 1569 αὐτῷ
3501 1500 3794 1569 τυγχάνοντες.

2319 1599 2507 1671 ἕτερον
2551 1598 2695 1669 ἔχειν
2720 1597 3015 1652 ἐπίσκοπον
3046 1596 3145 1666 οὐχ
3175 1593 3395 1648 εἴλοντο.
3442 1593 3575 1645 Ἐπεὶ
3599 1592 3646 1644 δὲ
3671 1591 3798 1645 ταῦτα

2320 1692 2568 1759 Εὐδόξιας
2609 1692 2752 1761 ἔγνω
2799 1693 2829 1744 ό
2860 1693 2918 1744 ἐν
2945 1686 3500 1745 Κωνσταντινουπόλει
3526 1686 3611 1755 τῆς
3644 1684 3796 1754 ’Δρείου

2317 1782 2476 1854 δόξης
2504 1781 2800 1854 προεστὼς,
2835 1783 3129 1853 χειροτονεῖ
3159 1779 3418 1849 Εὐνόμιον
3444 1785 3467 1812 °
3503 1778 3587 1848 τῆς
3618 1776 3797 1840 Κυζίκου

647 1871 887 1942 amplius
935 1871 1252 1928 sacerdotio
1311 1870 1653 1940 fungeretur,
1707 1872 1910 1942 quippe
1962 1873 2055 1942 qui
2107 1889 2219 1928 suae

2198 1889 2219 1928 ε
2249 1862 2290 1915 Β
2318 1875 2633 1930 ἐπίσκοπον.
2676 1875 2836 1945 ᾭετο
2860 1872 2969 1944 γὰρ
2996 1872 3159 1926 αὐτὸν
3181 1870 3356 1924 δεινὸν
3395 1870 3515 1925 δντα
3538 1870 3703 1936 λέγειν,
3726 1866 3800 1920 τινὶ

648 1963 775 2021 ﬁdei
806 1965 1053 2034 proditor
1086 1963 1413 2019 exstitisset.
1447 1960 1645 2017 Verum
1677 1961 1957 2034 Cyziceni,
1991 1978 2115 2017 cum
2148 1964 2217 2018 ob

647 2056 774 2109 vitae
798 2053 1313 2125 ejusintegritatem
1337 2053 1601 2123 singulari
1629 2067 1752 2107 eum
1776 2053 2128 2108 observantia
2152 2069 2217 2108 ac

648 2144 1029 2200 benevolentia
1072 2151 1571 2214 prosequerentur,
1624 2145 1855 2200 alterum
1896 2147 2216 2217 episcopum

644 2237 851 2292 habere
879 2237 1190 2292 noluerunt.
1214 2235 1349 2302 Quae
1369 2252 1493 2294 cum
1524 2236 1805 2293 Eudoxius
1834 2240 2215 2307 comperisset,

645 2330 738 2401 qui
767 2329 1098 2385 Arianorum
1128 2336 1290 2385 sectae
1317 2339 1549 2399 praeerat
1579 2328 2079 2399 Constantinopoli,
2110 2329 2220 2384 Eu-

645 2422 893 2477 nomium
932 2419 1119 2491 Cyzici
1154 2420 1473 2490 episcopum
1519 2420 1809 2475 ordinavit.
1863 2419 2023 2475 Hunc
2069 2422 2217 2476 enim

647 2518 836 2579 utpote
869 2506 1124 2562 facundia
1153 2507 1467 2577 pollentem,
1494 2507 1794 2578 Cyzicenos
1824 2509 1879 2563 in
1910 2525 2065 2564 suam
2090 2525 2221 2565 sen-

645 2600 876 2654 tentiam
937 2599 1220 2655 suadendo
1276 2599 1436 2654 facile
1483 2598 1876 2668 perducturum
1940 2602 2217 2670 sperabat.

2320 1965 2500 2018 πειθοῖ
2521 1963 2629 2035 (66)
2667 1964 2866 2035 ῥᾳδίως
2892 1963 3028 2035 πρὸς
3051 1964 3114 2016 τὸ
3143 1963 3343 2016 οἰκεῖον
3367 1961 3529 2031 δόγμα
3553 1960 3657 2023 τοὺς
3678 1956 3799 2021 Κυζι-

2319 2058 2517 2128 κηνοὺς
2539 2055 2965 2125 ἐφελκύσασθαι.
3001 2055 3089 2119 Ὠς
3109 2055 3167 2108 δὲ
3194 2056 3273 2119 είς
3297 2053 3523 2119 Κύζικον
3546 2050 3802 2121 παρεγένετο

2320 2145 2706 2216 προστάγματι
2750 2145 3034 2215 βασιλέως,
3077 2143 3354 2198 Ἐλευσίου
3399 2141 3666 2209 ἐξελθόντος
3704 2139 3800 2210 (67),

2318 2241 2417 2305 τὰς
2466 2241 2654 2296 ἐνθάδε
2727 2240 3025 2312 ἐκκλησίας
3090 2239 3376 2310 κατέσχεν.
3419 2238 3481 2291 Ul
3520 2236 3571 2289 δὲ
3609 2233 3803 2300 Ἐλευσίῳ

2317 2331 2662 2402 πειθόμενοι,
2707 2332 2995 2402 εὐκτήριον
3027 2326 3175 2384 οἷκον
3222 2330 3332 2397 ἔξω
3365 2327 3801 2386 κατασκευάσαντες.

2318 2421 2424 2493 πρὸ
2468 2423 2568 2493 τῆς
2617 2423 2826 2486 πόλεως
2884 2421 3261 2493 ἐκκλησίαζον.
3335 2420 3582 2489 Εὐνομίαν
3630 2416 3709 2486 μὲν
3740 2409 3805 2467 οὖν

2318 2514 2467 2584 πέρι,
2516 2515 2611 2567 καὶ
2661 2514 2764 2585 τῆς
2790 2514 3083 2586 ὁμωνύμου
3120 2513 3333 2567 τούτων
3363 2511 3624 2584 αἱρέσεως,
3664 2505 3805 2577 μικρὸν

2318 2604 2544 2677 ὕστερον
2573 2606 2705 2673 ἐρῶ.

653 2691 964 2746 Eunomius
1004 2691 1192 2761 itaque
1240 2705 1366 2745 cum
1442 2691 1682 2745 venisset
1736 2690 1995 2763 Cyzicum
2024 2734 2040 2759 ,
2092 2693 2252 2762 juxta
2326 2696 2677 2767 imperatoris
2726 2707 3061 2771 praeceptum
3106 2696 3408 2755 excedente
3453 2697 3591 2751 illinc
3624 2690 3803 2755 Eleusin,

646 2782 907 2838 ecclesias
955 2781 1263 2851 occupavit.
1313 2781 1476 2852 23o
1517 2782 1561 2837 li
1599 2797 1732 2839 vero
1778 2784 1874 2852 qui
1907 2783 2199 2853 Eleusium
2241 2790 2615 2857 sectabantur,
2663 2800 2823 2848 extra
2864 2793 3058 2849 urbem
3124 2797 3442 2848 constructa
3502 2788 3717 2847 ecclesia,
3752 2783 3805 2837 ibi

646 2877 908 2933 collectas
932 2882 1184 2946 egerunt.
1238 2873 1344 2931 Sed
1375 2875 1445 2931 de
1477 2876 1766 2942 Eunomia,
1799 2891 1866 2933 ac
1904 2877 1974 2934 de
2016 2879 2212 2937 haeresi
2251 2897 2373 2953 quae
2409 2885 2477 2940 ab
2506 2885 2603 2940 illo
2629 2886 3018 2959 cognominata
3057 2892 3161 2951 est,
3196 2886 3370 2955 paulo
3428 2890 3600 2954 postea
3656 2881 3801 2935 dicam.

1277 2968 1441 3032 ,CAP.
1485 2967 1576 3025 1X.

647 3059 1083 3131 Quamqgraviter
1104 3062 1276 3114 vexati
1302 3063 1408 3115 sint
1442 3079 1502 3116 eo
1528 3072 1772 3129 tempore,
1800 3062 1889 3131 qui
1919 3061 2075 3131 ﬁdem
2108 3063 2210 3117 Ni-

712 3130 849 3184 ιιεηὲ
876 3129 1085 3212 concilii
1113 3131 1519 3199 proﬁtebantur,
1546 3132 1684 3187 etde
1723 3129 2210 3204 Agelio'Novatia-

717 3215 905 3254 norum
929 3214 1190 3268 episcopo.

713 3288 918 3346 Eodem
955 3290 1119 3345 modo
1155 3291 1417 3362 exagitati
1463 3298 1593 3347 sunt
1623 3294 1787 3349 etiam
1823 3294 1884 3359 ii,
1931 3294 2023 3364 qui
2070 3294 2215 3350 Con-

643 3381 1006 3451 stantinopoli
1042 3381 1200 3437 fidem
1235 3381 1439 3437 Nic-aeni
1473 3384 1693 3438 concilii
1728 3388 2121 3455 sequebantur,
2158 3397 2215 3442 et

645 3488 756 3528 una
785 3488 910 3527 cum
932 3473 1046 3529 illis
1076 3473 1362 3527 Novatiani
1382 3476 1422 3528 ι.
1450 3472 1584 3528 Nam
1612 3489 1805 3530 omnes
1833 3476 2054 3545 quidem
2084 3477 2216 3531 urbe

641 3562 809 3632 ejici,
857 3561 1287 3617 Novatianorum
1337 3578 1468 3617 vero
1507 3563 1673 3617 etiam
1714 3565 1982 3620 ecclesias
2033 3565 2212 3621 claudi

644 3653 948 3721 imperator
990 3653 1269 3722 praecepit.
1302 3652 1407 3705 Alii
1433 3652 1580 3707 enim
1623 3667 1732 3707 non
1762 3653 2038 3710 habebant
2068 3655 2213 3724 quod

641 3743 955 3808 clauderet;
990 3742 1194 3813 quippe
1221 3742 1334 3812 jam
1362 3742 1571 3815 pridem
1598 3753 1864 3814 regnante
1895 3744 2215 3803 Constantio

645 3835 912 3907 adempta:
944 3836 1028 3893 eis
1072 3836 1294 3892 fuerant
1340 3834 1612 3891 ecclesias.
1652 3835 1760 3892 Sed
1788 3837 2123 3908 et‘Agelium
2150 3854 2215 3896 eo

642 3936 889 3999 tempore
938 3927 1137 3984 exsilio
1186 3926 1514 3982 damnavit:
1546 3927 1642 3997 qui
1687 3927 1800 3997 jam
1846 3928 2038 3984 inde'a
2067 3930 2214 3985 Con-

643 4022 830 4076 stantii
854 4020 1216 4091 temporibus,
1242 4018 1675 4075 Novatianorum
1703 4018 1960 4076 Ecclesiae
1980 4030 2214 4091 praeerat
2274 4026 2285 4035 '

640 4112 1146 4183 Constantinopoli,
1176 4118 1232 4166 et
1268 4110 1508 4167 mirabili
1540 4109 1776 4182 quadam
1817 4112 2039 4167 ratione
2055 4113 2214 4182 juxta

643 4205 791 4277 leges
817 4206 1223 4262 ecclesiasticas
1247 4204 1431 4259 vivere
1457 4204 1761 4263 dicabatur.
1814 4204 1950 4259 Nam
1979 4207 2124 4276 quod
2154 4208 2212 4261 in

644 4295 992 4365 philosophia
1022 4294 1358 4365 praecipuum
1391 4303 1499 4359 est,
1538 4310 1569 4350 a
1601 4295 1955 4366 pecuniarum
1989 4312 2213 4367 posscs-

643 4387 799 4444 sione
843 4402 1059 4457 semper
1090 4387 1304 4444 alienus
1337 4386 1495 4450 vixit,
1537 4387 1763 4457 ejusque
1811 4387 2026 4442 vivendi
2068 4389 2214 4444 ratio

642 4480 696 4535 id
725 4478 863 4535 satis
892 4478 1248 4545 declarabat;
1285 4478 1539 4533 utebatur
1568 4479 1713 4534 enim
1745 4477 1978 4548 simplici
2002 4481 2211 4547 tunica,

749 4653 766 4685 ⁸
798 4652 958 4709 Socr.
984 4653 1081 4711 lib.
1117 4668 1192 4720 Iv,
1223 4667 1272 4707 c.
1305 4651 1358 4707 9.

2926 2978 3174 3031 ΚΕΦΑΛ.
3215 2976 3293 3032 Θ’.

2321 3068 2456 3140 Ὅτι,
2523 3067 2720 3135 κακῶς
2777 3069 2915 3122 τότε
2973 3068 3270 3140 ἔπασχον,
3312 3069 3365 3122 οἱ
3404 3065 3515 3140 σὴκ
3549 3060 3805 3140 ἐνηΝικαᾶξ

2387 3139 2597 3194 πίστιν
2642 3140 3075 3208 πρεσϐεύοντες
3109 3135 3276 3192 (καί
3310 3137 3440 3206 περὶ
3477 3135 3707 3204 Ἀτελίου
3733 3135 3806 3187 τοῦ

2243 3212 2285 3271 C
2388 3208 2508 3262 τῶν
2537 3208 2925 3263 Ναυατιανῶν
2950 3208 3311 3279 ἀρχομένου.

2387 3300 2792 3372 Παραπλησίων
2823 3299 2879 3353 δὲ
2907 3299 3093 3353 κακῶν
3115 3299 3414 3370 ἐπειρῶντο
3440 3298 3487 3351 oi
3511 3296 3564 3350 ἐν
3588 3295 3806 3349 Κωνστανι

2315 3390 2617 3443 τινουπόλει
2668 3389 3061 3461 πρεσϐεύοντες
3102 3388 3164 3441 τὸ
3210 3387 3394 3457 δόγμα
3433 3385 3536 3439 τῶν
3574 3386 3625 3437 ἐν
3659 3379 3807 3448 δικαίᾳ

2319 3479 2703 3545 συνελθόντων,
2752 3481 2849 3534 σὺν
2876 3480 3061 3543 αὐτοῖς
3086 3480 3142 3534 δὲ
3181 3480 3278 3534 καί⁸
3306 3480 3358 3533 οἱ
3387 3479 3452 3532 τὰ
3482 3474 3698 3530 Ναυάτου
3715 3486 3807 3541 φρο-

2315 3571 2552 3635 νοῦντες.
2610 3571 2725 3626 Καὶ
2773 3573 2981 3637 πάντας
3028 3573 3125 3643 μὲν
3160 3570 3478 3625 ἐλαύνεσθαι
3502 3570 3594 3639 τῆς
3622 3566 3805 3623 πόλεως’

2315 3664 2672 3719 Ναυατιανῶν
2739 3664 2796 3719 δέ
2851 3665 2947 3719 καὶ
2992 3665 3094 3728 τὰς
3148 3664 3446 3735 ἐκκλησίας
3500 3653 3806 3716 ἀποκλείεσθαι

2315 3755 2647 3827 προσέταξεν
2678 3758 2707 3810 ό
2738 3754 3009 3825 βασιλεύς
3033 3754 3144 3808 τῶν
3167 3755 3225 3815 δὲ
3256 3755 3431 3809 ἄλλων
3459 3754 3552 3807 οὐκ
3578 3747 3698 3820 εἶχεν
3725 3748 3805 3799 ὅτι

2314 3847 2686 3901 ἀποκλείσειεν
2707 3862 2725 3879 ο
2774 3846 2875 3918 ἤδη
2912 3846 3023 3917 γὰρ
3046 3844 3313 3917 πρότερον
3342 3845 3434 3898 ἐπὶ
3460 3844 3552 3914 τῆς
3584 3843 3804 3895 Κωνσταν·

2311 3939 2429 3992 τίου
2458 3938 2736 4009 βασιλείας
2760 3937 3060 4009 ἀφῄρηντο.
3104 3936 3180 3989 Οὐ
3217 3937 3329 4008 μὴν
3352 3935 3485 3989 ἀλλὰ
3511 3933 3595 3987 καὶ
3628 3928 3807 3997 Ἀτίλιον

2312 4029 2436 4083 τότε
2474 4030 2557 4092 είς
2595 4027 2899 4100 ὑπερορίαν
2934 4027 3114 4098 φυγὴν
3142 4027 3496 4081 κατεδίκασεν
3521 4041 3534 4055 ·
3578 4024 3629 4086 ὃς
3659 4022 3709 4073 ἐκ
3730 4016 3806 4070 τῶν

2314 4119 2691 4174 Κωνσταντίου
2738 4119 2946 4190 χρόνων
2983 4120 3168 4189 ἠγεῖτο
3204 4120 3265 4172 ἐν
3294 4115 3673 4172 Κωνσταντίνου
3701 4108 3806 4163 πόλει

2311 4210 2410 4281 τῆς
2431 4208 2786 4263 Ναυατιανῶν
2822 4207 3167 4279 Ἐκκλησίας.
3196 4207 3448 4276 Ἐλέγετο
3467 4207 3520 4260 δὲ
3535 4207 3608 4259 ὅτι
3634 4201 3805 4273 pellat:

2312 4298 2634 4368 θαυμασίως
2666 4284 3045 4352 πολιτεύεσθαι
3082 4298 3223 4351 κατὰ
3252 4298 3383 4361 τοὺς
3410 4285 3804 4366 ἐκκλησιαστικοὺς

2312 4389 2509 4458 νόμους
2532 4405 2550 4421 ο
2600 4390 2630 4442 ὁ
2659 4389 2715 4441 δὲ
2743 4387 2859 4458 βίος
2884 4383 2956 4459 ἦν
2986 4387 3154 4459 αὐτῷ,
3182 4388 3344 4442 τοῦτο
3368 4387 3432 4459 δὴ
3462 4387 3521 4440 τὺ
3558 4378 3745 4456 προῦχον
3766 4377 3804 4426 ἐν

2314 4479 2634 4551 φιλοσοφίᾳ,
2689 4480 2935 4551 κτήσεως
2979 4480 3280 4552 χρημάτων
3330 4480 3602 4552 ἐλεύθερος
3624 4493 3638 4510 ⁸
3682 4467 3805 4533 καὶῆ

1801 4816 2067 4872 VALESII
2109 4817 2658 4880 ANNOTATIONES.

715 4949 824 5019 (66)
861 4949 1209 5026 Τιγί-πειθοῖ.
1237 4947 1576 5026 Nicephorius
1611 4951 1666 5004 in
1707 4950 1816 5026 lib.
1854 4966 1916 5026 ιι,
1965 4965 2086 5019 cap.
2142 4951 2197 5026 5_.
2234 4956 2275 5009 D
2303 4957 2567 5013 Caeterum
2590 4958 2822 5012 libenter
2861 4957 3025 5026 hujus
3055 4955 3155 5010 loci
3188 4956 3590 5011 distinctionem
3624 4955 3803 5026 mutare

642 5018 830 5090 pocein
873 5019 1023 5075 addit
1045 5023 1153 5076 hoc
1176 5021 1333 5075 modo
1358 5018 1534 5075 πειθοί
1559 5038 1666 5073 τινι
1703 5018 1974 5090 δαιμονίᾳ,
2010 5018 2069 5074 ut
2093 5022 2199 5075 sci-

641 5088 768 5160 licet
792 5090 1005 5158 phrasis
1026 5100 1174 5147 esset
1198 5091 1518 5160 elegantior.

712 5157 824 5230 (67)
872 5160 1179 5230 Ἐλευσίοο
1207 5157 1574 5230 ἐξέλθόντος.
1601 5157 1822 5230 Rectius
1856 5158 1998 5227 apud
2041 5157 2205 5215 Nice-

641 5227 870 5301 phorum
921 5230 1117 5301 legitnr
1135 5229 1491 5301 ὲξελαθέντος.
1515 5229 1687 5301 Quam
1708 5228 2045 5301 scripturam
2070 5245 2206 5284 con-

642 5296 821 5353 firmat
842 5296 1005 5356 codex
1053 5298 1288 5363 Fuketil,
1337 5300 1393 5353 in
1421 5312 1531 5368 quo
1566 5296 1783 5367 legitur
1822 5297 2200 5368 ἐξηλαθέντος.

2312 5029 2412 5081 riui
2441 5032 2492 5083 in
2519 5028 2662 5085 hunc
2688 5029 2906 5081 modum
2935 5019 3049 5090 Ξώς
3075 5026 3131 5079 δὲ
3163 5028 3243 5089 είς
3272 5027 3509 5091 Κύζικον
3528 5019 3804 5093 παρεγίνετεν

2312 5096 2554 5171 προστᾲχ
2569 5115 2698 5171 ματι
2728 5096 2845 5171 frob
2877 5089 3140 5171 βασιλέως
3198 5089 3477 5171 Ἐλςνάίομ
3513 5089 3802 5171 έξελῆθένξῗ

2311 5155 2474 5247 quam
2498 5155 3218 5223 distinctionetitconﬁrmat
3267 5155 3600 5235 Nicephorus
3644 5160 3689 5214 in
3726 5155 3805 5206 ίοεο

2313 5244 2505 5290 enato.

2073 5472 2459 5530 VARIORUM.

711 5620 737 5649 ο
770 5609 1109 5684 Χειροτονεζ
1123 5598 1588 5684 Εὐι·όμὶον.Α8ιιι)
1631 5603 1875 5684 Valente,
1906 5609 2085 5681 inquit
2112 5611 2203 5684 hic
2309 5631 2313 5676 ς

2195 5628 2203 5665 ι
2309 5611 2452 5684 gius,
2484 5611 2579 5665 lin.
2614 5629 2667 5684 v,
2717 5627 2837 5684 cap.
2876 5613 2955 5684 3,,
2984 5627 3131 5681 eum,
3166 5610 3495 5671 Constantio
3544 5600 3797 5676 imperante:

639 5674 995 5750 Sozomenns.
1026 5674 1417 5750 cui_(_:onsen_t_it
1451 5674 1850 5750 Socratcsﬂib.
1882 5696 1956 5750 ty,
1981 5674 2109 5750 cap.
2146 5681 2198 5747 7;

639 5762 692 5805 at
717 5749 1082 5805 Theodoritns
1117 5745 1286 5810 llisL,
1326 5745 1422 5801 lib.
1457 5761 1519 5811 ιι,
1544 5762 1666 5817 cap.
1697 5748 1789 5813 27,
1816 5760 1867 5805 ct
1893 5745 2199 5805 PhiloStor4

2308 5681 2622 5737 ordinatum
2646 5681 2819 5739 fuisse
2842 5683 3082 5740 tradunt.
