4056 6326
287 361 415 419 1317

1236 356 1562 416 HISTORIA
1595 357 2152 418 ECCLESIASTICA.
2189 391 2258 406 -—
2294 362 2423 418 LIB.
2471 362 2561 418 Vl.

3386 368 3529 424 {I418

282 478 468 550 ἀγωγὴ
494 477 703 532 ἐδείκνυ
731 492 745 507 ·
780 475 865 530 ἐνί
883 492 941 530 τε
971 474 1081 544 γὰρ
1114 476 1347 547 χιτωνίῳ
1376 477 1597 547 ἐχρῆτο,
1628 478 1721 531 xui
1738 477 1854 550 δίχα

1959 486 2017 534 et
2045 480 2254 550 absque
2283 481 2488 538 calceis
2515 488 2782 552 perpetuo
2813 481 3121 539 incedebat.
3166 484 3314 539 idem
3345 491 3526 541 tamen

284 569 641 641 ὑποδημάτων
666 568 754 622 ἀεὶ
778 566 1026 632 ἐϐάδιζεν
1050 582 1065 597 ·
1116 568 1177 621 οὑ
1207 568 1389 638 πολλῷ
1415 569 1475 623 δέ
1500 569 1727 641 ὕστερον
1758 572 1857 625 αὑ-

281 662 367 725 τδς
396 659 728 733 μετεκλήθη,
768 658 862 714 καὶ
896 657 996 723 τὰς
1033 658 1124 711 ὑπ’
1152 658 1315 713 αὑτὸν
1357 660 1685 732 Ἐκκλησίας
1745 664 1853 716 ἀπ-

285 753 475 816 έλαϐε,
512 751 607 805 καὶ
649 749 821 813 ἀδεῶς
881 747 1258 819 ἐκκλησίαζεν.
1323 750 1505 817 Δττιος
1547 753 1606 808 δέ
1653 753 1858 810 τούτων

282 841 592 912 Μαρκιανός
616 857 729 903 τις·
767 838 826 903 ὃς
851 839 947 892 ἐπὶ
973 838 1072 910 βίῳ
1094 839 1188 892 καὶ
1215 838 1394 908 λόγοις
1423 841 1852 915 θαυμαζόμενος,

283 933 445 987 παλαι
495 932 594 1002 μὲν
639 932 697 984 ἐν
722 933 835 995 τοῖς
865 931 1153 1001 βασιλείοις
1197 933 1554 1003 ἐστρατεύετο
1577 952 1592 966 ο
1636 935 1758 989 τότε
1800 937 1858 991 δὲ

285 1022 648 1095 πρεσϐύτερος
670 1021 747 1076 ὢν
769 1024 869 1095 τῆς
894 1023 1256 1079 Ναυατιανῶν
1281 1026 1566 1096 αἱρέσεως,
1601 1033 1857 1099 γραμμα-

282 1116 463 1178 τικοὺς
499 1115 692 1183 λόγους
732 1114 1038 1179 ἐξεδίδασκε
1071 1115 1171 1180 τὰς
1215 1116 1478 1186 βασιλέως
1522 1118 1853 1190 θυγατέρας,

294 1207 648 1264 Ἀναστασίαν
693 1222 754 1259 τε
787 1206 882 1261 καὶ
912 1207 1186 1280 Καρῶσαν
1224 1205 1341 1277 (68)
1362 1224 1376 1238 ⁸
1420 1202 1496 1264 ὧν
1543 1208 1713 1263 εἰσέτι
1762 1209 1856 1265 νῦν

283 1303 541 1373 ἐπώνυμα
571 1299 772 1371 λουτρὰ
806 1299 949 1353 κατὰ
976 1299 1076 1371 τὴν
1115 1300 1684 1355 Κωνσταντινούπολίν
1717 1304 1853 1358 ἐστι.

283 1394 379 1447 Διὰ
401 1394 512 1465 γὰρ
534 1393 631 1465 τὴν
660 1393 795 1462 πρὸς
819 1391 982 1446 αὐτὸν
1002 1392 1135 1446 αἰδῶ
1155 1395 1252 1448 καὶ
1269 1394 1451 1466 χάριν,
1480 1395 1661 1465 μόνοις
1678 1396 1855 1452 Ναυα-

281 1489 484 1551 τιανοῖς
516 1487 586 1541 τὰ
616 1485 883 1556 εἰρημένα
917 1484 1149 1557 ὑπῆρξε.

897 1663 1148 1720 ΚΕΦΔΛ.
1190 1664 1248 1720 I'.

282 1755 949 1836 ﬂsp}_0i‘2a.1_mz.waro:5
973 1754 1441 1836 foi'iféovkxal
1474 1756 1808 1836 Γρατιαιςοῇ
1836 1773 1850 1790 ο

347 1816 447 1880 aea!
478 1828 611 1894 περὶ
649 1826 755 1881 τοῦ
784 1824 1269 1896 κατὰῄοὺᾷιᾷεντα
1296 1816 1552 1896 διωγμοῦ
1575 1843 1589 1856 ⁸
1633 1828 1731 1881 καὶ
1763 1827 1852 1880 ὅτι
1885 1816 1927 1875 Β

346 1900 399 1951 οὶ
446 1898 511 1951 τὸ
551 1892 881 1963 εμοούσιον
928 1892 1302 1959 δοξάζοντες,
1338 1892 1454 1949 ὑπῦ
1485 1894 1601 1948 τῶν
1640 1898 1848 1963 Ἀρδια-

345 1965 471 2020 r6»-
504 1966 603 2019 καὶ
629 1963 1092 2019 Μακεδονιανῶν
1117 1965 1528 2035 ἐλαυνόμενοι,
1558 1967 1710 2033 πρὸς
1738 1966 1854 2035 τὴν

356 2035 588 2105 Ῥώμην
617 2036 1147 2103 διαπρεσϐεύονται
1181 2034 1320 2103 (69).

359 2126 498 2180 Ὑπὸ
530 2126 587 2179 δὲ
616 2126 805 2181 τοῦτον
840 2127 932 2182 τὸν
958 2126 1171 2198 χρόνον,
1211 2124 1502 2196 ὁμώνυμος
1537 2124 1616 2196 τῷ
1648 2123 1856 2195 βασιλεῖ

280 2216 707 2289 Οὐαλεντινιανῷ
759 2216 972 2286 γίνεται
1024 2219 1155 2281 παῖς
1201 2216 1344 2270 κατὰ
1396 2217 1494 2287 τὴν
1526 2217 1728 2272 Δύσιν⁶
1789 2216 1851 2271 οὐ

281 2307 456 2380 πολλῷ
483 2309 541 2363 δὲ
581 2306 828 2377 ὕστερον,
860 2309 952 2363 καὶ
985 2308 1280 2380 Γρατιανὺς
1315 2309 1374 2362 ὂν
1406 2309 1514 2377 πρὸ
1549 2309 1651 2378 τῆς
1679 2310 1852 2380 ἀρχῆς

279 2397 410 2472 εἷχε,
436 2401 730 2456 καθίστατο
762 2401 1031 2472 βασιλεύς.
1069 2403 1158 2455 Ἐν
1182 2400 1355 2471 τούτῳ
1374 2401 1449 2465 δὲ,
1480 2402 1682 2472 καίπερ
1705 2402 1853 2472 παρὰ

277 2492 338 2545 τὸ
370 2491 561 2556 εἰωθὸς
586 2492 828 2564 χαλάζης
855 2493 1130 2565 ἐμφεροῦς
1158 2494 1327 2558 λίθοις
1356 2497 1414 2548 ἐν
1437 2495 1651 2560 πολλοῖς
1668 2497 1854 2560 τόποις

280 2583 737 2654 καταρραγείσης,
757 2582 854 2635 καὶ
881 2582 1151 2654 μεγίστων
1178 2584 1439 2655 σεισμῶν,
1473 2584 1660 2648 ἄλλαις
1679 2601 1739 2638 τε
1764 2585 1855 2638 πό-

278 2673 412 2736 λεσι,
449 2673 542 2725 καὶ¹
573 2673 777 2745 Νικαίᾳ
803 2676 867 2745 τῇ
902 2674 1140 2728 Βιθυνῶν
1166 2675 1246 2738 εἰς
1274 2675 1412 2744 ἄγαν
1432 2674 1850 2747 λυμηναμένων,

277 2765 374 2818 οὐκ
400 2764 707 2819 ἐπαύσαντο
738 2765 948 2837 Οὐάλης
976 2782 1037 2818 τε
1074 2767 1102 2819 ὁ
1137 2764 1388 2835 βασιλεὺς
1417 2767 1510 2820 καὶ
1549 2767 1797 2832 Εὐδόξιος
1824 2766 1855 2819 ό

278 2857 592 2922 ἐπίσκοπος,
631 2857 755 2922 τοὺς
784 2857 986 2929 ἑτέρως
1025 2858 1207 2922 αὐτοῖς
1238 2857 1558 2924 δοξάζοντας
1597 2860 1855 2930 Χριστια-

277 2949 399 3012 νοὺς
434 2947 804 3013 ὲκδιώκοντες.
837 2949 950 3003 Καὶ
968 2950 1111 3021 ’πρὸς
1147 2950 1246 3020 μὲν
1271 2950 1398 3013 τοὺς
1424 2949 1707 3020 ὁμοδόξους
1740 2952 1855 3014 τοῖς

276 3040 334 3091 ὲν
362 3039 565 3110 Νικαίᾳ
595 3039 956 3107 συνελθοῦσιν,
996 3041 1169 3094 ἐδόκει
1204 3057 1325 3104 πως
1355 3040 1538 3104 αὐτοῖς
1578 3039 1854 3111 κατορθῶ-

1956 570 2106 626 haud
2146 573 2319 628 multo
2354 580 2480 643 post
2537 574 2607 628 ab
2652 575 2847 630 exsilio
2887 582 3215 641 revocatus,
3263 576 3530 631 ecclesias

1956 678 2089 720 suas
2132 664 2362 735 recepit,
2401 673 2455 719 et
2483 665 2747 721 collectas
2787 667 2960 721 libere
3000 666 3320 721 celebravit.
3354 665 3528 735 Cujus

1956 755 2039 810 rei
2068 769 2291 811 causam
2329 754 2562 824 praebuit
2606 754 2923 819 Marcianus
2967 753 3188 824 quidam
3214 795 3231 819 ,
3281 755 3365 809 vir
3410 761 3528 809 tum

1956 846 2030 901 ob
2078 847 2203 901 vita:
2251 846 2646 917 integritatem,
2687 852 2800 900 tum
2851 845 2922 900 ob
2949 845 3257 901 doctrinam
3293 844 3530 899 admira-

1958 938 2111 994 bilis.
2160 938 2264 1005 Qui
2316 938 2474 1009 prius
2520 936 2749 1008 quidem
2797 937 2853 991 in
2902 936 3106 1007 palatio
3145 936 3526 990 militaverat:

1956 1038 2089 1086 tunc
2128 1046 2260 1087 vero
2301 1030 2732 1086 Novatianorum
2781 1037 2947 1085 sectae
2989 1030 3279 1100 presbyter
3325 1027 3526 1091 factus.

1956 1121 2308 1177 Anastasiam
2365 1130 2418 1176 et
2469 1121 2734 1176 Carosam
2784 1120 3136 1191 imperatoris
3184 1119 3345 1183 ﬁlias,
3391 1123 3529 1175 artis

1955 1212 2335 1281 grammaticae
2375 1212 2659 1282 praeceptis
2687 1211 3008 1277 erudiebat;
3044 1226 3278 1281 quarum
3309 1210 3551 1267 nomine.

1956 1303 2150 1359 balnea
2180 1303 2429 1374 quaedam
2464 1303 2943 1373 Constantinopoli
2991 1301 3296 1357 etiamnum
3343 1301 3531 1371 appel-

1955 1397 2158 1451 lantur.
2210 1396 2290 1451 Ob
2325 1396 2491 1464 hujus
2527 1396 2675 1452 enim
2726 1397 2829 1450 viri
2876 1396 3263 1451 auctoritatem
3308 1400 3364 1448 et
3406 1407 3532 1463 gra-

1956 1490 2122 1553 tiam,
2172 1503 2236 1544 ea
2292 1502 2417 1560 quae
2472 1488 2637 1544 modo
2676 1488 2826 1553 dixi,
2887 1486 3211 1543 Novatianis
3262 1498 3529 1541 concessa

1955 1584 2104 1633 sunt.

2608 1666 2763 1723 CAP.
2800 1666 2870 1723 Χ.

1959 1758 2033 1813 De
2063 1758 2432 1813 Valentiniano
2475 1757 2700 1813 laniare
2732 1766 2785 1812 et
2812 1753 3101 1820 Gratiano,
3119 1765 3170 1811 et
3197 1756 3263 1811 de
3283 1772 3529 1827 persecu-

2026 1831 2166 1884 tione
2183 1847 2214 1882 a
2248 1829 2461 1884 Valente
2481 1831 2733 1889 excitata,
2755 1836 2803 1881 ct
2819 1827 3076 1897 quomodo
3092 1829 3442 1897 _Ilomousiani
3463 1827 3529 1880 ab

2021 1900 2243 1982 Ariani:
2273 1909 2321 1957 et
2352 1898 2747 1953 Macedonianis
2773 1895 3050 1968 exagitati,
3081 1895 3303 1951 Romam
3332 1898 3530 1966 legatos

2022 1981 2228 2024 πιιιενε.
3149 1981 3160 2005 ⁶

2039 2125 2146 2179 Per
2191 2124 2336 2180 idem
2386 2131 2607 2195 tempus
2669 2124 2991 2195 imperatori
3046 2123 3431 2182 Valentiniano
3474 2126 3535 2180 in

1953 2214 2272 2269 Occidentis
2296 2215 2545 2285 partibus
2584 2223 2745 2271 natus
2773 2222 2857 2270 est
2896 2215 3045 2271 ﬁlius
3073 2216 3320 2286 ejusdem
3353 2217 3534 2273 nomi-

1954 2305 2099 2359 nis‘.
2144 2304 2255 2359 Nec
2293 2305 2471 2360 multo
2499 2313 2625 2374 post
2658 2304 2978 2367 Gratianus,
3007 2321 3169 2375 quem
3198 2315 3325 2360 ante
3359 2306 3535 2376 impe-

1952 2395 2093 2449 rium
2124 2405 2467 2466 susceperat,
2494 2396 2776 2465 Augustus
2796 2397 2864 2451 ab
2895 2398 3017 2467 ipso
3043 2405 3128 2452 est
3159 2406 3527 2469 nuncupatus.

1951 2488 2160 2545 Eodem
2210 2496 2482 2560 tempore,
2519 2489 2651 2544 licet
2691 2489 2901 2559 grando
2948 2489 3227 2545 inusitatae
3257 2492 3534 2561 magnitu-

1952 2577 2101 2633 dinis
2129 2578 2309 2632 instar
2338 2577 2583 2648 lapidum
2626 2577 2819 2633 multis
2861 2577 2916 2631 in
2952 2577 3094 2633 locis
3124 2578 3440 2645 cecidisset,
3474 2587 3533 2634 et

1954 2668 2270 2739 gravissimi
2296 2677 2457 2726 terra:
2476 2676 2658 2724 motus
2692 2676 2810 2724 tum
2839 2670 2977 2726 alias
3011 2670 3202 2736 urbes,
3241 2678 3355 2725 tum
3390 2686 3535 2740 prac-

1953 2764 2112 2834 cipuc
2140 2762 2378 2818 Nicaeam
2407 2764 2757 2829 evertissent,
2788 2764 2947 2835 231
2982 2764 3184 2821 Valens
3216 2774 3396 2822 tamen
3426 2781 3532 2821 Im-

1952 2864 2179 2927 pcrator
2207 2864 2263 2913 et
2296 2855 2581 2913 Eudoxius
2609 2858 2925 2929 episcopus,
2966 2858 3310 2915 Chrisrianos
3337 2862 3431 2930 qui
3462 2860 3534 2915 ab

1957 2950 2095 3020 ipsis
2131 2949 2518 3015 dissentirent,
2548 2950 2805 3021 persequi
2835 2966 2946 3006 non
2975 2960 3286 3006 cessarunt.
3312 2950 3379 3006 Et
3409 2952 3535 3023 qui-

1955 3040 2079 3096 dem
2115 3041 2381 3097 adversus
2406 3056 2503 3097 eos
2535 3040 2630 3111 qui
2672 3039 3022 3097 Nicmnorum
3054 3042 3367 3099 antistitum
3404 3058 3537 3098 sen-

278 3146 366 3183 σαι
389 3131 450 3183 τὸ
483 3132 932 3203 σπουδαζόμενον.
985 3132 1075 3186 Ἐν
1116 3131 1228 3201 γὰρ
1277 3132 1356 3203 τῷ
1389 3131 1591 3187 πλείονι
1620 3133 1721 3204 τῆς
1748 3133 1853 3188 ὑπὸ

1956 3134 2183 3187 tentiam
2230 3134 2624 3203 sequebantur,
2673 3148 2764 3189 res
2801 3133 3259 3204 ipsisvidebatur
3297 3150 3361 3189 ex
3401 3150 3535 3190 sen-

275 3220 570 3284 Οὐάλεντος
601 3223 943 3294 ἀρχομένης,
993 3224 1088 3278 καὶ
1122 3224 1357 3295 μάλιστα
1388 3223 1495 3281 ἀνά
1536 3241 1599 3278 τε
1629 3224 1852 3297 Θρᾴκην

274 3312 369 3367 καὶ
422 3312 675 3367 Βιθυνίαν
724 3314 818 3368 καὶ
882 3315 1274 3387 Ἑλλήσποντον
1296 3358 1312 3382 ,
1370 3316 1465 3371 καὶ
1514 3315 1597 3370 ἔτι
1647 3316 1853 3371 τούτων

274 3404 646 3474 προσωτέρω,
695 3404 818 3458 οὔτε
873 3406 1203 3477 ἐκκλησίας,
1265 3406 1390 3461 οὔτε
1453 3408 1638 3478 ἱερέας
1686 3404 1851 3480 εἶχον.

275 3496 418 3565 Πρὸς
436 3495 492 3548 δὲ
506 3497 631 3558 τοὺς
650 3495 719 3549 τὰ
737 3497 1065 3550 Μακεδονίω
1084 3497 1436 3570 φρονοῦντας,
1458 3499 1855 3564 πολυπλασίους

271 3587 455 3642 αὐτῶν
484 3588 646 3651 ὄντας
678 3588 820 3643 κατὰ
846 3589 965 3643 τόδε
991 3590 1054 3644 τὸ
1084 3590 1274 3661 κλίμα,
1305 3590 1668 3661 ἐχαλέπαινον
1695 3607 1710 3622 ·
1755 3593 1852 3646 καὶ⁸

269 3679 572 3749 τραπέντες
613 3681 700 3732 ἐπ’
729 3680 952 3744 αὐτοὺς,
1005 3682 1064 3735 οὐ
1103 3684 1339 3756 μετρίως
1383 3684 1626 3739 ἐδίωκον.
1681 3685 1745 3738 Oi
1770 3682 1848 3751 δὲ,

267 3772 382 3826 δέει
433 3771 539 3826 τῶν
586 3773 951 3844 ἐπικειμένων
1004 3774 1228 3839 κακῶν,
1287 3776 1851 3849 διαπρεσϐευσάμενοι

269 3863 412 3931 ergo;
443 3863 705 3934 ἀλλήλους
737 3864 876 3918 κατὰ
908 3865 1110 3930 πόλεις,
1140 3868 1362 3938 ἄμεινον
1391 3869 1718 3941 ἐδοκίμασαν
1756 3870 1849 3923 ἐπὶ

269 3957 716 4011 υύαλεντινιανὸν
749 3959 843 4013 καὶ
877 3959 971 4014 τὸν
1012 3960 1298 4030 Ῥωμαίων
1344 3963 1643 4017 ἐπίσκοπον
1683 3979 1853 4016 κατα-

269 4049 488 4127 φυγεῖν,
523 4048 796 4112 κάκείνοις
829 4050 1028 4121 μᾶλλον
1062 4050 1200 4122 (69‘)
1230 4052 1264 4124 ἢ
1294 4052 1528 4123 Εὐδοξίῳ
1575 4053 1670 4105 καὶ
1708 4053 1852 4108 Οὐά-

267 4137 419 4191 λεντι
468 4140 561 4192 καὶ
605 4142 718 4203 τοῖς
760 4141 897 4211 ἀμφ’
923 4142 1120 4206 αὐτοὺς
1162 4147 1437 4198 κοινωνεῖν
1464 4144 1566 4213 τῆς
1597 4144 1849 4208 πίστεως.

268 4230 383 4283 Καὶ
427 4231 549 4284 ἐπεὶ
580 4231 707 4286 τάδε
755 4232 937 4295 καλῶς
978 4232 1123 4304 ἔχειν
1173 4234 1386 4300 ἔδοξεν,
1444 4234 1724 4306 αἱροῦνται
1762 4236 1854 4289 ἐπὶ

264 4322 483 4386 τούτοις
508 4326 660 4395 τρεῖς
691 4323 751 4390 ἐξ
778 4324 976 4390 αὐτῶν,
1023 4325 1321 4381 Εὐστάθιόν
1364 4345 1423 4381 τε
1464 4328 1556 4381 τὸν
1589 4328 1654 4381 ἐκ
1683 4327 1852 4381 Σεϐα-

1957 3224 2128 3279 tentia
2179 3224 2528 3295 aliquatenus
2581 3224 2897 3281 succedere.
2947 3224 3160 3280 Etenim
3210 3226 3420 3295 majore
3473 3226 3539 3281 in

1958 3326 2112 3389 parte
2157 3318 2373 3388 imperii
2421 3315 2693 3383 Valentis,
2745 3332 2811 3373 ac
2848 3318 3128 3389 praecipue
3169 3316 3226 3371 in
3275 3315 3539 3382 Thracia,

1956 3409 2233 3480 Bithynia,
2265 3407 2637 3478 Hellesponto,
2665 3416 2721 3464 et
2740 3408 2797 3463 in
2822 3408 3182 3464 ulterioribus
3207 3408 3535 3478 provinciis,

1957 3501 2012 3557 hi
2045 3500 2442 3556 nec'ecclesias
2490 3499 2764 3554 habebant
2810 3514 2910 3556 nec
2951 3500 3289 3556 sacerdotes.
3325 3499 3536 3556 Adver—

1958 3607 2055 3648 sus
2093 3590 2519 3647 Macedonianos
2547 3605 2701 3655 vero,
2738 3590 2833 3661 qui
2867 3591 2923 3646 in
2957 3591 3072 3647 illis
3105 3592 3352 3663 partibus
3381 3591 3539 3662 ipsos

1956 3684 2309 3739 multitudine
2367 3683 2740 3753 superabant,
2792 3684 3106 3741 vehementi
3158 3684 3541 3756 indignatione

1955 3776 2213 3831 commoti
2267 3784 2417 3838 sunt,
2465 3781 2522 3828 et
2561 3774 2769 3845 impetu
2816 3777 2872 3831 in
2929 3777 3056 3832 illos
3094 3791 3385 3845 converso,
3422 3793 3538 3833 non

1954 3866 2310 3922 mediocriter
2341 3883 2440 3924 eos
2468 3875 2761 3922 vexarunt.
2795 3866 2903 3934 Qui
2946 3868 3382 3938 impendentium
3420 3886 3535 3924 ma-

1959 3958 2134 4013 lorum
2160 3967 2305 4015 metu
2336 3961 2640 4030 perterriti,
2672 3960 2864 4015 missis
2901 3960 3044 4014 inter
3071 3975 3130 4015 se
3158 3975 3256 4030 per
3284 3961 3537 4032 singulas

1957 4050 2124 4105 urbes
2163 4050 2555 4121 legationibus,
2608 4051 2787 4106 satius
2831 4064 2955 4105 esse
2997 4050 3343 4118 judicarunt,
3374 4058 3434 4105 ut
3463 4051 3537 4106 ad

1956 4141 2403 4198 Valentinianum
2433 4151 2488 4198 et
2522 4142 2589 4196 ad
2621 4142 2939 4211 episcopum
2961 4139 3114 4196 urbis
3136 4139 3324 4197 Romae
3341 4141 3534 4197 confu-

1956 4242 2168 4304 gerent,
2200 4246 2504 4302 eorumque
2533 4229 2908 4287 communioni
2946 4229 3332 4302 iungerentur,
3368 4247 3535 4302 quam

1959 4332 2016 4379 ut
2048 4340 2174 4379 cum
2200 4321 2452 4378 Eudoxio
2477 4330 2532 4377 et
2564 4321 2811 4387 Valente,
2863 4334 3164 4393 eorumque
3191 4323 3443 4388 asseclis,
3476 4324 3532 4378 in

268 4414 460 4478 στείας
499 4415 832 4482 ἐπίσκοπον,
880 4416 976 4470 καὶ
1026 4418 1281 4474 Σιλϐανὸν
1321 4419 1414 4472 τὸν
1463 4418 1710 4490 Ταρσοῦ,
1758 4420 1852 4472 καὶ

1959 4415 2211 4471 doctrina
2246 4413 2369 4469 ﬁdei
2410 4413 2902 4468 communicarent.
2955 4412 3081 4467 llaec
3131 4427 3254 4467 cum
3297 4397 3378 4467 illi
3415 4429 3445 4469 e
3475 4429 3533 4469 re

264 4504 532 4572 θεόφιλον
562 4505 654 4559 τὸν
686 4507 1081 4572 Κασταϐάλων,
1115 4510 1213 4563 καὶ
1244 4508 1380 4580 πρὸς
1410 4509 1854 4563 Οὗαλεντινιανὸν

262 4597 362 4649 τὸν
395 4595 618 4665 βασιλέα
647 4598 956 4667 πέμπουσι,
989 4599 1301 4669 γράψαντες
1334 4600 1569 4671 Λιϐερίῳ
1606 4598 1683 4670 τῷ
1722 4599 1854 4652 Ῥω-

266 4688 453 4757 μαίων
498 4688 810 4757 ἐπισκόπῳ,
859 4691 1093 4754 καὶτοῖς
1121 4692 1222 4746 ἀνὰ
1258 4691 1357 4763 τὴν
1389 4692 1551 4745 Δύσιν
1594 4689 1851 4762 ἱερεῦσιν,

260 4776 360 4833 οἷα
389 4779 454 4852 δὴ
486 4780 671 4834 πίστιν
697 4781 916 4853 δόκιμον
948 4783 1043 4836 καὶ
1080 4782 1299 4851 βεϐαίαν
1345 4783 1454 4838 ἀπὸ
1482 4782 1587 4838 τῶν
1621 4783 1853 4837 ἀποστό-

340 4919 360 4947 ⁶
408 4919 591 4983 Socr.,
626 4919 723 4974 lib.
757 4935 830 4983 tv,
865 4935 916 4975 c.
958 4922 1045 4975 to.

1962 4521 2061 4560 sua
2093 4504 2209 4560 fore
2251 4503 2605 4567 statuissent,
2642 4512 2753 4557 tres
2790 4500 2859 4555 ad
2900 4502 2953 4557 id
2994 4501 3287 4572 episcopos
3321 4518 3385 4557 ex
3431 4519 3533 4557 suo

1961 4610 2193 4650 numero
2246 4595 2587 4665 delegerunt,
2633 4592 2981 4650 Eustathium
3026 4593 3308 4658 Sebastim,
3355 4595 3533 4648 Silva-

1961 4704 2092 4744 num
2122 4687 2320 4753 Tarsi,
2364 4696 2420 4742 et
2456 4685 2822 4757 Tchphilum
2862 4687 3176 4756 episcopum
3211 4685 3532 4741 Castabalo-

1961 4796 2110 4845 rum,
2142 4795 2347 4850 eosque
2381 4778 2450 4834 ad
2493 4777 2941 4834 Valentinianum
2981 4778 3371 4848 imperatorem
3407 4777 3531 4833 mit-

1511 5026 1775 5082 VALESll
1815 5022 2354 5080 ANNOTATIONES.

341 5136 895 5221 (38)7’Araataa'lar
928 5147 1027 5201 καὶ
1081 5145 1417 5221 Καρῶσᾳῃ..
1455 5141 1596 5221 Idem
1625 5142 1852 5221 degitur

341 5182 458 5221 ‘9”,
507 5182 881 5204 ηιαηυιιιυιωι
928 5182 1027 5201 [tum
1081 5182 1283 5215 lll'JlWl/
1300 5182 1359 5197 μιν
1382 5184 1396 5197 ο
1455 5182 1596 5197 ιυυιιι
1656 5182 1704 5197 ιν
1745 5182 1840 5194 ..ιι-

259 5222 416 5290 apud
450 5220 731 5295 Socratem
758 5222 813 5295 i_n
845 5220 939 5295 lib.
973 5235 1045 5280 Iv,
1077 5233 1201 5295 cap.
1237 5218 1289 5271 8.
1320 5213 1428 5295 Ubi
1449 5213 1578 5295 vide
1593 5215 1651 5295 si
1671 5182 1852 5282 pfacct

258 5284 395 5359 qua:
434 5291 719 5346 annotavi.
754 5292 819 5343 Et
845 5284 1519 5359 Anastasianasquidcln
1562 5284 1792 5359 balneas
1825 5295 1855 5333 a

260 5353 505 5416 Vaiente
541 5359 839 5415 acditicatas
874 5373 981 5411 non
1033 5372 1158 5412 esse
1210 5353 1329 5410 illic
1380 5353 1598 5408 ostendi
1623 5372 1651 5419 ;,
1682 5353 1856 5407 Caro-

254 5434 445 5487 siana:
470 5438 652 5485 autem
676 5431 886 5485 balnea:
915 5443 946 5480 a
976 5424 1207 5481 Valente
1238 5432 1567 5481 constructa:
1612 5440 1675 5477 ae
1702 5421 1855 5477 dedi-

255 5511 408 5555 cata:
434 5508 584 5563 sunt,
618 5511 811 5569 agente
830 5498 1086 5569 praefecto
1110 5492 1851 5569 urbis)’inda_lonio_Magno,

259 5579 400 5639 post
427 5565 773 5624 consulatum
806 5565 1053 5639 Gratiani
1083 5577 1162 5639 ter
1189 5576 1242 5619 et
1268 5565 1589 5639 Equitii,_ut
1619 5565 1853 5639 legimus

260 5633 325 5693 in
369 5638 555 5695 Fastis
588 5640 738 5693 Idalii
761 5652 814 5693 et
843 5640 896 5692 in
926 5637 1185 5692 Chronico
1222 5633 1605 5690 Alexandrino.
1654 5635 1852 5689 Verum

260 5710 420 5763 unde
441 5711 521 5763 sic
558 5708 836 5778 appellatae
866 5710 997 5771 sint,
1031 5708 1296 5761 incertum
1331 5715 1435 5759 est.

344 5780 458 5850 (69)
491 5779 664 5852 Hujus
716 5780 911 5850 capitis
943 5778 1134 5833 titulus
1174 5778 1313 5832 male
1341 5779 1639 5844 conceptus
1679 5780 1762 5829 est
1814 5787 1843 5826 a

1960 5136 2150 5193 Graeco
2173 5137 2264 5191 illo
2295 5137 2925 5208 scriptore,rquititulos
2951 5137 3189 5208 capitum
3237 5135 3399 5204 hujus
3433 5137 3535 5192 lii-

1961 5209 2145 5262 storia:
2183 5208 2512 5276 composuit.
2575 5207 2728 5273 Quod
2768 5207 2976 5276 idcirco
3021 5207 3372 5263 ’moncndum
3409 5224 3539 5264 esse

1959 5278 2114 5344 duxi,
2166 5293 2235 5330 ne
2265 5275 2499 5331 studiosi
2556 5276 2789 5332 lectores
2815 5277 2868 5330 in
2904 5275 3150 5333 fraudem
3210 5278 3533 5333 induceren-

1957 5356 2070 5412 tur,
2096 5361 2305 5416 nosque
2335 5346 2388 5399 id
2444 5345 2669 5416 latuisse
2703 5348 3010 5402 crederent.
3057 5347 3258 5402 Verum
3307 5363 3374 5403 ex
3407 5349 3530 5416 ipso

1960 5415 2266 5489 Summano
2299 5415 2533 5489 perspici
2567 5415 2724 5472 facile
2750 5423 2951 5489 potest,
3007 5418 3339 5489 legationem
3378 5415 3531 5489 illam

1957 5487 2019 5541 Οι
2035 5484 2316 5542 ientaliuni
2339 5484 2735 5558 episcoporum
2751 5484 2817 5541 ad
2841 5484 3121 5541 Liberiu‘m
3148 5501 3367 5558 papam,
3399 5487 3535 5558 niis-

1955 5573 2070 5611 sam
2133 5573 2257 5612 csse
2303 5572 2334 5610 ει
2364 5551 2791 5622 Macedonianis,
2827 5572 2937 5611 non
2960 5551 3534 5612 autem‘a'Catlioiicis

1955 5644 2048 5682 seu
2075 5626 2478 5681 llomousianis.

2020 5698 2151 5767 (69')
2185 5698 2451 5763 Κάκείνῳ
2509 5696 2765 5763 μᾶλλον.
2826 5695 3055 5750 Rectius
3113 5694 3172 5767 in_
3224 5689 3533 5767 Fuketia'no

1951 5756 2147 5823 codice
2173 5756 2437 5837 scriptum
2475 5756 2556 5822 est
2613 5767 2904 5827 κάκείνοις.
2964 5764 3200 5832 Opponit
3241 5760 3388 5817 enim
3423 5756 3525 5810 Va-
