4056 6326
653 349 800 409 1319

2099 344 2320 403 SOZOM
2330 344 2442 402 EN!

3669 359 3766 420 i320

644 473 792 534 tunt,
838 480 963 522 cum
991 465 1186 522 litteris
1222 466 1287 522 ad
1320 465 1598 521 Liberium
1646 464 1951 520 Romanum
1995 465 2203 535 episco-

2307 469 2412 520 λων
2468 466 2649 537 έχουσι
2672 508 2687 532 ,
2745 468 2838 520 καὶ
2893 467 3000 538 πρὸ
3051 467 3160 519 τῶν
3213 465 3380 521 ἄλλων
3401 509 3414 533 ,
3465 479 3667 542 προνοεῖν
3699 480 3770 548 τῆς

645 568 770 624 pum
801 561 856 610 et
891 555 959 608 ad
991 551 1373 609 Occidentales
1403 553 1679 609 antistites
1717 553 1958 623 scriptis,
2008 553 2207 622 quibus

639 658 738 700 eos
785 645 1166 707 hortabantur,
1199 655 1260 700 ut
1307 646 1515 717 legatos
1555 660 1685 700 suos
1728 645 1877 698 omni
1918 660 2023 714 ope
2051 643 2207 714 adjus

639 743 854 799 varent,
885 744 940 790 et
973 751 1098 791 cum
1129 737 1236 792 illis
1266 737 1397 806 quid
1429 740 1696 808 agendum
1727 743 1873 791 esset
1907 735 2207 805 perpende~

639 834 781 892 rent,
837 833 892 882 et
921 837 1120 882 statum
1168 827 1425 884 Ecclesiae
1455 836 1619 898 prout
1663 828 1799 897 ipsis
1847 827 2023 881 visum
2059 833 2208 882 esset

638 920 1007 989 corrigerent;
1045 919 1242 990 quippe
1273 920 1368 989 qui
1401 919 1627 989 probam
1663 933 1727 973 ac
1759 918 2009 973 stabilem
2046 917 2204 971 ﬁdem

640 1009 708 1064 ab
751 1012 1018 1078 apostolis
1063 1012 1318 1065 traditam
1366 1011 1687 1072 retinerent,
1727 1024 1791 1063 ac
1831 1023 1943 1078 pra:
1985 1009 2206 1064 caeteris

636 1101 895 1155 omnibus
939 1102 1222 1171 religionis
1265 1116 1453 1156 curam
1486 1116 1676 1172 gerere
1705 1101 1990 1156 deberent.
2029 1099 2096 1153 Et
2125 1100 2206 1154 le-

637 1192 748 1262 gati
775 1191 995 1260 quidem
1024 1207 1148 1246 eum
1172 1193 1223 1246 in
1257 1193 1464 1246 Italiam
1489 1194 1792 1259 venissent,
1823 1192 2203 1261 imperatorem

639 1286 692 1339 in
724 1282 916 1338 Galliis
943 1285 1145 1337 morari
1175 1284 1509 1350 didicerunt,
1544 1285 1743 1340 bellum
1781 1291 2054 1354 gerentem
2079 1298 2203 1337 cum

635 1375 887 1429 barbaris
917 1389 1011 1429 eas
1054 1377 1450 1432 accolentibus.
1504 1375 1752 1446 Cumque
1806 1376 1944 1445 ipsis
1990 1374 2206 1430 diﬂicile

635 1467 812 1520 visum
850 1476 999 1522 esset
1029 1467 1134 1522 iter
1165 1467 1220 1521 in
1249 1468 1455 1523 Gallias
1489 1475 1711 1538 propter
1741 1467 1964 1531 bellum,
1994 1467 2205 1522 litteras

634 1555 902 1609 dederunt
929 1554 1166 1611 Liberio.
1210 1556 1276 1608 Et
1312 1557 1450 1611 inito
1484 1571 1609 1610 cum
1640 1557 1731 1610 illo
1757 1556 2008 1610 consiliO‘
2023 1554 2088 1609 de
2119 1568 2204 1610 re—

634 1644 736 1700 bus
769 1660 999 1715 quarum
1056 1661 1223 1700 causa
1267 1648 1420 1703 missi
1476 1648 1713 1713 fuerant,
1757 1647 1950 1700 Arium
1996 1661 2203 1716 eosque

632 1739 722 1806 qui
761 1737 902 1791 idem
935 1730 1060 1791 cum
1106 1738 1198 1791 illo
1237 1739 1509 1793 sentirent
1556 1753 1620 1793 ac
1654 1739 2036 1808 praedicarent.
2073 1755 2200 1795 sen-

2307 556 2600 628 θρησκείας
2628 555 2931 624 ὀφείλουσι,
2971 556 3136 608 παντὶ⁸
3175 553 3347 607 σθένει
3373 557 3671 616 συλλαϐέσθαι
3692 570 3770 631 τοῖς

2306 648 2485 701 αὐτῶν
2513 647 2795 717 πρέσϐεσι,
2823 645 2917 699 καὶ¹
2959 646 3054 699 σὺν
3087 646 3270 708 αὐτοῖς
3301 646 3417 714 περὶ
3440 649 3534 701 τῶν
3555 655 3772 720 πρακτέων

2308 737 2714 809 βουλεύσασθαι,
2746 738 2849 801 ἓως
2879 737 2944 791 ἂν
2975 737 3310 807 δοκιμάσωσι
3342 738 3443 810 (70)
3471 741 3704 811 διορθῶσαι
3725 747 3773 800 τὰ

2305 831 2404 896 τῆς
2432 828 2758 900 Ἐκκλησίας
2785 828 3103 899 πράγματα.
3153 828 3262 880 Καὶ¹
3300 828 3348 880 οἱ
3392 829 3498 898 μὲν,
3523 832 3774 893 είςἸταλίαν

2304 922 2646 990 ἀφικόμενοι,
2691 921 2931 988 ἔγνωσαν
2962 919 3054 971 τὸν
3085 918 3310 988 βασιλέα
3355 919 3429 982 είς
3469 921 3684 974 Γαλατίαν
3721 923 3777 977 δι-

2305 1015 2478 1082 άγειν,
2496 1015 2607 1075 τοῖς
2629 1011 3050 1083 παρακειμένοις
3073 1009 3198 1082 τῇδε
3223 1008 3501 1080 βαρϐάροις
3527 1012 3778 1081 μαχόμενον.

2317 1105 2548 1176 Ἀπόρου
2581 1104 2638 1157 δὲ
2673 1104 2931 1173 φανείσης
2961 1103 3142 1164 αὐτοῖς
3187 1101 3286 1170 τῆς
3336 1101 3421 1152 ἐπὶ
3459 1101 3665 1165 Γαλάτας
3695 1104 3779 1156 ὁδοῦ

2303 1197 2389 1250 διὰ
2411 1199 2501 1250 τὸν
2528 1196 2781 1266 πόλεμον,
2812 1194 3016 1247 ἔδωκαν
3047 1191 3286 1262 Λιϐερίῳ
3314 1191 3417 1262 (7i)
3442 1192 3504 1245 τὰ
3529 1194 3778 1263 γράμματα.

2304 1287 2709 1358 Κοινωσάμενοί
2765 1302 2828 1338 τε
2892 1284 3022 1356 περὶ
3082 1278 3156 1337 ὧν
3208 1281 3606 1353 ἐπρεσϐεύοντο,
3658 1301 3783 1338 κατα-

2304 1379 2659 1448 γινώσκουσιν
2691 1376 2924 1448 Ἀρείου,
2952 1376 3046 1430 καὶ
3073 1374 3182 1428 τῶν
3213 1375 3407 1444 ὁμοίως
3433 1375 3564 1444 αὐτῷ
3587 1376 3781 1461 φρονούνι

2302 1484 2410 1519 των
2439 1467 2531 1520 καὶ
2561 1466 2938 1519 διδασκόντων.
2983 1463 3440 1534 Ἀποκηρύττουσι
3477 1464 3527 1516 δὲ
3554 1467 3631 1516 καὶ
3655 1467 3786 1517 πᾶσαν

2303 1557 2515 1628 αἵρεσιν
2556 1556 2974 1626 ἐναντιουμένην
3023 1556 3088 1624 τῇ
3155 1553 3335 1606 πίστει
3391 1553 3483 1622 τῆς
3537 1555 3585 1606 ὲν
3636 1554 3786 1623 Nimia

2305 1646 2519 1699 συνόδου
2547 1661 2561 1675 ·
2613 1646 2706 1698 καὶ
2735 1643 2796 1697 τὺ
2827 1643 3110 1714 ὁμοούσιον
3153 1642 3325 1712 ὄνομα
3365 1643 3602 1712 δέχονται,
3642 1644 3701 1705 ὼς
3734 1643 3789 1711 τῷ

2302 1737 2474 1807 ὁμοίῳ
2521 1737 2640 1789 κατ’
2673 1735 2862 1789 οὐσίαν
2891 1734 2958 1788 τὰ
2986 1734 3122 1788 αὐτὰ
3156 1736 3431 1804 σημαῖνον.
3469 1734 3548 1796 Ὧς
3568 1734 3615 1786 δὲ
3636 1733 3788 1786 τούτων

633 1827 799 1880 tentia
828 1842 928 1883 sua
963 1828 1316 1882 damnarunt.
1371 1829 1598 1884 Omnem
1639 1837 1898 1898 praeterea
1948 1830 2195 1886 haeresim

2302 1804 2576 1898 ἔγγραφον
2597 1825 2882 1896 ὁμολογίαν
2905 1824 3084 1879 αὐτῶν
3113 1824 3273 1878 ἔλαϐε
3299 1823 3550 1894 Λιϐέριος,
3571 1823 3792 1892 ὲκοινὼνιί⁸

635 1918 758 1974 ﬁdei
821 1918 1025 1990 Nicaeui
1089 1922 1314 1976 concilii
1382 1921 1765 1978 adversantem
1827 1921 2196 1992 reiecerunt:

631 2011 1104 2068 consubstantialis
1162 2014 1397 2084 denique
1441 2015 1770 2068 vocabulum
1818 2021 2200 2082 susceperunt,

629 2102 831 2172 quippe
864 2102 1012 2171 quod
1040 2102 1184 2157 idem
1211 2102 1550 2172 signiﬁcaret
1573 2103 1721 2174 quod
1761 2103 1960 2158 similis
2000 2117 2198 2156 secun-

630 2192 761 2248 dum
817 2189 1204 2250 substantiam.
1274 2193 1480 2249 Harum
1540 2209 1730 2250 rerum
1793 2192 2199 2250 confessionem

630 2283 854 2352 scriptis
879 2284 1148 2353 proditam
1175 2299 1296 2339 cum
1332 2283 1586 2342 Liberius
1615 2286 1686 2340 ab
1718 2285 1852 2354 ipsis
1878 2285 2202 2354 accepisset,

631 2389 752 2428 cum
799 2375 880 2430 eis
939 2377 1366 2432 communicavit
1417 2395 1431 2432 :

2303 1933 2393 1970 σεν
2420 1917 2600 1979 αὐτοῖς
2625 1933 2640 1947 θ
2681 1915 2776 1969 καὶ
2802 1917 2914 1978 τοῖς
2940 1914 3282 1985 ἀνὰοτὴνἜω
3308 1913 3596 1976 ἐπισκόποις
3619 1913 3790 1982 ἔγραψε,

2301 2009 2402 2079 τῆς
2449 2007 2700 2079 ὁμονοίας
2751 2006 2846 2060 καὶ
2894 2005 2991 2076 τῆς
3047 2005 3176 2076 περὶ
3221 2004 3284 2058 τὸ
3329 2005 3494 2074 δόγμα
3547 2003 3794 2073 συμφωνίας

2303 2097 2540 2151 ἐπαινῶν
2563 2112 2578 2130 ο
2632 2094 2728 2149 καὶ
2770 2094 2838 2148 τὰ
2875 2093 3011 2162 πρὸς
3046 2094 3172 2158 τοὺς
3215 2092 3466 2162 πρέσϐεις
3505 2091 3794 2161 πεπραγμένα

2304 2190 2594 2260 ἐμήνυσεν.
2621 2183 2732 2240 Ἦν
2764 2185 2821 2239 δὲ
2847 2189 2956 2244 τῶν
2995 2187 3138 2256 ἀμφὶ
3176 2185 3270 2240 τὸν
3300 2185 3574 2239 Εὑστάθιον
3603 2182 3797 2254 heusin-

2303 2282 2397 2351 γία
2421 2281 2536 2351 ἥδε.

1481 2378 1812 2449 scripsitque
1870 2378 2084 2432 litteras
2132 2375 2202 2430 ad
2240 2373 2545 2430 Orientales
2595 2372 2910 2441 episcopos,
2945 2371 3016 2426 ob
3056 2371 3413 2425 concordiam
3477 2378 3528 2425 et
3577 2366 3681 2422 ﬁdei
3703 2379 3799 2420 con.

631 2482 855 2522 sensum
905 2483 1003 2521 eos
1053 2467 1320 2534 laudans,
1373 2476 1429 2524 et
1473 2484 1598 2539 quae
1643 2485 1769 2525 eum
1816 2470 2015 2541 legatis
2052 2473 2205 2540 gesta
2241 2473 2420 2532 erant,
2455 2463 2650 2521 iisdem
2683 2463 3033 2533 signiﬁcavit.
3068 2461 3245 2519 Porro
3270 2461 3532 2519 Eustathii
3583 2471 3630 2516 et
3677 2462 3800 2515 colle'

627 2573 823 2627 garum
854 2557 1128 2614 confessio
1158 2559 1429 2629 ejusmodi
1457 2560 1579 2617 fuit.

1167 2651 1326 2722 232
1365 2651 1518 2707 CAP.
1559 2651 1652 2707 xr.

631 2739 920 2814 Eustathii,
955 2740 1158 2814 Silvani
1193 2761 1256 2798 ac
1293 2745 1578 2814 Theophili,
1618 2745 1766 2814 quia
1794 2743 2194 2800 Macedonianis

840 2812 910 2865 ad
945 2811 1213 2868 Liberium
1251 2815 1402 2869 missi
1428 2811 1668 2885 fuerant,
1700 2817 1978 2886 confessio.

627 2957 855 3036 Domino
883 2961 1042 3031 fratri
1082 2972 1148 3036 et_
1177 2967 1540 3020 comministro
1580 2965 1811 3033 Liberio,
1854 2965 2188 3036 Eustathius,

734 3030 982 3087 Silvanus
1012 3043 1063 3088 et
1107 3033 1447 3104 Theophilus,
1484 3037 1540 3090 in
1580 3030 1805 3092 Domino
1848 3039 2092 3091 salutent.

704 3184 931 3258 Propter
958 3186 1186 3243 insanas
1213 3188 1596 3245 haereticorum
1628 3189 1933 3260 Opinioues,
1964 3190 2058 3261 qui
2092 3190 2198 3245 Ec-

2900 2646 3149 2703 ΚΕΦΑΛ.
3189 2647 3296 2703 ῙΑ’.

2322 2735 2636 2808 Ὁμολογία
2679 2740 3036 2803 Εὑσταθίου,
3075 2741 3395 2801 Σιλὸανοῦ,
3429 2735 3805 2808 Θεοφίλευετῶτ

2378 2806 2496 2864 ὰπὸ
2537 2806 2930 2876 Μακεδονίας,
2984 2809 3132 2877 πρὸς
3177 2812 3450 2880 Λιϐέριρν
3494 2806 3592 2862 τόν
3636 2806 3804 2874 Ῥώμης

2377 2879 2731 2933 ἐπίσκοπον.
3160 2943 3181 2964 0

2308 2969 2945 3046 Kvplq)_d68.15p_di,_xai_
2979 2963 3432 3046 συλλειτουργῷ
3461 2966 3691 3046 Λιϐερῐιρ,

2373 3039 2652 3106 στάθιος,
2697 3039 3022 3106 Σιλὸανὸς,
3062 3039 3374 3112 Θεόφιλός,
3409 3041 3477 3094 ἐν
3514 3039 3683 3106 Κυρίῳ
3714 3039 3805 3101 χαί·

2365 3126 2520 3178 patr.

2372 3200 2473 3254 Διὰ
2501 3200 2600 3266 τὰς
2629 3201 2739 3254 τῶν
2767 3203 3055 3274 αἰρετικῶν
3086 3203 3381 3274 μανιώδεις
3414 3199 3666 3262 ὑπονοίας,
3698 3195 3736 3248 οἳ
3766 3193 3807 3246 οὗ

631 3276 812 3332 clesiae
855 3276 1139 3332 catholicae
1175 3277 1496 3334 offensionis
1541 3293 1767 3335 causam
1815 3280 2060 3349 praebere
2095 3295 2202 3335 non

2305 3291 2568 3347 παύονται
2636 3294 2760 3356 ταῖς
2822 3253 3135 3358 καθολικαξς
3192 3291 3542 3364 Ἐκκλησίαις
3598 3282 3808 3340 σκάνδαλα

629 3375 873 3434 cessant,
910 3383 1011 3423 nos
1045 3383 1262 3424 omnem
1295 3370 1406 3425 illis
1437 3372 1790 3428 occasionem
1824 3372 2072 3428 adimere
2109 3387 2209 3427 cu-

631 3457 865 3527 pientes,
897 3457 1218 3526 proﬁtemur
1250 3465 1305 3512 et
1353 3473 1758 3525 asseveramus,
1798 3461 2066 3532 synodum
2097 3463 2210 3532 cpi-

629 3560 924 3616 scaporum
949 3545 1410 3614 Orthodoxorum,
1434 3565 1555 3618 qua;
1579 3549 1864 3622 Lampsaci
1887 3561 1944 3609 et
1963 3553 2210 3625 Smyrna:

635 3638 869 3706 aliisque
908 3637 962 3690 in
995 3637 1131 3693 locis
1167 3637 1357 3692 habita
1395 3648 1516 3709 est;
1560 3642 1722 3712 cujus
1748 3645 1942 3715 synodi
1980 3645 2209 3716 legatio-

632 3740 758 3780 nem
791 3726 1082 3790 obeuntes,
1108 3733 1227 3780 tum
1257 3727 1323 3781 ad
1357 3736 1503 3784 tuam
1542 3731 1956 3802 benignitatem,
1996 3744 2110 3790 tum
2136 3737 2205 3791 ad

635 3813 923 3869 universos
972 3815 1141 3870 Italia:
1192 3824 1246 3871 et
1295 3818 1608 3876 Occidentis
1655 3823 1943 3893 episcopos
1997 3825 2206 3881 litteras

634 3905 936 3972 all'erimus,
987 3907 1312 3962 catholicam
1359 3910 1516 3967 ﬁdem
1557 3925 1745 3971 tenere
1793 3925 1849 3970 et
1892 3915 2205 3986 custodire;

631 4011 754 4066 qua:
810 3997 864 4052 in
916 4007 1274 4054 sacrosancta
1345 4005 1555 4074 synodo
1601 4004 1821 4060 Nicaeua
1866 4010 2207 4078 temporibus

631 4085 804 4141 beata:
832 4086 1109 4142 memoriae
1149 4087 1520 4158 Constantini,
1570 4108 1600 4147 a
1633 4097 1894 4154 trecentis
1931 4099 2117 4154 decem
2149 4108 2204 4156 et

632 4182 759 4228 octo
815 4173 1083 4231 divinitus
1147 4177 1428 4248 inspiratis
1489 4182 1766 4254 episcopis
1824 4188 2220 4257 comprobata,‘

632 4267 899 4322 hactenus
923 4266 1131 4339 integra
1151 4276 1204 4324 et
1232 4271 1558 4329 inconcussa
1583 4287 1843 4346 perpetuo
1865 4281 2201 4349 permansit:

635 4359 690 4414 in
739 4372 848 4428 qua
891 4359 1362 4418 consubstantiatis
1409 4367 1731 4424 vocabulum
1776 4371 2041 4430 adversus
2083 4373 2200 4428 Arii

742 4545 758 4576 ¹
787 4543 945 4600 Socr.
971 4543 1072 4599 lib.
1093 4559 1169 4611 tv,
1195 4559 1246 4599 c.
1281 4544 1368 4600 12.

2306 3384 2678 3455 ὲπισπείρειν,
2729 3383 2917 3437 τούτου
2963 3385 3122 3456 χάριν
3169 3387 3358 3438 πᾶσαν
3410 3377 3644 3452 ἀφορμὴν
3677 3370 3810 3427 αὐτῶν

2305 3475 2654 3546 ἀναιροῦντες
2677 3513 2692 3539 ,
2746 3474 3114 3545 ὁμολογοῦμεν
3164 3477 3267 3547 τὴν
3323 3473 3533 3528 σύνοδον
3576 3468 3663 3538 τὴν
3701 3477 3810 3531 γενιν

2310 3565 2476 3635 μένην
2520 3566 2578 3618 ὲν
2626 3565 2934 3636 Λαμψάκῳ,
2982 3567 3079 3620 καὶ
3127 3566 3382 3636 Σμύρνῃ,
3428 3563 3520 3618 καὶ
3564 3562 3616 3614 ὲν
3659 3555 3812 3623 ἑτέροις

2306 3654 2583 3726 διαφόροις
2621 3635 2805 3720 τόποις
2858 3635 2966 3711 τῶν
3012 3635 3355 3729 ὀρθοδόξῴνη
3380 3653 3668 3708 ἐπισκόπων
3701 3662 3712 3674 ’
3765 3635 3812 3712 ἧς

2305 3745 2523 3798 συνόδου
2550 3746 2844 3816 πρεσϐείαν
2875 3747 3206 3817 ποιούμενοι,
3247 3747 3390 3818 πρὸς
3421 3745 3516 3815 τὴν
3538 3731 3813 3813 χρηστότητά

2304 3851 2398 3888 σου
2430 3837 2525 3889 καὶ
2565 3836 2773 3900 πάντας
2814 3838 2942 3901 τοὺς
2975 3835 3206 3900 Ἰταλοὺς
3253 3838 3351 3891 καὶ
3387 3833 3620 3894 δυτικοὺς
3647 3822 3812 3880 ἐπισκό-

2303 3943 2440 3990 πους
2463 3927 2762 3998 γράμματα
2787 3929 3105 3998 κομίζομεν,
3127 3930 3230 3998 τὴν
3256 3930 3443 3983 πίστιν
3467 3926 3561 3994 τὴν
3587 3912 3814 3979 καθολικὴν

2304 4020 2528 4088 κρατεῖν
2576 4021 2672 4073 καὶ
2718 4019 3032 4088 φυλάσσειν,
3076 4022 3202 4092 ἥτις
3247 4022 3310 4074 ὲν
3359 4023 3426 4090 τῇ
3479 4016 3600 4086 ἁγίᾳ
3623 4006 3812 4064 Νικαέων

2311 4107 2515 4178 συνόδῳ
2547 4109 2643 4162 ἐπὶ
2688 4107 2780 4162 τοῦ
2836 4110 3104 4180 μακαρίου
3134 4107 3551 4164 Κωνσταντίνου
3594 4101 3684 4155 ὑπὸ
3702 4110 3813 4166 τρια·

2305 4195 2504 4249 κοσίων
2548 4196 2679 4250 δέκα
2722 4199 2817 4252 καὶ
2857 4197 3001 4251 όκτὼ
3036 4199 3319 4270 θεοφόρων
3357 4197 3606 4267 Πατέρων
3641 4186 3812 4280 βεδίίίξν

2308 4287 2483 4354 θεῖσα,
2514 4290 2747 4361 ἀκεραίᾳ
2774 4293 2867 4345 καὶ
2899 4290 3178 4360 ἁσαλεύτῳ
3207 4292 3280 4362 τῇ
3307 4288 3629 4345 καταστάσει
3652 4282 3735 4339 ἕως
3750 4289 3814 4325 νυν

2308 4382 2402 4433 καὶ
2433 4382 2694 4453 διηνεκῶς
2742 4383 2914 4454 μένει,
2963 4377 3088 4456 ὲνῇ
3132 4383 3196 4438 τὸ
3248 4381 3536 4455 ὀμοούσιον
3581 4375 3720 4444 ἁγίως
3750 4363 3814 4417 καὶ

1826 4705 2095 4761 VALESII
2136 4706 2690 4765 ANNOTATIONES.

635 4876 992 4962 leut'iuia'n‘um
1024 4891 1089 4962 ac
1131 4874 1427 4962 hiberium,
1462 4875 1704 4962 Valenti"
1730 4889 1895 4962 atque
1928 4881 2195 4962 Eudoxio.
2232 4894 2274 4948 ι)
2300 4887 2673 4962 gliristiﬁtiti?
2701 4889 2807 4962 Sed
2840 4890 3159 4962 responderi
3190 4900 3410 4961 potest,
3437 4901 3648 4962 prepter
3669 4887 3816 4962 bellum

707 4945 818 5021 (:70)
852 4947 1000 5021 Ἕως
1028 4945 1105 4999 ἂν
1133 4945 1522 5021 δοκιμάσωσι.
1566 4945 1932 5021 Serihendum
1965 4962 2096 5021 puto
2125 4954 2200 5016 ὡς

635 5013 839 5068 ἃνὴδοκ.
871 5014 1044 5077 Quam
1071 5017 1393 5085 scripturam
1446 5019 1500 5070 iu
1530 5019 1778 5075 versione
1832 5036 1949 5075 mea
1968 5013 2202 5079 'seeutus

637 5098 778 5163 sunt.
809 5085 890 5163 ita
912 5087 1459 5163 certesensuslonge
1487 5089 1724 5158 apertior
1753 5091 1990 5156 exsistit,
2022 5095 2116 5163 qui
2146 5095 2202 5147 in

635 5154 853 5222 vulgata
903 5155 1171 5222 scriptura
1205 5154 1521 5213 nullus'est.

708 5221 831 5296 (η)Δ
849 5221 1114 5296 ’ξΕδωιὶᾳν
1141 5227 1404 5294 Λιϐερίῳ.
1441 5228 1696 5283 Socrates
1728 5227 1782 5282 in
1833 5228 1971 5285 libro
2006 5247 2080 5296 Iv,
2113 5247 2205 5286 ca-

639 5293 747 5370 pite
768 5291 838 5370 712
860 5291 1003 5346 hanc
1056 5291 1394 5370 legationem
1437 5297 1971 5370 Macedonianorum,
1998 5291 2204 5356 referre

641 5359 849 5436 videtur
881 5359 1165 5436 consulatu
1194 5365 1434 5436 secundo
1470 5367 1836 5424 Valentiniani
1859 5378 1913 5425 et
1939 5369 2200 5436 Valentis,

637 5430 689 5484 id
721 5439 806 5487 est
839 5447 981 5487 anno
1007 5433 1205 5489 Christi
1237 5435 1361 5490 568.
1397 5436 1591 5493 Verum
1617 5440 1881 5494 Baronius
1905 5444 1969 5494 ad
1997 5430 2202 5496 annum

635 5499 842 5579 ﬁbristi
873 5502 977 5557 565
1011 5505 1250 5579 graviter
1298 5521 1418 5579 eum
1471 5511 1838 5579 reprehendit.
1888 5510 2024 5564 Nam
2075 5525 2200 5565 cum

636 5569 1261 5644 Lampsacenasynodus
1287 5569 1559 5632 celebrata
1579 5582 1652 5634 sit
1672 5597 1816 5635 anno
1846 5579 2195 5643 Christi565,

635 5649 697 5720 ut
723 5657 794 5720 ex_
823 5643 1268 5720 Socratisipsius
1304 5649 1614 5720 testimonio
1643 5659 1883 5712 constat,
1919 5651 2196 5720 quomodo

2306 4956 2581 5030 Procopii,
2634 4970 2688 5014 et
2717 4956 3012 5015 Orientalis
3065 4956 3288 5030 imperii
3325 4956 3588 5016 tumultus
3615 4960 3694 5028 qui
3733 4959 3815 5023 post

2308 5026 2456 5100 illam
2487 5026 2764 5100 synodum
2819 5026 3190 5100 contigeruni,
3246 5033 3468 5087 tardius
3507 5026 3690 5085 missos
3736 5035 3818 5077 esse

2306 5097 2539 5166 legatos.
2572 5097 2835 5154 Praeterea
2874 5097 2999 5154 nec'
3029 5101 3318 5162 Socrates,
3371 5117 3473 5155 nec
3530 5102 3815 5154 Sozomenus.

2307 5165 2515 5241 legatos
2527 5236 2544 5241 _
2556 5167 2684 5241 illos
2715 5170 2913 5241 missos
2943 5184 3063 5224 esse
3085 5168 3284 5224 dicunt
3323 5185 3354 5223 a
3389 5171 3593 5241 synodo
3623 5167 3818 5241 hampsa‘

2308 5249 2462 5291 cena.
2497 5236 2651 5312 Missi
2681 5239 2901 5307 quidem
2945 5245 3073 5312 sunt
3114 5248 3239 5312 post
3301 5236 3572 5312 synodum
3624 5237 3820 5312 Lampsa-

2308 5315 2582 5378 ceuam,et
2608 5305 2817 5361 litteras
2839 5305 3129 5378 synodicas
3155 5308 3283 5376 ejus
3305 5305 3527 5364 concilii
3553 5305 3816 5372 detulerunt.

2308 5373 2640 5448 Nouitamen
2678 5378 2744 5432 ab
2772 5373 3099 5448 illa'synodo
3135 5373 3342 5433 directi
3400 5387 3550 5447 sunt,
3593 5379 3634 5434 si
3660 5379 3820 5445 ιποιπιε

2301 5445 2447 5518 l_oqui
2477 5449 2729 5502 velimus.
2761 5449 2887 5518 Seio
2924 5445 3156 5518 quidem
3188 5449 3272 5518 jx]
3338 5445 3543 5505 libello
3571 5449 3818 5518 fideique"!

2296 5510 2641 5590 Eiis‘a_u‘i"5»
2677 5527 2730 5572 εί
2766 5510 3023 5590 Summis
3076 5532 3139 5590 3Q
3185 5517 3542 5590 Theophilus
3566 5510 3820 5590 obtulerunt

2295 5581 2512 5660 Liberio
2545 5603 2717 5660 papae,
2747 5589 2952 5660 diserte
2977 5588 3143 5660 scribi
3205 5581 3372 5646 illos.
3395 5593 3671 5660 episcopos
3715 5584 3820 5660 Ιεζὲζ

2298 5654 2501 5728 tionem
2531 5654 2738 5728 obi'isse
2766 5656 3125 5728 Lampsaceni
3151 5663 3411 5719 concilii.
3430 5654 3628 5719 Verum
3662 5659 3744 5712 hoc
3769 5654 3819 5700 i“

637 5709 797 5780 legati
888 5715 957 5771 ab
1033 5709 1133 5770 illa—
1203 5717 1412 5787 synodo
1479 5718 1620 5774 mitti
1693 5709 1988 5790 potuerunt
2052 5735 2197 5776 anno
2293 5709 2734 5798 intelligendum,
2760 5709 3084 5786 ἐξίήυῖύίξῖ
