4056 6326
369 264 510 320 I325

1351 250 1669 310 HISTORIA
1711 247 2263 306 ECCLESIASTICA.
2302 278 2372 291 ο-
2407 250 2536 306 LIB.
2580 250 2667 307 Vl.

3466 267 3490 321 1
3500 265 3606 322 39.6

366 380 577 444 πάντας
603 378 1000 449 καταγαγόντα,
1044 343 1202 448 μῖνον
1239 373 1401 428 αύτδν
1427 370 1616 439 διῶξαι
1641 389 1655 403 θ
1706 369 1867 426 πάλιν
1894 369 1931 422 δ¹

2041 378 2247 426 essent.
2280 369 2641 428 Athanasium
2677 388 2840 446 porro
2878 376 3099 435 aiebant
3140 380 3440 453 relegatum
3480 386 3606 458 qui-

365 467 434 526 αὖ
465 470 719 525 Ἰοϐιανὸν
748 469 910 524 αὑτὸν
944 467 1436 540 μετακαλέσασθαι.
1459 466 1644 520 Ταῦτα
1668 464 1935 533 λέγοντες,

364 563 465 618 οὐκ
504 559 740 615 ἔπειθον.
781 562 1052 631 Ἀντεῖχον
1098 558 1156 613 δὲ
1191 559 1374 629 ὅμως,
1422 555 1519 611 καὶ
1551 554 1831 626 βιάζεσθαι
1873 553 1936 607 οὐ

366 651 734 723 συνεχώρουν.
773 649 1117 720 Πανταχόθεν
1159 650 1218 704 δὲ
1243 648 1337 703 τοῦ
1372 648 1542 720 δήμου
1594 645 1934 718 συρρέοντος,

364 742 460 796 καὶ
518 739 716 795 πολλοῦ
780 739 1010 812 θορύϐου
1058 740 1154 794 καὶ
1212 740 1454 811 ταραχῆς
1496 738 1600 794 sva
1645 739 1747 810 τὴν
1782 737 1937 791 πόλιν

363 832 556 896 δντων,
608 831 709 885 καὶ
760 831 1000 895 στάσεως
1049 830 1525 904 προσδοκωμένης,
1587 830 1854 902 ἐμήνυσεν
1906 830 1937 882 ό

365 922 611 996 ὕπαρχος
640 921 850 992 βασιλεῖ
874 922 944 976 τὰ
972 922 1260 993 γενόμενα,
1296 922 1656 994 συγχωρήσας
1690 920 1852 976 αὑτὸν
1878 920 1935 973 ἐν

363 1016 430 1084 τῇ
486 1012 638 1066 πόλει
687 1012 916 1083 διάγειν.
980 1011 1120 1083 Ἤδη
1180 1012 1237 1067 δὲ
1284 1012 1494 1066 πολλῶν
1543 1011 1936 1082 διαγενομένων

364 1103 591 1176 ἡμερῶν
612 1142 628 1167 ,
683 1105 778 1157 καὶ
821 1103 923 1174 τῆς
967 1103 1283 1175 κινηθείσης
1333 1105 1573 1168 στάσεως
1622 1102 1934 1159 πεπαῦσθαι

363 1193 645 1265 δοκούσης,
697 1194 934 1266 ἑσπέρας
1004 1194 1182 1249 λαθὼν
1231 1194 1550 1261 Ἀθανάσιος
1600 1194 1791 1266 ἐξῆλθε
1835 1197 1936 1268 τῆς

365 1286 593 1350 πόλεως,
633 1288 729 1340 καὶ
754 1286 835 1349 εἷς
881 1304 938 1341 τι
968 1286 1165 1358 χωρίον
1205 1286 1525 1359 ἐκρύπτετο.
1556 1288 1722 1360 Ἀωρὶ
1749 1288 1807 1343 δὲ
1837 1289 1935 1358 τῆς

362 1376 534 1444 αὐτῆς
565 1375 757 1439 νυκτὸς
798 1376 827 1428 ό
866 1374 1109 1447 ὕπαρχος
1142 1376 1439 1445 Αἰγύπτου,
1481 1377 1577 1431 καὶ
1616 1380 1645 1431 ὁ
1675 1378 1783 1431 τῶν
1806 1377 1933 1449 τῇδε

366 1463 792 1538 στρατευμάτων
816 1466 1060 1537 ἡγεμὼν,
1092 1467 1391 1522 κατέλαϐον
1416 1469 1516 1542 τὴν
1540 1468 1851 1539 ἐκκλησίαν,
1876 1470 1934 1522 ὲν

363 1549 400 1628 ᾖ
422 1555 483 1608 τὺ
500 1555 842 1624 καταγώγιον
864 1552 979 1627 εἷχε
999 1574 1014 1590 υ
1051 1557 1325 1628 πανταχοῦ
1346 1575 1406 1611 τε
1431 1559 1525 1614 καὶ
1551 1560 1631 1622 είς
1657 1559 1755 1623 τάς
1774 1560 1874 1613 ύπε
1884 1575 1935 1628 ρ·

361 1643 503 1715 ᾠους
534 1648 773 1717 οἰκήσεις
799 1647 1238 1719 άναζητήσαντες
1265 1649 1449 1716 αὑτὸν,
1483 1649 1797 1721 ὑπεχώρουν
1821 1649 1936 1704 δια-

2042 457 2165 515 dem
2189 459 2363 518 fuisse
2395 464 2500 521 sub
2526 465 2875 534 Constantio,
2900 469 3018 537 sed,
3054 472 3246 529 eodem
3281 457 3606 536 Constantio

2044 560 2353 617 revocante,
2391 554 2763 626 episcopatum
2793 571 2954 614 suum
2983 575 3374 636 recuperasse;
3405 576 3459 623 et
3504 567 3606 623 Ju-

2042 635 2252 693 lianum
2280 641 2498 710 quidem
2529 657 2654 698 cum
2689 645 2830 701 alios
2869 663 3060 707 omnes
3094 651 3165 707 ab
3202 635 3402 712 exsilio
3446 673 3609 715 revo-

2041 739 2244 799 casset,
2262 731 2409 788 hunc
2434 734 2612 790 solum
2640 747 2983 806 persecutum
3002 743 3456 812 esse;Jovianum
3479 767 3610 811 vero

2041 817 2224 874 denuo
2268 836 2393 875 eum
2444 824 2772 884 restituisse.
2826 827 2950 885 Haec
2993 847 3118 890 cum
3167 836 3446 905 dicerent,
3496 857 3609 899 non

2041 922 2435 980 persuaserunt
2488 916 2789 985 praefecto:
2850 924 3172 981 restiterunt
3223 929 3604 1003 nihilominus,

2039 1016 2143 1056 nec
2193 1005 2338 1072 passi
2390 1015 2522 1062 sunt
2579 1011 2689 1064 vim
2745 1010 2938 1068 inierri
2988 1016 3307 1076 Athanasio.
3357 1020 3609 1096 Cumque

2040 1094 2334 1150 multitudo
2363 1098 2508 1169 vulgi
2542 1100 2864 1169 conﬂueret,
2906 1105 3211 1179 ingensque
3248 1094 3610 1173 tumultus—ac

2040 1191 2387 1259 perturbatio
2441 1199 2611 1250 tutam
2670 1197 2860 1253 urbem
2908 1212 3239 1273 occuparet,
3288 1221 3353 1263 ac
3409 1211 3608 1267 seditio

2034 1281 2263 1353 jamjam
2298 1283 2483 1340 futura
2507 1298 2942 1361 exspectaretur,
2968 1295 3259 1365 praefectus
3288 1314 3402 1355 rem
3432 1301 3608 1374 impe-

2038 1377 2210 1432 ratori
2265 1378 2617 1449 significavit,
2667 1397 2863 1452 passus
2897 1385 3117 1444 interim
3149 1391 3510 1452 Athanasium
3550 1399 3608 1455 in

2040 1468 2175 1527 Urbe
2205 1485 2510 1528 remanere.
2530 1471 2725 1530 Postea
2745 1493 2893 1546 vero,
2922 1482 3108 1539 multis
3134 1484 3247 1554 jam
3273 1488 3475 1561 elapsis
3500 1491 3609 1547 die-

2038 1563 2166 1629 bus,
2199 1577 2327 1619 cum
2363 1565 2562 1621 seditio
2590 1571 2860 1625 exstincta
2892 1587 3016 1629 esse
3063 1576 3358 1646 videretur,
3388 1597 3611 1654 vesperi-

2039 1654 2156 1709 tino
2204 1662 2453 1727 tempore
2498 1658 2833 1718 Athanasius
2861 1662 3002 1719 clam
3038 1680 3104 1722 ex
3139 1667 3366 1726 civitate
3394 1672 3609 1743 digres-

368 1738 664 1807 μαρτόντες
683 1738 782 1808 τῆς
808 1738 1021 1809 βουλῆς.
1044 1741 1233 1811 ᾯοντο
1250 1741 1358 1812 γὰρ
1377 1741 1561 1795 λοιπὸν
1584 1741 1679 1797 τοῦ
1702 1741 1931 1813 πλήθους

2040 1761 2157 1815 sus,
2209 1748 2264 1802 in
2317 1749 2554 1820 quodam
2602 1752 2723 1808 loco
2767 1768 2891 1810 sese
2934 1759 3249 1816 occultavit.
3295 1726 3610 1832 Eademque

363 1828 790 1900 ἐπιλελησμένου
817 1830 916 1899 τῆς
948 1834 1222 1903 προτέρας
1256 1834 1543 1904 κινήσεως,
1579 1836 1629 1888 εί
1668 1834 1938 1889 ἐπίθοιντο

365 1920 585 1974 πάντων
612 1921 746 1992 πρὸς
779 1920 946 1975 ὕπνον
979 1923 1391 1994 τετραμμένων,
1432 1924 1628 1995 ῥᾳδίως
1661 1924 1758 1997 τὴν
1786 1925 1938 1996 βασι-

360 2011 499 2076 λέως
533 2012 827 2081 πρόσταξιν
866 2012 1218 2078 ἐπιτελέσειν,
1256 2016 1351 2069 καὶ
1381 2014 1479 2087 τὴν
1503 2016 1654 2070 πόλιν
1675 2017 1937 2071 ἀστασία-

365 2120 492 2156 στον
516 2103 787 2171 φυλάξειν.
817 2103 1012 2174 Θαῦμα
1030 2103 1087 2156 δὲ
1109 2105 1317 2168 πάντας
1340 2106 1564 2171 εἰκότως
1584 2102 1749 2178 εἶχεν,
1776 2108 1936 2161 Ἀθα-

360 2195 548 2250 νασίου
576 2194 650 2266 μὴ
681 2180 1011 2266 εύρεθέντος.
1033 2194 1157 2250 Εἴτε
1186 2196 1294 2269 γάρ
1325 2196 1476 2262 θείας
1493 2198 1772 2270 δυνάμεως
1801 2216 1937 2271 προσ

361 2289 622 2361 ειπούσης
647 2290 1092 2362 ὑπανεχώρησεν,
1132 2290 1241 2345 εἴτε
1284 2290 1447 2345 τινῶν
1480 2291 1934 2361 ἀναγγειλάντων,

359 2381 651 2453 ἀμφότερα
675 2382 756 2445 εἰς
798 2382 994 2436 ταυτὸν
1029 2381 1194 2437 τελεῖ.
1238 2382 1347 2435 Καὶ
1384 2382 1723 2456 προμηθείας
1756 2385 1869 2453 (76)
1902 2384 1936 2455 ἢ

358 2473 504 2527 κατὰ
525 2473 809 2545 ἄνθρωπον
828 2473 1023 2537 ἐδόκει,
1046 2474 1126 2536 είς
1146 2473 1440 2541 ἀναγκαῖον
1462 2466 1564 2527 ὧδε
1592 2473 1782 2545 καιρὸν
1807 2489 1938 2544 προ-

359 2563 555 2633 μαθεῖν
563 2563 659 2634 τὴν
675 2562 963 2632 ἐπιϐουλὴν
977 2563 1071 2616 καλ⁵
1084 2561 1576 2631 φυλάξασθαι.Ἕτε
1586 2581 1666 2635 ροι
1679 2563 1736 2616 δέ
1750 2580 1935 2633 φασιν,

359 2653 436 2716 ὡς
460 2651 557 2723 τὴν
582 2653 675 2706 τοῦ
706 2651 944 2720 πλήθους
968 2652 1276 2723 παράλογον
1305 2652 1518 2723 κίνησιν
1546 2653 1816 2725 προορῶν,
1838 2653 1941 2707 δείο

361 2760 459 2806 σας
492 2760 553 2796 τε
581 2743 657 2814 μὴ
680 2743 788 2797 τῶν
814 2742 1059 2797 ἐντεῦθεν
1091 2743 1522 2814 συμϐησομένων
1549 2744 1737 2799 δεινῶν
1768 2745 1940 2809 αἴτιος

360 2829 503 2887 εἶναι
557 2833 719 2899 δόξει,
758 2835 935 2889 πάντα
992 2832 1179 2887 τοῦτον
1228 2833 1317 2888 τὸν
1365 2835 1556 2905 χρόνον
1606 2837 1666 2890 ὲν
1701 2835 1937 2907 πατρῴῳ

356 2923 603 2992 μνήματι
632 2920 883 2992 διέτριϐε.
918 2922 1027 2977 Καὶ
1052 2925 1080 2976 ὁ
1109 2923 1206 2993 μὲν
1237 2916 1338 2977 ὧδε
1368 2924 1682 2993 διαφυγὼνι
1712 2924 1939 2979 ἐλάνθα-

2039 1851 2201 1896 nocte
2235 1842 2529 1912 praefectus
2554 1843 2936 1922 Alexandriae,
2978 1856 3034 1906 et
3077 1852 3189 1907 dux
3236 1855 3469 1912 militum
3509 1856 3610 1911 ΑΞ-

2037 1930 2506 2000 gypti,ecclesiam
2540 1933 2596 1988 in
2625 1948 2733 2004 qua
2761 1935 3124 1995 diversorium
3153 1949 3273 1997 erat
3297 1944 3607 2015 Athanasii,

2037 2029 2401 2090 occuparunt.
2444 2024 2512 2078 Et
2547 2040 2671 2080 cum
2705 2027 2858 2082 illum
2895 2029 3118 2100 ubique,
3162 2032 3219 2087 in
3268 2033 3405 2104 ipsis
3443 2041 3608 2092 etiam

2039 2111 2204 2166 tectis
2236 2120 2292 2166 et
2320 2113 2659 2171 culminibus
2705 2118 3185 2189 perquisivissent,
3230 2124 3468 2179 consilio
3504 2141 3611 2181 suo

2037 2201 2287 2259 frustrati
2319 2204 2717 2264 discesserunt.
2754 2208 2847 2266 Sic
2875 2212 3021 2266 enim
3060 2215 3473 2283 existimabant,
3505 2233 3608 2288 po-

2037 2293 2294 2365 pulojam
2319 2297 2521 2366 prioris
2546 2299 2837 2358 seditionis
2853 2302 3048 2373 oblito,
3065 2307 3390 2378 cunctisque
3412 2324 3611 2374 somno

2038 2386 2340 2453 Oppressis,
2393 2402 2472 2453 se,
2532 2388 2580 2444 si
2636 2390 2900 2461 impetum
2949 2392 3215 2465 facerent,
3261 2400 3608 2471 imperatoris

2032 2472 2191 2544 jussa
2221 2473 2383 2530 facile
2404 2487 2789 2546 exsecuturos.
2807 2492 2862 2539 et
2887 2483 3078 2541 urbem
3100 2490 3387 2548 seditionis
3413 2508 3610 2564 exper-

2038 2571 2146 2618 tem
2190 2576 2507 2625 servaturos
2540 2585 2684 2627 esse.
2719 2569 2916 2643 ingens
2954 2590 3119 2647 porro
3148 2578 3442 2636 admiratio
3470 2597 3609 2638 cun-

2036 2663 2157 2712 ctos
2201 2657 2394 2723 subiit,
2435 2660 2581 2731 quod
2627 2662 2962 2721 Athanasius
3005 2666 3264 2725 inventus
3292 2686 3404 2726 non
3438 2681 3608 2730 esset.

2034 2743 2169 2800 Nam
2199 2746 2315 2803 sive
2347 2746 2532 2804 divina
2565 2752 2917 2821 revelatione,
2952 2756 3068 2822 sive
3111 2759 3476 2828 quorumdam
3505 2761 3607 2818 lto-

2036 2838 2243 2893 minum
2272 2838 2474 2897 indicio
2502 2845 2859 2913 praemonitus
2888 2845 3160 2918 etingerit,
3194 2858 3487 2923 utrumque
3512 2869 3608 2908 eo-

2036 2924 2161 2979 dem
2192 2926 2408 2983 recidit.
2441 2929 2603 2986 Certe
2637 2942 2696 2987 ut
2727 2936 2851 3004 quis
2882 2943 2995 2990 tam
3028 2950 3335 3011 opportuno
3362 2951 3607 3014 tempore

357 3026 471 3064 νεν.
500 3010 575 3063 Ού
602 3009 781 3081 πολλῷ
803 3011 859 3064 δὲ
887 3010 1107 3083 ὕστερον
1137 3011 1376 3084 ἔγραψεν
1409 3017 1438 3068 ὁ
1468 3014 1740 3086 βασιλεὺς,
1775 3014 1931 3070 αὐτὸν

2040 3030 2382 3087 praenoscere
2428 3020 2658 3079 insidias
2703 3033 2757 3080 et
2799 3039 2994 3084 cavere
3040 3009 3238 3100 possit,
3276 3033 3325 3087 id
3377 3009 3607 3105 maj-oris

357 3097 673 3155 ἐπανελθεῖν
702 3080 796 3154 καὶ
824 3101 921 3173 τὴν
959 3080 1252 3174 ἐκκλησίαν
1280 3080 1444 3175 έχειν.
1469 3080 1850 3177 ’Τεκμαίρομαι
1878 3106 1931 3160 δὲ

2037 3080 2256 3165 videtur
2288 3125 2413 3167 esse
2452 3113 2827 3185 providentiae,
3040 3080 3607 3196 ἀίἷεῖὴξξίῖιῖἇῖ

353 3189 631 3246 Οὐάλεντα
659 3195 810 3265 παρὰ
840 3193 1038 3247 σκοπὸν
1086 3195 1178 3248 ἐπὶ
1220 3195 1424 3266 ταύτην
1464 3197 1563 3268 τὴν
1605 3197 1821 3268 γραφὴν
1852 3196 1936 3250 ἐλ-

356 3282 555 3355 θεῖν,ἣ
589 3283 687 3356 τὴν
731 3284 1037 3356 κρατοῦσαν
1081 3287 1210 3356 περὶ
1247 3287 1562 3341 Ἀθανασίου
1601 3288 1757 3353 δόξαν
1788 3288 1935 3359 λογι-

353 3373 603 3444 ζόμενον,
646 3376 740 3429 καὶ
770 3377 853 3430 ὅτι
896 3376 1084 3430 τούτου
1127 3377 1287 3449 χάριν
1327 3378 1473 3443 είκδς
1515 3374 1583 3452 ἦν
1619 3379 1935 3451 μέμψασθαι

352 3465 816 3534 Οὐαλεντινιανὸν,
847 3468 1031 3539 ἐπειδὴ
1077 3469 1186 3524 τῶν
1233 3471 1292 3523 ὲν
1338 3471 1544 3542 Νικαίᾳ
1576 3472 1934 3529 συνελθόντων

351 3555 419 3609 τὸ
465 3557 642 3628 δόγμα
693 3557 1088 3630 ἐπρέσϐευσενο
1129 3560 1163 3632 ἢ
1214 3561 1323 3614 τῶν
1368 3562 1729 3617 ἐπαινούντων
1774 3563 1935 3618 αὐτὸν

354 3648 569 3702 πολλῶν
595 3648 785 3715 ὄντων,
812 3649 911 3721 τὴν
937 3649 1146 3723 κίνησιν
1190 3651 1557 3724 ὑφορώμενον,
1589 3653 1664 3725 μή
1706 3670 1761 3707 τι
1798 3671 1933 3708 νεω-

350 3740 644 3810 τερίσωσιν
674 3742 765 3794 ἐπὶ
794 3739 966 3816 βλάϐῃ
996 3743 1104 3798 τῶν
1131 3744 1326 3799 κοινῶν
1377 3746 1734 3816 πραγμάτων.
1767 3743 1933 3817 Οῐμαι

350 3833 432 3896 δὲ,
460 3832 536 3895 ὡς
565 3833 731 3896 εἰκὸς,
761 3820 1005 3897 καὶτοὺς
1033 3836 1378 3905 προεστῶτας
1408 3837 1509 3906 τῆς
1546 3839 1753 3911 Ἀρείου
1783 3837 1934 3911 αἱρέ-

352 3941 518 3986 σεως,
561 3923 636 3994 μὴ
670 3923 790 3977 λίαν
839 3924 1120 3978 ἐπιθέσθαι
1171 3928 1237 3998 τῇ
1286 3928 1414 3996 περὶ
1460 3927 1651 3981 τούτου
1705 3929 1929 4001 σπουδῇο

349 4014 756 4085 λογισαμένους,
790 4015 865 4078 ὡς
894 4016 990 4086 τῆς
1020 4016 1227 4081 πόλεως
1255 4018 1562 4090 ἐκϐληθεὶς,
1590 4016 1745 4085 αὖθις
1771 4021 1932 4092 ὀχλή-

352 4121 440 4159 σει
485 4109 597 4169 τοῖς
630 4105 928 4176 βασιλεῦσι,
975 4107 1069 4160 καλ⁵
1113 4109 1365 4180 ἀφορμὴν
1397 4109 1643 4164 ἐντεῦθεν
1689 4111 1799 4176 ἕξει
1834 4114 1931 4184 τῆς

349 4197 490 4267 πρὸς
543 4198 740 4260 αὐτοὺς
793 4196 1043 4266 ὁμιλίας,
1087 4200 1182 4251 καὶ
1242 4199 1560 4266 μεταπείσει
1623 4201 1925 4254 Οὐάλεντα·

347 4289 795 4343 Ούαλεντινιανὸν
836 4289 892 4342 δὲ
937 4289 1028 4342 καὶ
1077 4291 1157 4353 είς
1202 4290 1373 4362 ὀργὴν
1423 4293 1650 4363 κινήσει,
1687 4294 1762 4355 ώς
1803 4293 1931 4364 ὀμό-

316 4368 546 4450 Ἲφρονα.
597 4381 847 4433 Μάλιστα
878 4380 987 4449 γάρ
1038 4382 1304 4451 περιδεεῖς
1354 4379 1494 4454 ἦσαν
1552 4386 1617 4437 ἐκ
1669 4385 1778 4437 τῶν
1832 4388 1926 4439 ἐπὶ

347 4473 731 4525 Κωνσταντίου
787 4473 1129 4541 συμϐάντων,
1180 4475 1572 4544 πεπειραμένοι
1617 4476 1713 4546 τῆς
1759 4477 1924 4531 αὑτοῦ

345 4563 569 4631 ἀρετῆς.
609 4563 981 4617 Ἐπιτοσοῦτον
1020 4564 1127 4635 γὰρ
1171 4565 1264 4617 καὶ
1316 4565 1435 4618 τότε
1485 4566 1585 4637 τῆς
1614 4569 1723 4620 τῶν
1768 4570 1923 4622 ἐναν-

344 4653 481 4707 τίων
509 4654 809 4726 ἐκράτησεν
837 4656 1142 4724 ἐπιϐουλῆς,
1184 4656 1258 4718 ὡς
1290 4657 1539 4727 ἀσμένως
1571 4646 1717 4730 αὐτῷ
1750 4676 1922 4730 παρα-

346 4747 596 4817 χωρῆσαι
626 4746 734 4798 τῶν
755 4748 857 4799 άνὰ
891 4748 988 4817 τὴν
1013 4750 1283 4815 Αἴγυπτον
1316 4749 1667 4819 Ἐκκλησίων,
1704 4751 1798 4806 καὶ
1826 4751 1919 4804 ἐπὶ

2026 3200 2239 3271 minem
2291 3200 2472 3259 cadat.
2508 3205 2615 3259 Alii
2658 3205 2892 3275 dicunt,
2932 3209 3318 3282 Athanasium,
3359 3229 3484 3271 eum
3521 3217 3605 3274 in-

2034 3289 2347 3344 consultum
2388 3291 2579 3363 populi
2624 3296 2918 3353 tumultum
2972 3301 3334 3370 praevideret,
3371 3307 3604 3364 veritum

2035 3395 2105 3436 ne
2151 3382 2417 3438 malorum
2468 3399 2588 3454 qua:
2628 3400 2719 3457 ex_
2747 3403 2814 3444 eo
2843 3401 3105 3447 eventura
3157 3404 3363 3465 essent,
3412 3409 3607 3455 auctor

2035 3471 2209 3529 fuisse
2235 3474 2532 3541 diceretur,
2582 3488 2698 3534 toto
2737 3480 2846 3536 hoc
2879 3490 3121 3555 tempore
3151 3485 3207 3540 in
3248 3499 3604 3545 monumento

2033 3563 2215 3632 patrio
2266 3565 2572 3623 delituisse.
2612 3568 2679 3624 Et
2716 3572 3050 3629 Athanasius
3096 3576 3318 3647 quidem
3373 3578 3477 3634 hac
3515 3596 3605 3635 ra-

2033 3655 2184 3710 tione
2214 3656 2455 3728 elapsus,
2490 3674 2614 3716 sese
2641 3663 2953 3724 occultavit.
2980 3664 3284 3737 Imperator
3306 3685 3458 3739 vero,
3489 3687 3601 3728 non

2033 3749 2206 3805 multo
2241 3759 2363 3820 post
2412 3753 2635 3823 scripsit
2690 3754 2762 3818 ei,
2813 3763 2874 3810 ut
2927 3759 3148 3826 rediret,
3197 3768 3253 3816 et
3295 3760 3600 3820 Ecclesiam

2032 3853 2188 3894 suam
2231 3842 2516 3911 reciperet.
2567 3842 2836 3900 Caeterum
2890 3849 3146 3918 suspicor
3175 3849 3458 3908 Valentem
3488 3870 3599 3910 non

2031 3948 2098 3987 ex
2123 3933 2289 3987 animi
2316 3935 2401 3989 sui
2436 3937 2706 3991 sententia
2734 3938 2838 3993 ista
2870 3940 3183 4010 scripsisse,
3215 3944 3311 3998 sed
3343 3946 3425 3999 vel
3449 3948 3596 4016 quod

2031 4032 2374 4081 constantem
2411 4029 2653 4083 omnium
2691 4029 2977 4085 hominum
3025 4033 3487 4092 existimationem
3529 4040 3599 4094 de

2030 4113 2234 4170 virtute
2264 4114 2550 4171 Athanasii
2583 4131 2767 4171 secum
2798 4118 2914 4189 ipse
2943 4128 3238 4189 reputaret,
3272 4132 3326 4178 et
3358 4126 3429 4181 ob
3457 4127 3599 4183 hanc

2030 4219 2253 4260 causam
2288 4207 2478 4275 procul
2509 4206 2675 4261 dubio
2703 4207 3145 4266 Valentinianum
3180 4212 3235 4267 id
3262 4217 3488 4274 moleste
3520 4219 3599 4273 Ia»

2032 4304 2214 4349 turum
2245 4314 2259 4350 :
2293 4294 2495 4366 quippe
2520 4296 2613 4366 qui
2652 4295 2859 4353 Nicazni
2887 4299 3108 4355 concilii
3139 4301 3443 4360 doctrinam
3479 4322 3596 4361 am-

2030 4387 2225 4458 plexus
2272 4395 2460 4444 esset:
2513 4390 2599 4445 vel
2632 4390 2776 4460 quod
2811 4391 3215 4449 multitudinem
3261 4411 3449 4452 eorum
3499 4401 3593 4470 qui

2028 4479 2331 4540 Athanasio
2376 4479 2651 4547 favebant,
2688 4482 3027 4547 formidaret,
3068 4500 3134 4540 ne
3170 4486 3301 4556 quid
3338 4488 3394 4543 in
3436 4489 3593 4545 dam-

2029 4589 2161 4627 num
2212 4573 2529 4643 reipublica:
2583 4574 2923 4632 molirentur.
2975 4575 3229 4632 Arbitror
3278 4579 3484 4646 etiam,
3538 4582 3592 4636 id

2027 4664 2174 4735 quod
2207 4665 2501 4720 verisimile
2541 4673 2645 4728 est,
2676 4665 3005 4722 Arianorum
3049 4669 3326 4726 antistites
3372 4686 3482 4725 non
3517 4672 3590 4725 ita

2024 4753 2332 4808 vehementi
2363 4754 2547 4809 studio
2581 4756 2635 4811 in
2667 4755 3201 4815 illum‘incubuisse:
3235 4760 3591 4829 praevidentes

1523 4907 1608 4962 VA
1622 4907 1788 4961 LESII
1836 4909 2390 4968 ANNOTATIONES.

423 4999 545 5085 (7.6)”
568 4998 675 5085 Ιξαὶ
729 5001 1136 5085 προμηθείας..
1163 5001 1510 5085 Supplftulus
1559 5003 1779 5058 videtur
1824 5006 1915 5061 hic

2034 5026 2108 5064 tus
2153 5011 2209 5064 in
2255 5011 2401 5065 hunc
2465 5011 2691 5066 modum
2761 5010 2855 5063 καὶ
2899 5010 3237 5082 προμηθείας
3280 5012 3587 5082 μείζονοςῆ

346 5068 494 5123 κατὰ
517 5068 799 5139 ἄνθρωπον
828 5068 966 5121 εἶναι
992 5070 1154 5134 δοκεῖ,
1192 5068 1492 5126 νοιεδόκει.

1754 5226 2062 5285 VARIORU
2075 5227 2143 5282 Μ.

426 5324 448 5351 ι’
485 5316 590 5367 Καὶ
622 5307 874 5385 μὲνῶδε
903 5316 1471 5390 διαφυγώνηιῖύςαίιιι
1498 5318 1784 5390 Athanasii
1820 5337 1920 5390 po-

346 5394 796 5458 SLPCIIIJIll._CIIttt
836 5388 1049 5441 erudito
1076 5389 1193 5458 viro
1226 5388 1463 5458 Antonio
1498 5387 1689 5458 Pagio,
1723 5390 1777 5443 in
1819 5387 1913 5444 an-

345 5470 479 5509 nu-n
511 5454 792 5522 rejicimus
824 5458 1045 5510 circiter
1073 5457 1198 5509 567.
1224 5456 1362 5521 Quia
1397 5454 1608 5511 scilicet
1635 5460 1711 5512 ait
1744 5458 1922 5513 Theo-

346 5525 560 5598 phanes
589 5526 945 5598 Athanasium
983 5527 1343 5595 quadraginta
1379 5543 1472 5581 sex
1505 5530 1665 5582 annis
1703 5531 1919 5598 episco-

345 5593 462 5668 pali
520 5594 866 5668 perfunctum
927 5593 1215 5668 munere,
1248 5604 1390 5650 totos
1446 5593 1807 5668 quadraginta
1860 5600 1916 5653 in

348 5661 613 5727 periculis
664 5665 1181 5735 calamitatibusque
1228 5661 1527 5732 versatum,
1577 5661 1760 5723 ita'ut
1814 5685 1906 5724 sex

2026 5320 2321 5391 postremis
2351 5321 2529 5377 solum
2568 5326 2689 5380 vita:
2720 5340 2833 5381 suae
2865 5326 3026 5380 annis
3050 5326 3098 5379 ei
3132 5325 3351 5379 licuerit
3396 5324 3502 5375 alta
3534 5332 3585 5375 et

2023 5390 2422 5466 imperturbata
2457 5392 2562 5466 frui
2613 5411 2767 5466 pace.
2802 5394 2934 5466 Quae
2977 5411 3108 5466 sane
3150 5393 3410 5466 temporis
3448 5394 3585 5445 ratio

2022 5459 2318 5538 constabit.
2344 5459 2391 5511 Si
2528 5459 2729 5519 annum
2756 5459 2857 5519 367
2884 5465 3208 5538 ejusfugarn
3246 5459 3583 5538 redituraque

2020 5532 2390 5583 conferamus.
2432 5532 2676 5602 (Clariss.
2715 5527 2969 5591 monachi
3001 5527 3340 5589 Betiedictini
3389 5529 3443 5580 in
3464 5527 3582 5581 Vita

2020 5602 2305 5664 Athanas.,
2334 5613 2453 5671 pag.
2489 5603 2600 5674 85.)
