4056 6326
280 410 462 491 γιδδδ

1264 410 1586 491 HISTORIA
1624 374 2174 466 ECCLESIASTICA.
2215 442 2285 450 —
2322 410 2453 466 LIB.
2497 409 2584 465 vr.

3415 411 3553 468 1354
3582 404 3589 413 ’

318 533 521 586 τούτων
536 532 685 585 οὐδέν
705 551 770 605 με
789 534 942 605 ἀνιᾷν
972 534 1278 606 δυνήσεται.
1297 535 1422 603 Εῖγε
1448 533 1636 587 οὑσίαν
1659 533 1755 604 μὲν
1774 531 1883 603 (82)

1988 532 2118 587 dum
2156 531 2457 603 conspicui,
2506 544 2605 586 nec
2651 530 2880 587 modica:
2918 531 3066 586 orbis
3103 538 3373 586 terrarum
3413 530 3552 600 parti

317 627 418 678 οὑκ
444 624 573 695 ἔχω,
605 626 771 696 (saxa;
796 643 853 681 τε
872 628 963 681 κα)⁵
989 626 1165 698 βιϐλία
1192 626 1363 695 ὀλίγα.
1391 625 1536 679 Dixi-3
1561 625 1616 678 δὲ
1644 627 1742 697 τὴν
1758 626 1882 695 γῆν,

318 714 396 779 ὼς
427 716 515 769 ἀεὶ
543 716 872 785 παροδεύων.
903 717 1070 789 Σῶμα
1098 717 1155 770 δὲ
1183 717 1250 771 δι’
1282 715 1588 781 ἀσθένειαν,
1623 716 1761 787 μετὰ
1788 716 1886 789 τὴν

318 806 542 880 πρώτην
590 806 826 876 πληγὴν,
860 808 1165 879 αἰσθήσεως
1202 809 1296 861 καὶ
1344 807 1591 878 βασάνων
1617 810 1882 878 κρεῖττον.

318 897 557 951 Τοιαῦτα
581 898 860 952 Βασιλείου
892 900 1438 970 παρρησιασαμένου,
1484 899 1770 970 θαυμάσας
1791 897 1884 952 τοῦ

317 986 512 1057 ἀνδρὸς
558 987 656 1058 τήν
684 988 886 1059 ἀρετὴν
918 989 947 1040 ό
969 987 1212 1059 ὕπαρχος
1241 989 1528 1059 ἀνήγγειλε
1555 989 1632 1060 τῷ
1656 988 1884 1059 βασιλεῖ.

262 1118 267 1123 .
329 1077 387 1129 Ὁ
413 1077 486 1138 δὲ,
514 1077 934 1147 ἐπιτελουμένης
951 1078 1052 1148 τῆς
1074 1077 1183 1132 τῶν
1205 1079 1513 1149 Θεοφανίων
1544 1081 1755 1150 ἑορτῆς,
1788 1079 1886 1133 σὺν

318 1169 431 1231 τοῖς
460 1168 685 1238 ἄρχουσι
707 1168 798 1221 καὶ
823 1168 1137 1242 δορυφόροις
1163 1170 1242 1232 είς
1270 1169 1369 1239 τὴν
1391 1169 1682 1241 ἐκκλησίαν
1710 1187 1886 1241 παρα-

322 1259 630 1329 γενόμενος,
664 1258 816 1329 δῶρά
847 1276 906 1312 τε
936 1261 1001 1330 τῇ
1048 1261 1169 1333 ίερᾷ
1203 1259 1450 1333 τραπέζῃ
1490 1263 1883 1334 προσήνεγκεν,

318 1346 413 1400 καὶ
443 1347 520 1410 εἰς
576 1346 766 1415 λόγους
811 1347 955 1419 αὐτῷ
980 1343 1132 1420 ἦλθε,
1178 1350 1274 1403 καὶ⁵
1301 1350 1492 1420 σοφίας
1533 1351 1627 1405 καὶ
1651 1352 1741 1405 τοῦ
1758 1353 1889 1422 περὶ

318 1436 380 1490 τὸ
414 1436 660 1507 ἱερᾶσθαι
683 1442 777 1490 καὶ
798 1437 1177 1509 ἐκκλησιάζειν
1206 1438 1410 1509 κόσμου
1437 1456 1496 1492 τε
1513 1440 1604 1494 καὶ
1635 1438 1889 1507 εὐταξίας

318 1526 602 1598 ἐπῄνεσεν.
643 1528 892 1598 Ἑκράτει
915 1527 971 1582 δὲ
1013 1528 1162 1600 ὅμως
1211 1530 1311 1584 οὑκ
1334 1530 1415 1595 είς
1440 1529 1655 1601 μακρὰν
1678 1533 1743 1584 ἐκ
1770 1531 1887 1584 δια-

319 1616 481 1687 ϐολῆς
509 1617 618 1672 τῶν
650 1617 927 1684 ἐναντίων,
970 1618 1266 1691 ὑπερορίαν
1314 1618 1475 1671 αὑτὸν
1500 1618 1687 1674 οἰκεῖν.
1723 1620 1886 1690 Rati)

317 1705 415 1770 νὺξ
438 1705 641 1776 παρῆν,
665 1705 788 1760 καθ’
817 1705 885 1777 ἢν
917 1705 1092 1759 ἐδόκει
1115 1703 1271 1759 τοῦτο
1308 1705 1554 1775 γίνεσθαι
1580 1719 1594 1735 ·
1630 1702 1887 1775 ἐξαπίνης

314 1797 372 1851 δὲ
396 1797 626 1870 πυρετὸς
644 1796 917 1851 ἐπιλαϐὼν
931 1797 1024 1850 τοῦ
1046 1796 1308 1867 βασιλέως
1318 1797 1410 1849 τὸν
1426 1795 1559 1860 υἱὸν,
1581 1797 1660 1859 είς
1683 1795 1887 1867 ἀθρόαν

316 1889 412 1940 καὶ
444 1887 717 1959 σφαλερὰν
736 1887 890 1941 νόσον
922 1886 1211 1942 κατέϐαλε.
1234 1886 1340 1940 Καὶ
1376 1888 1404 1940 ὁ
1426 1885 1604 1956 πατὴρ
1629 1886 1770 1939 κατὰ
1790 1884 1885 1938 τοὺ
1916 1885 1958 1939 Β

316 1977 544 2044 ἐδάφους
588 1977 895 2051 ἐρῤίπτετο,
952 1976 1033 2030 ἔτι
1082 1975 1261 2040 ζῶντα
1303 1976 1395 2030 τὸν
1447 1976 1610 2031 παῖδα
1634 1975 1842 2029 πενθῶν
1867 1992 1881 2006 ·

314 2069 612 2138 ἀμηχανῶν
632 2068 687 2121 δὲ
710 2069 805 2123 καὶ
833 2068 1167 2139 πανταχόθεν
1202 2068 1340 2121 σῶον
1373 2069 1533 2122 αὑτὸν
1566 2066 1884 2132 σπουδάζων

314 2158 477 2230 ἔχειν,
512 2161 929 2231 ἐπιτρέπειτοίς
948 2160 1167 2224 οἰκείοις
1207 2159 1677 2231 μετακαλέσασθαι
1723 2158 1886 2212 Βασί-

313 2251 460 2305 λειον
524 2253 605 2315 είς
658 2252 945 2329 ἐπίσκεψιν
998 2251 1093 2306 τοῦ
1150 2253 1437 2324 κειμένου·
1483 2251 1709 2323 ἔναγχος
1776 2250 1885 2321 γὰρ

315 2343 650 2417 ὑϐρισμένῳ,
679 2345 857 2416 ᾐδεῖτο
889 2344 1050 2408 αὐτὸς
1081 2345 1207 2417 περὶ
1234 2344 1420 2399 τούτου
1449 2344 1709 2399 κελεύειν.
1735 2347 1885 2417 ’Ἅμα

311 2434 369 2487 δὲ
395 2418 603 2505 παρῆν,
634 2435 729 2488 καὶ
792 2435 821 2488 ὁ
859 2437 988 2497 παῖς
1013 2435 1141 2506 ῥᾷον
1168 2434 1342 2504 ἔσχεν,
1394 2434 1469 2497 ὡς
1505 2434 1732 2499 πολλοὺς
1763 2436 1885 2490 τότε

315 2523 710 2597 ἰσχυρίζεσθαι,
748 2524 824 2589 ὡς
842 2526 943 2579 οὑκ
975 2526 1043 2579 ἄν
1069 2525 1357 2591 ἀπολώλει,
1396 2527 1446 2579 εί
1475 2526 1548 2597 μή
1584 2527 1679 2581 καὶ
1704 2530 1887 2599 ἑτερο-

310 2615 495 2681 δόξους
510 2618 627 2688 ἅμα
650 2617 910 2688 Βασιλείῳ
939 2618 1293 2674 συνεκάλεσεν
1316 2657 1332 2683 ,
1378 2618 1520 2689 ὑπὲρ
1562 2618 1657 2673 τοῦ
1698 2620 1888 2685 παιδὸς

311 2706 655 2777 εὑξομένους.
676 2708 843 2778 Λόγος
865 2709 923 2763 δὲ
943 2711 1039 2765 καὶ
1062 2710 1151 2764 τὸν
1167 2710 1409 2781 ὕπαρχον
1429 2710 1569 2781 νόσῳ
1589 2710 1707 2764 τότε
1729 2729 1883 2784 περι-

311 2801 498 2853 πεσεῖν
521 2814 535 2830 ·
590 2800 969 2856 ἀντιϐολοῦντα
1016 2801 1076 2856 δὲ
1117 2804 1213 2857 καὶ
1244 2800 1675 2873 παραιτούμενον
1721 2804 1883 2858 αὑτὸν

312 2888 446 2954 ὑγιᾶ
472 2889 744 2957 γενέσθαι.
789 2892 949 2948 Ἀλλὰ
979 2892 1151 2949 ταῦτα
1198 2892 1297 2967 μὲν
1338 2884 1720 2966 οὑῸαυμαστὰ
1752 2892 1883 2962 ῐσως

311 2979 515 3045 δόξειεν
555 2982 648 3035 ἐπὶ
677 2983 940 3058 Βασιλείῳ
979 2985 1344 3059 σκοπούμενα,
1379 2986 1537 3059 ἀνδρὶ
1576 2987 1883 3058 φιλοσοφω-

299 3072 460 3143 τάξει)
478 3091 538 3127 τε
569 3076 660 3129 καὶ
691 3075 867 3146 λόγοις
890 3077 1180 3150 ὑπερφυῶς
1208 3077 1642 3148 εὐδοκιμήσαντι.

1987 623 2293 692 imperatis,
2331 639 2446 678 non
2490 623 2610 678 ideo
2657 631 2839 680 tamen
2887 611 3202 684 hominibus
3252 622 3553 694 gratiﬁcari

1985 712 2161 777 decet,
2215 714 2373 768 ﬁdem
2424 731 2553 770 vero
2587 716 2642 770 in
2678 715 2843 770 Deum
2889 718 3164 788 negligere
3208 731 3411 785 :quam
3451 729 3554 784 ego

1984 802 2204 873 quidem
2265 821 2540 876 nunquam
2588 806 2955 877 prodiderim,
3008 823 3112 863 nee
3175 807 3222 861 si
3284 809 3551 861 bonorum

1986 894 2414 966 proscriptione,
2460 907 2555 951 aut
2602 898 2822 963 exsilio,
2876 907 2972 953 aut
3013 897 3233 967 capitali
3284 895 3551 950 sententia

1985 985 2275 1042 damnatus
2314 988 2488 1043 fuero.
2520 987 2664 1042 Nihil
2702 991 2847 1044 enim
2876 991 3071 1043 horum
3102 1003 3187 1043 me
3215 986 3408 1042 dolore
3441 985 3556 1038 am-

1985 1092 2114 1133 cere
2143 1078 2367 1150 poterit.
2412 1078 2546 1132 Nam
2594 1095 2724 1150 opes
2755 1081 2973 1152 quidem
3016 1078 3197 1134 nullas
3228 1078 3422 1140 habeo,
3456 1075 3551 1129 sed

1987 1168 2212 1239 pallium
2245 1169 2512 1238 duntaxat
2545 1179 2600 1226 et
2630 1186 2834 1241 paucos
2866 1171 3053 1227 libros.
3089 1171 3147 1224 ln
3175 1172 3337 1225 terris
3368 1176 3550 1221 autem

1986 1259 2061 1313 ita
2133 1260 2311 1329 dego,
2373 1261 2531 1331 quasi
2586 1263 2931 1332 peregrinus.
2985 1262 3202 1332 Corpus
3261 1274 3391 1315 vero
3444 1272 3556 1327 pne

1985 1348 2380 1416 imbecillitate,
2413 1357 2536 1421 post
2564 1352 2794 1421 primam
2826 1351 3086 1408 inﬂictam
3121 1351 3357 1422 plagam,
3388 1362 3554 1404 sensu

1985 1440 2196 1499 doloris
2253 1450 2307 1498 et
2364 1444 2704 1499 cruciatibus
2742 1446 2994 1514 superius
3051 1444 3179 1499 erit.
3239 1442 3373 1511 Quae
3427 1455 3558 1493 cum

1986 1532 2154 1587 libere
2205 1531 2439 1589 dixisset
2494 1514 2750 1599 Basilius,
2800 1533 3089 1603 praafettus
3134 1534 3392 1587 virtutem
3448 1529 3551 1582 viri

1986 1624 2326 1693 admiratus,
2374 1640 2487 1680 rem
2525 1625 2840 1694 imperatori
2894 1626 3186 1681 nuntiavit.
3244 1624 3368 1687 Ille,
3427 1637 3558 1676 cum

1986 1713 2161 1772 festus
2219 1716 2698 1786 Tbcophaniorum
2753 1716 2871 1772 dies
2925 1727 3196 1786 ageretur,
3256 1731 3364 1771 una
3423 1727 3549 1768 cum

1986 1807 2282 1864 comitibus
2320 1806 2438 1864 suis
2474 1815 2528 1862 et
2563 1806 2964 1878 protectoribus
3003 1807 3070 1859 ad
3108 1807 3399 1871 ecclesiam
3432 1818 3559 1873 pros

1986 1900 2191 1954 cessit:
2222 1908 2278 1954 et
2332 1898 2651 1954 muneribus
2695 1897 2811 1953 suis
2867 1897 2933 1952 ad
2995 1898 3170 1953 altare
3220 1894 3451 1958 oblatis,
3502 1896 3555 1945 in

1986 1990 2319 2060 colloquium
2370 1990 2516 2044 venit
2570 2005 2694 2044 cum
2740 1986 2964 2052 Basilio,
3015 2003 3250 2057 eumque
3310 1995 3425 2040 tum
3487 1985 3558 2038 ob

1987 2080 2359 2152 prudentiam,
2386 2088 2498 2134 tum
2539 2080 2610 2157 ob
2631 2078 2881 2135 decorem
2914 2089 3077 2149 atque
3102 2079 3422 2151 gravitatem
3449 2091 3556 2145 qua

1986 2171 2279 2227 sacerdotii
2337 2187 2536 2227 munus
2582 2172 2790 2241 obibat,
2853 2178 2907 2226 et
2961 2178 3264 2226 conventus
3328 2166 3542 2237 agebat,

1987 2275 2315 2331 magnopere
2350 2263 2622 2332 suspexit.
2650 2261 2817 2316 Paulo
2852 2268 2975 2330 post
3003 2268 3184 2314 tamen
3209 2255 3556 2313 adversario-

1986 2366 2109 2406 rum
2142 2353 2432 2408 calumniis
2457 2352 2707 2408 ell'ectum
2744 2360 2851 2417 est,
2882 2360 2943 2406 ut
2993 2352 3046 2405 in
3074 2351 3329 2407 exsilium
3365 2349 3550 2402 mitte~

1987 2451 2159 2499 retur.
2219 2443 2451 2515 Jamque
2508 2444 2697 2500 aderat
2750 2460 2856 2498 uox
2896 2459 3002 2515 qua
3058 2445 3113 2500 id
3162 2441 3552 2514 perficiendum

1987 2534 2292 2590 videbatur.
2334 2534 2470 2589 Cum
2512 2546 2736 2605 repente
2780 2536 2947 2592 febris
2994 2533 3343 2605 imperatoris
3381 2532 3552 2588 lilium

1952 2636 1959 2639 ·
1986 2623 2329 2693 corripiens,
2347 2624 2576 2694 ancipiti
2610 2640 2672 2679 ae
2708 2625 3019 2695 periculoso
3043 2623 3237 2680 morbo
3262 2621 3551 2693 oppressit.

1991 2713 2148 2769 Pater
2187 2714 2308 2785 ipse
2347 2715 2501 2770 humi
2553 2719 2894 2785 provolutus,
2932 2717 3102 2771 ﬁlium
3142 2715 3320 2771 adhuc
3360 2727 3554 2783 super-

1989 2806 2173 2863 stitem
2203 2807 2443 2876 lugebat.
2474 2808 2724 2878 Cumque
2758 2809 2828 2863 ad
2859 2809 3099 2879 inopiam
3142 2806 3357 2862 consilii
3397 2805 3555 2860 reda.

1986 2907 2111 2953 ctus
2133 2904 2302 2963 esset,
2325 2904 2380 2952 et
2401 2897 2656 2955 omnibus
2687 2898 2862 2955 modis
2884 2898 3212 2955 incolumem
3243 2895 3349 2953 sibi
3384 2894 3552 2949 lilium

1986 2990 2201 3046 restitui
2233 2990 2498 3056 studeret,
2525 2991 2775 3060 permisit
2797 2990 3181 3053 familiaribus,
3208 2998 3265 3043 ut
3294 2987 3554 3042 Basilium

1984 3087 2332 3136 accerserent
2371 3079 2439 3134 ad
2478 3079 2764 3136 visendum
2805 3094 3034 3150 aegrum.
3067 3079 3123 3133 ld
3162 3078 3309 3133 enim
3352 3078 3473 3147 ipse
3502 3073 3555 3130 ei

313 3164 575 3220 mandare
596 3182 703 3219 non
724 3167 986 3232 audebat,
1018 3182 1181 3238 quem
1207 3166 1367 3237 paulo
1391 3175 1517 3221 ante
1545 3166 1878 3223 contumelia
1917 3165 2216 3224 affecisset.
2259 3166 2434 3223 Simul
2480 3176 2646 3236 atque
2713 3167 2886 3221 adfuit
2940 3165 3199 3227 Basilius,
3246 3179 3379 3233 puer
3446 3178 3560 3216 mc-

318 3254 428 3309 lius
457 3254 658 3311 habere
685 3258 851 3328 ccepit
883 3274 899 3315 :
932 3259 1068 3314 adeo
1096 3257 1261 3329 239
1288 3264 1349 3312 ut
1417 3257 1576 3314 multi
1651 3257 2063 3324 allirmaverint,
2109 3274 2337 3330 puerum
2374 3262 2599 3314 omnino
2644 3258 2980 3313 moriturum
3042 3272 3151 3314 nou
3192 3255 3384 3324 fuisse,
3451 3254 3560 3310 nisi

312 3364 425 3403 uua
454 3364 580 3403 cum
602 3350 800 3407 Basilio
821 3352 1110 3411 haereticos
1129 3355 1291 3410 etiam
1321 3353 1644 3409 advocasset
1695 3352 1918 3420 Valens,
1992 3355 2086 3425 qui
2141 3370 2243 3426 pro
2302 3354 2413 3408 ﬁlio
2472 3360 2850 3425 precarentur.
2905 3350 3214 3418 Quinetiam
3274 3348 3563 3419 praefectus

312 3442 509 3496 eodem
540 3448 787 3511 tempore
820 3445 875 3498 in
904 3446 1158 3501 morbum
1192 3444 1455 3503 incidisse
1487 3444 1706 3501 fertur:
1775 3460 2012 3517 cumque
2052 3446 2392 3518 supplicaret
2436 3461 2503 3502 ac
2561 3446 2776 3500 veniam
2848 3450 3077 3514 peteret,
3125 3442 3356 3497 salutem
3406 3455 3561 3495 recu-

313 3549 564 3605 perasse.
614 3533 816 3590 Verum
866 3538 981 3594 haec
1021 3540 1204 3594 minus
1251 3538 1602 3595 admirabilia
1651 3537 1884 3596 fortasse
1922 3540 2255 3596 videbuntur
2299 3541 2354 3595 in
2431 3539 2656 3605 Basilio,
2705 3540 2825 3594 viro
2852 3536 3144 3594 excellenti
3217 3534 3561 3606 philosophia

314 3629 568 3698 praedito,
620 3638 673 3683 et
716 3630 788 3686 ob
821 3631 1125 3701 doctrinam
1163 3642 1328 3702 atque
1357 3633 1729 3705 eloquentiam
1773 3633 1976 3703 ubique
2008 3633 2312 3688 celebrato.

911 3726 1159 3782 ΚΕΦΑΛ.
1192 3727 1289 3783 IZ'.

311 3813 455 3888 Περὶ
476 3813 588 3888 τῆς
611 3815 954 3888 συμμαχίας
978 3819 1301 3888 Βᾳσιλείου
1323 3819 1420 3872 καὶ
1438 3819 1766 3888 Γρηγορίου
1782 3819 1889 3874 τοῦ

390 3886 715 3960 Θερλόγου·
765 3887 863 3960 καί
892 3887 998 3960 ’ὡς
1020 3885 1186 3960 ἄκροι
1221 3885 1525 3960 γενόμενοι
1549 3885 1654 3944 ἐπὶ
1678 3891 1886 3960 σοφίᾳ,

389 3954 492 4008 τοῦ
512 3955 581 4006 ἐν
600 3956 812 4021 Νικαίᾳ
832 3954 1121 4024 δόγματος
1147 3954 1573 4025 ὑπὲρίοίταντο.

390 4046 683 4117 Σύγχρονοι
736 4047 792 4100 δέ
840 4047 991 4110 ὄντες
1022 4047 1182 4110 αὑτός
1210 4065 1270 4101 τε
1288 4050 1381 4104 καὶ
1408 4049 1728 4123 Γρηγόριος.
1757 4051 1888 4122 όμό-
1930 4126 1935 4131 γ

314 4134 471 4203 ζηλοι
496 4138 615 4198 ταῖς
650 4138 894 4206 ἀρεταῖς,
935 4136 1010 4200 ὡς
1048 4138 1242 4199 είπεῖν,
1286 4140 1658 4210 ἐγνωρίζοντο.
1686 4142 1888 4212 ’Ἄμφω

315 4225 428 4295 γὰρ
453 4225 558 4277 νέοι
614 4225 788 4290 ὄντες,
824 4227 1039 4296 Ἰμερίῳ
1072 4228 1164 4280 καὶ
1196 4229 1552 4301 Προαιρεσίῳ,
1609 4235 1720 4295 τοῖς
1765 4233 1888 4286 τότε

313 4318 709 4387 δοκιμωτάτοις
737 4321 1017 4388 σοφισταῖς
1050 4321 1108 4373 ἐν
1135 4320 1384 4391 Ἀθήναις
1409 4322 1730 4393 ἐφοίτησανο
1751 4326 1888 4395 μετὰ

312 4407 489 4462 ταῦτα
513 4409 588 4469 δέ.
614 4411 671 4462 ἐν
701 4411 997 4481 Ἀντιοχείᾳ
1013 4411 1248 4483 Λιϐανίῳ
1260 4412 1526 4484 τῷΣύρῳ.
1543 4415 1886 4483 Σοφιστεύειν

310 4497 376 4552 δὲ
404 4500 495 4553 καὶ
516 4499 669 4564 δίκας
691 4499 975 4572 ἀγορεύειν
1001 4502 1365 4572 ὑπεριδόντες,
1398 4503 1706 4572 φιλοσοφεῖν
1728 4504 1886 4574 ἔγνω-

316 4603 421 4641 σαν
455 4590 593 4643 κατὰ
654 4591 743 4643 τὸν
779 4592 877 4660 τῆς
910 4590 1234 4663 Ἐκκλησίας
1288 4591 1472 4662 νόμον.
1513 4592 1635 4646 Ἐπί
1672 4612 1791 4648 τινα
1830 4596 1885 4649 δὲ

315 4676 510 4750 χρόνον
534 4680 645 4742 τοῖς
679 4679 964 4752 μαθήμασι
1007 4680 1113 4734 τῶν
1163 4681 1293 4752 παρ’
1324 4681 1549 4753 Ἕλλησι
1582 4683 1885 4754 φιλοσόφων

316 4769 773 4840 ἐνδιατρίψαντες,
807 4772 1016 4835 καὶτὰς
1047 4772 1338 4843 ἐξηγήσεις
1365 4773 1473 4827 τῶν
1502 4774 1663 4845 ιερῶν
1695 4776 1882 4845 Λόγων

319 4859 787 4931 ἐξακριὸὡσαντες
843 4863 907 4916 ἐκ
950 4862 1058 4917 τῶν
1105 4864 1429 4935 Ὠριγένους,
1489 4867 1583 4919 καὶ
1621 4867 1731 4923 τῶν
1780 4868 1885 4938 πρὸ

2585 3724 2740 3781 CAP.
2791 3722 2953 3778 XVII.

1990 3820 2069 3876 De
2115 3823 2364 3876 societate
2408 3823 2549 3876 inter
2588 3819 2847 3873 Basiliam
2888 3826 2939 3872 et
2979 3814 3286 3886 Gregorium
3339 3813 3559 3870 Theolo-

2059 3908 2186 3961 gum
2215 3902 2311 3962 χει
2339 3891 2599 3962 quanton
2643 3889 2809 3962 ambo
2831 3887 3109 3962 excellenti
3139 3887 3384 3941 doctrina
3421 3901 3559 3954 prcr-

2059 3955 2179 4024 ἱίίιὶ,
2217 3955 2493 4014 Nicrimam
2526 3958 2683 4029 fidem
2715 3955 3080 4020 defenderam.

2059 4047 2166 4102 Iste
2218 4063 2382 4115 porro
2433 4054 2487 4102 et
2542 4044 2864 4114 Gregorius,
2926 4044 3041 4112 pari
3092 4041 3314 4097 virtutis
3375 4040 3560 4096 studio

1988 4139 2179 4201 dediti,
2209 4139 2403 4193 iisdem
2440 4138 2780 4207 temporibus
2823 4134 3149 4190 ﬂoruerunt.
3200 4134 3375 4189 Ambo
3410 4134 3559 4189 enim

1989 4226 2170 4281 adhuc
2227 4225 2625 4287 adolescentes,
2684 4223 2987 4279 llimerium
3043 4234 3097 4278 et
3164 4221 3556 4288 Promresium,

1988 4319 2264 4388 sepbistas
2297 4332 2361 4373 ea
2396 4325 2720 4388 tempestate
2745 4318 3162 4380 celeberrimos,
3196 4316 3425 4372 Athenis
3447 4332 3548 4371 au-

1987 4408 2211 4464 dierunt
2257 4428 2271 4464 :
2318 4418 2508 4480 postea
2562 4425 2692 4466 vero
2751 4409 3042 4465 Libanium
3106 4407 3303 4480 Syrum
3363 4408 3560 4464 Antio-

1987 4501 2124 4556 chia:
2145 4502 2182 4557 ³.
2219 4500 2325 4557 Sed
2356 4516 2480 4556 cum
2515 4501 2877 4573 sophisticam
2912 4499 3312 4573 professionem
3343 4508 3398 4556 et
3427 4516 3559 4555 cau-

1988 4594 2277 4650 sidicinam
2305 4595 2522 4650 tandem
2554 4596 2918 4666 sprevissent,
2952 4594 3109 4665 juxta
3151 4608 3340 4649 sacras
3380 4595 3560 4649 Eccle-

1984 4686 2080 4740 sia:
2130 4686 2275 4755 leges
2335 4687 2711 4757 philosophari
2763 4687 3150 4742 decreverunt.
3208 4684 3381 4739 Porro
3432 4700 3555 4739 cuin

1989 4777 2325 4846 aliquantum
2364 4780 2623 4849 temporis
2661 4778 2717 4833 in
2748 4777 3064 4848 disciplinis
3099 4775 3554 4845 philosophorum

1986 4867 2266 4936 gentilium
2301 4862 2795 4939 consumpsissem,
2812 4874 2868 4922 et
2894 4882 3179 4922 sacrarum
3216 4867 3548 4921 Litterarum

314 4949 483 5005 αὑτοῦ
521 4951 615 5005 καὶ
647 4953 760 5023 μετ’
791 4955 995 5007 ἐκεῖνον
1032 4955 1090 5006 ἐν
1108 4958 1226 5018 ταῖς
1255 4956 1570 5028 ἑρμηνείαις
1589 4957 1696 5011 τῶν
1724 4958 1885 5030 ἱερῶν

1985 4959 2380 5028 expositionem
2436 4961 2631 5031 partim
2678 4975 2741 5014 ex
2798 4960 3213 5015 commentariis
3264 4956 3553 5027 Origenis,

314 5041 527 5095 Βίὸλων
560 5043 1049 5113 εὐδοκιμησάντων,
1076 5045 1221 5115 μέγα
1245 5046 1434 5114 ὄφελος
1461 5048 1602 5101 κατὰ
1620 5048 1710 5101 τὸν
1741 5066 1884 5117 παρ-

1986 5052 2185 5121 partim
2233 5066 2297 5106 ex
2339 5053 2485 5117 aliis,
2516 5051 2610 5119 qui
2660 5051 2741 5106 vel
2784 5058 2912 5106 ante
2956 5050 3270 5120 Origenen',
3311 5051 3390 5104 vel
3437 5060 3601 5120 post.

315 5134 448 5185 ὄντα
476 5134 662 5204 καιρὸν
720 5135 962 5202 ἐγένοντο
1008 5138 1118 5198 τοῖς
1170 5137 1442 5207 όμοδόξοις
1465 5138 1572 5192 τῶν
1596 5142 1654 5193 ἐν
1679 5140 1881 5211 Νικαίςι

1989 5143 2164 5209 illum,
2211 5144 2263 5198 in
2304 5146 2479 5200 sacris
2525 5144 2909 5200 Volumiuibus
2967 5143 3396 5213 interpretandis
3450 5160 3554 5197 non

392 5316 410 5346 ί
446 5315 625 5377 Socr..
661 5316 753 5370 lib.
788 5330 859 5379 ιν,
898 5330 946 5370 c.
979 5315 1068 5371 26.

1495 5471 1760 5528 VALESII
1800 5473 2356 5532 ANNOTATIONES.

389 5584 498 5663 (ξε)
538 5585 746 5663 ἀνὴρ
772 5586 990 5663 οὐσίαν
1008 5586 1137 5654 μέν.
1165 5583 1321 5663 [iuno
1340 5585 1776 5663 flocunreorregi
1806 5606 1871 5644 ex

1985 5592 2343 5663 terrogatione
2384 5591 2568 5645 Basilii
2602 5593 3077 5663 coramiModesto
3118 5592 3374 5663 prmfecto
3407 5606 3546 5663 prm-

312 5657 509 5730 codicc
540 5655 871 5730 Fukctiano,
924 5657 975 5708 in
1014 5671 1132 5730 quo
1179 5655 1386 5709 diserte
1424 5657 1683 5730 scribitur
1711 5658 1764 5710 εἴ
1810 5677 1873 5727 γε
1982 5655 2154 5730 torio,
2180 5662 2448 5730 vide'qua:
2481 5663 2664 5715 notavi
2704 5664 2768 5716 ad
2793 5662 3030 5717 Socratis
3070 5655 3160 5717 lib.
3197 5677 3267 5721 tv.
3303 5655 3424 5730 cap;
3455 5662 3542 5712 26.

314 5726 504 5802 οὐσίαν
553 5726 657 5802 psi:
685 5725 960 5802 οὑκιέχωο
1000 5724 1163 5802 pange,-
1192 5741 1269 5787 τε,
1313 5733 1419 5802 etc:
1462 5724 1667 5778 Mallem
1695 5724 1873 5802 tamen

1985 5728 2166 5798 Neque
2199 5724 2358 5783 enim"
2376 5748 2515 5800 opus
2554 5741 2632 5788 cst
2664 5733 2750 5786 hic
2794 5741 3040 5802 repetere
3076 5748 3136 5785 ca
3166 5745 3284 5801 qua)
3316 5724 3426 5781 illic
3454 5731 3546 5783 ub-

318 5795 562 5847 scriberc
593 5796 755 5862 ῥᾶχος
788 5793 883 5859 δέ,
932 5802 1033 5846 ctc.
1086 5793 1253 5846 Porro
1300 5795 1365 5848 de
1401 5796 1498 5847 hac
1530 5796 1765 5848 secunda
1802 5797 1881 5850 in.
1991 5793 2201 5854 servata
2232 5808 2378 5854 sunt.
