4056 6326
382 331 519 399 1537

1330 341 1652 401 HISTORIA
1690 346 2243 409 ECCLESIASTICA.
2285 382 2354 392 —
2392 349 2520 403 LIB.
2561 348 2646 404 Vi.

3486 350 3626 409 i338

374 445 453 514 τῷ
476 443 706 516 ὑπάρχῳ
764 441 853 518 ἦν,
908 449 1109 521 καίπερ
1157 452 1462 524 ἐτερόδοξος
1500 455 1596 522 ὢν,
1645 458 1819 531 λάθρα
1845 461 1954 523 τοῖς

2062 470 2357 518 conventus
2381 463 2495 517 lteri
2518 461 2878 534 permisisset.
2914 461 2981 516 At
3012 460 3315 532 Modestus,
3344 463 3449 521 hoc
3476 468 3625 523 enim

387 534 690 606 Ἐδεσηνοίς
723 538 981 607 ἐμήνυσε,
1029 540 1366 609 φυλάξασθαι
1410 546 1508 616 τὴν
1545 548 1837 621 ὑστεραίαν
1877 549 1952 622 μὴ

378 625 653 680 συνελθεῖν
706 630 788 691 είς
828 630 920 683 τὸν
966 632 1193 687 εἰωθότα
1224 634 1388 690 τόπον
1438 636 1772 708 εὐξαμένους
1815 641 1952 712 (87).

375 715 529 771 Εἶναι
558 719 667 789 γὰρ
696 718 845 790 αὐτῷ
879 725 1354 796 προστεταγμένον
1374 728 1524 797 παρὰ
1542 728 1635 781 τοῦ
1668 728 1952 798 βασιλέως,

377 811 733 881 τιμωρεῖσθαι
785 813 911 876 τοὺς
964 815 1369 887 ἁλισκομένους.
1426 819 1537 873 Καὶ
1573 821 1602 873 6
1646 821 1744 889 μὲν
1782 820 1957 876 ταῦτα

378 902 609 971 ἠπείλει,
639 903 927 973 ἢόλίγους,
983 906 1017 977 ἢ
1076 909 1278 979 μηδένα
1315 911 1559 981 προνοῶν
1589 913 1954 977 κινδυνεῦσαι,

378 997 472 1049 καὶ
491 996 652 1053 αὐτὸν
704 1000 1087 1070 παραιτεῖσθαι
1155 1005 1472 1068 σπουδάζων
1529 1006 1667 1077 πρὸς
1714 1006 1814 1075 τὴν
1862 1003 1956 1059 τοῦ

376 1087 707 1159 κρατοῦντος
739 1091 927 1163 ὀργήν.
952 1093 1014 1145 Οἱ
1038 1091 1094 1147 δὲ
1143 1092 1439 1165 Ἐδεσηνοὶ,
1470 1099 1596 1167 παρ’
1618 1096 1767 1150 οὐδὲν
1798 1112 1953 1166 ποιη-

383 1181 608 1250 σάμενοι
636 1182 734 1254 τὴν
766 1183 1015 1254 ἀπειλὴν,
1062 1187 1473 1257 σπουδαιότερον
1510 1187 1542 1258 ἢ
1582 1185 1803 1257 προτοῦ,
1836 1202 1960 1239 συν-

379 1275 569 1346 έρρεον
598 1275 788 1340 ἔωθεν,
824 1277 919 1330 καὶ
968 1277 1057 1330 τὸν
1106 1278 1333 1332 εἰωθότα
1366 1278 1529 1347 τόπον
1560 1279 1853 1350 ἐπλήρουν.
1898 1278 1958 1332 '0

375 1365 435 1417 δέ
469 1366 759 1431 Μόδεστος,
787 1367 1147 1437 ἀγγελθέντος
1192 1369 1405 1432 τούτου,
1438 1370 1535 1423 οὐκ
1556 1365 1702 1440 εῖχεν
1730 1371 1758 1423 ὃ
1780 1387 1833 1423 τι
1866 1371 1960 1423 καὶ

381 1458 679 1528 ποιήσειεν,
710 1460 1008 1530 ἀμηχανῶν
1039 1460 1097 1514 δέ
1126 1462 1240 1524 τοῖς
1267 1460 1559 1533 παροῦσιν,
1607 1463 1755 1532 ὅμως
1781 1463 1874 1514 ὲπὶ
1899 1462 1960 1516 τὸ

379 1548 562 1603 πεδίον
614 1550 723 1621 ᾔει.
772 1551 915 1624 Γυνὴ
962 1551 1019 1605 δέ
1053 1569 1139 1617 τις
1166 1552 1452 1626 παιδάριον
1489 1555 1741 1619 ἐλκουσα,
1775 1556 1869 1609 καὶ
1901 1555 1962 1608 τδ

383 1640 556 1711 φᾶρος
591 1642 714 1712 είκῆ
742 1643 1110 1716 ἐπισυρομένη
1136 1646 1290 1717 παρὰ
1315 1646 1406 1699 τὸν
1435 1644 1713 1717 πρέποντα
1744 1647 1962 1714 γυναικὶ

383 1731 607 1802 κόσμον,
640 1733 717 1796 ὡς
746 1733 839 1787 ἐπί
874 1752 926 1788 τι
964 1736 1247 1790 σπουδαῖον
1288 1737 1637 1809 ἐπειγομένη,
1668 1737 1766 1809 τὴν
1799 1740 1961 1810 ήγου-

2054 553 2277 609 nomine
2323 554 2620 608 vocabatur
2661 551 2988 624 praefectus,
3033 554 3161 609 licet
3193 557 3420 613 alterius
3463 568 3626 615 secta:

2055 651 2226 712 esset,
2255 643 2399 700 clam
2436 652 2619 699 tamen
2651 644 2961 700 Edessenos
3001 646 3342 714 submonuit,
3376 657 3435 703 ut
3469 664 3629 705 cave-

2054 740 2178 790 rent
2207 748 2276 788 ne
2310 739 2536 804 postero
2562 733 2651 788 die
2680 732 2746 786 ad
2790 743 3115 789 consuetum
3146 734 3323 789 locum
3369 738 3628 804 precandi
3697 768 3708 779 -

2054 839 2222 880 causa
2275 825 2655 879 convenirent.
2718 822 2833 877 Sibi
2896 840 3131 894 namque
3180 825 3249 879 ab
3303 825 3627 896 imperatore

2056 921 2387 985 praeceptum
2432 929 2575 977 esse,
2619 913 2755 967 utin
2798 928 2895 969 eos
2947 914 3039 985 qui
3074 914 3401 983 deprehensi
3445 927 3632 972 essent

2056 1004 2538 1059 animadverteret.
2575 1004 2655 1059 Ac
2682 1002 2975 1072 praefectus
3000 1004 3218 1073 quidem
3250 1004 3354 1060 ista
3382 1005 3630 1061 minaba-

2056 1105 2168 1160 tur,
2203 1096 2546 1165 prospiciens
2595 1105 2667 1165 ut,
2706 1111 2867 1150 nemo
2897 1111 3109 1157 eorum,
3149 1097 3233 1150 vel
3276 1105 3429 1153 certe
3462 1113 3631 1169 quam

2056 1189 2384 1259 paucissimi
2434 1189 2489 1242 in
2537 1188 2835 1243 discrimen
2869 1188 3145 1251 venirent,
3182 1197 3354 1258 utque
3398 1190 3633 1260 ipsemet

2058 1280 2406 1350 imperatoris
2437 1280 2574 1335 iram
2608 1267 2888 1350 effugeret.
2928 1278 3131 1335 Verum
3168 1279 3451 1346 Edesseni,
3475 1296 3631 1352 spre-

2058 1372 2133 1427 tis
2162 1370 2475 1441 hujusmodi
2508 1370 2694 1432 minis,
2726 1372 2904 1440 primo
2935 1370 3201 1437 diluculo,
3238 1372 3443 1441 majore
3464 1388 3630 1444 quam

2060 1473 2221 1519 antea
2261 1463 2445 1519 studio
2493 1461 2918 1532 conﬂuxerunt,
2971 1471 3026 1519 et
3073 1475 3398 1520 consuetum
3446 1465 3631 1520 locum

2061 1564 2417 1629 occuparunt.
2459 1556 2533 1611 Ea
2564 1572 2623 1612 re
2645 1556 2919 1619 nuntiata,
2967 1554 3250 1611 Modestus
3286 1555 3416 1626 quid
3448 1561 3635 1627 ageret

2061 1651 2360 1706 nesciebat.
2398 1648 2470 1702 Et
2514 1649 2766 1718 quamvis
2818 1649 2874 1702 in
2916 1648 3020 1701 hoc
3048 1662 3231 1702 rerum
3278 1658 3422 1704 statu
3472 1649 3634 1719 inops

2063 1738 2281 1792 consilii
2321 1747 2489 1800 esset,
2545 1735 2906 1792 nihilominus
2958 1736 3025 1789 ad
3067 1749 3319 1805 campum
3371 1736 3632 1807 perrexit.

384 1798 556 1895 μένην
596 1824 690 1879 τοῦ
736 1826 982 1898 ὑπάρχου
1030 1798 1433 1901 στρατιωτικὴν.
1481 1798 1639 1900 ἐπτιχᾶ
1690 1798 1956 1898 δίέτεμεν.

2064 1825 2274 1883 Interea
2322 1828 2522 1884 mulier
2577 1829 2826 1898 quaedam
2880 1841 3111 1897 puerum
3159 1840 3324 1880 manu
3368 1835 3635 1895 raptans,

394 1915 540 1969 Ἰδὼν
567 1918 623 1971 δὲ
655 1917 945 1983 Μόδεστος,
991 1918 1321 1992 προσέταξεν
1364 1920 1534 1990 αὐτὴν
1568 1919 1954 2002 συλληφθῆναι.

382 2008 495 2062 Καὶ
543 2009 1090 2081 προσκαλεσάμενος,
1145 2012 1346 2083 ἀπῄτει
1399 2011 1577 2078 λέγειν
1620 2010 1712 2063 τοῦ
1757 2011 1959 2091 δρόμου

382 2097 482 2168 τὴν
508 2098 705 2151 αἰτίαν.
757 2099 869 2170 Τῆς
896 2099 953 2152 δέ
991 2098 1271 2170 εἰπούσης,
1312 2099 1398 2153 ἵνα
1426 2100 1618 2153 θᾶττον
1664 2099 1961 2154 καταλάϐοι

381 2186 445 2239 τὸ
474 2187 675 2247 πεδίον,
705 2186 832 2240 ἔνθα
862 2191 1106 2243 συνιᾶσιν
1132 2191 1181 2242 oi
1203 2189 1313 2243 ἀπὸ
1342 2190 1443 2261 τῆς
1460 2189 1689 2246 καθόλου
1733 2191 1962 2262 Ἐκκλη-

383 2276 526 2340 σίας.
581 2279 732 2347 Μόνη
783 2275 897 2343 οὖν,
955 2279 1057 2351 έφη
1098 2281 1391 2346 Μόδεστος,
1424 2282 1524 2336 οὐκ
1566 2281 1736 2352 ἔγνως
1766 2283 1962 2336 αὐτίκα

386 2368 601 2438 μέλλειν
633 2373 811 2425 ἐκεῖσε
850 2372 941 2424 τὸν
976 2371 1221 2444 ὕπαρχον
1254 2374 1408 2435 ἰέναι,
1440 2375 1533 2428 καὶ
1563 2373 1657 2438 οὓς
1694 2372 1760 2429 ἂν
1785 2375 1958 2446 εὖροι,

384 2460 594 2526 πάντας
651 2463 1205 2535 άναιρήσεινιΝαίχι
1258 2464 1494 2535 ἀκήκοα,
1550 2467 1705 2536 φησὶ,
1747 2467 1841 2520 καὶ
1872 2465 1963 2521 διὰ

383 2554 545 2608 τοῦτο
600 2557 834 2626 μάλιστα
890 2559 1091 2630 δρόμου
1134 2560 1215 2613 δεῖ
1266 2577 1387 2631 μοι,
1429 2559 1516 2614 ἵνα
1547 2560 1621 2631 μὴ
1648 2560 1740 2613 τοῦ
1770 2561 1961 2633 καιροῦ

383 2646 613 2699 κατόπιν
639 2648 901 2719 γένωμαι,
941 2652 1035 2705 καὶ
1080 2651 1313 2723 ἁμάρτω
1344 2654 1443 2723 τῆς
1477 2655 1605 2724 περὶ
1654 2652 1790 2706 Θεοῦ
1822 2671 1959 2725 μαρ-

384 2737 579 2807 τυρίας
601 2738 733 2805 (88).
751 2741 938 2812 Ἀτάρ,
966 2743 1019 2795 τί
1038 2760 1101 2812 γε
1126 2743 1285 2796 τοῦτο
1296 2742 1357 2796 τὸ
1384 2743 1593 2796 παιδίον
1625 2744 1742 2815 μεθ’
1764 2745 1965 2815 ἑαυτῆς

386 2825 563 2896 ἄγεις,
616 2830 779 2900 ἤρετο
824 2835 853 2886 ὀ
888 2834 1132 2907 ὕπαρχος
1158 2851 1172 2865 ο
1208 2836 1283 2901 ὡς
1315 2837 1379 2891 ἄν
1410 2853 1475 2905 γε
1522 2836 1614 2890 καὶ
1644 2836 1804 2901 αὐτὸ,
1836 2836 1963 2906 ἔφη,

380 2917 478 2970 τοῦ
506 2920 682 2973 κοινοῦ
722 2922 927 2988 πάθους
956 2926 1219 2999 μετάσχῃ,
1253 2927 1351 2979 καὶ
1378 2926 1483 2980 τῶν
1518 2925 1649 2979 ίσων
1680 2926 1959 2997 ἀξιωθείη.

386 3007 685 3080 Θαυμάσας
712 3012 767 3065 δὲ
803 3014 831 3066 6
869 3014 1139 3080 Μόδεστος
1177 3015 1276 3087 τὴν
1300 3019 1537 3086 γυναῖκα
1569 3016 1666 3088 τῆς
1688 3017 1959 3088 ἀνδρείας,

2061 1933 2222 1974 secus
2262 1934 2426 1989 quam
2474 1920 2757 1975 mulierem
2789 1919 2965 1985 decet,
3008 1918 3233 1987 pallium
3276 1917 3636 1986 incomposite

2062 2010 2308 2076 trahens,
2334 2009 2626 2064 militarem
2658 2024 2880 2064 manum
2911 2024 3032 2081 qua
3062 2008 3377 2078 praefectum
3397 2009 3632 2064 anteibat

2061 2102 2328 2172 perrupit,
2361 2103 2518 2172 quasi
2548 2101 2615 2157 ad
2656 2102 2836 2174 magni
2878 2088 3143 2157 momenti
3174 2102 3452 2171 negotium
3482 2100 3626 2159 festi-

2062 2208 2224 2248 nans.
2248 2192 2404 2260 Quod
2431 2210 2555 2250 cum
2586 2194 2813 2249 vidisset
2837 2192 3139 2259 Modestus,
3171 2194 3453 2249 mulierem
3483 2208 3636 2248 com~

2062 2283 2329 2356 prehendi
2356 2283 2548 2353 jussit.
2579 2283 2645 2338 Et
2682 2285 3006 2339 accersitam
3054 2284 3122 2338 ad
3168 2299 3230 2339 se
3259 2282 3636 2352 interrogavit,

2061 2389 2183 2444 quae
2229 2389 2398 2429 causa
2430 2390 2628 2431 cursus
2674 2384 2785 2428 tam
2827 2376 3073 2430 contenti
3118 2382 3282 2430 esset.
3335 2373 3633 2444 Respondit

2063 2469 2154 2524 illa
2197 2486 2213 2526 :
2251 2465 2318 2522 Ut
2369 2467 2536 2523 citius
2590 2465 2903 2537 perveniam
2952 2467 3019 2521 ad
3076 2482 3355 2537 campum,
3419 2466 3476 2522 in
3527 2482 3639 2536 quo

2062 2559 2301 2632 populus
2329 2558 2586 2613 Ecclesiae
2614 2558 2899 2613 catholica
2935 2568 3322 2629 congregatur.
3351 2557 3491 2614 Tum
3520 2558 3635 2615 Ilo-

2062 2653 2252 2708 destus
2287 2670 2299 2705 :
2337 2632 2496 2704 Tune
2520 2650 2660 2715 sola,
2705 2650 2903 2718 inquit,
2948 2650 3177 2719 ignoras
3207 2648 3525 2717 [traiectum
3573 2663 3639 2705 eo

2064 2743 2249 2797 statim
2281 2749 2567 2797 venturum
2593 2754 2739 2803 esse,
2772 2748 2827 2795 et
2848 2748 3125 2810 quotquot
3148 2739 3441 2804 invenerit,
3470 2739 3637 2795 simul

2063 2848 2260 2889 omnes
2310 2831 2774 2887 interfecturum?
2808 2830 2921 2887 lmo
2961 2847 3113 2896 vero,
3148 2832 3226 2884 ait
3274 2831 3493 2897 mulier,
3524 2833 3628 2887 ‘au-

2064 2925 2196 2981 divi.
2242 2925 2421 2995 Atque
2470 2924 2681 2979 idcirco
2733 2940 2897 2979 cursu
2938 2925 3068 2979 mihi
3100 2939 3240 2994 opus
3286 2933 3394 2990 est,
3426 2938 3494 2977 ne
3525 2933 3636 2976 tar-

2063 3019 2187 3074 dius
2228 3032 2294 3073 eo
2332 3018 2577 3082 veniam,
2625 3024 2680 3072 et
2732 3016 2982 3087 martyrii
3039 3016 3214 3086 gloria
3250 3016 3455 3086 priver.
3497 3013 3638 3070 Tum

384 3097 715 3173 ἀνέστρεψεν
750 3101 861 3175 (89)
888 3106 968 3168 είς
1007 3105 1077 3159 τὰ
1125 3104 1388 3176 βασίλεια.
1421 3107 1529 3161 Καὶ
1565 3106 1960 3178 κοινωσάμενος

2064 3106 2222 3179 24],
2270 3104 2560 3177 praefectus
2620 3106 3029 3176 interrogavit:
3075 3106 3187 3162 Cur
3222 3121 3357 3162 vero
3408 3120 3638 3177 Puerum

384 3187 463 3260 τῷ
490 3192 780 3263 κρατοῦντι
804 3195 933 3266 περὶ
956 3196 1149 3266 αὐτῆς,
1184 3196 1368 3250 ἔπεισε
1396 3196 1469 3268 μὴ
1495 3198 1689 3268 χρῆναι
1719 3196 1780 3249 τὸ
1804 3196 1960 3263 δόξαν

384 3281 673 3344 ἐπιτελεῖν,
727 3286 951 3356 αἰσχρὸν
978 3286 1137 3339 τοῦτο
1175 3287 1270 3340 καὶ
1313 3286 1630 3358 ἀσύμφορον
1664 3284 1958 3351 ἐπιδείξας.

398 3372 464 3426 Ἦ
497 3374 596 3444 μέν
624 3374 686 3445 δὴ
714 3376 822 3428 τῶν
858 3376 1153 3447 Ἐδεσηνῶν
1177 3378 1349 3440 πόλις,
1374 3377 1645 3448 πανδημεὶ
1683 3378 1773 3431 τὸν
1812 3379 1964 3449 εἰρη-

390 3464 552 3533 μένον
572 3467 771 3537 τρόπον
802 3469 939 3540 ὑπέρ
962 3470 1055 3525 τοῦ
1080 3470 1348 3542 δόγματος
1376 3470 1749 3543 ὡμολόγησεν.

2068 3200 2217 3255 hunc
2272 3208 2451 3254 tecum
2507 3198 2708 3254 ducis?
2761 3196 2831 3253 Ut
2865 3205 2921 3254 et
2965 3198 3116 3269 ipse,
3169 3197 3349 3268 inquit
3408 3195 3637 3259 mulier,

2066 3291 2342 3362 particeps
2392 3290 2465 3346 sit
2511 3289 2824 3345 communis
2869 3270 3018 3355 ma'li,
3067 3296 3121 3344 et
3177 3290 3296 3359 pari
3337 3301 3463 3368 cum
3515 3286 3638 3343 aliis

2067 3386 2292 3453 praemio
2313 3383 2612 3439 afﬁciatur.
2639 3382 2964 3438 Admiratus
2992 3382 3237 3437 mulieris
3262 3379 3638 3436 fortitudinem

2071 3474 2370 3539 Modestus,
2409 3474 2476 3528 ad
2512 3475 2776 3544 palatium
2814 3474 3077 3529 recurrit.
3109 3472 3357 3542 Cumque
3393 3470 3640 3525 mulieris

390 3556 606 3613 facinus
628 3560 862 3629 principi
895 3563 1196 3627 retulisset,
1234 3562 1506 3632 persuasit
1534 3574 1594 3617 ut
1623 3564 1693 3617 ah
1720 3565 1965 3635 incmpto
2002 3566 2297 3622 desisteret
2321 3583 2338 3634 ;
2366 3581 2469 3622 nec
2498 3567 2814 3632 honestum,
2851 3580 2952 3620 nec
3014 3563 3151 3619 utile
3212 3563 3267 3618 id
3299 3578 3421 3620 esse
3455 3570 3638 3619 osten-

385 3653 544 3708 dens.
596 3654 680 3735 Ad
717 3655 862 3712 hunc
907 3658 1126 3712 modum
1177 3657 1578 3713 Edesse‘norum
1604 3660 1800 3717 civitas
1841 3662 2096 3717 universa
2130 3661 2336 3718 Christi
2364 3662 2573 3717 cultum
2606 3659 2858 3715 confessa
2885 3666 2987 3717 est.

986 3749 1237 3803 ΚΕΦᾹΛ.
1279 3752 1379 3804 ΙΘ’.

393 3837 649 3907 Τελευτὴ
694 3838 799 3892 τοῦ
842 3838 1109 3908 μεγάλου
1160 3841 1528 3904 Ἆθανασίου,
1574 3843 1672 3897 καί
1702 3845 1960 3898 Λουκίου

461 3908 567 3982 τοῦ
611 3910 1092 3982 Ἀρειονόφρονος
1110 3910 1344 3982 -ἄνοδος
1362 3916 1448 3977 εἰς
1468 3914 1576 3965 τὸν
1598 3915 1833 3982 θρόνον,
1862 3915 1959 3967 καὶ

460 3977 577 4049 ὅσα
602 3980 756 4049 κακὰ
765 3980 880 4049 ,τὰς
897 3981 967 4033 ἐν
979 3980 1250 4047 Αἰγύπτῳ
1265 3977 1957 4049 Ἐκκλησίαέκατέλαϐε·

461 4048 567 4121 καὶ¹
586 4048 667 4113 ὡς
693 4047 913 4121 ιζέζρος
940 4053 972 4104 d
1004 4053 1157 4118 μετὰ
1197 4047 1566 4118 Ἄθανάσιον,
1598 4053 1842 4121 διαδρὰς
1874 4057 1963 4120 είς

471 4116 699 4186 Ῥώμην
722 4118 902 4185 διέϐη.

470 4208 607 4262 Ὑπὸ
621 4209 676 4262 δὲ
694 4208 879 4262 τοῦτον
904 4210 993 4270 τὸν
1006 4211 1215 4281 χρόνον,
1235 4212 1583 4282 ἐτελεύτησεν
1599 4213 1627 4264 6
1650 4211 1963 4277 Ἀθανάσιος

386 4301 487 4369 τῆς
522 4299 915 4371 ’Δλεξανδρέων
953 4301 1280 4372 Ἐκκλησίας
1318 4303 1634 4368 ἐπίσκοπος,
1668 4303 1810 4374 ἀμφὶ
1840 4320 1964 4355 τεσ-
2004 4308 2013 4317 “

391 4389 700 4460 σαράκοντα
743 4393 836 4444 καὶ
873 4391 930 4457 ἒξ
959 4392 1239 4456 ἐνιαυτοὺς
1277 4391 1375 4463 τὴν
1405 4392 1813 4463 ἀρχιερωσύνην
1841 4392 1968 4446 ἁνύ-

2673 3750 2829 3808 CAP.
2878 3749 3023 3806 XIX.

2069 3843 2147 3899 De
2177 3844 2321 3920 obitu
2350 3845 2528 3920 magni
2565 3842 2871 3907 Athanasii,
2910 3838 3268 3920 cujusjedem
3306 3837 3496 3920 inuasit
3536 3811 3677 3920 Litt!

2141 3918 2264 3986 cius
2288 3905 2521 3967 Ariarius
2548 3927 2566 3965 :
2591 3922 2641 3966 et
2675 3905 2985 3986 qu_ot_nialié
3031 3909 3237 3978 afﬂicta:
3282 3908 3386 3986 sint
3414 3905 3645 3986 {Egypt}

2138 3985 2426 4038 Ecclesia:
2451 3994 2498 4037 et
2518 3975 2776 4052 quomodo
2797 3981 3013 4052 Petrus,
3033 3975 3305 4034 successor
3334 3975 3641 4036 Athanasii,

2139 4055 2266 4125 fuga
2291 4050 2538 4123 elapsus,
2555 4051 2779 4106 Bonnam
2810 4050 3060 4119 perrexit.

2147 4205 2260 4262 Sub
2292 4205 2436 4262 idem
2479 4213 2695 4274 tempus
2729 4202 3067 4258 Athanasius
3103 4197 3488 4257 Alexandrinae
3537 4194 3643 4249 Ec-

2072 4300 2254 4355 clesia:
2300 4299 2617 4369 episc0pus,
2669 4296 2782 4351 fato
2840 4293 3067 4350 functus
3121 4301 3227 4357 est,
3275 4306 3399 4346 cum
3450 4304 3544 4345 sex
3589 4296 3644 4342 et

2073 4390 2431 4461 quadraginta
2483 4389 2702 4444 circiter
2735 4401 2909 4442 annos
2955 4382 3321 4442 sacerdotium
3365 4377 3643 4435 obtinuis-

390 4497 509 4545 σας.
561 4482 682 4536 Τῶν
719 4482 777 4536 δὲ
814 4484 881 4537 τὰ
943 4484 1154 4554 Ἀρείου
1206 4483 1544 4556 φρονούντων
1582 4484 1640 4536 ἐν
1690 4484 1843 4555 τάχει
1868 4485 1960 4557 τὴν

2069 4490 2155 4539 set
2175 4482 2215 4538 ’.
2282 4483 2532 4552 Cumque
2592 4496 2744 4538 mors
2801 4478 2923 4551 ejus
2994 4475 3245 4533 celeriter
3298 4472 3368 4530 ab
3424 4470 3643 4527 Arianis

466 4656 483 4687 ι
507 4624 686 4720 δραι-δ,
706 4656 803 4711 lib.
834 4672 906 4721 ιτ,
933 4670 983 4708 c.
1010 4654 1102 4720 eo,
1143 4656 1233 4710 ει.

1567 4806 1841 4861 VALESII
1904 4805 2465 4864 ANNOTATIONES.

458 4903 572 4969 (87)
632 4901 1034 4969 Εὐξαμένους.
1091 4902 1376 4957 Assentior
1426 4900 1975 4970 Christophorsono,

386 4982 444 5025 et
476 4972 680 5026 Suvilio
712 4987 776 5025 ac
804 4972 1071 5032 Mnsculo,
1102 4974 1195 5040 qui
1224 4971 1546 5041 εύξομένους
1568 4972 1955 5025 etnendarnnt.

393 5044 445 5095 ιιι
485 5043 631 5096 enim
668 5044 910 5110 postulat
962 5043 1134 5096 series
1167 5040 1455 5096 orationis.
1510 5040 1763 5095 Libenter
1794 5041 1958 5095 etiam

392 5114 495 5165 hoc
528 5112 647 5183 loco
673 5113 967 5183 scriberem
997 5111 1377 5183 ‘tﬁibﬂepaiq,
1402 5110 1525 5165 licet
1556 5112 1959 5182 refragantibus

391 5182 612 5248 scriptis
646 5182 931 5234 codicibus
960 5197 1022 5236 ac
1052 5182 1383 5250 Nicepltoro.

462 5252 572 5322 (88)
605 5250 717 5317 Τῆς
746 5252 876 5319 περὶ
899 5252 1044 5304 Θεοῦ
1064 5252 1406 5321 μαρτυρίας.
1424 5250 1960 5322 CltristOphorsonus

388 5329 444 5375 et
486 5319 726 5375 Suvilius
769 5319 1268 5389 etttcndaru‘ttt'tﬁ;
1304 5320 1452 5391 παρὰ
1488 5319 1661 5373 Θεοῦ.
1687 5319 1778 5374 Sic
1816 5323 1961 5391 enim

391 5399 556 5444 vertit
594 5392 1132 5461 ChristOphorsonns
1156 5428 1170 5453 ,
1208 5391 1271 5443 Et
1319 5390 1593 5459 propterea
1632 5407 1791 5444 cursu
1830 5390 1958 5443 mihi

391 5478 519 5527 opus
544 5470 652 5523 est,
695 5478 757 5514 ne
783 5472 899 5527 post
940 5470 1136 5530 tempus
1178 5461 1381 5514 veniam
1406 5500 1420 5521 ,
1466 5470 1516 5514 et
1545 5461 1619 5513 ita
1643 5462 1898 5529 martyrio
1930 5477 1963 5513 a

392 5532 501 5585 Deo
536 5533 712 5586 oblato
765 5531 1045 5585 destituar.
1091 5532 1170 5584 Ita
1223 5546 1459 5600 quoque
1493 5531 1689 5600 legisse
1748 5533 1962 5585 videtur

392 5602 693 5666 Mnsculns,
730 5609 789 5655 ut
822 5618 885 5654 ex
921 5602 1377 5671 interpretatione
1415 5599 1535 5669 eius
1575 5609 1819 5669 apparet.
1867 5602 1959 5653 Sic

390 5672 536 5725 enim
574 5673 689 5731 ille,
748 5688 810 5725 ne
850 5670 1081 5725 tardius
1112 5670 1204 5725 illo
1236 5671 1468 5731 veniam.
1503 5680 1552 5722 et
1588 5688 1616 5720 α
1660 5671 1957 5723 testimonio

396 5742 488 5795 Dei
519 5742 779 5807 deﬁciam.
817 5740 1157 5811 Nicepltorus
1183 5756 1399 5811 quoque
1445 5741 1498 5794 in
1537 5740 1632 5794 lib.
1670 5755 1729 5805 ll,
1762 5754 1813 5793 c.
1863 5740 1955 5804 9.2,

2064 4903 2217 4972 παρά
2253 4902 2381 4972 legit
2435 4902 2492 4955 in
2530 4901 2634 4956 hoc
2671 4899 2961 4956 Sozomeni
3008 4899 3152 4954 loco.
3198 4897 3291 4951 Sic
3342 4894 3492 4949 enim
3548 4893 3644 4947 ha-

2065 4971 2156 5025 bet
2198 4990 2210 5025 :
2250 4972 2368 5024 ’Ίνα
2418 4971 2490 5025 μὴ
2526 4974 2755 5025 κατόπιν
2801 4971 3166 5025 γεγενημένη.
3202 4967 3303 5025 τῆς
3342 4966 3492 5025 παρὰ
3525 4963 3644 5025 Θεῷ

2065 4971 2156 5025 bet
2198 4990 2210 5025 :
2250 4971 2368 5024 ’Ίνα
2417 4971 2491 5042 μὴ
2526 4974 2755 5026 κατόπιν
2801 4971 3166 5051 γεγενημένη,
3202 4971 3303 5049 τῆς
3342 4971 3492 5048 παρὰ
3525 4971 3644 5033 Θεῷ

2063 5042 2225 5114 δόξης,
2251 5042 2509 5114 ἁμάρτω-ί
2536 5046 2709 5113 Atque
2743 5044 2856 5114 haec
2899 5040 3227 5114 lectto__nnltt
3272 5036 3491 5114 quidem
3533 5050 3643 5114 non

2065 5103 2549 5193 displicet,'tnotlo
2581 5103 2896 5193 μαρτυρίαν
2922 5103 3310 5193 intelligamus;
3340 5103 3644 5193 confessio-

2066 5178 2190 5254 nem
2223 5181 2409 5246 illam,
2441 5197 2549 5250 qua
2582 5178 2729 5237 Deus
2768 5178 2822 5254 in
2851 5178 3150 5254 Evangelia
3183 5178 3474 5254 pollicetur
3504 5188 3642 5254 con-

2068 5249 2353 5321 fessurum_
2392 5243 2473 5305 se'
2504 5267 2635 5315 eos,
2697 5252 2790 5321 qui
2849 5243 3037 5321 ipsutn'
3084 5243 3270 5321 coram
3320 5243 3643 5321 hominibus

2063 5321 2300 5375 confessi
2333 5318 2557 5375 fuerint.
2590 5313 2770 5375 Malim
2803 5313 2984 5376 tamen
3011 5319 3126 5375 haec
3159 5317 3448 5372 Sozomeni
3476 5313 3642 5365 verba

2061 5390 2367 5458 intelligere
2388 5388 2456 5444 de
2484 5391 2835 5448 confessione
2868 5392 2980 5455 illa,
3016 5403 3121 5457 qua
3172 5393 3442 5458 martyres
3470 5380 3639 5458 D_eu_m

2059 5447 2411 5582 gorifitctttur.
2470 5462 2561 5517 Sic
2609 5447 2738 5534 περὶ
2801 5447 2980 5525 Θεοῦ,
3033 5447 3180 5515 idem
3232 5447 3342 5511 erit
3381 5468 3445 5507 ac
3499 5447 3642 5518 ὑπὲρ

2106 5548 2218 5582 εον.

2106 5548 2218 5583 εον.

2132 5602 2242 5670 (89)
2285 5599 2699 5672 Ἀνέστρεψεν.
2730 5601 2786 5657 ln
2810 5600 3003 5657 codice
3032 5595 3333 5652 Fuketiano
3358 5587 3630 5656 scriptum

2066 5680 2149 5728 cst
2173 5672 2480 5743 ἀνέτρεχεν.
3663 5674 3676 5688 '
