4056 6326
392 386 526 444 1341

1316 388 1644 449 HISTORIA
1685 393 2241 457 ECCLESIASTICA.
2278 431 2344 442 -—
2376 400 2503 457 LIB.
2537 400 2627 458 Vl.

3493 406 3632 462 1542

385 503 602 573 ἐφρόνει
672 503 1012 573 διαλέγεσθαι
1068 506 1165 577 μὲν
1198 509 1298 563 καὶ
1352 511 1485 579 περὶ
1527 511 1815 583 δογμάτων
1847 515 1962 570 ἀδο-

2088 518 2379 587 ipinionem
2425 519 2539 574 Arii
2580 517 2999 574 aversabantur.
3040 517 3283 583 Quorum
3318 520 3635 575 testimonio

385 594 600 665 λεσχείν
624 594 748 648 οὗτε
780 596 950 661 θέλον,
976 595 1100 652 οὔτε
1129 599 1494 670 ἐπιστάμενον
1514 618 1527 633 °
1559 605 1690 673 παρ’
1736 604 1966 670 ἐκείνοις

349 732 367 740 -
385 685 442 740 δὲ
467 683 788 755 πειθόμενον
817 682 956 742 εἶναι
991 689 1089 760 τὴν
1131 689 1412 761 ἀλήθειαν,
1443 691 1492 746 οἳ
1516 695 1630 757 τοῖς
1657 693 1841 764 ἔργοις
1866 697 1965 768 τὴν

385 776 590 863 ἀρετὴν
632 777 1026 834 ἐπεδείκνυντο.
1063 780 1311 846 Ὀποίους
1359 782 1485 836 τότε
1519 783 1628 838 τῶν
1654 784 1965 854 Αἰγυπτίων

387 870 645 941 ἀσκητῶν
701 872 979 942 ἡγεμόνας
1023 873 1280 942 γενέσθαι
1326 874 1599 947 ἀκούομεν
1622 918 1637 943 ,
1692 878 1819 942 τοὺς
1873 878 1967 932 δύο

388 962 732 1034 Μακαρίους,
797 963 891 1028 οὒς
951 966 1012 1019 ἐν
1069 968 1182 1031 τοῖς
1239 966 1472 1037 πρόσθεν
1533 967 1809 1039 ἔγνωμεν
1871 968 1967 1022 καὶ

388 1052 625 1123 Πάμϐω,
687 1054 781 1108 καὶ
833 1055 1212 1127 Ἡρακλείδην,
1262 1057 1358 1112 καὶ
1407 1058 1630 1122 λοιποὺς
1680 1059 1965 1113 Ἀντωνίου

392 1143 662 1215 μαθητάς.
695 1146 1068 1217 Λογισάμενος
1098 1143 1193 1201 οὖν
1228 1147 1481 1213 Λούκιος,
1508 1148 1585 1213 ὡς
1613 1150 1713 1203 οὐκ
1738 1151 1967 1221 ἐγγενή-

342 1252 347 1253 ί
390 1246 544 1286 σεται
591 1237 706 1299 τοῖς
741 1235 957 1307 Ἀρείου
1018 1235 1252 1308 βεϐαίως
1293 1239 1568 1310 κρατῆσαι
1599 1238 1709 1294 τῶν
1736 1240 1844 1294 ἀπὸ
1867 1241 1968 1312 τῆς

390 1325 622 1380 καθόλου
666 1326 1015 1398 Ἐκκλησίας,
1065 1329 1116 1382 ει
1163 1329 1239 1400 μὴ
1269 1331 1400 1394 τοὺς
1430 1332 1699 1401 μοναχοῦς
1745 1332 1969 1399 τούτους

387 1416 696 1490 ὁμόφρονας
729 1418 912 1488 σφισιν
938 1418 1294 1487 ἀποδείξειεν,
1336 1420 1611 1493 ἐπεχείρει
1646 1421 1928 1492 βιάζεσθαι
1948 1439 1962 1453 ο

391 1505 605 1561 πείθειν
629 1507 739 1578 γὰρ
766 1509 866 1563 οὐκ
914 1509 1166 1580 ἠδύνατο.
1209 1512 1553 1583 Διημάρτανε
1581 1513 1638 1568 δέ
1674 1514 1770 1569 καὶ
1798 1514 1970 1581 οὕτως

387 1596 487 1652 τοῦ
517 1599 742 1654 σκοποῦ.
759 1600 925 1655 Είκαὶ
951 1601 1241 1657 ἀποθανεῖν
1257 1603 1389 1669 δέοι,
1422 1607 1971 1678 παρεσκευασμὼων

392 1689 594 1755 αὐτῶν,
630 1693 724 1746 καὶ
749 1693 875 1758 τοὺς
900 1694 1136 1765 αὐχένας
1165 1696 1398 1767 ἑτοίμως
1427 1697 1838 1753 ὑποϐαλλόντων
1858 1701 1970 1763 τοῖς

395 1780 628 1851 ξίφεσιν,
655 1782 689 1855 ἢ
718 1783 828 1837 τῶν
852 1786 911 1838 ἐν
931 1787 1136 1858 Νικαίᾳ
1176 1786 1446 1853 δοξάντων
1482 1789 1775 1861 ὑπεριδεῖν.
1803 1788 1970 1859 Λέγε-

391 1889 484 1926 ται
502 1872 561 1925 δὲ
585 1874 706 1928 τότε
760 1876 1226 1949 προσδοκωμένων
1255 1879 1436 1943 αὐτοῖς
1474 1860 1828 1952 ἐπιθήσεσθαι
1861 1880 1969 1934 τῶν
2004 1860 2044 1915 Β

395 1965 747 2035 στρατιωτῶν
771 2006 787 2032 ,
842 1967 1257 2039 διακομισθῆναι
1310 1969 1431 2024 τινά
1486 1970 1638 2041 ,πρὸς
1673 1972 1869 2035 αὐτοὺς
1908 1973 1974 2024 ἐκ

394 2054 593 2108 πολλοῦ
622 2055 692 2109 τά
717 2056 894 2128 ἄρθρα
914 2059 1323 2130 ἀπεσκληκότα,
1354 2061 1449 2114 καὶ
1474 2061 1567 2114 ἐπὶ
1591 2061 1764 2115 ποδῶν
1783 2063 1975 2132 στῆναι

398 2146 476 2218 μὴ
507 2146 826 2218 δυνάμενον.
872 2146 1026 2203 Ἐπεὶ
1049 2148 1106 2202 δὲ
1146 2149 1311 2221 ἐλαίῳ
1341 2150 1531 2205 τοῦτον
1558 2151 1802 2222 ἔχρισαν,
1834 2170 1977 2225 παρ-

396 2240 771 2304 εκελεύσαντο,
801 2241 890 2295 ἐπ’
911 2241 1137 2312 ὀνόματι
1158 2241 1417 2314 Χριστοῦ,
1438 2243 1498 2297 δν
1523 2244 1750 2308 Λούκιος
1769 2243 1974 2311 διώκει,

398 2330 803 2397 ἐξανίστασθαι,
850 2333 943 2386 καὶ
967 2332 1153 2387 οἴκαδε
1178 2333 1400 2389 ἀπιέναι
1419 2351 1432 2366 ’
1455 2334 1715 2406 ἐξαπίνης
1740 2335 1796 2388 δὲ
1820 2336 1978 2408 ὑγιὴς

395 2423 685 2494 γενόμενος
717 2425 747 2477 ὁ
768 2424 1072 2496 ἄνθρωπος.
1095 2425 1395 2496 ἀναφανδὸν
1410 2427 1659 2492 ἀπέδειξε
1688 2428 1980 2500 παραπλή-

399 2532 492 2569 σια
519 2516 714 2588 χρῆναι
740 2516 983 2582 δοξάζειν
1003 2516 1238 2585 τούτοις,
1263 2514 1346 2583 οἷς
1372 2519 1465 2573 καὶ⁵
1492 2519 1625 2583 Θεὸς
1647 2520 1811 2585 αὐτὸς
1851 2520 1981 2594 ἀλή-

400 2605 551 2689 θειαν
568 2605 964 2678 ἐπεψηφίσατο,
982 2610 1459 2681 κατηγορουμένου
1477 2610 1589 2682 (92)
1614 2612 1871 2679 Λουκίου,
1884 2612 1981 2667 καὶ

399 2695 707 2752 καλούντων
751 2698 1062 2764 ἐπακούσας
1107 2701 1201 2755 καὶ
1239 2703 1333 2755 τὸν
1370 2701 1645 2772 κάμνοντα
1671 2702 1980 2774 ἰασάμενος.

413 2788 555 2842 Ἀλλ’
579 2789 639 2843 ού
672 2791 824 2862 παρά
859 2791 1019 2845 τοῦτο
1067 2792 1516 2865 μετεμελήθησαν
1535 2795 1585 2848 οἱ
1630 2793 1839 2859 τούτοις
1870 2797 1984 2860 τοῖς

404 2881 659 2952 μοναχοῖς
704 2881 1145 2947 ἐπιϐουλεύοντες
1164 2900 1178 2914 ο
1224 2883 1398 2937 είσὸτε
1435 2883 1498 2955 δὴ
1545 2883 1763 2957 νύκτωρ
1788 2885 1984 2950 αὐτοὺς

403 2970 823 3043 συλλαϐόμενοι,
867 2971 1129 3042 διήγαγον
1172 2972 1252 3036 εἰς
1295 2970 1601 3040 Αἰγυπτίαν
1636 2971 1759 3026 τινά
1822 2972 1985 3042 νῆσον

402 3062 510 3115 ὑπὸ
541 3061 744 3132 λιμνῶν
763 3062 1162 3133 κυκλουμένην.
1199 3063 1406 3133 ᾭκουν
1443 3063 1502 3117 δὲ
1548 3062 1755 3133 ταύτην
1796 3062 1985 3134 ἄνδρες

2064 610 2351 666 adhaerens
2402 610 2696 664 multitudo
2732 609 2898 680 vulgi,
2946 610 3191 664 eamdem
3241 626 3366 664 cum
3397 606 3504 666 illis
3536 614 3638 666 do-

2063 701 2295 756 ctrinam
2326 700 2450 756 ﬁdei
2494 700 2892 771 profitebantur
2924 717 2938 754 :
2972 700 3176 770 quippe
3223 716 3344 772 quae
3377 701 3447 755 de
3501 702 3635 772 dog-

2065 793 2300 849 matibus
2337 792 2618 863 disputare
2645 798 2699 848 et
2731 792 2943 862 garrire
2998 806 3179 861 neque
3223 792 3424 859 vellet,
3463 810 3638 862 neque

2066 891 2293 938 nosset:
2326 896 2496 952 penes
2552 883 2677 937 illos
2727 891 2909 935 autem
2953 881 3241 935 veritatem
3275 896 3399 936 esse
3451 884 3641 939 crede-

2066 983 2171 1039 ret,
2204 974 2298 1044 qui
2327 974 2585 1028 virtutem
2628 972 2787 1027 factis
2820 972 2956 1043 ipsis
2998 971 3409 1042 profiterentur.
3433 972 3631 1041 Cujus-

2064 1061 2237 1117 modi'
2264 1069 2397 1116 tunc
2442 1061 2840 1116 monachorum
2892 1058 3183 1130 praefectos
3225 1058 3399 1114 fuisse
3435 1057 3638 1127 accepi-

2065 1168 2189 1209 mus
2209 1153 2250 1218 ί,
2280 1152 2550 1208 Macarios
2581 1153 2744 1218 duos,
2768 1152 2836 1207 de
2865 1151 3068 1221 quibus
3088 1150 3202 1220 jam
3234 1157 3395 1204 antea
3429 1149 3637 1204 dictum

2065 1249 2177 1310 est;
2207 1251 2261 1299 et
2284 1241 2495 1297 Pambo
2510 1246 2683 1313 atque
2710 1240 3080 1305 Heraclidem,
3111 1246 3167 1296 et
3197 1247 3427 1295 caeteros
3462 1239 3640 1293 Anto-

2065 1332 2141 1387 nii
2185 1331 2514 1402 discipulos.
2547 1332 2753 1388 Lucius
2787 1331 2975 1402 igitur,
3010 1345 3136 1385 cum
3181 1329 3642 1384 animadverteret

2067 1421 2184 1476 fieri
2211 1436 2323 1476 non
2359 1436 2521 1491 posse
2550 1432 2612 1477 ut
2643 1421 2832 1475 Ariani
2878 1420 3195 1490 superiores
3226 1425 3411 1473 essent
3434 1417 3642 1471 Catho-

2066 1514 2211 1579 licis,
2258 1513 2368 1568 nisi
2416 1514 2556 1571 istos
2604 1514 2908 1569 monachos
2954 1513 3010 1566 in
3056 1510 3387 1565 Arianorum
3428 1517 3644 1565 senten-

2069 1605 2200 1658 tiam
2252 1604 2640 1679 pertraxisset,
2687 1603 2743 1658 vi
2802 1618 2900 1660 eos
2957 1616 3154 1674 cogere
3202 1615 3495 1674 aggressus
3533 1608 3639 1661 est,

2068 1694 2288 1766 quando
2318 1696 2506 1752 verbis
2532 1694 2866 1766 persuadere
2894 1710 3003 1751 non
3043 1701 3279 1765 poterat.
3313 1693 3421 1749 Sed
3461 1708 3530 1747 ne
3562 1692 3644 1747 sic

2070 1787 2293 1859 quidem
2344 1789 2453 1843 voti
2501 1788 2590 1844 sui
2636 1801 2863 1858 compos
2907 1785 3090 1841 factus
3147 1792 3234 1840 est
3279 1802 3293 1839 :
3339 1783 3451 1839 illis
3502 1783 3644 1837 mori

2072 1894 2312 1950 quoque,
2352 1879 2399 1934 si
2447 1894 2589 1950 opus
2630 1886 2798 1942 esset,
2844 1877 3075 1948 paratis,
3119 1883 3175 1930 et
3219 1874 3466 1929 cervices
3514 1888 3646 1928 suas

2072 1968 2270 2039 gladiis
2298 1969 2442 2025 ultro
2469 1968 2896 2039 subiicientibus
2919 1967 3124 2036 potius,
3155 1973 3320 2035 quam
3352 1970 3412 2017 ut
3450 1962 3646 2032 synodi

2074 2060 2308 2117 Nicasna:
2346 2061 2569 2118 decreta
2597 2061 2891 2116 violarent.
2929 2059 3104 2114 Porro
3135 2074 3203 2115 eo
3240 2059 3372 2128 ipso
3401 2070 3649 2127 tempore

2074 2166 2185 2222 quo
2216 2152 2420 2208 milites
2455 2152 2509 2206 in
2553 2166 2648 2207 eos
2687 2151 2950 2221 impetum
2986 2148 3189 2204 facturi
3212 2157 3391 2211 erant,
3425 2145 3650 2216 quidam

2075 2246 2144 2300 ad
2186 2262 2280 2303 eos
2314 2246 2557 2317 perlatus
2598 2260 2724 2302 esse
2762 2245 2986 2311 dicitur,
3034 2243 3196 2313 cujus
3242 2249 3397 2296 artus
3431 2238 3652 2310 jamdu-

2076 2336 2206 2391 dum
2244 2338 2317 2391 ita
2346 2337 2572 2393 arefacti
2602 2342 2761 2392 erant
2791 2343 2953 2405 atque
2986 2331 3289 2397 extenuati,
3326 2337 3388 2384 ut
3416 2325 3648 2399 pedibus

2077 2429 2339 2485 insistere
2388 2444 2497 2484 non
2537 2436 2745 2499 posset.
2778 2424 2951 2493 Quem
2986 2439 3112 2480 cum
3158 2427 3281 2477 oleo
3329 2419 3647 2481 umissent,

2074 2521 2362 2591 jusserunt
2388 2526 2448 2575 ut
2471 2519 2528 2575 in
2557 2518 2776 2574 nomine
2800 2517 3028 2580 Christi,
3052 2529 3214 2585 quem
3236 2511 3440 2566 Lucius
3459 2522 3648 2579 perse-

2080 2613 2370 2683 quebatur,
2415 2617 2736 2682 exsurgeret
2770 2624 2849 2664 ac.
2874 2608 3099 2664 domum
3135 2603 3360 2660 rediret.
3413 2602 3509 2655 Ille
3549 2612 3653 2654 au-

2081 2710 2191 2759 tem
2253 2712 2478 2774 repente
2555 2707 2815 2767 sanatus,
2891 2699 3182 2771 perspicue
3259 2692 3658 2750 demonstravit

2083 2796 2304 2853 illorum
2352 2795 2617 2851 doctrinae
2658 2792 3066 2850 assentiendum
3116 2804 3261 2853 esse,
3303 2800 3469 2857 penes
3514 2796 3657 2853 quos

2082 2892 2229 2947 Deus
2280 2887 2568 2943 veritatem
2617 2898 2737 2939 esse
2789 2889 3021 2938 testatus
3058 2879 3295 2933 fuisset:
3323 2876 3487 2930 etiam
3530 2887 3655 2927 cum

2085 2981 2439 3038 accusatione
2472 2977 2630 3032 Lucii
2666 2978 2986 3039 invocantes
3008 2972 3190 3041 ipsum
3236 2966 3562 3028 exaudiens,
3603 2967 3659 3017 et

2084 3078 2351 3141 aegrotum
2394 3065 2621 3122 sanitati
2674 3062 2995 3119 restituens.
3046 3056 3158 3113 Nec
3211 3055 3422 3111 idcirco
3470 3061 3658 3106 tamen

403 3149 638 3220 ἀμύητοι
657 3148 753 3203 τοῦ
772 3150 1116 3222 Χριστιανῶν
1141 3151 1429 3223 δόγματος,
1456 3152 1550 3207 καὶ
1563 3152 1952 3224 δεισιδαίμονες
1966 3166 1981 3180 '

2089 3160 2439 3232 resipuerunt
2482 3156 2522 3213 ii
2579 3156 2672 3227 (ιυὶ
2697 3153 2985 3209 monachis
3036 3150 3160 3206 istis
3208 3146 3655 3204 insidiabantur:

404 3242 596 3296 καθότι
622 3243 716 3296 καὶ
750 3243 1113 3298 παλαιοτάτου
1135 3244 1263 3299 ναοῦ
1289 3246 1419 3316 παρ’
1436 3246 1619 3310 αὐτοῖς
1645 3245 1820 3313 ὄντος,
1850 3245 1985 3300 πολὺ

402 3332 596 3387 τούτου
630 3333 794 3399 σέϐας
825 3331 987 3405 εἶχον.
1035 3335 1133 3399 Ὦς»
1155 3335 1214 3388 δέ
1241 3338 1492 3406 κατῆραν
1525 3335 1783 3398 ἐνταῦθα,
1823 3335 1986 3406 φασὶν

406 3426 526 3497 ἀμα
553 3428 620 3498 τῇ
655 3426 906 3481 ἐπιϐάσει
954 3425 1062 3480 τῶν
1088 3425 1327 3498 ἀνδρῶν,
1370 3425 1585 3496 δαίμονι
1625 3425 1988 3499 κρατηθεῖσαν

405 3520 507 3589 τὴν
526 3519 800 3591 θυγατέρα
825 3518 920 3572 τοῦ
939 3518 1131 3591 ίερέως
1154 3520 1234 3583 είς
1262 3518 1569 3589 ἀπάντησιν
1594 3518 1777 3582 αὐτοῖς
1794 3517 1986 3572 ἐλθεῖν.

406 3609 650 3680 Θεούσης
678 3608 736 3661 δὲ
762 3610 855 3663 καὶ
873 3608 1084 3679 βοὼσης
1105 3609 1205 3680 τῆς
1229 3609 1420 3681 κόρης,
1456 3607 1902 3677 καταπλαγέντες
1938 3608 1989 3661 οἱ

405 3702 538 3771 τῇδε
568 3700 845 3772 ἄνθρωποι
872 3700 951 3772 τῷ
986 3701 1236 3772 αἰφνιδίῳ
1282 3702 1377 3755 καὶ
1414 3700 1704 3771 παραδόξῳ
1731 3698 1827 3753 τοῦ
1860 3699 1992 3770 πρά-

408 3809 642 3862 γματος,
683 3793 918 3848 εἵποντο.
971 3792 1060 3856 Ὠς
1088 3793 1145 3844 δὲ
1166 3793 1305 3864 πρὸς
1326 3794 1393 3863 τῇ
1425 3791 1516 3861 νηῒ
1544 3791 1762 3859 ἐγένετο
1791 3791 1826 3861 ἢ
1863 3792 1994 3854 τοὺς

413 3885 603 3954 ἱεροὺς
651 3883 963 3957 πρεσϐύτας
1019 3883 1202 3956 ἔφερε,
1248 3884 1595 3953 ποτνιωμένη
1642 3882 1735 3936 καὶ
1767 3882 1861 3935 ἐπὶ
1892 3883 1995 3953 γῆν

412 3974 826 4046 κυλινδουμένη,
856 3974 1064 4028 ἱκέτευε
1093 3975 1189 4028 καὶ
1214 3972 1360 4045 μέγα
1390 3972 1683 4044 ἀνέκραγε.
1710 3972 1777 4026 Τί
1808 3972 1873 4044 δὴ
1902 3972 1997 4026 καὶ

412 4068 553 4139 πρὸς
583 4071 730 4141 ἡμᾶς
751 4069 936 4140 ἥκετε,
955 4063 1000 4123 ὦ
1022 4068 1117 4123 τοῦ
1155 4067 1389 4138 μεγάλου
1441 4066 1579 4121 Θεοῦ
1626 4066 1994 4139 θεράποντεςς

413 4167 604 4237 νησίον
641 4162 748 4234 γὰρ
791 4162 950 4216 τοῦτο
1001 4160 1230 4214 παλαιὸν
1279 4161 1411 4231 ἡμῖν
1457 4160 1604 4212 ἐστιν
1662 4159 1995 4229 οἰκητήριον.

428 4253 725 4325 Ὀχλοῦμεν
752 4254 809 4308 δὲ
840 4251 1015 4307 οὐδενί
1039 4268 1052 4282 ·
1086 4253 1223 4306 πᾶσι
1249 4252 1305 4304 δέ
1337 4253 1451 4315 τοῖς
1477 4248 1786 4322 ἀνθρώποις
1817 4248 1999 4318 ἀγνῶ-

416 4364 532 4410 τες,
561 4345 747 4400 αὐτόθι
809 4345 1163 4415 λανθάνομεν,
1205 4341 1433 4406 ταύταις
1460 4344 1577 4407 ταῖς
1599 4341 1813 4413 λίμναις
1843 4357 2000 4413 περι-

420 4438 799 4508 κεκλεισμένοι
834 4438 1116 4493 πάντοθεν.
1148 4437 1213 4490 Εί
1255 4436 1314 4489 δὲ
1354 4434 1515 4489 τοῦτο
1560 4435 1711 4504 φίλον
1737 4434 1887 4504 ὑμῖν,
1921 4432 2003 4487 δέ-

2088 3252 2185 3309 sed
2221 3259 2386 3306 noctu
2415 3264 2512 3306 eos
2553 3246 3002 3318 comprehensos,
3034 3245 3089 3299 in
3117 3240 3411 3313 quamdam
3437 3236 3662 3308 Egypti

2087 3344 2326 3401 insulam
2370 3357 2493 3413 quae
2539 3338 2832 3413 paludibus
2876 3335 3121 3404 undique
3165 3333 3348 3388 cincta
3395 3338 3516 3397 est,
3562 3327 3665 3384 ab~

2087 3438 2384 3493 duxerunt.
2446 3432 2645 3488 Incolae
2707 3430 2832 3500 ejus
2885 3429 3118 3493 insulae,
3185 3421 3467 3494 religionis
3501 3417 3664 3491 253

2089 3530 2417 3586 Christiana:
2447 3525 2690 3597 penitus
2734 3529 2987 3594 expertes
3021 3527 3203 3585 erant,
3251 3524 3305 3572 et
3356 3514 3665 3570 daemonum

2091 3619 2261 3674 cultui
2285 3617 2473 3673 dediti.
2501 3614 2787 3684 Templum
2831 3611 2978 3668 enim
3010 3607 3158 3680 quod
3186 3606 3329 3678 apud
3360 3605 3510 3675 ipsos
3549 3608 3669 3656 erat

2091 3710 2547 3771 vetustissimum,
2579 3719 2795 3762 summa
2836 3702 3100 3773 religione
3132 3698 3560 3756 venerabantur.
3592 3691 3669 3745 Eo

2093 3817 2219 3858 cum
2262 3799 2628 3872 appulissent,
2677 3795 2855 3852 fertur
2900 3795 3063 3848 filiam
3118 3787 3422 3847 sacerdotis
3462 3799 3586 3855 qua
3638 3797 3671 3837 a

2094 3891 2341 3946 daemone
2380 3889 2609 3943 obsessa
2650 3893 2798 3951 erat,
2846 3884 3024 3940 illis'e
3068 3897 3210 3936 nave
3254 3878 3669 3949 egredientibus

2095 3980 2311 4035 obviam
2350 3979 2590 4032 venisse.
2633 3974 2765 4039 Quae
2801 3987 2926 4027 cum
2983 3975 3233 4025 curreret
3277 3967 3670 4033 clamaretque,

2097 4071 2336 4130 insulani
2405 4066 2690 4139 repentina
2755 4072 2812 4119 et.
2868 4061 3166 4131 improvisa
3222 4073 3285 4112 re
3337 4053 3673 4125 stupefacti.

2099 4167 2337 4238 puellam
2382 4159 2779 4232 sequebantur.
2804 4154 3102 4224 Postquam
3142 4164 3276 4205 vero
3319 4147 3556 4202 accessit
3607 4145 3673 4198 ad

2102 4237 2295 4311 navem
2354 4266 2479 4324 quae
2546 4255 2773 4306 sanctos
2820 4257 2983 4301 senes
3042 4241 3296 4305 vehebat,
3357 4237 3570 4308 ejulans
3622 4244 3673 4289 et

2104 4344 2255 4401 bumi
2310 4341 2599 4415 provoluta
2646 4336 2963 4409 supplicare
3007 4332 3209 4403 coepit,
3271 4330 3492 4398 altaque
3544 4338 3681 4379 voce

2104 4436 2348 4491 clamare
2375 4451 2389 4487 :
2421 4431 2562 4498 Quid
2611 4429 2678 4483 ad
2733 4442 2837 4483 nos
2874 4425 3129 4486 venistis,
3174 4437 3207 4476 ο
3251 4419 3439 4474 famuli
3490 4415 3674 4485 magni

419 4529 583 4601 χεσθε
598 4529 659 4582 τὸ
676 4528 941 4600 ἡμέτερον
968 4528 1177 4598 κτῆμα,
1195 4526 1289 4580 καὶ
1307 4527 1509 4578 οἰκεῖον
1527 4525 1787 4594 ποιήσατε
1801 4541 1816 4555 ’
1841 4526 1989 4595 ἡμεῖς

2110 4525 2246 4581 Dei?
2298 4524 2429 4580 Haec
2468 4522 2615 4577 enim
2679 4519 2861 4575 insula
2920 4517 3080 4572 nobis
3131 4523 3287 4567 vetus
3340 4508 3678 4565 domicilium

420 4622 482 4677 δὲ
540 4621 859 4692 ὑπείκομεν.
920 4620 1031 4674 Καὶ
1064 4621 1096 4690 ἡ
1153 4619 1253 4690 μὲν
1293 4616 1548 4681 τοιαύτας
1590 4616 1741 4686 ἠφίει
1777 4615 1959 4685 φωνάς
1985 4630 1999 4646 ⁶

424 4712 867 4784 ἐπιτιμησάντων
885 4710 941 4764 δὲ
981 4711 1059 4781 τῷ
1080 4708 1344 4780 δαιμονίῳ
1365 4707 1473 4761 τῶν
1507 4706 1652 4776 ἀμφὶ
1684 4705 1998 4776 Μακάριον,
2038 4777 2048 4787 ⁸

424 4806 461 4876 ἡ
493 4807 619 4868 παῖς
682 4804 1069 4875 ἐσοφρὸνησεν.
1121 4800 1403 4855 Ἐντεῦθεν
1443 4797 1501 4863 δέ
1540 4799 1569 4849 ὁ
1597 4797 1798 4866 ταύτης
1824 4797 2006 4868 πατὴρ

428 4896 525 4948 σὺν
543 4896 654 4959 τοῖς
682 4894 925 4957 οἰκείοις,
952 4893 1046 4947 καὶ
1067 4893 1102 4963 ἡ
1134 4892 1297 4961 νῆσος
1331 4886 1603 4960 πανδημεὶ
1629 4888 1707 4950 εἰς
1741 4888 2004 4956 Χριστια-

501 5028 520 5062 ³
553 5028 676 5086 Lib.
711 5046 796 5092 tu,
827 5029 987 5085 0.14.

2108 4624 2215 4673 est.
2249 4614 2466 4671 Nemini
2489 4612 2705 4667 molesti
2731 4624 2924 4666 sumus
2952 4626 2964 4661 :
2995 4606 3089 4661 sed
3111 4602 3326 4659 cunctis
3355 4599 3682 4654 mortalibus

2112 4708 2304 4781 ignoti,
2350 4705 2442 4761 hic
2490 4702 2890 4761 delitescimus,
2931 4697 3221 4767 paludibus
3278 4693 3398 4748 istis
3444 4689 3684 4759 undique

2111 4796 2494 4856 circumclusi.
2537 4791 2694 4860 Quod
2745 4792 2789 4846 si
2835 4789 2990 4846 vobis
3033 4787 3108 4842 ita
3143 4787 3341 4856 placet,
3391 4781 3532 4835 banc
3582 4794 3683 4833 no-

2115 4899 2284 4948 stram
2311 4885 2717 4960 possessionem
2757 4880 3009 4952 accipite,
3040 4885 3097 4932 et
3146 4884 3330 4931 vestro
3359 4872 3472 4944 juri
3503 4869 3682 4927 vindi-

1629 5139 1897 5197 VALESII
1924 5137 2470 5197 ANNOTATIONES.

505 5241 618 5313 (92)
689 5238 1032 5313 Ἅλήθειαν-
1058 5237 1405 5313 ἑψηφίσατο
1430 5304 1442 5313 _
1466 5232 2014 5313 κακηγορουμένου.

435 5304 666 5368 Rectius
697 5312 750 5364 in
778 5310 965 5363 codice
995 5304 1295 5361 Fuketiano
1334 5304 1599 5373 scriptum
1632 5312 1718 5357 est
1744 5304 2016 5374 ἐπεψηφί-

435 5400 566 5439 σατο
618 5379 1094 5449 κατηγορουμένου
1152 5375 1408 5449 Λουκίου..
1464 5374 1539 5449 Et
1578 5381 1712 5449 post
1769 5375 2016 5426 ultimam

430 5468 625 5509 vocem
682 5444 944 5519 apposita
981 5459 1062 5501 est
1101 5447 1286 5519 media
1315 5444 1781 5519 distinctionseu
1836 5458 2011 5519 mora.

434 5526 611 5591 Quam
650 5512 943 5576 lectionem
967 5533 1051 5591 ac
1083 5516 1494 5591 distinctionem
1530 5513 1821 5591 confirmat
1849 5512 2016 5591 “Mre-

437 5581 645 5666 pborus
704 5592 760 5644 in
805 5604 925 5656 cap.
959 5586 1315 5666 9.7,_lib._,xt.
1488 5585 1635 5666 enim
1672 5584 1817 5665 hunc
1847 5581 2017 5663 Stilo-

436 5648 584 5720 inerti
617 5664 794 5716 locum
831 5648 1123 5726 eipressit,
1166 5648 1261 5718 Οἷς
1289 5655 1388 5726 καὶΔ
1413 5653 1546 5726 Θεὸς
1585 5653 1685 5723 τὴν
1715 5652 1875 5726 χάριν
1903 5653 2018 5726 ἑπι-

440 5732 741 5804 ψηφίζεται
775 5732 842 5799 τῇ
878 5721 1685 5804 zotny‘opiqthAouxfouzQuem
1724 5721 2016 5804 locutnuita

443 5791 612 5863 vertit
644 5791 896 5872 Langus,
952 5791 1311 5869 qtiibt'ts'Deus
1361 5792 1585 5848 Lucium
1642 5791 2016 5846 accusantibus

2122 5233 2356 5302 gratiam
2386 5246 2540 5285 suam
2573 5225 2895 5302 concederet.
2923 5220 3379 5302 Optime‘Langus
3408 5219 3683 5302 interpre—

2125 5286 2271 5356 [atus
2333 5309 2417 5355 est
2485 5299 2649 5352 verba
2711 5286 3022 5348 Sozomeuii.
3106 5286 3292 5360 Neque
3345 5289 3488 5360 enim
3549 5286 3690 5339 alius

2163 5378 2304 5426 otest
2355 5385 2477 5425 esse
2530 5382 2729 5421 sensus
2789 5365 2983 5417 horum
3034 5357 3322 5415 Sozou'teni
3371 5357 3687 5410 verborum.

2163 5387 2304 5426 οιθδι
2355 5387 2477 5425 θεεθ
2530 5387 2729 5421 56115115
2789 5387 2983 5417 IIHI'UIII
3035 5387 3322 5415 DULUIIICIII
3377 5387 3687 5410 vuum-un.

2125 5387 2230 5495 get!
2269 5439 2610 5508 Nicephorus
2652 5452 2759 5490 non
2808 5435 2949 5487 idem
2979 5433 3119 5508 dicit
3142 5429 3287 5500 quod
3330 5427 3690 5508 Soz'omenus.

2123 5493 2253 5565 vim
2282 5493 2428 5566 enim
2455 5508 2656 5572 dicere,
2689 5512 2956 5575 quantum
2992 5493 3210 5575 quidem
3240 5495 3513 5575 ex_verbis
3543 5493 3692 5575 illius

2126 5561 2427 5650 έςῐιίὶίςῐῐὸζ
2453 5561 2619 5632 Deum
2645 5561 2960 5650 'u'ionachis
2983 5561 3155 5650 _'i_|lis.
3187 5566 3416 5638 gratiam
3463 5561 3693 5640 sanandi

2124 5639 2255 5719 a'gr'i
2284 5639 2405 5705 ideo
2444 5647 2809 5712 concessisse,
2851 5641 2995 5714 quod
3028 5639 3254 5694 Lucium
3289 5645 3549 5702 tanquam
3591 5639 3695 5685 im-

2126 5723 2275 5792 pium
2316 5725 2666 5775 accusassent
2679 5754 2691 5769 .
