4056 6326
336 298 475 359 1545

1270 299 1596 361 HISTORIA
1633 301 2192 359 ECCLESIASTICA.
2228 333 2298 345 —
2328 302 2458 363 LIB.
2494 302 2584 360 VI.

3426 312 3564 369 1346

331 419 533 483 παντὸς
561 419 745 485 ἔθνους
766 420 860 475 ἱνα
876 420 973 485 τὰς
1010 422 1333 494 Ἐκκλησὶας
1359 426 1675 479 ἐπισκοπεῖν
1706 440 1720 455 ·
1754 424 1898 480 κατὰ

2001 425 2056 478 in
2099 423 2322 479 sinistro
2356 423 2526 479 latere
2576 423 2737 480 Ponti
2786 424 3005 481 Euxini.
3040 426 3215 485 Porro
3257 440 3410 486 vetus
3456 433 3568 488 illic

330 510 396 581 δὴ
419 509 512 562 τὺν
538 510 781 580 παρόντα
812 509 1024 579 καιρὸν,
1066 511 1396 582 ἐπετρόπευε
1428 511 1633 565 τούτων
1663 512 1899 581 Βρεττα-

328 599 459 653 νίων
475 598 586 668 (97)
610 616 623 632 ·
658 600 753 653 καὶ
804 599 1017 670 Οὐάλης
1044 600 1072 653 ὁ
1103 600 1350 669 βασιλεὺς
1374 596 1508 674 ἧκεν
1541 603 1619 663 είς
1657 599 1826 670 Τόμιν
1847 608 1894 652 ιι.

340 692 492 745 Ἐπεὶ
521 690 577 744 δὲ
600 692 682 754 είς
739 692 840 762 τὴν
892 692 1186 763 ἐκκλησίαν
1226 693 1470 761 ἀφίκετο,
1493 695 1586 746 καὶ
1622 692 1697 756 ὡς
1720 689 1901 745 εἰώθει

331 781 546 836 ἔπειθεν
566 783 728 836 αὑτὸν
755 786 1032 839 κοινωνεῖν
1076 786 1190 847 τοῖς
1214 784 1321 837 ἀπὸ
1357 783 1458 854 τῆς
1486 784 1728 847 ἐναντίας
1749 782 1900 855 αίρέο

331 891 490 939 σεως,
526 875 784 946 ἀνδρείως
809 875 955 944 μάλα
974 875 1110 947 πρὸς
1146 875 1236 929 τὸν
1263 875 1564 946 κρατοῦντα
1592 878 1900 947 παρρησια-

330 966 563 1037 σάμενος
595 967 724 1037 περὶ
749 965 842 1021 τοῦ
858 966 1131 1036 δόγματος
1160 966 1266 1020 τῶν
1301 969 1359 1019 ἐν
1387 967 1590 1038 Νικαίᾳ
1624 967 1902 1022 συνελθόν-

326 1073 455 1119 των,
482 1055 770 1111 κατέλιπεν
830 1056 1012 1122 αὐτὸν,
1048 1058 1140 1109 καὶ
1170 1057 1248 1119 είς
1280 1056 1470 1128 ἑτέραν
1505 1053 1668 1127 ἦλθεν
1700 1056 1901 1127 ἐκκλη-

329 1148 452 1202 σίαν
475 1166 488 1178 ·
521 1147 618 1201 καὶ
666 1149 695 1200 ό
752 1146 880 1211 λαὸς
936 1148 1356 1219 ἐπηκολούθησε.
1415 1149 1607 1219 Σχεδὸν
1644 1148 1701 1201 δέ
1749 1150 1899 1203 πᾶσα

325 1240 359 1307 ἡ
391 1238 545 1299 πόλις
569 1236 1035 1313 συνεληλύθεισαν,
1064 1237 1284 1308 βασιλέα
1304 1239 1577 1309 ὀψόμενοι,
1594 1239 1689 1292 καί
1710 1237 1903 1293 νεώτε-

326 1345 422 1399 ρον
478 1326 694 1381 ἔσεσθαί
751 1345 804 1381 τι
848 1328 1332 1399 προσδοκήσαντες.
1398 1328 1769 1397 Ἀπολειφθεὶς
1841 1329 1900 1382 δέ

325 1418 541 1490 Οὐάλης
589 1417 686 1471 σὺν
731 1422 846 1482 τοῖς
879 1420 1015 1488 ἀμφ’
1067 1419 1250 1482 αὑτὸν,
1298 1419 1550 1489 χαλεπῶς
1577 1420 1774 1489 ἤνεγκε
1802 1419 1899 1488 τὴν

327 1509 503 1579 ὓϐριν.
530 1508 639 1563 Καὶ
664 1509 1030 1585 συλληφθέντα
1064 1509 1461 1580 Βρεττανίωνα,
1497 1511 1577 1572 είς
1603 1509 1900 1581 ὑπερορίαν

325 1601 553 1669 ἄγεσθαι
575 1601 871 1671 προσέταξε
897 1640 912 1664 ,
940 1602 1034 1655 καὶ
1060 1602 1159 1655 οὐκ
1191 1602 1270 1665 είς
1288 1603 1502 1674 μακράν
1518 1597 1672 1667 αὖθις
1692 1602 1891 1657 ἐπανά-

326 1693 517 1762 γεσθαι
546 1693 830 1763 ἐπέτρεψε.
850 1692 1283 1757 Χαλεπαίνοντας
1319 1692 1428 1764 γὰρ
1460 1690 1611 1765 οἶμαι
1637 1694 1771 1763 πρὸς
1802 1693 1899 1764 τὴν

327 1755 505 1855 (pum
532 1782 626 1835 τοῦ
652 1755 955 1837 ἐπισκόπου
983 1782 1105 1837 ἰδὼν
1140 1755 1275 1846 τοὺς
1295 1755 1528 1847 sese“,
1585 1755 1771 1836 ἐδεδίει
1822 1755 1896 1855 μή
1932 1755 1975 1810 Β

332 1890 392 1926 τι
448 1873 864 1944 νεωτερίσωσιν·
904 1874 1179 1944 ἀνδρείους
1210 1891 1268 1927 τε
1310 1874 1687 1944 ἐπιστάμενος,
1711 1875 1805 1927 καὶ
1831 1876 1897 1945 τῇ

328 1963 474 2017 Θέσει
495 1964 601 2016 τῶν
615 1964 815 2028 τόπων,
834 1963 1164 2032 ἀναγκαίους
1187 1966 1253 2035 τῇ
1280 1964 1564 2032 Ῥωμαίων
1582 1965 1896 2037 οἰκουμένῃ,

326 2058 424 2110 καὶ
445 2056 551 2109 τῶν
568 2057 707 2110 κατὰ
748 2056 864 2108 τόδε
897 2056 956 2109 τὸ
985 2055 1154 2126 κλίμα
1179 2056 1479 2127 Βαρϐάρων
1520 2056 1899 2127 προϐεϐλημέ-

327 2166 470 2211 νους.
500 2147 832 2219 Βρεττανίων
857 2148 954 2218 μὲν
985 2142 1078 2200 οὖν
1102 2140 1205 2200 ὦδε
1224 2148 1504 2219 ’κρείττων
1532 2147 1772 2217 ἀνεφάνη
1799 2147 1899 2217 τῆς

326 2240 420 2293 τοῦ
462 2238 786 2310 κρατοῦντος
830 2240 1093 2312 σπουδῆς·
1148 2240 1287 2312 ἀνὴρ
1311 2240 1382 2293 τά
1417 2257 1478 2293 τε
1515 2238 1650 2293 ἄλλα
1675 2240 1898 2308 ἀγαθὸς,

327 2331 422 2385 καὶ
455 2330 548 2384 ἐπὶ
574 2330 740 2401 ἀρετῇ
793 2328 907 2399 βίου
969 2331 1256 2403 ἐπίσημος,
1298 2331 1374 2395 ὡς
1402 2331 1496 2385 καὶ
1516 2331 1667 2385 αὐτοὶ
1695 2331 1899 2385 Σκῦθαι

328 2418 712 2490 μαρτυροῦσιν.
756 2418 843 2482 Ὦς
893 2421 1094 2474 ἐπίπαν
1150 2420 1206 2473 δὲ
1244 2421 1351 2482 πᾶς
1388 2420 1589 2491 κλῆρος
1629 2420 1898 2491 ἐπειράθη

324 2510 414 2562 διὰ
441 2510 615 2563 ταῦτα
671 2510 772 2579 τῆς
800 2509 894 2564 τοῦ
928 2510 1200 2581 βασιλέως
1246 2511 1440 2581 ὀργῆς,
1464 2510 1601 2581 πλὴν
1630 2511 1737 2564 τῶν
1766 2512 1901 2581 πρὸς

329 2602 567 2672 ἐσπέραν
589 2601 688 2671 τῆς
708 2602 1013 2673 ἀρχομένης
1039 2603 1146 2656 τῶν
1175 2601 1529 2672 Ἐκκλησιῶν.
1560 2602 1760 2656 Καθότι
1790 2601 1900 2655 τῶν

326 2692 582 2745 ἐπέκεινα
616 2692 898 2764 Ῥωμαίων
928 2689 1100 2764 ἦρχεν
1127 2691 1586 2760 Οὐαλεντινιανδς,
1614 2692 1899 2763 ἐπαινέτης

323 2800 384 2837 τε
412 2783 487 2838 ὢν
520 2784 615 2837 τοῦ
638 2784 904 2855 δόγματος
931 2786 1028 2854 τῆς
1052 2787 1108 2837 ὲν
1130 2785 1332 2856 Νικαίᾳ
1354 2784 1591 2846 συνόδου,
1624 2787 1719 2838 καὶ
1743 2784 1899 2838 εὐλα-

1999 513 2342 569 consuetudo
2382 514 2681 569 etiamnum
2731 524 2931 579 manet,
2973 526 3034 572 ut
3076 518 3243 575 totius
3276 522 3568 589 provinciae

1998 601 2278 657 Ecclesiae
2329 618 2475 657 unus
2532 611 2744 657 tantum
2795 612 2947 674 regat
2995 607 3307 677 episcopus.
3362 610 3467 665 Pcr‘
3510 613 3567 668 id

2000 702 2220 765 tempus
2276 692 2542 750 Ecclesiis
2599 704 2831 764 praeerat
2880 697 3179 766 Vetranio,
3238 708 3373 755 tunc
3435 717 3561 758 cum

2000 786 2301 856 imperator
2334 784 2530 841 Valens
2571 786 2640 841 ad
2677 788 2865 843 urbem
2917 789 3121 848 Tomes
3170 791 3408 847 advenit.
3461 793 3564 860 Qui

1999 892 2123 931 cum
2174 876 2463 932 ecclesiam
2511 876 2635 946 ejus
2686 878 2792 932 loci
2839 878 3123 950 ingressus
3174 889 3340 945 esset,
3391 890 3466 945 et,
3502 890 3564 937 ut

2000 967 2236 1033 solebat,
2280 967 2539 1023 suaderet
2570 967 2851 1039 episcopo,
2892 979 2954 1024 ut
2985 986 3109 1025 cum
3147 971 3366 1028 Arianis
3415 988 3556 1027 com-
3626 1010 3627 1013 η

2000 1059 2336 1123 municaret,
2382 1058 2649 1115 Vetranio
2697 1069 3017 1117 constanter
3069 1071 3123 1117 et
3166 1050 3337 1117 libere
3379 1078 3566 1117 coram

2001 1151 2336 1220 imperatore
2370 1151 2591 1207 locutus
2635 1152 2703 1207 de
2751 1153 3003 1208 doctrina
3049 1152 3173 1208 ﬁdei
3212 1153 3462 1216 Nicaeum,
3499 1155 3568 1209 ab

1997 1258 2064 1297 eo
2094 1243 2373 1311 discessit,
2419 1252 2475 1299 et
2508 1244 2575 1298 ad
2621 1245 2782 1299 aliam
2837 1245 3131 1301 ecclesiam
3182 1259 3242 1300 se
3287 1246 3564 1300 contulit:

1999 1347 2162 1401 quem
2215 1333 2450 1403 populus
2482 1348 2704 1405 quoque
2738 1344 2960 1391 secutus
3005 1342 3111 1389 est.
3156 1333 3424 1390 Universa
3465 1351 3566 1389 au-

2000 1431 2106 1478 tem
2157 1422 2270 1480 fere
2311 1425 2506 1481 civitas
2552 1425 2912 1490 conﬂuxerat,
2959 1427 3309 1496 imperatoris
3348 1425 3565 1489 videndi

2000 1529 2186 1579 causa,
2216 1522 2271 1569 et
2299 1516 2429 1585 quia
2469 1517 2594 1572 novi
2625 1516 2909 1587 quidpiam
2940 1526 3264 1573 eventurum
3303 1518 3566 1575 credeba-

2000 1613 2111 1659 tur.
2149 1607 2218 1660 At
2254 1604 2457 1661 Valens
2489 1620 2600 1660 una
2628 1622 2752 1662 cum
2787 1607 2905 1663 suis
2932 1607 3231 1663 derelictus
3276 1590 3566 1665 contume-

2000 1697 2128 1751 liam
2178 1698 2371 1767 iniquo
2420 1699 2604 1752 animo
2661 1699 2811 1752 tulit.
2862 1697 3131 1762 Quocirca
3183 1697 3565 1757 Vetranionem

2000 1790 2499 1859 comprehensum,
2553 1790 2611 1843 in
2674 1789 2932 1845 exsilium
2987 1789 3182 1844 abduci
3232 1790 3566 1860 jubetznec

1999 1879 2174 1933 multo
2217 1885 2341 1950 post
2376 1878 2642 1934 redeundi
2692 1879 2741 1932 ei
2784 1877 2999 1946 capiam
3048 1876 3201 1932 fecit.
3257 1876 3395 1933 Nam
3438 1893 3566 1935 cum

2000 1969 2259 2040 Scythas,
2296 1979 2359 2024 ut
2393 1970 2612 2040 opinor,
2639 1970 2709 2023 ob
2744 1969 3001 2025 exsilium
3029 1968 3274 2039 episcopi
3302 1969 3391 2023 sui
3421 1969 3565 2025 indi-

1996 2064 2228 2127 gnantes
2257 2057 2488 2125 videret,
2532 2065 2777 2113 metuere
2825 2056 2993 2126 coepit
3025 2068 3093 2113 ne
3129 2058 3256 2128 quid
3298 2073 3563 2114 novarum

1997 2163 2183 2202 rerum
2238 2149 2583 2203 molirentur.
2641 2147 2814 2202 Norat
2856 2149 3004 2204 enim
3053 2162 3149 2203 eos
3203 2147 3332 2202 forti
3380 2148 3565 2204 animo

1998 2238 2258 2308 praeditos
2290 2254 2436 2305 esse,
2472 2246 2526 2294 et
2558 2239 2631 2295 ob
2656 2239 2823 2294 situm
2857 2239 3106 2295 locorum
3157 2237 3321 2294 utiles
3373 2253 3437 2292 ac
3472 2254 3564 2293 ne-

1996 2328 2271 2383 cessarios
2310 2343 2434 2383 esse
2468 2328 2698 2397 imperio
2729 2327 3001 2394 Romano,
3032 2327 3158 2384 valli
3192 2330 3368 2383 instar
3408 2329 3564 2398 obje-

1997 2427 2115 2471 ctos
2151 2418 2395 2473 ﬁnitimis
2432 2418 2712 2473 Barbaris.
2751 2418 2911 2473 Hunc
2957 2420 3013 2474 in
3055 2420 3275 2473 modum
3305 2419 3589 2475 Vetranio'

1996 2516 2231 2563 conatus
2275 2508 2541 2577 principis
2592 2508 2872 2577 superavit
2914 2526 2928 2560 :
2978 2507 3064 2561 vir
3114 2515 3171 2561 et
3221 2507 3278 2561 in
3331 2508 3562 2578 reliquis

2001 2600 2171 2651 rebus
2236 2598 2493 2659 eximius,
2547 2605 2601 2652 et
2653 2599 2776 2652 vitae
2835 2599 3149 2667 integritate
3206 2598 3562 2668 conspicuus.

1995 2689 2139 2745 sicut
2200 2689 2419 2758 ipsimet
2467 2687 2680 2761 Scythae
2731 2696 3030 2745 testantur.
3086 2688 3186 2745 llis
3249 2690 3317 2746 de
3375 2693 3563 2747 causis

1994 2795 2185 2837 omnes
2213 2781 2324 2835 fere
2351 2781 2554 2849 ubique
2581 2780 2765 2834 clerici
2806 2780 3155 2849 imperatoris
3187 2781 3321 2835 iram
3353 2784 3563 2851 experti

324 2873 435 2937 ϐὡς
464 2874 545 2937 είς
577 2873 716 2941 ἄγαν
748 2875 873 2945 περὶ
910 2874 971 2926 τὸ
1003 2875 1155 2928 Θεῖον
1195 2876 1331 2944 ἔχων
1353 2891 1364 2902 ·
1401 2876 1475 2938 ὡς
1506 2876 1648 2945 μήτε
1680 2876 1890 2929 ἐπιτάτ-

1998 2882 2144 2937 sunt,
2198 2871 2450 2940 execptis
2501 2869 2926 2924 occidentalium
2977 2872 3213 2940 partium
3268 2871 3553 2929 Ecclesiis.

322 2979 440 3016 τειν
469 2965 581 3026 τοῖς
606 2962 807 3034 ἱερεῦσι
833 2962 1018 3034 μηδὲν,
1055 2964 1191 3034 μήτε
1213 2965 1386 3028 ἄλλως
1412 2964 1679 3036 αἱρεῖσθαι
1711 2981 1899 3017 νεωτε·

1998 2964 2053 3020 In
2094 2966 2204 3021 illis
2252 2969 2395 3021 enim
2442 2963 2759 3038 regionibus
2810 2962 3073 3032 regnabat
3117 2961 3559 3032 Valentinianus,

326 3053 497 3124 ρίζειν
530 3054 620 3106 ἐπὶ
652 3054 854 3125 χείρονι
876 3053 909 3122 ἢ
930 3052 1173 3122 ἀμείνονι
1210 3054 1454 3107 δοκοῦντι
1494 3053 1622 3124 περὶ
1640 3054 1765 3117 τοὺς
1792 3053 1893 3122 τῆς

1998 3057 2087 3126 qui
2119 3065 2175 3111 et
2220 3056 2450 3114 Nicaenae
2503 3058 2697 3130 synodi
2753 3056 3059 3116 doctrinam
3106 3057 3457 3132 sequebatur,
3504 3064 3558 3114 ct

334 3143 662 3216 Ἐκκλησίας
704 3144 955 3214 θεσμούς.
987 3144 1123 3198 Τάδε
1149 3144 1256 3214 γὰρ
1314 3144 1548 3215 κρείττω
1596 3144 1694 3213 τῆς
1724 3141 1889 3197 αὐτοῦ

1998 3162 2124 3219 erga
2173 3149 2419 3204 divinum
2454 3148 2666 3206 Numen
2717 3152 2854 3206 adeo
2900 3153 2987 3222 pie
3023 3160 3143 3207 erat
3201 3152 3448 3218 alTectus,
3500 3160 3560 3205 ut

321 3235 643 3306 δοκιμασίας
668 3237 869 3304 ἡγεῖτο,
902 3234 1100 3305 καίπερ
1119 3232 1365 3304 βασιλεὺς
1392 3234 1610 3304 ἄριστος
1628 3231 1887 3303 γεγονὼς,

1998 3254 2173 3309 neque
2219 3240 2514 3311 imperaret
2568 3243 2865 3316 quidquam
2916 3243 3329 3307 sacerdotibus,
3381 3258 3561 3313 neque

321 3328 417 3381 καὶ
452 3327 634 3391 ἱκανὸς
657 3328 844 3398 ἄρχειν
869 3327 959 3380 διὰ
981 3326 1089 3379 τῶν
1115 3327 1451 3396 πραγμάτων
1477 3326 1687 3394 φανείς.

1998 3330 2154 3404 245
2182 3332 2412 3387 omnino
2446 3348 2652 3388 novare
2690 3332 2897 3402 aliquid
2934 3333 2988 3386 in
3030 3334 3424 3389 ecclesiasticis
3465 3350 3559 3388 sn-

322 3420 573 3482 stineret,
625 3420 671 3474 si
726 3420 857 3490 quid
895 3420 999 3474 sibi
1039 3418 1281 3473 deterius
1350 3430 1445 3473 aut
1490 3421 1698 3476 rectius
1742 3421 1921 3480 visum
1962 3424 2177 3482 luisset.
2226 3426 2338 3480 llas
2391 3427 2536 3481 enim
2593 3442 2704 3492 res,
2762 3428 3015 3481 examine
3073 3442 3137 3480 ac
3195 3427 3408 3496 judicio
3459 3444 3560 3483 suo

323 3511 731 3579 praestantiores
763 3526 887 3565 esse
927 3510 1295 3575 existimabat,
1348 3511 1602 3580 quamvis
1629 3513 1866 3572 eximius
1905 3525 2053 3573 esset
2078 3518 2397 3588 imperator,
2423 3526 2478 3574 et
2501 3518 2570 3574 ad
2611 3534 2698 3574 res
2738 3518 3025 3589 gerendas,
3065 3524 3124 3572 ut
3184 3520 3559 3590 experimento

324 3600 520 3667 patuit,
560 3600 901 3668 aptissimus.

903 3688 1150 3742 ΚΕΦΑΛ.
1191 3689 1319 3743 KB’.
1702 3742 1709 3746 _

2587 3690 2743 3746 CAP.
2787 3688 2952 3745 XXII.

331 3785 457 3835 Ὀτι
482 3782 608 3833 κατ’
644 3778 838 3832 ἐκεῖνο
870 3779 1073 3847 καιροῦ
1101 3781 1449 3847 κινηθέντος
1474 3781 1579 3835 τοῦ
1621 3780 1751 3848 περὶ
1780 3782 1886 3836 τοῦ

1998 3781 2266 3849 Quomodo
2325 3791 2450 3834 tunc
2506 3782 2752 3848 temporis
2808 3797 2925 3834 cum
2980 3780 3044 3833 de
3106 3779 3312 3849 Spiritu
3370 3795 3560 3837 sancto

392 3849 567 3920 ἁγίου
609 3850 952 3920 Πνεύματος
973 3850 1181 3916 λόγου,
1215 3851 1501 3920 Αὲκυρώθη
1570 3847 1890 3920 όμοούσιον

2015 3847 2027 3849 “
2063 3861 2207 3904 mota
2237 3861 2370 3904 esset
2405 3847 2646 3918 quaestio,
2691 3865 2809 3902 eum
2845 3849 3001 3902 Patri
3046 3857 3096 3902 et
3145 3847 3286 3901 Filio
3328 3855 3557 3905 consub-

390 3919 672 3991 λέγεσθαι
703 3919 885 3987 Harp!
910 3935 974 3971 τε
994 3920 1093 3972 καὶ
1134 3918 1262 3983 ne.
1492 3918 1498 3919 ⁷
1603 3918 1613 3920 ἡ

2062 3920 2365 3973 stantialem
2389 3934 2501 3972 esse
2522 3920 2787 3972 decretum
2814 3928 2916 3971 est.

402 4010 492 4063 'Ev
519 4009 688 4079 τούτῳ
719 4008 774 4062 δὲ
807 4008 989 4073 πάλιν,
1018 4007 1118 4079 ἢδη
1153 4008 1250 4078 μὲν
1290 4008 1552 4080 πρότερον
1585 4010 1887 4082 ἀρξαμένη,

2063 4011 2264 4066 Eodem
2290 4019 2534 4079 tempore
2563 4023 2756 4062 rursus
2788 4015 2934 4062 mota
2967 4013 3053 4063 est
3084 4007 3337 4076 quaestio,
3371 4017 3554 4063 utrum

317 4099 415 4153 νῦν
434 4098 490 4152 δὲ
521 4098 680 4151 πλέον
720 4097 976 4151 ἐπιδοῦσα
1010 4100 1042 4167 ή
1077 4097 1298 4169 ζήτησις
1328 4095 1418 4170 ἦν,
1469 4101 1517 4153 εί
1540 4102 1631 4154 καὶ
1652 4103 1712 4154 τὸ
1736 4102 1890 4170 ἅγιον

1998 4099 2231 4168 Spiritus
2266 4106 2493 4152 sanctus
2531 4096 2773 4163 ejusdem
2802 4110 2927 4149 cum
2958 4095 3120 4151 Patre
3146 4102 3200 4149 et
3240 4094 3381 4148 Filio
3420 4096 3553 4150 sub-

320 4189 547 4259 Πνεῦμα
576 4187 748 4258 Πατρί
774 4204 831 4240 τε
876 4188 968 4240 καὶ
999 4187 1113 4256 Υίῷ
1140 4188 1421 4257 ὀμοούσιον
1449 4188 1688 4253 δοξάζειν
1721 4205 1889 4260 προσ-

1998 4189 2207 4245 stantia:
2238 4185 2547 4240 censendus
2578 4189 2895 4253 essetzqua:
2925 4185 3141 4253 quidem
3170 4184 3400 4254 quaestio
3428 4199 3554 4237 cum

317 4281 472 4350 ἧκεν.
530 4277 832 4346 Ἑριστικαί
876 4294 935 4329 τε
979 4278 1105 4347 περὶ
1150 4276 1337 4329 τούτου
1379 4278 1568 4331 πολλαὶ
1600 4278 1883 4344 διαλέξεις,

1998 4278 2098 4345 iam
2144 4277 2357 4347 pridem
2406 4282 2583 4345 empta
2621 4274 2841 4338 luisset,
2884 4282 3001 4328 tum
3030 4275 3325 4329 maximum
3375 4274 3555 4328 incre-

318 4372 419 4441 οὐχ
451 4364 611 4440 ἦττον
640 4368 672 4438 ἦ
708 4368 969 4438 πρότερον
1017 4367 1145 4437 περὶ
1182 4367 1274 4419 τοῦ
1302 4366 1436 4419 Θεοῦ
1462 4368 1635 4435 Λόγου
1666 4369 1890 4439 συνέδη-

1998 4379 2232 4423 mentum
2256 4374 2545 4437 acceperat
2565 4367 2603 4419 '.
2639 4365 2821 4420 Multa:
2849 4366 3018 4436 igitur
3044 4365 3144 4419 hac
3177 4364 3243 4419 de
3272 4380 3331 4419 re
3357 4365 3551 4433 dispu-

318 4477 445 4514 σαν.
474 4460 630 4513 Κατὰ
662 4458 816 4511 τοῦτο
860 4458 915 4511 δὲ
949 4457 1194 4527 ἀλλήλοις
1240 4458 1593 4529 συνεφέροντο
1630 4459 1681 4510 οἵ
1705 4476 1762 4511 τε
1795 4460 1890 4512 ἀν-

1998 4461 2229 4514 tationes
2292 4472 2485 4528 utagna
2531 4456 2883 4511 contentione
2944 4455 3135 4521 iactae,
3199 4470 3306 4509 non
3372 4455 3556 4508 minus

318 4552 504 4622 ὅμοιον
529 4552 620 4604 καὶ
644 4550 977 4622 όμοιοούσιον
1005 4549 1095 4602 τὸν
1129 4550 1252 4602 Υἱὸν
1276 4545 1413 4603 εἶναι
1445 4550 1708 4617 λέγοντες.
1757 4551 1889 4621 Ἀμ-

1998 4565 2158 4618 quam
2187 4557 2346 4603 antea
2394 4547 2461 4603 de
2489 4547 2598 4602 Deo
2630 4546 2825 4602 Verbo.
2864 4547 3038 4603 Porro
3092 4547 3150 4601 in
3184 4546 3286 4601 hac
3326 4554 3550 4600 contro—

391 4730 406 4760 ¹
444 4729 622 4793 Socr.,
659 4729 751 4782 lib.
787 4744 847 4791 ιι,
885 4744 934 4782 c.
974 4729 1062 4781 55.

1516 4876 1787 4931 VALESll
1825 4875 2368 4933 ANNOTATIONES.

387 5016 498 5087 (9'7)
530 5015 915 5087 Bpsrtarlwr.
950 5015 1277 5087 Interpreles
1311 5011 1747 5087 ΒτὶιίιῃῐιξοηοιῐιΔ
1770 5029 1885 5087 rer:
1986 5014 2320 5087 genstantii,
2369 5015 2460 5087 ubi
2496 5015 2561 5070 de
2595 5016 3190 5087 vetranionetyranno
3237 5018 3294 5070 lit
3328 5018 3549 5087 mentio.

316 5081 524 5143 terunt.
558 5081 666 5156 Ego
706 5081 1295 5156 \"elranionem'ilicere
1324 5084 1508 5156 ina-lupi.
1539 5082 1672 5135 Nam
1701 5081 1879 5156 _Gl‘_iPCi
1986 5082 2162 5156 Porro
2197 5084 2575 5156 Vetranioncm
2626 5086 2733 5138 dici
2770 5101 2868 5154 pro
2901 5081 3286 5149 Vcieranione,
3320 5086 3552 5155 jampri-

318 5160 423 5210 lloc
452 5152 671 5219 nomen,
699 5157 842 5224 quod
876 5155 1121 5207 Latinam
1152 5152 1316 5225 habet
1343 5153 1634 5225 originem,
1668 5152 1748 5204 sic
1775 5152 1883 5225 fere
1986 5154 2108 5225 dem
2159 5154 2443 5207 observavi
2488 5156 2541 5208 in
2587 5152 3038 5210 annotationibus
3081 5157 3147 5211 ad
3199 5152 3547 5225 Ammianum

317 5227 500 5283 solent
530 5222 775 5281 scribere
798 5267 812 5292 ,
862 5235 920 5279 ut
948 5238 1114 5295 supra
1152 5223 1393 5276 vidimus
1421 5225 1474 5275 in
1514 5222 1681 5277 rebus
1712 5224 1882 5292 gestis
1985 5222 2387 5277 Marcellinum.

1723 5391 2116 5449 VARIORUM.

464 5541 517 5591 '0
550 5524 839 5603 βαὸνιλεὺς
878 5526 1037 5605 ’ἧκεν
1080 5538 1185 5605 sic?
1224 5535 1417 5601 Τόμιν.
1453 5534 1611 5605 Anno
1653 5533 1790 5605 οδε),
1827 5541 1885 5605 ut

1998 5545 2076 5590 est
2119 5536 2184 5589 ad
2232 5551 2379 5591 mare
2417 5537 2522 5590 sita
2569 5538 2622 5591 in
2661 5540 2887 5593 sinistro
2934 5540 3099 5592 latere
3132 5537 3289 5593 Ponti
3325 5532 3545 5590 Euxini.

320 5620 464 5665 recte
498 5608 722 5676 conjicit
766 5603 1138 5676 (intlmlredus
1177 5604 1242 5676 ill
1276 5604 1638 5676 Chronologia
1662 5603 1883 5676 Codicis
1993 5607 2143 5674 (Aut.
2182 5606 2346 5673 l‘aol,
2380 5607 2444 5660 ad
2478 5623 2681 5662 anuum
2717 5611 2838 5670 561i,
2875 5627 2927 5661 ιι.
2970 5608 3077 5674 l8.)

317 5671 709 5743 'l'liuulosiaui,
734 5678 951 5731 videtur
976 5674 1173 5729 Valens
1202 5671 1387 5727 Tomos
1410 5673 1688 5741 profectus
1710 5688 1723 5725 :
1747 5672 1879 5726 urbs
