4056 6326
624 333 648 388 1
658 332 758 391 547

2070 327 2410 385 SOZOMENI

3650 288 3855 409 tus‘

619 442 800 498 versia
840 438 1181 504 Anbmteani,
1215 446 1270 494 et
1307 410 1479 506 ii’qui
1517 434 1714 491 Filium
1759 434 1908 490 Patri
1950 434 2174 491 similem

2285 415 2501 507 φότεροι
2530 434 2641 506 γὰρ
2668 433 2991 500 διακονικὸν,
3033 432 3130 489 καὶ
3155 434 3335 508 τρίτον
3364 436 3426 507 τῇ
3452 435 3593 505 τάξει,
3613 444 3685 497 καὶ
3701 450 3753 520 τῇ

620 532 798 602 quoad
838 530 1205 586 substantiam
1232 529 1576 591 asserebant,
1609 529 1751 582 inter
1783 541 1843 581 se
1875 540 2180 581 consense-

618 629 767 677 runt.
806 618 1037 688 Utrique
1076 618 1222 673 enim
1252 614 1522 687 Spiritum
1574 625 1824 672 sanctum
1866 615 2181 671 ministrum

618 723 761 770 esse,
812 713 868 760 et
913 704 1112 760 ordine
1162 715 1326 775 atque
1378 705 1589 760 honore
1640 706 1886 771 tertium,
1939 711 1997 759 et
2047 702 2180 758 sub-

619 796 816 850 stantia
848 794 1169 861 dissimilem
1221 796 1638 851 asseverabant.
1682 794 2011 862 Quicunque
2051 807 2182 849 vero

618 886 813 940 Filium
852 885 1002 940 Patri
1041 887 1565 941 consubstantialem
1599 902 1721 941 esse
1762 884 2181 955 proﬁtebantur,

2280 528 2438 597 τιμῇ,
2468 526 2562 580 καὶ
2600 528 2667 597 τῇ
2698 525 2858 599 οὐσίᾳ
2889 525 3099 580 ἀλλοῖον
3126 526 3190 580 τὸ
3220 525 3439 597 Πνεῦμα
3475 529 3752 601 ἰσχυρίζοντο,

2230 660 2241 668 .
2284 618 2436 671 Ὅσοι
2465 617 2523 671 δὲ
2548 616 2830 688 ὁμοούσιον
2859 616 2938 687 τῷ
2981 616 3155 686 Πατρὶ
3196 616 3289 671 τὸν
3317 617 3437 670 Υίὸν
3469 619 3684 688 ἐδόξαζον,
3705 628 3757 683 τὰ

2279 706 2421 761 αὐτὰ
2462 708 2559 762 καὶ
2591 707 2835 779 περὶτοῦ
2869 706 3183 778 Πνεύματος
3211 707 3478 777 ἐφρόνουν.
3528 711 3621 764 οὐκ
3643 714 3760 782 ἀγεν-

2279 797 2387 861 νῶς
2415 798 2481 852 δὲΓ
2500 798 2673 869 τούτῳ
2704 797 2783 868 τῷ
2819 797 2962 869 λόγῳ
2994 797 3335 860 συνίσταντο,
3382 796 3435 850 ὲν
3463 798 3545 869 μὲν
3564 804 3618 872 τῇ
3636 805 3760 876 Συρίᾳ

2292 883 2665 954 ’Δπολινάριος
2701 886 2730 937 ὁ
2771 882 3066 947 Λαοδικεύς
3090 900 3105 914 ·
3156 885 3214 937 ὲν
3243 881 3493 954 Αἰγύπτῳ
3514 886 3562 938 δὲ
3596 888 3763 944 Ἀθανὰ-

618 979 758 1032 idem
787 993 1009 1048 quoque
1041 979 1354 1035 sentiebant
1381 977 1450 1032 de
1494 976 1720 1048 Spiritu.
1755 977 1932 1042 Quam
1975 977 2174 1033 doctri-

2281 991 2396 1038 σιος
2411 975 2519 1044 (98)
2546 978 2574 1028 ὁ
2594 975 2907 1039 ἐπίσκοπος*
2928 975 3080 1046 παρά
3102 974 3158 1027 δὲ
3184 975 3557 1039 Καππαδόκαις
3587 980 3661 1032 καὶ
3677 984 3762 1045 ταῖς

617 1083 743 1121 nam
787 1068 842 1121 in
876 1062 1033 1139 Syria
1074 1068 1292 1136 quidem
1326 1067 1666 1137 Apollinaris
1712 1067 2059 1123 Laodicenus
2088 1067 2182 1122 :in

614 1155 854 1228 Egypto
887 1166 1070 1212 autem
1119 1157 1454 1212 Athanasius
1500 1157 1836 1226 episcopus;
1868 1157 1922 1211 in
1973 1157 2183 1226 Cappa-

616 1249 777 1303 docia
799 1263 937 1302 vero
961 1257 1013 1302 et
1048 1249 1103 1303 in
1126 1248 1388 1305 Ecclesiis
1412 1248 1591 1315 Ponti,
1620 1234 1863 1305 Basilius
1893 1256 1948 1304 et
1977 1248 2183 1319 Grego-

617 1337 736 1392 rius
763 1339 1031 1393 acerrime
1060 1339 1222 1393 tutati
1254 1346 1403 1393 sunt.
1442 1337 1616 1393 Porro
1647 1353 1772 1393 cum
1804 1338 1919 1392 haec
1950 1339 2182 1407 quaestio

617 1429 941 1497 agitaretur,
973 1434 1029 1482 et
1056 1428 1421 1484 contendendi
1450 1429 1636 1484 studio
1682 1428 1858 1499 magis
1903 1430 2182 1499 magisque

616 1519 671 1572 in
696 1519 816 1574 dies
843 1527 1137 1584 cresceret,
1169 1520 1467 1589 episcopus
1515 1519 1673 1574 urbis
1699 1518 1906 1579 Romae.
1930 1534 2009 1574 -re
2034 1516 2184 1575 com-

616 1615 794 1679 perta,
830 1608 1054 1679 scripsit
1091 1609 1156 1663 ad
1188 1608 1430 1665 Orientis
1458 1607 1829 1673 Ecclesias,ut
1857 1607 2183 1664 Trinitatem

614 1699 1159 1763 consubstantialem,
1207 1708 1264 1753 et
1318 1699 1525 1755 honore
1564 1699 1852 1770 gloriaque
1895 1700 2180 1769 aequalem,

2277 1064 2382 1118 ἀνὰ
2408 1064 2499 1118 τὸν
2519 1065 2717 1118 Πόντον
2734 1064 3110 1135 Ἐκκλησίαις,
3130 1056 3407 1129 Βασίλειος
3421 1067 3503 1119 καὶ
3516 1067 3764 1139 Γρηγόριος,

2292 1154 2743 1224 Ἀνακινουμένης
2771 1155 2827 1208 δὲ
2868 1157 2969 1226 τῆς
3006 1155 3261 1227 τοιαύτης
3308 1157 3582 1227 ζητήσεως,
3619 1158 3766 1223 καλῶς

2280 1245 2426 1308 εἰκὸς
2449 1248 2570 1307 ταῖς
2603 1245 2953 1312 φιλονεικίαις
2976 1246 3246 1316 ὁσημέραι
3294 1246 3451 1299 πλέον
3483 1247 3767 1318 ὲπιδιδούσης,

2284 1334 2470 1406 μαθὼν
2507 1338 2537 1387 ὁ
2569 1335 2787 1406 Ῥώμης
2819 1337 3114 1400 ἐπίσκοπος
3149 1336 3283 1407 (99),
3332 1336 3525 1407 ἔγραψε
3561 1342 3658 1401 ταῖς
3694 1339 3769 1392 ἀνὰ

2279 1426 2379 1497 τὴν
2405 1427 2519 1480 Ἕω
2556 1427 2920 1498 Ἑκκλησίαις,
2973 1428 3070 1480 σὺν
3105 1430 3218 1491 τοῖς
3265 1428 3376 1480 ἀπὸ
3405 1428 3495 1497 τῆς
3529 1428 3696 1491 δύσεως
3713 1430 3772 1481 ἱε-

2285 1516 2458 1588 ρεῦσι,
2511 1518 2716 1588 Τριάδα
2760 1517 3045 1588 ὁμοούσιον
3071 1517 3164 1571 καὶ
3204 1517 3455 1589 ὁμόδοξον
3499 1517 3771 1588 πρεσϐεύειν.

2283 1605 2483 1659 Τούτου
2503 1605 2561 1658 δὲ
2585 1606 2900 1676 γενομένου,
2945 1606 3022 1670 ὡς
3065 1608 3495 1677 ἑπικεκριμένοις
3518 1602 3643 1671 ἅπαξ
3663 1607 3775 1675 παρὰ

2283 1698 2381 1767 τῆς
2425 1697 2708 1768 Ῥωμαίων
2748 1698 3110 1769 Ἐκκλησίας,
3159 1698 3389 1769 ἡσυχίαν
3431 1694 3552 1770 ἦγον
3587 1699 3774 1763 ἔκαστοι,

615 1804 724 1844 una
792 1805 918 1843 cum
971 1789 1408 1846 occidentalibus
1449 1789 1725 1860 episcopis
1772 1789 2174 1845 conﬁterentur.

2291 1789 2383 1843 καὶ
2404 1789 2556 1852 τέλος
2583 1789 2725 1860 ἔχειν
2756 1789 2932 1854 ἔδοξεν
2957 1791 2990 1860 ή
3016 1788 3237 1860 τοιαύτη
3268 1787 3507 1861 ζήτησις.

615 1878 737 1945 Quo
786 1880 950 1944 facto,
1007 1889 1196 1950 utpote
1223 1869 1865 1952 [con'trovet'siajudicio
1915 1881 2177 1938 Romanae
2214 1879 2476 1939 Ecclesiae
2506 1882 2821 1949 terminata,
2861 1882 3063 1954 singuli
3092 1880 3400 1951 quievere:
3461 1895 3616 1951 eaque
3671 1894 3781 1950 quas-

615 1973 724 2030 stio
755 1973 920 2028 ﬁnem
955 1973 1172 2028 tandem
1199 1974 1481 2044 accepisse
1510 1974 1827 2031 videbatur.

1197 2107 1350 2163 CAP.
1376 2108 1560 2164 XXIII.

614 2195 882 2272 De_gnorte
911 2198 1108 2253 Liberii
1135 2202 1361 2270 episcopi
1381 2200 1613 2272 Romani
1633 2216 1661 2272 :7
1674 2201 1842 2272 deque
1866 2201 2099 2257 Damaso
2123 2211 2173 2256 et

688 2266 881 2341 ([rsino
914 2272 1002 2338 qui
1034 2266 1344 2341 pastillum
1368 2271 1604 2339 fuerunt.
1636 2271 1700 2325 Et
1732 2266 1871 2341 q'uod
1900 2274 2173 2326 universus

686 2337 942 2394 Occidens
975 2337 1168 2407 printer
1213 2337 1577 2395 Hediolamtm
1611 2351 1661 2395 et
1695 2337 2014 2396 Auxentium
2057 2342 2173 2407 ejus

683 2412 1004 2477 episcopum,
1029 2418 1190 2481 Διἐιιε
1226 2411 1503 2481 sentiebat.
1544 2411 1680 2464 Item
1724 2412 1789 2464 de
1832 2411 2033 2481 synodo
2065 2411 2176 2464 Ro-

685 2493 843 2531 mana
865 2494 978 2552 qua:
997 2477 1324 2552 Auxentium
1350 2482 1610 2549 deposuit,
1644 2491 1695 2534 et
1727 2484 1792 2534 de
1811 2477 1994 2552 regula
2016 2497 2174 2551 quant

681 2548 1051 2617 promulgavit.

682 2655 787 2711 Per
837 2656 979 2711 idem
1038 2664 1252 2727 tempus
1300 2669 1517 2716 mortuo
1572 2660 1847 2731 Liberioﬁ
1904 2660 2171 2719 Damasus

614 2742 873 2799 Romanu:
909 2746 1055 2802 sedis
1096 2748 1628 2805 administrationem
1662 2751 1925 2822 suscepit.
1969 2750 2088 2818 Qua
2119 2753 2174 2806 in

612 2835 957 2890 ordinatione
986 2834 1222 2892 Ursinus
1262 2838 1488 2909 quidam
1513 2840 1782 2897 diacOnus
1809 2841 2174 2915 quorumdam

614 2927 889 2998 sull‘ragiis
919 2926 1257 2994 nominatus,
1318 2944 1442 2984 cum
1480 2930 1754 3000 repulsam
1785 2945 1983 3001 passus
2009 2939 2174 2998 esset,

614 3017 758 3072 ferre
794 3033 901 3072 non
956 3020 1179 3088 potuit:
1211 3019 1305 3075 sed
1360 3021 1502 3075 clam
1551 3021 1621 3077 ab
1659 3023 1912 3078 obscuris
1955 3012 2179 3094 quibus-

613 3110 739 3163 dam
764 3109 1037 3179 episcopis
1065 3109 1377 3177 ordinatus,
1412 3110 1713 3168 Ecclesiam
1746 3113 2080 3184 discerpere,
2120 3119 2175 3168 et

512 3249 527 3258 .
614 3203 907 3271 separatim
946 3202 1208 3258 collectas
1238 3217 1399 3274 agere
1440 3205 1763 3260 conabatur.
1805 3203 1988 3262 Diviso
2010 3204 2176 3278 246

614 3293 782 3363 igitur
816 3294 1036 3363 populo,
1070 3293 1163 3347 alii
1192 3293 1414 3363 quidem
1459 3294 1649 3360 istum,
1690 3295 1782 3350 alii
1816 3310 1948 3351 vero
1978 3295 2178 3350 Dama-

613 3395 735 3435 sum
768 3380 1131 3451 praeferebant
1174 3383 1516 3453 episcopum.
1567 3381 1729 3446 Hinc,
1780 3390 1839 3438 ut
1881 3383 2177 3439 verisimile

612 3483 717 3538 est,
750 3474 941 3543 ingens
980 3474 1261 3528 contentio
1286 3487 1350 3527 ac
1392 3473 1590 3528 seditio
1618 3474 1990 3529 multitudinis
2019 3488 2178 3529 exar-

613 3566 688 3619 sit
721 3565 898 3618 :adco
933 3572 994 3617 ut
1044 3564 1247 3616 malum
1300 3563 1368 3617 ad
1411 3564 1642 3619 vulnera
1678 3575 1732 3620 et
1780 3567 1961 3622 caedes
1998 3581 2177 3637 usque

614 3661 1020 3724 prorumperet,
1060 3653 1232 3708 donec
1266 3653 1559 3723 prmi'ectus
1592 3657 1768 3722 urbis,
1823 3658 2010 3713 multis
2057 3666 2173 3712 tum

613 3760 682 3801 ex
721 3744 898 3815 plebe,
941 3754 1055 3797 tum
1102 3759 1169 3798 ex
1201 3744 1350 3799 clero
1398 3746 1670 3816 supplicio
1719 3748 1952 3815 allectis,
1995 3747 2175 3804 Ursini

611 3843 869 3891 conatum
912 3836 1197 3904 repressit.
1232 3834 1389 3901 Quod
1429 3852 1560 3892 vero
1589 3837 1658 3892 ad
1682 3837 2000 3893 doctrinam
2049 3839 2177 3896 ﬁdei

612 3927 869 3997 pertinet,
917 3942 1017 3982 nec
1054 3924 1306 3994 Romani,
1350 3943 1455 3982 nec
1483 3929 1580 3983 ulli
1613 3929 1709 3984 alii
1762 3930 1819 3984 in
1861 3930 2175 3988 Occidentis

612 4017 880 4088 partibus,
909 4024 1039 4072 tunc
1070 4018 1351 4089 temporis,
1399 4020 1543 4074 sicut
1571 4035 1673 4075 nec
1712 4030 1891 4088 antea,
1936 4023 2083 4078 inter
2114 4039 2174 4079 se

611 4108 946 4164 dissidebant
974 4126 990 4164 :
1015 4108 1111 4165 sed
1146 4110 1383 4165 universi
1416 4112 1742 4167 sententiam
1769 4111 2005 4169 Nicaenae
2037 4130 2168 4186 syn-

609 4200 701 4255 odi
746 4200 1146 4269 approbabant,
1194 4212 1249 4257 et
1296 4200 1622 4259 Trinitatem
1660 4205 1890 4275 aequalis
1941 4190 2173 4262 honoris

610 4306 675 4345 ac
691 4292 944 4361 potentiae
960 4293 1383 4347 venerabantur.
1404 4292 1645 4365 Excepto
1668 4295 1934 4350 duntaxat
1951 4296 2174 4352 Auxeno

613 4383 720 4441 tio,
766 4382 859 4451 qui
910 4390 1045 4437 tunc
1095 4381 1485 4441 Mediolanensi
1543 4387 1842 4457 praesidens
1891 4388 2168 4451 Ecclesiae,

2859 2104 3109 2159 ΚΕΦΑΔ.
3143 2101 3270 2157 ΚΓ.

2277 2201 2416 2271 Περὶ
2466 2195 2754 2271 τελευτῆς
2798 2195 3069 2271 Λιϐςριου
3121 2194 3371 2271 Ῥώμης,
3417 2192 3511 2246 καὶ
3563 2191 3786 2271 ᾼαέιάσου

2346 2262 2445 2325 amt
2493 2262 2813 2338 Οὑρσωὶζου
2859 2264 2991 2338 τῷν-
3029 2265 3397 2338 μετ’-ᾳύςότ
3421 2277 3435 2293 ·
3496 2262 3586 2338 καὶ
3625 2262 3788 2338 (patr

2363 2329 2642 2408 'Eaxép'a,
2673 2334 2929 2408 πᾶσαμτὸ
2961 2329 3143 2408 deder
3170 2330 3429 2408 ἐδόξαζε,
3456 2330 3607 2408 πίίήν
3625 2329 3787 2408 Μεδιο-

2344 2400 2561 2464 λάνωνῖ
2594 2400 2693 2460 καὶ
2729 2400 3059 2468 Αῠξεντιου
3098 2402 3205 2456 τοῦ
3240 2403 3461 2468 ταύτης
3499 2400 3786 2468 ἀρχιερέως*

2350 2479 2448 2532 καὶ
2478 2473 2739 2545 περὶτῆς
2770 2475 2840 2545 ἐν
2864 2471 3073 2545 "litigari
3106 2472 3396 2545 σρνόῥου,
3420 2471 3546 2545 ἣτις
3571 2469 3791 2522 καθεῖλεν

2348 2539 2698 2612 Δύξέντιον,
2717 2539 2822 2597 καὶ
2849 2541 2955 2595 τοῦ
2987 2540 3129 2609 ὅρου
3156 2539 3230 2594 ὃν
3254 2541 3498 2609 ἔγραψε.

2348 2663 2486 2733 Περὶ
2514 2660 2570 2714 δὲ
2587 2656 2776 2711 τοῦτον
2800 2655 2892 2709 τὸν
2918 2655 3111 2726 χρόνον
3133 2653 3389 2725 Λιϐερίου
3411 2653 3791 2723 τελευτήσαντος,

2279 2749 2633 2821 ἐπιτρέπεται
2660 2747 2910 2817 Δάμασος
2949 2743 3042 2797 τὸν
3082 2744 3374 2815 Ῥωμαίων
3413 2742 3610 2815 θρόνον.
3667 2740 3786 2793 Ὑπύ·

2279 2840 2458 2913 ψηφος
2507 2839 2566 2892 δὲ
2608 2836 2683 2891 ὢν
2717 2839 2784 2909 τῇ
2832 2834 3138 2907 χειροτονίᾳ
3176 2835 3273 2888 καὶ
3324 2834 3602 2905 Οὑρσίκιός
3641 2849 3712 2894 τις
3739 2828 3793 2901 (l)

2278 2931 2543 2994 διάκονος,
2576 2926 2861 2999 ἀποτυχὼν
2882 2927 2983 2981 οὐκ
3004 2927 3203 2997 ήνεγκε
3225 2940 3239 2954 ⁸
3276 2925 3455 2997 λάθρα
3474 2924 3530 2978 δὲ
3560 2923 3652 2976 ὑπό
3674 2938 3795 2975 τινων

2279 3022 2508 3092 ἀσήμων
2545 3019 2860 3074 ἐπισκόπων
2896 3015 3319 3089 χειροτονηθεὶς,
3349 3016 3581 3086 διασπᾷν
3608 3014 3686 3067 τὸν
3704 3011 3799 3065 λαὸν

2281 3111 2597 3175 ἐσπούδαζε,
2631 3109 2726 3164 καὶ
2752 3108 2874 3163 καθ’
2908 3108 3099 3161 ἑαυτὸν
3129 3106 3531 3173 ἐκκλησιάζειν.
3560 3099 3799 3172 Μερισθέν-

2275 3223 2366 3271 τος
2401 3204 2459 3259 δὲ
2507 3202 2599 3257 τοῦ
2635 3201 2896 3273 πλήθους,
2929 3200 2977 3255 οἱ
3024 3199 3121 3271 μὲν
3162 3197 3377 3263 τοῦτον,
3412 3197 3461 3250 οἱ
3502 3196 3556 3250 δὲ
3600 3194 3802 3270 Atinam

2277 3297 2574 3352 tit-laxon
2617 3294 2802 3365 ήξίουν
2823 3309 2837 3323 ·
2886 3293 2980 3347 καὶ
3012 3291 3181 3363 πολλὴ
3222 3290 3320 3345 τὸν
3364 3292 3553 3360 δῆμον,
3582 3287 3650 3350 ὡς
3670 3283 3796 3346 εἰκὸς,

2276 3387 2393 3460 ἔρις
2416 3383 2529 3458 εἶχε
2570 3386 2666 3439 καὶ
2698 3385 2907 3448 στάσις.
2964 3382 3055 3446 Ὠς
3087 3381 3249 3452 μέχρι
3278 3381 3379 3436 καὶ
3402 3381 3708 3451 τραυμάτων
3733 3375 3803 3427 καὶ

2277 3480 2451 3549 φόνων
2478 3478 2538 3532 τὸ
2569 3476 2737 3531 κακὸν
2764 3473 3068 3547 προελθεῖν.
3122 3472 3317 3527 Εἰσότε
3349 3472 3417 3543 δή
3440 3474 3469 3526 ὁ
3499 3471 3594 3539 τῆς
3629 3467 3802 3535 Ῥώμης

2277 3571 2520 3642 ὕπαρχος
2549 3567 2777 3631 πολλοὺς
2797 3565 2893 3621 τοῦ
2917 3566 2980 3637 δή
2989 3582 3090 3636 μου
3117 3564 3330 3619 καὶτοῦ
3353 3565 3555 3633 κλήρου
3569 3557 3804 3632 τιμωρίαις

2217 3710 2239 3733 κ
2276 3661 2578 3724 ὑποϐαλὼν,
2609 3660 2814 3715 ἔπαυσε
2845 3657 2945 3729 τὴν
2989 3655 3285 3723 Ούρσικίου
3338 3654 3684 3724 ἐπιχείρησιν.
3732 3649 3804 3699 Δο-

2274 3756 2502 3827 γμάτων
2526 3754 2583 3808 δὲ
2610 3754 2760 3824 πέρι,
2791 3750 2935 3805 καθὰ
2958 3749 3218 3820 πρότερον
3247 3747 3381 3801 οὔτε
3404 3748 3650 3816 Ῥωμαῖοι
3675 3739 3808 3808 διεςέ-

2277 3866 2450 3920 ροντο,
2483 3844 2607 3901 οὔτε
2657 3846 2833 3914 ἕτεροι
2861 3840 2972 3895 τῶν
3004 3839 3111 3895 ἀνὰ
3139 3840 3236 3911 τήν
3271 3840 3431 3894 δύσιν
3452 3857 3466 3869 ·
3496 3837 3623 3892 ἀλλὰ
3648 3835 3804 3892 πάντες

2271 3940 2343 3992 τὰ
2370 3936 2595 4003 δόξαντα
2625 3937 2737 3998 τοῖς
2758 3935 2815 3988 ὲν
2853 3931 3059 4002 Νικαίςι
3087 3930 3449 3984 συνελθοῦσιν
3484 3928 3714 3999 ἐπῄνουν,
3737 3921 3806 3976 καὶ

2273 4029 2479 4100 Τριάδα
2521 4025 2760 4096 ίσότιμόν
2804 4039 2862 4076 τε
2896 4022 2991 4076 καὶ
3040 4020 3366 4091 ίσοδύναμον
3394 4019 3650 4085 ἐδόξαζον.
3697 4010 3805 4079 Πλὴν

2272 4121 2380 4174 τῶν
2418 4118 2562 4189 ἀμφὶ
2588 4117 2678 4171 τὸν
2711 4114 2997 4181 Αύξέντιον
3018 4126 3031 4142 ·
3078 4112 3138 4175 ὃς
3180 4112 3476 4183 προεστὼς
3503 4111 3619 4164 τότε
3651 4107 3732 4177 τῆς
3764 4105 3806 4155 ὲν

2273 4208 2618 4270 Μεδιολάνοις
2655 4203 3001 4272 Ἐκκλησίας,
3033 4201 3151 4272 ἅμα
3183 4202 3334 4255 τισὶν
3364 4201 3630 4270 ἐπεχείρει
3653 4209 3801 4249 vcem-

2276 4297 2465 4369 ρίζειν,
2484 4295 2577 4350 καὶ
2602 4293 2750 4365 παρὰ
2777 4292 2876 4363 τὴν
2893 4291 3077 4361 κοινὴν
3105 4288 3393 4361 συνθήκην
3414 4290 3524 4344 τῶν
3552 4287 3675 4359 πρὸς
3692 4282 3806 4338 δύσιν

2275 4387 2484 4457 ἱερέων,
2538 4385 2600 4437 τὸ
2644 4381 2854 4453 Ἀρείου
2897 4381 3073 4450 δόγμα
3123 4380 3459 4448 κρατύνειν,
3519 4380 3607 4430 καὶ
3643 4374 3700 4427 τὰ
3739 4373 3805 4421 ἶσα

609 4487 733 4525 cum
768 4473 958 4542 paucis
1002 4472 1326 4542 quibusdam
1369 4490 1458 4530 res
1504 4493 1675 4533 novas
1714 4479 2062 4541 moliebatur.
2121 4491 2174 4535 et

2276 4481 2492 4549 φρονεῖν
2518 4478 2626 4538 τοῖς
2638 4475 2892 4543 ἀνόμοιον
2922 4471 3014 4523 τὸν
3054 4470 3185 4522 Υἱὸν
3224 4472 3327 4522 καὶ
3352 4471 3418 4523 τὸ
3455 4468 3665 4538 Πνεῦμα
3687 4458 3805 4527 δοξὰ-

609 4570 798 4617 contra
838 4576 1186 4618 communem
1216 4578 1549 4622 consensum
1583 4564 2018 4625 Occidentalium
2049 4569 2167 4639 epi-

704 4733 720 4764 ¹
743 4732 900 4790 Socr.
940 4735 1036 4790 lib.
1060 4752 1135 4804 tv,
1153 4752 1206 4792 c.
1238 4736 1333 4793 29.

2275 4569 2426 4635 ζουσι
2447 4567 2585 4621 κατὰ
2609 4566 2706 4637 τὴν
2730 4564 2954 4634 ὕστερον
2976 4561 3378 4636 ὲπιγενομένην
3405 4560 3646 4633 ζήτησιν.
3663 4557 3806 4626 Κατα-

1788 4892 2056 4949 VALESII
2095 4890 2638 4949 ANNOTATIONES.

686 4994 789 5066 (98)
832 4996 925 5050 Ἐν
956 4997 1226 5065 Αἰγύπτῳ
1255 4996 1324 5050 δὲ
1361 4997 1730 5065 Ἀθανάσιος.
1761 4999 2164 5056 Melius-dixis-

2339 5000 2452 5072 (99)
2509 5001 2563 5054 '0
2625 5001 2841 5070 Ῥώμης
2891 5002 3241 5069 ἐπίσκοπος.
3302 5002 3563 5059 Liberius
3614 4996 3802 5055 scilicet.

606 5065 1085 5143 setPetrum,’nam
1111 5066 1584 5143 Athanasiushjatn
1607 5069 2074 5143 viveredcsierat,
2105 5079 2165 5124 ut
2266 5065 2595 5143 Hu'nc'enim
2620 5065 2829 5143 abiisse
2861 5073 2996 5143 dicit
3030 5065 3286 5143 sequenti
3325 5077 3537 5143 capite.

605 5137 722 5209 ipse
751 5133 1086 5209 Sozomenus
1118 5152 1287 5209 supra
1319 5133 1523 5192 retulit.
1553 5137 1678 5192 Scio
1714 5140 1934 5209 quidem
1990 5133 2163 5194 Atha-

604 5207 821 5278 nasium
864 5206 1204 5278 divinitatem
1236 5207 1477 5278 Spiritus
1501 5210 1672 5262 sancti
1719 5206 1982 5278 perpetuo
2008 5225 2163 5264 asse-

603 5276 801 5335 ruisse.
853 5290 1085 5335 eumque
1124 5276 1283 5329 Patri
1323 5293 1387 5332 ac
1438 5276 1576 5331 Filio
1631 5276 2161 5333 consubstantialem

597 5346 919 5415 credidisse.
978 5346 1176 5399 Verum
1212 5346 1332 5415 ejus
1390 5351 1592 5402 mentio
1624 5349 1802 5402 aliena
1832 5357 1915 5403 est
1963 5350 2029 5402 ab
2060 5350 2162 5401 hoc

599 5414 741 5468 loco.
774 5414 879 5469 Sed
904 5418 1201 5469 notandum
1246 5414 1350 5482 est,
1384 5418 1749 5472 Sozomenum
1788 5418 1890 5472 hoc
1925 5421 2043 5472 loco
2073 5433 2164 5471 or-

596 5482 778 5538 dinem
824 5492 1136 5555 tempornm
1193 5500 1302 5556 non
1357 5502 1622 5542 servasse.
1677 5487 1886 5556 Quippe
1959 5487 2162 5542 Liberii

596 5564 827 5625 mortem
863 5562 917 5608 et
948 5554 1162 5608 initium
1209 5554 1428 5609 Damasi
1479 5558 1643 5611 refert
1670 5554 1918 5625 sequenti
1965 5559 2162 5625 capite,

595 5623 689 5694 diu
718 5632 839 5692 pust
873 5632 1102 5678 mortem
1145 5625 1445 5679 Athanasii.
1493 5626 1654 5694 Atqui
1691 5623 1906 5684 constat
1927 5623 2167 5683 Athana-

595 5692 735 5747 sium
755 5694 962 5763 aliquot
978 5696 1136 5751 annis
1155 5695 1526 5765 supervixisse
1542 5692 1778 5752 Liborio.

2336 5141 2411 5210 (Ι)
2443 5141 2774 5208 Οὺρσάκιός
2796 5157 2905 5208 τις.
2935 5141 2991 5195 In
3031 5138 3221 5198 codice
3247 5138 3565 5198 Fttketiano
3588 5138 3805 5204 scriptum

2264 5219 2351 5265 est
2385 5211 2692 5282 υύρσικιος,
2725 5214 2951 5266 rectius.
2986 5211 3355 5282 Latiniienim
3387 5214 3683 5282 scriptores
3712 5218 3805 5282 ett!!!

2269 5275 2542 5334 interdum
2582 5279 2891 5334 Ursicinum
2928 5290 3141 5335 vocant.
3174 5281 3386 5336 Verum
3416 5275 3804 5338 emendatissimi

2269 5350 2490 5404 codices
2528 5352 2709 5423 tribus
2730 5361 2940 5404 tantum
2975 5352 3198 5421 syllabis
3225 5351 3507 5423 Ursinum
3544 5346 3803 5423 notitiam}

2272 5428 2335 5472 ut
2367 5420 2549 5488 notavi
2579 5422 2644 5473 ad
2676 5409 3059 5488 librutuﬁxv'u
3095 5422 3384 5475 Atnmiani
3431 5413 3731 5488 Marcellini.
3753 5409 3806 5462 Di:

2272 5488 2437 5556 hujus
2456 5487 2661 5563 _l_lrsin_i
2693 5485 2992 5545 schismate
3014 5491 3284 5563 adversus
3318 5492 3624 5563 Damasum
3648 5485 3806 5563 ltotnaf

2271 5573 2357 5611 me
2384 5559 2538 5628 urbis
2562 5561 2900 5628 episc0pum,
2937 5560 3316 5616 consulendus
3372 5572 3463 5614 est
3499 5559 3739 5611 Baronius
3764 5562 3804 5600 ιιι

2272 5627 2568 5681 Annalibus
2592 5627 2985 5694 ecclesiasticis,
3008 5644 3152 5683 anno
3169 5628 3389 5684 Christi
3415 5630 3524 5684 567
3542 5638 3596 5682 et
3619 5635 3806 5693 sequ“?

2274 5698 2442 5751 tibus.
2476 5696 2793 5755 Dtutissime
2821 5705 2966 5755 enim
2991 5700 3204 5760 duravit
3228 5699 3347 5755 hoc
3376 5701 3636 5756 schisma.
