4056 6326
492 358 626 449 κει

1927 382 2264 438 SOZOMENI

3606 374 3743 433 1553

492 528 557 567 ac
620 510 855 584 propriis
905 505 1451 579 interpretationibus
1498 505 1904 560 adversantur:
1960 518 2051 556 net

2166 502 2481 573 ἑρμηνείαις
2512 501 2585 571 (5)
2611 500 2929 554 ἀνθίσταντο
2946 512 2964 532 θ
2991 495 3098 551 ἀπὸ
3120 490 3214 550 οὖν
3233 494 3307 566 (6)
3339 493 3449 547 τῶν
3476 494 3743 584 διαφόρου

493 602 562 657 ab
628 602 737 657 illis
802 599 897 670 qui
953 599 1170 655 diversa
1235 596 1490 667 dogmata
1545 595 2059 659 comminiscuntur,

493 693 671 762 abripi
716 692 771 745 in
804 705 1068 755 errorem,
1119 688 1214 744 sed
1251 688 1434 758 potius
1483 685 1709 740 Patrum
1745 693 2060 741 nostrorum

491 781 711 836 decreta
744 782 1002 846 retinere,
1025 782 1245 851 quoties
1274 780 1351 837 illi
1377 779 1545 834 variis
1575 779 1826 833 consiliis
1857 787 2063 832 temere

492 871 978 928 circumferuntur.
1025 872 1369 943 Quapropter
1418 871 1746 926 Auxentium
1802 868 2063 925 Mediola-

490 978 713 1019 nensem
763 963 1038 1034 praecipue
1079 964 1134 1017 in
1168 964 1270 1018 hoc
1318 963 1537 1035 negotio
1570 962 1889 1018 damnatum
1939 977 2063 1017 esse

491 1053 860 1125 perscribunt.
901 1051 1141 1122 Equum
1176 1053 1343 1121 igitur
1380 1063 1485 1117 est,
1523 1063 1581 1107 ut
1618 1066 1808 1107 omnes
1845 1052 1902 1106 in
1932 1051 2063 1107 orbe

489 1140 740 1197 Romano
767 1142 1137 1196 Ecclesiarum
1153 1142 1407 1199 doctores
1438 1143 1578 1198 inter
1603 1158 1663 1198 se
1689 1141 2058 1205 consentiant,

488 1246 591 1286 nec
633 1233 1075 1302 discrepantibus
1122 1232 1393 1290 doctrinis
1448 1232 1607 1287 fidem
1655 1233 2058 1288 contaminent.

488 1320 623 1375 Nam
664 1336 788 1375 cum
834 1321 1219 1375 haereticorum
1248 1321 1571 1391 improbitas
1610 1320 1791 1390 vigere
1823 1320 2059 1391 primum

492 1393 776 1484 coepisset,
807 1413 1264 1481 quemadmodum
1294 1427 1461 1477 nunc,
1489 1410 1636 1482 quod
1664 1408 1884 1480 quidem
1914 1405 2060 1462 Deus

488 1512 720 1567 avertat,
751 1503 1078 1557 Arianorum
1110 1505 1254 1573 viget
1277 1502 1635 1573 blasphemia,
1664 1499 1857 1555 Patres
1886 1499 2058 1555 nostri

486 1595 715 1650 trecenti
741 1594 927 1650 decem
960 1605 1014 1650 et
1038 1603 1165 1649 octo
1200 1595 1411 1657 selecti,
1438 1593 1624 1647 habito
1654 1592 1794 1661 apud
1822 1589 2059 1647 Nicaeam

486 1694 747 1753 tractatu,
787 1687 1050 1743 adversus
1089 1701 1241 1740 arma
1271 1685 1475 1740 diaboli
1523 1684 1669 1739 hunc
1695 1698 1910 1737 murum
1943 1697 2060 1738 ere-

486 1783 707 1836 xerunt,
736 1783 790 1831 et
819 1774 922 1829 hac
965 1774 1208 1829 antidoto
1235 1774 1415 1828 letalia
1459 1789 1664 1829 venena
1705 1773 2055 1843 repulerunt,

487 1872 550 1919 ut
575 1861 734 1919 Pater
761 1872 815 1919 et
838 1861 1031 1929 Filius,
1064 1862 1228 1918 unius
1256 1860 1584 1926 divinitatis,
1617 1862 1781 1917 unius
1814 1860 2057 1927 virtutis,

487 1955 762 2025 uniusque
796 1956 980 2025 figurae
1017 1970 1140 2010 esse
1169 1955 1543 2011 crederentur.
1570 1952 1834 2023 Spiritum
1876 1960 2063 2007 autem

489 2055 743 2102 sanctum
782 2046 1028 2116 ejusdem
1063 2061 1281 2116 quoque
1320 2060 1442 2101 esse
1470 2045 1793 2101 substantiae
1836 2044 2058 2099 credere

486 2134 776 2191 debemus.
821 2137 960 2191 Eum
1017 2150 1146 2191 vero
1173 2135 1266 2205 qui
1297 2134 1457 2190 aliter
1483 2136 1702 2198 sentiat,
1743 2148 1775 2189 a
1807 2148 2055 2188 commu-

486 2233 653 2285 nione
681 2236 872 2283 nostra
900 2228 1139 2282 alienum
1166 2241 1290 2283 esse
1312 2227 1677 2282 decrevimus.
1702 2225 1876 2293 Quam
1909 2224 2056 2280 salu-

485 2329 658 2377 tarem
689 2320 930 2390 regulam
962 2326 1016 2373 et
1042 2318 1375 2373 adorandam
1409 2318 1774 2379 sanctionem,
1803 2315 2055 2370 nonnulli

487 2415 694 2469 violare
721 2413 905 2467 conati
932 2418 1081 2468 sunt.
1114 2409 1315 2465 Verum
1352 2410 1406 2464 in
1438 2411 1555 2480 ipso
1589 2410 1774 2466 statim
1805 2408 2052 2472 exordio,

485 2506 557 2561 ab
594 2506 664 2562 iis
700 2505 838 2576 ipsis
871 2504 964 2574 qui
999 2502 1228 2557 Arimini
1279 2501 1424 2557 istud
1460 2503 1720 2557 innovare
1752 2510 1844 2555 aut
1877 2506 2055 2553 atten-

483 2603 604 2651 tare
635 2595 814 2649 coacti
844 2592 1082 2658 fuerant,
1125 2606 1192 2648 eo
1237 2607 1410 2662 usque
1453 2592 1796 2647 emendatum
1842 2597 1947 2654 est,
1995 2597 2054 2644 ut

485 2684 729 2742 confessi
760 2684 872 2740 sint
895 2699 956 2739 se
991 2684 1097 2738 alia
1127 2684 1364 2754 quadam
1391 2684 1769 2753 disputatione
1797 2683 2054 2753 deceptos

481 2792 627 2842 esse,
662 2792 828 2847 quam
871 2776 1158 2831 sententiae
1186 2790 1216 2829 a
1243 2773 1480 2831 Nicaanis
1513 2774 1770 2851 Patribu‘s
1810 2774 2053 2845 promul-

487 2874 631 2938 gata:
666 2867 998 2922 contrariam
1027 2878 1151 2920 esse
1190 2865 1417 2920 minime
1448 2864 1833 2920 advertissent.
1866 2860 2055 2931 Neque

480 2958 629 3013 enim
662 2956 1035 3028 praejudicium
1076 2955 1251 3009 ullum
1289 2953 1473 3010 afferri
1503 2955 1680 3024 potuit
1708 2968 1774 3008 ex
1823 2964 2053 3006 numero

482 3064 671 3106 eorum
702 3050 795 3118 qui
824 3046 1057 3103 Arimini
1082 3060 1390 3102 convenere
1417 3059 1432 3098 :
1476 3043 1943 3115 quandoquidem,
1973 3042 2053 3097 uti

2163 592 2513 655 διδασκαλίας
2548 590 2942 661 διανοουμένων
2978 587 3054 659 μὴ
3095 584 3554 658 παρολισθαίνειν,
3607 582 3743 637 ἀλλά

2164 683 2474 753 καὶμᾶλλον
2494 683 2602 737 τῶν
2624 683 2881 754 Πατέρων
2902 679 3059 752 ἡμῶν
3088 679 3339 749 κατέχειν
3363 676 3460 748 τὴν
3490 674 3742 746 γνώμην,

2162 773 2350 838 ὁσάκις
2373 773 2438 827 ἀν
2459 774 2735 845 διαφόροις
2760 772 2976 844 βουλαῖς
2992 772 3417 844 περιφέρωνται.
3438 769 3743 840 Τοιγαροῦν

2162 865 2449 932 Αύξέντιον
2495 865 2587 918 τὸν
2625 864 2971 919 Μεδιολάνων
3022 862 3315 928 ἐξαιρέτως
3363 862 3422 915 ἐν
3454 862 3633 931 τούτῳ
3667 859 3742 930 τῷ

2163 952 2451 1026 πράγματι
2481 953 2910 1025 κατακεκρίσθαι
2939 954 3372 1024 προγέγραπται.
3413 947 3743 1005 Δίκαιονοῦδ

2164 1046 2306 1109 ἐστι,
2340 1046 2546 1110 πάντας
2578 1046 2702 1109 τοὺς
2734 1046 2793 1097 ἐν
2834 1043 2911 1114 τῴ
2948 1043 3233 1114 Ῥωμαίων
3269 1043 3459 1114 κόσμῳ
3488 1044 3744 1097 διδασκά-

2161 1135 2286 1199 λους
2312 1136 2657 1207 όμοιρρονεῖν,
2697 1136 2791 1188 καὶ
2825 1134 2899 1206 μὴ
2932 1135 3206 1208 διαςόροις
3234 1134 3609 1199 διδασκαλίαις
3638 1136 3739 1206 τὴν

2161 1228 2343 1282 πίστιν
2372 1228 2627 1297 μιαίνειν.
2650 1230 2761 1283 Καὶ
2797 1230 2905 1301 γὰρ
2930 1228 3091 1299 ἡνίκα
3124 1225 3394 1297 πρῶτονή
3430 1226 3599 1280 κακία
3631 1236 3743 1285 τῶν

2162 1318 2454 1388 αίρετικῶν
2501 1320 2768 1390 ἀκμάζειν
2817 1317 3040 1391 ἦρξατο,
3086 1318 3160 1382 ώς
3204 1318 3298 1371 καὶ
3339 1316 3434 1370 νῦν
3480 1318 3741 1388 μάλιστα,

2160 1410 2296 1482 ὅπερ
2321 1410 2509 1481 ἀπείη,
2540 1411 2649 1465 τῶν
2672 1411 2961 1484 Ἀρειανῶν
2990 1413 3023 1482 ἡ
3056 1410 3391 1481 βλασιρημία,
3422 1411 3470 1464 oi
3505 1410 3739 1481 πατέρες

2148 1500 2316 1571 ’ἡμῶν
2346 1502 2647 1572 τριακόσιοι
2674 1502 2808 1556 δέκα
2840 1503 2935 1556 καὶ
2955 1501 3099 1556 ὀκτὼ
3123 1502 3414 1567 ἐπίλεκτοι,
3450 1501 3507 1554 ἐν
3533 1502 3737 1571 Nimia

2159 1590 2449 1662 γενομένου
2477 1594 2811 1664 σκέμματος,
2835 1592 2993 1647 τοῦτο
3014 1592 3076 1647 τὸ
3093 1594 3268 1663 τεῖχος
3293 1593 3609 1646 ὑπεναντίον
3630 1592 3738 1646 τῶν

2158 1681 2337 1736 ὅπλων
2370 1682 2463 1737 τοῦ
2492 1683 2739 1739 διαϐόλου
2772 1683 2999 1757 ὥρισαν,
3041 1685 3137 1739 καὶ
3182 1684 3358 1756 ταύτῃ
3378 1686 3445 1756 τῇ
3476 1683 3735 1754 ἀντιδότῳ

2161 1770 2230 1825 τά
2256 1771 2528 1842 θανάσιμα
2556 1773 2823 1844 φάρμακα
2844 1773 3161 1828 ἀπεώσαντο
3184 1791 3198 1803 ο
3227 1771 3368 1826 ὥστε
3392 1772 3481 1825 τὸν
3514 1771 3734 1841 Πατέρα

2089 1827 2135 1886 Β
2160 1861 2255 1915 καὶ
2286 1862 2377 1918 τὸν
2410 1827 2723 1936 Υίὺνίμὶάς
2755 1864 3024 1936 θεότητος,
3060 1866 3189 1936 μιᾶς
3217 1864 3439 1934 ἀρετῆς.
3493 1863 3585 1916 καὶ
3614 1827 3732 1926 ὲέὺς

2162 1952 2441 2022 χρήματος
2470 1952 2545 2023 (7)
2580 1953 2928 2007 πιστεύεσθαι
2953 1970 2968 1986 ⁸
3010 1953 3116 2026 χρὴ
3155 1954 3210 2008 δὲ
3252 1955 3350 2024 τῆς
3378 1953 3580 2023 ταύτης
3602 1954 3731 2005 ὑπο-

2161 2043 2403 2107 στάσεως
2441 2045 2533 2097 καὶ
2566 2045 2624 2098 τὸ
2661 2044 2886 2116 Πνεῦμα
2917 2044 2977 2099 τὺ
3016 2045 3168 2114 ἅγιον
3198 2046 3497 2098 πιστεύειν.
3548 2043 3649 2097 Τὸν
3672 2044 3729 2099 δέ

2157 2134 2332 2199 ἄλλως
2361 2135 2682 2207 φρονοῦντα,
2723 2137 2998 2210 ἀλλότριον
3028 2133 3168 2191 εἶναι
3191 2138 3288 2207 τῆς
3320 2137 3593 2208 ἡμετέρας
3612 2153 3724 2189 κοι-

2157 2226 2353 2288 νωνίας
2381 2227 2695 2297 ἐκρίναμεν.
2748 2230 2957 2298 Ὅνπερ
2986 2226 3299 2300 σωτηριώδη
3340 2230 3485 2297 ὅρον,
3514 2228 3607 2280 καὶ
3629 2229 3727 2298 τὴν

2158 2317 2539 2390 προσκυνητὴν
2571 2317 2763 2388 σκέψιν
2809 2319 2952 2384 τινὲς
2989 2321 3175 2391 μιᾶναι
3210 2319 3501 2391 ὴθέλησαν.
3569 2320 3724 2373 Ἀλλὰ

2156 2408 2215 2461 ἐν
2242 2407 2378 2479 αὐτῇ
2407 2412 2473 2480 τῇ
2500 2410 2663 2481 ἀρχῇ,
2692 2411 2787 2464 ἀπ’
2810 2411 2991 2466 αὐτῶν
3013 2411 3216 2464 τούτων
3252 2410 3450 2475 οἵτινες
3470 2410 3626 2465 τοῦτο
3667 2415 3724 2464 ἐν

2169 2496 2428 2569 Ἀριμίνῳ
2465 2497 2893 2566 ἀνανεώσασθαι,
2925 2500 2956 2572 ἢ
2986 2500 3302 2572 ψηλαφῆσαι
3331 2500 3722 2571 ἠναγκάζοντο,

2160 2587 2321 2658 μέχρι
2348 2587 2536 2642 τούτου
2569 2589 2851 2661 διωρθώθη
2881 2590 2955 2654 ὠς
2999 2591 3278 2661 ὁμολογεῖν
3328 2592 3525 2655 αὐτοὺς
3565 2590 3724 2661 ἑτέρα

2154 2682 2263 2734 τινὶ
2303 2680 2533 2747 διαλέξει
2563 2683 2933 2754 ύφαρπάσθαι,
2986 2684 3067 2737 ὅτι
3119 2685 3218 2737 οὐκ
3253 2685 3483 2753 ἐνόησαν
3528 2686 3592 2754 τῇ
3619 2684 3723 2736 τῶν

2156 2772 2416 2844 Πατέρων
2458 2772 2652 2845 γνώμῃ
2694 2775 2761 2844 τῇ
2817 2775 2874 2826 ἐν
2919 2774 3125 2845 Νικαίᾳ
3171 2775 3417 2846 ἀρεσάσῃ
3488 2773 3722 2827 ἐναντίον

2156 2858 2313 2918 εἶναι.
2344 2864 2478 2918 Οὐδὲ
2507 2865 2615 2937 γὰρ
2654 2866 2937 2937 πρόκριμά
2968 2884 3021 2919 τι
3066 2866 3306 2936 ἠδυνήθη
3334 2866 3587 2935 γενέσθαι
3620 2864 3722 2917 ἀπὸ

2154 2954 2250 3008 τοῦ
2290 2955 2522 3027 ἀριθμοῦ
2554 2956 2661 3009 τῶν
2698 2959 2756 3010 ἐν
2809 2957 3069 3029 Ἀριμίνῳ
3113 2955 3524 3027 συναχθέντων,
3565 2955 3722 3009 ὁπότε

2160 3047 2484 3119 συνέστηκε,
2542 3049 2681 3119 μήτε
2719 3048 2814 3102 τοῦ
2856 3046 3139 3120 Ῥωμαίων
3180 3047 3500 3109 ἐπισκόπου,
3534 3041 3595 3100 οῦ
3621 3046 3721 3114 πρὸ

481 3155 650 3212 supra
695 3140 953 3205 diximus,
1002 3137 1083 3192 illi
1133 3136 1238 3207 ipsi
1286 3137 1379 3207 qui
1430 3151 1528 3206 per
1574 3135 1823 3190 fraudem
1857 3133 2051 3189 cedere

2156 3135 2372 3190 πάντων
2396 3136 2502 3190 ἐδει
2522 3137 2620 3208 τὴν
2649 3137 2871 3209 γνώμην
2906 3137 3245 3205 ἐκδέξασθαι,
3282 3136 3405 3191 οὔτε
3427 3137 3718 3202 Βικεντίου,

482 3232 887 3303 aliquantulum
918 3230 1019 3285 visi
1053 3238 1203 3293 sunt,
1240 3236 1427 3299 postea
1455 3228 1679 3282 meliore
1695 3227 1906 3297 judicio
1934 3228 2045 3291 usi,

402 3304 421 3319 χ
479 3338 543 3377 ea
574 3324 677 3378 sibi
706 3323 1001 3390 displicere
1037 3323 1220 3374 testati
1251 3331 1398 3373 sunt.
1426 3318 1692 3388 Perspicit
1736 3318 1900 3387 igitur
1929 3320 2047 3372 sin-

420 3472 425 3479 _
478 3414 678 3469 ceritas
706 3420 910 3471 vestra.
931 3411 1073 3464 hanc
1098 3411 1269 3466 solam
1295 3409 1452 3464 fidem
1479 3425 1602 3479 quae
1622 3409 1778 3478 juxta
1808 3408 2049 3463 auctori-

479 3512 644 3563 tatem
691 3503 1066 3572 apostolorum
1112 3500 1168 3554 in
1222 3499 1359 3554 urbe
1402 3488 1620 3554 Niciena
1670 3498 1896 3553 fundata
1937 3505 2046 3561 est,

477 3600 736 3662 perpetua
763 3589 1019 3642 ﬁrmitate
1050 3587 1391 3641 retinendam
1429 3601 1591 3642 esse:
1624 3600 1798 3656 eaque
1824 3585 2047 3656 gloriari

475 3682 765 3739 nobiscum
796 3686 910 3733 tum
951 3676 1261 3732 Orientales
1297 3678 1390 3748 qui
1442 3676 1608 3750 248
1648 3692 1707 3733 se
1751 3676 2051 3733 catholicos

476 3786 598 3829 esse
639 3770 985 3840 profitentur,
1033 3774 1146 3821 lum
1181 3767 1582 3823 Occidentales.
1627 3767 1914 3823 Credimus
1953 3782 2051 3822 au-

489 3870 600 3918 tem
649 3862 890 3916 futurum
929 3860 1105 3924 brevi,
1137 3868 1198 3914 ut
1227 3861 1319 3932 qui
1352 3861 1457 3915 alia
1483 3862 1750 3926 sentiunt,
1781 3877 1813 3916 a
1855 3870 2048 3919 nostra

476 3952 866 4010 communione
897 3960 1241 4021 separentur,
1271 3952 1456 4007 ablato
1478 3952 1618 4023 ipsis
1656 3955 2046 4023 episcoporum

485 4040 747 4094 nomine:
795 4037 869 4092 ita
909 4046 979 4091 ut'
1009 4037 1197 4107 populi
1226 4039 1294 4093 ab
1319 4053 1507 4095 errore
1535 4040 1780 4110 ipsorum
1830 4041 2048 4097 liberati

476 4133 747 4203 respirare
785 4130 1018 4201 possint.
1054 4129 1215 4185 Nullo
1260 4130 1407 4185 enim
1436 4129 1601 4187 modo
1627 4147 1869 4188 errorem
1906 4133 2048 4188 mul-

475 4224 727 4281 titudinis
753 4222 1027 4293 corrigere
1075 4229 1357 4292 poterunt,
1393 4237 1516 4278 cum
1568 4222 1670 4293 ipsi
1710 4237 1901 4280 errore
1939 4226 2045 4280 im-

2152 3225 2211 3289 δς
2236 3228 2329 3282 ἐπὶ
2354 3227 2628 3293 τοσούτοις
2665 3228 2809 3282 ἔτεσι
2847 3230 2945 3301 τὴν
2992 3229 3296 3301 ἐπισκοπὴν
3328 3230 3572 3292 ἀσπίλως
3597 3228 3722 3297 ἐφύο

2152 3316 2333 3382 λαξεν,
2368 3318 2492 3372 οὔτε
2524 3320 2630 3372 τῶν
2660 3320 2833 3373 ἄλλων
2880 3323 2992 3385 τοῖς
3021 3320 3279 3384 τοιούτοις
3308 3320 3719 3389 συγκαταθεμέ-

2153 3417 2339 3462 νωννσ
2380 3410 2539 3464 ὁπότε
2588 3410 2821 3480 μάλιστα
2864 3410 3043 3474 καθὼς
3087 3414 3517 3482 προειρήκαμεν,
3571 3410 3721 3463 αὐτοὶ

2151 3489 2296 3552 οὗτοι
2339 3498 2534 3563 οἵτινες
2577 3501 2717 3555 κατά
2764 3501 3030 3571 συσκευὴν
3081 3500 3460 3557 ὐποκλίνεσθαι
3517 3500 3717 3567 ἔδοξαν,

2151 3580 2295 3642 οὗτοι
2325 3589 2561 3643 καλλίονι
2589 3591 2780 3663 γνώμῃ
2802 3591 3158 3664 χρησάμενοι,
3184 3592 3520 3663 ἀπαρέσκειν
3544 3593 3719 3657 αὐτοῖς

2149 3678 2319 3732 ταῦτα
2361 3680 2757 3752 ἐμαρτύραντο.
2786 3684 2995 3755 Συνορᾷ
3019 3681 3113 3737 οὖν
3149 3685 3183 3754 ἡ
3214 3684 3454 3756 ὑμετέρα
3486 3685 3718 3756 καθαρό-

2146 3787 2267 3841 της,
2293 3771 2497 3843 ταύτην
2528 3773 2694 3845 μόνην
2723 3773 2820 3846 τὴν
2854 3776 3056 3841 πίστιν,
3083 3776 3204 3845 ἥτις
3249 3778 3307 3829 ἐν
3344 3777 3550 3850 Νικαίᾳ
3580 3776 3721 3831 κατά

2148 3858 2246 3929 τὴν
2277 3859 2562 3916 αὐθεντίαν
2588 3862 2695 3916 τῶν
2738 3863 3050 3919 ἀποστόλων
3088 3866 3444 3936 ἐθεμελιώθη,
3485 3864 3722 3938 διηνεκεῖ

2150 3949 2461 4021 βεϐαιότητι
2506 3953 2799 4007 καθεκτέον
2836 3950 3012 4018 εἶναι,
3090 3957 3183 4010 καὶ
3233 3956 3353 4026 μεθ’
3393 3958 3554 4028 ἡμῶν
3595 3960 3717 4021 τοὺς

2164 4046 2537 4110 Ἀνατολικοὺς
2577 4047 2773 4110 οἵτινες
2794 4068 2803 4073 τ
2825 4048 3051 4112 ἐαυτοὺς
3109 4052 3211 4119 τῆς
3256 4048 3548 4121 καθολικῆς
3585 4047 3715 4103 εἶναι

2146 4136 2589 4206 ἐπιγινώσκουσι,
2622 4140 2747 4203 τοὺς
2775 4139 2832 4193 δὲ
2855 4140 3104 4205 δυτικοὺς
3134 4140 3210 4211 (8)
3244 4142 3569 4211 καυχᾶσθαι.
3623 4143 3715 4195 Πι-

2154 4227 2417 4298 στεύομεν
2462 4228 2521 4281 δὲ
2558 4229 2659 4282 οὐκ
2708 4231 2797 4293 είς
2831 4230 3049 4301 μακράν
3094 4230 3219 4293 τοὺς
3264 4230 3402 4289 ἄλλα
3446 4231 3712 4295 νοοῦντας,

1665 4398 1936 4458 VALESII
1966 4400 2520 4462 ANNOTATIONES.

546 4495 625 4563 (5)
683 4493 1348 4563 Οὶκείαιςίὲρμηνείαις.
1416 4490 1612 4546 Totum
1664 4491 1811 4563 hunc
1869 4496 2046 4549 locum

2154 4498 2296 4571 libro
2333 4498 2576 4571 secundo
2614 4498 2883 4571 historia
2921 4514 3044 4568 cap.
3078 4498 3168 4566 2‘2,
3211 4503 3413 4558 rectior
3442 4502 3707 4571 scriptura

473 4567 713 4687 pessime
742 4568 901 4646 vertit
950 4562 1176 4643 Graecus
1227 4562 1501 4642 interpres
1579 4562 1747 4628 bujus
1777 4565 2041 4630 epistolae.

521 4643 666 4687 atina
713 4635 932 4687 quidem
976 4633 1205 4687 eotstola
1252 4646 1335 4685 stc
1382 4631 1547 4684 habet
1578 4647 1593 4684 :
1630 4631 1732 4685 Sed
1765 4628 2041 4687 Gallorum

2154 4567 2381 4622 habetur
2419 4569 2580 4636 hujus
2614 4569 2740 4632 loci,
2770 4570 2879 4623 τῶν
2904 4562 3119 4637 σκᾶιαίς
3155 4562 3508 4644 κεχρημένων
3544 4562 3709 4643 ἑρμη-

2154 4636 2286 4687 ιίαις
2311 4637 2681 4687 ἀνθίστασθαι-
2712 4649 2819 4687 etc-

521 4635 666 4687 atina
713 4635 932 4701 quidem
976 4633 1205 4701 epistola
1252 4631 1335 4685 sic
1372 4628 1547 4684 habet
1578 4647 1593 4684 :
1630 4631 1732 4685 Sed
1765 4628 2041 4688 Gallorum

2154 4636 2286 4700 ιίαις
2311 4628 2681 4701 ἀνθίστασθαι,
2712 4628 2819 4696 etc.

472 4714 626 4772 atque
693 4700 1051 4757 Vénetensiuin
1089 4704 1316 4768 fratrum
1367 4700 1633 4772 relatione
1670 4705 2039 4772 comperimus,

472 4770 751 4828 nonnullos
780 4790 882 4826 non
899 4772 1110 4824 hmresis
1132 4772 1342 4831 studio;
1371 4785 1531 4838 neque
1551 4771 1690 4823 enim
1712 4770 1807 4825 hoc
1834 4783 2040 4826 tantum

469 4844 805 4896 malicadere
832 4843 887 4895 in
920 4840 1023 4894 Dei
1077 4839 1344 4892 antistites
1394 4848 1604 4906 potest;
1658 4845 1747 4893 sed
1803 4843 2037 4905 inscitia,

471 4914 549 4965 vel
581 4928 645 4965 ea:
674 4913 1011 4980 simplicitate
1027 4908 1279 4980 quadam,
1306 4909 1485 4962 saevis
1518 4911 2038 4975 interpretationibus

469 4978 904 5046 wstuantes,non
955 4979 1086 5031 satis
1138 4978 1390 5044 dispicere
1438 4993 1555 5047 qua:
1594 4982 1762 5048 magis
1812 4981 2040 5034 Patrum

470 5060 767 5105 nostrorum
800 5052 867 5102 sit
897 5048 1117 5102 tenenda
1141 5048 1418 5120 sententia,
1441 5048 1786 5120 cumﬂiversa
1816 5053 2041 5105 consilia

467 5136 649 5174 eorum
679 5120 903 5190 auribus
953 5120 1281 5188 ingerantur.
1331 5116 1879 5190 Ggrtecus'interpres
1940 5138 2038 5190 pro

468 5193 649 5244 scwuis
679 5189 824 5259 quod
857 5189 998 5243 idem
1039 5190 1178 5243 valet
1223 5201 1286 5259 ac
1336 5188 1594 5252 sinistris,
1646 5188 1839 5259 legiSsc
1866 5188 2031 5259 vide-

2218 4707 2293 4783 ιβ)
2336 4706 2469 4783 Ἄσξὸ
2498 4704 2635 4783 οὖν.
2658 4707 3062 4783 Rectiusapud
3088 4710 3482 4783 Theodoritum
3514 4708 3707 4783 legitur

2145 4768 2495 4853 ἀνθίστασθαι
2539 4777 2650 4831 ἀπὸ
2694 4780 2787 4832 τοῦ
2840 4768 3269 4853 νῦν’διαφόρους
3319 4768 3705 4842 διδασκαλίαις.

2146 4846 2574 4915 διανοουμένους,
2605 4858 2712 4902 etc.

2217 4914 2294 4989 (,7)
2326 4914 2491 4981 Ἐνὸς
2531 4916 2852 4989 χρήματος.
2887 4920 3038 4989 Apud
3089 4918 3477 4989 Tlteodoritum
3518 4920 3705 4973 melius

2146 4984 2343 5055 legitur
2367 4984 2731 5057 χαρακτῆρος.
2763 4989 2921 5045 Certe
2935 4984 2998 5045 in
3024 4991 3255 5060 epistola
3286 4988 3481 5044 Latina
3512 4990 3705 5059 legitur

2146 5057 2300 5109 unius
2330 5057 2534 5124 ﬁgurm.

2144 5068 2300 5109 unius
2330 5068 2534 5122 Murre.

2215 5124 2293 5205 g8.)
2351 5125 2495 5205 Toizc
2528 5124 2596 5178 δὲ
2615 5125 2967 5205 *δυτικρύςε-
2998 5127 3356 5205 Scribendum
3402 5133 3488 5205 es_t
3521 5126 3701 5205 procul

2141 5192 2308 5247 dubio
2350 5194 2476 5257 τούς
2502 5211 2561 5247 τε
2611 5192 3006 5261 δυτικούς.’5ἰ(ε
3052 5202 3198 5253 enim
3252 5199 3414 5252 habet
3454 5192 3699 5249 Latinum

470 5269 563 5335 tur
594 5257 728 5313 suis.
754 5258 1099 5335 ‘Vcrtitcnittt
1119 5257 1371 5335 οίκείαις,
1402 5257 1827 5335 magnoerr'ore:
1856 5257 2033 5335 sedet
2137 5264 2415 5335 exemplar
2444 5263 2607 5334 hujus
2628 5257 2892 5335 epistolae.
2931 5266 3047 5322 Hac
3074 5268 3347 5323 nobiscum
3387 5265 3696 5328 Orientales,

469 5330 674 5408 reliqua
697 5325 1713 5408 minimeintellexiL-Verumincodice
1731 5328 2032 5408 Fubetiauo
2138 5333 2227 5408 qui
2250 5325 2314 5408 se
2339 5325 2627 5389 catholicos
2662 5325 3053 5408 recognoscant,
3090 5337 3558 5407 Occidentemque
3591 5325 3698 5405 gloé

467 5398 625 5454 aliter
642 5399 901 5454 scribitur
924 5399 1010 5451 hic
1030 5399 1205 5460 locus,
1230 5398 1333 5451 boc
1354 5398 1565 5452 scilicet
1582 5398 1745 5450 modo
1767 5416 1778 5452 :
1800 5400 2034 5461 aiataiat;

463 5469 752 5541 ἐρμηνίαι;
798 5468 1166 5523 ἀνθίστανται.
1204 5463 1309 5522 Sed
1362 5467 1503 5537 apud
1553 5464 1942 5523 Tbeodoritum
1977 5468 2033 5521 in

2141 5404 2294 5456 riari.

1867 5615 2254 5675 VARlORUM.

535 5726 563 5754 ν
615 5717 813 5769 Ὁπότε
862 5714 1220 5777 συνέστηκε.
1233 5750 1267 5763 ..
1280 5750 1291 5763 .

466 5788 769 5857 Supplcnda
797 5796 878 5839 ρει
906 5801 971 5838 cx
1000 5782 1353 5846 'l‘ltcodorito,
1388 5782 1478 5835 lib.
1512 5796 1574 5846 tt,
1609 5796 1733 5849 cap.
1773 5780 1863 5833 22.

1352 5709 1903 5783 συγκαταθεμένων.
1932 5709 2051 5767 Ηυῐπ

2173 5713 2278 5765 \‘ct'i
2301 5727 2455 5765 orum
2511 5712 2911 5783 interpretatio,
2979 5709 3253 5766 aValcsio
3322 5707 3408 5763 hic
3474 5703 3683 5765 omissa.
