  <div class='ocr_page' id='page_1' title='image "/cluster/home/n/w/nwhite01/storage/ocr_20150623/67/mdp.39015018620115/684.png"; bbox 0 0 4066 6338; ppageno 0'>
   <div class='ocr_carea' id='block_1_1' title="bbox 428 367 566 420">
    <p class='ocr_par' dir='ltr' id='par_1_1' title="bbox 428 367 566 420">
     <span class='ocr_line' id='line_1_1' title="bbox 428 367 566 420; baseline 0.014 -2"><span class='ocrx_word' id='word_1_1' title='bbox 428 367 566 420; x_wconf 79' lang='grc'><strong>1557</strong></span> 
     </span>
    </p>
   </div>
   <div class='ocr_carea' id='block_1_2' title="bbox 1390 369 2697 435">
    <p class='ocr_par' dir='ltr' id='par_1_2' title="bbox 1390 369 2697 435">
     <span class='ocr_line' id='line_1_2' title="bbox 1390 369 2697 435; baseline 0.01 -13"><span class='ocrx_word' id='word_1_2' title='bbox 1390 369 1712 426; x_wconf 73' lang='lat' dir='ltr'><strong>HISTORIA</strong></span> <span class='ocrx_word' id='word_1_3' title='bbox 1761 369 2321 429; x_wconf 78' lang='lat' dir='ltr'><strong>ECCLESIASTICA.</strong></span> <span class='ocrx_word' id='word_1_4' title='bbox 2363 405 2415 416; x_wconf 66' lang='grc' dir='ltr'><strong>ο-</strong></span> <span class='ocrx_word' id='word_1_5' title='bbox 2447 375 2574 431; x_wconf 89' lang='lat' dir='ltr'><strong>LIB.</strong></span> <span class='ocrx_word' id='word_1_6' title='bbox 2610 375 2697 435; x_wconf 73' lang='lat' dir='ltr'><strong>Vl.</strong></span> 
     </span>
    </p>
   </div>
   <div class='ocr_carea' id='block_1_3' title="bbox 3553 384 3691 441">
    <p class='ocr_par' dir='ltr' id='par_1_3' title="bbox 3553 384 3691 441">
     <span class='ocr_line' id='line_1_3' title="bbox 3553 384 3691 441; baseline 0 -1"><span class='ocrx_word' id='word_1_7' title='bbox 3553 384 3691 441; x_wconf 68' lang='lat'><strong>1558</strong></span> 
     </span>
    </p>
   </div>
   <div class='ocr_carea' id='block_1_4' title="bbox 419 455 1969 547">
    <p class='ocr_par' dir='ltr' id='par_1_4' title="bbox 419 455 1969 534">
     <span class='ocr_line' id='line_1_4' title="bbox 419 455 1969 534; baseline 0.003 -21"><span class='ocrx_word' id='word_1_8' title='bbox 419 460 626 531; x_wconf 82' lang='grc' dir='ltr'><strong>ταύτης</strong></span> <span class='ocrx_word' id='word_1_9' title='bbox 663 459 720 512; x_wconf 82' lang='grc' dir='ltr'>δὲ</span> <span class='ocrx_word' id='word_1_10' title='bbox 752 461 850 530; x_wconf 77' lang='grc' dir='ltr'>τῆς</span> <span class='ocrx_word' id='word_1_11' title='bbox 899 461 1097 525; x_wconf 79' lang='grc' dir='ltr'>αἰτίας.</span> <span class='ocrx_word' id='word_1_12' title='bbox 1143 463 1288 526; x_wconf 76' lang='grc' dir='ltr'>ὅπως</span> <span class='ocrx_word' id='word_1_13' title='bbox 1326 463 1417 516; x_wconf 81' lang='grc' dir='ltr'>καὶ</span> <span class='ocrx_word' id='word_1_14' title='bbox 1459 455 1606 516; x_wconf 70' lang='grc' dir='ltr'>οὗτοι</span> <span class='ocrx_word' id='word_1_15' title='bbox 1640 465 1721 528; x_wconf 84' lang='grc' dir='ltr'><strong>είς</strong></span> <span class='ocrx_word' id='word_1_16' title='bbox 1749 465 1969 534; x_wconf 77' lang='grc' dir='ltr'>διαφορὲ</span> 
     </span>
    </p>
   </div>
   <div class='ocr_carea' id='block_1_5' title="bbox 2075 455 3686 547">
    <p class='ocr_par' dir='ltr' id='par_1_5' title="bbox 2075 466 3686 547">
     <span class='ocr_line' id='line_1_5' title="bbox 2075 466 3686 547; baseline 0.011 -28"><span class='ocrx_word' id='word_1_17' title='bbox 2075 501 2084 526; x_wconf 58' lang='grc' dir='ltr'><strong>ι</strong></span> <span class='ocrx_word' id='word_1_18' title='bbox 2115 466 2466 532; x_wconf 64' lang='lat' dir='ltr'><strong>Nicomediae,</strong></span> <span class='ocrx_word' id='word_1_19' title='bbox 2502 484 2604 526; x_wconf 90' lang='lat' dir='ltr'><strong>nec</strong></span> <span class='ocrx_word' id='word_1_20' title='bbox 2625 470 2720 542; x_wconf 88' lang='lat' dir='ltr'><strong>qui</strong></span> <span class='ocrx_word' id='word_1_21' title='bbox 2748 469 2966 528; x_wconf 87' lang='lat' dir='ltr'><strong>Cotnaii</strong></span> <span class='ocrx_word' id='word_1_22' title='bbox 2991 472 3366 546; x_wconf 84' lang='lat' dir='ltr'><strong>episcopatum</strong></span> <span class='ocrx_word' id='word_1_23' title='bbox 3388 477 3686 547; x_wconf 76' lang='lat' dir='ltr'><strong>gerebant:</strong></span> 
     </span>
    </p>
   </div>
   <div class='ocr_carea' id='block_1_6' title="bbox 421 552 2004 628">
    <p class='ocr_par' dir='ltr' id='par_1_6' title="bbox 421 552 2004 628">
     <span class='ocr_line' id='line_1_6' title="bbox 421 552 2004 628; baseline 0.001 -22"><span class='ocrx_word' id='word_1_24' title='bbox 421 552 780 624; x_wconf 79' lang='grc' dir='ltr'><strong>κατέστησαν,</strong></span> <span class='ocrx_word' id='word_1_25' title='bbox 840 555 933 606; x_wconf 69' lang='grc' dir='ltr'>καὶ</span> <span class='ocrx_word' id='word_1_26' title='bbox 992 557 1132 624; x_wconf 71' lang='grc' dir='ltr'>σφᾶς</span> <span class='ocrx_word' id='word_1_27' title='bbox 1184 557 1378 619; x_wconf 81' lang='grc' dir='ltr'>αὐτοὺς</span> <span class='ocrx_word' id='word_1_28' title='bbox 1433 557 1772 628; x_wconf 80' lang='grc' dir='ltr'><strong>διατεμόντες</strong></span> <span class='ocrx_word' id='word_1_29' title='bbox 1839 559 2004 628; x_wconf 68' lang='grc' dir='ltr'>χωρὶς</span> 
     </span>
    </p>
   </div>
   <div class='ocr_carea' id='block_1_7' title="bbox 419 644 1354 718">
    <p class='ocr_par' dir='ltr' id='par_1_7' title="bbox 419 644 1354 718">
     <span class='ocr_line' id='line_1_7' title="bbox 419 644 1354 718; baseline 0.004 -21"><span class='ocrx_word' id='word_1_30' title='bbox 419 644 799 715; x_wconf 69' lang='grc' dir='ltr'>ἑκκλησίαξον,</span> <span class='ocrx_word' id='word_1_31' title='bbox 831 647 970 700; x_wconf 85' lang='grc' dir='ltr'>κατά</span> <span class='ocrx_word' id='word_1_32' title='bbox 1003 647 1194 718; x_wconf 83' lang='grc' dir='ltr'>καιρὸν</span> <span class='ocrx_word' id='word_1_33' title='bbox 1224 648 1354 718; x_wconf 79' lang='grc' dir='ltr'><strong>ἐρῶ.</strong></span> 
     </span>
    </p>
   </div>
   <div class='ocr_carea' id='block_1_8' title="bbox 2112 561 3686 641">
    <p class='ocr_par' dir='ltr' id='par_1_8' title="bbox 2112 561 3686 641">
     <span class='ocr_line' id='line_1_8' title="bbox 2112 561 3686 641; baseline 0.01 -27"><span class='ocrx_word' id='word_1_34' title='bbox 2112 569 2199 614; x_wconf 81' lang='grc' dir='ltr'><strong>εει</strong></span> <span class='ocrx_word' id='word_1_35' title='bbox 2229 569 2412 618; x_wconf 90' lang='lat' dir='ltr'><strong>autem</strong></span> <span class='ocrx_word' id='word_1_36' title='bbox 2445 561 2758 630; x_wconf 87' lang='lat' dir='ltr'><strong>Cotuainm,</strong></span> <span class='ocrx_word' id='word_1_37' title='bbox 2806 563 3056 638; x_wconf 74' lang='lat' dir='ltr'><strong>Phrygia:</strong></span> <span class='ocrx_word' id='word_1_38' title='bbox 3096 568 3231 624; x_wconf 90' lang='lat' dir='ltr'><strong>urbs</strong></span> <span class='ocrx_word' id='word_1_39' title='bbox 3262 583 3374 624; x_wconf 88' lang='lat' dir='ltr'><strong>non</strong></span> <span class='ocrx_word' id='word_1_40' title='bbox 3405 571 3686 641; x_wconf 77' lang='lat' dir='ltr'><strong>ignobilis.</strong></span> 
     </span>
    </p>
   </div>
   <div class='ocr_carea' id='block_1_9' title="bbox 2113 651 3683 718">
    <p class='ocr_par' dir='ltr' id='par_1_9' title="bbox 2113 651 3683 718">
     <span class='ocr_line' id='line_1_9' title="bbox 2113 651 3683 718; baseline 0.01 -14"><span class='ocrx_word' id='word_1_41' title='bbox 2113 651 2266 717; x_wconf 85' lang='lat' dir='ltr'><strong>Quos</strong></span> <span class='ocrx_word' id='word_1_42' title='bbox 2311 665 2496 709; x_wconf 86' lang='lat' dir='ltr'><strong>tamen</strong></span> <span class='ocrx_word' id='word_1_43' title='bbox 2537 653 2829 711; x_wconf 87' lang='lat' dir='ltr'><strong>Novatiani</strong></span> <span class='ocrx_word' id='word_1_44' title='bbox 2863 659 3012 713; x_wconf 85' lang='lat' dir='ltr'><strong>velut</strong></span> <span class='ocrx_word' id='word_1_45' title='bbox 3049 659 3292 716; x_wconf 76' lang='lat' dir='ltr'><strong>arbitros</strong></span> <span class='ocrx_word' id='word_1_46' title='bbox 3321 675 3387 716; x_wconf 89' lang='lat' dir='ltr'><strong>ac</strong></span> <span class='ocrx_word' id='word_1_47' title='bbox 3427 663 3683 718; x_wconf 84' lang='lat' dir='ltr'><strong>modera-</strong></span> 
     </span>
    </p>
   </div>
   <div class='ocr_carea' id='block_1_10' title="bbox 418 737 3687 816">
    <p class='ocr_par' dir='ltr' id='par_1_10' title="bbox 418 737 3687 816">
     <span class='ocr_line' id='line_1_10' title="bbox 418 737 3687 816; baseline 0.007 -28"><span class='ocrx_word' id='word_1_48' title='bbox 418 745 568 792; x_wconf 89' lang='lat' dir='ltr'><strong>tores</strong></span> <span class='ocrx_word' id='word_1_49' title='bbox 627 737 826 793; x_wconf 87' lang='lat' dir='ltr'><strong>habent</strong></span> <span class='ocrx_word' id='word_1_50' title='bbox 868 753 1058 793; x_wconf 89' lang='lat' dir='ltr'><strong>eorum</strong></span> <span class='ocrx_word' id='word_1_51' title='bbox 1133 755 1254 810; x_wconf 68' lang='lat' dir='ltr'><strong>qua:</strong></span> <span class='ocrx_word' id='word_1_52' title='bbox 1312 739 1366 794; x_wconf 92' lang='lat' dir='ltr'><strong>in</strong></span> <span class='ocrx_word' id='word_1_53' title='bbox 1405 737 1654 797; x_wconf 85' lang='lat' dir='ltr'><strong>Ecclesia</strong></span> <span class='ocrx_word' id='word_1_54' title='bbox 1696 751 1750 796; x_wconf 90' lang='lat' dir='ltr'><strong>et</strong></span> <span class='ocrx_word' id='word_1_55' title='bbox 1791 743 1844 796; x_wconf 93' lang='lat' dir='ltr'><strong>in</strong></span> <span class='ocrx_word' id='word_1_56' title='bbox 1894 749 2045 798; x_wconf 82' lang='lat' dir='ltr'><strong>secta</strong></span> <span class='ocrx_word' id='word_1_57' title='bbox 2084 742 2330 811; x_wconf 87' lang='lat' dir='ltr'><strong>ipsorum</strong></span> <span class='ocrx_word' id='word_1_58' title='bbox 2369 756 2656 816; x_wconf 71' lang='lat' dir='ltr'><strong>geruntur.</strong></span> <span class='ocrx_word' id='word_1_59' title='bbox 2723 747 2970 814; x_wconf 76' lang='lat' dir='ltr'><strong>Qualiter</strong></span> <span class='ocrx_word' id='word_1_60' title='bbox 3013 766 3146 808; x_wconf 82' lang='lat' dir='ltr'><strong>vero</strong></span> <span class='ocrx_word' id='word_1_61' title='bbox 3195 753 3362 809; x_wconf 87' lang='lat' dir='ltr'><strong>etiam</strong></span> <span class='ocrx_word' id='word_1_62' title='bbox 3412 755 3503 812; x_wconf 89' lang='lat' dir='ltr'><strong>isti</strong></span> <span class='ocrx_word' id='word_1_63' title='bbox 3546 756 3687 812; x_wconf 90' lang='lat' dir='ltr'><strong>hanc</strong></span> 
     </span>
    </p>
   </div>
   <div class='ocr_carea' id='block_1_11' title="bbox 417 829 3686 914">
    <p class='ocr_par' dir='ltr' id='par_1_11' title="bbox 417 829 3686 914">
     <span class='ocr_line' id='line_1_11' title="bbox 417 829 3686 914; baseline 0.007 -30"><span class='ocrx_word' id='word_1_64' title='bbox 417 829 488 884; x_wconf 91' lang='lat' dir='ltr'><strong>oh</strong></span> <span class='ocrx_word' id='word_1_65' title='bbox 537 843 765 883; x_wconf 79' lang='lat' dir='ltr'><strong>causam</strong></span> <span class='ocrx_word' id='word_1_66' title='bbox 822 831 967 886; x_wconf 88' lang='lat' dir='ltr'><strong>inter</strong></span> <span class='ocrx_word' id='word_1_67' title='bbox 1011 847 1071 888; x_wconf 91' lang='lat' dir='ltr'><strong>se</strong></span> <span class='ocrx_word' id='word_1_68' title='bbox 1119 832 1511 899; x_wconf 71' lang='lat' dir='ltr'><strong>dissenserint,</strong></span> <span class='ocrx_word' id='word_1_69' title='bbox 1559 849 1730 905; x_wconf 87' lang='lat' dir='ltr'><strong>seque</strong></span> <span class='ocrx_word' id='word_1_70' title='bbox 1781 836 1933 902; x_wconf 87' lang='lat' dir='ltr'><strong>ipsos</strong></span> <span class='ocrx_word' id='word_1_71' title='bbox 1977 851 2008 890; x_wconf 87' lang='lat' dir='ltr'><strong>a</strong></span> <span class='ocrx_word' id='word_1_72' title='bbox 2049 837 2278 908; x_wconf 88' lang='lat' dir='ltr'><strong>reliquis</strong></span> <span class='ocrx_word' id='word_1_73' title='bbox 2304 841 2691 910; x_wconf 64' lang='lat' dir='ltr'><strong>praecidentes,</strong></span> <span class='ocrx_word' id='word_1_74' title='bbox 2736 845 3035 914; x_wconf 82' lang='lat' dir='ltr'><strong>separatim</strong></span> <span class='ocrx_word' id='word_1_75' title='bbox 3101 846 3366 905; x_wconf 85' lang='lat' dir='ltr'><strong>collectas</strong></span> <span class='ocrx_word' id='word_1_76' title='bbox 3434 851 3686 906; x_wconf 87' lang='lat' dir='ltr'><strong>celebra-</strong></span> 
     </span>
    </p>
   </div>
   <div class='ocr_carea' id='block_1_12' title="bbox 416 923 1267 994">
    <p class='ocr_par' dir='ltr' id='par_1_12' title="bbox 416 923 1267 994">
     <span class='ocr_line' id='line_1_12' title="bbox 416 923 1267 994; baseline 0.002 -17"><span class='ocrx_word' id='word_1_77' title='bbox 416 924 618 988; x_wconf 82' lang='lat' dir='ltr'><strong>verint,</strong></span> <span class='ocrx_word' id='word_1_78' title='bbox 651 923 830 980; x_wconf 88' lang='lat' dir='ltr'><strong>dicam</strong></span> <span class='ocrx_word' id='word_1_79' title='bbox 865 939 969 979; x_wconf 89' lang='lat' dir='ltr'><strong>suo</strong></span> <span class='ocrx_word' id='word_1_80' title='bbox 1001 933 1267 994; x_wconf 83' lang='lat' dir='ltr'><strong>tempore.</strong></span> 
     </span>
    </p>
   </div>
   <div class='ocr_carea' id='block_1_13' title="bbox 1005 1015 1407 1070">
    <p class='ocr_par' dir='ltr' id='par_1_13' title="bbox 1005 1015 1407 1070">
     <span class='ocr_line' id='line_1_13' title="bbox 1005 1015 1407 1070; baseline 0.007 -4"><span class='ocrx_word' id='word_1_81' title='bbox 1005 1015 1253 1069; x_wconf 76' lang='grc' dir='ltr'>ΚΕΦΑΛ.</span> <span class='ocrx_word' id='word_1_82' title='bbox 1280 1016 1407 1070; x_wconf 74' lang='grc' dir='ltr'><strong>κε’.</strong></span> 
     </span>
    </p>
   </div>
   <div class='ocr_carea' id='block_1_14' title="bbox 409 1105 1996 1178">
    <p class='ocr_par' dir='ltr' id='par_1_14' title="bbox 409 1105 1996 1178">
     <span class='ocr_line' id='line_1_14' title="bbox 409 1105 1996 1178; baseline 0.004 -18"><span class='ocrx_word' id='word_1_83' title='bbox 409 1105 688 1178; x_wconf 76' lang='grc' dir='ltr'>ιιερίτῶν</span> <span class='ocrx_word' id='word_1_84' title='bbox 719 1105 1156 1178; x_wconf 69' lang='grc' dir='ltr'>Ἀπολινιιρίων,</span> <span class='ocrx_word' id='word_1_85' title='bbox 1186 1107 1294 1162; x_wconf 78' lang='grc' dir='ltr'>τοῦ</span> <span class='ocrx_word' id='word_1_86' title='bbox 1317 1110 1538 1178; x_wconf 79' lang='grc' dir='ltr'>πατρὸς</span> <span class='ocrx_word' id='word_1_87' title='bbox 1565 1111 1667 1164; x_wconf 77' lang='grc' dir='ltr'><strong>καὶ</strong></span> <span class='ocrx_word' id='word_1_88' title='bbox 1699 1111 1832 1166; x_wconf 76' lang='grc' dir='ltr'>υἱοῦ</span> <span class='ocrx_word' id='word_1_89' title='bbox 1853 1127 1866 1142; x_wconf 90' lang='grc'><strong>·</strong></span> <span class='ocrx_word' id='word_1_90' title='bbox 1898 1111 1996 1166; x_wconf 78' lang='grc' dir='ltr'><strong>καὶ</strong></span> 
     </span>
    </p>
   </div>
   <div class='ocr_carea' id='block_1_15' title="bbox 480 1177 1996 1248">
    <p class='ocr_par' dir='ltr' id='par_1_15' title="bbox 480 1177 1996 1248">
     <span class='ocr_line' id='line_1_15' title="bbox 480 1177 1996 1248; baseline 0.004 -18"><span class='ocrx_word' id='word_1_91' title='bbox 480 1177 603 1248; x_wconf 15' lang='grc' dir='ltr'>τοῦί</span> <span class='ocrx_word' id='word_1_92' title='bbox 634 1177 1040 1248; x_wconf 70' lang='grc' dir='ltr'>πρεσϐυτέρου</span> <span class='ocrx_word' id='word_1_93' title='bbox 1094 1177 1482 1232; x_wconf 74' lang='grc' dir='ltr'>Βιτα.ῑιανοῦο</span> <span class='ocrx_word' id='word_1_94' title='bbox 1537 1181 1633 1234; x_wconf 80' lang='grc' dir='ltr'><strong>καὶ</strong></span> <span class='ocrx_word' id='word_1_95' title='bbox 1697 1182 1765 1233; x_wconf 75' lang='grc' dir='ltr'><strong><em>ἐκ</em></strong></span> <span class='ocrx_word' id='word_1_96' title='bbox 1817 1182 1996 1248; x_wconf 79' lang='grc' dir='ltr'>ποίας</span> 
     </span>
    </p>
   </div>
   <div class='ocr_carea' id='block_1_16' title="bbox 479 1247 1988 1318">
    <p class='ocr_par' dir='ltr' id='par_1_16' title="bbox 479 1247 1988 1318">
     <span class='ocr_line' id='line_1_16' title="bbox 479 1247 1988 1318; baseline 0.007 -20"><span class='ocrx_word' id='word_1_97' title='bbox 479 1247 762 1314; x_wconf 67' lang='grc' dir='ltr'>αἱρέσεως</span> <span class='ocrx_word' id='word_1_98' title='bbox 811 1247 1151 1313; x_wconf 79' lang='grc' dir='ltr'><strong>κινηθέντες</strong></span> <span class='ocrx_word' id='word_1_99' title='bbox 1197 1251 1280 1314; x_wconf 72' lang='grc' dir='ltr'><strong>είς</strong></span> <span class='ocrx_word' id='word_1_100' title='bbox 1331 1250 1589 1318; x_wconf 74' lang='grc' dir='ltr'>αἱρέσεις</span> <span class='ocrx_word' id='word_1_101' title='bbox 1651 1247 1988 1316; x_wconf 63' lang='grc' dir='ltr'><strong>ἐξέκλινανζ</strong></span> 
     </span>
    </p>
   </div>
   <div class='ocr_carea' id='block_1_17' title="bbox 489 1336 1996 1414">
    <p class='ocr_par' dir='ltr' id='par_1_17' title="bbox 489 1336 1996 1414">
     <span class='ocr_line' id='line_1_17' title="bbox 489 1336 1996 1414; baseline 0.005 -24"><span class='ocrx_word' id='word_1_102' title='bbox 489 1336 578 1390; x_wconf 83' lang='grc' dir='ltr'>Ἐν</span> <span class='ocrx_word' id='word_1_103' title='bbox 611 1339 782 1406; x_wconf 85' lang='grc' dir='ltr'>τούτῳ</span> <span class='ocrx_word' id='word_1_104' title='bbox 811 1338 868 1391; x_wconf 82' lang='grc' dir='ltr'><strong>δὲ</strong></span> <span class='ocrx_word' id='word_1_105' title='bbox 910 1340 988 1402; x_wconf 88' lang='grc' dir='ltr'><strong>είς</strong></span> <span class='ocrx_word' id='word_1_106' title='bbox 1032 1339 1091 1392; x_wconf 83' lang='grc' dir='ltr'>τὸ</span> <span class='ocrx_word' id='word_1_107' title='bbox 1135 1342 1408 1412; x_wconf 72' lang='grc' dir='ltr'>προφανὲς</span> <span class='ocrx_word' id='word_1_108' title='bbox 1449 1343 1741 1414; x_wconf 77' lang='grc' dir='ltr'>προΐστατο</span> <span class='ocrx_word' id='word_1_109' title='bbox 1783 1344 1996 1398; x_wconf 82' lang='grc' dir='ltr'>Ἀπολι-</span> 
     </span>
    </p>
   </div>
   <div class='ocr_carea' id='block_1_18' title="bbox 405 1429 1994 1508">
    <p class='ocr_par' dir='ltr' id='par_1_18' title="bbox 405 1429 1994 1508">
     <span class='ocr_line' id='line_1_18' title="bbox 405 1429 1994 1508; baseline 0.004 -26"><span class='ocrx_word' id='word_1_110' title='bbox 405 1429 590 1500; x_wconf 85' lang='grc' dir='ltr'>νάριος</span> <span class='ocrx_word' id='word_1_111' title='bbox 637 1429 734 1500; x_wconf 85' lang='grc' dir='ltr'>τῆς</span> <span class='ocrx_word' id='word_1_112' title='bbox 781 1430 874 1482; x_wconf 84' lang='grc' dir='ltr'>ἀπ’</span> <span class='ocrx_word' id='word_1_113' title='bbox 913 1431 1078 1486; x_wconf 76' lang='grc' dir='ltr'>αὐτοῦ</span> <span class='ocrx_word' id='word_1_114' title='bbox 1118 1434 1526 1506; x_wconf 75' lang='grc' dir='ltr'><strong>ὀνομαζομένης</strong></span> <span class='ocrx_word' id='word_1_115' title='bbox 1572 1437 1861 1508; x_wconf 77' lang='grc' dir='ltr'><strong>αἱρέσεως⁸</strong></span> <span class='ocrx_word' id='word_1_116' title='bbox 1900 1438 1994 1491; x_wconf 78' lang='grc' dir='ltr'><strong>καὶ</strong></span> 
     </span>
    </p>
   </div>
   <div class='ocr_carea' id='block_1_19' title="bbox 407 1519 1992 1595">
    <p class='ocr_par' dir='ltr' id='par_1_19' title="bbox 407 1519 1992 1595">
     <span class='ocr_line' id='line_1_19' title="bbox 407 1519 1992 1595; baseline 0.005 -22"><span class='ocrx_word' id='word_1_117' title='bbox 407 1519 632 1583; x_wconf 82' lang='grc' dir='ltr'>πολλοὺς</span> <span class='ocrx_word' id='word_1_118' title='bbox 671 1519 960 1590; x_wconf 79' lang='grc' dir='ltr'><strong>ἀποτεμὼν</strong></span> <span class='ocrx_word' id='word_1_119' title='bbox 995 1523 1094 1592; x_wconf 86' lang='grc' dir='ltr'>τῆς</span> <span class='ocrx_word' id='word_1_120' title='bbox 1125 1523 1456 1595; x_wconf 85' lang='grc' dir='ltr'>Ἐκκλησῐας</span> <span class='ocrx_word' id='word_1_121' title='bbox 1481 1527 1602 1581; x_wconf 82' lang='grc' dir='ltr'>καθ’</span> <span class='ocrx_word' id='word_1_122' title='bbox 1644 1528 1835 1582; x_wconf 76' lang='grc' dir='ltr'>ἑαυτὸν</span> <span class='ocrx_word' id='word_1_123' title='bbox 1871 1547 1992 1581; x_wconf 89' lang='grc' dir='ltr'>συν-</span> 
     </span>
    </p>
   </div>
   <div class='ocr_carea' id='block_1_20' title="bbox 404 1613 1988 1692">
    <p class='ocr_par' dir='ltr' id='par_1_20' title="bbox 404 1613 1988 1692">
     <span class='ocr_line' id='line_1_20' title="bbox 404 1613 1988 1692; baseline 0.008 -28"><span class='ocrx_word' id='word_1_124' title='bbox 404 1613 522 1682; x_wconf 75' lang='grc' dir='ltr'>ῆγε.</span> <span class='ocrx_word' id='word_1_125' title='bbox 563 1613 890 1667; x_wconf 78' lang='grc' dir='ltr'>Συνελάϐετο</span> <span class='ocrx_word' id='word_1_126' title='bbox 921 1615 978 1668; x_wconf 88' lang='grc' dir='ltr'>δὲ</span> <span class='ocrx_word' id='word_1_127' title='bbox 1006 1618 1154 1688; x_wconf 80' lang='grc' dir='ltr'>αὐτῷ</span> <span class='ocrx_word' id='word_1_128' title='bbox 1200 1619 1337 1689; x_wconf 81' lang='grc' dir='ltr'>πρὸς</span> <span class='ocrx_word' id='word_1_129' title='bbox 1387 1621 1484 1692; x_wconf 82' lang='grc' dir='ltr'>τὴν</span> <span class='ocrx_word' id='word_1_130' title='bbox 1512 1619 1606 1674; x_wconf 79' lang='grc' dir='ltr'>τοῦ</span> <span class='ocrx_word' id='word_1_131' title='bbox 1635 1623 1832 1675; x_wconf 73' lang='grc' dir='ltr'>οἰκείου</span> <span class='ocrx_word' id='word_1_132' title='bbox 1861 1624 1988 1692; x_wconf 79' lang='grc' dir='ltr'>δόγ-</span> 
     </span>
    </p>
   </div>
   <div class='ocr_carea' id='block_1_21' title="bbox 407 1705 1987 1786">
    <p class='ocr_par' dir='ltr' id='par_1_21' title="bbox 407 1705 1987 1786">
     <span class='ocr_line' id='line_1_21' title="bbox 407 1705 1987 1786; baseline 0.008 -30"><span class='ocrx_word' id='word_1_133' title='bbox 407 1722 576 1773; x_wconf 80' lang='grc' dir='ltr'>ματος</span> <span class='ocrx_word' id='word_1_134' title='bbox 614 1705 872 1760; x_wconf 86' lang='grc' dir='ltr'>σύστασιν</span> <span class='ocrx_word' id='word_1_135' title='bbox 937 1707 1032 1760; x_wconf 73' lang='grc' dir='ltr'><strong>καὶ</strong></span> <span class='ocrx_word' id='word_1_136' title='bbox 1080 1709 1327 1775; x_wconf 80' lang='grc' dir='ltr'>Βιτάλιος</span> <span class='ocrx_word' id='word_1_137' title='bbox 1381 1719 1427 1776; x_wconf 72' lang='grc' dir='ltr'>κ,</span> <span class='ocrx_word' id='word_1_138' title='bbox 1460 1712 1829 1786; x_wconf 74' lang='grc' dir='ltr'>πρεσϐύτερος</span> <span class='ocrx_word' id='word_1_139' title='bbox 1868 1716 1987 1769; x_wconf 75' lang='grc' dir='ltr'>Ἀν-</span> 
     </span>
    </p>
   </div>
   <div class='ocr_carea' id='block_1_22' title="bbox 403 1795 1990 1876">
    <p class='ocr_par' dir='ltr' id='par_1_22' title="bbox 403 1795 1990 1876">
     <span class='ocr_line' id='line_1_22' title="bbox 403 1795 1990 1876; baseline 0.008 -30"><span class='ocrx_word' id='word_1_140' title='bbox 403 1797 614 1864; x_wconf 80' lang='grc' dir='ltr'>τιοχεὺς</span> <span class='ocrx_word' id='word_1_141' title='bbox 651 1795 758 1848; x_wconf 85' lang='grc' dir='ltr'><strong>τῶν</strong></span> <span class='ocrx_word' id='word_1_142' title='bbox 803 1797 906 1850; x_wconf 80' lang='grc' dir='ltr'><strong>ὑπὸ</strong></span> <span class='ocrx_word' id='word_1_143' title='bbox 944 1799 1197 1853; x_wconf 87' lang='grc' dir='ltr'>Μελίτιον</span> <span class='ocrx_word' id='word_1_144' title='bbox 1238 1802 1580 1874; x_wconf 73' lang='grc' dir='ltr'>ἱερωμένωνο</span> <span class='ocrx_word' id='word_1_145' title='bbox 1611 1804 1771 1876; x_wconf 84' lang='grc' dir='ltr'>ἀνὴρ,</span> <span class='ocrx_word' id='word_1_146' title='bbox 1811 1806 1859 1858; x_wconf 90' lang='grc' dir='ltr'><strong>εί</strong></span> <span class='ocrx_word' id='word_1_147' title='bbox 1898 1807 1990 1860; x_wconf 87' lang='grc' dir='ltr'><strong>καί</strong></span> 
     </span>
    </p>
   </div>
   <div class='ocr_carea' id='block_1_23' title="bbox 400 1885 1984 1968">
    <p class='ocr_par' dir='ltr' id='par_1_23' title="bbox 400 1885 1984 1968">
     <span class='ocr_line' id='line_1_23' title="bbox 400 1885 1984 1968; baseline 0.008 -32"><span class='ocrx_word' id='word_1_148' title='bbox 400 1902 484 1948; x_wconf 90' lang='grc' dir='ltr'><strong>τις</strong></span> <span class='ocrx_word' id='word_1_149' title='bbox 511 1885 688 1949; x_wconf 85' lang='grc' dir='ltr'>ἀλλος,</span> <span class='ocrx_word' id='word_1_150' title='bbox 724 1888 785 1939; x_wconf 82' lang='grc' dir='ltr'>ἐκ</span> <span class='ocrx_word' id='word_1_151' title='bbox 825 1888 918 1941; x_wconf 75' lang='grc' dir='ltr'>τοῦ</span> <span class='ocrx_word' id='word_1_152' title='bbox 973 1889 1089 1959; x_wconf 82' lang='grc' dir='ltr'>βίου</span> <span class='ocrx_word' id='word_1_153' title='bbox 1136 1893 1229 1946; x_wconf 79' lang='grc' dir='ltr'>καὶ</span> <span class='ocrx_word' id='word_1_154' title='bbox 1258 1894 1357 1963; x_wconf 78' lang='grc' dir='ltr'>τῆς</span> <span class='ocrx_word' id='word_1_155' title='bbox 1382 1893 1658 1960; x_wconf 79' lang='grc' dir='ltr'>πολιτείας</span> <span class='ocrx_word' id='word_1_156' title='bbox 1694 1895 1984 1968; x_wconf 76' lang='grc' dir='ltr'>ἐπιφανὴς,</span> 
     </span>
    </p>
   </div>
   <div class='ocr_carea' id='block_1_24' title="bbox 401 1980 1986 2056">
    <p class='ocr_par' dir='ltr' id='par_1_24' title="bbox 401 1980 1986 2056">
     <span class='ocr_line' id='line_1_24' title="bbox 401 1980 1986 2056; baseline 0.008 -26"><span class='ocrx_word' id='word_1_157' title='bbox 401 1981 496 2032; x_wconf 67' lang='grc' dir='ltr'><strong>καὶ</strong></span> <span class='ocrx_word' id='word_1_158' title='bbox 538 1980 664 2050; x_wconf 74' lang='grc' dir='ltr'>περὶ</span> <span class='ocrx_word' id='word_1_159' title='bbox 705 1981 828 2043; x_wconf 74' lang='grc' dir='ltr'>τοὺς</span> <span class='ocrx_word' id='word_1_160' title='bbox 873 1981 962 2032; x_wconf 84' lang='grc' dir='ltr'>ὑπ’</span> <span class='ocrx_word' id='word_1_161' title='bbox 998 1983 1160 2036; x_wconf 82' lang='grc' dir='ltr'>αὐτὸν</span> <span class='ocrx_word' id='word_1_162' title='bbox 1207 1985 1506 2056; x_wconf 77' lang='grc' dir='ltr'>ἀγομένους</span> <span class='ocrx_word' id='word_1_163' title='bbox 1550 1987 1856 2052; x_wconf 85' lang='grc' dir='ltr'>σπουδαῖος,</span> <span class='ocrx_word' id='word_1_164' title='bbox 1894 1991 1986 2043; x_wconf 76' lang='grc' dir='ltr'>καὶ</span> 
     </span>
    </p>
   </div>
   <div class='ocr_carea' id='block_1_25' title="bbox 397 2071 1985 2153">
    <p class='ocr_par' dir='ltr' id='par_1_25' title="bbox 397 2071 1985 2153">
     <span class='ocr_line' id='line_1_25' title="bbox 397 2071 1985 2153; baseline 0.008 -30"><span class='ocrx_word' id='word_1_165' title='bbox 397 2071 586 2124; x_wconf 86' lang='grc' dir='ltr'>τούτου</span> <span class='ocrx_word' id='word_1_166' title='bbox 621 2073 780 2143; x_wconf 72' lang='grc' dir='ltr'>χάριν</span> <span class='ocrx_word' id='word_1_167' title='bbox 813 2073 892 2144; x_wconf 83' lang='grc' dir='ltr'><strong>τῷ</strong></span> <span class='ocrx_word' id='word_1_168' title='bbox 925 2073 1038 2144; x_wconf 86' lang='grc' dir='ltr'><strong>λαῷ</strong></span> <span class='ocrx_word' id='word_1_169' title='bbox 1075 2075 1385 2146; x_wconf 74' lang='grc' dir='ltr'>σεϐάσμιος.</span> <span class='ocrx_word' id='word_1_170' title='bbox 1412 2078 1546 2132; x_wconf 86' lang='grc' dir='ltr'>Μετ’</span> <span class='ocrx_word' id='word_1_171' title='bbox 1588 2080 1647 2133; x_wconf 79' lang='grc' dir='ltr'><strong>οὐ</strong></span> <span class='ocrx_word' id='word_1_172' title='bbox 1700 2080 1833 2134; x_wconf 81' lang='grc' dir='ltr'>πολὺ</span> <span class='ocrx_word' id='word_1_173' title='bbox 1875 2082 1985 2153; x_wconf 80' lang='grc' dir='ltr'>γὰρ</span> 
     </span>
    </p>
   </div>
   <div class='ocr_carea' id='block_1_26' title="bbox 397 2162 1986 2237">
    <p class='ocr_par' dir='ltr' id='par_1_26' title="bbox 397 2162 1986 2237">
     <span class='ocr_line' id='line_1_26' title="bbox 397 2162 1986 2237; baseline 0.008 -23"><span class='ocrx_word' id='word_1_174' title='bbox 397 2162 704 2234; x_wconf 82' lang='grc' dir='ltr'>ἀποσχίσας</span> <span class='ocrx_word' id='word_1_175' title='bbox 748 2165 937 2219; x_wconf 77' lang='grc' dir='ltr'>ἑαυτὸν</span> <span class='ocrx_word' id='word_1_176' title='bbox 986 2166 1087 2236; x_wconf 79' lang='grc' dir='ltr'><strong>τῆς</strong></span> <span class='ocrx_word' id='word_1_177' title='bbox 1126 2168 1380 2222; x_wconf 85' lang='grc' dir='ltr'>Μελιτίου</span> <span class='ocrx_word' id='word_1_178' title='bbox 1428 2172 1732 2237; x_wconf 78' lang='grc' dir='ltr'>κοινωνίας,</span> <span class='ocrx_word' id='word_1_179' title='bbox 1773 2173 1986 2227; x_wconf 87' lang='grc' dir='ltr'>Ἀπολι-</span> 
     </span>
    </p>
   </div>
   <div class='ocr_carea' id='block_1_27' title="bbox 397 2256 1984 2329">
    <p class='ocr_par' dir='ltr' id='par_1_27' title="bbox 397 2256 1984 2329">
     <span class='ocr_line' id='line_1_27' title="bbox 397 2256 1984 2329; baseline 0.008 -22"><span class='ocrx_word' id='word_1_180' title='bbox 397 2257 568 2326; x_wconf 85' lang='grc' dir='ltr'>ναρίῳ</span> <span class='ocrx_word' id='word_1_181' title='bbox 605 2256 923 2326; x_wconf 75' lang='grc' dir='ltr'>προσέθετοο</span> <span class='ocrx_word' id='word_1_182' title='bbox 960 2258 1054 2310; x_wconf 78' lang='grc' dir='ltr'>καὶ</span> <span class='ocrx_word' id='word_1_183' title='bbox 1084 2258 1192 2313; x_wconf 85' lang='grc' dir='ltr'><strong>τῶν</strong></span> <span class='ocrx_word' id='word_1_184' title='bbox 1231 2260 1300 2313; x_wconf 80' lang='grc' dir='ltr'>τὰ</span> <span class='ocrx_word' id='word_1_185' title='bbox 1342 2260 1480 2315; x_wconf 82' lang='grc' dir='ltr'>αὖτά</span> <span class='ocrx_word' id='word_1_186' title='bbox 1525 2261 1852 2329; x_wconf 77' lang='grc' dir='ltr'>δοξαζόντων</span> <span class='ocrx_word' id='word_1_187' title='bbox 1890 2267 1984 2322; x_wconf 76' lang='grc' dir='ltr'>ἐπὶ</span> 
     </span>
    </p>
   </div>
   <div class='ocr_carea' id='block_1_28' title="bbox 395 2347 1981 2423">
    <p class='ocr_par' dir='ltr' id='par_1_28' title="bbox 395 2347 1981 2423">
     <span class='ocr_line' id='line_1_28' title="bbox 395 2347 1981 2423; baseline 0.006 -25"><span class='ocrx_word' id='word_1_188' title='bbox 395 2347 494 2416; x_wconf 81' lang='grc' dir='ltr'>τῆς</span> <span class='ocrx_word' id='word_1_189' title='bbox 537 2348 852 2418; x_wconf 85' lang='grc' dir='ltr'>Ἀντιοχέων</span> <span class='ocrx_word' id='word_1_190' title='bbox 895 2350 1107 2420; x_wconf 78' lang='grc' dir='ltr'>ἠγεῖτο·</span> <span class='ocrx_word' id='word_1_191' title='bbox 1144 2349 1282 2402; x_wconf 86' lang='grc' dir='ltr'>αίδοϊ</span> <span class='ocrx_word' id='word_1_192' title='bbox 1324 2353 1426 2423; x_wconf 79' lang='grc' dir='ltr'>τῆς</span> <span class='ocrx_word' id='word_1_193' title='bbox 1470 2353 1634 2407; x_wconf 78' lang='grc' dir='ltr'>αὐτοῦ</span> <span class='ocrx_word' id='word_1_194' title='bbox 1685 2355 1981 2420; x_wconf 79' lang='grc' dir='ltr'>πολιτείας,</span> 
     </span>
    </p>
   </div>
   <div class='ocr_carea' id='block_1_29' title="bbox 398 2439 1981 2513">
    <p class='ocr_par' dir='ltr' id='par_1_29' title="bbox 398 2439 1981 2513">
     <span class='ocr_line' id='line_1_29' title="bbox 398 2439 1981 2513; baseline 0.006 -21"><span class='ocrx_word' id='word_1_195' title='bbox 398 2439 598 2511; x_wconf 74' lang='grc' dir='ltr'>πλῆθος</span> <span class='ocrx_word' id='word_1_196' title='bbox 613 2441 713 2494; x_wconf 82' lang='grc' dir='ltr'>οὐκ</span> <span class='ocrx_word' id='word_1_197' title='bbox 730 2440 908 2508; x_wconf 86' lang='grc' dir='ltr'>ὀλίγον</span> <span class='ocrx_word' id='word_1_198' title='bbox 943 2440 1264 2510; x_wconf 84' lang='grc' dir='ltr'>πειθόμενον</span> <span class='ocrx_word' id='word_1_199' title='bbox 1291 2441 1451 2513; x_wconf 73' lang='grc' dir='ltr'>ἔχων,</span> <span class='ocrx_word' id='word_1_200' title='bbox 1486 2443 1534 2498; x_wconf 76' lang='grc' dir='ltr'>οἳ</span> <span class='ocrx_word' id='word_1_201' title='bbox 1574 2446 1668 2499; x_wconf 73' lang='grc' dir='ltr'><strong>καὶ</strong></span> <span class='ocrx_word' id='word_1_202' title='bbox 1698 2447 1792 2499; x_wconf 76' lang='grc' dir='ltr'>ἀπ’</span> <span class='ocrx_word' id='word_1_203' title='bbox 1813 2447 1981 2502; x_wconf 83' lang='grc' dir='ltr'>αὐτοῦ</span> 
     </span>
    </p>
   </div>
   <div class='ocr_carea' id='block_1_30' title="bbox 394 2532 1980 2607">
    <p class='ocr_par' dir='ltr' id='par_1_30' title="bbox 394 2532 1980 2607">
     <span class='ocr_line' id='line_1_30' title="bbox 394 2532 1980 2607; baseline 0.005 -23"><span class='ocrx_word' id='word_1_204' title='bbox 394 2533 492 2603; x_wconf 79' lang='grc' dir='ltr'><strong>τὴν</strong></span> <span class='ocrx_word' id='word_1_205' title='bbox 544 2533 914 2604; x_wconf 78' lang='grc' dir='ltr'>προσηγορίαν</span> <span class='ocrx_word' id='word_1_206' title='bbox 963 2532 1172 2602; x_wconf 80' lang='grc' dir='ltr'>ἔλαχον,</span> <span class='ocrx_word' id='word_1_207' title='bbox 1217 2533 1524 2589; x_wconf 76' lang='grc' dir='ltr'>Βιταλιανοὶ</span> <span class='ocrx_word' id='word_1_208' title='bbox 1569 2538 1721 2607; x_wconf 85' lang='grc' dir='ltr'><strong>παρά</strong></span> <span class='ocrx_word' id='word_1_209' title='bbox 1775 2537 1980 2592; x_wconf 85' lang='grc' dir='ltr'>Ἀντιο-</span> 
     </span>
    </p>
   </div>
   <div class='ocr_carea' id='block_1_31' title="bbox 394 2623 1982 2697">
    <p class='ocr_par' dir='ltr' id='par_1_31' title="bbox 394 2623 1982 2697">
     <span class='ocr_line' id='line_1_31' title="bbox 394 2623 1982 2697; baseline 0.003 -20"><span class='ocrx_word' id='word_1_210' title='bbox 394 2624 580 2695; x_wconf 77' lang='grc' dir='ltr'>χεῦσιν</span> <span class='ocrx_word' id='word_1_211' title='bbox 624 2626 702 2687; x_wconf 83' lang='grc' dir='ltr'><strong>εἰς</strong></span> <span class='ocrx_word' id='word_1_212' title='bbox 747 2623 826 2676; x_wconf 78' lang='grc' dir='ltr'>ἔτι</span> <span class='ocrx_word' id='word_1_213' title='bbox 872 2623 966 2676; x_wconf 80' lang='grc' dir='ltr'>νῦν</span> <span class='ocrx_word' id='word_1_214' title='bbox 1005 2623 1411 2696; x_wconf 78' lang='grc' dir='ltr'>ὀνομαζόμενοι.</span> <span class='ocrx_word' id='word_1_215' title='bbox 1447 2625 1678 2697; x_wconf 79' lang='grc' dir='ltr'>Λέγεται</span> <span class='ocrx_word' id='word_1_216' title='bbox 1725 2629 1783 2680; x_wconf 81' lang='grc' dir='ltr'>δὲ</span> <span class='ocrx_word' id='word_1_217' title='bbox 1824 2627 1982 2682; x_wconf 83' lang='grc' dir='ltr'>τοῦτο</span> 
     </span>
    </p>
   </div>
   <div class='ocr_carea' id='block_1_32' title="bbox 396 2715 1976 2790">
    <p class='ocr_par' dir='ltr' id='par_1_32' title="bbox 396 2715 1976 2790">
     <span class='ocr_line' id='line_1_32' title="bbox 396 2715 1976 2790; baseline 0.003 -21"><span class='ocrx_word' id='word_1_218' title='bbox 396 2717 586 2770; x_wconf 87' lang='grc' dir='ltr'>παθεῖν</span> <span class='ocrx_word' id='word_1_219' title='bbox 617 2715 720 2769; x_wconf 77' lang='grc' dir='ltr'><strong>ὑπὸ</strong></span> <span class='ocrx_word' id='word_1_220' title='bbox 763 2716 959 2786; x_wconf 81' lang='grc' dir='ltr'>λύπης,</span> <span class='ocrx_word' id='word_1_221' title='bbox 990 2716 1066 2780; x_wconf 87' lang='grc' dir='ltr'>ὡς</span> <span class='ocrx_word' id='word_1_222' title='bbox 1109 2716 1438 2788; x_wconf 79' lang='grc' dir='ltr'>ὑπεροφθεὶς</span> <span class='ocrx_word' id='word_1_223' title='bbox 1482 2719 1630 2790; x_wconf 85' lang='grc' dir='ltr'><strong>παρά</strong></span> <span class='ocrx_word' id='word_1_224' title='bbox 1657 2719 1976 2787; x_wconf 78' lang='grc' dir='ltr'>Φλαόιανοῦ,</span> 
     </span>
    </p>
   </div>
   <div class='ocr_carea' id='block_1_33' title="bbox 393 2805 1978 2882">
    <p class='ocr_par' dir='ltr' id='par_1_33' title="bbox 393 2805 1978 2882">
     <span class='ocr_line' id='line_1_33' title="bbox 393 2805 1978 2882; baseline 0.003 -24"><span class='ocrx_word' id='word_1_225' title='bbox 393 2805 451 2869; x_wconf 77' lang='grc' dir='ltr'>ὃς</span> <span class='ocrx_word' id='word_1_226' title='bbox 484 2805 705 2877; x_wconf 78' lang='grc' dir='ltr'>ὕστερον</span> <span class='ocrx_word' id='word_1_227' title='bbox 751 2807 1034 2878; x_wconf 79' lang='grc' dir='ltr'>ἐπετράπη</span> <span class='ocrx_word' id='word_1_228' title='bbox 1081 2807 1172 2858; x_wconf 80' lang='grc' dir='ltr'><strong>τὸν</strong></span> <span class='ocrx_word' id='word_1_229' title='bbox 1197 2808 1210 2829; x_wconf 89' lang='grc'>’</span> <span class='ocrx_word' id='word_1_230' title='bbox 1234 2807 1536 2878; x_wconf 78' lang='grc' dir='ltr'>Αντιοχέων</span> <span class='ocrx_word' id='word_1_231' title='bbox 1576 2809 1786 2881; x_wconf 82' lang='grc' dir='ltr'>θρόνον,</span> <span class='ocrx_word' id='word_1_232' title='bbox 1838 2828 1978 2882; x_wconf 89' lang='grc' dir='ltr'>συμ-</span> 
     </span>
    </p>
   </div>
   <div class='ocr_carea' id='block_1_34' title="bbox 392 2897 1978 2970">
    <p class='ocr_par' dir='ltr' id='par_1_34' title="bbox 392 2897 1978 2970">
     <span class='ocr_line' id='line_1_34' title="bbox 392 2897 1978 2970; baseline 0.003 -21"><span class='ocrx_word' id='word_1_233' title='bbox 392 2897 762 2969; x_wconf 80' lang='grc' dir='ltr'>πρεσὸυτὲρου</span> <span class='ocrx_word' id='word_1_234' title='bbox 806 2897 927 2950; x_wconf 83' lang='grc' dir='ltr'>τότε</span> <span class='ocrx_word' id='word_1_235' title='bbox 974 2897 1126 2960; x_wconf 71' lang='grc' dir='ltr'>ὄντος</span> <span class='ocrx_word' id='word_1_236' title='bbox 1181 2897 1364 2968; x_wconf 84' lang='grc' dir='ltr'>αὐτῷ,</span> <span class='ocrx_word' id='word_1_237' title='bbox 1412 2899 1676 2964; x_wconf 74' lang='grc' dir='ltr'>κωλυθεὶς</span> <span class='ocrx_word' id='word_1_238' title='bbox 1732 2900 1978 2970; x_wconf 86' lang='grc' dir='ltr'>συνήθως</span> 
     </span>
    </p>
   </div>
   <div class='ocr_carea' id='block_1_35' title="bbox 396 2988 1974 3062">
    <p class='ocr_par' dir='ltr' id='par_1_35' title="bbox 396 2988 1974 3062">
     <span class='ocr_line' id='line_1_35' title="bbox 396 2988 1974 3062; baseline 0.01 -20"><span class='ocrx_word' id='word_1_239' title='bbox 396 2989 521 3042; x_wconf 75' lang='grc' dir='ltr'>ἰδεῖν</span> <span class='ocrx_word' id='word_1_240' title='bbox 546 2988 635 3041; x_wconf 83' lang='grc' dir='ltr'><strong>τὸν</strong></span> <span class='ocrx_word' id='word_1_241' title='bbox 675 2988 988 3042; x_wconf 73' lang='grc' dir='ltr'>ἐπίσκοπον.</span> <span class='ocrx_word' id='word_1_242' title='bbox 1036 2989 1557 3060; x_wconf 85' lang='grc' dir='ltr'>Παρευδοκιμείσθαι</span> <span class='ocrx_word' id='word_1_243' title='bbox 1582 2991 1692 3062; x_wconf 80' lang='grc' dir='ltr'>γὰρ</span> <span class='ocrx_word' id='word_1_244' title='bbox 1727 2991 1974 3062; x_wconf 69' lang='grc' dir='ltr'>νομίσας,</span> 
     </span>
    </p>
   </div>
   <div class='ocr_carea' id='block_1_36' title="bbox 2625 1022 3176 1094">
    <p class='ocr_par' dir='ltr' id='par_1_36' title="bbox 2625 1022 3176 1094">
     <span class='ocr_line' id='line_1_36' title="bbox 2625 1022 3176 1094; baseline 0.002 -16"><span class='ocrx_word' id='word_1_245' title='bbox 2625 1022 2790 1094; x_wconf 70' lang='lat'><strong>250</strong></span> <span class='ocrx_word' id='word_1_246' title='bbox 2817 1022 2970 1079; x_wconf 84' lang='lat' dir='ltr'><strong>CAP.</strong></span> <span class='ocrx_word' id='word_1_247' title='bbox 3011 1023 3176 1080; x_wconf 82' lang='lat' dir='ltr'><strong>xxv.</strong></span> 
     </span>
    </p>
   </div>
   <div class='ocr_carea' id='block_1_37' title="bbox 2104 1107 3682 1184">
    <p class='ocr_par' dir='ltr' id='par_1_37' title="bbox 2104 1107 3682 1184">
     <span class='ocr_line' id='line_1_37' title="bbox 2104 1107 3682 1184; baseline 0.008 -21"><span class='ocrx_word' id='word_1_248' title='bbox 2104 1107 2184 1164; x_wconf 84' lang='lat' dir='ltr'><strong>De</strong></span> <span class='ocrx_word' id='word_1_249' title='bbox 2212 1110 2417 1184; x_wconf 75' lang='lat' dir='ltr'><strong>duobus</strong></span> <span class='ocrx_word' id='word_1_250' title='bbox 2452 1113 2851 1181; x_wconf 76' lang='lat' dir='ltr'><strong>Apollinaribus</strong></span> <span class='ocrx_word' id='word_1_251' title='bbox 2882 1123 3034 1184; x_wconf 83' lang='lat' dir='ltr'><strong>patre</strong></span> <span class='ocrx_word' id='word_1_252' title='bbox 3063 1129 3114 1169; x_wconf 82' lang='lat' dir='ltr'><strong>et</strong></span> <span class='ocrx_word' id='word_1_253' title='bbox 3148 1116 3281 1184; x_wconf 78' lang='lat' dir='ltr'><strong>lilio.</strong></span> <span class='ocrx_word' id='word_1_254' title='bbox 3325 1128 3375 1173; x_wconf 83' lang='lat' dir='ltr'><strong>et</strong></span> <span class='ocrx_word' id='word_1_255' title='bbox 3413 1119 3476 1174; x_wconf 84' lang='lat' dir='ltr'><strong>de</strong></span> <span class='ocrx_word' id='word_1_256' title='bbox 3511 1119 3682 1175; x_wconf 80' lang='lat' dir='ltr'><strong>Vitale</strong></span> 
     </span>
    </p>
   </div>
   <div class='ocr_carea' id='block_1_38' title="bbox 2168 1181 3679 1319">
    <p class='ocr_par' dir='ltr' id='par_1_38' title="bbox 2168 1181 3679 1319">
     <span class='ocr_line' id='line_1_38' title="bbox 2172 1181 3679 1304; baseline 0.009 -72"><span class='ocrx_word' id='word_1_257' title='bbox 2172 1181 2477 1304; x_wconf 44' lang='lat' dir='ltr'><strong>presbytero</strong></span> <span class='ocrx_word' id='word_1_258' title='bbox 2507 1199 2525 1237; x_wconf 90' lang='lat'><strong><em>:</em></strong></span> <span class='ocrx_word' id='word_1_259' title='bbox 2553 1199 2657 1254; x_wconf 80' lang='lat' dir='ltr'><strong>qua</strong></span> <span class='ocrx_word' id='word_1_260' title='bbox 2685 1181 2958 1240; x_wconf 81' lang='lat' dir='ltr'><strong>occasione</strong></span> <span class='ocrx_word' id='word_1_261' title='bbox 2989 1181 3227 1253; x_wconf 30' lang='lat' dir='ltr'><strong>moti,’t&#39;n</strong></span> <span class='ocrx_word' id='word_1_262' title='bbox 3253 1189 3475 1244; x_wconf 69' lang='lat' dir='ltr'><strong>hareses</strong></span> <span class='ocrx_word' id='word_1_263' title='bbox 3497 1192 3679 1258; x_wconf 88' lang='lat' dir='ltr'><strong>prola-</strong></span> 
     </span>
     <span class='ocr_line' id='line_1_39' title="bbox 2168 1267 2410 1319; baseline 0.008 -15"><span class='ocrx_word' id='word_1_264' title='bbox 2168 1267 2251 1319; x_wconf 73' lang='lat' dir='ltr'><strong>psi</strong></span> <span class='ocrx_word' id='word_1_265' title='bbox 2283 1268 2366 1305; x_wconf 85' lang='lat' dir='ltr'><strong>sm</strong></span> <span class='ocrx_word' id='word_1_266' title='bbox 2399 1293 2410 1306; x_wconf 96' lang='lat'><strong>.</strong></span> 
     </span>
    </p>
   </div>
   <div class='ocr_carea' id='block_1_39' title="bbox 2173 1339 3678 1421">
    <p class='ocr_par' dir='ltr' id='par_1_39' title="bbox 2173 1339 3678 1421">
     <span class='ocr_line' id='line_1_40' title="bbox 2173 1339 3678 1421; baseline 0.007 -29"><span class='ocrx_word' id='word_1_267' title='bbox 2173 1339 2379 1395; x_wconf 91' lang='lat' dir='ltr'><strong>Eodem</strong></span> <span class='ocrx_word' id='word_1_268' title='bbox 2433 1352 2677 1412; x_wconf 86' lang='lat' dir='ltr'><strong>tempore</strong></span> <span class='ocrx_word' id='word_1_269' title='bbox 2747 1344 3088 1415; x_wconf 86' lang='lat' dir='ltr'><strong>Apollinaris</strong></span> <span class='ocrx_word' id='word_1_270' title='bbox 3162 1347 3388 1403; x_wconf 62' lang='lat' dir='ltr'><strong>haeresis</strong></span> <span class='ocrx_word' id='word_1_271' title='bbox 3439 1349 3508 1404; x_wconf 89' lang='lat' dir='ltr'><strong>ah</strong></span> <span class='ocrx_word' id='word_1_272' title='bbox 3560 1349 3678 1421; x_wconf 85' lang='lat' dir='ltr'><strong>ipso</strong></span> 
     </span>
    </p>
   </div>
   <div class='ocr_carea' id='block_1_40' title="bbox 2101 1430 3678 1507">
    <p class='ocr_par' dir='ltr' id='par_1_40' title="bbox 2101 1430 3678 1507">
     <span class='ocr_line' id='line_1_41' title="bbox 2101 1430 3678 1507; baseline 0.006 -25"><span class='ocrx_word' id='word_1_273' title='bbox 2101 1430 2504 1500; x_wconf 71' lang='lat' dir='ltr'><strong>cognominata:</strong></span> <span class='ocrx_word' id='word_1_274' title='bbox 2531 1430 2729 1486; x_wconf 90' lang='lat' dir='ltr'><strong>ducem</strong></span> <span class='ocrx_word' id='word_1_275' title='bbox 2761 1433 2938 1502; x_wconf 84' lang='lat' dir='ltr'><strong>palam</strong></span> <span class='ocrx_word' id='word_1_276' title='bbox 2976 1451 3035 1490; x_wconf 89' lang='lat' dir='ltr'><strong>se</strong></span> <span class='ocrx_word' id='word_1_277' title='bbox 3057 1436 3290 1506; x_wconf 67' lang='lat' dir='ltr'><strong>praebuit</strong></span> <span class='ocrx_word' id='word_1_278' title='bbox 3324 1455 3337 1490; x_wconf 87' lang='lat'><em>;</em></span> <span class='ocrx_word' id='word_1_279' title='bbox 3366 1439 3678 1507; x_wconf 79' lang='lat' dir='ltr'><strong>multosque</strong></span> 
     </span>
    </p>
   </div>
   <div class='ocr_carea' id='block_1_41' title="bbox 2099 1519 3673 1600">
    <p class='ocr_par' dir='ltr' id='par_1_41' title="bbox 2099 1519 3673 1600">
     <span class='ocr_line' id='line_1_42' title="bbox 2099 1519 3673 1600; baseline 0.006 -26"><span class='ocrx_word' id='word_1_280' title='bbox 2099 1520 2169 1575; x_wconf 88' lang='lat' dir='ltr'><strong>ab</strong></span> <span class='ocrx_word' id='word_1_281' title='bbox 2203 1519 2470 1579; x_wconf 74' lang='lat' dir='ltr'><strong>Ecclesiae</strong></span> <span class='ocrx_word' id='word_1_282' title='bbox 2497 1537 2731 1592; x_wconf 89' lang='lat' dir='ltr'><strong>corpore</strong></span> <span class='ocrx_word' id='word_1_283' title='bbox 2759 1523 3068 1590; x_wconf 86' lang='lat' dir='ltr'><strong>abducens,</strong></span> <span class='ocrx_word' id='word_1_284' title='bbox 3109 1543 3358 1584; x_wconf 86' lang='lat' dir='ltr'><strong>seorsum</strong></span> <span class='ocrx_word' id='word_1_285' title='bbox 3395 1531 3673 1600; x_wconf 68' lang='lat' dir='ltr'><strong>collegit‘.</strong></span> 
     </span>
    </p>
   </div>
   <div class='ocr_carea' id='block_1_42' title="bbox 2098 1611 3676 1691">
    <p class='ocr_par' dir='ltr' id='par_1_42' title="bbox 2098 1611 3676 1691">
     <span class='ocr_line' id='line_1_43' title="bbox 2098 1611 3676 1691; baseline 0.006 -25"><span class='ocrx_word' id='word_1_286' title='bbox 2098 1611 2272 1678; x_wconf 86' lang='lat' dir='ltr'><strong>Quem</strong></span> <span class='ocrx_word' id='word_1_287' title='bbox 2310 1615 2536 1685; x_wconf 88' lang='lat' dir='ltr'><strong>quidem</strong></span> <span class='ocrx_word' id='word_1_288' title='bbox 2581 1615 2635 1669; x_wconf 94' lang='lat' dir='ltr'><strong>in</strong></span> <span class='ocrx_word' id='word_1_289' title='bbox 2667 1616 3002 1672; x_wconf 79' lang='lat' dir='ltr'><strong>stabilienda</strong></span> <span class='ocrx_word' id='word_1_290' title='bbox 3045 1620 3239 1675; x_wconf 64' lang='lat' dir='ltr'><strong>haeresi</strong></span> <span class='ocrx_word' id='word_1_291' title='bbox 3284 1622 3492 1691; x_wconf 76' lang='lat' dir='ltr'><strong>adjuvit</strong></span> <span class='ocrx_word' id='word_1_292' title='bbox 3524 1619 3676 1675; x_wconf 78' lang='lat' dir='ltr'><strong>Vita-</strong></span> 
     </span>
    </p>
   </div>
   <div class='ocr_carea' id='block_1_43' title="bbox 2097 1704 3675 1777">
    <p class='ocr_par' dir='ltr' id='par_1_43' title="bbox 2097 1704 3675 1777">
     <span class='ocr_line' id='line_1_44' title="bbox 2097 1704 3675 1777; baseline 0.006 -19"><span class='ocrx_word' id='word_1_293' title='bbox 2097 1704 2188 1766; x_wconf 87' lang='lat' dir='ltr'><strong>lis,</strong></span> <span class='ocrx_word' id='word_1_294' title='bbox 2247 1707 2538 1777; x_wconf 79' lang='lat' dir='ltr'><strong>presbyter</strong></span> <span class='ocrx_word' id='word_1_295' title='bbox 2582 1708 2967 1766; x_wconf 88' lang='lat' dir='ltr'><strong>Antiochenus</strong></span> <span class='ocrx_word' id='word_1_296' title='bbox 3015 1727 3080 1766; x_wconf 85' lang='lat' dir='ltr'><strong>ex</strong></span> <span class='ocrx_word' id='word_1_297' title='bbox 3131 1711 3332 1768; x_wconf 76' lang='lat' dir='ltr'><strong>Meletii</strong></span> <span class='ocrx_word' id='word_1_298' title='bbox 3361 1714 3510 1768; x_wconf 87' lang='lat' dir='ltr'><strong>clero</strong></span> <span class='ocrx_word' id='word_1_299' title='bbox 3544 1735 3555 1768; x_wconf 90' lang='lat'>:</span> <span class='ocrx_word' id='word_1_300' title='bbox 3594 1715 3675 1768; x_wconf 83' lang='lat' dir='ltr'><strong>vir</strong></span> 
     </span>
    </p>
   </div>
   <div class='ocr_carea' id='block_1_44' title="bbox 2093 1799 3669 1870">
    <p class='ocr_par' dir='ltr' id='par_1_44' title="bbox 2093 1799 3669 1870">
     <span class='ocr_line' id='line_1_45' title="bbox 2093 1799 3669 1870; baseline 0.004 -21"><span class='ocrx_word' id='word_1_301' title='bbox 2093 1811 2203 1865; x_wconf 65' lang='lat' dir='ltr'><strong>pra:</strong></span> <span class='ocrx_word' id='word_1_302' title='bbox 2254 1801 2468 1852; x_wconf 61' lang='lat' dir='ltr'><strong>caeteris</strong></span> <span class='ocrx_word' id='word_1_303' title='bbox 2521 1799 2595 1853; x_wconf 90' lang='lat' dir='ltr'><strong>ob</strong></span> <span class='ocrx_word' id='word_1_304' title='bbox 2655 1799 2786 1852; x_wconf 66' lang='lat' dir='ltr'><strong>vitae</strong></span> <span class='ocrx_word' id='word_1_305' title='bbox 2845 1814 2912 1853; x_wconf 90' lang='lat' dir='ltr'><strong>ac</strong></span> <span class='ocrx_word' id='word_1_306' title='bbox 2965 1799 3270 1870; x_wconf 68' lang='lat' dir='ltr'><strong>disciplina:</strong></span> <span class='ocrx_word' id='word_1_307' title='bbox 3323 1803 3669 1856; x_wconf 80' lang='lat' dir='ltr'><strong>severitatem</strong></span> 
     </span>
    </p>
   </div>
   <div class='ocr_carea' id='block_1_45' title="bbox 2089 1884 3670 1961">
    <p class='ocr_par' dir='ltr' id='par_1_45' title="bbox 2089 1884 3670 1961">
     <span class='ocr_line' id='line_1_46' title="bbox 2089 1884 3670 1961; baseline 0.005 -23"><span class='ocrx_word' id='word_1_308' title='bbox 2089 1884 2344 1950; x_wconf 83' lang='lat' dir='ltr'><strong>illustris,</strong></span> <span class='ocrx_word' id='word_1_309' title='bbox 2392 1895 2448 1941; x_wconf 89' lang='lat' dir='ltr'><strong>et</strong></span> <span class='ocrx_word' id='word_1_310' title='bbox 2486 1889 2540 1942; x_wconf 92' lang='lat' dir='ltr'><strong>in</strong></span> <span class='ocrx_word' id='word_1_311' title='bbox 2582 1888 2836 1960; x_wconf 76' lang='lat' dir='ltr'><strong>regendis</strong></span> <span class='ocrx_word' id='word_1_312' title='bbox 2889 1890 2959 1945; x_wconf 90' lang='lat' dir='ltr'><strong>iis</strong></span> <span class='ocrx_word' id='word_1_313' title='bbox 2988 1890 3192 1960; x_wconf 87' lang='lat' dir='ltr'><strong>quibus</strong></span> <span class='ocrx_word' id='word_1_314' title='bbox 3225 1900 3457 1961; x_wconf 63' lang='lat' dir='ltr'><strong>praeerat</strong></span> <span class='ocrx_word' id='word_1_315' title='bbox 3503 1895 3670 1947; x_wconf 62' lang='lat' dir='ltr'><strong>setiu-</strong></span> 
     </span>
    </p>
   </div>
   <div class='ocr_carea' id='block_1_46' title="bbox 2091 1973 3670 2052">
    <p class='ocr_par' dir='ltr' id='par_1_46' title="bbox 2091 1973 3670 2052">
     <span class='ocr_line' id='line_1_47' title="bbox 2091 1973 3670 2052; baseline 0.005 -24"><span class='ocrx_word' id='word_1_316' title='bbox 2091 1973 2198 2038; x_wconf 89' lang='lat' dir='ltr'><strong>lus,</strong></span> <span class='ocrx_word' id='word_1_317' title='bbox 2231 1992 2404 2046; x_wconf 88' lang='lat' dir='ltr'><strong>eaque</strong></span> <span class='ocrx_word' id='word_1_318' title='bbox 2431 1978 2500 2033; x_wconf 89' lang='lat' dir='ltr'><strong>de</strong></span> <span class='ocrx_word' id='word_1_319' title='bbox 2529 1995 2699 2034; x_wconf 88' lang='lat' dir='ltr'><strong>causa</strong></span> <span class='ocrx_word' id='word_1_320' title='bbox 2723 1981 2868 2050; x_wconf 90' lang='lat' dir='ltr'><strong>plebi</strong></span> <span class='ocrx_word' id='word_1_321' title='bbox 2894 1981 3250 2036; x_wconf 84' lang='lat' dir='ltr'><strong>venerabilis.</strong></span> <span class='ocrx_word' id='word_1_322' title='bbox 3281 1981 3477 2036; x_wconf 87' lang='lat' dir='ltr'><strong>Verum</strong></span> <span class='ocrx_word' id='word_1_323' title='bbox 3509 1986 3670 2052; x_wconf 88' lang='lat' dir='ltr'><strong>paulo</strong></span> 
     </span>
    </p>
   </div>
   <div class='ocr_carea' id='block_1_47' title="bbox 2088 2071 3664 2148">
    <p class='ocr_par' dir='ltr' id='par_1_47' title="bbox 2088 2071 3664 2148">
     <span class='ocr_line' id='line_1_48' title="bbox 2088 2071 3664 2148; baseline 0.004 -28"><span class='ocrx_word' id='word_1_324' title='bbox 2088 2075 2246 2137; x_wconf 89' lang='lat' dir='ltr'><strong>post,</strong></span> <span class='ocrx_word' id='word_1_325' title='bbox 2293 2085 2514 2124; x_wconf 89' lang='lat' dir='ltr'><strong>cumse</strong></span> <span class='ocrx_word' id='word_1_326' title='bbox 2565 2087 2594 2124; x_wconf 86' lang='lat' dir='ltr'><strong>a</strong></span> <span class='ocrx_word' id='word_1_327' title='bbox 2636 2073 3023 2148; x_wconf 84' lang='lat' dir='ltr'><strong>communione</strong></span> <span class='ocrx_word' id='word_1_328' title='bbox 3070 2071 3269 2128; x_wconf 88' lang='lat' dir='ltr'><strong>Meletii</strong></span> <span class='ocrx_word' id='word_1_329' title='bbox 3303 2073 3664 2143; x_wconf 79' lang='lat' dir='ltr'><strong>ahjunxisset.</strong></span> 
     </span>
    </p>
   </div>
   <div class='ocr_carea' id='block_1_48' title="bbox 2085 2159 3666 2234">
    <p class='ocr_par' dir='ltr' id='par_1_48' title="bbox 2085 2159 3666 2234">
     <span class='ocr_line' id='line_1_49' title="bbox 2085 2159 3666 2234; baseline 0.004 -22"><span class='ocrx_word' id='word_1_330' title='bbox 2085 2159 2394 2230; x_wconf 83' lang='lat' dir='ltr'><strong>Apollinari</strong></span> <span class='ocrx_word' id='word_1_331' title='bbox 2425 2162 2656 2217; x_wconf 65' lang='lat' dir='ltr'><strong>adha&#39;sit</strong></span> <span class='ocrx_word' id='word_1_332' title='bbox 2690 2182 2702 2217; x_wconf 90' lang='lat'><strong>:</strong></span> <span class='ocrx_word' id='word_1_333' title='bbox 2738 2164 2918 2234; x_wconf 88' lang='lat' dir='ltr'><strong>iisque</strong></span> <span class='ocrx_word' id='word_1_334' title='bbox 2948 2165 3040 2234; x_wconf 89' lang='lat' dir='ltr'><strong>qui</strong></span> <span class='ocrx_word' id='word_1_335' title='bbox 3075 2164 3380 2220; x_wconf 75' lang='lat' dir='ltr'><strong>Antiochiae</strong></span> <span class='ocrx_word' id='word_1_336' title='bbox 3415 2167 3666 2221; x_wconf 86' lang='lat' dir='ltr'><strong>eamdem</strong></span> 
     </span>
    </p>
   </div>
   <div class='ocr_carea' id='block_1_49' title="bbox 2087 2253 3670 2326">
    <p class='ocr_par' dir='ltr' id='par_1_49' title="bbox 2087 2253 3670 2326">
     <span class='ocr_line' id='line_1_50' title="bbox 2087 2253 3670 2326; baseline 0.001 -18"><span class='ocrx_word' id='word_1_337' title='bbox 2087 2253 2402 2322; x_wconf 88' lang='lat' dir='ltr'><strong>opinionem</strong></span> <span class='ocrx_word' id='word_1_338' title='bbox 2440 2257 2798 2310; x_wconf 88' lang='lat' dir='ltr'><strong>sectabantur</strong></span> <span class='ocrx_word' id='word_1_339' title='bbox 2832 2257 3076 2326; x_wconf 65' lang='lat' dir='ltr'><strong>prwl&#39;uit,</strong></span> <span class='ocrx_word' id='word_1_340' title='bbox 3119 2257 3190 2311; x_wconf 90' lang='lat' dir='ltr'><strong>oh</strong></span> <span class='ocrx_word' id='word_1_341' title='bbox 3233 2257 3356 2311; x_wconf 69' lang='lat' dir='ltr'><strong>vita:</strong></span> <span class='ocrx_word' id='word_1_342' title='bbox 3393 2273 3505 2312; x_wconf 72' lang='lat' dir='ltr'><strong>suae</strong></span> <span class='ocrx_word' id='word_1_343' title='bbox 3541 2273 3670 2312; x_wconf 86' lang='lat' dir='ltr'><strong>san-</strong></span> 
     </span>
    </p>
   </div>
   <div class='ocr_carea' id='block_1_50' title="bbox 2084 2341 3663 2419">
    <p class='ocr_par' dir='ltr' id='par_1_50' title="bbox 2084 2341 3663 2419">
     <span class='ocr_line' id='line_1_51' title="bbox 2084 2341 3663 2419; baseline 0.004 -22"><span class='ocrx_word' id='word_1_344' title='bbox 2084 2344 2404 2398; x_wconf 87' lang='lat' dir='ltr'><strong>ctimoniam</strong></span> <span class='ocrx_word' id='word_1_345' title='bbox 2451 2345 2594 2400; x_wconf 89' lang='lat' dir='ltr'><strong>haud</strong></span> <span class='ocrx_word' id='word_1_346' title='bbox 2628 2361 2836 2416; x_wconf 88' lang='lat' dir='ltr'><strong>paucos</strong></span> <span class='ocrx_word' id='word_1_347' title='bbox 2857 2341 3160 2403; x_wconf 76' lang='lat' dir='ltr'><strong>&#39;auditores</strong></span> <span class='ocrx_word' id='word_1_348' title='bbox 3199 2348 3431 2413; x_wconf 85' lang='lat' dir='ltr'><strong>habens,</strong></span> <span class='ocrx_word' id='word_1_349' title='bbox 3464 2351 3557 2419; x_wconf 67' lang='lat' dir='ltr'><strong>qui</strong></span> <span class='ocrx_word' id='word_1_350' title='bbox 3595 2352 3663 2404; x_wconf 84' lang='lat' dir='ltr'><strong>ah</strong></span> 
     </span>
    </p>
   </div>
   <div class='ocr_carea' id='block_1_51' title="bbox 2086 2436 3663 2507">
    <p class='ocr_par' dir='ltr' id='par_1_51' title="bbox 2086 2436 3663 2507">
     <span class='ocr_line' id='line_1_52' title="bbox 2086 2436 3663 2507; baseline 0.004 -19"><span class='ocrx_word' id='word_1_351' title='bbox 2086 2436 2208 2505; x_wconf 89' lang='lat' dir='ltr'><strong>ipso</strong></span> <span class='ocrx_word' id='word_1_352' title='bbox 2241 2445 2668 2507; x_wconf 79' lang='lat' dir='ltr'><strong>cognomentum</strong></span> <span class='ocrx_word' id='word_1_353' title='bbox 2702 2439 2912 2501; x_wconf 87' lang='lat' dir='ltr'><strong>sortiti,</strong></span> <span class='ocrx_word' id='word_1_354' title='bbox 2957 2437 3216 2492; x_wconf 83' lang='lat' dir='ltr'><strong>Vitaliani</strong></span> <span class='ocrx_word' id='word_1_355' title='bbox 3249 2440 3555 2494; x_wconf 90' lang='lat' dir='ltr'><strong>etiamnum</strong></span> <span class='ocrx_word' id='word_1_356' title='bbox 3595 2442 3663 2494; x_wconf 87' lang='lat' dir='ltr'><strong>ab</strong></span> 
     </span>
    </p>
   </div>
   <div class='ocr_carea' id='block_1_52' title="bbox 2084 2529 3662 2604">
    <p class='ocr_par' dir='ltr' id='par_1_52' title="bbox 2084 2529 3662 2604">
     <span class='ocr_line' id='line_1_53' title="bbox 2084 2529 3662 2604; baseline 0.003 -22"><span class='ocrx_word' id='word_1_357' title='bbox 2084 2529 2554 2586; x_wconf 84' lang='lat' dir='ltr'><strong>Antiochensibus</strong></span> <span class='ocrx_word' id='word_1_358' title='bbox 2596 2531 2963 2600; x_wconf 84' lang='lat' dir='ltr'><strong>appellantur.</strong></span> <span class='ocrx_word' id='word_1_359' title='bbox 2999 2529 3114 2584; x_wconf 90' lang='lat' dir='ltr'><strong>llnc</strong></span> <span class='ocrx_word' id='word_1_360' title='bbox 3143 2541 3324 2586; x_wconf 89' lang='lat' dir='ltr'><strong>autem</strong></span> <span class='ocrx_word' id='word_1_361' title='bbox 3369 2535 3662 2604; x_wconf 80' lang='lat' dir='ltr'><strong>prolapsus</strong></span> 
     </span>
    </p>
   </div>
   <div class='ocr_carea' id='block_1_53' title="bbox 2083 2623 3662 2696">
    <p class='ocr_par' dir='ltr' id='par_1_53' title="bbox 2083 2623 3662 2696">
     <span class='ocr_line' id='line_1_54' title="bbox 2083 2623 3662 2696; baseline 0.002 -20"><span class='ocrx_word' id='word_1_362' title='bbox 2083 2637 2208 2678; x_wconf 89' lang='lat' dir='ltr'><strong>esse</strong></span> <span class='ocrx_word' id='word_1_363' title='bbox 2246 2623 2452 2676; x_wconf 74' lang='lat' dir='ltr'><strong>dicitur</strong></span> <span class='ocrx_word' id='word_1_364' title='bbox 2479 2639 2545 2677; x_wconf 78' lang='lat' dir='ltr'><strong>ex</strong></span> <span class='ocrx_word' id='word_1_365' title='bbox 2590 2623 2894 2679; x_wconf 78' lang='lat' dir='ltr'><strong>oﬂ‘ensione</strong></span> <span class='ocrx_word' id='word_1_366' title='bbox 2938 2623 3135 2688; x_wconf 88' lang='lat' dir='ltr'><strong>animi,</strong></span> <span class='ocrx_word' id='word_1_367' title='bbox 3183 2640 3249 2680; x_wconf 94' lang='lat' dir='ltr'><strong>eo</strong></span> <span class='ocrx_word' id='word_1_368' title='bbox 3281 2626 3428 2696; x_wconf 88' lang='lat' dir='ltr'><strong>quod</strong></span> <span class='ocrx_word' id='word_1_369' title='bbox 3467 2626 3662 2696; x_wconf 54' lang='lat' dir='ltr'><strong>despue</strong></span> 
     </span>
    </p>
   </div>
   <div class='ocr_carea' id='block_1_54' title="bbox 2087 2713 3656 2790">
    <p class='ocr_par' dir='ltr' id='par_1_54' title="bbox 2087 2713 3656 2790">
     <span class='ocr_line' id='line_1_55' title="bbox 2087 2713 3656 2790; baseline 0.003 -22"><span class='ocrx_word' id='word_1_370' title='bbox 2087 2721 2215 2770; x_wconf 89' lang='lat' dir='ltr'><strong>ctus</strong></span> <span class='ocrx_word' id='word_1_371' title='bbox 2283 2713 2484 2768; x_wconf 78' lang='lat' dir='ltr'><strong>fuisset</strong></span> <span class='ocrx_word' id='word_1_372' title='bbox 2543 2729 2572 2767; x_wconf 88' lang='lat' dir='ltr'><strong>a</strong></span> <span class='ocrx_word' id='word_1_373' title='bbox 2623 2713 2922 2780; x_wconf 84' lang='lat' dir='ltr'><strong>Flaviano,</strong></span> <span class='ocrx_word' id='word_1_374' title='bbox 2977 2726 3107 2770; x_wconf 91' lang='lat' dir='ltr'><strong>tunc</strong></span> <span class='ocrx_word' id='word_1_375' title='bbox 3171 2719 3656 2790; x_wconf 85' lang='lat' dir='ltr'><strong>compresbytero,</strong></span> 
     </span>
    </p>
   </div>
   <div class='ocr_carea' id='block_1_55' title="bbox 2083 2806 3656 2881">
    <p class='ocr_par' dir='ltr' id='par_1_55' title="bbox 2083 2806 3656 2881">
     <span class='ocr_line' id='line_1_56' title="bbox 2083 2806 3656 2881; baseline 0.004 -23"><span class='ocrx_word' id='word_1_376' title='bbox 2083 2812 2275 2875; x_wconf 87' lang='lat' dir='ltr'><strong>postea</strong></span> <span class='ocrx_word' id='word_1_377' title='bbox 2337 2820 2466 2858; x_wconf 73' lang='lat' dir='ltr'><strong>vero</strong></span> <span class='ocrx_word' id='word_1_378' title='bbox 2527 2806 2918 2862; x_wconf 87' lang='lat' dir='ltr'><strong>Antiochensis</strong></span> <span class='ocrx_word' id='word_1_379' title='bbox 2969 2806 3229 2863; x_wconf 70' lang='lat' dir='ltr'><strong>Ecclesia:</strong></span> <span class='ocrx_word' id='word_1_380' title='bbox 3285 2811 3544 2881; x_wconf 87' lang='lat' dir='ltr'><strong>episcopo</strong></span> <span class='ocrx_word' id='word_1_381' title='bbox 3577 2832 3588 2864; x_wconf 87' lang='lat'><strong>:</strong></span> <span class='ocrx_word' id='word_1_382' title='bbox 3627 2826 3656 2864; x_wconf 87' lang='lat' dir='ltr'><strong>a</strong></span> 
     </span>
    </p>
   </div>
   <div class='ocr_carea' id='block_1_56' title="bbox 2081 2883 3656 2970">
    <p class='ocr_par' dir='ltr' id='par_1_56' title="bbox 2081 2883 3656 2970">
     <span class='ocr_line' id='line_1_57' title="bbox 2081 2883 3656 2970; baseline 0.003 -21"><span class='ocrx_word' id='word_1_383' title='bbox 2081 2911 2193 2965; x_wconf 91' lang='lat' dir='ltr'><strong>quo</strong></span> <span class='ocrx_word' id='word_1_384' title='bbox 2243 2895 2557 2967; x_wconf 75' lang='lat' dir='ltr'><strong>prohibitus</strong></span> <span class='ocrx_word' id='word_1_385' title='bbox 2603 2883 2784 2950; x_wconf 82' lang='lat' dir='ltr'><strong>fuerat</strong></span> <span class='ocrx_word' id='word_1_386' title='bbox 2825 2913 2891 2952; x_wconf 91' lang='lat' dir='ltr'><strong>ne</strong></span> <span class='ocrx_word' id='word_1_387' title='bbox 2924 2899 3245 2970; x_wconf 90' lang='lat' dir='ltr'><strong>episcopum</strong></span> <span class='ocrx_word' id='word_1_388' title='bbox 3296 2916 3446 2956; x_wconf 89' lang='lat' dir='ltr'><strong>more</strong></span> <span class='ocrx_word' id='word_1_389' title='bbox 3493 2904 3656 2957; x_wconf 82' lang='lat' dir='ltr'><strong>solito</strong></span> 
     </span>
    </p>
   </div>
   <div class='ocr_carea' id='block_1_57' title="bbox 2079 2988 3653 3060">
    <p class='ocr_par' dir='ltr' id='par_1_57' title="bbox 2079 2988 3653 3060">
     <span class='ocr_line' id='line_1_58' title="bbox 2079 2988 3653 3060; baseline 0.004 -18"><span class='ocrx_word' id='word_1_390' title='bbox 2079 2988 2310 3043; x_wconf 79' lang='lat' dir='ltr'><strong>videret.</strong></span> <span class='ocrx_word' id='word_1_391' title='bbox 2375 2988 2667 3044; x_wconf 89' lang='lat' dir='ltr'><strong>Contemni</strong></span> <span class='ocrx_word' id='word_1_392' title='bbox 2722 2990 2869 3044; x_wconf 88' lang='lat' dir='ltr'><strong>enim</strong></span> <span class='ocrx_word' id='word_1_393' title='bbox 2924 3007 2984 3048; x_wconf 87' lang='lat' dir='ltr'><strong>se</strong></span> <span class='ocrx_word' id='word_1_394' title='bbox 3035 2993 3374 3060; x_wconf 87' lang='lat' dir='ltr'><strong>arbitratus,</strong></span> <span class='ocrx_word' id='word_1_395' title='bbox 3429 2994 3653 3050; x_wconf 88' lang='lat' dir='ltr'><strong>humani</strong></span> 
     </span>
    </p>
   </div>
   <div class='ocr_carea' id='block_1_58' title="bbox 389 3079 1969 3156">
    <p class='ocr_par' dir='ltr' id='par_1_58' title="bbox 389 3079 1969 3154">
     <span class='ocr_line' id='line_1_59' title="bbox 389 3079 1969 3154; baseline 0.001 -20"><span class='ocrx_word' id='word_1_396' title='bbox 389 3079 726 3152; x_wconf 84' lang='grc' dir='ltr'>ἀνθρώπινον</span> <span class='ocrx_word' id='word_1_397' title='bbox 772 3080 1014 3151; x_wconf 78' lang='grc' dir='ltr'>ὑπέστηο</span> <span class='ocrx_word' id='word_1_398' title='bbox 1066 3081 1159 3134; x_wconf 78' lang='grc' dir='ltr'><strong>καὶ</strong></span> <span class='ocrx_word' id='word_1_399' title='bbox 1207 3081 1342 3152; x_wconf 77' lang='grc' dir='ltr'>πρὸς</span> <span class='ocrx_word' id='word_1_400' title='bbox 1383 3081 1752 3154; x_wconf 80' lang='grc' dir='ltr'>Ἀπολινάριον</span> <span class='ocrx_word' id='word_1_401' title='bbox 1778 3083 1969 3147; x_wconf 82' lang='grc' dir='ltr'>ἐλθὼν,</span> 
     </span>
    </p>
   </div>
   <div class='ocr_carea' id='block_1_59' title="bbox 2075 3079 3652 3156">
    <p class='ocr_par' dir='ltr' id='par_1_59' title="bbox 2080 3079 3652 3156">
     <span class='ocr_line' id='line_1_60' title="bbox 2080 3079 3652 3156; baseline 0.004 -23"><span class='ocrx_word' id='word_1_402' title='bbox 2080 3079 2360 3150; x_wconf 82' lang='lat' dir='ltr'><strong>quidpiam</strong></span> <span class='ocrx_word' id='word_1_403' title='bbox 2387 3096 2582 3150; x_wconf 88' lang='lat' dir='ltr'><strong>passus</strong></span> <span class='ocrx_word' id='word_1_404' title='bbox 2611 3091 2696 3137; x_wconf 84' lang='lat' dir='ltr'><strong>est</strong></span> <span class='ocrx_word' id='word_1_405' title='bbox 2729 3101 2742 3136; x_wconf 90' lang='lat'><em>:</em></span> <span class='ocrx_word' id='word_1_406' title='bbox 2770 3092 2823 3136; x_wconf 90' lang='lat' dir='ltr'><strong>et</strong></span> <span class='ocrx_word' id='word_1_407' title='bbox 2846 3083 2910 3136; x_wconf 89' lang='lat' dir='ltr'><strong>ad</strong></span> <span class='ocrx_word' id='word_1_408' title='bbox 2936 3084 3310 3153; x_wconf 87' lang='lat' dir='ltr'><strong>Apollinarem</strong></span> <span class='ocrx_word' id='word_1_409' title='bbox 3345 3095 3652 3156; x_wconf 79' lang='lat' dir='ltr'><strong>transgres-</strong></span> 
     </span>
    </p>
   </div>
   <div class='ocr_carea' id='block_1_60' title="bbox 388 3169 1973 3244">
    <p class='ocr_par' dir='ltr' id='par_1_60' title="bbox 388 3169 1973 3244">
     <span class='ocr_line' id='line_1_61' title="bbox 388 3169 1973 3244; baseline 0.002 -18"><span class='ocrx_word' id='word_1_410' title='bbox 388 3173 734 3244; x_wconf 76' lang='grc' dir='ltr'>ἐκοινώνησε,</span> <span class='ocrx_word' id='word_1_411' title='bbox 789 3175 883 3227; x_wconf 75' lang='grc' dir='ltr'>καὶ</span> <span class='ocrx_word' id='word_1_412' title='bbox 937 3172 1088 3242; x_wconf 84' lang='grc' dir='ltr'>φίλον</span> <span class='ocrx_word' id='word_1_413' title='bbox 1117 3173 1278 3228; x_wconf 83' lang='grc' dir='ltr'>αὑτὸν</span> <span class='ocrx_word' id='word_1_414' title='bbox 1330 3169 1493 3244; x_wconf 81' lang='grc' dir='ltr'>εἶχεν.</span> <span class='ocrx_word' id='word_1_415' title='bbox 1551 3176 1644 3228; x_wconf 86' lang='grc' dir='ltr'>Ἐκ</span> <span class='ocrx_word' id='word_1_416' title='bbox 1683 3176 1872 3228; x_wconf 90' lang='grc' dir='ltr'>τούτου</span> <span class='ocrx_word' id='word_1_417' title='bbox 1917 3176 1973 3230; x_wconf 75' lang='grc' dir='ltr'>δὲ</span> 
     </span>
    </p>
   </div>
   <div class='ocr_carea' id='block_1_61' title="bbox 387 3265 1974 3336">
    <p class='ocr_par' dir='ltr' id='par_1_61' title="bbox 387 3265 1974 3336">
     <span class='ocr_line' id='line_1_62' title="bbox 387 3265 1974 3336; baseline -0.001 -14"><span class='ocrx_word' id='word_1_418' title='bbox 387 3269 482 3322; x_wconf 73' lang='grc' dir='ltr'><strong>καὶ</strong></span> <span class='ocrx_word' id='word_1_419' title='bbox 518 3270 576 3320; x_wconf 82' lang='grc' dir='ltr'><strong>ἐν</strong></span> <span class='ocrx_word' id='word_1_420' title='bbox 603 3267 792 3328; x_wconf 80' lang='grc' dir='ltr'>ἄλλαις</span> <span class='ocrx_word' id='word_1_421' title='bbox 822 3265 1008 3319; x_wconf 76' lang='grc' dir='ltr'>πόλεσι</span> <span class='ocrx_word' id='word_1_422' title='bbox 1036 3265 1203 3336; x_wconf 74' lang='grc' dir='ltr'>χωρὶς</span> <span class='ocrx_word' id='word_1_423' title='bbox 1235 3265 1592 3335; x_wconf 73' lang='grc' dir='ltr'>ἐκκλησίαζον</span> <span class='ocrx_word' id='word_1_424' title='bbox 1622 3267 1726 3320; x_wconf 80' lang='grc' dir='ltr'>ὑπὸ</span> <span class='ocrx_word' id='word_1_425' title='bbox 1751 3267 1974 3320; x_wconf 66' lang='grc' dir='ltr'>ἐπισκόο</span> 
     </span>
    </p>
   </div>
   <div class='ocr_carea' id='block_1_62' title="bbox 386 3357 1972 3429">
    <p class='ocr_par' dir='ltr' id='par_1_62' title="bbox 386 3357 1972 3429">
     <span class='ocr_line' id='line_1_63' title="bbox 386 3357 1972 3429; baseline 0.002 -19"><span class='ocrx_word' id='word_1_426' title='bbox 386 3375 508 3420; x_wconf 86' lang='grc' dir='ltr'>ποις</span> <span class='ocrx_word' id='word_1_427' title='bbox 541 3357 709 3420; x_wconf 83' lang='grc' dir='ltr'>ίδίοις,</span> <span class='ocrx_word' id='word_1_428' title='bbox 738 3358 831 3410; x_wconf 78' lang='grc' dir='ltr'><strong>καὶ</strong></span> <span class='ocrx_word' id='word_1_429' title='bbox 862 3357 1081 3428; x_wconf 79' lang='grc' dir='ltr'>θεσμοῖς</span> <span class='ocrx_word' id='word_1_430' title='bbox 1118 3357 1355 3428; x_wconf 79' lang='grc' dir='ltr'>ἐχρῶντο</span> <span class='ocrx_word' id='word_1_431' title='bbox 1375 3358 1675 3429; x_wconf 86' lang='grc' dir='ltr'>ἀλλοτρίοις</span> <span class='ocrx_word' id='word_1_432' title='bbox 1699 3357 1799 3428; x_wconf 85' lang='grc' dir='ltr'><strong>τῆς</strong></span> <span class='ocrx_word' id='word_1_433' title='bbox 1835 3358 1972 3413; x_wconf 85' lang='grc' dir='ltr'><strong>καθ-</strong></span> 
     </span>
    </p>
   </div>
   <div class='ocr_carea' id='block_1_63' title="bbox 393 3448 1969 3522">
    <p class='ocr_par' dir='ltr' id='par_1_63' title="bbox 393 3448 1969 3522">
     <span class='ocr_line' id='line_1_64' title="bbox 393 3448 1969 3522; baseline 0.001 -20"><span class='ocrx_word' id='word_1_434' title='bbox 393 3448 581 3519; x_wconf 79' lang='grc' dir='ltr'>ολικῆς</span> <span class='ocrx_word' id='word_1_435' title='bbox 624 3448 965 3518; x_wconf 83' lang='grc' dir='ltr'>Ἐκκλησίας,</span> <span class='ocrx_word' id='word_1_436' title='bbox 1029 3449 1176 3520; x_wconf 80' lang='grc' dir='ltr'>παρὰ</span> <span class='ocrx_word' id='word_1_437' title='bbox 1229 3450 1326 3513; x_wconf 84' lang='grc' dir='ltr'><strong>τάς</strong></span> <span class='ocrx_word' id='word_1_438' title='bbox 1374 3449 1764 3520; x_wconf 84' lang='grc' dir='ltr'>νενομισμένας</span> <span class='ocrx_word' id='word_1_439' title='bbox 1816 3451 1969 3522; x_wconf 82' lang='grc' dir='ltr'>ίεράς</span> 
     </span>
    </p>
   </div>
   <div class='ocr_carea' id='block_1_64' title="bbox 383 3539 1966 3614">
    <p class='ocr_par' dir='ltr' id='par_1_64' title="bbox 383 3539 1966 3614">
     <span class='ocr_line' id='line_1_65' title="bbox 383 3539 1966 3614; baseline 0.001 -22"><span class='ocrx_word' id='word_1_440' title='bbox 383 3539 548 3611; x_wconf 73' lang='grc' dir='ltr'>ᾠδὰς,</span> <span class='ocrx_word' id='word_1_441' title='bbox 583 3539 834 3611; x_wconf 74' lang='grc' dir='ltr'>ἐμμετρά</span> <span class='ocrx_word' id='word_1_442' title='bbox 862 3558 983 3594; x_wconf 87' lang='grc' dir='ltr'>τινα</span> <span class='ocrx_word' id='word_1_443' title='bbox 1021 3541 1278 3612; x_wconf 81' lang='grc' dir='ltr'>μελύδρια</span> <span class='ocrx_word' id='word_1_444' title='bbox 1305 3541 1617 3610; x_wconf 71' lang='grc' dir='ltr'>ψάλλοντες,</span> <span class='ocrx_word' id='word_1_445' title='bbox 1651 3542 1783 3614; x_wconf 85' lang='grc' dir='ltr'>παρ’</span> <span class='ocrx_word' id='word_1_446' title='bbox 1803 3541 1966 3597; x_wconf 76' lang='grc' dir='ltr'>αὐτοῦ</span> 
     </span>
    </p>
   </div>
   <div class='ocr_carea' id='block_1_65' title="bbox 397 3629 1964 3704">
    <p class='ocr_par' dir='ltr' id='par_1_65' title="bbox 397 3629 1964 3704">
     <span class='ocr_line' id='line_1_66' title="bbox 397 3629 1964 3704; baseline 0.002 -23"><span class='ocrx_word' id='word_1_447' title='bbox 397 3629 768 3700; x_wconf 75' lang='grc' dir='ltr'>’Λπολιναρίου</span> <span class='ocrx_word' id='word_1_448' title='bbox 795 3631 1088 3701; x_wconf 75' lang='grc' dir='ltr'>εὑρημένα.</span> <span class='ocrx_word' id='word_1_449' title='bbox 1117 3632 1260 3704; x_wconf 81' lang='grc' dir='ltr'>Πρὸς</span> <span class='ocrx_word' id='word_1_450' title='bbox 1285 3633 1390 3702; x_wconf 79' lang='grc' dir='ltr'><strong>γὰρ</strong></span> <span class='ocrx_word' id='word_1_451' title='bbox 1415 3635 1478 3703; x_wconf 78' lang='grc' dir='ltr'>τῇ</span> <span class='ocrx_word' id='word_1_452' title='bbox 1510 3632 1642 3703; x_wconf 76' lang='grc' dir='ltr'>ἄλλῃ</span> <span class='ocrx_word' id='word_1_453' title='bbox 1667 3631 1964 3694; x_wconf 81' lang='grc' dir='ltr'>παιδεύσει,</span> 
     </span>
    </p>
   </div>
   <div class='ocr_carea' id='block_1_66' title="bbox 382 3722 1962 3795">
    <p class='ocr_par' dir='ltr' id='par_1_66' title="bbox 382 3722 1962 3795">
     <span class='ocr_line' id='line_1_67' title="bbox 382 3722 1962 3795; baseline 0.002 -22"><span class='ocrx_word' id='word_1_454' title='bbox 382 3723 479 3774; x_wconf 71' lang='grc' dir='ltr'>καὶ</span> <span class='ocrx_word' id='word_1_455' title='bbox 507 3722 786 3792; x_wconf 80' lang='grc' dir='ltr'>ποιητικὸς</span> <span class='ocrx_word' id='word_1_456' title='bbox 817 3722 910 3787; x_wconf 78' lang='grc' dir='ltr'><strong>ὢν,</strong></span> <span class='ocrx_word' id='word_1_457' title='bbox 947 3724 1038 3774; x_wconf 74' lang='grc' dir='ltr'>καὶ</span> <span class='ocrx_word' id='word_1_458' title='bbox 1073 3723 1429 3777; x_wconf 84' lang='grc' dir='ltr'>παντοδαπῶν</span> <span class='ocrx_word' id='word_1_459' title='bbox 1467 3723 1677 3795; x_wconf 83' lang='grc' dir='ltr'>μέτρων</span> <span class='ocrx_word' id='word_1_460' title='bbox 1703 3725 1962 3794; x_wconf 84' lang='grc' dir='ltr'>είδήμων,</span> 
     </span>
    </p>
   </div>
   <div class='ocr_carea' id='block_1_67' title="bbox 380 3812 1964 3885">
    <p class='ocr_par' dir='ltr' id='par_1_67' title="bbox 380 3812 1964 3885">
     <span class='ocr_line' id='line_1_68' title="bbox 380 3812 1964 3885; baseline 0.001 -19"><span class='ocrx_word' id='word_1_461' title='bbox 380 3814 479 3866; x_wconf 69' lang='grc' dir='ltr'><strong>καὶ</strong></span> <span class='ocrx_word' id='word_1_462' title='bbox 525 3815 634 3876; x_wconf 74' lang='grc' dir='ltr'>τοῖς</span> <span class='ocrx_word' id='word_1_463' title='bbox 689 3812 933 3867; x_wconf 76' lang='grc' dir='ltr'>ἐντεῦθεν</span> <span class='ocrx_word' id='word_1_464' title='bbox 977 3813 1249 3885; x_wconf 77' lang='grc' dir='ltr'>ἡδύσμασι</span> <span class='ocrx_word' id='word_1_465' title='bbox 1303 3815 1427 3877; x_wconf 79' lang='grc' dir='ltr'>τοὺς</span> <span class='ocrx_word' id='word_1_466' title='bbox 1478 3815 1702 3877; x_wconf 70' lang='grc' dir='ltr'>πολλοὺς</span> <span class='ocrx_word' id='word_1_467' title='bbox 1748 3815 1964 3869; x_wconf 76' lang='grc' dir='ltr'>ἔπειθεν</span> 
     </span>
    </p>
   </div>
   <div class='ocr_carea' id='block_1_68' title="bbox 378 3905 1962 3977">
    <p class='ocr_par' dir='ltr' id='par_1_68' title="bbox 378 3905 1962 3977">
     <span class='ocr_line' id='line_1_69' title="bbox 378 3905 1962 3977; baseline 0.002 -20"><span class='ocrx_word' id='word_1_468' title='bbox 378 3905 530 3974; x_wconf 79' lang='grc' dir='ltr'>αὐτῷ</span> <span class='ocrx_word' id='word_1_469' title='bbox 561 3905 866 3975; x_wconf 76' lang='grc' dir='ltr'>προσέχειν.</span> <span class='ocrx_word' id='word_1_470' title='bbox 901 3906 1122 3977; x_wconf 73' lang='grc' dir='ltr'>Ἄνδρες</span> <span class='ocrx_word' id='word_1_471' title='bbox 1160 3923 1220 3959; x_wconf 85' lang='grc' dir='ltr'><strong>τε</strong></span> <span class='ocrx_word' id='word_1_472' title='bbox 1246 3905 1397 3974; x_wconf 81' lang='grc' dir='ltr'><strong>παρά</strong></span> <span class='ocrx_word' id='word_1_473' title='bbox 1421 3908 1546 3967; x_wconf 80' lang='grc' dir='ltr'>τοὺς</span> <span class='ocrx_word' id='word_1_474' title='bbox 1567 3907 1763 3969; x_wconf 87' lang='grc' dir='ltr'>πότους</span> <span class='ocrx_word' id='word_1_475' title='bbox 1785 3908 1878 3960; x_wconf 79' lang='grc' dir='ltr'><strong>καὶ</strong></span> <span class='ocrx_word' id='word_1_476' title='bbox 1904 3910 1962 3960; x_wconf 73' lang='grc' dir='ltr'>ιν</span> 
     </span>
    </p>
   </div>
   <div class='ocr_carea' id='block_1_69' title="bbox 377 3997 1960 4069">
    <p class='ocr_par' dir='ltr' id='par_1_69' title="bbox 377 3997 1960 4069">
     <span class='ocr_line' id='line_1_70' title="bbox 377 3997 1960 4069; baseline 0.001 -20"><span class='ocrx_word' id='word_1_477' title='bbox 377 3998 580 4067; x_wconf 75' lang='grc' dir='ltr'>ἔργοις,</span> <span class='ocrx_word' id='word_1_478' title='bbox 606 3999 696 4051; x_wconf 77' lang='grc' dir='ltr'><strong>καὶ</strong></span> <span class='ocrx_word' id='word_1_479' title='bbox 723 4000 976 4066; x_wconf 79' lang='grc' dir='ltr'>γυναῖκες</span> <span class='ocrx_word' id='word_1_480' title='bbox 1004 3999 1155 4069; x_wconf 79' lang='grc' dir='ltr'>παρὰ</span> <span class='ocrx_word' id='word_1_481' title='bbox 1187 4003 1312 4063; x_wconf 81' lang='grc' dir='ltr'>τοὺς</span> <span class='ocrx_word' id='word_1_482' title='bbox 1335 4000 1511 4061; x_wconf 76' lang='grc' dir='ltr'>ἱστοὺς</span> <span class='ocrx_word' id='word_1_483' title='bbox 1532 3998 1600 4050; x_wconf 73' lang='grc' dir='ltr'><strong>τὰ</strong></span> <span class='ocrx_word' id='word_1_484' title='bbox 1623 3997 1787 4051; x_wconf 80' lang='grc' dir='ltr'>αὐτοῦ</span> <span class='ocrx_word' id='word_1_485' title='bbox 1823 3999 1960 4069; x_wconf 83' lang='grc' dir='ltr'>μέλη</span> 
     </span>
    </p>
   </div>
   <div class='ocr_carea' id='block_1_70' title="bbox 375 4088 1960 4159">
    <p class='ocr_par' dir='ltr' id='par_1_70' title="bbox 375 4088 1960 4159">
     <span class='ocr_line' id='line_1_71' title="bbox 375 4088 1960 4159; baseline 0.001 -18"><span class='ocrx_word' id='word_1_486' title='bbox 375 4089 624 4158; x_wconf 69' lang='grc' dir='ltr'>ἔψαλλον.</span> <span class='ocrx_word' id='word_1_487' title='bbox 651 4088 893 4159; x_wconf 82' lang='grc' dir='ltr'>Σπουδῆς</span> <span class='ocrx_word' id='word_1_488' title='bbox 913 4090 1020 4159; x_wconf 81' lang='grc' dir='ltr'>γὰρ</span> <span class='ocrx_word' id='word_1_489' title='bbox 1053 4090 1144 4142; x_wconf 74' lang='grc' dir='ltr'><strong>καὶ</strong></span> <span class='ocrx_word' id='word_1_490' title='bbox 1178 4090 1432 4153; x_wconf 75' lang='grc' dir='ltr'>ἀνέσεως,</span> <span class='ocrx_word' id='word_1_491' title='bbox 1485 4092 1579 4142; x_wconf 72' lang='grc' dir='ltr'><strong>καὶ</strong></span> <span class='ocrx_word' id='word_1_492' title='bbox 1613 4090 1836 4159; x_wconf 78' lang='grc' dir='ltr'>ἑορτῶν,</span> <span class='ocrx_word' id='word_1_493' title='bbox 1865 4091 1960 4144; x_wconf 80' lang='grc' dir='ltr'><strong>καὶ</strong></span> 
     </span>
    </p>
   </div>
   <div class='ocr_carea' id='block_1_71' title="bbox 373 4179 1958 4250">
    <p class='ocr_par' dir='ltr' id='par_1_71' title="bbox 373 4179 1958 4250">
     <span class='ocr_line' id='line_1_72' title="bbox 373 4179 1958 4250; baseline -0.001 -18"><span class='ocrx_word' id='word_1_494' title='bbox 373 4181 484 4232; x_wconf 82' lang='grc' dir='ltr'>τῶν</span> <span class='ocrx_word' id='word_1_495' title='bbox 523 4180 719 4244; x_wconf 65' lang='grc' dir='ltr'>ἄλλων,</span> <span class='ocrx_word' id='word_1_496' title='bbox 750 4180 883 4250; x_wconf 82' lang='grc' dir='ltr'>πρὸς</span> <span class='ocrx_word' id='word_1_497' title='bbox 918 4180 1007 4232; x_wconf 84' lang='grc' dir='ltr'><strong>τὸν</strong></span> <span class='ocrx_word' id='word_1_498' title='bbox 1044 4180 1272 4232; x_wconf 72' lang='grc' dir='ltr'>ἑκάστου</span> <span class='ocrx_word' id='word_1_499' title='bbox 1316 4179 1505 4249; x_wconf 78' lang='grc' dir='ltr'>καιρὸν</span> <span class='ocrx_word' id='word_1_500' title='bbox 1545 4179 1780 4232; x_wconf 82' lang='grc' dir='ltr'>είδύλλια</span> <span class='ocrx_word' id='word_1_501' title='bbox 1811 4179 1958 4249; x_wconf 80' lang='grc' dir='ltr'>αὐτῷ</span> 
     </span>
    </p>
   </div>
   <div class='ocr_carea' id='block_1_72' title="bbox 373 4270 1956 4342">
    <p class='ocr_par' dir='ltr' id='par_1_72' title="bbox 373 4270 1956 4342">
     <span class='ocr_line' id='line_1_73' title="bbox 373 4270 1956 4342; baseline 0 -20"><span class='ocrx_word' id='word_1_502' title='bbox 373 4273 669 4342; x_wconf 86' lang='grc' dir='ltr'>πεπόνητο,</span> <span class='ocrx_word' id='word_1_503' title='bbox 701 4271 876 4325; x_wconf 84' lang='grc' dir='ltr'>πάντα</span> <span class='ocrx_word' id='word_1_504' title='bbox 905 4273 984 4333; x_wconf 80' lang='grc' dir='ltr'><strong>είς</strong></span> <span class='ocrx_word' id='word_1_505' title='bbox 1017 4271 1264 4339; x_wconf 85' lang='grc' dir='ltr'>εὐλογίαν</span> <span class='ocrx_word' id='word_1_506' title='bbox 1298 4270 1434 4323; x_wconf 82' lang='grc' dir='ltr'>Θεοῦ</span> <span class='ocrx_word' id='word_1_507' title='bbox 1466 4270 1730 4323; x_wconf 85' lang='grc' dir='ltr'>τείνοντα.</span> <span class='ocrx_word' id='word_1_508' title='bbox 1755 4270 1956 4324; x_wconf 84' lang='grc' dir='ltr'>Μαθὼν</span> 
     </span>
    </p>
   </div>
   <div class='ocr_carea' id='block_1_73' title="bbox 371 4358 1956 4434">
    <p class='ocr_par' dir='ltr' id='par_1_73' title="bbox 371 4358 1956 4434">
     <span class='ocr_line' id='line_1_74' title="bbox 371 4358 1956 4434; baseline 0.001 -20"><span class='ocrx_word' id='word_1_509' title='bbox 371 4358 466 4416; x_wconf 76' lang='grc' dir='ltr'>οὖν</span> <span class='ocrx_word' id='word_1_510' title='bbox 497 4363 698 4432; x_wconf 86' lang='grc' dir='ltr'>ταύτην</span> <span class='ocrx_word' id='word_1_511' title='bbox 730 4363 827 4434; x_wconf 77' lang='grc' dir='ltr'>τὴν</span> <span class='ocrx_word' id='word_1_512' title='bbox 864 4363 1073 4430; x_wconf 75' lang='grc' dir='ltr'>αἵρεσιν</span> <span class='ocrx_word' id='word_1_513' title='bbox 1122 4363 1200 4427; x_wconf 79' lang='grc' dir='ltr'>εἰς</span> <span class='ocrx_word' id='word_1_514' title='bbox 1241 4362 1466 4425; x_wconf 78' lang='grc' dir='ltr'>πολλοὺς</span> <span class='ocrx_word' id='word_1_515' title='bbox 1512 4362 1698 4432; x_wconf 72' lang='grc' dir='ltr'>ἕρπειν</span> <span class='ocrx_word' id='word_1_516' title='bbox 1739 4362 1956 4434; x_wconf 85' lang='grc' dir='ltr'>πρῶτος</span> 
     </span>
    </p>
   </div>
   <div class='ocr_carea' id='block_1_74' title="bbox 484 4538 1134 4604">
    <p class='ocr_par' dir='ltr' id='par_1_74' title="bbox 484 4538 1134 4604">
     <span class='ocr_line' id='line_1_75' title="bbox 484 4538 1134 4604; baseline -0.003 -12"><span class='ocrx_word' id='word_1_517' title='bbox 484 4543 496 4570; x_wconf 88' lang='grc'>¹</span> <span class='ocrx_word' id='word_1_518' title='bbox 534 4538 692 4595; x_wconf 92' lang='lat' dir='ltr'><strong>Socr.</strong></span> <span class='ocrx_word' id='word_1_519' title='bbox 727 4540 821 4594; x_wconf 90' lang='lat' dir='ltr'><strong>lib.</strong></span> <span class='ocrx_word' id='word_1_520' title='bbox 856 4553 918 4604; x_wconf 87' lang='lat' dir='ltr'><strong>tl,</strong></span> <span class='ocrx_word' id='word_1_521' title='bbox 959 4553 1008 4592; x_wconf 89' lang='lat' dir='ltr'><strong>e.</strong></span> <span class='ocrx_word' id='word_1_522' title='bbox 1045 4539 1134 4592; x_wconf 77' lang='grc'><strong>46.</strong></span> 
     </span>
    </p>
   </div>
   <div class='ocr_carea' id='block_1_75' title="bbox 2079 3177 3649 3248">
    <p class='ocr_par' dir='ltr' id='par_1_75' title="bbox 2079 3177 3649 3248">
     <span class='ocr_line' id='line_1_76' title="bbox 2079 3177 3649 3248; baseline 0.003 -18"><span class='ocrx_word' id='word_1_523' title='bbox 2079 3191 2218 3240; x_wconf 82' lang='lat' dir='ltr'><strong>sus,</strong></span> <span class='ocrx_word' id='word_1_524' title='bbox 2287 3177 2609 3230; x_wconf 90' lang='lat' dir='ltr'><strong>societatem</strong></span> <span class='ocrx_word' id='word_1_525' title='bbox 2669 3189 2721 3232; x_wconf 88' lang='lat' dir='ltr'><strong>et</strong></span> <span class='ocrx_word' id='word_1_526' title='bbox 2783 3177 3080 3232; x_wconf 87' lang='lat' dir='ltr'><strong>amicitiam</strong></span> <span class='ocrx_word' id='word_1_527' title='bbox 3149 3193 3275 3233; x_wconf 90' lang='lat' dir='ltr'><strong>cum</strong></span> <span class='ocrx_word' id='word_1_528' title='bbox 3330 3193 3395 3234; x_wconf 90' lang='lat' dir='ltr'><strong>eo</strong></span> <span class='ocrx_word' id='word_1_529' title='bbox 3444 3179 3649 3248; x_wconf 88' lang='lat' dir='ltr'><strong>junxit.</strong></span> 
     </span>
    </p>
   </div>
   <div class='ocr_carea' id='block_1_76' title="bbox 2073 3267 3650 3340">
    <p class='ocr_par' dir='ltr' id='par_1_76' title="bbox 2073 3267 3650 3340">
     <span class='ocr_line' id='line_1_77' title="bbox 2073 3267 3650 3340; baseline 0.004 -20"><span class='ocrx_word' id='word_1_530' title='bbox 2073 3267 2290 3322; x_wconf 79' lang='lat' dir='ltr'><strong>Abhinc</strong></span> <span class='ocrx_word' id='word_1_531' title='bbox 2330 3267 2384 3322; x_wconf 92' lang='lat' dir='ltr'><strong>in</strong></span> <span class='ocrx_word' id='word_1_532' title='bbox 2419 3269 2546 3323; x_wconf 89' lang='lat' dir='ltr'><strong>aliis</strong></span> <span class='ocrx_word' id='word_1_533' title='bbox 2577 3283 2800 3340; x_wconf 87' lang='lat' dir='ltr'><strong>quoque</strong></span> <span class='ocrx_word' id='word_1_534' title='bbox 2824 3271 3147 3326; x_wconf 79' lang='lat' dir='ltr'><strong>civitatibus</strong></span> <span class='ocrx_word' id='word_1_535' title='bbox 3176 3273 3474 3340; x_wconf 81' lang='lat' dir='ltr'><strong>separatim</strong></span> <span class='ocrx_word' id='word_1_536' title='bbox 3516 3287 3650 3327; x_wconf 83' lang='lat' dir='ltr'><strong>con-</strong></span> 
     </span>
    </p>
   </div>
   <div class='ocr_carea' id='block_1_77' title="bbox 2071 3363 3644 3434">
    <p class='ocr_par' dir='ltr' id='par_1_77' title="bbox 2071 3363 3644 3434">
     <span class='ocr_line' id='line_1_78' title="bbox 2071 3363 3644 3434; baseline 0.005 -21"><span class='ocrx_word' id='word_1_537' title='bbox 2071 3367 2272 3415; x_wconf 86' lang='lat' dir='ltr'><strong>ventus</strong></span> <span class='ocrx_word' id='word_1_538' title='bbox 2321 3375 2484 3430; x_wconf 73' lang='lat' dir='ltr'><strong>agere</strong></span> <span class='ocrx_word' id='word_1_539' title='bbox 2527 3371 2817 3432; x_wconf 70' lang='lat' dir='ltr'><strong>cmpcrunt</strong></span> <span class='ocrx_word' id='word_1_540' title='bbox 2859 3363 2964 3417; x_wconf 90' lang='lat' dir='ltr'><strong>sub</strong></span> <span class='ocrx_word' id='word_1_541' title='bbox 2990 3364 3269 3434; x_wconf 83' lang='lat' dir='ltr'><strong>episcopis</strong></span> <span class='ocrx_word' id='word_1_542' title='bbox 3307 3379 3420 3420; x_wconf 69' lang='lat' dir='ltr'><strong>suae</strong></span> <span class='ocrx_word' id='word_1_543' title='bbox 3458 3373 3644 3429; x_wconf 68' lang='lat' dir='ltr'><strong>sectw,</strong></span> 
     </span>
    </p>
   </div>
   <div class='ocr_carea' id='block_1_78' title="bbox 2070 3450 3644 3525">
    <p class='ocr_par' dir='ltr' id='par_1_78' title="bbox 2070 3450 3644 3525">
     <span class='ocr_line' id='line_1_79' title="bbox 2070 3450 3644 3525; baseline 0.005 -21"><span class='ocrx_word' id='word_1_544' title='bbox 2070 3458 2126 3505; x_wconf 94' lang='lat' dir='ltr'><strong>et</strong></span> <span class='ocrx_word' id='word_1_545' title='bbox 2166 3450 2367 3508; x_wconf 89' lang='lat' dir='ltr'><strong>ritibus</strong></span> <span class='ocrx_word' id='word_1_546' title='bbox 2400 3453 2484 3510; x_wconf 91' lang='lat' dir='ltr'><strong>usi</strong></span> <span class='ocrx_word' id='word_1_547' title='bbox 2517 3463 2648 3509; x_wconf 92' lang='lat' dir='ltr'><strong>sunt</strong></span> <span class='ocrx_word' id='word_1_548' title='bbox 2702 3455 2772 3510; x_wconf 89' lang='lat' dir='ltr'><strong>ab</strong></span> <span class='ocrx_word' id='word_1_549' title='bbox 2805 3454 3072 3525; x_wconf 45' lang='lat' dir='ltr'><strong>.Ecclesia</strong></span> <span class='ocrx_word' id='word_1_550' title='bbox 3105 3457 3378 3512; x_wconf 84' lang='lat' dir='ltr'><strong>catholica</strong></span> <span class='ocrx_word' id='word_1_551' title='bbox 3403 3458 3602 3515; x_wconf 82' lang='lat' dir='ltr'><strong>alienis</strong></span> <span class='ocrx_word' id='word_1_552' title='bbox 3631 3479 3644 3512; x_wconf 89' lang='lat'><strong>:</strong></span> 
     </span>
    </p>
   </div>
   <div class='ocr_carea' id='block_1_79' title="bbox 2071 3545 3643 3616">
    <p class='ocr_par' dir='ltr' id='par_1_79' title="bbox 2071 3545 3643 3616">
     <span class='ocr_line' id='line_1_80' title="bbox 2071 3545 3643 3616; baseline 0.004 -19"><span class='ocrx_word' id='word_1_553' title='bbox 2071 3553 2272 3612; x_wconf 76' lang='lat' dir='ltr'><strong>praeter</strong></span> <span class='ocrx_word' id='word_1_554' title='bbox 2303 3559 2496 3600; x_wconf 85' lang='lat' dir='ltr'><strong>sacros</strong></span> <span class='ocrx_word' id='word_1_555' title='bbox 2530 3545 2765 3616; x_wconf 85' lang='lat' dir='ltr'><strong>hymnos</strong></span> <span class='ocrx_word' id='word_1_556' title='bbox 2791 3548 2886 3616; x_wconf 91' lang='lat' dir='ltr'><strong>qui</strong></span> <span class='ocrx_word' id='word_1_557' title='bbox 2920 3549 2978 3602; x_wconf 93' lang='lat' dir='ltr'><strong>in</strong></span> <span class='ocrx_word' id='word_1_558' title='bbox 3011 3547 3258 3604; x_wconf 82' lang='lat' dir='ltr'><strong>Ecclesia</strong></span> <span class='ocrx_word' id='word_1_559' title='bbox 3290 3550 3413 3604; x_wconf 81' lang='lat' dir='ltr'><strong>cani</strong></span> <span class='ocrx_word' id='word_1_560' title='bbox 3442 3551 3643 3612; x_wconf 83' lang='lat' dir='ltr'><strong>solent.</strong></span> 
     </span>
    </p>
   </div>
   <div class='ocr_carea' id='block_1_80' title="bbox 2068 3636 3648 3713">
    <p class='ocr_par' dir='ltr' id='par_1_80' title="bbox 2068 3636 3648 3713">
     <span class='ocr_line' id='line_1_81' title="bbox 2068 3636 3648 3713; baseline 0.004 -24"><span class='ocrx_word' id='word_1_561' title='bbox 2068 3637 2285 3690; x_wconf 84' lang='lat' dir='ltr'><strong>cantica</strong></span> <span class='ocrx_word' id='word_1_562' title='bbox 2319 3636 2568 3706; x_wconf 71' lang='lat' dir='ltr'><strong>quwdam</strong></span> <span class='ocrx_word' id='word_1_563' title='bbox 2616 3639 2862 3693; x_wconf 88' lang='lat' dir='ltr'><strong>numeris</strong></span> <span class='ocrx_word' id='word_1_564' title='bbox 2907 3638 3136 3694; x_wconf 86' lang='lat' dir='ltr'><strong>astricta</strong></span> <span class='ocrx_word' id='word_1_565' title='bbox 3179 3641 3498 3710; x_wconf 85' lang='lat' dir='ltr'><strong>psallentes,</strong></span> <span class='ocrx_word' id='word_1_566' title='bbox 3527 3657 3648 3713; x_wconf 69' lang='lat' dir='ltr'><strong>quae</strong></span> 
     </span>
    </p>
   </div>
   <div class='ocr_carea' id='block_1_81' title="bbox 2066 3728 3648 3805">
    <p class='ocr_par' dir='ltr' id='par_1_81' title="bbox 2066 3728 3648 3805">
     <span class='ocr_line' id='line_1_82' title="bbox 2066 3728 3648 3805; baseline 0.005 -23"><span class='ocrx_word' id='word_1_567' title='bbox 2066 3728 2136 3782; x_wconf 90' lang='lat' dir='ltr'><strong>ab</strong></span> <span class='ocrx_word' id='word_1_568' title='bbox 2167 3728 2484 3798; x_wconf 87' lang='lat' dir='ltr'><strong>Apollinare</strong></span> <span class='ocrx_word' id='word_1_569' title='bbox 2521 3738 2682 3784; x_wconf 88' lang='lat' dir='ltr'><strong>erant</strong></span> <span class='ocrx_word' id='word_1_570' title='bbox 2716 3730 3050 3800; x_wconf 73' lang='lat' dir='ltr'><strong>excogitata.</strong></span> <span class='ocrx_word' id='word_1_571' title='bbox 3081 3731 3328 3803; x_wconf 82' lang='lat' dir='ltr'><strong>Namque</strong></span> <span class='ocrx_word' id='word_1_572' title='bbox 3361 3734 3478 3799; x_wconf 83' lang='lat' dir='ltr'><strong>hic,</strong></span> <span class='ocrx_word' id='word_1_573' title='bbox 3506 3750 3648 3805; x_wconf 65' lang='lat' dir='ltr'><strong>prae-</strong></span> 
     </span>
    </p>
   </div>
   <div class='ocr_carea' id='block_1_82' title="bbox 2073 3816 3646 3894">
    <p class='ocr_par' dir='ltr' id='par_1_82' title="bbox 2073 3816 3646 3894">
     <span class='ocr_line' id='line_1_83' title="bbox 2073 3816 3646 3894; baseline 0.005 -24"><span class='ocrx_word' id='word_1_574' title='bbox 2073 3823 2161 3871; x_wconf 92' lang='lat' dir='ltr'><strong>ter</strong></span> <span class='ocrx_word' id='word_1_575' title='bbox 2220 3816 2492 3886; x_wconf 91' lang='lat' dir='ltr'><strong>reliquam</strong></span> <span class='ocrx_word' id='word_1_576' title='bbox 2552 3817 2960 3886; x_wconf 86' lang='lat' dir='ltr'><strong>eruditionem,</strong></span> <span class='ocrx_word' id='word_1_577' title='bbox 3013 3821 3260 3891; x_wconf 86' lang='lat' dir='ltr'><strong>poetices</strong></span> <span class='ocrx_word' id='word_1_578' title='bbox 3305 3839 3532 3894; x_wconf 87' lang='lat' dir='ltr'><strong>quoque</strong></span> <span class='ocrx_word' id='word_1_579' title='bbox 3590 3836 3646 3880; x_wconf 89' lang='lat' dir='ltr'><strong>et</strong></span> 
     </span>
    </p>
   </div>
   <div class='ocr_carea' id='block_1_83' title="bbox 2029 3905 3640 3983">
    <p class='ocr_par' dir='ltr' id='par_1_83' title="bbox 2029 3905 3640 3983">
     <span class='ocr_line' id='line_1_84' title="bbox 2029 3905 3640 3983; baseline 0.007 -24"><span class='ocrx_word' id='word_1_580' title='bbox 2029 3937 2038 3945; x_wconf 84' lang='lat'><strong>-</strong></span> <span class='ocrx_word' id='word_1_581' title='bbox 2065 3905 2248 3962; x_wconf 87' lang='lat' dir='ltr'><strong>omnis</strong></span> <span class='ocrx_word' id='word_1_582' title='bbox 2279 3907 2501 3977; x_wconf 69' lang='lat' dir='ltr'><strong>generis</strong></span> <span class='ocrx_word' id='word_1_583' title='bbox 2534 3909 2845 3963; x_wconf 85' lang='lat' dir='ltr'><strong>carminum</strong></span> <span class='ocrx_word' id='word_1_584' title='bbox 2886 3923 3111 3979; x_wconf 75' lang='lat' dir='ltr'><strong>gnarus,</strong></span> <span class='ocrx_word' id='word_1_585' title='bbox 3147 3913 3336 3968; x_wconf 86' lang='lat' dir='ltr'><strong>multis</strong></span> <span class='ocrx_word' id='word_1_586' title='bbox 3366 3915 3640 3983; x_wconf 88' lang='lat' dir='ltr'><strong>ejusmodi</strong></span> 
     </span>
    </p>
   </div>
   <div class='ocr_carea' id='block_1_84' title="bbox 2063 4001 3638 4078">
    <p class='ocr_par' dir='ltr' id='par_1_84' title="bbox 2063 4001 3638 4078">
     <span class='ocr_line' id='line_1_85' title="bbox 2063 4001 3638 4078; baseline 0.004 -23"><span class='ocrx_word' id='word_1_587' title='bbox 2063 4001 2472 4057; x_wconf 88' lang='lat' dir='ltr'><strong>oblectamento</strong></span> <span class='ocrx_word' id='word_1_588' title='bbox 2497 4003 2694 4070; x_wconf 87' lang='lat' dir='ltr'><strong>captis.</strong></span> <span class='ocrx_word' id='word_1_589' title='bbox 2731 4012 2792 4058; x_wconf 86' lang='lat' dir='ltr'><strong>ut</strong></span> <span class='ocrx_word' id='word_1_590' title='bbox 2827 4003 2929 4073; x_wconf 89' lang='lat' dir='ltr'><strong>ipsi</strong></span> <span class='ocrx_word' id='word_1_591' title='bbox 2957 4005 3301 4062; x_wconf 72' lang='lat' dir='ltr'><strong>adhaerereut</strong></span> <span class='ocrx_word' id='word_1_592' title='bbox 3331 4011 3638 4078; x_wconf 82' lang='lat' dir='ltr'><strong>persuasit,-</strong></span> 
     </span>
    </p>
   </div>
   <div class='ocr_carea' id='block_1_85' title="bbox 2064 4090 3635 4165">
    <p class='ocr_par' dir='ltr' id='par_1_85' title="bbox 2064 4090 3635 4165">
     <span class='ocr_line' id='line_1_86' title="bbox 2064 4090 3635 4165; baseline 0.004 -21"><span class='ocrx_word' id='word_1_593' title='bbox 2064 4090 2300 4160; x_wconf 90' lang='lat' dir='ltr'><strong>denique</strong></span> <span class='ocrx_word' id='word_1_594' title='bbox 2324 4091 2425 4145; x_wconf 91' lang='lat' dir='ltr'><strong>viri</strong></span> <span class='ocrx_word' id='word_1_595' title='bbox 2459 4091 2514 4144; x_wconf 91' lang='lat' dir='ltr'><strong>in</strong></span> <span class='ocrx_word' id='word_1_596' title='bbox 2561 4093 2855 4154; x_wconf 83' lang='lat' dir='ltr'><strong>conviviis,</strong></span> <span class='ocrx_word' id='word_1_597' title='bbox 2887 4102 2941 4147; x_wconf 89' lang='lat' dir='ltr'><strong>et</strong></span> <span class='ocrx_word' id='word_1_598' title='bbox 2987 4094 3115 4148; x_wconf 91' lang='lat' dir='ltr'><strong>dum</strong></span> <span class='ocrx_word' id='word_1_599' title='bbox 3161 4111 3300 4165; x_wconf 86' lang='lat' dir='ltr'><strong>opus</strong></span> <span class='ocrx_word' id='word_1_600' title='bbox 3364 4097 3635 4161; x_wconf 76' lang='lat' dir='ltr'><strong>facerent,</strong></span> 
     </span>
    </p>
   </div>
   <div class='ocr_carea' id='block_1_86' title="bbox 2062 4181 3638 4258">
    <p class='ocr_par' dir='ltr' id='par_1_86' title="bbox 2062 4181 3638 4258">
     <span class='ocr_line' id='line_1_87' title="bbox 2062 4181 3638 4258; baseline 0.006 -26"><span class='ocrx_word' id='word_1_601' title='bbox 2062 4181 2322 4235; x_wconf 81' lang='lat' dir='ltr'><strong>mulieres</strong></span> <span class='ocrx_word' id='word_1_602' title='bbox 2352 4195 2481 4234; x_wconf 86' lang='lat' dir='ltr'><strong>vero</strong></span> <span class='ocrx_word' id='word_1_603' title='bbox 2523 4182 2668 4236; x_wconf 87' lang='lat' dir='ltr'><strong>inter</strong></span> <span class='ocrx_word' id='word_1_604' title='bbox 2690 4183 2986 4237; x_wconf 68' lang='lat' dir='ltr'><strong>terendum</strong></span> <span class='ocrx_word' id='word_1_605' title='bbox 3040 4185 3258 4240; x_wconf 86' lang='lat' dir='ltr'><strong>cantica</strong></span> <span class='ocrx_word' id='word_1_606' title='bbox 3285 4187 3407 4256; x_wconf 88' lang='lat' dir='ltr'><strong>ejus</strong></span> <span class='ocrx_word' id='word_1_607' title='bbox 3439 4189 3638 4258; x_wconf 79' lang='lat' dir='ltr'><strong>psalle-</strong></span> 
     </span>
    </p>
   </div>
   <div class='ocr_carea' id='block_1_87' title="bbox 2061 4271 3633 4349">
    <p class='ocr_par' dir='ltr' id='par_1_87' title="bbox 2061 4271 3633 4349">
     <span class='ocr_line' id='line_1_88' title="bbox 2061 4271 3633 4349; baseline 0.006 -24"><span class='ocrx_word' id='word_1_608' title='bbox 2061 4271 2213 4329; x_wconf 90' lang='lat' dir='ltr'><strong>hant.</strong></span> <span class='ocrx_word' id='word_1_609' title='bbox 2251 4271 2463 4328; x_wconf 82' lang='lat' dir='ltr'><strong>Etenim</strong></span> <span class='ocrx_word' id='word_1_610' title='bbox 2501 4286 2602 4342; x_wconf 90' lang='lat' dir='ltr'><strong>pro</strong></span> <span class='ocrx_word' id='word_1_611' title='bbox 2651 4271 2842 4329; x_wconf 88' lang='lat' dir='ltr'><strong>labore</strong></span> <span class='ocrx_word' id='word_1_612' title='bbox 2889 4285 3055 4345; x_wconf 88' lang='lat' dir='ltr'><strong>atque</strong></span> <span class='ocrx_word' id='word_1_613' title='bbox 3099 4277 3237 4341; x_wconf 92' lang='lat' dir='ltr'><strong>otio,</strong></span> <span class='ocrx_word' id='word_1_614' title='bbox 3295 4294 3395 4349; x_wconf 88' lang='lat' dir='ltr'><strong>pro</strong></span> <span class='ocrx_word' id='word_1_615' title='bbox 3439 4280 3633 4335; x_wconf 72' lang='lat' dir='ltr'><strong>diebus</strong></span> 
     </span>
    </p>
   </div>
   <div class='ocr_carea' id='block_1_88' title="bbox 2059 4361 3632 4440">
    <p class='ocr_par' dir='ltr' id='par_1_88' title="bbox 2059 4361 3632 4440">
     <span class='ocr_line' id='line_1_89' title="bbox 2059 4361 3632 4440; baseline 0.004 -23"><span class='ocrx_word' id='word_1_616' title='bbox 2059 4362 2219 4418; x_wconf 76' lang='lat' dir='ltr'><strong>festis</strong></span> <span class='ocrx_word' id='word_1_617' title='bbox 2249 4377 2312 4418; x_wconf 90' lang='lat' dir='ltr'><strong>ac</strong></span> <span class='ocrx_word' id='word_1_618' title='bbox 2340 4361 2569 4433; x_wconf 88' lang='lat' dir='ltr'><strong>reliquis</strong></span> <span class='ocrx_word' id='word_1_619' title='bbox 2595 4363 2876 4428; x_wconf 86' lang='lat' dir='ltr'><strong>omnibus,</strong></span> <span class='ocrx_word' id='word_1_620' title='bbox 2911 4364 3098 4420; x_wconf 85' lang='lat' dir='ltr'><strong>brevia</strong></span> <span class='ocrx_word' id='word_1_621' title='bbox 3129 4367 3376 4436; x_wconf 61' lang='lat' dir='ltr'><strong>quaedam</strong></span> <span class='ocrx_word' id='word_1_622' title='bbox 3406 4383 3632 4440; x_wconf 79' lang='lat' dir='ltr'><strong>catapo-</strong></span> 
     </span>
    </p>
   </div>
   <div class='ocr_carea' id='block_1_89' title="bbox 1573 4688 2435 4747">
    <p class='ocr_par' dir='ltr' id='par_1_89' title="bbox 1573 4688 2435 4747">
     <span class='ocr_line' id='line_1_90' title="bbox 1573 4688 2435 4747; baseline -0.003 -1"><span class='ocrx_word' id='word_1_623' title='bbox 1573 4690 1842 4746; x_wconf 79' lang='lat' dir='ltr'><strong>VALESII</strong></span> <span class='ocrx_word' id='word_1_624' title='bbox 1879 4688 2435 4747; x_wconf 77' lang='lat' dir='ltr'><strong>ANNOTATIONES.</strong></span> 
     </span>
    </p>
   </div>
   <div class='ocr_carea' id='block_1_90' title="bbox 365 4867 1969 4942">
    <p class='ocr_par' dir='ltr' id='par_1_90' title="bbox 365 4867 1942 4942">
     <span class='ocr_line' id='line_1_91' title="bbox 365 4867 1942 4942; baseline -0.001 -18"><span class='ocrx_word' id='word_1_625' title='bbox 365 4871 578 4925; x_wconf 85' lang='lat' dir='ltr'><strong>dictum</strong></span> <span class='ocrx_word' id='word_1_626' title='bbox 607 4869 990 4942; x_wconf 70' lang='lat' dir='ltr'><strong>estCosiaium</strong></span> <span class='ocrx_word' id='word_1_627' title='bbox 1023 4889 1036 4924; x_wconf 89' lang='lat'><strong>:</strong></span> <span class='ocrx_word' id='word_1_628' title='bbox 1067 4870 1292 4942; x_wconf 69' lang='lat' dir='ltr'><strong>tandem</strong></span> <span class='ocrx_word' id='word_1_629' title='bbox 1332 4875 1542 4942; x_wconf 87' lang='lat' dir='ltr'><strong>mutata</strong></span> <span class='ocrx_word' id='word_1_630' title='bbox 1597 4869 1802 4942; x_wconf 88' lang='lat' dir='ltr'><strong>littera,</strong></span> <span class='ocrx_word' id='word_1_631' title='bbox 1839 4867 1942 4942; x_wconf 78' lang='lat' dir='ltr'><strong>C9-</strong></span> 
     </span>
    </p>
   </div>
   <div class='ocr_carea' id='block_1_91' title="bbox 2075 4867 3632 4942">
    <p class='ocr_par' dir='ltr' id='par_1_91' title="bbox 2075 4867 3632 4942">
     <span class='ocr_line' id='line_1_92' title="bbox 2075 4867 3632 4942; baseline 0.004 -20"><span class='ocrx_word' id='word_1_632' title='bbox 2075 4867 2175 4942; x_wconf 67' lang='grc' dir='ltr'>ιερὶ</span> <span class='ocrx_word' id='word_1_633' title='bbox 2215 4867 2578 4942; x_wconf 9' lang='grc' dir='ltr'>παντοδαπῆς,</span> <span class='ocrx_word' id='word_1_634' title='bbox 2605 4867 2759 4939; x_wconf 72' lang='grc' dir='ltr'>ὕλης,</span> <span class='ocrx_word' id='word_1_635' title='bbox 2805 4880 2860 4923; x_wconf 91' lang='lat' dir='ltr'><strong>ut</strong></span> <span class='ocrx_word' id='word_1_636' title='bbox 2888 4869 3051 4942; x_wconf 69' lang='lat' dir='ltr'><strong>refert</strong></span> <span class='ocrx_word' id='word_1_637' title='bbox 3083 4868 3393 4942; x_wconf 77' lang='lat' dir='ltr'><strong>Stephanus</strong></span> <span class='ocrx_word' id='word_1_638' title='bbox 3424 4871 3632 4942; x_wconf 82' lang='lat' dir='ltr'><strong>Byzan-</strong></span> 
     </span>
    </p>
   </div>
   <div class='ocr_carea' id='block_1_92' title="bbox 365 4938 1940 5009">
    <p class='ocr_par' dir='ltr' id='par_1_92' title="bbox 365 4938 1940 5009">
     <span class='ocr_line' id='line_1_93' title="bbox 365 4938 1940 5009; baseline -0.001 -16"><span class='ocrx_word' id='word_1_639' title='bbox 365 4942 586 4994; x_wconf 84' lang='lat' dir='ltr'><strong>tiaium.</strong></span> <span class='ocrx_word' id='word_1_640' title='bbox 610 4939 676 4993; x_wconf 91' lang='lat' dir='ltr'><strong>Et</strong></span> <span class='ocrx_word' id='word_1_641' title='bbox 702 4941 776 4995; x_wconf 86' lang='lat' dir='ltr'><strong>ita</strong></span> <span class='ocrx_word' id='word_1_642' title='bbox 811 4939 1031 5006; x_wconf 85' lang='lat' dir='ltr'><strong>quidem</strong></span> <span class='ocrx_word' id='word_1_643' title='bbox 1063 4938 1398 5009; x_wconf 85' lang='lat' dir='ltr'><strong>Stephanus,</strong></span> <span class='ocrx_word' id='word_1_644' title='bbox 1426 4941 1518 5007; x_wconf 89' lang='lat' dir='ltr'><strong>qui</strong></span> <span class='ocrx_word' id='word_1_645' title='bbox 1548 4958 1577 4993; x_wconf 89' lang='grc' dir='ltr'><strong>υ</strong></span> <span class='ocrx_word' id='word_1_646' title='bbox 1609 4941 1662 4993; x_wconf 91' lang='lat' dir='ltr'><strong>in</strong></span> <span class='ocrx_word' id='word_1_647' title='bbox 1696 4939 1940 5009; x_wconf 84' lang='lat' dir='ltr'><strong>secunda</strong></span> 
     </span>
    </p>
   </div>
   <div class='ocr_carea' id='block_1_93' title="bbox 365 5008 1941 5080">
    <p class='ocr_par' dir='ltr' id='par_1_93' title="bbox 365 5008 1941 5080">
     <span class='ocr_line' id='line_1_94' title="bbox 365 5008 1941 5080; baseline -0.001 -16"><span class='ocrx_word' id='word_1_648' title='bbox 365 5011 576 5080; x_wconf 79' lang='lat' dir='ltr'><strong>syllaba</strong></span> <span class='ocrx_word' id='word_1_649' title='bbox 604 5010 766 5078; x_wconf 86' lang='lat' dir='ltr'><strong>hujus</strong></span> <span class='ocrx_word' id='word_1_650' title='bbox 797 5011 983 5080; x_wconf 80' lang='lat' dir='ltr'><strong>oppidi</strong></span> <span class='ocrx_word' id='word_1_651' title='bbox 1009 5025 1120 5064; x_wconf 87' lang='lat' dir='ltr'><strong>non</strong></span> <span class='ocrx_word' id='word_1_652' title='bbox 1156 5008 1422 5079; x_wconf 78' lang='lat' dir='ltr'><strong>agnoscit.</strong></span> <span class='ocrx_word' id='word_1_653' title='bbox 1455 5009 1530 5064; x_wconf 73' lang='lat' dir='ltr'><strong>Ex</strong></span> <span class='ocrx_word' id='word_1_654' title='bbox 1563 5011 1666 5065; x_wconf 90' lang='lat' dir='ltr'><strong>hoc</strong></span> <span class='ocrx_word' id='word_1_655' title='bbox 1694 5008 1941 5079; x_wconf 63' lang='lat' dir='ltr'><strong>Phrygiae</strong></span> 
     </span>
    </p>
   </div>
   <div class='ocr_carea' id='block_1_94' title="bbox 364 5080 1937 5151">
    <p class='ocr_par' dir='ltr' id='par_1_94' title="bbox 364 5080 1937 5151">
     <span class='ocr_line' id='line_1_95' title="bbox 364 5080 1937 5151; baseline 0.001 -19"><span class='ocrx_word' id='word_1_656' title='bbox 364 5082 568 5148; x_wconf 80' lang='lat' dir='ltr'><strong>Oppido</strong></span> <span class='ocrx_word' id='word_1_657' title='bbox 599 5091 756 5135; x_wconf 89' lang='lat' dir='ltr'><strong>ortus</strong></span> <span class='ocrx_word' id='word_1_658' title='bbox 802 5092 884 5134; x_wconf 80' lang='lat' dir='ltr'><strong>est</strong></span> <span class='ocrx_word' id='word_1_659' title='bbox 910 5080 1218 5151; x_wconf 81' lang='lat' dir='ltr'><strong>Alexander</strong></span> <span class='ocrx_word' id='word_1_660' title='bbox 1255 5081 1490 5150; x_wconf 72' lang='lat' dir='ltr'><strong>insignis</strong></span> <span class='ocrx_word' id='word_1_661' title='bbox 1521 5084 1937 5151; x_wconf 80' lang='lat' dir='ltr'><strong>grammaticus,</strong></span> 
     </span>
    </p>
   </div>
   <div class='ocr_carea' id='block_1_95' title="bbox 362 5150 1936 5221">
    <p class='ocr_par' dir='ltr' id='par_1_95' title="bbox 362 5150 1936 5221">
     <span class='ocr_line' id='line_1_96' title="bbox 362 5150 1936 5221; baseline 0.001 -18"><span class='ocrx_word' id='word_1_662' title='bbox 362 5151 708 5218; x_wconf 81' lang='lat' dir='ltr'><strong>Asclepiadis</strong></span> <span class='ocrx_word' id='word_1_663' title='bbox 751 5153 916 5215; x_wconf 75' lang='lat' dir='ltr'><strong>(ilius,</strong></span> <span class='ocrx_word' id='word_1_664' title='bbox 960 5151 1053 5220; x_wconf 89' lang='lat' dir='ltr'><strong>qui</strong></span> <span class='ocrx_word' id='word_1_665' title='bbox 1081 5150 1148 5204; x_wconf 89' lang='lat' dir='ltr'><strong>de</strong></span> <span class='ocrx_word' id='word_1_666' title='bbox 1181 5152 1348 5204; x_wconf 82' lang='lat' dir='ltr'><strong>variis</strong></span> <span class='ocrx_word' id='word_1_667' title='bbox 1388 5150 1726 5221; x_wconf 78' lang='lat' dir='ltr'><strong>argumentis</strong></span> <span class='ocrx_word' id='word_1_668' title='bbox 1765 5151 1936 5217; x_wconf 70' lang='lat' dir='ltr'><strong>libros</strong></span> 
     </span>
    </p>
   </div>
   <div class='ocr_carea' id='block_1_96' title="bbox 363 5221 1935 5292">
    <p class='ocr_par' dir='ltr' id='par_1_96' title="bbox 363 5221 1935 5292">
     <span class='ocr_line' id='line_1_97' title="bbox 363 5221 1935 5292; baseline 0.001 -19"><span class='ocrx_word' id='word_1_669' title='bbox 363 5221 730 5291; x_wconf 75' lang='lat' dir='ltr'><strong>quadraginta</strong></span> <span class='ocrx_word' id='word_1_670' title='bbox 747 5223 887 5276; x_wconf 89' lang='lat' dir='ltr'><strong>duos</strong></span> <span class='ocrx_word' id='word_1_671' title='bbox 914 5221 1250 5292; x_wconf 88' lang='lat' dir='ltr'><strong>conscripsit</strong></span> <span class='ocrx_word' id='word_1_672' title='bbox 1277 5222 1377 5276; x_wconf 88' lang='lat' dir='ltr'><strong>hoc</strong></span> <span class='ocrx_word' id='word_1_673' title='bbox 1400 5223 1553 5276; x_wconf 81' lang='lat' dir='ltr'><strong>titulo</strong></span> <span class='ocrx_word' id='word_1_674' title='bbox 1581 5231 1935 5292; x_wconf 68' lang='lat' dir='ltr'><strong>praenotatos,</strong></span> 
     </span>
    </p>
   </div>
   <div class='ocr_carea' id='block_1_97' title="bbox 2050 4938 3628 5008">
    <p class='ocr_par' dir='ltr' id='par_1_97' title="bbox 2050 4938 3628 5008">
     <span class='ocr_line' id='line_1_98' title="bbox 2050 4938 3628 5008; baseline 0.003 -15"><span class='ocrx_word' id='word_1_675' title='bbox 2050 4940 2179 4994; x_wconf 91' lang='lat' dir='ltr'><strong>tius.</strong></span> <span class='ocrx_word' id='word_1_676' title='bbox 2215 4938 2273 4992; x_wconf 87' lang='lat' dir='ltr'><strong>In</strong></span> <span class='ocrx_word' id='word_1_677' title='bbox 2307 4939 2426 5008; x_wconf 85' lang='lat' dir='ltr'><strong>ejus</strong></span> <span class='ocrx_word' id='word_1_678' title='bbox 2459 4939 2675 4994; x_wconf 84' lang='lat' dir='ltr'><strong>laudem</strong></span> <span class='ocrx_word' id='word_1_679' title='bbox 2697 4938 2972 4995; x_wconf 76' lang='lat' dir='ltr'><strong>Aristides</strong></span> <span class='ocrx_word' id='word_1_680' title='bbox 3000 4940 3316 4996; x_wconf 85' lang='lat' dir='ltr'><strong>Orationem</strong></span> <span class='ocrx_word' id='word_1_681' title='bbox 3347 4938 3628 4998; x_wconf 78' lang='lat' dir='ltr'><strong>funebrem</strong></span> 
     </span>
    </p>
   </div>
   <div class='ocr_carea' id='block_1_98' title="bbox 2048 5009 3626 5079">
    <p class='ocr_par' dir='ltr' id='par_1_98' title="bbox 2048 5009 3626 5079">
     <span class='ocr_line' id='line_1_99' title="bbox 2048 5009 3626 5079; baseline 0.003 -16"><span class='ocrx_word' id='word_1_682' title='bbox 2048 5009 2294 5078; x_wconf 88' lang='lat' dir='ltr'><strong>scripsit,</strong></span> <span class='ocrx_word' id='word_1_683' title='bbox 2349 5024 2472 5079; x_wconf 70' lang='lat' dir='ltr'><strong>qua}</strong></span> <span class='ocrx_word' id='word_1_684' title='bbox 2528 5011 2688 5064; x_wconf 87' lang='lat' dir='ltr'><strong>hodie</strong></span> <span class='ocrx_word' id='word_1_685' title='bbox 2712 5019 2891 5065; x_wconf 81' lang='lat' dir='ltr'><strong>exstat</strong></span> <span class='ocrx_word' id='word_1_686' title='bbox 2937 5027 3061 5064; x_wconf 83' lang='lat' dir='ltr'><strong>cum</strong></span> <span class='ocrx_word' id='word_1_687' title='bbox 3095 5013 3327 5079; x_wconf 83' lang='lat' dir='ltr'><strong>epistola</strong></span> <span class='ocrx_word' id='word_1_688' title='bbox 3379 5013 3626 5079; x_wconf 63' lang='lat' dir='ltr'><strong>ejusdem</strong></span> 
     </span>
    </p>
   </div>
   <div class='ocr_carea' id='block_1_99' title="bbox 2047 5077 3628 5151">
    <p class='ocr_par' dir='ltr' id='par_1_99' title="bbox 2047 5077 3628 5151">
     <span class='ocr_line' id='line_1_100' title="bbox 2047 5077 3628 5151; baseline 0.001 -18"><span class='ocrx_word' id='word_1_689' title='bbox 2047 5077 2318 5151; x_wconf 1' lang='lat' dir='ltr'><strong>Aristidis,</strong></span> <span class='ocrx_word' id='word_1_690' title='bbox 2338 5077 2404 5133; x_wconf 80' lang='lat' dir='ltr'><strong>atl</strong></span> <span class='ocrx_word' id='word_1_691' title='bbox 2442 5077 2703 5151; x_wconf 83' lang='lat' dir='ltr'><strong>Senatum</strong></span> <span class='ocrx_word' id='word_1_692' title='bbox 2723 5091 2775 5134; x_wconf 89' lang='lat' dir='ltr'><strong>et</strong></span> <span class='ocrx_word' id='word_1_693' title='bbox 2801 5083 3058 5151; x_wconf 86' lang='lat' dir='ltr'><strong>populum</strong></span> <span class='ocrx_word' id='word_1_694' title='bbox 3087 5077 3502 5151; x_wconf 66' lang='lat' dir='ltr'><strong>Cbtyaensinm.</strong></span> <span class='ocrx_word' id='word_1_695' title='bbox 3535 5082 3628 5137; x_wconf 83' lang='lat' dir='ltr'><strong>Ti-</strong></span> 
     </span>
    </p>
   </div>
   <div class='ocr_carea' id='block_1_100' title="bbox 2044 5150 3628 5224">
    <p class='ocr_par' dir='ltr' id='par_1_100' title="bbox 2044 5150 3628 5224">
     <span class='ocr_line' id='line_1_101' title="bbox 2044 5150 3628 5224; baseline 0.003 -22"><span class='ocrx_word' id='word_1_696' title='bbox 2044 5151 2196 5224; x_wconf 59' lang='lat' dir='ltr'><strong>tulus</strong></span> <span class='ocrx_word' id='word_1_697' title='bbox 2239 5150 2489 5224; x_wconf 68' lang='lat' dir='ltr'><strong>epistolae</strong></span> <span class='ocrx_word' id='word_1_698' title='bbox 2518 5150 2606 5224; x_wconf 79' lang='lat' dir='ltr'><strong>hic</strong></span> <span class='ocrx_word' id='word_1_699' title='bbox 2639 5161 2758 5224; x_wconf 75' lang='lat' dir='ltr'><strong>est:</strong></span> <span class='ocrx_word' id='word_1_700' title='bbox 2821 5150 3154 5223; x_wconf 81' lang='grc' dir='ltr'>Ἀριστείδης</span> <span class='ocrx_word' id='word_1_701' title='bbox 3197 5150 3266 5224; x_wconf 77' lang='grc' dir='ltr'>τῇ</span> <span class='ocrx_word' id='word_1_702' title='bbox 3321 5151 3486 5223; x_wconf 76' lang='grc' dir='ltr'>βουλῇ</span> <span class='ocrx_word' id='word_1_703' title='bbox 3535 5154 3628 5206; x_wconf 84' lang='grc' dir='ltr'><strong>καί</strong></span> 
     </span>
    </p>
   </div>
   <div class='ocr_carea' id='block_1_101' title="bbox 2041 5218 2867 5291">
    <p class='ocr_par' dir='ltr' id='par_1_101' title="bbox 2041 5218 2867 5291">
     <span class='ocr_line' id='line_1_102' title="bbox 2041 5218 2867 5291; baseline 0.001 -18"><span class='ocrx_word' id='word_1_704' title='bbox 2041 5218 2122 5291; x_wconf 81' lang='grc' dir='ltr'><strong>τῷ</strong></span> <span class='ocrx_word' id='word_1_705' title='bbox 2144 5219 2298 5291; x_wconf 81' lang='grc' dir='ltr'>δήμῳ</span> <span class='ocrx_word' id='word_1_706' title='bbox 2318 5219 2609 5273; x_wconf 81' lang='grc' dir='ltr'>Κοτυαέων</span> <span class='ocrx_word' id='word_1_707' title='bbox 2637 5221 2867 5290; x_wconf 84' lang='grc' dir='ltr'>χαίρειν.</span> 
     </span>
    </p>
   </div>
   <div class='ocr_carea' id='block_1_102' title="bbox 1811 5397 2198 5455">
    <p class='ocr_par' dir='ltr' id='par_1_102' title="bbox 1811 5397 2198 5455">
     <span class='ocr_line' id='line_1_103' title="bbox 1811 5397 2198 5455; baseline 0.01 -4"><span class='ocrx_word' id='word_1_708' title='bbox 1811 5397 2198 5455; x_wconf 72' lang='lat' dir='ltr'><strong>V&#39;ARlORUM.</strong></span> 
     </span>
    </p>
   </div>
   <div class='ocr_carea' id='block_1_103' title="bbox 437 5571 1942 5644">
    <p class='ocr_par' dir='ltr' id='par_1_103' title="bbox 437 5571 1942 5644">
     <span class='ocr_line' id='line_1_104' title="bbox 437 5571 1942 5644; baseline 0.003 -20"><span class='ocrx_word' id='word_1_709' title='bbox 437 5581 464 5608; x_wconf 74' lang='grc' dir='ltr'><strong><em>ι</em></strong></span> <span class='ocrx_word' id='word_1_710' title='bbox 515 5571 811 5636; x_wconf 56' lang='lat' dir='ltr'><strong>Bird/ttae.</strong></span> <span class='ocrx_word' id='word_1_711' title='bbox 852 5573 972 5644; x_wconf 79' lang='grc' dir='ltr'><strong>Ἐπὶ</strong></span> <span class='ocrx_word' id='word_1_712' title='bbox 1019 5573 1117 5640; x_wconf 81' lang='grc' dir='ltr'><strong>τῆς</strong></span> <span class='ocrx_word' id='word_1_713' title='bbox 1185 5574 1501 5642; x_wconf 74' lang='grc' dir='ltr'>Ἀντιοχέων</span> <span class='ocrx_word' id='word_1_714' title='bbox 1553 5574 1833 5644; x_wconf 78' lang='grc' dir='ltr'>γενόμενοι</span> <span class='ocrx_word' id='word_1_715' title='bbox 1890 5604 1942 5613; x_wconf 91' lang='grc'><strong><em>-</em></strong></span> 
     </span>
    </p>
   </div>
   <div class='ocr_carea' id='block_1_104' title="bbox 359 5641 1941 5710">
    <p class='ocr_par' dir='ltr' id='par_1_104' title="bbox 359 5641 1941 5710">
     <span class='ocr_line' id='line_1_105' title="bbox 359 5641 1941 5710; baseline 0.002 -17"><span class='ocrx_word' id='word_1_716' title='bbox 359 5641 502 5698; x_wconf 86' lang='lat' dir='ltr'><strong>Cum</strong></span> <span class='ocrx_word' id='word_1_717' title='bbox 566 5658 799 5696; x_wconf 76' lang='lat' dir='ltr'><strong>essemus</strong></span> <span class='ocrx_word' id='word_1_718' title='bbox 864 5643 1177 5706; x_wconf 63' lang='lat' dir='ltr'><strong>Antiochia},</strong></span> <span class='ocrx_word' id='word_1_719' title='bbox 1244 5645 1300 5695; x_wconf 80' lang='lat' dir='ltr'><strong>in</strong></span> <span class='ocrx_word' id='word_1_720' title='bbox 1363 5641 1941 5710; x_wconf 24' lang='lat' dir='ltr'><strong>primarios‘illorum</strong></span> 
     </span>
    </p>
   </div>
   <div class='ocr_carea' id='block_1_105' title="bbox 358 5711 1942 5786">
    <p class='ocr_par' dir='ltr' id='par_1_105' title="bbox 358 5711 1942 5786">
     <span class='ocr_line' id='line_1_106' title="bbox 358 5711 1942 5786; baseline 0.003 -23"><span class='ocrx_word' id='word_1_721' title='bbox 358 5711 827 5786; x_wconf 69' lang='lat' dir='ltr'><strong>[Ditnmritarum]</strong></span> <span class='ocrx_word' id='word_1_722' title='bbox 872 5713 1172 5773; x_wconf 77' lang='lat' dir='ltr'><strong>incidimus.</strong></span> <span class='ocrx_word' id='word_1_723' title='bbox 1215 5713 1381 5786; x_wconf 59' lang='lat' dir='ltr'><strong>inter</strong></span> <span class='ocrx_word' id='word_1_724' title='bbox 1409 5730 1536 5781; x_wconf 80' lang='lat' dir='ltr'><strong>quos</strong></span> <span class='ocrx_word' id='word_1_725' title='bbox 1580 5724 1714 5786; x_wconf 78' lang='lat' dir='ltr'><strong>erat</strong></span> <span class='ocrx_word' id='word_1_726' title='bbox 1753 5715 1942 5768; x_wconf 78' lang='lat' dir='ltr'><strong>Vitatis</strong></span> 
     </span>
    </p>
   </div>
   <div class='ocr_carea' id='block_1_106' title="bbox 355 5784 1933 5855">
    <p class='ocr_par' dir='ltr' id='par_1_106' title="bbox 355 5784 1933 5855">
     <span class='ocr_line' id='line_1_107' title="bbox 355 5784 1933 5855; baseline 0.001 -17"><span class='ocrx_word' id='word_1_727' title='bbox 355 5784 658 5853; x_wconf 63' lang='lat' dir='ltr'><strong>Episcopus,</strong></span> <span class='ocrx_word' id='word_1_728' title='bbox 682 5784 832 5838; x_wconf 82' lang='lat' dir='ltr'><strong>homo</strong></span> <span class='ocrx_word' id='word_1_729' title='bbox 857 5786 981 5849; x_wconf 73' lang='lat' dir='ltr'><strong>vita,</strong></span> <span class='ocrx_word' id='word_1_730' title='bbox 1007 5786 1260 5850; x_wconf 64' lang='lat' dir='ltr'><strong>maribus,</strong></span> <span class='ocrx_word' id='word_1_731' title='bbox 1283 5794 1330 5836; x_wconf 84' lang='lat' dir='ltr'><strong>et</strong></span> <span class='ocrx_word' id='word_1_732' title='bbox 1367 5784 1610 5838; x_wconf 80' lang='lat' dir='ltr'><strong>instituto</strong></span> <span class='ocrx_word' id='word_1_733' title='bbox 1644 5785 1933 5855; x_wconf 65' lang='lat' dir='ltr'><strong>t&#39;eligiasis-</strong></span> 
     </span>
    </p>
   </div>
   <div class='ocr_carea' id='block_1_107' title="bbox 2050 5575 3622 5646">
    <p class='ocr_par' dir='ltr' id='par_1_107' title="bbox 2050 5575 3622 5646">
     <span class='ocr_line' id='line_1_108' title="bbox 2050 5575 3622 5646; baseline 0.001 -18"><span class='ocrx_word' id='word_1_734' title='bbox 2050 5577 2238 5630; x_wconf 80' lang='lat' dir='ltr'><strong>simus.</strong></span> <span class='ocrx_word' id='word_1_735' title='bbox 2267 5577 2343 5628; x_wconf 85' lang='lat' dir='ltr'><strong>Ac</strong></span> <span class='ocrx_word' id='word_1_736' title='bbox 2395 5592 2512 5629; x_wconf 83' lang='lat' dir='ltr'><strong>cum</strong></span> <span class='ocrx_word' id='word_1_737' title='bbox 2545 5592 2854 5646; x_wconf 83' lang='lat' dir='ltr'><strong>magnopere</strong></span> <span class='ocrx_word' id='word_1_738' title='bbox 2910 5577 3062 5629; x_wconf 81' lang='lat' dir='ltr'><strong>illum</strong></span> <span class='ocrx_word' id='word_1_739' title='bbox 3116 5575 3539 5646; x_wconf 70' lang='lat' dir='ltr'><strong>adhortnremur,</strong></span> <span class='ocrx_word' id='word_1_740' title='bbox 3573 5587 3622 5629; x_wconf 84' lang='lat' dir='ltr'><strong>et</strong></span> 
     </span>
    </p>
   </div>
   <div class='ocr_carea' id='block_1_108' title="bbox 2054 5644 3620 5722">
    <p class='ocr_par' dir='ltr' id='par_1_108' title="bbox 2054 5644 3620 5722">
     <span class='ocr_line' id='line_1_109' title="bbox 2054 5644 3620 5722; baseline -0.001 -24"><span class='ocrx_word' id='word_1_741' title='bbox 2054 5656 2297 5722; x_wconf 78' lang='lat' dir='ltr'><strong>auctores</strong></span> <span class='ocrx_word' id='word_1_742' title='bbox 2347 5644 2878 5722; x_wconf 23' lang='lat' dir='ltr'><strong>essemus_._‘t_tt_&#39;cuin</strong></span> <span class='ocrx_word' id='word_1_743' title='bbox 2917 5646 3167 5722; x_wconf 68' lang='lat' dir='ltr'><strong>Ecclesia:</strong></span> <span class='ocrx_word' id='word_1_744' title='bbox 3209 5644 3485 5722; x_wconf 58' lang='lat' dir='ltr'><strong>catholica:</strong></span> <span class='ocrx_word' id='word_1_745' title='bbox 3517 5647 3620 5722; x_wconf 70' lang='lat' dir='ltr'><strong>[ide</strong></span> 
     </span>
    </p>
   </div>
   <div class='ocr_carea' id='block_1_109' title="bbox 2051 5714 3619 5787">
    <p class='ocr_par' dir='ltr' id='par_1_109' title="bbox 2051 5714 3619 5787">
     <span class='ocr_line' id='line_1_110' title="bbox 2051 5714 3619 5787; baseline 0 -19"><span class='ocrx_word' id='word_1_746' title='bbox 2051 5717 2390 5787; x_wconf 77' lang='lat' dir='ltr'><strong>consentiret,</strong></span> <span class='ocrx_word' id='word_1_747' title='bbox 2417 5725 2526 5787; x_wconf 83' lang='lat' dir='ltr'><strong>etc.</strong></span> <span class='ocrx_word' id='word_1_748' title='bbox 2575 5717 2920 5787; x_wconf 83' lang='lat' dir='ltr'><strong>Epiphanius</strong></span> <span class='ocrx_word' id='word_1_749' title='bbox 2970 5719 3025 5771; x_wconf 90' lang='lat' dir='ltr'><strong>in</strong></span> <span class='ocrx_word' id='word_1_750' title='bbox 3055 5715 3247 5770; x_wconf 62' lang='lat' dir='ltr'><strong>haeresi</strong></span> <span class='ocrx_word' id='word_1_751' title='bbox 3302 5714 3619 5768; x_wconf 53' lang='lat' dir='ltr'><strong>llimmritm</strong></span> 
     </span>
    </p>
   </div>
   <div class='ocr_carea' id='block_1_110' title="bbox 2043 5786 2519 5857">
    <p class='ocr_par' dir='ltr' id='par_1_110' title="bbox 2043 5786 2519 5857">
     <span class='ocr_line' id='line_1_111' title="bbox 2043 5786 2519 5857; baseline -0.004 -17"><span class='ocrx_word' id='word_1_752' title='bbox 2043 5803 2184 5853; x_wconf 83' lang='lat' dir='ltr'><strong>rum,</strong></span> <span class='ocrx_word' id='word_1_753' title='bbox 2217 5802 2335 5857; x_wconf 82' lang='lat' dir='ltr'><strong>pag.</strong></span> <span class='ocrx_word' id='word_1_754' title='bbox 2366 5786 2519 5840; x_wconf 67' lang='lat' dir='ltr'><strong>10M.</strong></span> 
     </span>
    </p>
   </div>
  </div>
