4066 6338
285 5461 302 5478 ι

303 5499 315 5533 ‘l

299 5544 314 5568 θ

351 369 482 426 9561

1275 361 1602 420 HISTORIA
1641 356 2188 417 ECCLESIASTICA.
2231 390 2298 398 —
2337 358 2464 414 LIB.
2507 355 2592 412 Vl.

3466 359 3605 417 1362

346 491 572 563 γνώμην
604 488 836 558 ἔνειμεν.
883 483 1242 553 ’Δπολιναρίω
1286 483 1342 537 δὲ
1391 485 1558 554 ἄμφω
1602 483 1698 555 τὴν
1747 483 1924 555 ἁμαρ-

2029 481 2296 550 ejusmodi
2339 481 2569 552 hymnos
2613 479 2830 550 publice
2876 477 3144 545 recitant,
3194 485 3422 533 cunctos
3477 493 3604 548 pro-

344 583 465 636 τίαν
511 578 746 650 δημοσίᾳ
799 573 1043 644 ἐλέγξας,
1092 575 1188 646 τῆς
1236 574 1561 646 Ἐκκλησίας
1611 574 1919 645 ἀφώρισενο

344 673 515 743 Ιίιστην
542 669 652 740 γὰρ
693 665 957 737 κληρικὼο
1004 668 1032 720 ό
1077 666 1175 737 μὲν
1219 665 1399 737 πατὴρ
1437 665 1838 738 πρεσϐύτερος,
1895 666 1923 717 ό

343 758 400 810 δὲ
461 758 590 819 παῖς
645 751 998 825 άναγνώστης
1036 753 1116 807 ἔτι
1160 752 1270 807 τῶν
1309 753 1470 825 ἱερῶν
1498 754 1748 826 Γραφῶν.
1781 755 1922 824 Χρό-

344 863 436 898 νου
463 844 522 898 δέ
547 862 689 908 τινος
718 843 1098 913 διαγενομένου
1143 844 1202 897 ἐν
1235 843 1466 917 δάκρυσι
1509 845 1602 899 καὶ
1654 845 1928 917 νηστείαις

344 931 582 996 ἐπαξίως
625 933 726 1001 τῆς
777 931 1051 1002 ἁμαρτίας
1101 932 1575 1004 μεταμεληθέντας
1645 935 1925 1004 προσίεται

345 1017 507 1070 πάλιν
537 1016 806 1079 Θεόδοτος.
857 1017 943 1081 Ὡς
977 1018 1034 1070 δὲ
1075 1019 1174 1088 τὴν
1221 1019 1388 1090 αὐτὴν
1426 1021 1729 1095 ἐπισκοπὴν
1768 1023 1927 1094 ἔλαχε

343 1109 636 1179 Γεὼργιος,
682 1111 778 1163 καὶ
827 1110 861 1179 ἡ
905 1109 1040 1182 πρὸς
1072 1111 1388 1166 Ἀθανάσιον
1428 1116 1682 1170 συνουσία
1706 1118 1930 1186 γέγονεν

357 1199 734 1271 Ἀπολιναρίῳ,
765 1200 842 1263 ὡς
888 1201 1131 1272 εἴρηται,
1184 1203 1544 1277 ἀκοινώνητον
1595 1207 1757 1261 αὐτὸν
1800 1208 1928 1261 ἀποο

348 1291 527 1360 φαίνει
578 1292 673 1343 καὶ
699 1290 798 1361 τῆς
823 1290 1152 1362 Ἐκκλησίας
1180 1293 1474 1366 ἀλλότριον.
1519 1296 1577 1351 Ὀ
1613 1296 1669 1350 δὲ
1712 1297 1927 1366 Λέγεται

349 1384 448 1453 μὲν
491 1381 748 1445 πολλάκις
804 1381 968 1436 αὐτοῦ
1025 1383 1279 1454 δεηθῆναι
1326 1385 1428 1456 τὴν
1470 1386 1750 1440 κοινωνίαν
1794 1389 1928 1442 ἁπο-

345 1478 550 1532 λαϐεῖν.
589 1477 680 1540 Ὣς
706 1477 762 1530 δὲ
793 1478 892 1530 οὐκ
930 1475 1134 1544 ἔπειθε,
1177 1477 1320 1550 λύπῃ
1365 1481 1659 1551 κρατηθεὶς
1699 1482 1926 1552 ἐτάραξε

343 1569 442 1641 τὴν
474 1567 820 1638 Ἐκκλησίαν,
851 1567 945 1621 καὶ
975 1567 1258 1639 δογμάτων
1305 1569 1601 1641 καινότητα
1645 1572 1745 1643 τὴν
1775 1576 1926 1644 εἰρη-

347 1658 516 1728 μένην
543 1657 754 1728 αἵρεσιν
792 1658 1103 1728 εἰσήγαγεν,
1141 1659 1279 1730 ὅπερ
1307 1658 1537 1729 ἠδύνατο
1572 1661 1708 1731 (18),
1735 1663 1921 1737 τέχνῃ,

344 1751 509 1822 φημὶ,
544 1749 718 1819 λόγων
751 1749 842 1803 τὸν
872 1749 1064 1821 ἐχθρὸν
1099 1751 1456 1820 ἀμυνόμενος,
1498 1755 1592 1808 καὶ
1637 1754 1928 1827 διελέγχων

341 1840 420 1902 ὡς
463 1840 524 1893 ὲν
565 1838 882 1909 διδασκαλίᾳ
931 1837 1093 1910 ἱερῶν
1133 1839 1418 1909 δογμάτων
1459 1843 1517 1894 οὐ
1550 1843 1789 1908 τοιοῦτος
1827 1846 1920 1910 ὣν,

341 1931 434 1984 τὸν
464 1930 672 2001 ἀμείνω
718 1930 984 1984 καθεῖλεν.
1034 1930 1190 1984 Οὕτω
1246 1949 1321 2001 πη
1360 1935 1413 1986 αί
1449 1934 1576 1987 ίδιιαι
1603 1934 1791 2008 ἔχθραι
1817 1937 1925 1990 τῶν

341 2021 484 2074 κατὰ
503 2022 728 2092 καιροὺς
775 2019 1052 2092 κληρικῶν
1095 2020 1163 2073 τὰ
1205 2023 1438 2091 μέγιστα
1468 2021 1566 2093 τὴν
1594 2024 1922 2092 Ἐκκλησίαν

342 2111 606 2181 ἔϐλαψαν,
636 2111 731 2166 καὶ
756 2111 855 2184 τὴν
885 2110 1183 2182 θρησκείαν
1206 2114 1286 2175 εἰς
1309 2111 1506 2176 πολλάς
1529 2114 1766 2184 αἱρέσεις
1793 2131 1922 2167 κατ·

340 2203 554 2272 έτεμον.
590 2202 912 2274 Τεκμήριον,
929 2203 986 2254 δὲ
1017 2202 1201 2256 τοῦτο’
1233 2205 1281 2256 εί
1319 2203 1427 2275 γὰρ
1462 2203 1662 2274 ὁμοίως
1689 2205 1925 2276 Θεοδότῳ

339 2294 438 2347 καὶ
479 2292 751 2364 Γεὼργιος
798 2294 1243 2365 μεταμεληθέντα
1275 2295 1648 2366 ’Δπολινάριον
1685 2296 1922 2362 ἐδέξατο,

341 2386 445 2439 οὐκ
475 2385 562 2450 ἂν,
586 2380 763 2457 οἴμαι,
795 2387 828 2456 ἡ
854 2385 948 2439 ἀπ’
975 2386 1140 2440 αὑτοῦ
1165 2388 1469 2459 καλουμένη
1497 2382 1708 2460 αἵρεσις
1744 2387 1828 2463 ἦν.
1869 2395 1932 2448 Ἡ

339 2477 454 2546 γὰρ
493 2475 806 2547 ἀνθρωπεία
846 2477 1025 2546 φύσις,
1067 2478 1554 2551 ὕπερφρονουμένη
1588 2481 1707 2551 μὲν,
1755 2483 1932 2537 ἀπαυ-

341 2565 652 2630 θαδιάζεται
669 2565 809 2638 (l9),
837 2568 932 2621 καὶ
957 2569 1036 2631 είς
1059 2569 1388 2638 φιλονεικίαν
1417 2571 1510 2624 καὶ
1534 2575 1931 2644 νεωτερισμοὺς

340 2655 695 2710 καθίσταταιο
729 2656 1073 2712 ἀπολαύουσα
1097 2658 1154 2712 δὲ
1178 2657 1288 2712 τῶν
1307 2659 1458 2728 ι’σων,
1486 2661 1800 2732 μετριάζειν
1834 2663 1929 2717 κα)⁵

341 2745 437 2799 ἐπὶ
468 2747 578 2802 τῶν
603 2749 782 2802 αὐτῶν
812 2749 992 2820 μένειν
1020 2749 1179 2818 φιλεῖ.

2032 573 2191 630 fauos
2256 573 2506 629 homines
2563 586 2663 627 nec
2726 569 2900 627 sacris
2949 569 3060 624 illis
3126 568 3372 623 initiatos
3450 568 3600 621 l‘ouas

2032 668 2181 724 abire
2210 668 2492 738 jussisset,
2526 679 2625 722 nec
2649 665 2842 737 junior
2869 661 3226 734 Apollinaris,
3261 677 3360 717 nec
3392 661 3598 724 senior,

2031 775 2133 816 nec
2182 760 2326 816 ullus
2383 758 2609 815 omnino
2670 772 2737 812 ex
2790 753 3122 811 Christianis
3190 754 3284 823 qui
3351 754 3598 816 aderant,

2030 851 2283 908 discessit
2303 867 2369 908 ex
2398 850 2692 906 auditorio.
2717 847 2773 902 ld
2801 861 2926 902 cum
2953 845 3268 902 rescivisset
3287 843 3601 900 Theodotus

2030 941 2340 1012 episcopus,
2373 941 2614 1011 graviter
2643 946 2952 993 commotus
2974 942 3080 991 est.
3111 934 3190 990 Ac
3215 934 3448 1004 reliquis
3479 934 3570 1002 qui
3589 962 3603 972 ο

2031 1035 2150 1088 dem
2194 1033 2288 1102 qui
2326 1047 2389 1087 ex
2417 1031 2576 1101 plebe
2618 1036 2796 1094 erant,
2829 1028 3020 1083 leviter
3057 1026 3360 1096 objurgatis
3388 1025 3601 1080 veniam

2030 1119 2337 1181 concessit;
2388 1126 2685 1186 utrumque
2735 1123 2921 1170 autem
2969 1114 3338 1184 Apollinarem
3388 1113 3604 1184 publice

2030 1209 2340 1264 convictum
2412 1207 2658 1264 Ecclesia
2707 1205 2894 1277 ejecit.
2942 1205 3114 1261 Erant
3159 1206 3304 1261 enim
3361 1206 3600 1259 clerici:

2033 1307 2186 1369 pater
2208 1299 2430 1368 quidem
2452 1299 2758 1370 presbyter,
2787 1297 2929 1353 iilius
2961 1313 3091 1353 vero
3121 1298 3294 1352 lector
3319 1311 3603 1352 sacrarum

2035 1390 2466 1462 Scripturarum.
2501 1390 2796 1460 Aliquanto
2821 1399 2945 1460 post
2970 1397 3217 1458 tempore
3241 1389 3452 1456 elapso,
3477 1404 3603 1444 cum

2033 1481 2087 1535 in
2129 1481 2388 1552 lacrymis
2419 1495 2482 1534 ac
2521 1480 2750 1550 jejuniis
2807 1479 3190 1549 paenitentiam
3247 1477 3447 1534 delicto
3501 1492 3604 1531 suo

2029 1581 2417 1644 congruentem
2447 1572 2710 1642 egissent,
2739 1568 3054 1625 Theodotus
3077 1584 3174 1624 eos
3203 1569 3385 1624 denuo
3416 1581 3602 1624 susce-

2028 1663 2130 1734 pit.
2178 1661 2279 1718 Ubi
2315 1678 2446 1718 vero
2469 1661 2740 1732 Georgius
2767 1661 3147 1731 episcopatum
3185 1659 3337 1714 illum
3373 1657 3604 1715 sortitus

2029 1765 2134 1821 est,
2164 1763 2217 1811 et
2247 1753 2603 1825 Apollinaris,
2639 1759 2699 1808 ut
2720 1753 2836 1823 jam
2875 1751 3014 1816 dixi,
3055 1764 3418 1820 congressum
3449 1749 3603 1803 illum

1961 1827 2001 1882 Β
2033 1845 2220 1899 habuit
2259 1860 2384 1898 cum
2424 1841 2749 1906 Athanasio,
2789 1856 2818 1894 a
2851 1839 3238 1896 communione
3263 1855 3388 1894 eum
3418 1839 3606 1893 exelu-

2030 1937 2102 1992 sit
2139 1935 2428 2004 Georgius,
2470 1941 2522 1989 et
2552 1933 2790 1988 alienum
2830 1933 2899 1986 ab
2929 1930 3175 1986 Ecclesia
3209 1929 3602 2001 pronuntiavit.

2031 2027 2098 2081 Et
2136 2025 2475 2097 Apollinaris
2520 2021 2740 2094 quidem
2786 2036 3164 2093 saepenumero
3207 2033 3336 2075 eum
3384 2032 3608 2088 rogasse

2030 2119 2255 2180 dicitur,
2291 2127 2351 2171 ut
2379 2117 2432 2170 in
2463 2114 2910 2170 communionem
2937 2111 3296 2181 reciperetur.
3340 2107 3449 2162 Sed
3480 2123 3604 2162 cum

2031 2225 2156 2265 eum
2207 2209 2428 2264 ﬂectere
2461 2223 2571 2262 non
2612 2213 2817 2278 posset,
2851 2203 3014 2274 252
3057 2203 3250 2258 dolore
3293 2205 3604 2270 superatus,

2035 2299 2332 2355 Ecclesiam
2357 2297 2600 2359 turbare,
2633 2302 2686 2350 et
2719 2293 3038 2363 dogmatum
3067 2289 3380 2350 novitatem,
3416 2301 3608 2354 supra-

2033 2391 2240 2446 dictam
2277 2388 2532 2444 videlicet
2583 2386 2858 2447 haeresim,
2890 2382 3155 2438 inducere
3173 2393 3466 2452 aggressus
3484 2385 3604 2433 est:

2030 2497 2094 2538 ea
2152 2489 2271 2536 arte
2323 2495 2428 2551 qua
2469 2478 2767 2549 plurimum
2821 2474 3072 2540 valebat,
3117 2471 3338 2530 dicendi
3398 2467 3608 2526 scilicet

2031 2571 2322 2635 facultate,
2367 2570 2652 2625 inimicum
2690 2565 3000 2633 ulciscens,
3037 2574 3094 2620 et
3143 2563 3290 2634 quod
3331 2561 3606 2616 hominem

2029 2664 2086 2718 in
2132 2678 2416 2721 sacrarum
2483 2661 2815 2716 Litterarum
2871 2659 3122 2714 doctrina
3165 2655 3601 2728 prastantiorem
3673 2660 3681 2668 '

2035 2755 2153 2824 ipse
2187 2752 2416 2809 inferior
2443 2751 2820 2823 deposuisset,
2855 2750 3212 2820 redarguens.
3262 2747 3346 2818 Ita
3382 2745 3608 2818 privata:

343 2839 488 2893 inter
510 2839 1053 2897 clericosinimicitiae
1086 2843 1385 2899 Ecclesiam
1435 2843 1670 2902 subinde
1727 2846 1965 2903 maximo
2037 2847 2367 2902 detrimento
2406 2846 2735 2909 all‘ecerunt,
2783 2850 2838 2899 et
2875 2841 3242 2899 Christianam
3288 2841 3604 2911 religionem

340 2931 527 2987 varias
565 2932 621 2987 in
660 2940 842 2991 sectas
886 2935 1250 2992 disciderunt.
1287 2937 1460 3008 Cujus
1495 2940 1570 2996 rei
1621 2949 2003 3011 argumentum
2070 2940 2198 2996 hinc
2272 2942 2514 3011 suppetit
2559 2962 2571 2997 :
2615 2940 2748 2994 Nam
2826 2940 2874 2995 si
2923 2937 3193 3009 Georgius
3242 2936 3596 3007 poenitentem

340 3023 678 3094 suscepisset
728 3026 1116 3096 Apollinarem,
1171 3029 1396 3098 perinde
1449 3044 1514 3086 ac
1562 3030 1902 3099 Theodotus,
1939 3031 2166 3087 haeresis
2205 3031 2296 3086 illa
2337 3047 2460 3102 qua!
2505 3033 2572 3088 ab
2611 3032 2734 3103 ejus
2806 3031 3028 3086 nomine
3077 3035 3390 3098 nuncupata
3459 3034 3578 3092 est,

339 3113 504 3169 hodie
558 3123 616 3170 ut
671 3118 869 3186 opinor
922 3135 1031 3175 non
1085 3127 1347 3178 exstaret.
1397 3121 1602 3179 Natura
1673 3125 1820 3180 enim
1875 3126 1950 3180 ita
2016 3126 2320 3195 comparati
2349 3137 2479 3182 sunt
2512 3126 2875 3194 homines,ut
2916 3124 3158 3194 despecti
3191 3121 3409 3192 quidem
3446 3120 3588 3175 inso-

343 3205 574 3270 lescant,
597 3213 652 3260 et
678 3209 1013 3265 contentioni
1039 3224 1105 3266 ac
1125 3213 1292 3270 rebus
1316 3213 1475 3269 novis
1501 3216 1791 3272 studeant:
1821 3215 1910 3272 ubi
1951 3227 2082 3270 vero
2108 3228 2324 3286 aequum
2351 3216 2532 3289 adepti
2565 3223 2713 3282 sunt,
2759 3213 3039 3270 moderate
3068 3227 3126 3269 se
3152 3218 3344 3284 gerant
3405 3217 3460 3266 et
3522 3205 3607 3263 in~

339 3295 534 3352 eodem
555 3304 703 3353 statu
730 3313 1110 3371 permaneant.

909 3396 1158 3452 ΚΕΦΑΛ.
1211 3399 1356 3466 xq'.

339 3477 482 3547 Bap!
497 3482 795 3552 Εὐγομίου
813 3485 911 3539 καὶ
937 3487 1041 3541 τοῦ
1062 3487 1432 3546 διδασκάλου
1452 3495 1640 3549 αὑτοῦ
1661 3497 1918 3552 Ἀετίου·

413 3550 613 3630 καί-τὰ
649 3550 777 3630 καῖ’
797 3556 1040 3630 αὐτοὺς,
1069 3558 1167 3612 καὶ
1195 3561 1253 3630 τί
1278 3550 1805 3630 ἐδογμάτιωξκιιὶ
1824 3550 1924 3625 γὸτι

413 3617 631 3687 πρῶτοι
678 3618 854 3703 οὗτοι,
877 3617 1035 3693 ,ιιίιιιὶι⁷
1068 3617 1538 3687 κατάδυσιῖἐπῑ
1564 3617 1683 3692 ’τοῧ

412 3706 641 3760 σματος
671 3693 1036 3763 ἐπενόησαν.

424 3781 593 3852 ’Δμφὶ
641 3783 697 3837 δὲ
749 3787 935 3840 τοῦτον
979 3787 1070 3841 τὸν
1123 3789 1312 3861 χρόνον
1364 3793 1644 3866 Εὐνόμιος,
1695 3799 1751 3863 ὅς
1803 3802 1925 3854 ἀντὶ

352 3869 628 3960 Ἑλευσίου
673 3871 771 3944 τὴν
817 3875 873 3927 ἐν
930 3877 1154 3948 Κυζίκῳ
1188 3877 1510 3952 Ἐκκλησίαν
1555 3890 1794 3959 κατεῖχε,
1827 3891 1924 3960 τῆς

351 3959 565 4029 Ἀρείου
614 3963 878 4034 αἱρέσεως
923 3967 1338 4038 προϊστάμενος,
1379 3971 1572 4041 ἑτέραν
1617 3976 1765 4048 παρὰ
1801 3959 1927 4031 ταύ-

336 4066 440 4120 την
470 4052 831 4123 εἰσηγήσατο·
890 4055 957 4128 ῆν
989 4059 1037 4111 οἱ
1070 4058 1166 4129 μὲν
1203 4059 1296 4113 ἀπ’
1339 4063 1501 4117 αὐτοῦ
1537 4067 1889 4138 ὀνομάζουσιν
1911 4110 1924 4135 ,

336 4141 391 4192 οι
439 4140 496 4193 δὲ
553 4141 651 4213 τὴν
698 4143 808 4198 τῶν
844 4146 1133 4218 Ἀνομοίων
1181 4150 1426 4206 καλοῦσι.
1471 4154 1609 4210 Φασὶ
1651 4157 1709 4210 δέ
1758 4176 1921 4224 τινες,

338 4231 558 4301 πρῶτον
590 4230 776 4287 τοῦτον
814 4236 1076 4306 Εὐνόμιον
1114 4239 1382 4310 τολμῆσαι
1420 4245 1838 4314 εἰσηγήσασθαι,
1869 4250 1925 4302 ὲν

342 4324 448 4393 μιᾷ
486 4323 770 4378 καταδύσει
808 4327 1002 4398 χρῆναι
1034 4331 1300 4384 ἐπιτελεῖν
1333 4334 1428 4403 τὴν
1461 4337 1610 4388 θείαν
1649 4337 1924 4405 βάπτισιν,

336 4415 440 4466 καὶ
489 4418 874 4488 παραχαράξαι
926 4419 1026 4492 τὴν
1079 4423 1187 4476 ἀπὸ
1243 4424 1350 4477 τῶν
1389 4427 1700 4481 ἀποστόλων
1757 4431 1927 4485 εἰσέτι

338 4506 440 4561 νῦν
468 4509 526 4560 ὲν
550 4509 684 4562 πᾶσι
732 4511 1139 4584 φυλαττομένην
1182 4515 1500 4586 παράδοσιν,
1542 4521 1634 4573 καὶ
1686 4521 1762 4585 ὡς
1801 4521 1922 4575 ὲπί-

342 4615 486 4660 παν,
545 4599 738 4670 ἑτέραν
787 4601 909 4655 τινὰ
958 4600 1060 4672 τῆς
1103 4604 1265 4658 αὑτοῦ
1301 4603 1627 4678 Ἐκκλησίας
1687 4611 1926 4684 ἐξευρεῖν

339 4691 588 4764 ἀγωγὴν,
618 4694 906 4766 σεμνότητι
948 4697 1042 4750 καὶ
1071 4698 1326 4770 ἀκριϐείᾳ
1368 4700 1572 4755 πλείονι
1610 4703 1707 4774 τὴν
1746 4706 1926 4758 καινό·

2619 3397 2773 3453 CAP.
2813 3395 3012 3451 XXVI.

2029 3501 2104 3556 De
2142 3498 2422 3562 Eunomia,
2459 3493 2594 3550 etde
2625 3492 2886 3562 magistre
2910 3489 3022 3558 ejus
3064 3487 3234 3543 Aetio.
3272 3485 3403 3562 Qua;
3443 3485 3603 3562 fuerit

2099 3571 2373 3640 utriusque
2410 3555 2562 3640 inita,
2601 3571 2651 3617 et
2699 3555 2815 3631 qua!
2852 3555 3218 3640 dogmata...“
3261 3555 3399 3640 quod
3445 3555 3604 3624 primi

2100 3627 2310 3696 unicam
2335 3639 2388 3692 in
2419 3636 2679 3704 baptismo
2704 3627 3014 3686 mensionem
3045 3627 3374 3683 induxerint.

2098 3796 2301 3852 Eodem
2333 3793 2448 3850 fere
2479 3803 2720 3861 tempore
2748 3787 3076 3853 Eunomius,
3102 3786 3195 3857 qui
3234 3784 3439 3840 Eleusii
3481 3785 3602 3838 loco

2027 3888 2350 3960 Cyzicenam
2416 3885 2640 3955 regebat
2701 3879 3035 3943 Ecclesiam,
3093 3891 3217 3932 cum
3273 3875 3601 3929 Arianorum

2027 3989 2192 4038 sectae
2243 3978 2522 4048 praeesset,
2574 3985 2769 4027 novam
2821 3969 3047 4038 insuper
3094 3964 3345 4020 haeresim
3397 3962 3604 4016 invexit

2027 4085 2194 4142 quam
2239 4067 2333 4122 alii
2379 4064 2600 4135 quidem
2629 4077 2692 4117 ex
2729 4061 2850 4130 ejus
2879 4057 3124 4122 nomine,
3153 4054 3244 4109 alii
3287 4067 3423 4109 vero
3453 4053 3600 4107 Ano-

2031 4174 2296 4216 minorum
2326 4155 2668 4228 appellant‘.
2703 4151 2871 4206 Aiunt
2904 4163 3068 4221 porro
3093 4147 3240 4201 hunc
3275 4144 3598 4200 Eunomium
3641 4201 3656 4214 ,

2029 4254 2264 4324 primum
2299 4247 2545 4304 omnium
2593 4258 2786 4299 ausum
2839 4256 2963 4298 esse
3002 4253 3278 4304 asserere,
3313 4236 3458 4308 quod
3513 4251 3602 4294 sa-

2027 4357 2190 4398 crum
2226 4339 2499 4410 baptisma
2539 4335 2698 4390 unica
2745 4332 3021 4388 mersionc
3070 4327 3438 4402 peragendum
3485 4328 3598 4383 sit:

2028 4443 2082 4491 et
2116 4431 2474 4503 apostolicam
2507 4425 2860 4482 traditionem
2898 4438 3025 4495 qua:
3049 4422 3353 4478 etiamnum
3399 4419 3602 4488 ubique

2030 4532 2306 4588 servatur,
2342 4518 2695 4590 corrupisse:
2730 4516 2894 4570 aliam
2929 4514 3166 4584 denique
3199 4512 3460 4567 Ecclesiae
3489 4527 3601 4566 suae

2030 4615 2376 4686 disciplinam
2424 4611 2700 4683 plerisque
2742 4607 2797 4662 in
2845 4606 3010 4663 rebus
3044 4603 3446 4667 introduxisse,
3481 4618 3602 4673 qua:

2027 4707 2301 4779 gravitate
2342 4718 2407 4757 ac
2460 4700 2754 4758 severitate
2804 4697 3042 4768 quadam
3095 4693 3391 4750 novitatem
3445 4709 3600 4748 suam

337 4799 482 4853 τητα
516 4786 979 4855 περιπέττουσαν.
1025 4789 1272 4856 Ἐγένετο
1321 4791 1377 4844 δὲ
1425 4794 1519 4846 καὶ
1562 4795 1812 4867 τεχνίτης
1851 4797 1924 4850 λό-

2035 4802 2330 4868 obtegeret.
2366 4793 2487 4847 Fuit
2513 4797 2693 4845 autem
2723 4787 3093 4858 peritissimus
3119 4783 3335 4839 dicendi
3377 4783 3596 4844 artifex,

339 4892 478 4943 γων,
511 4876 602 4929 καὶ
628 4877 899 4948 ὲριστικὸς
920 4917 935 4943 ,
961 4882 1052 4934 καὶ
1077 4881 1449 4953 συλλογισμοῖς
1479 4885 1683 4957 χαίρων
1706 4904 1718 4917 ·
1745 4889 1922 4941 τοιού-

339 4983 470 5028 τους
522 4966 579 5020 δὲ
633 4971 758 5032 τοὺς
815 4971 1044 5035 πολλοὺς
1089 4972 1196 5027 τῶν
1246 4974 1316 5028 τὰ
1367 4976 1530 5029 αὐτοῦ
1585 4979 1924 5048 φρονούντων

339 5055 492 5107 ἔστιν
524 5055 669 5109 ἰδεῖν.
699 5058 774 5111 Οὐ
814 5059 1013 5128 μᾶλλον
1053 5062 1161 5133 γὰρ
1206 5063 1483 5118 ἐπαινοῦσι
1520 5064 1632 5135 βίον
1657 5067 1858 5134 ἀγαθὸν
1889 5067 1921 5137 ἢ

337 5145 622 5217 τρόπον,ἢ
656 5147 746 5200 τὸν
793 5149 917 5219 περὶ
950 5151 1074 5214 τοὺς
1121 5153 1404 5223 δεομένους
1441 5153 1608 5220 ἔλεον,
1654 5157 1701 5208 εί
1741 5156 1815 5228 μὴ
1859 5156 1926 5210 τὰ

338 5236 483 5290 αὐτὰ
531 5238 828 5303 δοξάζοιεν·
880 5242 1001 5295 ὅσον
1048 5243 1102 5295 εἴ
1140 5262 1221 5307 τις
1265 5246 1552 5316 ἐριστικῶς
1603 5247 1920 5317 διαλέγοιτο,

337 5327 440 5381 καὶ
477 5333 696 5400 κρατεῖν
727 5331 906 5403 δοκοίη
958 5333 1425 5403 συλλογιζόμενος·
1463 5339 1489 5389 ό
1528 5338 1766 5401 τοιοῦτος
1816 5339 1923 5410 γὰρ

303 5465 315 5516 ξ
425 5447 439 5476 ⁸
477 5445 612 5502 Socr
664 5447 758 5503 lib.
785 5465 858 5514 iv,
889 5465 939 5504 c.
964 5452 995 5503 7
1029 5459 1082 5506 ct
1106 5467 1160 5516 v,
1190 5467 1238 5506 c.
1272 5451 1356 5508 ιι.

2027 4897 2081 4944 et
2123 4882 2587 4958 disputationibus
2620 4887 2782 4950 atque
2817 4877 3155 4948 argumentis
3201 4873 3598 4932 delectabatur.

2026 4981 2188 5035 Certe
2245 4977 2538 5047 plerosque
2592 4986 2790 5028 eorum.
2830 4968 2925 5039 qui
2963 4969 3106 5021 hanc
3169 4974 3372 5022 sectam
3429 4965 3562 5035 proli

2027 5080 2242 5132 tentur,
2314 5066 2585 5138 ejusmodi
2651 5063 2869 5134 ingenio
2943 5059 3202 5130 praeditos
3281 5058 3405 5112 licet
3478 5071 3600 5110 cer-

2032 5176 2180 5217 nere.
2225 5158 2412 5229 Neque
2433 5157 2578 5211 enim
2613 5155 2734 5211 vitae
2773 5164 3098 5222 morumque
3145 5150 3468 5218 probitatem
3493 5187 3506 5212 ,
3549 5157 3600 5202 et

2034 5253 2090 5307 in
2123 5259 2344 5321 egentes
2389 5249 2824 5305 misericordiam
2867 5252 3078 5299 tantum
3121 5241 3345 5297 laudant
3401 5242 3454 5295 in
3505 5242 3600 5293 ali-

2032 5357 2162 5412 quo,
2193 5339 2296 5394 nisi
2329 5337 2468 5393 forte
2499 5339 2547 5393 is
2569 5346 2788 5404 sectam
2829 5335 3070 5404 ipsorum
3107 5341 3388 5400 sequatur,
3427 5341 3599 5396 quan-

1545 5562 1816 5618 VALESII
1850 5564 2406 5623 ANNOTATIONES.

763 5651 1038 5740 ῂδὺνατθος
1067 5654 1180 5707 Νοιι
1209 5653 1400 5740 dubito
1423 5654 1556 5740 quin
1580 5654 1925 5740 scribendum

337 5725 418 5795 sit
448 5723 501 5775 in
541 5723 908 5795 dativodrmp
937 5723 1185 5795 ἠδύνατο.
1240 5726 1419 5795 Atque
1463 5725 1537 5778 ita
1589 5725 1827 5782 Savilius
1861 5727 1927 5781 ad

340 5793 493 5846 latus
521 5791 605 5846 sui
639 5792 848 5847 codicis
873 5794 1215 5848 cmendurat.

2111 5659 2225 5726 (19)
2267 5655 2800 5726 Ἀπαυθαὸιάζὲται.
2833 5650 3104 5726 Ιιιεοιῌρο
3129 5644 3425 5726 Fuketiano
3455 5644 3599 5726 sc‘ri-

2037 5718 2188 5797 ptum
2208 5718 2400 5780 'inveni
2422 5725 2865 5797 άπαυθαδίζεται.
2898 5719 3139 5776 Similem
3170 5725 3406 5771 errorem
3437 5718 3594 5768 antea

2036 5795 2255 5868 iluoquc
2283 5804 2473 5851 notare
2509 5795 2746 5851 memini.
