4066 6338
551 325 690 378 {MSS

543 537 720 589 tiosus
744 534 927 595 fuerit,
956 543 1008 588 et
1033 533 1383 589 adversarios
1421 535 1805 590 ratiocinando
1849 550 2110 604 superare

543 627 824 688 videatur;
865 624 1177 694 hujusmodi
1207 627 1350 679 enim
1411 628 1492 680 vir
1535 643 1642 697 pra:
1677 627 1902 697 reliquis
1932 628 2109 681 omni-

543 719 643 770 bus
695 717 822 785 pius
866 716 1084 771 abillis
1125 717 1494 773 existimatur.
1551 719 1655 772 Alii
1712 734 1842 772 vero
1901 719 2109 782 dicunt,

543 823 680 874 quos
732 805 950 875 quidem
992 808 1203 861 veriora
1257 808 1440 864 dicere
1489 811 1750 876 arbitror,
1791 809 2114 881 Theophra-

543 900 688 951 uium
738 898 1138 968 Cappadocem,
1190 908 1247 954 et
1305 899 1852 971 Entychiumxistius
1888 903 2112 958 haeresis

543 989 858 1043 defensores
889 990 1214 1052 acerrimos,
1251 993 1534 1061 sequentis
1575 993 1928 1063 imperatoris
1960 995 2113 1063 prin-

543 1081 744 1150 eipatu,
779 1097 904 1136 cum
945 1098 1004 1138 se
1039 1083 1108 1136 ab
1143 1081 1408 1138 Eunomia
1435 1077 1804 1155 abrupiSsent,
1856 1097 1969 1141 tum
2003 1087 2113 1140 alia

543 1188 606 1226 ex
644 1172 894 1228 Eunomii
924 1174 1182 1240 decretis,
1207 1183 1322 1229 tum
1345 1191 1408 1230 ea
1436 1192 1557 1247 qua:
1592 1178 1658 1232 ad
1683 1193 1900 1234 sacrum
1939 1179 2114 1247 bapti-

544 1278 716 1316 smum
733 1265 1008 1333 pertinent
1024 1266 1340 1329 innovasse,
1360 1276 1668 1324 asserentes
1687 1271 1864 1324 nonin
1879 1268 2115 1323 Trinita-

544 1365 670 1419 tem,
705 1355 867 1428 253
909 1357 1004 1412 sed
1056 1358 1110 1412 in
1142 1356 1343 1412 Christi
1376 1368 1603 1415 mortem
1659 1361 1926 1431 baptizari
1959 1377 2116 1433 opor-

543 1457 676 1502 tere.
723 1447 1051 1505 Eunomium
1083 1457 1237 1506 certe
1269 1451 1404 1506 nihil
1440 1453 1543 1508 hac
1580 1453 1633 1507 in
1689 1461 1844 1522 parte
1879 1467 2114 1509 navasse

544 1540 838 1602 allirmant,
889 1540 985 1596 sed
1013 1541 1082 1596 ab
1106 1541 1264 1596 initio
1300 1541 1522 1612 quidem
1563 1543 1808 1613 opinioni
1850 1543 1966 1597 Arii
2012 1544 2113 1598 ad-

544 1633 801 1698 haesisse,
836 1641 892 1687 et
921 1633 977 1688 in
1014 1649 1078 1689 ea
1106 1649 1487 1704 perseverasse
1523 1655 1535 1690 ε
1573 1644 1765 1707 postea
1817 1652 1950 1691 vero
1987 1651 2112 1690 cum

544 1723 838 1794 episcopus
869 1724 1050 1796 Cyzlci
1093 1726 1273 1782 factus
1302 1726 1526 1791 inisset,
1561 1738 1873 1783 accusatum
1905 1744 2028 1784 esse
2086 1743 2113 1781 a

2013 327 2354 381 SOZOMENI

541 441 900 498 tumlaudarc
935 442 1132 506 solent,
1168 442 1213 495 si
1255 442 1376 511 quis
1417 442 1468 495 in
1512 441 1840 512 disputanda
1879 454 2106 496 conten-

2228 443 2439 514 εὐσεϐὴς
2493 441 2640 512 παρὰ
2708 441 2911 504 πάντας
2967 439 3282 511 νομίζεται.
3349 440 3425 503 Ὠς

3603 335 3702 391 136i

3469 442 3611 507 ἄλλοις
3650 449 3708 500 δο-

2213 538 2298 587 κεῖ
2314 536 2445 604 (20),
2463 533 2754 604 τάληθέστε
2762 549 2874 606 ρον,
2895 528 2941 585 οἳ
2951 550 3066 601 μαι,
3087 532 3348 600 λέγουσιν,
3373 532 3438 596 ὼς
3458 533 3712 606 Θεοφρόνιος

2211 628 2240 678 ὁ
2283 626 2690 696 Καππαδόκης,
2742 627 2833 680 καὶ
2890 625 3169 695 Εὑτύχιος,
3216 625 3517 678 σπουδασταὶ
3560 628 3712 700 ταύτης

2212 717 2309 786 τῆς
2357 717 2642 787 αἱρέσεως,
2694 717 3062 784 ἀποτεμόντες
3106 717 3244 783 σφᾶς
3276 716 3365 768 ἐπὶ
3397 719 3484 787 τῆς
3509 718 3716 791 ἐχομένης

2215 809 2511 878 βασιλείας,
2541 809 2667 880 περί
2694 827 2754 862 τε
2786 809 2920 863 ἄλλα
2959 808 3064 862 τῶν
3105 809 3349 880 Εὑνομίῳ
3380 808 3625 876 δοξάντων,
3649 814 3717 866 καὶ

2214 899 2341 970 περὶ
2401 898 2498 970 τὴν
2555 898 2701 953 θείαν
2755 898 3009 970 βάπτισιν
3077 899 3424 970 ἐνεωτέρισαν
3473 911 3516 965 ι,
3543 902 3624 954 οὐκ
3662 905 3720 966 εἱς

2214 990 2437 1060 Τριὰδα,
2472 990 2611 1045 ἀλλὰ
2653 992 2734 1055 εἰς
2779 990 2869 1044 τὸν
2916 989 3011 1043 τοῦ
3056 990 3294 1060 Χριστοῦ
3339 989 3542 1044 θάνατον
3578 991 3722 1060 βαπτί-

2215 1081 2401 1144 ζεσθαι
2441 1084 2887 1154 εἰσηγησάμενοι.
2928 1083 3189 1152 Εὐνόμιον
3243 1083 3418 1152 μέντοι
3454 1087 3596 1157 μηδὲν
3630 1087 3726 1157 πρὶ

2215 1172 2405 1226 τούτου
2436 1173 2549 1244 ('21)
2597 1174 3007 1244 καινοτομῆσαι,
3041 1173 3153 1226 ἀλλ’
3198 1173 3256 1240 ἐξ
3297 1175 3458 1246 ἀρχῆς
3496 1178 3650 1232 τοῦτον
3675 1182 3726 1232 τὰ

2230 1265 2438 1335 ’Λρείου
2491 1265 2781 1337 φρονῆσαι,
2815 1267 2910 1320 καὶ
2959 1264 3100 1319 οὕτω
3147 1265 3445 1336 διαμεῖναιο
3490 1271 3726 1324 ἐπίσκοπον

2217 1357 2274 1410 δὲ
2306 1357 2544 1422 Κυζίκου
2584 1359 2892 1429 γενόμενον,
2940 1358 3376 1430 κατηγορηθῆναι
3417 1360 3512 1413 ὑπὸ
3546 1363 3633 1415 τῶν
3659 1364 3727 1416 ὑπ’

2217 1447 2377 1500 αὑτὸν
2407 1447 2702 1520 κληρικῶν,
2738 1449 2812 1512 ὡς
2849 1450 3126 1516 νεωτέρων
3162 1449 3438 1520 δογμάτων
3468 1453 3726 1524 εἰσηγητήν.

2217 1539 2530 1611 Τηνικαῦτα
2557 1541 2615 1593 δὲ
2647 1541 2892 1606 Εὐδόξιον
2921 1541 3010 1595 τὸν
3041 1541 3341 1612 ἡγούμενον
3370 1545 3424 1595 ὲν
3451 1545 3730 1605 Κωνσταντι-

2217 1633 2462 1685 νουπόλει
2521 1633 2619 1704 τῆς
2676 1634 2886 1704 Ἀρειον
2942 1636 3238 1705 αἱρέσεως,
3295 1637 3732 1707 μετακαλεσάμενον

2219 1722 2400 1786 αὐτὸν,
2451 1723 2735 1794 ἐπιτρέψαι
2790 1724 2869 1795 τῷ
2919 1724 3032 1796 λαῷ
3094 1728 3479 1798 προσομιλῆσαι
3524 1729 3733 1796 περὶτοῦ

544 1814 760 1869 clericis
790 1814 936 1880 suis,
974 1824 1234 1887 tanquam
1273 1832 1541 1872 novorum
1579 1818 1894 1888 dogmatum
1937 1833 2117 1875 asser-

2228 1813 2513 1884 Ξόγματος⁹
2551 1815 2625 1885 μὴ
2675 1795 3012 1884 καταγνόντα
3061 1818 3118 1871 δὲ
3140 1795 3147 1796 7
3171 1795 3352 1889 μηδὲν,
3384 1795 3736 1891 προτρέψασθαι

544 1913 738 1959 larem.
773 1906 961 1976 Itaque
988 1906 1292 1965 Eudoxium
1323 1910 1417 1980 qui
1443 1911 1658 1965 Arianae
1681 1919 1845 1965 sectae
1880 1919 2114 1981 praeerat

544 1995 1018 2067 Constantinopoli
1041 2039 1054 2059 ,
1102 2016 1228 2054 eum
1269 2017 1552 2067 evocasse,
1586 2002 1931 2071 jussisseque
1967 2004 2115 2057 ntde

545 2101 644 2141 sua
672 2087 918 2142 doctrina
945 2090 1160 2159 publice
1181 2092 1232 2144 in
1257 2091 1488 2146 ecclesia
1507 2093 1669 2146 verba
1700 2093 1922 2147 faceret.
1952 2093 2115 2146 Cum-

545 2194 652 2248 que
681 2179 815 2234 nihil
843 2181 896 2234 in
950 2198 1016 2236 eo
1074 2182 1422 2249 damnasset,
1457 2185 1736 2238 monuisse
1770 2191 1825 2236 ut
1854 2184 2112 2254 Cyzicum

547 2279 954 2342 reverteretur;
989 2274 1318 2330 Eunomium
1385 2290 1514 2330 vero
1548 2277 1922 2347 respondisse,
1971 2277 2118 2330 nolle

548 2382 608 2421 se
644 2368 884 2438 amplius
919 2371 1128 2424 versari
1151 2386 1276 2425 cum
1311 2371 1378 2426 iis
1399 2385 1538 2441 quos
1561 2378 1850 2441 suspectos
1868 2371 2114 2430 haberet.

546 2461 610 2516 Et
680 2462 824 2518 hanc
879 2465 1096 2534 quidem
1151 2481 1374 2521 causam
1424 2466 1756 2521 secessionis
1809 2480 1924 2520 sua!
1961 2465 2114 2520 illum

547 2553 926 2622 praetendisse,
977 2569 1165 2610 revera
1220 2563 1400 2609 autem
1433 2555 1553 2611 ideo
1580 2556 1913 2618 secessisse,
1968 2553 2113 2626 quod

546 2644 760 2700 Aetium
783 2655 1177 2716 praeceptorem
1230 2662 1391 2702 suum
1438 2648 1720 2717 suscipere
1776 2647 2113 2703 renuissent.

545 2738 676 2793 Post
706 2739 819 2794 haec
850 2737 1176 2797 Eunomium
1227 2740 1282 2793 in
1317 2739 1554 2809 propriis
1579 2739 1791 2794 antibus
1824 2739 2114 2802 mansisse,

546 2847 649 2888 nec
676 2832 743 2886 de
773 2832 1005 2901 pristina
1042 2831 1314 2888 sententia
1351 2832 1650 2902 quidquam
1712 2832 1936 2885 omnino
1996 2847 2118 2884 mu-

546 2931 713 2977 tasse.
762 2921 827 2977 Et
860 2925 974 2977 haec
1001 2923 1091 2976 alii
1143 2923 1504 2994 quidemhoc
1560 2923 1722 2978 modo
1753 2961 1768 2986 ,
1836 2923 1926 2976 alii
1993 2937 2122 2976 vero

545 3013 706 3068 aliter
793 3024 1039 3070 narrant.
1107 3013 1302 3070 Verum
1366 3015 1482 3070 sive
1568 3013 1913 3078 Eunomius,
2005 3016 2122 3071 sive

547 3104 643 3169 qui
733 3105 822 3157 alii
918 3107 1032 3160 hee
1135 3107 1189 3160 in
1263 3106 1563 3162 traditione
1635 3107 1892 3177 baptismi
1959 3107 2194 3209 iuno--C

547 3195 724 3248 varint
759 3237 774 3260 ,
834 3198 1136 3252 verendum
1187 3205 1272 3252 est
1309 3198 1468 3268 ipsis,
1527 3214 1648 3254 mea
1707 3199 1929 3269 quidem
1995 3215 2122 3257 sen-

549 3289 742 3352 tentia,
780 3305 848 3344 ne
913 3292 1015 3344 soli
1083 3290 1351 3357 omnium,
1410 3292 1569 3361 juxta
1633 3293 1778 3346 hanc
1828 3292 2118 3358 rationem,

549 3389 802 3449 expertes
835 3381 978 3436 sacri
1015 3382 1360 3450 baptismatis
1409 3397 1474 3436 ex
1510 3383 1612 3436 hac
1643 3383 1758 3435 vita
1809 3383 2116 3438 discedant.

547 3469 683 3523 Nam
713 3471 870 3538 primi
904 3471 980 3524 illi
1014 3471 1106 3540 qui
1135 3472 1292 3540 juxta
1349 3471 1803 3527 consuetudinem
1859 3473 1930 3527 ab
1963 3473 2122 3529 initio

549 3564 808 3616 traditam
840 3565 1107 3633 baptizati
1141 3564 1397 3628 fuerant,
1433 3573 1610 3620 semet
1635 3566 1738 3636 ipsi
1769 3565 2116 3636 rebaptizare

548 3652 773 3707 minime
801 3661 1118 3722 potuerunt,
1151 3653 1244 3723 qui
1277 3663 1458 3708 tamen
1487 3655 1542 3708 id
1561 3655 1705 3724 quod
1734 3655 1866 3723 ipsis
1899 3656 2124 3712 minime

549 3743 857 3814 obtigerat,
927 3745 1183 3814 primitus
1249 3744 1710 3810 introduxerunt,
1771 3745 1935 3816 idque
1997 3747 2120 3802 aliis

549 3836 948 3906 praestiterunt,
977 3836 1119 3906 quod
1154 3851 1331 3906 neque
1387 3837 1490 3906 ipsi
1548 3843 1728 3900 erant,
1797 3852 1971 3907 neque
2026 3853 2122 3907 per

551 3930 691 3985 alios
713 3929 896 3999 adepti
923 3928 1164 3984 fuerant.
1187 3928 1438 3998 Cumque
1465 3928 1616 3982 nullo
1644 3935 1796 3983 certo
1823 3929 2118 3999 principio,

551 4021 646 4076 sed
679 4022 896 4092 prapria
929 4021 1199 4080 duntaxat
1256 4021 1751 4090 comprehensione
1798 4021 1933 4083 nixi,
1970 4019 2116 4074 istud

2227 1906 2325 1975 μὲν
2378 1907 2456 1968 εἰς
2501 1907 2740 1970 Κύζικον
2776 1907 3108 1962 ἐπανελθεῖν.
3140 1911 3244 1964 Τὸν
3281 1911 3339 1964 δὲ
3382 1913 3552 1983 φῆσαι,
3580 1913 3641 1984 μὴ
3677 1914 3740 1965 at-

2227 1995 2437 2068 ρεῖσθαι
2490 1996 2673 2052 λοιπὸν
2732 2001 2844 2062 τοῖς
2898 2001 2956 2052 ὲν
3009 1999 3234 2072 ὑπονοίᾳ
3293 2002 3436 2073 αὑτῷ
3486 2003 3738 2073 γενομένοις

2228 2092 2489 2144 συνεῖναι·
2525 2092 2616 2144 καὶ
2660 2092 2932 2162 πρόφασιν
2982 2090 3184 2164 ταύτην
3229 2093 3326 2147 τοῦ
3371 2095 3623 2166 χωρισμοῦ
3655 2095 3740 2163 (‘22)

2226 2181 2573 2253 ποιήσασθαι.
2597 2182 2671 2236 Τὸ
2697 2183 2754 2236 δὲ
2769 2181 2965 2253 ἀληθὲς
2980 2221 2996 2245 ,
3025 2183 3107 2236 ὅτι
3137 2183 3345 2238 Ἀέτιον
3359 2185 3444 2238 τὸν
3463 2184 3608 2236 αὑτοῦ
3631 2183 3740 2236 uti.

2222 2273 2418 2326 σκαλον
2457 2273 2516 2326 οὐ
2559 2273 2945 2345 προσεδέξαντο
2963 2289 2976 2304 ⁸
3029 2275 3112 2344 ἐφ’
3161 2275 3359 2330 ἑαυτοῦ
3404 2277 3458 2329 δὲ
3501 2277 3742 2345 διαμεῖναι,

2225 2365 2392 2436 μηδὲν
2421 2365 2522 2435 τῆς
2551 2365 2819 2437 προτέρας
2861 2367 3017 2438 δόξης
3058 2367 3491 2438 παραλλάξαντα.
3530 2367 3686 2433 Ταῦτα
3706 2368 3742 2419 οἱ

2225 2457 2323 2526 μὲν
2367 2449 2498 2519 ὧδε,
2555 2458 2604 2509 οἱ
2646 2457 2704 2510 δὲ
2752 2458 2954 2529 ἑτέρως
2997 2458 3269 2526 λέγουσιν.
3320 2459 3454 2513 Ἀλλ’
3496 2460 3593 2512 εἴτε
3620 2459 3746 2511 Εὐνό-

2227 2563 2370 2616 μιος,
2396 2546 2505 2599 εἴτε
2535 2544 2684 2599 ἄλλοι
2726 2547 2890 2612 τινὲς,
2929 2549 3057 2617 περὶ
3081 2549 3179 2619 τὴν
3205 2549 3496 2620 παράδοσιν
3531 2547 3612 2601 τοῦ
3669 2547 3743 2616 βα.

2224 2640 2529 2710 πτίσματος
2546 2638 2718 2692 ταῦτα
2733 2639 3107 2710 ἐνεωτέρισαν,
3139 2643 3266 2712 ἐμοὶ
3287 2642 3449 2704 δοκεῖ,
3483 2642 3614 2712 μόνοι
3637 2639 3745 2693 κατὰ

2223 2731 2314 2784 τὸν
2365 2731 2527 2786 αὑτὸν
2577 2730 2732 2799 λόγον
2785 2731 3204 2794 κινδυνεύουσιν,
3253 2735 3469 2805 ἄμοιροι
3510 2733 3596 2800 τῆς
3634 2730 3748 2791 θείας

2225 2825 2529 2896 βαπτίσεως
2555 2824 2648 2878 τὸν
2673 2825 2787 2895 βίον
2815 2824 3150 2879 καταλιπεῖν.
3181 2826 3246 2880 Εἰ
3280 2826 3389 2897 γὰρ
3411 2825 3543 2879 κατὰ
3568 2824 3620 2876 τὸ
3639 2838 3750 2876 νενο-

2227 2917 2487 2988 μισμένον
2518 2917 2632 2988 (2⁸5)
2671 2915 2731 2981 ἐξ
2771 2917 2944 2988 ἀρχῆς
2977 2917 3387 2987 βαπτισθέντες,
3423 2917 3655 2988 πρότερον
3677 2914 3749 2965 αὑο

2223 3012 2307 3064 τοὶ
2361 3010 2584 3072 ἑαυτοὺς
2640 3009 3028 3074 ἀναὸαπτίξειν
3079 3011 3180 3063 οὐκ
3231 3009 3510 3081 ἠδύναντο,
3541 3009 3584 3061 οῖ
3617 3005 3751 3075 τὸμὴ

2227 3119 2290 3155 συ
2299 3101 2439 3172 μϐὰν
2464 3102 2558 3158 ἐπὶ
2581 3101 2758 3155 αὐτῶν
2784 3103 2883 3167 τὴν
2912 3101 3084 3173 ἀρχὴν
3111 3102 3449 3172 εἰσηγοῦντο.
3476 3099 3622 3154 Καὶὸ
3649 3097 3749 3168 μήτε

2229 3193 2380 3245 αὐτοὶ
2423 3186 2563 3263 ἦσαν
2615 3193 2752 3263 μήτε
2793 3191 2860 3246 δι’
2893 3192 3066 3247 ἄλλων
3095 3194 3374 3262 ἐγένοντο,
3400 3192 3547 3248 τοῦτο
3583 3191 3752 3259 ἑτέρως

2230 3285 2474 3338 ἐποίουν·
2513 3285 2605 3338 καὶ
2637 3283 2697 3349 ἐξ
2738 3286 3108 3339 ἁνυποστάτου
3156 3287 3306 3350 τινὸς
3351 3287 3520 3357 ἀρχῆς
3549 3284 3628 3338 καὶ
3654 3280 3752 3339 ἰδίας

2228 3377 2582 3446 καταλήψεως
2629 3376 2785 3429 τοῦτο
2831 3377 2893 3428 τὸ
2943 3376 3117 3446 δόγμα
3170 3378 3581 3448 συστησάμενοι,
3626 3372 3657 3426 ὃ.
3702 3368 3755 3440 μὴ

2227 3471 2382 3523 αὐτοὶ
2435 3469 2864 3539 παρειλήφασιν,
2913 3469 3092 3533 ἄλλοις
3139 3469 3595 3542 παραδεδώκασιν.
3621 3466 3754 3528 Ὅπερ

2226 3562 2416 3634 εὔηθές
2465 3563 2600 3617 ἐστι.
2656 3561 3102 3638 Συνωμολόγηται
3155 3563 3271 3634 γὰρ
3316 3563 3409 3616 καὶ
3459 3556 3754 3630 παράὺτῶν.

2223 3656 2349 3716 τοὺς
2387 3654 2665 3724 ἀμυήτους
2700 3653 2774 3724 μὴ
2807 3652 3063 3707 δύνασθαι
3101 3652 3300 3716 ἄλλους
3354 3651 3644 3723 βαπτίζειν·
3672 3642 3752 3697 ὀὸὲ

2227 3745 2309 3816 τῷ
2339 3746 2525 3818 τρόπῳ
2569 3744 2670 3812 τῆς
2721 3744 2901 3798 αὐτῶν
2950 3745 3306 3816 παραδόσεως
3365 3745 3437 3816 μὴ
3478 3737 3755 3814 βαπτισθεὶς.

2227 3835 2558 3897 ἀϐάπτιστος
2587 3834 2770 3897 αὐτοῖς
2799 3829 2936 3886 εἶναι
2981 3833 3144 3900 δοκεῖ,
3178 3834 3256 3898 ὠς
3291 3835 3366 3906 μὴ
3407 3833 3616 3890 δεόντως
3655 3843 3747 3897 μυη-

2230 3926 2362 3992 θείς.
2395 3927 2506 3980 Καὶ
2554 3923 2918 3996 μαρτυροῦσιν
2945 3927 3117 3991 αὐτοὶ,
3168 3925 3265 3990 οὓς
3310 3927 3375 3982 ἂν
3406 3925 3642 3979 δύνωνται
3668 3920 3755 3970 tsi-

2229 4020 2341 4073 οειν
2385 4019 2455 4071 τὰ
2497 4019 2677 4071 αὐτῶν
2706 4021 2942 4089 φρονεῖν,
2974 4017 3439 4084 ἁναϐαπτίζοντες
3471 4016 3594 4088 (ει),
3626 4016 3668 4066 εἰ
3690 4010 3756 4063 καὶ

1719 4161 1990 4216 VALESII
2025 4159 2576 4217 ANNOTATIONES.

623 4273 734 4342 (20)
779 4272 902 4342 Ὠςλ
927 4270 1140 4342 ἄλλοις
1166 4271 1358 4342 δοκεῖ.
1397 4269 1763 4326 Scribendum
1814 4280 1900 4342 es_t
1933 4272 2124 4341 procul

553 4339 723 4396 dubio
744 4340 920 4413 (bees
949 4340 1128 4413 ἄλλοις
1155 4341 1321 4407 δοκεῖ,
1348 4342 1395 4395 τ’
1419 4342 1800 4413 ἀληθέστερον,
1831 4339 2005 4412 οἶμαι,
2037 4342 2124 4393 λέ-

553 4428 771 4479 γουσιν,
820 4411 1162 4482 Θεοφρόνιος,
1201 4419 1336 4482 etc...
1381 4411 1548 4480 quam
1603 4411 1895 4482 lectionem
1948 4413 2123 4467 secqu

553 4482 811 4536 videntur
852 4481 1136 4552 Mns’culus
1166 4488 1220 4536 et
1261 4481 1820 4552 Christapborsanus.
1855 4481 2028 4536 Porro
2056 4482 2123 4536 de

2307 4270 2418 4345 (25)
2454 4273 2534 4345 Et
2562 4271 2670 4345 γὰρ
2693 4271 2844 4326 κατὰ
2863 4273 2932 4326 τὸ
2964 4273 3430 4345 νενομισμένον.
3468 4273 3577 4327 Non
3607 4270 3756 4326 dubito

2231 4343 2362 4414 quin
2408 4342 2761 4414 scribendan
2794 4344 2866 4397 sit
2895 4345 2941 4395 ot
2989 4342 3118 4414 γάρ,
3165 4342 3282 4400 etc.
3332 4345 3402 4399 Et
3454 4354 3567 4413 post
3612 4355 3757 4414 vorem

2232 4411 2507 4494 πρότερον.
2535 4412 3051 4495 subdistinctioxtem
3070 4411 3327 4496 appono,
3351 4411 3614 4486 quomodo
3632 4411 3755 4488 etiam

2233 4482 2472 4536 Savilius
2496 4498 2548 4536 in
2575 4498 2676 4538 suo
2701 4485 2892 4538 codice
2915 4495 3189 4553 apposuit.
3213 4487 3271 4539 In
3297 4487 3489 4542 codice
3513 4481 3758 4538 Fuketiano

555 4551 914 4646 Eunomianis
945 4551 1040 4621 qui
1085 4551 2123 4646 unicam‘ersione.'baptigant‘,‘exstat
2154 4591 2198 4646 ο
2233 4554 2498 4634 scriptum
2534 4553 2712 4607 inveni
2747 4551 3019 4624 πρότεροι,
3052 4571 3218 4624 quam
3270 4557 3558 4611 lectionem
3589 4555 3635 4606 in
3668 4563 3758 4604 ver-

554 4638 732 4676 canon
771 4620 1041 4692 septimus
1074 4620 1270 4692 synodi
1303 4620 1951 4692 Constantinopolitanae.

625 4691 980 4762 (ρηιΜηδὲν
1007 4691 1139 4759 περὶ
1166 4692 1399 4744 τούτου.
1451 4691 1949 4762 Mallemscribere
1996 4693 2124 4762 περὶ

551 4763 731 4817 τοῦτο.
770 4761 844 4814 lla
873 4772 1025 4817 certe
1061 4761 1304 4832 loquitur
1329 4761 1505 4832 paulo,
1532 4770 1656 4832 post
1687 4761 2046 4818 Sozomenus.

622 4834 732 4904 (2-2)
789 4835 1102 4901 Πρόφασιν
1132 4830 1345 4904 ξαὺτὴιξ
1401 4830 1508 4886 τοῦ
1534 4830 1890 4904 ίχωρισμοῦ,
1957 4832 2123 4887 Recte

550 4902 1090 4970 Christophorsonus
1129 4903 1278 4956 hunc
1325 4902 1501 4957 locum
1539 4903 1807 4955 intellexit
1853 4902 1921 4956 de
1962 4918 2122 4971 sepa-

556 4975 765 5028 ratione
792 4973 1042 5027 Eunomii
1075 4974 1142 5028 ab
1167 4973 1406 5026 Arianis.
1441 4973 1609 5041 quue
1636 4972 1804 5096 glane
1832 4975 2123 5026 conlirmat

556 5044 955 5096 Pliilostoruius
986 5045 1039 5096 in
1067 5045 1158 5096 lib.
1199 5059 1274 5096 lx.
1313 5059 1434 5096 can.
1467 5043 1520 5096 4.
1552 5052 1604 5096 et
1656 5042 1794 5096 ‘acr.
1831 5044 1884 5095 in
1914 5044 2010 5096 lib.
2045 5059 2119 5096 ιν.

555 5044 955 5111 Philostorgius
986 5045 1039 5096 in
1067 5045 1158 5100 lib.
1199 5059 1274 5109 lx,
1313 5059 1434 5113 cap.
1467 5043 1520 5108 4,
1552 5052 1604 5097 et
1636 5042 1794 5096 Socr.
1831 5044 1884 5095 in
1914 5044 2010 5098 lib.
2045 5059 2119 5110 tv,

554 5133 676 5187 cap.
708 5116 796 5176 12,
828 5130 988 5184 quem
1016 5114 1158 5170 vide.

2231 4623 2386 4676 sione
2421 4637 2539 4677 mea
2572 4623 2801 4676 secutus
2827 4623 2968 4677 sum.

2301 4693 2414 4762 (ει)
2460 4691 2994 4767 Ἀναϐιιπτὶζογτες.
3023 4692 3363 4767 Eunomiani
3388 4693 3529 4751 istud
3557 4689 3759 4767 albaria:

2232 4765 2339 4836 nis,
2394 4761 2960 4836 u‘lpotehparentibus
3013 4765 3154 4826 suis,
3212 4774 3575 4836 acceperant._
3612 4761 3757 4836 Ariani

2230 4834 2375 4888 enim
2407 4832 2724 4905 Catholieos
2745 4833 2822 4905 ad
2856 4849 2916 4888 se
2956 4836 3242 4890 venientes
3287 4832 3695 4905 rebaptizabant.
3718 4835 3756 4905 ut

2229 4913 2419 4957 notum
2447 4910 2549 4957 est.
2578 4903 2696 4968 Qua
2726 4903 2792 4956 de
2814 4918 2873 4957 re
2897 4905 3049 4959 locus
3077 4915 3160 4960 est
3186 4901 3508 4960 illustris—in
3531 4901 3759 4957 Brevian'o

2227 4973 2350 5044 fidei
2401 4973 2669 5044 adversus
2710 4973 2969 5038 Arianos,
3003 4975 3150 5044 quod
3202 4977 3339 5029 olim
3371 4976 3537 5030 edidit
3567 4971 3759 5026 Iacobus

2229 5042 2599 5098 Sirmundus:
2640 5043 2825 5096 Dicere
2857 5042 3035 5098 etiam
3053 5047 3224 5098 solent
3261 5045 3329 5099 de
3367 5046 3759 5113 baptismo,un

2229 5116 2282 5169 in
2309 5132 2368 5168 eo
2403 5114 2591 5167 melius
2622 5114 2690 5168 sit
2727 5114 2961 5183 ipsorum
2992 5116 3344 5180 baptismum,
3368 5133 3524 5186 quam
3545 5120 3760 5168 nostrum;

1967 5228 2352 5286 VABIORUM.

625 5333 651 5361 α
689 5318 828 5386 Περὶ
865 5319 982 5386 τὴν
1034 5320 1202 5373 θείαν
1227 5320 1526 5386 βάπτισιν
1559 5321 1975 5387 ἐνεωτέρισαν,
2017 5328 2126 5377 etc.

556 5393 667 5449 Eos
702 5392 914 5445 scilicet
945 5391 1038 5460 qui
1074 5391 1126 5443 in
1159 5393 1382 5445 nomine
1421 5391 1621 5452 Patris,
1654 5399 1707 5445 et
1739 5391 1882 5452 Filii,
1919 5401 1974 5445 et
2002 5390 2126 5459 Spi-

562 5473 703 5516 l'llllS
731 5463 909 5515 sancti
960 5462 1218 5530 baptizati
1261 5471 1419 5525 sunt,
1452 5462 1608 5530 quasi
1639 5462 1899 5516 seductos
1947 5465 2129 5514 denuo

554 5533 926 5601 baptizabant,
951 5532 1115 5598 idque
1145 5540 1350 5584 tantum
1383 5548 1490 5584 una
1515 5533 1787 5586 mersione
1813 5534 1865 5584 in
1899 5542 2127 5601 mortem

554 5600 787 5657 Christi.
821 5601 944 5656 Vid.
980 5601 1156 5665 Socr.,
1212 5602 1308 5653 lib.
1365 5618 1433 5665 ν,
1498 5616 1619 5668 cap.
1653 5601 1742 5666 24,
1785 5610 1837 5655 et
1891 5600 2124 5664 Thcod.,

558 5673 708 5728 Ηων.
744 5673 882 5740 fab.,
915 5672 1009 5725 lib.
1053 5687 1125 5736 tv,
1154 5686 1273 5738 cap.
1302 5672 1353 5725 5.
1388 5671 1738 5724 Contrarium
1764 5673 1964 5725 diserte
1997 5687 2134 5740 pra:-

557 5743 687 5813 ςὶρὶι
729 5759 904 5798 canon
951 5743 1288 5814 apostolicus
1328 5742 1842 5812 quinquagesimus.
1903 5743 1960 5794 Et
2008 5742 2132 5813 qui-

2236 5323 2360 5377 dem
2395 5321 2598 5393 trinam
2639 5321 2692 5375 in
2733 5322 3005 5391 baptismo
3045 5322 3365 5393 peragenda
3401 5321 3759 5393 immersionell

2237 5392 2542 5463 antiqui_tus
2596 5389 2912 5460 usurpatam
2952 5389 3143 5455 fuisse,
3182 5389 3497 5463 locupletes
3543 5389 3760 5463 habemus

2239 5458 2406 5533 testes
2437 5458 2856 5524 Tertullianum,
2887 5458 3544 5533 Athanasiumﬁ'yrillum
3566 5458 3760 5514 Hiems»

2235 5532 2608 5592 Ambrosium,
2665 5533 2910 5601 aliosque
2952 5533 3141 5588 Patres
3172 5531 3405 5586 Graecas
3455 5531 3758 5601 Latinosque-

2238 5602 2371 5657 Vide
2411 5592 2955 5676 Guil._Bev§necmn,
2979 5605 3169 5657 Annot.
3201 5605 3272 5676 in
3295 5616 3562 5676 canonum
3595 5592 3760 5676 ραυρϋ

2234 5683 2409 5736 ctum,
2467 5682 2520 5726 et
2568 5673 2620 5724 in
2676 5671 2866 5726 Codice
2924 5689 3178 5727 canonum
3224 5671 3482 5726 Ecclesia!
3528 5669 3760 5738 primitiae

2237 5745 2529 5805 illustrare,
2561 5742 2654 5794 lib.
2697 5759 2756 5804 ll,
2789 5759 2902 5814 cap.
2940 5747 2989 5809 6,
3032 5745 3101 5796 De
3135 5743 3282 5794 trina
3318 5744 3570 5796 mersione
