4066 6338
359 353 503 414 4369

1315 353 1643 410 HISTORIA
1679 352 2228 414 ECCLESIASTICA.
2270 389 2339 398 ——
2374 359 2504 415 LIB.
2547 356 2633 412 V'l.

3484 353 3510 408 1
3521 352 3624 410 ’570

359 487 483 544 τητι
521 469 692 534 πάθος
735 469 1021 540 δέξασθαι,
1074 471 1168 526 καὶ
1209 472 1267 526 ὲν
1314 473 1381 544 τῇ
1431 449 1718 545 τριημέρῳ
1759 474 1943 549 ἐκείνῃ

2063 491 2268 532 Jassum
2310 491 2465 541 esse;
2512 483 2567 532 et
2615 474 2669 528 in
2699 473 2957 528 triduana
3010 473 3102 528 illa
3150 471 3400 543 corporis
3451 480 3626 526 morte

361 561 627 633 νεκρώσει
666 562 762 616 τοῦ
805 563 1076 635 σώματος,
1118 567 1214 619 καὶ
1255 562 1356 634 τήν
1408 563 1640 636 θεότητα
1709 582 1947 620 συναπο-

361 653 701 725 νεκρωθῆναι
726 653 804 725 τῷ
835 654 1078 726 σώματιο
1110 655 1204 709 καὶ
1239 654 1382 709 οὕτω
1426 657 1578 727 παρὰ
1605 657 1699 711 τοῦ
1732 658 1947 730 Πατρὺς

363 744 526 797 πάλιν
553 744 662 798 ἀπὸ
684 743 780 797 τοῦ
807 745 1036 800 θανάτου
1065 745 1438 816 διαναστῆναι.
1471 747 1552 800 Τὰ
1596 747 1656 801 δὲ
1686 746 1822 802 ἄλλα
1849 749 1948 802 ὅσα

363 837 685 908 προστίθησι
731 839 852 902 ταῖς
895 838 1176 904 τοιαύταις
1221 839 1493 905 ἀτοπίαις,
1525 841 1736 912 μακρὸν
1765 839 1831 895 ἂν
1861 842 1946 914 εἴη

363 928 634 993 διεξιέναι.
661 925 763 983 Οἴα
789 931 888 1002 μὲν
910 927 1003 985 οὖν
1027 932 1122 985 καὶ
1153 932 1302 996 ὅπως
1317 925 1460 1002 ’περὶ
1477 929 1613 984 Θεοῦ
1637 931 1948 996 δοξάζουσιν

374 1021 748 1095 Ἀπολινάριός
799 1041 861 1078 τε
900 1027 996 1079 καὶ
1041 1027 1327 1098 Εὐνόμιος,
1378 1026 1443 1080 ὲκ
1483 1026 1592 1083 τῶν
1642 1026 1949 1098 εἰρημένων

363 1114 470 1186 δτῳ
505 1114 653 1185 μέλει
685 1117 974 1172 σκοπείτω.
1007 1119 1071 1172 El
1095 1119 1150 1172 δὲ
1184 1119 1314 1190 περὶ
1343 1118 1581 1190 μάθησιν
1608 1118 1812 1190 ἀκριϐῆ
1840 1118 1950 1172 τῶν

371 1207 619 1262 τοιούτων
663 1211 846 1263 πονεῖν
893 1209 1152 1279 ἔγνωκεν,
1181 1211 1247 1264 ὲκ
1285 1211 1396 1265 τῶν
1442 1211 1867 1284 γεγραμμένων,
1912 1209 1948 1283 ἦ

365 1299 570 1362 αὐτοῖς,
595 1299 628 1370 ἢ
652 1300 860 1372 ἑτέροις
884 1301 1011 1372 περὶ
1041 1302 1240 1368 αὐτῶν,
1287 1301 1616 1375 ἐπιζητείτω
1644 1301 1715 1356 τὰ
1749 1301 1946 1355 πλεὶωο

365 1389 489 1441 ἐπεὶ
514 1389 637 1457 ἐμοὶ
667 1389 790 1443 οὕτε
829 1390 1066 1445 συνιέναι
1105 1391 1174 1446 τὰ
1216 1391 1464 1461 τοιαῦτα,
1509 1390 1636 1445 οὗτε
1678 1393 1954 1464 μεταφρά-

366 1477 483 1543 ζειν
529 1479 772 1545 εὐπετές.
811 1480 901 1546 Ὦς
943 1480 1088 1536 ἔοικε
1135 1481 1214 1549 δὲ,
1272 1483 1411 1555 πρὸς
1463 1485 1585 1546 ταῖς
1631 1481 1951 1553 εἰρημέναις

368 1571 592 1636 αἰτίαις,
638 1571 700 1625 τὺ
746 1573 821 1643 μὴ
863 1572 1134 1645 κρατῆσαι
1166 1573 1294 1628 τάδε
1333 1573 1404 1629 τὰ
1447 1572 1691 1644 δόγματα
1735 1574 1830 1627 καὶ
1872 1575 1953 1636 είς

369 1663 602 1729 πολλοὺς
628 1664 928 1736 προελθεῖν,
973 1664 1208 1736 μάλιστα
1239 1667 1354 1731 τοῖς
1379 1666 1503 1720 τότε
1533 1667 1790 1737 μοναχοῖς
1814 1664 1953 1735 λογι-

371 1753 544 1807 στέον,
580 1753 769 1825 Ἀπρὶξ
802 1753 911 1826 γάρ
943 1754 1150 1825 εἴχοντο
1169 1755 1278 1810 τῶν
1314 1756 1373 1810 ὲν
1408 1755 1615 1828 Νικαίᾳ
1643 1755 1950 1826 δογμάτων,

2046 565 2389 620 divinitatem
2418 577 2638 634 quoque
2679 563 2729 617 ei
2772 569 3172 618 commortuam
3221 559 3427 626 fuisse;
3461 566 3626 628 atque

2047 655 2123 708 ita
2151 655 2369 710 demum
2403 653 2583 710 Patris
2610 651 2875 708 beneﬁcio
2902 667 2966 707 ex
2994 659 3170 706 morte
3204 649 3272 704 ad
3301 651 3471 705 vitam
3501 664 3626 704 esse

2047 754 2382 800 revocatam.
2409 742 2615 799 Caetera
2646 757 2768 814 quae
2802 739 3122 810 hujusmodi
3155 739 3414 794 absurdis
3441 753 3624 793 asser—

2047 832 2290 888 tionibus
2346 832 2628 904 adjungit,
2682 831 2903 902 longum
2953 827 3119 884 fuerit
3169 841 3623 883 commemorare.

2045 924 2310 990 Quaenam
2342 923 2510 994 igitur
2541 929 2595 978 et
2633 921 2818 993 qualia
2857 921 2926 976 de
2954 919 3066 975 Deo
3106 918 3380 976 senserint
3425 917 3621 988 Apolli-

2049 1018 2202 1074 naris
2233 1024 2288 1072 et
2316 1016 2642 1082 Eunomius,
2677 1030 2745 1070 ex
2771 1015 2857 1071 his
2889 1028 3010 1086 qua:
3034 1013 3300 1076 diximus,
3324 1011 3628 1082 intelligere

2049 1108 2273 1181 poterit,
2299 1108 2396 1179 qui
2436 1107 2603 1163 volet.
2646 1105 2802 1173 Quod
2840 1105 2885 1160 si
2920 1104 3046 1176 quis
3074 1111 3392 1158 accuratam
3425 1101 3622 1170 hujus-

2051 1198 2198 1255 modi
2245 1213 2427 1253 rerum
2484 1197 2738 1252 notitiam
2792 1195 3091 1259 desiderat,
3138 1193 3309 1250 ex.iis
3339 1207 3460 1262 quae
3499 1191 3624 1262 ipsi,

2050 1291 2135 1346 vel
2185 1306 2309 1360 quae
2366 1289 2456 1345 alii
2505 1290 2574 1344 de
2609 1289 2746 1358 ipsis
2795 1288 3178 1358 scripserunt,
3224 1284 3381 1356 plura
3428 1283 3627 1353 poterit

2051 1397 2385 1453 cognoscere
2412 1400 2425 1436 :
2453 1395 2630 1452 neque
2652 1381 2798 1436 enim
2826 1379 2958 1434 mihi
2996 1377 3157 1446 facile
3181 1385 3269 1433 est
3296 1385 3389 1430 aut
3423 1375 3624 1430 intelli-

2052 1486 2180 1544 gere
2223 1473 2350 1537 ista,
2385 1481 2481 1527 aut
2518 1486 2814 1542 exponere.
2859 1469 3133 1524 Craterum
3179 1466 3326 1538 quod
3374 1466 3627 1536 dogmata

2053 1563 2163 1620 ista
2215 1577 2326 1618 non
2374 1561 2800 1632 praevaluerint,
2840 1574 2943 1616 nec
2987 1559 3055 1613 ad
3097 1557 3300 1614 multos
3342 1572 3633 1628 permana-

2052 1655 2188 1719 rint,
2222 1662 2424 1726 praeter
2447 1667 2542 1708 eas
2570 1665 2770 1707 causas
2805 1665 2943 1721 quas
2983 1664 3146 1719 supra
3171 1648 3306 1717 dixi,
3340 1647 3632 1705 monachis

2051 1744 2403 1817 potissimum
2464 1752 2524 1800 ut
2589 1742 2828 1797 arbitror
2881 1740 3269 1798 ascribendum
3329 1749 3433 1794 est.
3491 1737 3628 1795 Nam

368 1844 423 1898 οῖ
444 1847 583 1915 τε,ὲν
618 1844 788 1918 Συρίᾳ
836 1845 931 1900 καὶ
982 1847 1368 1919 Καππαδοκίᾳ,
1415 1848 1512 1903 καὶ
1555 1827 1715 1918 πέριξ
1749 1846 1955 1901 τούτων

2063 1841 2326 1908 Quotquot
2353 1833 2408 1890 in
2454 1833 2616 1906 Syria
2663 1838 2721 1888 et
2769 1829 3149 1902 Cappadocia,
3187 1837 3241 1884 et
3297 1827 3633 1884 circumsitis

371 1934 804 2006 φιλοσοφοῦντες.
837 1937 904 1992 Ἢ
934 1937 1034 2009 μὲν
1063 1938 1170 2010 γάρ
1204 1937 1352 2004 Ἕως
1380 1937 1514 2010 (28)⁹
1557 1937 1666 1994 ἀπὸ
1717 1936 1956 1991 Κιλίκων

373 2025 677 2099 ἀρξαμένη,
715 2027 875 2099 μέχρι
906 2029 1173 2084 ⁴ιδοινίκων
1201 2029 1544 2085 ἐκινδύνευσε
1582 2028 1834 2099 γενέσθαι
1859 2027 1958 2099 τῆς

387 2119 760 2192 ’Λπολιναρίου
789 2120 1053 2192 αἱρέσεως
1078 2119 1191 2192 (29)
1210 2137 1224 2152 ⁶
1250 2121 1516 2193 Εὐνομίου
1557 2119 1614 2174 δὲ
1664 2118 1772 2172 άπὸ
1805 2117 1958 2171 Κιλί-

373 2228 506 2274 κων,
539 2211 632 2265 καὶ
659 2210 870 2280 Ταύρου
905 2210 1000 2265 τοῦ
1025 2211 1217 2283 ὅρους,
1263 2209 1357 2265 καὶ
1389 2210 1552 2282 μέχρι
1598 2207 1693 2263 τοῦ
1743 2207 1963 2279 Ἑλλησ-

375 2301 567 2355 πόντου
619 2302 714 2356 καὶ
759 2304 859 2374 τῆς
911 2301 1552 2364 Κωνσταντινουπόλεωςο
1616 2299 1817 2372 ῥᾳδίως
1850 2297 1960 2368 γὰρ

374 2393 636 2466 ἑκάτερος
665 2394 792 2464 παρ’
821 2390 902 2458 οἷς
926 2394 1180 2464 διέτριϐε,
1211 2393 1305 2447 καὶ
1327 2394 1455 2457 τοὺς
1484 2391 1673 2455 πέλας,
1702 2391 1769 2445 τὰ
1794 2387 1961 2443 αὐτοῦ

377 2489 591 2558 φρονεῖν
613 2485 817 2541 ἔπειθε.
845 2485 1233 2558 Παραπλήσιον
1253 2483 1311 2539 δέ
1336 2501 1454 2547 πως
1477 2483 1590 2546 τοῖς
1609 2481 1701 2534 ἐπὶ
1725 2480 1960 2551 Ἀρείου,

378 2577 472 2632 καὶ
518 2578 611 2630 ὲπὶ
659 2577 870 2642 τούτοις
928 2575 1272 2648 συμϐέϐηκε·
1318 2575 1380 2628 τὸ
1421 2573 1530 2646 γὰρ
1561 2573 1689 2645 τῇδε
1735 2570 1959 2655 πλῆθος,

376 2669 505 2732 τοὺς
556 2668 897 2738 δηλωθέντας
936 2667 1201 2738 μοναχοὺς
1237 2666 1338 2737 τῆς
1387 2663 1588 2737 ἀρετῆς
1628 2663 1736 2717 τῶν
1785 2660 1962 2733 ἔργων

378 2761 746 2831 ὲκθαυμάζον,
791 2761 966 2833 ὀρθῶς
1008 2761 1203 2823 αὐτοὺς
1243 2757 1487 2826 δοξάζειν
1530 2756 1821 2810 ἐπίστευε·
1867 2751 1964 2808 καὶ

378 2851 504 2914 τοὺς
537 2849 712 2914 ἄλλως
760 2849 1108 2921 φρονοῦντας,
1159 2847 1248 2904 οἷά
1293 2865 1359 2918 γε
1411 2847 1486 2919 μὴ
1538 2845 1962 2919 καθαρεύοντας,

379 2941 549 2995 νόθων
599 2942 884 3011 δογμάτων
939 2941 1360 3013 ἀπεστρέφοντο.
1412 2939 1626 3011 Ὠσπερ
1675 2936 1965 3006 Αἰγύπτιοι

378 3033 492 3094 τοῖς
527 3034 654 3102 παρ’
683 3032 866 3094 αὐτοῖς
893 3033 1144 3103 μοναχοῖς
1193 3031 1472 3103 ἑπόμενοι,
1517 3026 1774 3093 ἐναντίως
1820 3021 1967 3098 εῐχον

381 3123 518 3192 πρὸς
549 3123 674 3186 τοὺς
713 3123 943 3195 Ἀρείου.

2058 1926 2360 1999 provinciis
2395 1926 2763 1983 monasticam
2814 1921 3218 1994 philosophiam
3254 1920 3632 1982 sectabantur,

2058 2017 2290 2074 Nicaeuae
2358 2003 2555 2087 synodi
2617 2012 2854 2069 decretis
2924 2008 3206 2064 mordicus
3262 2004 3633 2062 adhaerebant.

2057 2107 2258 2164 Parum
2281 2113 2430 2162 certe
2453 2104 2628 2161 abfuit
2659 2103 2792 2174 quin
2816 2099 3060 2157 Orientis
3089 2112 3282 2153 omnes
3315 2093 3633 2166 provinciae,

2061 2213 2090 2254 a
2118 2197 2312 2255 Cilicia
2345 2212 2524 2268 usque
2557 2195 2626 2250 ad
2659 2192 2985 2258 Phoenicen,
3016 2187 3353 2261 Apollinaris
3379 2185 3635 2242 haeresim

2059 2291 2542 2361 amplecterentur.
2575 2285 2833 2342 Eunomii
2880 2291 3066 2338 autem
3101 2279 3349 2345 haeresis,
3382 2294 3412 2333 a
3445 2276 3637 2333 Cicilia

2059 2389 2117 2438 et
2164 2388 2351 2435 monte
2380 2379 2566 2434 Tauro
2597 2377 2665 2432 ad
2695 2376 3106 2446 Hellespontum
3153 2373 3317 2444 256
3363 2385 3536 2441 usque
3580 2375 3638 2424 et
3754 2362 3756 2364 ’

2061 2472 2620 2542 Constantinopolim,
2656 2477 2856 2526 cuncta
2893 2466 3286 2539 propemodum
3327 2462 3639 2534 occupavit.

2062 2559 2304 2632 Uterque
2336 2562 2483 2618 enim
2515 2569 2632 2616 tum
2659 2575 2755 2616 eos
2783 2559 2926 2630 apud
2950 2573 3090 2629 quos
3111 2557 3492 2620 morabantur,
3522 2563 3637 2608 tum

2062 2670 2252 2711 eorum
2301 2653 2586 2720 ﬁnitimos,
2635 2653 2691 2707 in
2725 2667 2883 2708 suam
2937 2651 3266 2707 sententiam
3307 2648 3470 2704 facile
3517 2662 3641 2718 per-

2064 2747 2358 2805 duxerunt.
2408 2745 2555 2802 idem
2609 2759 2778 2815 porro
2825 2743 2946 2800 istis
2991 2742 3223 2806 accidit,
3275 2742 3421 2813 quod
3473 2747 3634 2795 antea

2045 2837 2283 2894 'Arianis
2313 2835 2613 2891 acciderat.
2641 2834 2885 2905 Populus
2899 2833 3048 2890 enim
3080 2833 3134 2888 in
3167 2831 3275 2887 illis
3303 2830 3638 2903 regionibus,

2064 2945 2191 2986 cum
2227 2927 2534 2984 monachos
2583 2941 2724 2996 quos
2756 2941 2922 2997 supra
2961 2925 3226 2991 diximus,
3273 2924 3342 2980 ob
3385 2923 3640 2977 virtutem

2064 3027 2228 3092 atque
2259 3033 2422 3090 opera
2455 3017 2613 3073 valde
2645 3018 3039 3084 admiraretur,
3089 3025 3236 3072 recte
3277 3017 3400 3070 illos
3438 3013 3643 3070 sentire

2065 3109 2451 3169 existimabat:
2473 3122 2570 3164 eos
2598 3123 2731 3164 vero
2756 3108 2850 3178 qui
2883 3108 3041 3162 aliter
3060 3107 3346 3170 sentirent,
3379 3114 3640 3176 tanquam

381 3212 706 3270 adulterinis
797 3213 1152 3284 opinionibus
1222 3212 1582 3284 inquinatos,
1656 3207 2075 3265 aversabantur.
2165 3200 2635 3268 Quemadmodum
2721 3199 2854 3255 olim
2922 3196 3168 3270 Egyptii
3249 3195 3643 3251 monachorum

383 3319 611 3361 suorum
638 3302 944 3358 doctrinam
983 3302 1190 3370 secuti,
1237 3302 1460 3358 Arianis
1492 3301 1712 3356 fortiter
1749 3298 2086 3355 restiterant.

963 3397 1214 3452 ΚΕΦΑΛ.
1255 3398 1391 3450 KH’.

383 3489 524 3558 Περὶ
560 3489 678 3542 τῶν
710 3487 858 3542 κατὰ
892 3488 1034 3558 robe
1066 3487 1311 3556 καιροὺς
1352 3487 1624 3554 ἐκείνους
1655 3483 1968 3558 (ﬂammif-

455 3556 574 3612 των
603 3561 785 3628 ἁγίων
811 3556 1048 3625 ἀνδρῶν
1085 3559 1155 3628 ἐκ
1183 3559 1480 3627 Αἰγύπτῳ,
1521 3559 1814 3628 Ἰωάννου,
1844 3557 1968 3628 Ὢρ,

468 3626 669 3698 Ἀμὼν,
704 3627 923 3698 Βήνου,
953 3627 1170 3693 Θεωινᾶ,
1215 3626 1474 3696 Κόπρου,
1518 3626 1727 3693 Ἑλλῆ,
1779 3626 1969 3691 Ἠλία,

469 3697 777 3760 Ἀπελλοῦ,
821 3698 1142 3767 Ἰσιδώρου,
1201 3698 1605 3766 Σεραπίωνος,
1644 3699 1973 3765 Διοσκόρου

459 3769 556 3822 καί
592 3768 912 3837 Εὐλογίου.

457 3859 551 3921 Εἰς
595 3857 785 3929 καιρὸν
818 3857 874 3910 δέ
919 3875 1008 3927 μοι
1054 3857 1222 3925 δοκεῖ,
1265 3857 1668 3930 ἐπιμνησθέντα
1701 3856 1808 3911 τῶν
1851 3855 1973 3911 τότε

387 3950 448 4001 ὲν
485 3948 896 4020 Χριστιανισμῷ
930 3949 1381 4020 φιλοσοφούντων,
1407 3950 1564 4013 ὅσους
1607 3948 1672 4003 ἂν
1708 3949 1974 4020 δυναίμην

387 4039 695 4104 διεξελθεῖν.
748 4039 979 4111 Πλείστη
1031 4042 1140 4112 γὰρ
1195 4043 1316 4095 κατ’
1362 4043 1538 4094 ἐκεῖνο
1589 4038 1781 4109 καιροῦ
1835 4040 1976 4110 φορὰ

390 4130 655 4200 θεοφιλῶν
683 4131 892 4202 ἀνδρῶν
925 4131 1168 4202 ἐπήνθει.
1200 4132 1470 4203 Διέπρεπε
1503 4131 1558 4183 δὲ
1590 4129 1730 4184 κατὰ
1755 4129 1976 4192 τούτους

390 4216 466 4276 ὧν
512 4225 670 4293 τσμεν
713 4223 771 4274 ἐν
808 4223 1067 4294 Αἰγύπτῳ
1100 4223 1387 4295 Ἰωάννης,
1436 4217 1479 4291 ᾧ
1530 4223 1590 4274 τὸ
1646 4221 1835 4292 μέλλον
1883 4220 1975 4273 καὶ

391 4314 569 4377 ἄλλοις
615 4313 808 4383 ἄδηλον
853 4316 881 4367 ὀ
925 4313 1059 4377 Θεὸς
1114 4313 1402 4385 ἐδήλωσεν,
1453 4315 1552 4386 οὐχ
1602 4311 1764 4385 ἦττον
1802 4313 1976 4384 ἥτοῖς

391 4405 572 4469 ἄλλοις
615 4404 782 4458 πάλαι
821 4405 1161 4476 προφήταιςο
1205 4405 1299 4459 καὶ
1341 4405 1511 4477 δῶρον
1554 4404 1750 4458 ἔδωκεν
1797 4403 2009 4457 ἰᾶσθαι.

391 4499 518 4562 τοὺς
539 4498 778 4560 ἀνιάτοις
808 4497 1004 4551 πάθεσι
1032 4497 1126 4551 καὶ
1154 4498 1329 4562 νόσοις
1357 4498 1682 4569 κάμνοντας.
1713 4498 1819 4550 Καὶ
1852 4497 1973 4569 Ὢρ,

391 4589 451 4653 ὃς
479 4591 543 4644 ὲκ
567 4589 686 4642 νέου
718 4588 982 4659 διέτριϐεν
1011 4591 1066 4642 ἐν
1099 4591 1344 4661 ἐρήμοις,
1373 4590 1462 4642 ἀεὶ
1497 4589 1558 4642 τὸ
1578 4589 1730 4642 Θείον
1769 4587 1972 4658 ὑμνῶν.

407 4679 697 4750 Ἐτρέφετο
744 4679 800 4731 δὲ
846 4679 1097 4749 βοτάναις
1141 4679 1235 4733 καὶ
1281 4679 1458 4750 ῥίζαις
1500 4677 1658 4733 τισίν.
1699 4677 1883 4749 ’Υδωρ
1918 4677 1975 4730 δὲ

393 4770 578 4824 ἔπινεν
606 4770 660 4822 ετ
683 4788 758 4842 πη
795 4764 970 4843 εὗρεν.
1017 4771 1168 4824 Ἐπεὶ
1213 4771 1269 4824 δὲ
1301 4770 1479 4840 γέρων
1515 4765 1604 4840 ἦν,
1637 4768 1780 4823 κατὰ
1825 4767 1974 4822 θείαν

395 4861 692 4934 πρόσταξιν
721 4861 1083 4932 μετοικισθεὶς
1110 4865 1188 4926 είς
1214 4861 1474 4930 Θηϐαΐδα,
1502 4860 1769 4914 πλείστων
1790 4863 1976 4931 ἡγεῖτο

398 4954 809 5027 μοναστηρίων,
854 4954 961 5008 οὐδ’
996 4955 1157 5018 αὐτὸς
1211 4953 1369 5008 θείων
1416 4953 1666 5024 πράξεων
1710 4953 1975 5024 ἀμοιρῶν.

393 5047 575 5103 Μόνον
603 5045 711 5118 γὰρ
745 5047 1057 5116 εὐχόμενος,
1107 5045 1293 5108 νόσους
1335 5045 1428 5098 καὶ
1475 5044 1732 5114 δαίμονας
1758 5043 1974 5112 ἦλαυνε.

395 5141 510 5195 Καὶ
555 5140 860 5210 γράμματα
913 5139 988 5210 μὴ
1039 5137 1243 5208 μαθὼν,
1275 5139 1374 5191 ούκ
1425 5138 1592 5190 ἐδεῖτο
1633 5137 1851 5207 βιϐλίων
1897 5138 1980 5199 είς

396 5228 702 5298 ἀνάμνησιν
721 5244 734 5258 ο
766 5228 899 5281 ἀλλὰ
929 5229 1036 5281 πᾶν
1064 5229 1200 5299 ὅπερ
1228 5227 1418 5280 ἔλαϐεν
1447 5229 1526 5289 είς
1561 5227 1704 5291 νοῦν,
1735 5229 1978 5297 κρεῖττον

397 5315 569 5388 λήθης
595 5317 874 5388 ἐτύγχανε.
916 5318 1052 5389 Περὶ
1082 5317 1138 5371 δὲ
1167 5317 1321 5372 τοῦτο
1355 5319 1413 5372 τὸ
1451 5318 1621 5389 κλίμα
1669 5317 1976 5388 ἐφιλοσόφει

2627 3382 2786 3443 CAP.
2838 3382 3072 3438 XXVIII.

2074 3483 2147 3538 De
2201 3477 2581 3547 sanctis_viris
2628 3478 2718 3547 qui
2774 3487 2899 3547 tunc
2941 3473 3286 3547 irreligpr
3316 3475 3642 3547 ﬂoruerunt,

2138 3551 2367 3613 Joanne,
2404 3545 2500 3608 0r,
2539 3543 2731 3612 Anton,
2763 3546 2928 3607 Beno,
2973 3543 3206 3611 Theano,
3246 3543 3433 3608 (ἔσηνε,
3473 3543 3640 3608 Helle,

2145 3621 2296 3746 Enr,
2325 3617 2560 3702 .Apeue,
2625 3615 2874 3683 Isidoro,
2908 3615 3228 3685 Serapione,
3280 3615 3536 3669 Dioscoro
3598 3629 3649 3673 et

2193 3709 2229 3746 ιι
2253 3705 2390 3762 ogto.

2145 3867 2251 3926 Sed
2270 3867 2491 3941 quando
2521 3866 2576 3923 in
2601 3867 2936 3922 mentionem
2972 3864 3140 3919 incidi
3169 3879 3358 3919 eorum
3389 3864 3482 3933 qui
3517 3871 3651 3916 tunc

2074 3961 2339 4031 temporis
2387 3960 2531 4014 inter
2564 3957 2913 4039 Christianos
2951 3953 3320 4025 philosophati
3361 3961 3520 4018 sunt,
3558 3969 3653 4023 0p-

2075 4063 2373 4126 portunum
2421 4052 2663 4106 arbitror
2718 4063 3084 4118 quoscunque
3143 4059 3291 4099 nunc
3345 4045 3649 4114 potuerim,

2075 4157 2531 4202 commemorare.
2579 4140 2656 4195 Ea
2699 4140 2845 4195 enim
2893 4146 3214 4208 tempestate
3257 4138 3450 4207 ingens
3492 4139 3650 4206 copia

2078 4232 2492 4290 hominumDeo
2513 4231 2837 4285 dilectorum
2862 4228 3120 4284 einoruit.
3145 4227 3224 4282 Ex
3253 4227 3323 4282 iis
3354 4243 3481 4282 vero
3511 4243 3652 4297 quos

2076 4325 2132 4380 in
2197 4324 2433 4396 Egypto
2484 4322 2692 4378 vixisse
2762 4321 3112 4390 accepimus,
3165 4319 3479 4390 praecipuus
3548 4320 3654 4372 fuit

2075 4416 2338 4481 Joannes,
2386 4413 2476 4470 cui
2509 4413 2655 4470 Deus
2694 4429 2804 4470 non
2835 4412 3019 4467 minus
3053 4426 3216 4482 quam
3239 4411 3518 4466 veteribus
3543 4411 3654 4467 illis

2077 4509 2393 4582 pr0phetis,
2430 4507 2739 4562 futurarum
2783 4504 3202 4573 abditarumque
3249 4518 3429 4558 rerum
3468 4502 3654 4572 cogni-

2079 4601 2282 4656 tionem
2318 4597 2618 4651 donaverat
2649 4610 2664 4648 :
2693 4609 2898 4664 eosque
2942 4592 3034 4663 qui
3073 4592 3473 4666 insanabilibus
3511 4606 3655 4645 mor-

2079 4691 2166 4748 bis
2227 4689 2550 4745 laborabant
2601 4687 2832 4742 curandi
2895 4685 3122 4740 dederat
3175 4692 3522 4755 potestatem.
3580 4682 3656 4738 0r

2079 4787 2363 4851 praeterea,
2390 4779 2484 4849 qui
2526 4777 2596 4831 ab
2635 4775 2860 4830 ineunte
2883 4784 3041 4830 aetate
3075 4774 3209 4829 vixit
3245 4774 3300 4828 in
3332 4773 3653 4836 solitudine,

2079 4871 2310 4943 hymnos
2338 4869 2560 4924 assidue
2588 4869 2642 4921 in
2677 4867 2769 4920 Dei
2808 4866 3024 4922 laudem
3056 4881 3281 4921 canens.
3311 4863 3654 4920 Vescebatur

2078 4970 2261 5016 autem
2325 4959 2526 5030 plantis
2581 4959 2917 5029 quibusdam
2969 4973 3032 5014 ac
3080 4957 3378 5013 radicibus.
3445 4956 3653 5026 Aquam

2079 5070 2209 5109 vero
2243 5053 2485 5116 bibebat,
2524 5051 2704 5106 sicubi
2745 5052 3047 5105 invenerat.
3097 5048 3200 5115 Qui
3249 5063 3376 5102 cum
3421 5048 3530 5116 jam
3588 5047 3654 5099 ad

2079 5145 2304 5199 senilem
2335 5143 2579 5198 venisset
2616 5150 2858 5208 aetatem,
2890 5140 3000 5196 Deo
3023 5141 3274 5210 iubente,
3316 5139 3556 5208 migrans
3601 5138 3652 5188 in

2079 5227 2432 5296 Thebaidem,
2462 5229 2717 5299 plurimis
2764 5229 2875 5283 illic
2910 5228 3262 5283 monasteriis
3297 5228 3547 5296 praefuit,
3584 5241 3654 5277 nc

2085 5319 2173 5374 ille
2201 5319 2420 5389 quidem
2464 5318 2854 5374 miraculorum
2891 5334 3107 5389 expers.
3153 5317 3370 5373 Morbos
3407 5317 3548 5372 enim
3590 5329 3654 5366 ac

1599 5495 1869 5554 VALESII
1905 5495 2454 5553 ANNO’I‘ATIONES.

477 5635 620 5716 (‘28).
644 5634 706 5690 Ἡ
891 5634 997 5704 γὰρ
1029 5633 1158 5716 ἕως.
1185 5634 1250 5716 ln_
1281 5635 1468 5716 codice
1511 5634 1810 5716 Fultetiano
1846 5635 1982 5689 scri-

404 5714 558 5829 ptum
608 5705 791 5761 inveni
845 5705 937 5772 ἓω,
989 5705 1130 5775 quod
1183 5705 1406 5761 minimc
1459 5706 1838 5775 negligendum
1877 5722 1976 5773 pu-

433 5789 543 5828 an.

2159 5635 2270 5699 (‘29)
2341 5635 2450 5701 Τῆς
2511 5633 2927 5703 Ἀπολιναρίου
2985 5631 3282 5703 αἱρέσεως.
3345 5625 3415 5703 1η.
3465 5621 3653 5700 Codice

2089 5694 2730 5826 Flu‘kctiano"scriptum
2792 5694 2890 5758 ἐει
2951 5694 3200 5770 μερίδος,
3275 5694 3416 5764 duo"
3483 5694 3652 5761 ηιδείδ

2089 5783 2284 5843 pacet.
