4066 6338
528 257 655 310 Γὸῗί

1986 251 2326 310 SOZOMENI

3609 258 3720 314 illi!

527 371 804 424 daemones
834 367 1083 423 oratione
1129 365 1244 420 sola
1289 363 1534 437 fugabat.
1581 367 1829 439 Cumque
1875 367 2123 429 litteras.

2211 369 2286 424 ιαὶ
2351 369 2407 422 Ἀ
2417 366 2577 440 μμὼν
2594 405 2613 434 ,
2665 368 2693 420 δ
2743 366 2856 420 τῶν
2924 367 3270 436 καλουμένων
3320 368 3721 442 Ταϐεννησιωτῶν

529 474 634 512 non
658 456 964 517 didicisset.
991 455 1143 509 libris
1169 470 1308 526 opus
1347 471 1455 511 non
1501 457 1733 513 habebat
1767 467 1828 513 ut
1865 458 2098 514 remini-

530 559 813 612 sceretur;
877 545 973 602 sed
1023 546 1286 617 quidquid
1334 555 1516 604 mente
1557 558 1898 620 perceperat,
1950 551 2102 605 nulla

533 654 770 709 unquam
823 637 1004 692 delere
1034 645 1248 707 poterat
1277 638 1501 694 oblivio.
1553 637 1612 694 ln
1655 641 1844 696 eadem
1880 641 2104 713 regione

531 729 1022 802 philosOphabatur
1037 733 1198 786 etiam
1222 730 1477 797 Ammon,
1504 733 1792 803 praefectus
1819 735 2102 791 monachis

532 823 625 892 qui
664 820 1050 876 Tabennenses
1079 822 1450 886 vocabantur,
1475 830 1530 879 et
1561 823 1667 878 tria
1693 824 1914 880 circiter
1935 824 2104 880 millia

534 915 744 970 habens
796 914 1212 984 discipulorum.
1280 913 1464 971 Benus
1533 915 1660 971 item
1724 932 1790 972 ac
1853 915 2106 973 Theonas

537 1005 931 1059 monachorum
979 1006 1276 1061 consortiis
1320 1015 1607 1077 praeerant,
1638 1008 1997 1078 praescientim
2041 1023 2106 1064 ac

537 1094 834 1164 prophetia:
860 1093 1071 1147 caelesti
1110 1093 1254 1148 dono
1289 1095 1522 1166 praediti.
1564 1098 1643 1150 Ac
1689 1095 1948 1153 Theonas
1981 1097 2106 1168 qui-

535 1186 680 1249 dem,
715 1184 1096 1256 Egyptiorum
1150 1196 1204 1241 et
1243 1184 1563 1242 Graecorum
1623 1187 2108 1258 Romanorumque

535 1281 733 1334 litteris
756 1294 819 1333 ac
847 1279 1156 1350 disciplinis
1181 1279 1455 1342 eruditus,
1496 1280 1655 1335 annis
1685 1281 1908 1352 triginta
1940 1279 2110 1337 silen-

539 1371 672 1423 tium
729 1368 1046 1424 exercuisse
1103 1369 1326 1424 dicitur.
1386 1369 1564 1444 Bentts
1621 1386 1750 1424 vero
1801 1386 1833 1426 a
1893 1372 2110 1428 nemine

540 1476 778 1530 unquam
811 1462 962 1515 visus
995 1476 1118 1516 esse
1156 1460 1330 1514 fertur
1363 1461 1558 1525 iratus,
1596 1470 1689 1517 aut
1718 1462 2110 1532 jusjurandum

541 1553 823 1622 proferens
850 1563 942 1607 aut
974 1553 1315 1608 mendacium
1336 1594 1350 1618 ,
1399 1569 1498 1608 nec
1540 1555 1797 1609 audacter
1825 1565 1917 1608 aut
1939 1556 2110 1625 negli-

541 1645 756 1711 gentius
790 1645 1040 1714 loquens,
1074 1659 1174 1698 nec
1220 1644 1439 1699 inanem
1490 1659 1798 1699 sermonem
1834 1642 2105 1699 eil‘utiens.

2201 458 2538 532 ἡγούμενος,
2587 458 2730 528 ἀμφὶ
2775 457 3101 528 τρισχιλίους
3161 459 3402 530 μαθητὰς
3452 461 3598 532 ἒχων·
3649 468 3723 521 καὶ

2202 551 2372 619 Βῆνος
2393 549 2453 602 δὲ
2489 549 2583 604 καὶ
2609 548 2824 614 Θεωνὶς
2852 548 3160 620 μοναχικῶν
3206 549 3431 620 ἡγοῦντο
3455 556 3722 623 ταγμάτων,

2203 645 2294 697 καί
2354 642 2504 706 θείας
2564 641 2924 712 προγνώσεως
2981 642 3074 694 καὶ
3134 643 3467 714 προφητείας
3525 647 3722 716 ἐμπλεω,

2203 736 2433 802 Λέγεται
2477 735 2535 788 δὲ
2583 735 2676 788 καὶ
2718 733 2934 800 Θεωνᾶν
2967 735 3062 805 μὲν
3093 733 3282 806 ἴστορα
3331 735 3455 792 ὄντα
3483 737 3572 805 τῆς
3598 739 3726 807 Δίγυ-

2207 827 2378 882 πτίων
2435 828 2530 884 καί⁹
2579 826 2842 898 Ἐλλήνων
2863 865 2880 892 ,
2933 827 3026 880 καὶ
3081 827 3366 899 Ῥωμαίων
3426 831 3726 895 παιδεύσεως,

2205 918 2299 972 ἐπὶ
2343 919 2634 988 τριάκοντα
2695 917 2841 971 ἐτεσι
2898 915 3106 988 σιωπὴν
3183 918 3449 988 ἀσκῆσαι,
3511 918 3654 989 Βῆνον
3686 921 3729 973 δέ

2207 1009 2338 1080 παρ’
2361 1008 2578 1072 οὐδενὸς
2615 1008 2872 1078 θεαθῆναι
2925 1007 3297 1077 ὀργιζόμενον,
3341 1008 3374 1080 ἢ
3430 1009 3728 1082 ὀμνύοντα,ἢ

2206 1099 2622 1170 ψευδόμενον,ἢ
2670 1101 2896 1162 εἰκαῖον,
2940 1100 2974 1170 ἢ
3025 1099 3252 1171 θρασὺν,
3298 1099 3332 1172 ἢ
3371 1098 3731 1169 ὠλιγωρημένον

2208 1188 2427 1243 εἰπόντα
2455 1188 2630 1258 λόγον.
2662 1189 2798 1259 Περὶ
2835 1187 3020 1242 τοῦτον
3062 1189 3153 1242 τὸν
3180 1187 3372 1260 χρόνον
3423 1189 3618 1258 ἐγένετο
3647 1191 3730 1243 Κό-

2209 1299 2355 1353 πρης
2381 1298 2444 1334 τε
2479 1282 2572 1336 καὶ
2616 1279 2824 1353 Ἐλλῆς,
2856 1281 2950 1337 καὶ
2984 1282 3190 1344 Ἠλίας.
3222 1281 3359 1334 Φασὶ
3386 1281 3440 1334 δὲ
3465 1282 3634 1353 Κόπρη
3659 1282 3733 1351 μὲν

2208 1371 2516 1443 δωρηθῆναι
2551 1371 2732 1426 θεόθεν
2786 1371 2956 1435 ἰάσεις
3042 1371 3254 1436 παθῶν,
3320 1373 3412 1425 καὶ
3465 1374 3734 1442 νοσημάτων

2209 1461 2468 1514 ποικίλων
2496 1462 2590 1516 καὶ
2620 1461 2888 1532 δαιμόνων
2919 1465 3161 1534 κρατεῖν,
3196 1459 3387 1531 Ἐλλῆν
3442 1461 3495 1513 δὲ
3533 1460 3735 1513 παιδευό-

2214 1571 2372 1626 μενον
2397 1554 2462 1607 ἐκ
2492 1552 2614 1606 νέου
2645 1552 2742 1625 τὴν
2765 1552 3064 1624 μοναχικὴν
3096 1550 3344 1621 ἀγωγὴν,
3378 1549 3582 1604 πλεῖστα
3609 1569 3736 1621 παρι-

2211 1642 2526 1708 δοξοποιεῖν,
2568 1642 2642 1707 ὡς
2685 1643 2781 1696 καὶ
2822 1641 2934 1714 πῦρ
2981 1643 3038 1694 ἐν
3082 1641 3158 1712 τῷ
3185 1641 3380 1712 ’κόλπῳ
3410 1643 3648 1711 κομίζειν,
3669 1645 3738 1696 καὶ

542 1706 742 1788 Ϊξοιιειη
786 1706 1036 1801 ιυιίιροτε
1059 1736 1314 1790 vixerunt
1339 1735 1579 1805 Copres,
1619 1734 1831 1797 Helles.
1863 1742 1917 1790 et
1943 1733 2110 1791 Elias.

2216 1730 2291 1802 μὴ
2321 1730 2493 1784 καίειν
2523 1729 2619 1802 τὴν
2655 1730 2876 1799 ἐσθῆτα,
2917 1729 3015 1784 κα)⁸
3061 1729 3239 1800 τούτῳ
3263 1731 3613 1804 παροτρύνειν
3644 1734 3739 1795 τοὺς

541 1825 813 1892 EtConra:
835 1826 1053 1894 quidem
1083 1825 1253 1894 aDeo
1283 1826 1334 1882 id
1359 1827 1623 1881 donatum
1655 1842 1778 1883 esse
1799 1827 2110 1898 perhibent,

544 1924 604 1970 ut
629 1917 812 1973 varios
834 1917 1054 1974 morbos
1075 1933 1139 1976 ac
1171 1919 1460 1986 languores
1490 1926 1730 1984 sanaret,
1763 1925 1816 1975 et
1839 1918 2114 1976 daemones

544 2007 787 2076 ejiceret.
847 2007 1025 2064 Helles
1070 2023 1201 2064 vero
1251 2010 1615 2064 monasticam
1669 2010 2014 2081 disciplinam
2048 2009 2116 2064 ab

546 2099 913 2154 adolescentia
966 2101 1233 2166 edoctus,
1298 2101 1469 2156 multa
1521 2099 1866 2157 admirabilia
1925 2101 2115 2173 gessit,

545 2191 681 2244 adeo
722 2196 779 2242 ut
809 2191 984 2260 ignem
1009 2191 1061 2245 in
1086 2191 1211 2246 sinu
1236 2197 1496 2264 gestaret,
1537 2206 1640 2246 nec
1661 2201 1868 2248 vestem
1898 2191 2117 2248 interim

547 2281 918 2344 combureret,
981 2296 1271 2358 eaquegre
1333 2283 1633 2338 monachos
1688 2283 1782 2353 qui
1834 2282 2118 2352 cum-ipso

547 2373 833 2443 degebant,
878 2388 1206 2444 magnopere
1230 2375 1504 2442 incitaret,
1536 2377 1694 2446 quasi
1719 2377 1877 2452 bona:
1892 2389 2121 2432 conver-

549 2465 778 2520 sationis
850 2480 1034 2522 comes
1094 2475 1241 2529 esset
1297 2468 1688 2523 miraculorum
1761 2466 2116 2539 perpetratio.

551 2555 696 2609 Elias
755 2571 884 2609 vero
939 2567 1070 2612 tunc
1138 2558 1358 2628 quidem
1409 2558 1551 2614 haud
1609 2560 1802 2630 procul
1851 2559 1922 2614 ab
1982 2558 2122 2614 urbe

550 2644 709 2714 257
731 2645 968 2698 Antinoo
1003 2644 1514 2717 philosophabatur,
1539 2662 1714 2702 annos
1737 2655 1898 2703 natus
1929 2647 2120 2704 decem

551 2735 772 2790 circiter
808 2752 972 2806 supra
1025 2745 1270 2793 centum.
1325 2738 1500 2794 Antea
1534 2755 1666 2795 vero
1700 2739 1916 2795 diccbat
1959 2754 2020 2796 se
2065 2738 2125 2793 in

551 2826 783 2882 desertis
829 2828 962 2883 locis
1014 2829 1330 2885 solitarium
1381 2830 1653 2886 mansisse
1703 2829 1865 2885 annis
1907 2837 2126 2900 septua-

551 2912 740 2982 ginta;
796 2929 861 2969 ae
913 2915 1040 2971 licet
1084 2916 1220 2972 adeo
1263 2926 1516 2987 provecta
1564 2926 1711 2976 esset
1745 2927 1921 2981 aetate,
1956 2917 2127 2991 nihilo

2213 1822 2681 1894 συμμονάξοντας.
2713 1822 2790 1886 ὼς
2818 1825 2884 1894 τῇ
2912 1821 3090 1893 ἀγαθῇ
3139 1821 3384 1892 πολιτεία
3421 1823 3510 1876 καὶ
3544 1823 3626 1892 τῆς
3651 1825 3740 1875 ἐπε-

2213 1914 2429 1980 δείξεως
2479 1913 2586 1968 τῶν
2632 1911 2950 1985 παραδόξων
3001 1913 3298 1985 ἑπομένης.
3330 1913 3507 1976 Ἠλίας
3554 1913 3603 1966 δὲ
3647 1916 3739 1967 τότε

2219 2008 2316 2079 μὲν
2340 2007 2399 2060 οὐ
2426 2006 2614 2077 πόρρω
2632 2006 2730 2076 τῆς
2767 2004 3034 2060 Ἀντινόου
3060 2003 3272 2068 πόλεως
3299 2004 3605 2072 ἐφιλοσόφει,
3632 2006 3741 2073 ἀμφὶ

2214 2099 2339 2162 τοὺς
2383 2096 2576 2154 ἑκατὸν
2622 2096 2716 2151 καὶ
2761 2095 2896 2152 δέκα
2935 2096 3084 2165 ἄγων
3136 2095 3432 2158 ἐνιαυτούς·
3467 2095 3563 2165 πρὸ
3593 2095 3739 2148 τούτου

2216 2190 2273 2245 δέ
2312 2190 2494 2258 ἔλεγεν
2527 2189 2620 2241 ἐπὶ
2649 2187 3019 2258 ἐϐδομήκοντα
3073 2185 3218 2239 ἔτεσι
3239 2185 3396 2256 μόνος
3436 2186 3490 2239 ἐν
3538 2187 3742 2256 ἐρημίαις

2217 2280 2466 2352 οἰκῆσαιο
2497 2279 2590 2333 ἐπὶ
2634 2277 2887 2332 τοσοῦτον
2926 2277 2984 2330 δέ
3040 2275 3311 2346 γηραλέος
3344 2274 3584 2346 γεγονὼς,
3611 2275 3738 2328 διετέ-

2218 2371 2341 2425 λεσε
2374 2369 2647 2440 νηστεύων
2672 2369 2767 2423 καὶ
2795 2368 3054 2438 ἀνδρείως
3079 2368 3506 2437 πολιτευόμενος.
3523 2366 3627 2420 Ἐπὶ
3651 2365 3741 2418 :05—

2219 2476 2333 2524 τοις
2372 2460 2464 2514 καὶ
2501 2458 2762 2530 Ἀπελλῆς
2803 2458 3054 2528 τηνικάδε
3086 2458 3350 2529 διέπρεπε
3383 2458 3506 2528 περὶ
3533 2459 3739 2526 Ἀχωριν,

2222 2553 2280 2605 ἐν
2305 2553 2418 2615 τοῖς
2444 2552 2562 2604 κατ’
2588 2549 2860 2620 Αἴγυπτον
2891 2548 3274 2620 μοναστηρίοις
3302 2548 3518 2602 πλεῖστα
3547 2547 3740 2617 θαύματι

2222 2643 2453 2715 ουργῶν.
2508 2644 2607 2697 Ὅν
2658 2660 2792 2697 ποτε
2847 2641 3198 2713 χαλκεύοντα,
3260 2642 3415 2696 τοῦτο
3459 2642 3555 2712 γὰρ
3588 2642 3740 2710 ἐπετή-

2223 2733 2364 2798 δευε,
2395 2732 2610 2806 νύκτωρ
2645 2734 2837 2804 φάσμα
2882 2732 3155 2803 δαίμονος,
3200 2732 3277 2798 ὡς
3323 2732 3454 2804 γυνὴ
3496 2733 3738 2803 εὐπρεπὴς,

2224 2826 2305 2890 είς
2333 2825 2682 2898 σωφροσύνην
2711 2825 2924 2895 ἐπείρα.
2964 2824 3022 2878 Ὀ
3051 2823 3129 2887 δέ,
3172 2824 3391 2895 σίδηρον
3435 2823 3488 2877 ὃν
3518 2820 3742 2892 εἰργάζετο

2227 2919 2292 2972 ἐκ
2323 2917 2416 2976 τοῦ
2447 2917 2615 2992 πυρδς
2659 2905 2941 2986 ἐξερύσας,
2977 2916 3274 2985 κατέφλεξε
3312 2916 3404 2970 τοῦ
3433 2916 3672 2985 δαιμονίου
3699 2915 3742 2968 τὺ

552 3014 732 3060 tamen
765 3008 946 3063 minus
982 3008 1033 3061 in
1059 3007 1286 3076 ieiuniis
1312 3017 1367 3065 et
1395 3009 1641 3065 districta
1665 3010 1883 3066 vivendi
1914 3009 2123 3066 ratione

2229 3009 2546 3081 πρόσωπον·
2593 3008 2656 3063 τδ
2699 3008 2776 3072 δὲ,
2822 3007 3085 3080 τετρηγδς
3135 3010 3234 3062 καὶ
3277 3009 3640 3079 ὀλοφυρόμενον
3666 3007 3743 3058 ἀπ-

555 3099 948 3165 perseveravit.
982 3097 1186 3154 Praeter
1214 3099 1316 3155 hos
1339 3099 1555 3172 Apelles
1579 3101 1769 3156 iisdem
1795 3099 2128 3171 temporibus

555 3189 775 3252 claruit,
808 3190 900 3259 qui
922 3191 1079 3260 juxta
1111 3191 1368 3261 oppidum
1404 3193 1660 3247 Achorim
1692 3193 1745 3246 in
1780 3192 2132 3250 monasteriis

559 3276 779 3351 Αἴθῃ)ιί
831 3281 1065 3349 plurima
1106 3282 1275 3337 edidit
1314 3281 1600 3338 miracula.
1650 3282 1791 3339 Huic
1834 3285 2132 3354 aliquando

556 3387 696 3440 opus
742 3370 938 3425 fabrile
983 3372 1203 3426 facienti
1254 3373 1398 3442 (eam
1434 3372 1580 3437 enim
1623 3381 1796 3426 artem
1842 3374 2134 3443 proﬁteba-

557 3459 668 3529 tur)
703 3467 976 3528 spectrum
1028 3459 1332 3526 daemonis,
1389 3461 1562 3515 instar
1600 3460 1812 3516 decorae
1861 3462 2133 3528 mulieris,

560 3557 722 3604 noctu
753 3565 1053 3618 apparens,
1099 3557 1312 3604 tentare
1340 3551 1510 3620 cmpit
1553 3552 1674 3621 ejus
1704 3553 2130 3610 continentiam.

560 3643 698 3697 Tum
733 3643 822 3697 ille
852 3642 1052 3698 ferrum
1083 3644 1226 3714 quod
1267 3644 1665 3710 fabricabatur,
1696 3662 1760 3700 ex
1795 3648 1918 3717 igne
1949 3655 2134 3703 extra-

563 3736 720 3798 hens,
742 3733 1005 3790 daemonis
1029 3733 1222 3790 faciem
1264 3736 1603 3804 combussit;
1640 3745 1803 3809 atque
1826 3737 1898 3792 ita
1924 3738 2132 3794 daemon

563 3826 798 3882 stridens
829 3834 994 3896 atque
1023 3826 1240 3898 ejulans
1275 3827 1508 3900 aufugit.
1548 3827 1652 3885 Sed
1703 3837 1757 3885 et
1803 3828 2040 3887 Isidorus
2083 3839 2137 3886 et

563 3917 830 3988 Serapion
880 3933 943 3975 ac
996 3918 1313 3984 Dioscorus,
1350 3920 1675 3975 nobilissimi
1717 3928 1846 3977 tunc
1877 3921 2136 3993 temporis

563 4011 958 4066 monachorum
987 4009 1178 4066 Patres
1211 4011 1452 4068 fuerunt.
1505 4011 1571 4066 Et
1598 4011 1845 4068 Isidorus
1889 4013 2134 4084 quidem,

563 4118 687 4156 cum
731 4105 1122 4158 monasterium
1153 4118 1314 4159 suum
1353 4103 1594 4176 undique
1635 4103 2134 4174 circumscpsisset,

564 4195 852 4265 diligenter
919 4196 1146 4251 cavebat
1216 4213 1284 4252 ne
1355 4198 1482 4267 quis
1551 4197 1700 4252 foras
1761 4196 2134 4267 egrederetur,

564 4286 790 4342 studens
828 4293 888 4340 ut
939 4288 1122 4341 omnia
1160 4289 1470 4343 necessaria
1527 4287 1679 4343 intus
1737 4293 2130 4358 suppeterent;

2232 3099 2474 3171 έδρασεν.
2518 3099 2962 3168 Ἐπιφανέστατοι
3008 3099 3064 3152 δὲ
3115 3101 3238 3154 τότε
3284 3100 3513 3171 Πατέρες
3551 3096 3744 3168 μοναχῶν

2231 3184 2392 3259 ἦσαν,
2438 3189 2709 3261 Ἰσίδωρός
2756 3207 2813 3243 τε
2855 3189 2949 3242 καὶ
3002 3188 3313 3260 Σεραπίων,
3367 3189 3456 3243 καὶ
3497 3188 3743 3257 Διόσκορος.

2246 3281 2383 3334 Ἀλλ’
2428 3282 2696 3353 Ἰσίδωρος
2760 3281 2858 3352 μὲν
2883 3321 2900 3345 ,
2966 3282 3304 3352 πανταχόθεν
3366 3278 3666 3352 περιφράξας
3703 3278 3746 3330 τὸ

2238 3375 2613 3445 μοναστήριον,
2658 3373 2974 3446 ἐπεμελεῖτο
3009 3373 3217 3445 μηδένα
3267 3374 3378 3428 τῶν
3421 3373 3551 3428 ἔνδον
3593 3369 3745 3441 θύραζε

2233 3465 2456 3532 ἐξιέναι,
2490 3466 2584 3522 καὶ
2612 3467 2791 3522 πάντα
2811 3466 2880 3521 τὰ
2904 3467 3186 3538 ἐπιτήδεια
3209 3466 3374 3536 ἔχειν.
3411 3464 3658 3534 Σεραπίων
3696 3460 3737 3513 δὲ

2234 3559 2365 3628 περὶ
2391 3559 2480 3612 τὸν
2513 3559 2859 3630 Ἀρσενοῒτην
2893 3557 3005 3628 (50)
3033 3558 3305 3628 διέτριϐεν
3325 3599 3339 3624 ,
3379 3556 3512 3628 ἀμφὶ
3538 3555 3643 3616 τοὺς
3675 3569 3736 3620 μυ-

2238 3648 2387 3719 ρίους
2427 3647 2516 3716 ὑφ’
2557 3647 2745 3700 ἑαυτὸν
2787 3646 2944 3717 ἔχων.
2980 3647 3197 3710 Πάντας
3239 3646 3297 3700 δέ
3345 3641 3473 3716 ἦγεν
3503 3643 3554 3710 ἐξ
3583 3640 3746 3694 οἰκείων

2238 3740 2473 3811 ἱδρώτων
2506 3739 2574 3792 τὰ
2603 3739 2879 3810 ἐπιτήδεια
2910 3736 3254 3810 πορίζεσθαι,
3287 3738 3382 3793 καὶ
3418 3735 3578 3796 ἄλλοις
3601 3732 3742 3798 δεομέ-

2237 3848 2346 3896 νοις
2383 3832 2668 3902 χορηγεῖν·
2700 3829 2818 3902 ὥρᾳ
2859 3829 2914 3883 δὲ
2949 3829 3162 3901 θέρους,
3206 3830 3299 3882 ἐπὶ
3339 3826 3504 3899 μισθῷ
3536 3823 3744 3896 ἁμῶντες,

2237 3919 2511 3992 ἀρκοῦντα
2539 3920 2720 3982 αὐτοῖς
2748 3920 2892 3972 σῖτον
2932 3918 3274 3983 ἀπετίθεντο,
3311 3918 3402 3970 καὶ
3445 3916 3601 3976 ἄλλοις
3625 3927 3738 3980 μονα-

2237 4017 2351 4086 χοϊς
2413 4011 2733 4084 μετεδίδουν.
2787 4011 3061 4081 Διοσκόρῳ
3109 4010 3165 4064 δὲ
3222 4010 3286 4063 οὐ
3335 4007 3533 4071 πλείους
3599 4000 3744 4056 ἑκατὸν

2238 4105 2487 4175 ἐφοίτων.
2541 4101 2916 4174 Πρεσϐύτερος
2956 4102 3010 4155 δὲ
3060 4101 3156 4164 ὣν,
3207 4103 3266 4154 ἐν
3311 4102 3387 4171 τῷ
3437 4096 3648 4169 ἱερᾶσθαι
3681 4092 3743 4143 διὰ

2239 4195 2418 4265 πάσης
2453 4192 2734 4264 ἀκριϐείας
2788 4191 3016 4263 ἐχώρει·
3048 4191 3352 4262 βασανίζων
3398 4190 3486 4243 καὶ
3532 4181 3743 4254 ἐπιμελῶς

2237 4285 2542 4357 ἀνακρίνων
2584 4284 2709 4347 τοὺς
2754 4283 3073 4355 προσιόντας
3125 4285 3240 4348 τοῖς
3296 4280 3604 4354 μυστηρίοις,
3641 4274 3743 4327 ὥστε

567 4376 835 4446 Serapion
895 4391 1024 4432 vero
1077 4376 1235 4449 juxta
1294 4379 1695 4434 Arsenoiticam
1751 4377 2123 4448 praefecturam

2211 4394 2212 4411 π
2240 4377 2435 4440 αὐτοὺς
2463 4373 3021 4447 προκεκαθάρθαιτὺν
3043 4373 3186 4440 νοῦν,
3211 4375 3305 4427 καὶ
3336 4372 3409 4444 μὴ
3440 4367 3689 4428 συνειδέναι
3709 4377 3743 4412 τι

566 4467 721 4533 vixit,
755 4468 899 4525 mille
947 4469 1166 4524 circiter
1199 4470 1498 4526 monachos
1529 4485 1741 4541 regens,
1779 4484 1916 4540 quos
1950 4484 2139 4524 omnes

568 4560 644 4612 ita
689 4559 1027 4624 instituebat,
1061 4568 1119 4614 ut
1155 4560 1395 4630 pr0priis
1448 4560 1729 4615 laboribus
1779 4563 1980 4615 victum
2033 4559 2138 4616 sibi

451 4645 458 4650 ’
567 4659 966 4720 compararent,
994 4657 1046 4706 et
1077 4650 1201 4706 aliis
1229 4651 1604 4723 indigentibus
1625 4650 2132 4706 subministrarent.

2244 4468 2584 4542 πεπραχέναι
2602 4466 2792 4520 δεινόν.
2821 4465 3234 4538 Ἀκριϐἐστερον
3259 4467 3314 4519 δὲ
3334 4465 3448 4517 τότε
3467 4461 3648 4530 ἐγένετο
3665 4453 3742 4542 (5i)

2245 4538 2372 4626 περί
2396 4554 2493 4625 τὴν
2528 4553 2809 4624 μετάδοσιν
2841 4553 2948 4606 τῶν
2980 4549 3138 4606 θείων
3170 4551 3474 4624 μυστηρίων
3509 4549 3589 4602 καὶ
3623 4538 3744 4597 E516-

2243 4663 2359 4716 γιος
2417 4643 2814 4716 πρεσϐύτερος·
2861 4643 2919 4696 ὃν
2965 4659 3127 4711 φασιν
3178 4642 3463 4715 ίερωμένον
3495 4635 3611 4709 (52),
3643 4630 3741 4702 πρό·

1761 4762 1847 4818 VA
1857 4761 2029 4817 LESll
2082 4759 2529 4817 ANNOTATION
2538 4759 2642 4816 ES.

640 4856 752 4925 ('50)
811 4857 950 4926 napi
990 4859 1115 4928 Δτόν·
1161 4859 1563 4928 Ἀρσενοΐτην.
1625 4857 1993 4928 Scribendum
2054 4867 2141 4915 est

582 4925 939 4999 ’ᾼρσινοίῐτην
976 4925 1270 4999 Observavi
1299 4925 1497 4999 tamen
1532 4928 1754 4984 Graecos
1803 4927 1923 4999 fere
1957 4929 2141 4999 Ἀρσε-

570 4996 959 5067 gotrrjvdicere
996 5011 1096 5067 pro
1127 4997 1406 5054 Arsinoite
1450 5012 1616 5053 nomo
1663 5013 1756 5053 seu
1788 4996 2134 5067 praefectura.

572 5064 665 5120 Sic
691 5065 835 5136 enim
871 5064 1013 5135 apud
1035 5065 1330 5122 Eusebium
1357 5069 1613 5136 scribitur
1633 5064 1800 5123 etiam
1826 5070 1881 5122 in
1912 5068 2138 5136 Optimis

571 5134 1001 5206 exemplaribus,
1055 5143 1112 5190 et
1145 5138 1287 5206 apud
1354 5135 1657 5192 Palladium
1715 5138 1800 5206 in,
1831 5134 2093 5192 Lauéiaca
2119 5176 2136 5199 ,

569 5203 850 5327 gauli},
915 5211 970 5260 et
1034 5203 1196 5275 apud'
1245 5205 1593 5262 Ptolemaeum
1661 5206 1718 5261 in
1770 5205 2140 5277 descriptione

777 5291 812 5327 ι.

645 5274 812 5342 gypti.

641 5289 1236 5414 (ggiISU;Axpl5é0't8pOV
1279 5343 1349 5398 δὲ
1395 5349 1529 5401 τότε
1563 5345 1818 5414 ἐγένετο.
1852 5344 2142 5399 Assentior

570 5411 794 5484 Savilio,
854 5411 946 5484 qui
991 5415 1055 5470 ad
1111 5411 1253 5469 latus
1305 5415 1390 5472 sui
1435 5411 1640 5471 codicis
1681 5416 1894 5469 notavit
1954 5417 2142 5484 legen-

571 5482 699 5556 dum
733 5485 835 5556 sibi
852 5482 1033 5556 videri
1058 5485 1470 5556 dxpt§éorepo;.
1518 5485 1598 5556 De
1622 5485 1725 5539 hoc
1767 5484 1996 5554 Eulogio
2013 5482 2143 5556 pre-

573 5553 956 5624 sbyteroidem
992 5548 1480 5612 scribitPalladius
1500 5556 1552 5610 in
1585 5555 1866 5620 Lausiaca,
1900 5548 2030 5624 cap:
2049 5555 2137 5624 7‘5.

645 5622 758 5692 (32)
786 5622 899 5676 "Or
924 5638 1112 5691 φασιν
1134 5625 1466 5692 (apt-maror.
1493 5626 1850 5681 Scribendum
1875 5622 2146 5694 εειξίερὼ-

579 5706 760 5753 μενον.
785 5705 1008 5750 accentu
1039 5695 1092 5750 in
1122 5697 1603 5770 antepenultimam
1635 5696 1856 5754 reiecto.
1883 5693 2143 5749 Dim-runt

2245 4858 2393 4913 enim
2445 4857 2588 4912 inter
2652 4871 2713 4912 se
2779 4854 2896 4909 haec
2943 4852 3088 4914 duo,
3143 4851 3434 4922 ἱερώμενος
3473 4854 3522 4900 et
3559 4836 3743 4922 ἱερωμέ-

2248 4911 2354 4988 νος.
2395 4911 2553 4998 Prior
2581 4911 2840 4998 accentus
2872 4911 3096 4998 denotat
3121 4911 3375 4998 eu'mjui
3412 4911 3741 4998 εερῐυξιιξεξξίξς

2245 4981 2632 5052 είηιὶεειιὶηιιη
2665 4995 2930 5050 solemnia
2962 4993 3215 5048 celebrat.
3250 4981 3516 5045 Posterior
3549 4981 3743 5046 designal

2245 5066 2612 5126 sacerdotem,
2645 5081 2744 5120 seu
2767 5065 2942 5118 virum
2967 5063 3153 5117 divino
3173 5061 3379 5116 numini
3407 5057 3740 5128 conuersi“!-

2245 5118 2719 5209 ﬁorro'no—tandus
2753 5143 2844 5209 est
2877 5134 2964 5187 hic
3004 5135 3186 5195 locus;
3218 5145 3284 5209 ΘΧ
3305 5143 3413 5209 (illo
3443 5118 3742 5209 (τουδίιῖίίίεῖῗ

2246 5208 2425 5278 detur,
2452 5220 2548 5261 eos
2577 5208 2669 5278 qui
2702 5206 2766 5258 ad
2815 5216 3098 5278 sacrorum
3136 5199 3517 5278 mysteriorum
3550 5199 3740 5278 Alﬂff‘fn“

2246 5262 2529 5345 pationcm
2548 5262 2679 5329 ol'im
2715 5273 3068 5345 accedebant,
3099 5262 3306 5345 absque
3331 5262 3740 5345 βτίενὶδνβθεῗίῗίῗς

2246 5319 2749 5400 ῗῆὧνξδιίίοὲέίοηθ
2795 5345 2851 5397 id
2879 5319 3068 5396 facerc‘
3105 5319 3298 5411 soli‘tos
3332 5319 3490 5411 resse1
3508 5319 3609 5411 Non
3631 5319 3739 5411 ίίιξίξίί

2245 5430 2360 5486 non
2393 5417 2568 5486 tutius
2591 5423 2760 5479 esset,
2789 5422 3010 5486 peccata
3047 5425 3147 5465 sua
3183 5409 3332 5486 prius
3359 5403 3738 5486 gonqlel'isafff

2247 5485 2362 5540 doti
2418 5504 2430 5540 :
2469 5485 2563 5539 sed
2611 5474 2756 5554 quia
2775 5474 3093 5554 satisfacere
3125 5474 3197 5554 _se
3227 5474 3738 5554 existimabantpE

2253 5563 2412 5623 cepto
2463 5543 2708 5625 Apost'oli
2767 5553 3003 5625 dicentis
3045 5571 3058 5606 :
3110 5547 3302 5602 Probet
3350 5552 3513 5625 ρεηξπι
3558 5543 3735 5625 ξςφξξπξ

2254 5592 2428 5692 ἴῶῗτῖἔ,
2459 5592 2719 5679 ἓὶνὲἔῗῖἱὲ
2741 5592 3003 5691 ﬁmi}:
3019 5592 3173 5683 εἱιαῐζ
3190 5592 3307 5676 ὶὶέζ
3344 5592 3535 5684 {ibo}.
3566 5592 3630 5667 ιιζ
3652 5592 3736 5660 ιε)
