4066 6338
331 371 474 430 13⁸13

1327 363 1654 420 HISTORIA
1692 361 2255 420 ECCLLSIASTICA.
2288 390 2359 402 —
2394 359 2524 416 LIB.
2553 359 2643 416 Vl.

3463 366 3602 420 1574

328 508 531 562 γνωσιν
579 486 870 560 ἐσχηκέναι
901 487 998 558 τῆς
1051 485 1156 541 τῶν
1208 487 1540 557 προσιόντων
1584 487 1792 550 ἐννοίας
1822 488 1915 542 ἐπὶ

2022 483 2216 540 Messis
2245 493 2428 537 autem
2461 489 2732 552 tempore,
2767 481 2946 552 pretio
2974 483 3231 540 conducti
3265 482 3450 554 fruges
3484 501 3600 539 me-

325 580 600 642 τοσοῦτον,
631 580 708 643 ὡς
737 580 832 633 καὶ
867 579 935 632 τὰ
970 579 1336 651 ἡμαρτημένα
1373 579 1562 648 σαφῶς
1589 577 1909 650 διελέγχειν,

326 674 423 727 καὶ
450 672 518 725 τά
546 671 686 725 κατὰ
711 671 836 725 νοῦν
868 669 1081 740 ἑκάστῳ
1123 671 1476 743 κρυπτόμενα
1515 671 1745 742 ἐφορᾷν·
1785 672 1912 735 τοὺς

325 760 420 816 οὗν
457 762 642 825 κακῶς
671 761 1042 831 πεπραχότας,
1070 761 1103 831 ἢ
1140 761 1267 831 περί
1293 777 1437 824 τινος
1465 760 1668 830 φαύλου
1701 745 1915 830 βουλευ-

327 850 618 919 σαμένους,
644 849 782 910 τέως
811 842 961 919 εἶργε
990 848 1082 901 τοῦ
1114 847 1525 920 θυσιαστηρίου,
1556 848 1722 920 δήλην
1752 849 1912 918 ποιή-

327 949 427 995 σας
445 931 546 1003 τὴν
564 931 842 1003 ἁμαρτίαν
862 947 874 958 ·
903 931 1232 1004 μεταμελείᾳ
1253 932 1310 986 δέ
1340 931 1712 1002 καθαρθέντας
1750 934 1914 988 πάλιν

328 1027 612 1093 προσίετο.

2013 576 2240 637 tebant,
2283 581 2340 629 et
2379 572 2716 628 frumentum
2749 573 2900 642 quod
2946 573 3052 628 sibi
3098 573 3373 630 suﬁiceret
3405 589 3602 630 recon-

2013 667 2238 730 debant,
2269 673 2325 721 et
2369 666 2494 721 aliis
2539 666 2828 722 monachis
2861 667 3034 736 gratis
3081 666 3311 721 dabant.
3349 665 3598 723 Dioscori

2017 775 2148 813 vero
2193 758 2340 814 haud
2409 757 2601 829 plures
2654 772 2819 828 quam
2873 767 3094 814 centum
3132 768 3290 814 erant
3323 759 3597 828 discipuli.

2019 850 2122 917 Qui
2169 866 2295 904 cum
2333 859 2478 906 esset
2524 851 2837 922 presbyter,
2873 864 3091 906 summa
3139 865 3266 904 cum
3318 849 3600 920 diligentia

2035 941 2382 1000 sacerdotale
2435 956 2639 996 munus
2688 941 2988 1011 implebat;
3032 955 3127 997 eos
3169 941 3269 1011 qui
3314 941 3380 995 ad
3441 953 3600 996 sacra

2024 1035 2288 1105 mysteria
2330 1033 2683 1098 accederent,
2713 1033 3036 1089 examinans
3069 1040 3125 1088 et
3169 1039 3426 1088 accurate
3458 1032 3592 1100 diju-

326 1114 520 1169 dicans
552 1131 565 1168 :
601 1115 675 1168 ita
706 1124 765 1168 ut
800 1121 982 1170 mente
1016 1123 1180 1171 antea
1213 1122 1572 1187 perpurgata,
1641 1132 1745 1173 nec
1814 1120 1984 1178 ullius
2020 1125 2252 1181 admissi
2293 1126 2521 1182 sceleris
2573 1125 2790 1182 conscii
2845 1124 3209 1180 accederent.
3261 1123 3458 1178 Adhuc
3507 1124 3600 1179 illo

328 1208 576 1265 severior
597 1210 654 1265 in
695 1210 874 1264 sacris
911 1210 1188 1281 mysteriis
1224 1211 1603 1280 impertiendis
1633 1211 1736 1268 fuit
1776 1227 1890 1270 tum
1929 1217 2191 1290 Eulogius
2215 1220 2533 1292 presbyter;
2570 1228 2733 1291 quem
2770 1221 2973 1285 ferunt,
3021 1234 3146 1274 eum
3188 1233 3302 1274 rem
3357 1219 3598 1274 divinam

329 1305 572 1369 faceret,
635 1301 1014 1356 accedentium
1082 1302 1452 1372 cogitationes
1516 1319 1694 1374 usque
1773 1306 1911 1364 adeo
1947 1312 2306 1379 praenovisse,
2328 1321 2387 1366 ut
2412 1311 2610 1366 delicta
2630 1326 2821 1366 eorum
2882 1310 3194 1365 certissime
3252 1320 3599 1380 eoargneret,

329 1402 385 1449 ct
423 1409 544 1464 qua:
573 1393 772 1465 singuli
849 1395 1069 1463 penitus
1121 1394 1176 1449 in
1230 1405 1416 1451 mente
1461 1398 1751 1454 recondita
1820 1401 2134 1470 habebant,
2195 1405 2562 1475 perspiceret.
2601 1405 2707 1459 Eos
2765 1405 2932 1474 igitur
2983 1402 3080 1474 qui
3123 1403 3250 1457 mali
3301 1403 3584 1474 quidpiam

330 1492 762 1557 perpetrassent,
793 1493 888 1539 aut
918 1493 1140 1555 patrare
1167 1486 1564 1556 decrevissent,
1587 1490 1908 1560 aliquandiu
1948 1497 2178 1551 arcebat
2217 1497 2286 1552 ab
2308 1497 2495 1566 altari,
2523 1495 2723 1552 delicta
2749 1511 2948 1552 eorum
2984 1497 3039 1551 in
3107 1503 3361 1566 apertum
3422 1496 3602 1566 profe'

326 1594 480 1634 reus.
510 1576 705 1633 Postea
734 1592 862 1634 vero
883 1578 1206 1648 penitentia
1237 1589 1498 1651 purgatos
1520 1583 1589 1637 ad
1613 1585 1872 1654 mysteria
1909 1585 2258 1644 admittebat.

897 1693 1153 1748 ΚΕΦΑΛ.
1195 1694 1325 1748 ΚΘ⁹⁸

326 1803 467 1882 Περί
501 1801 726 1882 τῶν-ἐπί
773 1805 1010 1872 Θηϐαΐδι
1036 1807 1358 1882 Δέιοιριιχᾱιόν,
1401 1811 1686 1882 Ἀπολλὼ,
1726 1817 1911 1882 Δωρο-

398 1873 557 1948 θέοι),
612 1873 988 1948 ῌΠιάμμωνος,
1019 1873 1331 1942 Ἰωάννου,
1375 1881 1620 1948 Μάρκου
1644 1873 1682 1948 ,’
1710 1873 1911 1938 Μακα-

389 1945 529 2016 ρίου
549 1982 563 2006 ,
610 1946 1020 2016 Ἀπολλωνίου
1042 1987 1056 2010 ,
1104 1949 1383 2016 Μωσέως,
1427 1945 1670 2007 Παύλου
1708 1955 1814 2009 τοῦ
1842 1955 1913 2008 ἐν

397 2013 614 2082 Φέρμῃ,
651 2014 887 2083 Παχὼν,
915 2018 1224 2084 Στεφάνου
1255 2013 1562 2090 καίΠίωρ.

401 2107 557 2160 Κατὰ
588 2105 810 2172 τούτους
839 2107 894 2160 δὲ
927 2109 1021 2161 καὶ
1063 2109 1334 2174 ’Δπολλὼς
1369 2113 1428 2166 ἐν
1457 2112 1685 2180 Θηϐαΐδι
1717 2114 1913 2186 διέτρι-

327 2197 444 2260 δεν,
475 2196 532 2261 ὃς
575 2197 711 2268 ὴϐᾆν
747 2198 1066 2270 ἀρχόμενος,
1111 2199 1520 2273 ἐφιλοσόφησεν.
1561 2205 1684 2258 Ἐπὶ
1711 2222 1907 2259 τεσσα-

330 2289 568 2358 ράκοντα
598 2289 654 2342 δέ
690 2287 784 2360 ἐτη
825 2289 924 2360 τὴν
958 2289 1162 2360 ἔρημον
1206 2293 1456 2364 οἰκήσας,
1507 2294 1769 2366 σπήλαιον
1811 2295 1915 2350 ὑπὸ

330 2379 392 2430 τὸ
423 2377 543 2450 ὅρος
574 2378 802 2450 πλησίον
847 2380 946 2451 τῆς
992 2381 1340 2454 οἰκουμένης,
1383 2385 1476 2440 τοῦ
1513 2385 1646 2440 Θεοῦ
1681 2389 1917 2461 χρήσαν-

331 2485 444 2532 τος,
472 2468 788 2524 κατέλαϐεν.
825 2470 959 2524 ’Υπὺ
994 2471 1052 2526 δὲ
1081 2471 1322 2545 πλήθους
1356 2474 1825 2550 θαυματουργιῶν,
1857 2480 1916 2534 ἐν

331 2559 498 2630 ὀλίγῳ
525 2561 793 2632 ἐπίσημος
816 2562 1052 2631 ἐγένετο,
1080 2565 1174 2618 καὶ
1203 2565 1427 2638 ἡγεμὼν
1456 2567 1726 2622 πλείστων
1754 2587 1917 2642 μοναο

333 2650 466 2720 χῶν.
495 2647 602 2706 ’Ἦν
642 2653 750 2724 γὰρ
791 2655 887 2709 καὶ
942 2657 1064 2719 ταῖς
1105 2655 1478 2721 διδασκαλίαις
1524 2659 1608 2732 είς.
1649 2659 1917 2728 ὠφέλειαν

336 2744 642 2813 ἐπαγωγός.
670 2743 812 2799 Ἀλλ’
845 2746 932 2817 οἵᾳ
958 2747 1058 2818 μὲν
1100 2749 1291 2821 ἀγωγῇ
1333 2750 1550 2821 ἐχρῆτο,
1586 2752 1681 2805 καὶ
1715 2751 1918 2824 ἡλίκων

333 2831 403 2905 ἦν
426 2836 584 2890 θείων
612 2837 706 2891 καὶ
734 2839 1049 2910 παραδόξων
1074 2843 1418 2912 πραγμάτων
1441 2844 1692 2916 ποιητὴς,
1720 2845 1922 2915 ἱστορεῖ

335 2929 597 2998 Τιμόθεος
643 2932 672 2984 ό
724 2932 822 3000 τὴν
864 2932 1256 3003 Ἀλεξανδρέων
1314 2935 1638 3008 Ἐκκλησίαν
1695 2939 1918 3010 ἐπιτρο-

337 3020 542 3086 πεύσας
562 3039 575 3052 ·
606 3017 666 3076 εὖ
695 3022 839 3093 μάλα
870 3023 1056 3090 αὐτοῦ,
1092 3025 1188 3078 καὶ
1211 3025 1418 3079 πολλῶν
1445 3020 1520 3080 ὧν
1547 3027 1917 3098 ἐπεμνήσθην,

337 3113 434 3166 καὶ
478 3113 652 3168 ἄλλων
685 3114 922 3186 δοκίμιον
961 3117 1212 3188 μοναχῶν
1249 3119 1376 3182 τοὺς
1416 3118 1564 3188 βίους
1611 3117 1918 3186 διεξελθών.

351 3205 439 3257 Ἑν
472 3204 528 3257 δὲ
560 3207 637 3276 τῷ
669 3207 790 3262 τότε
843 3208 1030 3264 πολλοὶ
1061 3210 1153 3264 καὶ
1180 3209 1374 3279 ἀγαθοὶ
1409 3211 1712 3274 σπουδαίως
1742 3212 1922 3282 ἐφιλο-

339 3297 537 3364 σόφουν
566 3300 666 3354 ἀνὰ
687 3300 785 3371 τὴν
817 3301 1243 3372 ’Δλεξάνδρειαν,
1279 3305 1424 3374 ἀμφὶ
1462 3305 1708 3375 δισχίλιοι
1736 3306 1886 3370 ὄντες
1905 3322 1920 3336 ·

333 3381 411 3442 ὧν
437 3389 485 3440 οί
511 3389 610 3458 μὲν
660 3391 718 3442 ἐν
748 3394 860 3454 τοῖς
889 3391 1242 3463 καλουμένοις
1269 3396 1367 3466 ἐρη
1379 3397 1556 3465 μικοῖς
1585 3396 1695 3467 (55)
1723 3395 1919 3466 ᾤκουν·

334 3481 385 3531 ol
412 3479 468 3533 δὲ
534 3483 658 3551 περὶ
695 3481 784 3536 τὸν
818 3484 1124 3554 Μαρεώτην
1159 3488 1253 3539 καὶ
1281 3487 1408 3551 τοὺς
1445 3488 1511 3540 ἐκ
1541 3483 1799 3557 γειτόνων
1825 3487 1922 3542 Λί-

337 3572 494 3636 ϐυας.
545 3574 866 3648 ’Υπερφυῶς
924 3576 980 3630 δὲ
1045 3579 1103 3632 ἐν
1156 3579 1366 3643 τούτοις
1429 3579 1690 3651 διέπρεπε
1741 3581 1923 3652 Δωρόο

337 3665 459 3730 θεος
482 3668 616 3733 (54),
635 3668 871 3740 Θηϐαῖος
898 3671 959 3723 τὸ
979 3670 1153 3738 γένος,
1195 3665 1241 3740 ᾧ
1266 3673 1379 3744 βίος
1403 3669 1491 3744 ἦν,
1516 3676 1574 3728 ἐν
1595 3675 1778 3746 ἡμέρᾳ
1803 3677 1922 3746 μὲν,

338 3759 448 3811 ἀπὸ
478 3760 574 3828 τῆς
603 3759 771 3824 πέλας
805 3761 1084 3834 θαλάσσης
1111 3763 1292 3830 λίθους
1319 3765 1616 3835 συλλέγειν,
1651 3769 1744 3821 καὶ
1773 3767 1926 3830 ἔτους

339 3848 570 3902 ἑκάστου
601 3851 821 3904 οίκίδιον
860 3853 1312 3920 κατασκευάζειν,
1341 3856 1434 3908 καὶ
1470 3856 1671 3910 διδόναι
1702 3859 1816 3919 τοῖς
1850 3856 1924 3927 μὴ

336 3941 656 4011 δυναμένοις
682 3944 897 4007 ἑαυτοῖς
923 3945 1256 4016 οἰκοδομεῖν·
1289 3946 1504 4019 νύκτωρ
1543 3948 1602 4001 δὲ
1639 3949 1719 4012 εἰς
1759 3948 1924 4002 αὐτοῦ

339 4033 634 4105 διατροφὴν
664 4037 728 4088 ἐκ
757 4036 1016 4104 φοινίκων
1061 4036 1273 4106 φύλλων
1310 4039 1496 4110 σειρὰς
1527 4039 1761 4105 πλέκων,
1791 4057 1927 4094 σπυ-

340 4126 493 4196 ρίδας
533 4125 836 4197 εἰργάζετο.
881 4129 1068 4200 Τροφὴ
1101 4130 1159 4183 δὲ
1197 4126 1265 4201 ἦν
1303 4130 1451 4201 αὐτῷ
1500 4131 1666 4199 ἄρτου
1710 4132 1926 4200 οὺγκίαι

341 4218 420 4281 ἓξ,
455 4219 548 4270 καὶ⁹
579 4219 791 4273 λεπτῶν
822 4220 1069 4291 λαχάνων
1105 4222 1262 4292 δέμα,
1296 4224 1390 4276 καὶ
1431 4223 1574 4290 ὕδωρ
1608 4223 1790 4277 πότον.
1833 4224 1927 4277 Ἐκ

337 4311 463 4365 νέου
502 4311 558 4364 δὲ
590 4311 763 4376 οὕτως
798 4314 1067 4386 ἀσκήσας,
1117 4315 1180 4367 οὐ
1222 4313 1428 4367 διέλιπε
1472 4316 1563 4368 καὶ
1588 4315 1764 4386 γέρων
1811 4312 1922 4367 ὤν’

2422 1751 2426 1755 .
2514 1700 2680 1773 253
2725 1700 2877 1758 CAP.
2913 1699 3106 1756 xxrx.

2013 1813 2119 1886 De_
2163 1815 2449 1886 monachis
2497 1815 2550 1870 in
2617 1814 2884 1886 Thebaide
2941 1814 3248 1886 degentibus
3293 1828 3312 1867 :
3345 1812 3598 1886 _.:1polle,

2080 1883 2366 1948 Dorotheo,
2414 1884 2745 1947 Piammone,
2795 1881 3037 1950 Joanne,
3092 1881 3302 1945 Marco,
3336 1881 3600 1948 Macario,

2083 1955 2401 2026 Apollonio.
2433 1953 2604 2019 lose,
2638 1955 2812 2010 Paulo
2864 1953 3167 2018 Fermensi,
3211 1953 3453 2019 Pachon,
3485 1953 3607 2007 Ste-

2081 2027 2256 2093 phano
2283 2035 2333 2081 et
2371 2025 2524 2080 Pior.

2082 2118 2294 2174 Horum
2363 2118 2706 2186 temporibus
2774 2117 3006 2188 aqualis
3075 2117 3303 2186 Apollas
3353 2114 3493 2171 vixit
3548 2115 3603 2169 in

2014 2209 2313 2267 Thebaide.
2367 2209 2474 2278 Qui
2521 2226 2648 2267 cum
2694 2213 3004 2282 pubescere
3067 2209 3253 2264 adhuc
3310 2207 3603 2278 inciperet,

2014 2305 2390 2377 philosophari
2421 2304 2700 2370 instituit;
2741 2318 2982 2374 cumque
3012 2302 3066 2356 in
3100 2300 3407 2358 solitudine
3447 2314 3607 2354 manv

2014 2400 2178 2454 sisset
2226 2412 2324 2468 per
2352 2411 2530 2452 annos
2565 2395 2962 2467 quadraginta,
3015 2393 3240 2449 tandem
3283 2395 3603 2464 speluncam

2014 2489 2082 2544 ad
2117 2488 2332 2544 radices
2360 2489 2566 2545 montis
2589 2489 2774 2553 sitam,
2801 2487 2949 2542 haud
2984 2487 3178 2556 procul
3215 2486 3286 2542 ab
3320 2486 3606 2542 hominum

2014 2581 2345 2643 domiciliis,
2407 2580 2596 2636 divino
2665 2579 2910 2634 monitus
2985 2578 3215 2634 oraculo
3287 2576 3608 2646 occupavit.

2016 2671 2121 2728 Ubi
2173 2688 2289 2744 prae
2332 2671 2726 2728 miraculorum
2773 2670 3128 2726 multitudine
3177 2669 3328 2724 brevi
3385 2667 3607 2737 conspi-

2015 2779 2155 2822 cuus
2198 2773 2254 2820 et
2296 2762 2664 2833 complurium
2721 2760 3120 2818 monachorum
3180 2757 3343 2814 Pater
3393 2756 3605 2824 evasit;

2015 2865 2146 2906 nam
2195 2857 2247 2904 et
2302 2851 2530 2906 utilibus
2588 2848 2936 2906 documentis
2984 2862 3178 2904 omnes
3228 2846 3295 2902 ad
3345 2847 3607 2901 virtutem

2017 2943 2316 2998 alliciebat.
2354 2941 2555 2998 Verum
2604 2956 2855 3013 quamam
2901 2939 3072 2996 fuerit
3101 2941 3222 3009 ejus
3256 2938 3476 2995 vivendi
3516 2954 3607 2992 ra—

1947 3057 1990 3116 C
2024 3036 2122 3100 tio,
2167 3043 2224 3092 et
2252 3043 2461 3106 quanta
2504 3049 2783 3111 quamque
2822 3034 3011 3090 divina
3047 3032 3312 3089 miracula
3350 3041 3608 3102 patraves-

2024 3130 2118 3193 rit,
2181 3128 2504 3183 Timotheus
2552 3127 2940 3183 Alexandrinae
3003 3126 3260 3182 Ecclesiae
3305 3124 3598 3194 episcOpus

2023 3226 2456 3277 commemorat:
2493 3219 2586 3289 qui
2625 3226 2685 3274 et
2725 3219 2891 3288 hujus
2926 3218 3052 3280 viri,
3104 3227 3162 3273 et
3192 3217 3426 3274 aliorum
3473 3231 3604 3284 quo-

2023 3329 2147 3370 rum
2166 3320 2337 3368 antea
2368 3314 2706 3370 mentionem
2741 3310 2868 3378 ieci,
2901 3313 3068 3365 vitam
3100 3310 3308 3366 litteris
3343 3308 3606 3378 prodidit.

2025 3405 2198 3460 Porro
2231 3414 2363 3459 tunc
2408 3404 2676 3474 temporis
2745 3404 2907 3459 multi
2959 3403 3090 3458 boni
3121 3403 3226 3458 viri
3275 3403 3330 3456 in
3379 3402 3613 3456 Alexan—

2024 3496 2316 3552 drinorum
2360 3497 2588 3566 regione
2644 3495 2839 3552 scdulo
2889 3493 3451 3565 philosophabamur,
3504 3508 3612 3546 nu-

2026 3603 2181 3643 mero
2228 3587 2453 3642 circiter
2503 3587 2586 3644 his
2619 3588 2791 3644 mille.
2839 3585 3089 3653 Quorum
3122 3586 3216 3640 alii
3249 3585 3518 3655 degebant
3557 3583 3611 3636 iu

2026 3679 2164 3735 locis
2195 3694 2319 3749 quae
2365 3679 2604 3734 eremica
2645 3678 2948 3738 dicuntur:
2999 3677 3092 3730 alii
3127 3675 3278 3732 circa
3333 3672 3613 3728 Mareoteu

2023 3777 2080 3824 ct
2113 3770 2332 3843 vicinos
2374 3769 2575 3841 Libyas
2633 3769 2967 3829 incolebant.
3001 3767 3150 3822 inter
3191 3781 3346 3836 quos.
3379 3764 3616 3819 maxime

2025 3863 2226 3918 enituit
2279 3860 2616 3927 Dorothens,
2674 3861 2850 3932 patria
2905 3857 3176 3914 Thebans
3223 3876 3237 3911 :
3293 3856 3454 3924 cujus
3495 3855 3611 3909 haec

2028 3954 2132 4007 fuit
2180 3951 2400 4006 vivendi
2435 3953 2612 4017 ratio,
2655 3959 2715 4004 ut
2767 3949 3009 4006 interdiu
3064 3947 3290 4018 quidem
3327 3963 3394 4001 ex
3428 3947 3612 4001 vicino

2027 4042 2167 4096 mari
2199 4040 2411 4110 lapides
2441 4041 2750 4109 colligeret,
2780 4046 2836 4094 et
2859 4038 3161 4108 quotannis
3193 4037 3448 4090 cellulam
3479 4052 3613 4091 con—

2027 4140 2293 4199 strueret,
2331 4145 2565 4200 eamque
2597 4131 2833 4184 donaret
2859 4128 2928 4184 iis
2958 4127 3050 4197 qui
3086 4125 3192 4182 sibi
3218 4125 3322 4196 ipsi
3341 4125 3613 4180 aediﬁcare

2027 4240 2138 4281 non
2175 4230 2438 4294 possent,
2482 4229 2649 4276 noctu
2667 4236 2802 4276 .vero
2830 4235 2898 4276 ex
2924 4220 3233 4290 palmarum
3273 4217 3422 4272 foliis
3463 4216 3612 4271 funi-

2029 4317 2190 4370 culos
2234 4323 2451 4379 texens,
2496 4311 2780 4382 sportulas
2819 4310 2887 4365 ad
2933 4309 3240 4380 parandum
3279 4309 3386 4364 sibi
3409 4307 3611 4362 victum

338 4405 463 4459 οὺδέ
490 4423 618 4460 ποτε
647 4406 830 4478 ὡράθη
876 4410 967 4462 ἐπὶ
1006 4409 1162 4478 ῥιπὸς
1199 4409 1232 4479 ἦ
1274 4408 1458 4478 κλίνης
1496 4409 1856 4480 καθευδήσας,
1886 4408 1920 4478 ἦ

2033 4415 2261 4469 faceret.
2293 4412 2467 4467 Cibus
2522 4417 2642 4468 erat
2691 4410 2774 4464 illi
2825 4409 2986 4480 panis
3023 4407 3240 4478 quidem
3279 4405 3457 4461 unciae
3495 4420 3612 4466 sex,

339 4498 470 4560 τοὺς
519 4498 682 4562 πόδας
733 4500 977 4562 ἐκτείνας
1027 4501 1225 4564 ἀνέσει,
1271 4500 1304 4570 ἢ
1354 4499 1494 4554 ἑκὼν
1539 4499 1690 4570 ὕπνῳ
1738 4498 1930 4557 ἑαυτὸν

344 4589 555 4652 ἐκδούς.
597 4591 741 4660 Πλὴν
773 4592 896 4644 ὅσον
945 4591 1311 4662 ἐργαζόμενος
1362 4593 1396 4662 ἢ
1441 4591 1660 4656 ἐσθίων,
1690 4590 1930 4661 βιασθεὶς

344 4680 451 4733 ὑπὸ
477 4681 574 4750 τῆς
608 4681 840 4749 φύσεως,
872 4680 1041 4751 ἔμυσε
1081 4682 1206 4746 τοὺς
1246 4682 1585 4752 όφθαλμούς³
1628 4681 1706 4745 ὡς
1733 4679 1934 4734 πολλά-

342 4791 432 4836 κις
453 4774 804 4838 νυστάζοντος
835 4775 891 4827 ἐν
919 4773 996 4843 τῷ
1022 4774 1242 4838 ἐσθίειν,
1267 4777 1521 4828 ἐκπεσεῖν
1539 4773 1632 4827 τοῦ
1665 4761 1930 4845 στόματος

341 4867 444 4934 τὴν
472 4867 698 4936 τροφήν.
721 4867 858 4920 Ποτέ
881 4867 1010 4934 γοῦν
1035 4868 1114 4930 εἷς
1142 4867 1309 4938 ἀκρον
1327 4865 1618 4938 κρατηθεὶς
1640 4865 1717 4936 τῷ
1748 4865 1920 4935 ὕπνῳ’

343 4954 536 5008 ἔλαθεν
562 4957 653 5007 ἐπὶ
677 4954 772 5008 τοῦ
798 4957 952 5027 ῥιπὸς
976 4954 1176 5009 πεσών·
1206 4957 1300 5008 καὶ
1322 4955 1619 5028 περίλυπος
1641 4956 1734 5008 ἐπὶ
1753 4955 1926 5026 τούτῳ

344 5047 606 5116 γεγονὼς,
632 5049 812 5119 ἠρέμα
841 5049 966 5120 ἔφη,
986 5049 1048 5100 Et
1069 5048 1192 5111 τοὺς
1219 5048 1481 5116 ἀγγέλους
1509 5048 1713 5110 πείσεις
1729 5048 1925 5100 καθεύο

343 5140 481 5203 δειν,
508 5141 715 5204 πείσεις
750 5139 953 5194 καὶτὸν
994 5139 1306 5196 σπουδαῖον·
1335 5139 1596 5210 ὑπεδήλου
1627 5140 1682 5193 δὲ
1715 5141 1926 5202 ἐαυτὸν,

2030 4514 2088 4562 et
2145 4505 2487 4558 minutorum
2536 4501 2748 4557 olerum
2816 4499 3144 4563 fasciculus,
3202 4504 3369 4566 potus
3430 4501 3610 4547 autem

2032 4611 2196 4666 aqua.
2237 4595 2486 4664 Curaque
2520 4593 2626 4649 hoc
2661 4607 2837 4662 genus
2880 4591 3229 4646 abstinentia:
3275 4589 3344 4644 ab
3389 4589 3614 4642 ineunte

2033 4696 2194 4744 aetate
2225 4686 2590 4748 exercuisset,
2636 4699 2705 4738 ne
2747 4697 2914 4739 senex
2948 4680 3166 4752 quidem
3211 4678 3346 4733 illud
3383 4677 3611 4731 dimisit.

2035 4777 2146 4834 Nec
2179 4791 2422 4848 unquam
2454 4776 2610 4832 visus
2637 4784 2724 4832 est
2757 4789 2924 4845 super
2969 4782 3213 4829 stoream
3251 4780 3344 4826 aut
3383 4769 3437 4824 in
3473 4769 3615 4824 lecto

2031 4868 2294 4932 dormire,
2329 4883 2431 4924 nec
2471 4867 2680 4938 quietis
2723 4881 2895 4921 causa
2954 4864 3121 4934 pedes
3155 4862 3476 4926 extendere,
3515 4875 3617 4914 nec

2033 4975 2133 5016 sua
2166 4968 2362 5029 sponte
2391 4971 2649 5014 somnum
2683 4964 2890 5028 petere.
2931 4953 3039 5009 Sed
3077 4953 3210 5007 dum
3242 4969 3382 5022 opus
3415 4953 3616 5006 iaceret

2035 5061 2127 5106 aut
2155 5053 2484 5109 comederet.
2524 5057 2764 5120 cogente
2792 5061 2994 5102 natura
3021 5045 3296 5114 tantisper
3327 5045 3618 5098 claudebat

2037 5145 2226 5200 oculos
2253 5163 2264 5197 :
2296 5144 2438 5199 adeo
2476 5151 2536 5197 ut
2573 5154 2950 5220 saepenumero
2993 5139 3138 5193 inter
3167 5135 3443 5194 edendum
3484 5133 3614 5188 dor-

1555 5321 1832 5378 VALESII
1870 5321 2436 5378 ANNOTATIONES.

429 5454 539 5526 (55)
592 5456 694 5526 ’__Etf
715 5455 835 5520 τοῖς
885 5455 1280 5524 καλουμένοις
1313 5455 1570 5523 ἐρήμοις.
1600 5454 1930 5526 Βρεῑίυενὶιι

348 5524 545 5582 codice
598 5524 898 5579 Fukctiano
978 5531 1240 5594 scriptun:
1312 5535 1395 5579 est
1461 5528 1768 5596 ἐρημικοῖς.
1830 5525 1931 5596 Sic

349 5599 500 5652 enim
520 5596 846 5649 dicebantur
874 5612 934 5647 ea
961 5597 1097 5656 loca,
1134 5598 1374 5663 quinque
1401 5595 1660 5664 passuum
1690 5595 1931 5648 millibus

347 5668 548 5722 dissita
583 5667 651 5719 ab
695 5666 829 5718 urbe
878 5667 1225 5724 Alexandria.
1261 5674 1318 5718 ut
1363 5674 1596 5719 testatur
1653 5665 1930 5719 Palladius

351 5743 408 5793 in
442 5753 562 5803 cap.
593 5737 627 5790 ‘3
662 5736 914 5789 Ilistnrim
968 5735 1244 5788 [musicam
1281 5753 1298 5787 :
1345 5735 1558 5799 Ἑξαγει
1603 5736 1666 5802 με
1708 5735 1809 5798 ἔξω
1836 5738 1930 5804 τῆς

1728 5823 1776 5853 ’ΣΞ
1834 5823 1924 5853 ’77".-

355 5811 562 5868 πὸῗεεως
611 5809 687 5867 εἰς
732 5807 796 5857 τὰ
845 5806 1104 5875 λεγνέςιενῖξ
1166 5806 1423 5874 ἓρι-Ιξτιγῖὲι,
1468 5806 1571 5856 ἀπῆ
1624 5807 1776 5855 πέντε
1834 5823 1894 5872 τη

2084 5459 2207 5512 είων
2219 5499 2230 5513 .
2259 5469 2366 5513 etc.

2042 5476 2230 5598 “€37:sz
2259 5476 2562 5596 θὶῗέπρεπε
2613 5530 2923 5596 Δωρόθεος.
2956 5522 3014 5577 In
3060 5521 3258 5598 codice
3313 5515 3615 5598 Fuketiano

2037 5590 2311 5667 Θεόδωρος
2333 5590 2537 5653 dicitur
2579 5600 2666 5653 hic
2693 5590 3021 5652 monachus.
3057 5590 3394 5667 Epiphanius
3435 5593 3615 5667 tat-lucu

2039 5679 2092 5720 et
2146 5654 2484 5738 Nicephorus
2543 5669 2868 5723 Durothemu
2923 5654 3226 5718 Immin-aut.
3279 5656 3387 5710 Nec
3457 5654 3616 5705 alllt‘l'

2042 5738 2316 5792 Palladiva
2355 5745 2399 5797 in
2433 5739 2715 5799 Lmtsiam,
2751 5755 2865 5804 cap.
2905 5738 2957 5788 2.
