4066 6338
331 369 353 430 l
367 377 470 432 377

1241 387 1565 444 HISTORIA
1607 389 2211 450 ECCCLESIASTICA.
2253 428 2316 440 —
2360 400 2490 454 LIB.
2534 403 2624 458 VI.

325 493 510 557 δείσας
534 509 590 546 τε
625 495 805 550 δοῦναι
828 497 1004 570 δίκην,
1038 501 1237 571 ἔφυγεν
1270 507 1348 568 εἰς
1370 507 1467 577 τὴν
1512 508 1770 580 ἐρημίαν.
1812 511 1879 563 Αἰ

2005 519 2060 566 et
2092 528 2262 570 sacra:
2290 514 2593 588 Scriptura:
2624 520 2795 577 libros
2839 525 3100 579 memoria
3150 528 3434 585 tenuisse:
3474 531 3583 586 Deo

328 583 479 651 θριος
512 584 567 636 δέ
598 585 691 637 ἐπὶ
717 589 841 658 τρία
883 590 976 660 ἐτη
1029 594 1168 662 μετὰ
1213 596 1388 649 ταῦτα
1450 597 1670 666 διάγων,
1713 602 1901 656 αὐτόθι

325 674 548 726 οἰκίδιον
589 677 784 747 μικρὸν
839 681 1016 752 ἑαυτῷ
1068 687 1492 754 κατεσκεύασεν,
1540 691 1598 742 ἐν
1643 686 1686 758 ᾧ
1727 691 1900 745 εἴκοσι

329 766 424 818 καὶ
475 766 634 820 πέντε
683 769 775 842 ἐτη
831 772 1125 845 διέτριψεν.
1165 779 1390 848 Ἔλεγον
1435 781 1492 835 δὲ
1548 784 1604 835 οἵ
1641 801 1704 852 γε
1735 785 1899 839 αὐτοῦ

327 857 678 948 ἀκηκόεισαν,
705 861 780 924 ὼς
808 864 1008 934 πολλὴν
1028 867 1298 937 ὡμολόγει
1332 871 1492 942 χάριν
1525 877 1591 944 τῇ
1619 879 1895 948 συμφορᾷ,

327 947 422 999 καὶ
456 951 722 1020 σωτήριον
760 953 1026 1008 ἀπεκάλει
1061 957 1152 1010 τὸν
1174 961 1429 1015 ἀκούσιον
1457 964 1639 1032 φόνον,
1681 947 1897 1036 φιλοσο-

324 1040 456 1106 φίας
486 1042 579 1094 καὶ
622 1046 893 1116 μακαρίου
936 1046 1053 1116 βίου
1106 1050 1278 1106 αἰτιον
1327 1055 1477 1126 αὐτῷ
1509 1060 1894 1128 γεγενημένον.

333 1133 691 1199 Ἀπολλώνιος
724 1136 800 1202 δὲ,
833 1139 924 1192 τὸν
957 1141 1114 1195 ἄλλον
1141 1145 1332 1214 χρόνον
1356 1149 1622 1220 ἐμπορίαν
1673 1153 1894 1221 μετιὼν,

320 1221 425 1290 ἤδη
461 1223 596 1295 πρὸς
616 1226 792 1296 γῆρας
821 1226 1082 1295 ἐλαύνων,
1113 1233 1205 1286 ἐπὶ
1233 1235 1331 1304 τὴν
1363 1238 1563 1308 Σκῆτιν
1605 1236 1756 1312 ἦλθε.
1792 1244 1895 1296 Λο-

321 1313 617 1382 γισάμενος
644 1315 700 1369 δὲ
729 1317 806 1380 ὡς
835 1317 958 1373 οὔτε
992 1324 1247 1394 γράφειν,
1278 1325 1402 1380 οὔτε
1427 1329 1594 1400 ἄλλην
1646 1333 1768 1386 τινὰ
1803 1335 1894 1387 τέ-

319 1417 455 1471 χνην
489 1402 680 1472 μαθεῖν
706 1400 817 1470 οἷός
847 1407 907 1460 τέ
937 1409 1054 1463 ἐστι
1089 1411 1174 1464 διὰ
1203 1413 1301 1484 τὴν
1345 1414 1583 1484 ἡλικίαν,
1629 1419 1896 1472 παντοδα-

320 1491 442 1543 πῶν
463 1492 770 1562 φαρμάκων
802 1494 914 1567 εῐδη
967 1498 1059 1551 καὶ
1100 1499 1412 1570 ἐδεσμάτων
1443 1503 1762 1574 ἐπιτηδείων
1783 1507 1895 1567 τοῖς

317 1582 618 1651 κάμνουσιν
671 1584 730 1652 ἐξ
786 1588 1003 1642 οἰκείων
1075 1593 1374 1662 χρημάτων
1414 1594 1742 1665 ὠνούμενος,
1789 1595 1894 1648 ἀνὰ

319 1671 560 1742 ἑκάστην
591 1672 762 1745 θύραν
798 1679 1128 1746 μοναστικὴν
1157 1680 1370 1752 περιῄει
1435 1684 1626 1755 μέχρις
1668 1687 1892 1755 ἐννὸιτης

314 1758 486 1829 ὥρας,
518 1762 729 1833 ἐφορῶν
758 1767 884 1830 τοὺς
914 1769 1223 1833 νοσοῦντας.
1273 1772 1617 1842 Ἐπιτηδείαν
1655 1775 1712 1827 δὲ
1761 1775 1892 1829 ταύ-

314 1868 417 1922 την
470 1853 620 1924 αὐτῷ
669 1855 769 1926 τὴν
810 1857 1043 1930 ἄσκησιν
1086 1861 1284 1932 εὑρὼν,
1337 1856 1440 1917 ὧδε
1483 1865 1885 1922 ἐπολιτεύσατο.

314 1943 542 1998 Μέλλων
575 1944 632 1998 δὲ
657 1947 933 2020 τελευτᾷν,
967 1950 1110 2022 ἄλλῳ
1141 1954 1418 2023 παραδοὺς
1438 1955 1472 2009 ἃ
1496 1951 1660 2026 εἶχεν,
1692 1958 1889 2011 ἐνετεί-

314 2033 446 2087 λατο
469 2034 537 2088 τὰ
559 2036 698 2090 αὐτὰ
733 2042 923 2093 ποιεῖν,
958 2040 1164 2111 Μωσῆς
1204 2043 1262 2097 δέ
1294 2045 1478 2110 δοῦλος
1507 2047 1603 2111 ὢν,
1651 2049 1742 2102 διὰ
1791 2066 1886 2119 μο-

315 2125 549 2194 χθηρίαν
596 2127 834 2199 ἐξηλάθη
877 2129 978 2200 τῆς
1026 2133 1205 2196 οἰκίας
1250 2134 1342 2188 τοῦ
1389 2139 1726 2208 κεκτημένου
1753 2157 1766 2171 °
1792 2141 1886 2194 καὶ

312 2218 393 2278 εἰς
420 2217 671 2287 λῃστείας
711 2223 961 2290 τραπεὶς,
1020 2222 1310 2296 λῃστρικοῦ
1365 2227 1642 2298 τάγματος
1677 2233 1883 2302 ἠγεῖτο.

313 2307 549 2372 Πολλοὺς
583 2309 642 2364 δὲ
683 2315 1065 2385 κακουργήσας
1102 2315 1239 2387 (42),
1287 2317 1384 2372 καὶ
1423 2319 1651 2384 πολλοὺς
1693 2321 1886 2390 φόνους

308 2401 606 2471 τολμήσας,
627 2403 690 2456 ἐκ
711 2405 1055 2474 περιπετείας
1075 2407 1219 2470 τινὸς
1236 2407 1326 2462 τὸν
1349 2409 1631 2479 μοναδικδν
1653 2411 1884 2482 μετῆλθε

311 2494 464 2562 βίον,
512 2497 605 2549 καὶ
646 2496 839 2568 ἁθρόον
884 2499 962 2562 είς
1005 2499 1206 2570 ἀρετὴν
1245 2502 1559 2570 φιλοσοφίας
1591 2503 1881 2558 ἐπέδωκεν.

321 2587 476 2640 Ἐπεὶ
498 2589 628 2657 γοῦν
657 2591 722 2643 ἐκ
745 2591 844 2660 τῆς
872 2594 1144 2665 προτέρας
1168 2595 1379 2665 διαίτης
1410 2594 1591 2666 εὐεξίᾳ.
1621 2595 1757 2659 ζέων
1790 2595 1884 2650 καὶ

308 2679 447 2750 πρὸς
472 2683 773 2749 φαντασίας
807 2683 1010 2753 ἡδονῶν
1055 2685 1370 2756 κινούμενος
1389 2724 1403 2748 ,
1452 2686 1675 2757 μυρίαις
1706 2687 1883 2758 ἀσκή-

307 2788 429 2825 σεσι
461 2773 522 2825 τὸ
561 2773 721 2844 σῶμα
751 2775 1015 2847 κατέτηξε
1041 2793 1054 2807 ·
1110 2778 1186 2847 πῆ
1237 2777 1336 2847 μὲν
1381 2778 1502 2848 δίχα
1549 2779 1681 2848 ὄψου
1717 2780 1882 2850 ὀλίγῳ

302 2863 460 2935 ἄρτῳ
485 2866 846 2937 ἀρκούμενος,
903 2868 980 2938 πῆ
1015 2869 1072 2922 δὲ
1099 2870 1349 2924 πλεῖστον
1379 2869 1537 2940 ἔργον
1566 2871 1763 2934 ἀνύων,
1786 2871 1882 2927 καὶ

305 2959 674 3027 πεντηκοστὸν
699 2957 1011 3028 εὐχόμενος,
1063 2959 1140 3029 πῆ
1165 2960 1220 3012 δὲ
1253 2961 1344 3012 ἐπὶ
1369 2960 1428 3025 ἒξ
1459 2961 1634 3016 ἐτεσιν
1657 2961 1880 3032 ὁλόκλη-

305 3066 401 3118 ρον
447 3051 680 3121 ἑκάστην
708 3051 878 3106 νύκτα
920 3051 1113 3116 ἐσσι-ὼς,
1165 3054 1524 3124 προσηύχετο,
1575 3055 1714 3126 μήτε
1749 3054 1877 3123 γόνυ

2005 618 2134 657 vero
2163 605 2236 660 ita
2269 607 2498 664 charum
2529 611 2701 668 fuisse
2723 653 2738 678 ,
2768 621 2827 668 ut
2859 613 3132 673 Macarius
3167 619 3262 688 qui
3305 621 3580 678 Cellarum
3685 626 3699 656 κ

2003 696 2295 774 presbyter
2341 697 2472 765 fuit,
2521 717 2666 773 sape
2704 704 3076 773 allirmavcrit,
3129 707 3370 764 Marcum
3427 730 3578 768 ruin-

2001 799 2164 854 quam
2197 787 2267 842 ab
2300 789 2422 859 ipso
2464 794 2746 864 accepisse
2783 811 2908 866 quae
2969 801 3288 859 sacerdotes
3328 803 3578 862 ﬁdelibus

2001 876 2067 931 ad
2099 878 2273 934 altare
2305 883 2546 950 prmbere
2585 883 2677 955 jus
2716 885 2908 958 fasque
2942 898 3029 945 est
3058 909 3071 945 :
3116 892 3210 947 sed
3241 897 3500 965 angelum
3526 898 3576 952 ei

1999 971 2326 1037 praebuisse,
2378 974 2545 1044 cujus
2611 992 2832 1033 manum
2893 981 2963 1035 ad
3023 983 3345 1051 juncturam
3406 1003 3576 1057 usque

1999 1061 2271 1117 duntaxat
2323 1081 2384 1121 se
2415 1068 2625 1124 vidisse
2659 1069 2897 1126 dicebat.
2945 1071 3188 1129 Macario
3233 1077 3574 1132 verovdona-

2001 1164 2114 1209 tum
2147 1155 2254 1210 fuit
2292 1172 2320 1211 a
2361 1158 2506 1223 Deo,
2543 1169 2601 1214 ut
2643 1161 2920 1217 daemones
2967 1174 3364 1221 contemneret.
3406 1167 3574 1222 0cm—

1998 1245 2206 1301 sionem
2239 1263 2403 1318 porro
2433 1250 2853 1321 philosophandi
2878 1254 2926 1308 ei
2952 1255 3187 1322 primum
3221 1257 3446 1324 praebui:
3470 1274 3575 1313 caa-

1995 1337 2095 1394 dcs
2125 1338 2352 1394 fortuito
2383 1352 2708 1411 perpetrata.
2737 1343 2868 1397 Nam
2894 1358 3017 1398 cum
3043 1353 3187 1401 esset
3213 1347 3571 1414 adolescens,

1996 1446 2126 1486 oves
2165 1432 2425 1499 pascebat
2467 1433 2612 1487 circa
2662 1433 3017 1489 Mareoticum
3068 1436 3282 1504 lacum;
3334 1454 3573 1510 cumque

1993 1523 2140 1576 inter
2168 1523 2463 1578 ludendum
2512 1526 2801 1592 quemdam
2826 1543 2889 1580 ex
2921 1528 3225 1597 aequalibus
3253 1531 3372 1586 suis
3403 1533 3573 1588 inter-

1999 1613 2241 1682 fecisset,
2289 1617 2504 1672 veritus
2549 1632 2617 1672 ne
2653 1633 2848 1688 poenas
2887 1619 3062 1685 daret,
3109 1621 3166 1674 in
3213 1623 3568 1678 solitudinem

1995 1723 2054 1762 se
2086 1709 2312 1778 recepit.
2349 1708 2462 1763 Illic
2491 1709 2714 1764 triennii
2761 1711 2942 1780 spatio
2980 1712 3084 1767 sub
3125 1713 3253 1768 divo
3298 1723 3566 1775 moratus.

1922 1814 2220 1900 Bparvam
2272 1800 2380 1855 sibi
2446 1800 2638 1856 cellam
2698 1799 2900 1855 ibidem
2958 1804 3290 1900 construxit,
3352 1803 3406 1859 in
3459 1821 3567 1876 qua

1990 1889 2234 1959 quinque
2278 1897 2334 1944 et
2365 1889 2558 1960 viginti
2592 1903 2772 1943 annos
2817 1889 3020 1958 exegit.
3062 1888 3486 1961 Narrabantque
3529 1893 3565 1946 ii

1989 1981 2081 2050 qui
2113 1996 2177 2034 ex
2223 1980 2344 2049 ipso
2393 1979 2448 2034 id
2511 1978 2823 2045 audierant,
2883 1976 3059 2048 ipsum
3131 1980 3432 2034 calamitati
3488 1982 3568 2035 illi

1986 2071 2193 2142 gratias
2220 2068 2424 2125 referre
2452 2069 2698 2130 solitum,
2729 2079 2778 2123 et
2814 2069 3018 2123 easdem
3043 2068 3192 2122 illam
3226 2068 3460 2124 fortuito
3482 2069 3567 2124 fa—

1988 2171 2132 2216 ctam
2200 2160 2500 2217 salutarem
2557 2159 2887 2231 appellasse,
2937 2173 3061 2228 qum
3105 2159 3463 2230 philosophia:
3503 2176 3567 2214 ac

1987 2255 2158 2310 beatae
2217 2253 2348 2307 vitae
2441 2251 2795 2308 occasionem
2872 2251 2976 2320 ipsi
3055 2250 3349 2306 attulisset.
3405 2252 3568 2322 260

1983 2345 2308 2415 Apollonius
2342 2350 2548 2406 autem,
2587 2355 2714 2397 cum
2743 2347 3000 2396 anteacto
3044 2347 3293 2410 tempore
3347 2357 3563 2396 merca-

1984 2443 2164 2490 turam
2200 2434 2446 2500 fecisset,
2477 2433 2591 2503 jam
2617 2434 2674 2488 in
2713 2434 2932 2488 senium
2958 2447 3214 2502 vergens,
3249 2433 3316 2488 ad
3353 2433 3560 2488 Seetim

1984 2541 2046 2582 se
2091 2525 2347 2582 contulit.
2389 2525 2638 2595 Cumque
2685 2524 3093 2590 consideraret,
3143 2539 3205 2580 se
3261 2524 3332 2579 ob
3376 2526 3564 2594 ingra-

1983 2625 2292 2674 vescentem
2321 2623 2538 2672 aetatem
2589 2630 2693 2672 nec
2724 2615 3004 2672 scribendi
3033 2623 3232 2682 artem,
3265 2631 3368 2670 nec
3397 2616 3562 2671 ullam

1983 2708 2146 2763 aliam
2177 2722 2339 2777 posse
2373 2705 2681 2773 addiscere,
2728 2705 2911 2761 varias
2943 2705 3158 2775 species
3189 2705 3561 2763 medicamen-

1981 2805 2162 2852 torum
2188 2803 2244 2852 et
2271 2795 2524 2852 ciborum
2566 2794 2661 2864 qui
2701 2792 2977 2850 commodi
3009 2801 3140 2848 sunt
3169 2795 3562 2864 aegrotantibus

1981 2905 2082 2946 sua
2129 2890 2364 2960 pecunia
2413 2903 2702 2954 coemens,
2741 2885 2991 2957 singulas
3041 2885 3438 2941 monachorum
3475 2885 3560 2956 ja-

1981 2995 2122 3036 nuas
2151 2980 2438 3044 circuibat,
2469 2979 2538 3034 ad
2569 2979 2762 3035 horam
2791 2993 2967 3048 usque
2990 2992 3188 3032 nonam
3218 2991 3395 3048 aegros
3419 2976 3559 3032 invi-

1981 3087 2128 3127 sens.
2163 3071 2318 3138 Quod
2355 3069 2578 3142 quidem
2613 3068 3030 3126 exercitationis
3062 3083 3237 3138 genus
3279 3083 3405 3123 cum
3451 3066 3558 3122 sibi

303 3141 522 3204 κλίνων,
558 3143 695 3213 μήτε
727 3144 852 3206 τοὺς
882 3143 1192 3214 ὀφθαλμοὺς
1229 3144 1380 3216 μύων
1405 3148 1486 3210 εἰς
1515 3145 1703 3202 ὕπνον.
1748 3147 1876 3200 ’Λλ-

303 3231 424 3258 ημ,
450 3231 506 3258 ,ξι
537 3231 751 3258 ...-___-_-
794 3235 1022 3258 _--__.~._.
1052 3235 1151 3258 ,μ
1182 3237 1293 3258 -.-Α
1311 3253 1417 3258 μ--
1457 3237 1559 3258 __~...

1978 3164 2327 3218 commodum
2380 3141 2698 3232 reperisset,
2756 3159 2833 3215 ita
2883 3159 3144 3230 deinceps
3193 3167 3556 3214 conversatus

300 3231 425 3284 λοτε
450 3231 507 3285 δὲ
537 3231 754 3305 νύκτωρ
792 3235 1023 3305 περιιὼν
1051 3235 1152 3298 τὰς
1177 3237 1418 3307 οἰκήσεις
1452 3237 1560 3291 τῶν
1601 3239 1871 3309 μοναχῶν,

299 3319 477 3392 λάθρα
511 3321 612 3393 τὴν
641 3322 870 3376 ἑκάστου
903 3323 1093 3393 ὑδρίαν
1135 3324 1376 3396 ἐπλήρου
1420 3326 1630 3390 ὕδατος.
1669 3324 1776 3382 Ἦν
1817 3328 1874 3381 δὲ

296 3409 460 3465 τοῦτο
502 3410 622 3466 λίαν
665 3412 920 3483 ἐργῶδες.
969 3415 1089 3468 Τῶν
1153 3416 1252 3487 μὲν
1288 3416 1397 3486 γὰρ
1444 3417 1675 3480 σταδίοις
1719 3418 1870 3483 δέκα,

296 3504 410 3558 τῶν
434 3504 512 3569 δὲ,
547 3505 754 3569 εἴκοσι,
805 3506 916 3560 τῶν
960 3507 1037 3572 δὲ,
1082 3510 1178 3562 καὶ
1217 3511 1528 3580 τριάκοντα,
1573 3512 1668 3564 καὶ
1711 3511 1874 3566 πλέον

295 3595 593 3668 διειστήκει
622 3599 651 3651 ὁ
677 3597 842 3662 τόπος
891 3597 1012 3652 ὅθεν
1058 3599 1362 3671 ὑδρεύοντο.
1417 3600 1662 3670 Διέμεινε
1693 3601 1750 3654 δέ
1781 3601 1875 3654 ἐπὶ

295 3675 436 3739 τῦολὺ
463 3685 561 3758 τὴν
603 3687 871 3760 προτέραν
896 3690 1049 3760 ἰσχὺν
1075 3690 1233 3760 ἔχων,
1279 3690 1481 3762 καίπερ
1508 3694 1627 3754 ταῖς
1654 3691 1874 3756 πολλαῖς

215 3781 220 3786 ’
296 3776 564 3848 ἀσκήσεσι
591 3777 840 3832 καθελεῖν
872 3781 1074 3853 ταύτην
1103 3782 1442 3847 σπουδάζων,
1481 3784 1577 3836 καὶ
1613 3782 1675 3836 τὸ
1714 3783 1873 3854 σῶμα

292 3871 416 3932 ταῖς
454 3869 850 3941 ταλαιπωρίαις
887 3873 1105 3937 πιέζων.
1144 3873 1378 3940 Λέγεται
1426 3872 1560 3942 γοῦν
1602 3890 1732 3927 ποτε
1779 3874 1872 3946 λῃ-

295 3961 432 4025 στὰς
463 3963 911 4034 καταδραμόντας
946 3965 1037 4019 τὸν
1075 3967 1238 4020 τόπον
1267 3968 1326 4020 ἐν
1353 3959 1398 4035 ᾧ
1427 3967 1586 4037 μόνος
1609 3966 1871 4035 ,ἐφιλοσό-

293 4073 409 4125 φει,
459 4057 816 4111 συλλαϐέσθαι
865 4060 1071 4122 πάντας
1100 4060 1194 4114 καὶ¹
1222 4061 1416 4129 δῆσαι,
1460 4061 1555 4114 καὶ
1600 4059 1872 4129 τέσσαρας

290 4144 458 4209 ὄντας
501 4149 613 4210 τοῖς
659 4146 829 4218 ὤμοις
875 4147 1162 4213 ἐπιθεῖναι,
1209 4149 1305 4203 καὶ
1333 4152 1411 4214 είς
1443 4151 1544 4220 τὴν
1573 4149 1872 4220 ἐκκλησίαν

293 4241 547 4310 ἀγαγεῖν,
580 4243 674 4295 καὶ
701 4243 1144 4313 συμμονάζουσιν
1176 4243 1465 4315 ἐπιτρέψαι
1501 4245 1570 4299 τὰ
1608 4245 1737 4315 περὶ
1772 4246 1871 4300 αὐ·-

290 4331 422 4394 τῶν,
455 4331 532 4395 ὡς
566 4332 638 4402 μὴ
669 4331 888 4402 θεμιτὸν
918 4333 1066 4404 αὐτῷ
1097 4334 1178 4387 ἐτι
1220 4335 1422 4405 μηδένα
1457 4335 1642 4399 κακῶς
1672 4339 1864 4391 ποιεῖν.

288 4422 429 4475 Φασὶ
460 4423 570 4492 γὰρ
615 4423 723 4478 ἀπὸ
771 4424 970 4488 κακίας
1016 4426 1096 4488 εἰς
1136 4424 1337 4497 ἀρετὴν
1369 4425 1557 4497 μηδενὶ
1598 4426 1868 4498 τοσαύτην

1975 3261 2063 3308 est
2091 3271 2106 3320 ;
2143 3262 2198 3308 et
2229 3267 2355 3306 cum
2383 3251 2686 3307 moriturus
2719 3256 2886 3312 esset,
2919 3263 3264 3319 quaecunque
3295 3249 3554 3314 habebat,

1974 3343 2136 3399 alteri
2164 3342 2410 3409 tradens,
2444 3339 2726 3396 mandavit
2773 3347 2834 3394 ut
2874 3341 3017 3396 idem
3045 3338 3284 3394 cilicium
3321 3354 3549 3396 exerce-

1975 3440 2076 3487 ret.
2106 3433 2286 3490 Moses
2322 3448 2456 3488 vero
2478 3447 2604 3488 cum
2640 3440 2788 3489 esset
2817 3446 3036 3496 servus,
3075 3441 3305 3502 propter
3344 3433 3555 3501 impro-

1973 3524 2202 3580 bitatem
2235 3539 2301 3582 ex
2331 3524 2541 3580 aedibus
2564 3522 2768 3578 domini
2801 3524 2888 3579 sui
2921 3523 3158 3594 ejectus,
3191 3530 3246 3579 et
3278 3522 3346 3579 ad
3379 3524 3552 3579 latro-

1973 3617 2268 3673 cinandum
2295 3631 2622 3681 conversus,
2670 3616 2880 3686 agmini
2937 3615 3218 3672 latronum
3253 3615 3448 3672 ducem
3495 3632 3557 3673 se

1974 3706 2228 3775 praebuit.
2259 3705 2364 3770 Qui
2390 3719 2517 3760 cum
2548 3703 2721 3760 multa
2759 3704 2969 3761 scelera
2996 3704 3384 3768 commisisset,
3417 3704 3555 3759 mul-

1971 3806 2174 3868 tasque
2197 3797 2376 3854 caedes
2408 3802 2704 3866 patrasset,
2739 3811 2872 3852 casu
2903 3796 3144 3867 quodam
3179 3795 3248 3850 ad
3291 3797 3556 3852 monasti-

1971 3905 2092 3946 cam
2127 3890 2296 3945 vitam
2331 3889 2634 3946 translatus
2667 3896 2772 3954 est,
2805 3903 2871 3944 ac
2896 3897 3122 3958 repente
3151 3887 3218 3940 ad
3260 3903 3543 3945 summum

1972 3979 2332 4049 philosophia
2363 3977 2644 4049 fastigium
2695 3976 2894 4034 evasit.
2940 3973 3077 4030 Nam
3109 3975 3373 4045 quoniam
3407 3976 3552 4030 bona

1971 4071 2222 4141 corporis
2275 4068 2622 4131 habitudine,
2673 4081 2837 4137 quam
2885 4082 2951 4123 ex
3001 4066 3185 4136 priore
3223 4066 3371 4120 victu
3412 4081 3550 4122 con-
3625 4084 3627 4087 ·

1970 4168 2234 4224 traxerat,
2268 4159 2450 4215 adhuc
2491 4157 2737 4222 fervens,
2777 4158 2846 4213 ad
2887 4155 3253 4225 cogitationes
3296 4153 3452 4213 foedae
3483 4155 3550 4210 li-

1971 4254 2178 4310 bidinis
2232 4249 2592 4314 incitabatur,
2646 4249 2798 4304 omni
2850 4247 3245 4317 philosophica;
3285 4247 3552 4302 exercita-

1971 4345 2142 4400 tionis
2165 4356 2364 4413 genere
2383 4356 2586 4410 corpus
2617 4356 2778 4396 suum
2811 4339 3128 4405 maceravit,
3182 4353 3328 4392 nunc
3353 4338 3552 4410 exiguo

1971 4450 2113 4507 pane
2143 4433 2404 4488 victitans
2436 4433 2558 4487 sine
2591 4430 2846 4496 obsonio,
2905 4443 3054 4486 nunc
3094 4427 3391 4499 plurimum
3419 4443 3549 4497 ope—

264 4513 533 4583 ,ὑπάρξαι
589 4513 889 4585 μεταϐολήν
915 4533 928 4545 ·
982 4515 1124 4570 ὥστε
1187 4517 1360 4587 ἄκρου
1418 4516 1518 4586 μὲν
1569 4517 1866 4587 ἐπιψαῦσαι

1978 4528 2048 4584 ris
2078 4524 2306 4586 faciens,
2331 4537 2610 4594 oransque
2653 4519 3047 4591 quinquagies;
3081 4517 3353 4573 interdum
3384 4516 3548 4572 etiam

293 4605 626 4676 μοναστικῆς
655 4606 972 4675 φιλοσοφίας
991 4647 1007 4673 ,
1055 4607 1290 4674 ἐξαίσιον
1316 4608 1373 4661 δδ
1403 4608 1568 4677 φόϐον
1610 4611 1724 4673 τοῖς
1754 4610 1868 4664 δαίς

291 4713 452 4766 μοσιν
478 4697 794 4768 ἐμποιῆσαι,
840 4700 935 4752 καὶ
965 4699 1334 4772 πρεσϐύτερον
1378 4699 1629 4768 γενέσθαι
1671 4701 1780 4755 τῶν
1809 4703 1867 4757 ἐν

289 4789 490 4858 Σκήτει
543 4789 809 4860 μοναχῶν.
855 4790 913 4842 '0
958 4790 1060 4861 μὲν
1105 4789 1199 4846 οὖν
1231 4790 1473 4855 τοιοῦτος
1507 4793 1603 4853 ὢν,
1638 4793 1866 4857 πολλοὺς

287 4881 545 4950 ἀρίστους
571 4881 819 4953 μαθητὰς
861 4883 1200 4951 καταλιπὼν,
1231 4885 1375 4955 ἀμφὶ
1401 4885 1471 4939 τὰ
1495 4882 1866 4955 ἐϐδομήκοντα

287 4972 387 5024 καὶ
421 4972 580 5025 πέντε
605 4973 698 5044 ἐτη
742 4974 982 5042 γεγονὼς
1007 4975 1380 5046 ἐτελεύτησεν.
1420 4977 1543 5030 Ἐπὶ
1575 4977 1776 5047 ταύτης
1809 4975 1868 5029 δὲ

284 5067 391 5134 τῆς
423 5065 696 5134 βασιλείας
726 5067 941 5135 ἐγένετο
970 5066 1179 5131 Παῦλος
1207 5068 1304 5120 καὶ
1337 5067 1554 5138 Παχὼν,
1600 5067 1869 5136 Στέφανός

283 5174 350 5209 τε
382 5157 475 5209 καὶ
501 5159 724 5228 Μωσῆς,
756 5160 922 5228 ἄμφω
947 5157 1166 5223 Λίὸυες,
1201 5159 1295 5211 καὶ
1324 5158 1475 5229 Πίωρ
1493 5161 1522 5212 ὁ
1547 5159 1864 5226 Αἰγύπτιος.

287 5250 490 5318 ’ᾨκουν
523 5248 600 5313 δὲ,
637 5250 846 5315 Παῦλος
883 5251 982 5320 μὲν
1012 5250 1072 5304 ὲν
1103 5251 1294 5323 Φέρμῃ
1317 5268 1335 5284 ο
1383 5251 1508 5321 ὅρος
1533 5250 1589 5304 δὲ
1614 5250 1774 5304 τοῦτο
1802 5251 1862 5304 ἐν

284 5337 509 5406 Σκήτει⁸
556 5339 616 5391 ού
652 5339 838 5408 μείους
869 5340 1236 5395 πεντακοσίων
1266 5340 1512 5412 ἀσκητὰς
1551 5338 1689 5409 ἔχων
1721 5340 1854 5410 (45).

1973 4617 2205 4688 singulis
2237 4615 2492 4671 noctibus
2534 4621 2710 4679 stans,
2759 4627 2859 4682 per
2906 4626 3000 4667 sex
3046 4610 3339 4664 continuos
3371 4622 3550 4662 annos

1972 4707 2187 4769 orabat,
2215 4718 2315 4760 nec
2343 4719 2520 4774 genua
2546 4702 2791 4764 ﬂectens,
2825 4715 2927 4756 nec
2967 4700 3162 4754 oculos
3188 4697 3450 4752 claudens
3479 4697 3547 4751 ad

1938 4809 2226 4853 -somnum
2284 4791 2631 4862 capiendum.
2691 4788 3097 4857 Nonnunquam
3145 4785 3545 4841 monachorum

1909 4868 1919 4875 ’
1973 4887 2140 4942 cellas
2169 4893 2330 4939 noctu
2368 4882 2724 4948 circumiens,
2757 4879 2981 4952 hydrias
3031 4877 3372 4946 singulorum
3403 4875 3545 4930 clam

1972 4993 2119 5048 aqua
2150 4976 2430 5046 implebat.
2485 4973 2644 5039 Quod
2675 4974 2895 5044 quidem
2941 4969 3277 5027 laboriosum
3311 4975 3429 5024 erat
3460 4969 3546 5022 in-

1975 5067 2192 5138 primis.
2231 5065 2316 5122 Ah
2345 5064 2470 5120 aliis
2516 5064 2664 5119 enim
2697 5063 2887 5118 decem
2911 5102 2927 5128 ,
2979 5062 3048 5117 ab
3096 5060 3218 5116 aliis
3253 5060 3482 5131 viginti,
3513 5074 3544 5113 a

1973 5159 2302 5228 quibusdam
2329 5171 2460 5213 vero
2491 5155 2716 5226 triginta
2749 5160 2804 5210 et
2832 5153 3072 5224 amplius
3116 5151 3311 5207 stadiis
3352 5151 3546 5206 aberat

1968 5249 2122 5304 locus
2159 5248 2272 5314 ille,
2298 5247 2438 5302 unde
2469 5261 2668 5317 aquam
2700 5243 3048 5300 hauriebam.
3082 5241 3181 5298 Diu
3210 5251 3392 5298 tamen
3427 5241 3542 5311 pri-

1965 5341 2169 5396 stinum
2195 5340 2365 5394 robur
2393 5338 2620 5395 retinuit
2640 5379 2656 5404 ,
2695 5337 2824 5393 licet
2846 5336 3098 5408 plurimis
3120 5331 3537 5391 exercitationi-

1491 5492 1760 5550 VALESII
1796 5472 2344 5550 ANNOTATIONES.

249 5613 252 5615 λ
357 5583 470 5650 (l2)
502 5585 778 5651 Πολλοὺς
821 5583 902 5655 δὲ,
924 5585 1364 5654 κακουργήσας.
1399 5585 1610 5648 Melius,
1652 5592 1712 5638 ut
1741 5587 1861 5655 opi-

281 5668 412 5725 nnr,
450 5657 784 5725 scriberetur
823 5653 1013 5725 πολλὰ,
1055 5653 1516 5725 quemadmodum
1553 5655 1750 5725 legisse
1781 5653 1860 5709 vi-

279 5724 446 5777 detur
480 5722 842 5790 Nicephorius.
893 5723 982 5778 Sic
1034 5722 1179 5779 enim
1212 5726 1326 5779 haec
1367 5722 1654 5778 Sozomeni
1694 5727 1859 5780 verba

277 5794 557 5863 expressit
590 5812 601 5846 :
630 5794 855 5847 Ilisicta
883 5794 938 5847 δὲ
965 5796 1152 5849 ἀνόσια
1177 5794 1554 5866 εἰργασμένος,
1578 5803 1683 5848 etc.

2062 5581 2171 5656 ᾧ)-
2219 5581 2514 5656 Ἀσκητὰς
2551 5581 2728 5656 ἔχων.
2765 5581 3103 5656 Epiphanius
3159 5575 3536 5656 _Scliolaslicus

1966 5661 2020 5708 et
2045 5644 2727 5721 Christophorsonus'lraec
2753 5644 2916 5707 ve'rh'a
2951 5651 3017 5704 de
3045 5647 3210 5721 Paulo
3233 5646 3351 5721 ipso
3378 5644 3534 5697 intel-

1969 5713 2433 5792 ΙοιὶῑηΕεολνοιοο
2467 5721 2588 5791 ἔχον
2647 5724 2701 5792 in
2747 5729 2942 5792 neutro
2995 5713 3341 5792 scribendum
3363 5727 3530 5792 _pu_'_o,

1973 5800 2030 5845 ut
2062 5780 2334 5848 referatur
2361 5790 2428 5846 ad
2460 5780 2645 5846 vocem
2678 5791 2820 5860 ὅρος.
2863 5787 3024 5859 quue
3050 5783 3336 5838 confirmat
3363 5780 3538 5834 Palla-

3449 420 3582 477 1378
3664 485 3670 494 ,
