4066 6338
643 344 784 401 15⁸19

2087 331 2430 391 ὃΟΖΟΗΕΝΙ

3661 352 3756 409 13τό

629 467 734 522 bus
760 462 893 519 iliud
929 463 1180 531 frangere
1231 458 1558 524 studuisset,
1595 466 1649 513 et
1699 455 1940 512 assiduis
1975 455 2210 511 vexatio-

2279 494 2291 518 ,
2318 452 2619 526 Εἰργάζετο
2668 455 2725 508 δὲ
2771 453 2945 520 οὐδὲν,
2994 453 3114 508 οὐδὲ
3158 454 3423 524 ἐλάμϐανέ
3462 475 3506 511 τι
3548 464 3664 533 παρὰ
3689 485 3772 538 του,

630 557 795 612 nibus
838 568 1038 622 corpus
1085 559 1367 606 attereret.
1409 549 1586 604 Porro
1638 564 1763 604 cum
1816 550 2061 606 latrones
2110 550 2212 603 ali-

628 645 848 716 quando
909 644 963 697 in
1017 642 1208 696 cellam
1272 641 1325 695 in
1386 656 1494 710 qua
1540 641 1693 696 solus
1717 641 2212 711 philosophabatur

625 737 983 808 irrupissent,
1035 732 1153 804 ipse
1201 739 1437 787 cunctos
1493 731 1979 802 comprehendisse
2030 747 2096 787 ac
2147 733 2212 786 li-

631 843 792 899 gasse
819 827 1056 889 dicitur,
1091 832 1145 879 et
1176 824 1430 894 quamvis
1459 831 1698 894 quatuor
1742 840 1972 881 numero
2002 833 2210 891 essent,

628 917 872 974 humeris
911 917 1030 971 suis
1084 916 1377 986 impositos
1429 916 1624 972 tulisse
1674 917 1743 969 ad
1789 916 2104 984 ecclesiam,
2147 931 2212 973 ac

625 1008 855 1078 reliquis
883 1005 1172 1061 monachis
1202 1005 1523 1074 permisisse
1553 1017 1613 1062 ut
1640 1006 1709 1063 de
1737 1007 1852 1061 illis
1883 1014 2210 1072 statuerent,

625 1100 847 1170 quando
891 1098 998 1169 ipsi
1041 1098 1153 1167 jam
1187 1095 1343 1152 nefas
1371 1106 1518 1154 esset
1562 1113 1893 1169 quemquam
1929 1100 2074 1154 malo
2101 1098 2214 1154 alli-

627 1209 772 1251 cere.
805 1192 976 1246 Aiunt
1009 1191 1156 1245 enim
1192 1192 1400 1246 nemini
1438 1205 1680 1262 unquam
1720 1191 1976 1246 talem.ac
2005 1199 2212 1248 tantam

627 1293 991 1348 mutationem
1023 1306 1089 1344 ex
1131 1290 1262 1344 vitio
1294 1290 1359 1344 ad
1386 1291 1648 1344 virtutem
1683 1286 2006 1358 contigisse,
2037 1299 2214 1356 quan-

627 1392 739 1437 tam
773 1382 864 1436 isti
893 1398 906 1436 :
945 1381 1149 1450 quippe
1191 1381 1287 1450 qui
1322 1383 1388 1435 ad
1422 1380 1642 1435 culmen
1696 1378 2014 1433 monasticae
2045 1375 2216 1447 philo-

629 1475 834 1544 sophiae
879 1473 1231 1542 pervenerit,
1277 1481 1330 1526 et
1375 1471 1722 1528 daemonibus
1765 1470 2066 1526 maximum
2102 1476 2215 1523 ter-

630 1578 810 1618 rorem
874 1562 1172 1617 incusserit
1200 1601 1214 1624 ,
1283 1567 1339 1615 et
1399 1558 1764 1614 Scetiensium
1818 1553 2216 1610 monachorum

627 1657 915 1725 presbyter
949 1652 1126 1707 factus
1158 1653 1250 1707 sit.
1297 1650 1476 1720 Atque
1513 1651 1601 1704 hic
1633 1648 1855 1720 quidem
1887 1653 2076 1702 tantus
2106 1644 2213 1709 vir,

629 1759 804 1800 annos
849 1745 1071 1800 circiter
1105 1744 1454 1814 septuaginta
1501 1741 1745 1811 quinque
1789 1747 1976 1804 natus,
2027 1750 2218 1794 exces-

629 1836 703 1890 sit
747 1850 776 1890 e
823 1834 972 1898 vita,
1016 1834 1208 1889 multis
1253 1832 1644 1904 praestantibus
1681 1829 1971 1901 discipulis
2002 1835 2128 1898 post
2154 1841 2215 1882 se
2244 1815 2288 1873 Β

628 1924 856 1979 relictis.
889 1923 1091 1978 Eodem
1155 1924 1486 1991 imperatore
1523 1929 1792 1992 regnante
1833 1919 1973 1975 vixit
2011 1917 2216 1975 Paulus

627 2026 685 2070 et
745 2015 1028 2078 Pachon;
1100 2013 1417 2085 Stephanus
1479 2015 1608 2070 item
1663 2028 1730 2069 ac
1782 2012 1983 2077 Moses,
2053 2011 2216 2067 ambo

629 2106 867 2179 Libyes;
890 2114 944 2161 et
977 2107 1105 2162 Pior
1149 2105 1463 2177 Egyptius.
1509 2106 1587 2160 Ac
1623 2104 1829 2160 Paulus
1855 2104 2080 2175 quidem
2111 2102 2207 2158 de-

628 2200 790 2269 gebat
838 2198 893 2252 in
938 2196 1174 2262 Ferme,
1227 2197 1321 2266 qui
1381 2210 1540 2251 mons
1574 2203 1660 2252 est
1717 2196 1774 2250 in
1820 2193 2014 2260 Sceti;
2067 2192 2218 2248 haud

629 2291 918 2359 pauciores
973 2288 1289 2358 quingentis
1343 2287 1650 2343 monachos
1697 2285 1928 2342 habens.
1993 2282 2214 2339 Nullum

626 2379 786 2451 26],
825 2380 916 2434 hic
963 2395 1101 2451 opus
1151 2379 1408 2445 faciebat,
1461 2393 1566 2435 nec
1623 2378 1694 2435 ab
1741 2379 1855 2433 ullo
1909 2376 2219 2447 accipiebat

626 2472 957 2542 quidquam,
1009 2479 1205 2542 praeter
1258 2486 1422 2542 quam
1464 2471 1613 2543 quod
1653 2485 1852 2528 esurus
1885 2477 2046 2526 esset.
2080 2468 2220 2524 Ora-

629 2563 764 2619 tioni
819 2571 1033 2619 tantum
1091 2565 1343 2629 vacabat,
1399 2572 1678 2620 trecentas
1715 2565 2020 2627 orationes,
2071 2562 2220 2617 velut

628 2655 895 2711 tributum
927 2654 1227 2726 quoddam,
1251 2656 1499 2726 quotidie
1523 2657 1842 2727 persolvens
1872 2655 2003 2710 Deo.
2041 2653 2120 2708 Ac
2147 2667 2218 2708 ne

627 2745 771 2803 forte
801 2747 1086 2803 aberraret
1116 2746 1186 2800 ab
1210 2746 1426 2816 integro
1450 2759 1700 2812 numero,
1727 2745 1990 2800 trecentis
2017 2743 2216 2812 lapillis

627 2839 682 2895 in
711 2840 894 2895 sinum
935 2853 1096 2896 suum
1127 2839 1428 2909 congestis,
1473 2839 1541 2894 ad
1576 2838 1829 2909 singulas
1869 2836 2216 2908 precationes

627 2932 874 3002 singulos
913 2931 1240 3003 projiciebat
1275 2931 1511 3001 lapillos.
1554 2928 1878 3001 Absumptis
1911 2929 2098 2997 itaque
2135 2927 2216 2981 la-

629 3023 801 3092 pillis,
835 3022 1059 3092 planum
1107 3022 1275 3076 ﬁebat
1313 3023 1595 3077 orationes
1640 3033 1870 3074 numero
1907 3017 2214 3087 lapillorum

631 3113 866 3182 mquales
897 3113 1010 3182 jam
1049 3113 1353 3182 completas
1391 3102 1535 3167 esse.
1570 3109 1795 3164 Pachon
1825 3121 2048 3178 quoque
2083 3113 2215 3160 tunc

630 3204 896 3276 temporis
925 3207 980 3259 in
1017 3204 1165 3261 Sceti
1192 3201 1431 3260 celebris
1469 3205 1594 3258 fuit.
1629 3201 1733 3269 Qui
1768 3217 1893 3256 cum
1920 3200 1989 3254 ab
2029 3197 2214 3253 adole-

633 3299 842 3354 scentia
886 3313 1062 3367 usque
1108 3297 1174 3351 ad
1216 3298 1466 3351 ultimam
1517 3303 1853 3351 senectutem
1890 3292 2124 3346 vixisset
2156 3291 2211 3344 in

628 3391 944 3455 solitudine,
978 3399 1160 3443 tamen
1203 3405 1302 3443 nec
1335 3389 1479 3442 bona
1520 3388 1772 3457 corporis
1801 3385 2084 3445 habitudo,
2111 3397 2212 3437 nec

628 3478 966 3550 perturbatio
1005 3477 1195 3537 animi,
1219 3490 1321 3529 nec
1363 3475 1601 3538 daemon,
1634 3474 1787 3528 circa
1822 3472 2209 3526 abstinentiam

627 3585 818 3625 eorum
853 3584 882 3621 a
909 3568 1110 3638 quibus
1141 3567 1524 3636 philosophum
1553 3565 1834 3619 abstinere
1868 3563 2046 3627 decet,
2083 3577 2208 3616 eum

628 3674 868 3729 unquam
916 3659 1172 3728 ignavum
1214 3655 1596 3726 deprehendit.
1641 3653 1762 3708 Jam
1809 3669 1940 3708 vero
1975 3652 2208 3724 Stepha-

628 3768 734 3806 nus
789 3751 936 3805 circa
999 3749 1296 3803 Mareotem
1358 3747 1665 3812 habitabat,
1725 3745 1870 3799 haud
1932 3747 2122 3815 procul
2175 3759 2208 3797 a

628 3842 968 3897 Marmarice.
999 3842 1101 3908 Qui
1136 3855 1260 3895 cum
1292 3855 1484 3894 severa
1517 3854 1582 3892 ac
1609 3837 2010 3909 perfectissima
2045 3837 2208 3892 disci-

627 3935 772 4006 plina
808 3949 929 3989 sese
976 3933 1319 3988 exercuisset
1355 3946 1452 4004 per
1495 3945 1669 3985 annos
1711 3931 2024 4001 sexaginta,
2061 3930 2208 3986 cele-

624 4028 900 4082 berrimus
940 4024 1155 4080 exstitit
1208 4023 1538 4086 monachus,
1601 4031 1657 4077 et
1713 4037 1915 4092 magno
1965 4019 2207 4075 Antonio

626 4106 937 4173 familiaris.
993 4115 1118 4170 Fuit
1179 4125 1361 4170 autem
1424 4116 1575 4171 mitis
1623 4122 1679 4170 et
1731 4113 2028 4168 admodum
2074 4127 2206 4182 pru-

623 4210 784 4274 dens,
848 4209 902 4262 in
931 4208 1230 4277 colloquiis
1259 4207 1446 4262 suavis
1480 4216 1646 4278 atque
1691 4206 1864 4270 utilis,
1894 4214 1948 4260 et
1977 4203 2046 4258 ad
2085 4205 2200 4258 aui-

627 4319 744 4358 mos
786 4317 975 4357 eorum
1024 4301 1117 4370 qui
1159 4299 1349 4355 dolore
1391 4299 1568 4355 affecti
1607 4306 1814 4364 essent,
1852 4295 2201 4366 permulcen-

625 4393 726 4447 dos
764 4398 817 4446 et
847 4391 911 4443 ad
942 4390 1187 4443 laztitiam
1236 4387 1605 4442 traducendos
1637 4387 1980 4458 aptissimus,
2007 4399 2202 4455 quam-

2313 544 2451 615 πλὴν
2483 545 2606 598 ὅσον
2666 544 2874 616 ἢσθιεν.
2926 545 3138 617 Ηῠχετο
3175 547 3234 600 δὲ
3279 547 3447 618 μόνον,
3473 549 3626 628 ὥσπερ
3664 561 3775 630 φόρον

2309 636 2433 689 τινὰ
2456 637 2770 707 τριακοσίας
2796 637 2962 707 εὐχὰς
2993 639 3233 708 ἑκάστης
3264 638 3462 710 ἡμέρας
3491 643 3710 710 ἀποδιδοὺς
3726 653 3778 721 τῷ

2311 728 2451 800 Θεῷ.
2503 730 2619 783 Ἵνα
2679 729 2735 783 δὲ
2797 731 2871 800 μὴ
2915 730 3094 782 λαθὼν
3150 730 3419 802 διαμάρτῃ
3463 734 3542 787 τοῦ
3584 737 3776 809 ἀριθμοῦ,

2310 823 2630 894 τριακοσίας
2655 822 2896 893 ψηφίδας
2933 820 3012 892 τῷ
3039 822 3224 893 κόλπῳ
3255 823 3538 893 ἐμϐάλλων,
3572 829 3665 882 καθ’
3695 834 3779 886 ἑκά.

2315 930 2446 984 στην
2477 913 2643 982 εὐχὴν
2687 911 2897 982 ψηφίδα
2931 913 3204 983 ἐκρίπτει.
3249 913 3615 968 ’Λναλωθέντων
3639 919 3681 971 δὲ
3711 922 3782 975 τῶν

2311 1003 2498 1069 λίθων,
2530 1004 2686 1074 δῆλον
2724 1004 2940 1072 ἐγένετο
2975 1003 3076 1067 τὰς
3109 1003 3424 1075 ἰσαρίθμους
3449 1009 3545 1070 τοῖς
3571 1007 3699 1074 λίθοις
3726 1013 3785 1064 εύ-

2315 1094 2414 1165 χάς
2441 1093 2856 1164 πεπληρῶσθαι.
2887 1095 2999 1148 Καὶ
3026 1093 3223 1164 Παχὼν
3245 1093 3301 1146 δὲ
3323 1093 3440 1147 τότε
3469 1095 3518 1147 ἐν
3544 1098 3699 1167 Σκήτει
3735 1100 3786 1152 δι-

2327 1187 2589 1256 έπρεπεν,
2629 1185 2688 1238 δν
2719 1187 2785 1238 ἐκ
2841 1184 2962 1237 νέου
2995 1183 3158 1255 μέχρι
3202 1185 3387 1255 γήρως
3411 1183 3785 1256 πολιτευσάμενον,

2314 1278 2440 1332 οὔτε
2474 1277 2634 1349 σῶμα
2661 1274 2720 1331 εὖ
2755 1277 2915 1347 ἔχων,
2945 1276 3068 1330 οὔτε
3097 1276 3270 1341 πάθος
3293 1276 3480 1347 ψυχῆς,
3500 1277 3604 1332 οὔτε
3624 1280 3786 1350 δαίμων,

2315 1369 2575 1438 ἄνανδρον
2603 1368 2854 1440 ἐφώρασε
2886 1369 3014 1440 περὶ
3039 1370 3138 1439 τὴν
3171 1370 3506 1439 ἐγκράτειαν,
3534 1365 3597 1426 ὧν
3615 1371 3677 1424 δεῖ
3696 1390 3788 1443 κρα-

2314 1465 2430 1516 τεῖν
2452 1463 2542 1516 τὸν
2571 1461 2880 1531 φιλόσοφον.
2919 1463 3191 1532 Στέφανος
3224 1462 3282 1516 δὲ
3312 1464 3437 1534 περὶ
3459 1463 3540 1517 τὸν
3566 1463 3792 1535 Μαρεώτην

2314 1555 2415 1626 τὴν
2441 1555 2654 1627 οἴκησιν
2685 1551 2854 1626 εῖχεν,
2883 1555 2984 1609 οὐκ
3011 1554 3231 1609 άπωθεν
3263 1555 3364 1625 τῆς
3388 1556 3721 1627 Μαρμαρικῆς.
3741 1559 3790 1609 Δι’

2316 1647 2580 1719 ἀκριϐοῦς
2606 1649 2664 1702 δὲ
2691 1648 2787 1701 καὶ⁸
2815 1647 3158 1717 τελειοτάτης
3187 1647 3437 1719 χωρήσας
3464 1649 3718 1718 ἀσκήσεως,
3734 1649 3796 1702 ἐπὶ

2319 1739 2584 1812 ἐξήκοντα
2633 1739 2811 1793 ἐτεσιν
2827 1780 2842 1806 ,
2896 1737 3332 1811 εὐδοκιμώτατος
3371 1738 3568 1807 ἐγένετο
3611 1741 3795 1809 μοναχὺς.

2317 1833 2412 1886 καί¹
2471 1833 2740 1903 ’Δντωνίῳ
2788 1831 2866 1902 τῷ
2919 1831 3141 1903 μεγάλῳ
3187 1829 3477 1903 γνώριμος.
3531 1829 3730 1899 Ἐγένετο
3762 1831 3799 1882 δὲ

2317 1925 2510 1996 πρᾶος,
2541 1926 2635 1979 καὶ
2663 1925 2825 1995 σοφὸς
2859 1926 2940 1988 εἰς
2963 1924 3124 1992 ἄγαν,
3151 1925 3248 1979 καὶ
3275 1924 3335 1976 ἐν
3362 1925 3474 1987 ταῖς
3501 1922 3696 1994 ὁμιλίαις
3709 1922 3800 1991 ἡδὺς

2315 2017 2409 2068 καὶ
2436 2015 2734 2086 ὠφέλιμος,
2788 2016 2884 2068 καὶ
2931 2015 3114 2078 litavi»;
3143 2014 3241 2079 τὰς
3269 2013 3381 2068 τῶν
3407 2014 3710 2084 λυπουμένων
3735 2014 3804 2082 ψυ-

2316 2107 2416 2179 χὰς
2448 2108 2653 2178 κηλεῖν,
2687 2107 2781 2160 καὶ
2810 2107 2905 2162 ἐπὶ
2934 2107 2995 2162 τὸ
3023 2106 3260 2178 εῦθυμον
3295 2105 3640 2179 μεταϐάλλειν,
3677 2107 3716 2158 εἰ
3738 2105 3799 2158 καί

2316 2199 2642 2269 ἀναγκαίαις
2692 2198 2892 2263 λύπαις
2985 2198 3514 2270 προκατειλημμένοι
3565 2196 3804 2266 ἐτύγχανον.

2317 2291 2570 2355 Τοιοῦτος
2589 2291 2647 2345 δὲ
2673 2285 2742 2362 ἦν
2769 2293 2864 2344 κα)⁸
2895 2290 3024 2362 περὶ
3051 2288 3150 2354 τὰς
3173 2290 3382 2354 οἰκείας
3403 2288 3669 2360 συμφοράς.
3694 2285 3804 2355 Ἀμέ-

2315 2382 2398 2436 λει
2423 2380 2661 2454 χαλεποῦ
2691 2381 2788 2436 καὶ
2831 2382 3052 2437 ἀνιάτου
3083 2379 3295 2444 πάθους
3332 2380 3667 2451 ἐνσκήψαντος
3686 2374 3806 2444 αὐτῷ,

2313 2473 2386 2527 τά
2417 2473 2786 2544 διεφθαρμένα
2813 2473 2949 2544 μέλη
2976 2475 3088 2536 τοῖς
3117 2473 3323 2542 ἰατροῖς
3353 2469 3561 2542 τέμνειν
3585 2467 3804 2540 παραδοὺς,

2317 2565 2604 2639 εἰργάζετο
2638 2568 2761 2631 ταῖς
2795 2566 2952 2638 χερσὶ
2990 2565 3167 2637 φύλλα
3204 2565 3462 2633 φοινίκων
3498 2561 3699 2616 πλέκων.
3732 2559 3808 2612 Καὶ

2317 2661 2430 2720 τοῖς
2461 2655 2700 2730 παροῦσι
2735 2655 3083 2711 συνεϐούλευε
3120 2656 3195 2728 μὴ
3223 2656 3506 2726 δυσφορεῖν
3531 2654 3614 2707 ἐπὶ
3635 2653 3722 2713 τοῖς
3740 2650 3808 2702 αὐ-

2315 2749 2412 2802 τοῦ
2440 2749 2659 2815 πάθεσι,
2699 2748 2833 2821 μηδὲ
2864 2748 2992 2803 ἄλλο
3022 2766 3076 2803 τι
3103 2748 3452 2812 διανοεῖσθαι,
3477 2746 3604 2816 πλὴν
3625 2745 3692 2799 ὅτι
3715 2740 3809 2812 πρδς

2314 2837 2468 2902 τέλος
2490 2839 2723 2912 χρηστὸν
2757 2840 2994 2904 πάντως,
3020 2838 3058 2893 ἀ
3083 2841 3229 2892 ποιεῖ
3254 2842 3284 2892 ὁ
3313 2839 3462 2908 Θεὸς,
3490 2837 3695 2892 ἐκϐαίνει
3712 2851 3723 2864 ⁵
3747 2833 3811 2886 κεί

2317 2931 2466 3003 αὑτῷ
2520 2932 2786 2985 συνοίσειν
2831 2932 3087 2987 τοιούτων
3134 2933 3472 3004 πειραθῆναι
3527 2929 3711 2992 παθῶν,
3747 2925 3812 2978 καὶ

2317 3022 2458 3094 ὑπὲρ
2490 3023 2904 3094 ἁμαρτημάτων
2941 3022 3090 3088 ἴσως,
3135 3018 3211 3078 ὧν
3237 3024 3429 3077 ἐνσκεν
3453 3023 3652 3093 ἄμεινον
3680 3015 3810 3072 ἐνθάδε

2317 3112 2515 3166 διδόναι
2551 3113 2728 3184 δίκην,
2757 3115 2791 3184 ἢ
2823 3114 2962 3184 μετά
2996 3116 3096 3186 τὴν
3125 3114 3312 3186 βιοτὴν
3347 3114 3560 3185 ταύτην.
3597 3104 3812 3177 Μοισῆςὲ

2316 3202 2584 3272 πραότητι
2613 3205 2707 3256 καὶ
2733 3204 2924 3276 ἀγάπῃ
2950 3205 3243 3274 ὑπερφυῶς
3276 3202 3666 3274 εὐδοκιμηκέναι
3691 3213 3814 3267 παρα·

2311 3292 2541 3355 δέδοται,
2571 3293 2665 3346 καὶ
2701 3295 2878 3348 ἰάσεσι
2924 3295 3114 3349 παθῶν
3147 3296 3287 3368 εὐχῇ
3318 3294 3749 3368 κατορθουμέναις.
3774 3291 3814 3343 ’0

2311 3382 2366 3434 δὲ
2395 3383 2548 3454 Πίωρ
2575 3386 2639 3436 ἐκ
2659 3385 2780 3436 νέου
2806 3385 3114 3453 φιλοσοφεῖν
3136 3385 3420 3454 ἐγνωκὼς,
3445 3387 3598 3456 ἡνίκα
3621 3384 3694 3436 διὰ
3708 3379 3816 3434 τοῦτο

2310 3474 2404 3528 τοῦ
2453 3474 2706 3546 πατρῴου
2757 3476 2909 3530 οἴκου
2956 3477 3165 3548 ἐξῆλθε.
3211 3477 3470 3531 συνέθετο
3505 3478 3577 3547 τῷ
3616 3473 3728 3544 Θεῷ,
3751 3468 3813 3522 W3

2310 3565 2500 3619 λοιποῦ
2557 3567 2762 3638 μηδένα
2781 3568 2888 3622 τῶν
2913 3569 3127 3622 οἰκείων
3155 3569 3392 3638 ὄψεσθαι
3416 3587 3430 3600 ·
3461 3569 3592 3639 μετά
3609 3566 3658 3618 δὲ
3678 3563 3816 3626 πεντή-

2310 3675 2475 3712 κοντα
2520 3658 2613 3729 ἔτη
2668 3659 2900 3713 ἐπύθετο
2948 3659 3110 3713 αὑτὸν
3160 3662 3193 3729 ἡ
3241 3660 3452 3730 ἀδελφὴ
3496 3658 3606 3729 ζῇν.
3641 3639 3815 3706 ”ἶ’τυὺ’δέ

2310 3753 2486 3822 χαρᾶς
2518 3753 2756 3824 ἀμέτρου
2792 3752 3102 3823 παραλόγου
3138 3753 3432 3823 μηνύσεως
3463 3749 3815 3813 καταπλαγεῖσα.

2309 3841 2537 3911 ἠρεμεῖν
2577 3843 2679 3896 οὐκ
2707 3843 2955 3912 ἠδύνατο,
3004 3845 3052 3895 εἰ
3109 3843 3184 3914 μὴ
3234 3844 3494 3898 θεάσαιτο
3522 3842 3604 3896 τὸν
3631 3837 3812 3904 arma.

2320 3929 2758 4004 Ὀλοφυρομένην
2780 3933 2836 3987 δὲ
2862 3937 2958 3986 καὶ
2987 3934 3384 3990 ἀντιϐολοῦσαν
3411 3939 3470 3989 ἐν
3495 3936 3630 4004 γήρᾳ
3651 3931 3817 3997 ἐλεήσας

2305 4025 2334 4076 ὁ
2363 4025 2491 4094 παρ’
2515 4025 2693 4088 αὐτοῖς
2721 4025 3038 4090 ἐπίσκοπος,
3063 4027 3270 4100 ἔγραψε
3295 4032 3414 4093 τοῖς
3437 4025 3721 4097 ἡγουμένοις
3743 4018 3815 4070 τιῖιν

2307 4116 2364 4167 ἐν
2393 4117 2584 4186 ἐρήμῳ
2612 4116 2882 4186 μοναχῶν,
2915 4117 3194 4188 ἐκπέμψαι
3220 4120 3319 4174 τὸν
3354 4122 3527 4190 Πίωρ.
3562 4117 3759 4170 ’Δπιὲναι
3781 4111 3816 4160 δὲ

2306 4209 2688 4278 προσταχθεὶς,
2730 4210 2831 4261 οὐκ
2864 4209 3002 4278 ἔχων
3038 4211 3319 4265 ἀντειπεῖν
3345 4231 3358 4244 ·
3403 4213 3465 4264 ού
3490 4211 3590 4280 γάρ
3612 4208 3738 4276 θέμις
3758 4204 3816 4252 Αἷ-

2303 4300 2560 4366 γυπτίοις.
2583 4304 2856 4371 μοναχοῐς,
2892 4296 3046 4372 οἶμαι
3069 4303 3124 4356 δὲ
3153 4290 3246 4356 xii.
3281 4307 3401 4369 τοῖς
3428 4303 3617 4364 ἄλλοις,
3637 4293 3818 4352 ἀπειθεῖ-ι

2303 4393 2414 4454 τοῖς
2455 4393 2898 4462 ἐπιταττομένοις
2925 4413 2941 4428 ο
2986 4395 3326 4464 παραλαϐών
3363 4413 3506 4459 τινα,
3547 4393 3737 4461 ἀφίκετο
3764 4387 3817 4443 εἰς

625 4490 707 4539 vis
767 4484 923 4537 dolor
958 4496 1150 4536 eorum
1204 4495 1442 4550 prorsus
1497 4480 1847 4535 necessarius
1899 4477 2197 4531 videretur.

2303 4483 2401 4552 τὴν
2435 4483 2667 4554 πατρίδα
2693 4501 2707 4516 ο
2756 4486 2851 4539 καὶ
2897 4487 3030 4550 στὰς
3079 4487 3185 4558 πρὸ
3229 4489 3336 4559 τῆς
3389 4487 3638 4558 πατρῴας
3671 4479 3816 4536 οἰκίας.

624 4576 743 4644 lpsc
773 4587 991 4644 quoque
1025 4571 1098 4624 ita
1131 4571 1357 4625 allectus
1383 4571 1578 4626 eratin
1615 4570 1731 4624 suis
1769 4566 2196 4622 calamitatibus.

2299 4575 2566 4645 ἐμήνυσεν
2620 4574 2955 4646 ἐληλυθέναι.
3031 4578 3183 4632 Ἐπεὶ
3219 4577 3287 4632 δὲ
3332 4578 3530 4647 ψοφεῖν
3570 4575 3658 4644 τὴν
3694 4569 3816 4636 θύρίν

624 4667 759 4721 Nam
797 4682 923 4721 cum
957 4679 1122 4736 grave
1165 4663 1437 4733 quoddam
1489 4671 1543 4716 et
1588 4661 1894 4716 insanabile
1949 4659 2106 4713 ulcus
2148 4657 2195 4711 ei

2296 4666 2513 4737 ᾔσθετο,
2541 4666 2718 4736 μύσας
2739 4669 2870 4731 τοὺς
2883 4668 3216 4739 ὀφθαλμοὺς,
3238 4670 3509 4742 ὀνομαστί
3534 4668 3624 4738 τὴν
3645 4660 3820 4727 ἀδελφὴν

623 4757 985 4826 contigisset,
1046 4763 1308 4824 corrupta
1365 4754 1613 4823 corporis
1667 4751 1910 4807 membra
1963 4747 2199 4802 secanda

2297 4757 2629 4829 προσειπὼν,
2689 4758 2852 4827 Ἐγὼ,
2900 4759 3026 4831 ἔφη,
3060 4763 3211 4832 Πίωρ
3261 4763 3293 4814 ὁ
3345 4763 3440 4826 σὸς
3481 4748 3820 4826 ἀδελφός·ωά

623 4848 851 4902 medicis
906 4847 1164 4916 prmbuit,
1225 4848 1343 4916 ipse
1409 4845 1631 4899 interim
1685 4857 1825 4913 Opus
1878 4842 2110 4908 faciens,
2143 4848 2198 4896 et

2294 4849 2418 4902 ὅσον
2461 4849 2671 4918 βούλει,
2716 4852 2986 4905 κατανόει.
3027 4853 3093 4905 Ἦ
3139 4854 3236 4924 μὲν
3265 4851 3368 4908 οὖν
3414 4853 3662 4926 ἡσθεῖσα,
3709 4844 3820 4916 χάριν

624 4939 927 5008 palmarum
958 4935 1084 4992 folia
1113 4937 1369 4990 manibus
1408 4935 1525 4990 suis
1559 4943 1768 4988 texens.
1811 4930 2196 5001 Suadebatque

624 5027 994 5092 adstantibus,
1038 5042 1106 5081 ne
1141 5029 1211 5082 ob
1247 5027 1422 5098 ipsius
1467 5027 1606 5080 mala
1647 5041 1881 5080 mmrore
1916 5025 2193 5080 allicereu-

2300 4940 2567 5009 ὡμολόγει
2599 4941 2677 5012 τῷ
2702 4942 2822 5013 Θεῷ
2847 4960 2863 4976 ο
2907 4947 2936 4997 ὁ
2961 4943 3020 4996 δέ
3052 4947 3201 5016 παρὰ
3238 4945 3345 5017 τὴν
3369 4946 3539 5017 Θύραν
3569 4941 3815 5008 εὐξάμενος.

2298 5033 2627 5103 ἀνέστρεψεν
2659 5037 2738 5097 είς
2760 5036 2852 5088 τὸν
2886 5037 3049 5091 τόπον
3078 5041 3136 5090 ἐν
3164 5034 3208 5108 ᾦ
3235 5039 3398 5111 ᾣκει.
3429 5039 3592 5094 Ἔνθα
3617 5036 3673 5105 δὴ
3693 5028 3818 5101 φρέιρ

623 5128 730 5184 tur,
754 5134 888 5173 neve
927 5117 1073 5174 aliud
1103 5117 1401 5190 quidquam
1433 5119 1757 5189 cogitarent,
1795 5132 1956 5186 quam
1983 5132 2044 5170 ea
2071 5132 2193 5185 qum

2296 5124 2516 5193 ὀρύξας,
2560 5127 2755 5196 πικρὸν
2795 5121 2922 5197 εὗρε
2959 5130 3020 5183 τὸ
3063 5130 3225 5202 ὕδωρ.
3278 5133 3396 5187 Καὶ
3438 5131 3595 5200 μέχρι
3621 5116 3817 5180 τελευτῆς

621 5227 654 5266 a
683 5209 794 5266 Deo
822 5211 978 5278 ﬁunt,
1017 5210 1224 5268 bonum
1265 5226 1480 5282 semper
1508 5211 1715 5266 exitum
1753 5210 1941 5264 soi-tiri
1977 5228 1989 5263 :
2021 5208 2191 5278 idque

2279 5213 2558 5284 ’ὑπέμεινε
2595 5217 2706 5288 (44)
2749 5219 2923 5291 τούτῳ
2949 5221 3313 5292 κεχρημένος.
3372 5223 3434 5276 Ὀ
3465 5221 3521 5275 δὲ
3559 5207 3818 5274 natust:

1774 5389 2046 5446 VALESII
2078 5391 2614 5449 ANNOTATIUNES

621 5540 748 5621 dius
771 5541 827 5596 in
858 5541 1274 5621 hausiacacap.
1297 5545 1556 5621 ἓδεὌρος
1579 5551 1638 5604 ἐν
1663 5555 1728 5621 τῇ
1756 5550 2015 5621 Αἰγύπτῳ
2038 5523 2185 5605 ἐστὶν

618 5613 829 5689 dirigo»;
863 5615 953 5689 sit}
973 5614 1073 5689 τῂν
1104 5609 1339 5689 Σκήτην,
1368 5621 1396 5674 ὃ
1431 5609 1672 5674 καλεῖται
1699 5609 1712 5674 ε

620 5682 695 5750 τῷ
720 5683 834 5766 ὄρει
855 5682 1286 5766 καθέζρκεαι
1310 5691 1654 5766 πεντακόσιοι
1695 5682 1886 5763 ἄνδρες
1910 5682 2186 5762 ἀσκούμελ

620 5747 718 5803 νοι·
747 5747 801 5805 ἐν
841 5747 919 5818 οἷς
952 5747 1044 5808 καὶ
1071 5747 1281 5821 Παῦλός
1303 5775 1383 5824 τις
1416 5763 1666 5831 μοναχός,
1703 5747 1810 5819 εῑρί

2366 5552 2477 5621 (44)
2503 5551 2692 5622 Μέχρι
2717 5552 3006 5619 τελευτῆς
3031 5553 3214 5608 ἔπινε.
3251 5551 3380 5607 Non
3407 5549 3600 5622 dubito
3615 5545 3724 5622 quin
3747 5537 3818 5622 50:

1746 5623 1804 5694 ἐρ
1814 5613 1909 5693 μη·
1923 5613 1997 5694 ιθ
2018 5624 2186 5694 τούτῳ

2296 5613 2562 5694 romanus
2576 5613 2870 5694 scripserit
2889 5613 3164 5694 ἐπέμεινε.
3186 5625 3358 5677 Certe
3374 5613 3819 5694 Nicephorusbttnf

2298 5692 2584 5746 Sozomeni
2606 5682 2781 5763 locum
2806 5682 3124 5749 describens
3144 5695 3195 5746 in
3217 5709 3354 5763 cap.
3375 5694 3467 5753 57.
3497 5682 3588 5744 lib.
3619 5703 3671 5745 ιι.
3700 5682 3819 5763 ιηῇί

2302 5761 2717 5832 παρέμενε.Νοο
2743 5763 2900 5817 aliter
2925 5763 3196 5820 Palladius
3221 5751 3603 5827 in'Laus‘iaca,
3627 5769 3728 5827 cap.
3753 5751 3821 5801 δῖ·
