4066 6338
377 439 517 499 1589

1361 441 1687 500 HISTORIA
1729 443 2300 507 ECCLESIASTICA.
2325 476 2398 488 —
2418 445 2550 504 LIB.
2589 446 2678 502 Vl.

3488 453 3624 511 15123

375 550 476 611 Ὦν
493 556 551 611 δὲ
573 556 761 611 ἐνθάδε
793 557 1101 626 φιλοσοφεῖν
1147 557 1431 632 ἐπυθόμην
1463 562 1715 633 ἀρίστους
1760 563 1950 632 ἔγνων,

2057 565 2418 635 prehendere.
2476 565 2614 621 Cum
2665 565 2815 620 enim
2863 565 3140 636 propriam
3185 580 3249 620 ac
3290 567 3623 636 peculiarem

374 651 466 703 τόν
493 667 555 703 τε
593 649 817 704 Μέλανα
859 649 950 703 τὸν
982 652 1104 703 κατ’
1136 651 1310 705 ἐκεῖνο
1349 651 1542 724 καιροῦ
1589 653 1689 723 τὴν
1725 653 1955 726 Ἐκκλη-

378 742 498 796 σίαν
531 740 956 812 ἐπιτροπεύοντα
979 783 997 810 ,
1043 742 1138 796 καὶ
1164 743 1455 807 Διονύσιον,
1492 743 1551 807 ὃς
1589 745 1726 814 πρὸς
1750 745 1954 816 Βορέαν

375 833 478 902 τῆς
508 831 718 894 πόλεως
751 831 814 885 τὺ
851 836 1264 906 φροντιστήριον
1303 831 1417 905 εἶχε
1441 851 1455 865 ·
1504 837 1598 890 καὶ
1627 836 1839 890 Σόλωνα
1862 837 1953 890 τὸν

377 924 620 988 Μέλανος
647 923 896 993 ἀδελφὺν,
923 925 1018 979 καὶ
1046 925 1144 994 τῆς
1167 925 1472 996 ἐπισκοπῆς
1502 925 1759 998 διάδοχον.
1787 926 1954 996 Λέγε-

375 1032 466 1069 ται
508 1015 588 1080 δὲ,
623 1016 786 1087 ήνίκα
815 1015 1188 1086 προστέτακτο
1221 1017 1348 1082 τοὺς
1391 1016 1532 1073 κατὰ
1582 1017 1737 1073 πόλιν
1771 1017 1953 1091 ἱερέας

376 1106 632 1170 ἐναντίως
670 1106 864 1179 ’Δρείῳ
892 1107 1219 1178 φρονοῦντας
1261 1107 1683 1175 ἀπελαύνεσθαι,
1717 1109 1955 1165 καταλα-

376 1199 492 1254 ϐεῖν
515 1197 740 1253 Μέλανα
777 1199 905 1264 τοὺς
937 1199 1026 1252 ἐπ’
1059 1199 1223 1254 αὐτὸν
1251 1199 1524 1265 ἐλθόντας,
1568 1202 1695 1266 τοὺς
1727 1200 1954 1274 λύχνους

376 1297 475 1365 τῆς
513 1294 838 1366 Ἐκκλησίας
890 1291 1396 1366 παρασκευάζοντα,
1442 1291 1534 1349 οἷά
1560 1311 1626 1364 γε
1671 1295 1952 1368 ὑπηρέτην

378 1385 625 1456 ἔσχατον,
656 1386 960 1458 ἐπίρῤυπον
998 1384 1076 1455 τῷ
1108 1385 1310 1456 ίματίῳ
1349 1383 1462 1457 (54)
1507 1385 1615 1440 ὑπὸ
1644 1383 1740 1440 τοῦ
1769 1385 1951 1441 ἐλαίου

375 1477 477 1548 τὴν
503 1476 677 1548 ζώνην
708 1477 918 1548 έχοντα,
947 1477 1042 1529 καὶ
1065 1475 1163 1539 τὰς
1191 1475 1511 1547 θρυαλλίδας
1533 1476 1948 1551 ἐπιφερόμενον-

377 1569 724 1640 ἐρωτηθέντα
744 1569 800 1622 δὲ
824 1569 1064 1639 περὶτοῦ
1086 1567 1388 1622 ἐπισκόπου
1409 1570 1602 1636 εἰπεῖν,
1625 1570 1704 1634 ὡς
1731 1569 1950 1625 Ἐνθάδε

373 1659 518 1725 ἐστὶ,
542 1659 634 1713 κα)⁸
660 1657 885 1730 μηνύσω
906 1659 1112 1714 τοῦτον.
1138 1659 1344 1714 Αὐτίκα
1357 1660 1415 1714 δὲ
1436 1663 1564 1727 τοὺς
1583 1663 1781 1735 ἄνδρας
1796 1661 1950 1734 οἷάγε

374 1747 435 1813 ἐξ
463 1749 582 1803 ὁδοῦ
617 1751 985 1820 κεκμηκότας,
1012 1751 1092 1814 είς
1127 1749 1190 1803 τὸ
1221 1750 1578 1807 ἐπισκοπικὺν
1608 1755 1952 1824 καταγώγιον

361 1837 658 1906 -ὁδηγῆσαι,
682 1838 777 1891 καὶ
793 1838 1069 1909 τράπεζαν
1085 1838 1428 1910 παραθεῖναι,
1447 1841 1540 1894 κα)¹
1563 1843 1628 1895 ἐκ
1654 1842 1762 1899 τῶν
1785 1842 1950 1897 ὄντων

2055 659 2543 714 conversationem
2594 658 3024 724 constituerint,
3083 672 3251 728 Opera
3295 667 3351 713 et
3405 660 3623 724 studia,

2049 747 2481 802 exercitationes
2508 754 2564 802 et
2581 746 2814 812 victum,
2845 755 2899 802 et
2925 755 3139 817 tempus
3163 748 3459 819 unicuique
3477 751 3624 804 aetati

2053 838 2530 893 accommodatum
2563 838 2756 908 partiti
2803 849 2956 895 sunt.
3010 836 3357 894 Rinocorura
3403 855 3626 910 quoque

2056 943 2126 984 ex
2156 943 2222 984 co
2253 937 2500 1000 tempore
2529 929 2664 986 viris
2705 930 2953 1002 optimis,
3003 945 3112 985 non
3143 930 3487 997 adventitiis,
3525 932 3624 988 sed

2051 1017 2350 1089 indigenis,
2383 1019 2591 1075 floruit.
2645 1018 2725 1076 Ex
2764 1020 2836 1074 iis
2863 1034 2995 1076 vero
3025 1035 3166 1091 quos
3220 1021 3334 1076 illic
3376 1022 3625 1091 philoso-

2053 1109 2253 1180 phatos
2281 1126 2407 1168 esse
2451 1113 2662 1184 accepi,
2708 1114 3200 1186 praestantissimos
3253 1115 3426 1172 fuisse
3468 1131 3624 1171 com-

2052 1202 2193 1272 peri,
2227 1201 2495 1260 Mclanem
2523 1204 2618 1274 qui
2645 1213 2781 1261 tunc
2814 1207 3078 1275 temporis
3117 1207 3422 1262 Eeclesiam
3475 1208 3624 1265 illius

2053 1289 2163 1345 loci
2187 1290 2637 1359 administrabat,
2693 1301 2754 1349 et
2779 1293 3102 1368 Dionysium
3121 1297 3215 1367 qui
3246 1297 3313 1352 ad
3343 1298 3622 1354 borealem

2053 1381 2210 1436 urbis
2243 1389 2457 1452 partem
2501 1382 2846 1438 domicilium
2881 1385 3100 1452 habuit,
3143 1394 3197 1441 et
3226 1384 3484 1442 Solonem
3511 1386 3624 1453 Me-

2052 1471 2198 1528 lanis
2243 1472 2494 1540 fratrem,
2538 1474 2634 1543 qui
2673 1475 2852 1530 eidem
2890 1475 2945 1530 in
2975 1477 3296 1549 episcopatu
3327 1481 3620 1535 successit.

2051 1561 2324 1620 Caeterum
2360 1581 2434 1621 eo
2480 1573 2727 1635 tempore
2775 1581 2888 1636 quo
2949 1580 3280 1640 praeceptum
3334 1571 3512 1628 fuerat
3563 1580 3623 1625 ut

2050 1671 2246 1712 omnes
2281 1656 2484 1726 ubique
2533 1656 2802 1728 episcopi,
2853 1658 2948 1728 qui
2991 1657 3322 1714 Arianorum
3376 1662 3622 1734 dogmati

2053 1758 2450 1816 repugnarent,
2483 1749 2709 1805 sedibus
2732 1749 2855 1806 suis
2884 1750 3308 1820 expellerentur,
3341 1754 3496 1809 aiunt
3524 1770 3621 1809 eos

2053 1839 2147 1907 qui
2176 1837 2243 1891 ad
2272 1837 2963 1894 Melanem-exturbandum
3003 1849 3290 1901 venerant,
3325 1842 3623 1912 deprehen-

367 1928 642 1982 ἑστιᾶσαι.
667 1928 823 1983 Μετὰ
841 1929 898 1982 δὲ
912 1929 1011 1998 τὴν
1035 1930 1296 1990 ἑστίασιν,
1312 1930 1604 2000 νιψάμενον
1617 1933 1722 1998 τὰς
1741 1938 1950 2007 χεῖρας,

2051 1927 2202 1984 disse
2241 1929 2420 1993 illum,
2460 1937 2721 1999 tanquam
2767 1928 3018 1984 inﬁmum
3063 1929 3399 1999 ministrum,
3442 1933 3624 1988 lucer-

366 2016 671 2086 διηκονεῖτο
705 2017 815 2088 γὰρ
851 2020 963 2082 τοῖς
986 2019 1356 2090 ἑστιωμένοις,
1386 2021 1582 2074 ἑαυτὸν
1622 2027 1952 2093 προσαγγεῖ-

370 2106 482 2161 λαι.
533 2105 670 2172 Τοὺς
712 2107 772 2161 δὲ
819 2107 910 2161 τὸν
939 2107 1108 2186 ἄνδρα
1149 2108 1556 2179 θαυμάσαντας,
1618 2112 1952 2183 ὁμολογῆσαι

372 2200 477 2270 μὲν
523 2201 608 2270 ἐφ’
649 2195 695 2269 ᾧ
746 2200 1129 2273 ἐληλύθεισαν*
1179 2203 1322 2257 αίδοτ
1365 2201 1424 2256 δὲ
1469 2206 1537 2275 τῇ
1593 2205 1729 2274 πρὸς
1765 2204 1950 2267 αὑτὸν,

283 2325 292 2333 -
373 2292 622 2358 ἐξουσίαν
653 2292 836 2348 δοῦναι
885 2295 1082 2367 φυγῆς.
1146 2295 1249 2348 Τὸν
1284 2295 1341 2349 δὲ
1389 2295 1574 2366 φάναι,
1620 2296 1696 2360 ὡς
1739 2297 1854 2352 Οὐκ
1885 2296 1952 2352 ἂν

374 2385 647 2456 προοίμην
681 2386 855 2441 ταύτὰ
888 2388 1002 2451 τοῖς
1048 2386 1322 2458 ὁμοδόξοις
1367 2387 1604 2460 ἱερεῦσιν
1641 2389 1951 2460 ὑπομεῖναι,

375 2473 492 2526 ἀλλ’
531 2474 714 2528 ἑκοντὶ
755 2473 979 2530 ἑλέσθαι
1022 2475 1133 2548 (55)
1177 2477 1260 2538 είς
1299 2476 1399 2548 τὴν
1432 2477 1732 2549 ὑπερορίαν
1756 2476 1950 2532 ἐλθεῖν.

375 2566 567 2620 Πᾶσαν
611 2565 689 2631 δὲ,
723 2560 882 2636 οῖάγε
929 2568 993 2622 ἐκ
1028 2568 1148 2623 νέου
1197 2569 1600 2640 φιλοσοφήσας.
1655 2568 1953 2641 μδναχικὴν

369 2657 578 2728 ἀρετὴν
606 2657 904 2730 ἐξησκεῐτο.
931 2659 989 2712 Ὁ
1013 2658 1072 2712 δὲ
1089 2659 1267 2713 Σόλων
1291 2659 1400 2713 ἀπὸ
1416 2659 1659 2732 ἐμπόρου
1675 2661 1756 2725 είς
1787 2677 1954 2730 μονα-

373 2752 470 2822 χὸν
507 2750 851 2823 μεταϐαλὼν,
897 2751 1020 2806 οὐδέ
1046 2744 1207 2814 aii-Eb:
1233 2751 1407 2820 ὀλίγον
1429 2751 1684 2806 ἀπώνατο
1725 2751 1828 2822 τῆς
1863 2753 1951 2806 ἐν·

370 2841 524 2896 θένδε
557 2842 846 2913 ὠφελείας.
890 2843 1028 2896 Ὑπὸ
1049 2843 1350 2913 διδασκάλῳ
1375 2842 1483 2913 γάρ
1513 2841 1594 2912 τῷ
1615 2841 1839 2914 ἀδελφῷ
1858 2845 1954 2897 καὶ

371 2934 487 2994 τοῖς
513 2931 639 3003 τῇδε
667 2931 1044 3001 φιλοσοφοῦσιν
1069 2932 1346 3002 ἐπιμελῶς
1365 2931 1674 2994 παιδευθεὶς
1693 2933 1788 2985 καὶ
1820 2933 1953 3003 περὶ

369 3019 439 3074 τὸ
453 3021 609 3074 Θεῖον
636 3022 719 3075 ὅτι
751 3019 986 3092 μάλιστα
1021 3021 1318 3092 προθύμως
1345 3021 1665 3088 ἐσπούδαζε,
1699 3023 1954 3092 καὶπρὸς

371 3113 500 3177 τοὺς
528 3113 695 3177 πέλας
719 3111 1260 3182 ἀγαθδς’ἐτύγχανεν,
1287 3113 1350 3166 Ἡ
1381 3111 1952 3184 μένῬινοκουρούρων

387 3207 700 3278 Ἐκκλησία,
716 3206 973 3261 τοιούτων
994 3206 1052 3273 ἐξ
1071 3207 1246 3278 ἀρχῆς
1265 3205 1582 3275 ἡγουμένων
1592 3204 1946 3275 ἐπιτυχοῦσα,

364 3300 434 3353 ού
460 3299 694 3353 διέλιπεν
732 3297 790 3365 ἐξ
839 3295 1046 3351 ἐκείνου
1095 3297 1254 3367 μέχρι
1297 3296 1393 3350 καὶ
1416 3295 1497 3359 είς
1533 3295 1701 3366 ἡμᾶς,
1746 3296 1840 3349 καὶ
1868 3295 1948 3350 ἔτι

369 3391 469 3445 νῦν
493 3394 603 3454 τοῖς
635 3390 858 3446 ἐκείνων
880 3388 1135 3459 χρωμένη
1180 3386 1423 3455 θεσμοῖς,
1453 3386 1548 3438 καὶ
1587 3385 1824 3453 ἀγαθοὺς
1856 3385 1947 3439 άν-

363 3482 505 3550 δρας
533 3481 793 3552 φέρουσα.
841 3477 1010 3548 Κοινὴ
1051 3476 1107 3530 δέ
1143 3476 1259 3528 ἐστι
1297 3477 1408 3539 τοῖς
1441 3474 1626 3528 αὐτόθι
1665 3473 1946 3548 κληρικοίς

357 3573 582 3643 οἴκησίς
613 3589 674 3626 τε
701 3572 796 3625 καὶ
822 3568 1089 3641 τράπεζα,
1113 3566 1207 3620 καὶ
1234 3567 1283 3618 τ’
1312 3565 1446 3620 ἄλλα
1478 3565 1674 3621 πάντα.

1969 3266 2018 3322 C

2051 2033 2154 2073 uas
2198 2019 2447 2076 ecclesias
2500 2027 2904 2091 praeparantem
2931 2060 2947 2087 ,
3006 2035 3174 2092 supra
3218 2023 3448 2093 pallium
3498 2024 3623 2079 oleo

2052 2109 2400 2165 sordidatum
2448 2111 2739 2169 habentem
2761 2126 2985 2175 zonam,
3027 2121 3083 2168 et
3108 2114 3384 2186 cllychnia
3417 2115 3624 2187 impor-

2053 2208 2285 2256 tantem.
2335 2199 2509 2267 Quem
2557 2217 2682 2257 cum
2735 2202 3176 2274 interrogassent
3228 2205 3298 2261 de
3335 2208 3621 2278 episcopo,

2053 2290 2178 2357 ille,
2221 2293 2324 2348 Hic
2353 2300 2458 2358 est,
2496 2294 2694 2364 inquit,
2720 2310 2964 2366 eumque
2997 2297 3152 2353 vobis
3187 2297 3477 2366 indicabo;
3509 2309 3620 2356 sta-

2052 2380 2262 2453 timque
2288 2383 2563 2450 homines,
2614 2394 2802 2456 utpote
2825 2387 2925 2442 via:
2953 2388 3301 2459 longitudine
3342 2389 3618 2462 fatigatos,

2043 2471 2110 2527 in
2133 2474 2281 2529 aedes
2310 2475 2556 2545 episcOpi
2577 2475 2824 2543 deduxit,
2857 2493 3216 2550 mensamque
3251 2481 3319 2536 iis
3339 2483 3620 2552 apposuit,

2051 2567 2108 2617 et
2154 2576 2295 2632 quos
2325 2563 2559 2619 habebat
2612 2565 2768 2620 cibos
2818 2567 3070 2636 praebuit.
3131 2566 3263 2623 Post
3307 2572 3619 2627 convivium

2053 2668 2204 2720 vero,
2235 2669 2358 2710 cum
2396 2669 2594 2711 manus
2626 2671 2816 2712 eorum
2855 2658 3118 2715 abluisset
3153 2659 3305 2731 (ipse
3335 2663 3484 2716 enim
3512 2665 3618 2717 mi-

2051 2744 2328 2801 nistrabat
2372 2747 2781 2820 epulantibus),
2811 2749 3054 2821 seipsum
3077 2751 3361 2808 indicavit.
3391 2749 3470 2807 Illi
3514 2755 3615 2809 ho-

2044 2838 2255 2894 minem
2313 2839 2590 2906 admirati,
2625 2841 2914 2910 cujusuam
2967 2843 3046 2900 rei
3103 2858 3271 2900 causa
3329 2848 3612 2912 venissent

2052 2931 2292 2988 confessi
2323 2941 2452 2987 sunt
2491 2950 2506 2987 :
2545 2932 2784 3003 fugiendi
2824 2943 3006 2990 tanien
3042 2935 3273 2992 liberam
3307 2937 3357 2991 ei
3388 2935 3618 2992 faculta-

2052 3031 2162 3077 tem
2209 3034 2628 3088 concesscruut,
2669 3027 2971 3081 reverentia
3023 3027 3144 3097 ejus
3184 3028 3427 3086 adducti.
3479 3031 3620 3084 Tum

2049 3126 2184 3166 vero
2219 3113 2310 3166 ille
2357 3131 2372 3167 :
2412 3110 2725 3182 Nunquam,
2774 3113 2987 3183 inquit,
3037 3114 3446 3170 detrectaturus
3497 3132 3618 3172 sum

2054 3202 2244 3257 eadem
2282 3203 2494 3273 perpeti
2546 3218 2668 3274 quae
2693 3203 2938 3275 episcopi
2975 3203 3219 3274 ejusdem
3246 3221 3457 3260 mecum
3493 3207 3618 3262 fidei

2053 3307 2118 3371 ap
2147 3293 2436 3348 sententiae
2463 3295 2843 3363 perpetiuntur
2879 3313 2892 3348 :
2934 3293 3031 3350 sed
3063 3295 3210 3350 ultro
3241 3310 3305 3350 ac
3338 3306 3535 3366 sponte
3565 3300 3618 3350 in

2050 3384 2307 3438 exsilium
2341 3385 2438 3439 ire
2481 3395 2706 3454 paratus
2740 3400 2884 3440 sum.
2916 3383 3120 3441 Omnes
3171 3401 3336 3456 porro
3385 3387 3622 3442 virtutes

2051 3476 2215 3546 266
2245 3477 2562 3532 monasticae
2587 3477 2892 3548 disciplinae
2916 3478 3018 3532 sibi
3065 3487 3502 3548 comparaverat,
3533 3486 3624 3532 ut-

2051 3577 2177 3637 pote
2217 3568 2286 3622 ab
2335 3568 2561 3623 ineunte
2605 3577 2773 3623 astate
2826 3567 2932 3621 hoc
2980 3567 3397 3637 philosophandi
3445 3583 3623 3636 genus

364 3677 634 3724 sectatus.
690 3664 860 3720 Solon
890 3679 1020 3718 vero
1063 3679 1128 3716 ex
1170 3670 1477 3724 mercatore
1506 3661 1810 3717 monachus
1856 3660 2112 3726 effectus,
2154 3662 2275 3731 ipse
2340 3677 2559 3732 quoque
2595 3663 2737 3716 haud
2806 3677 3000 3731 parum
3071 3660 3425 3715 emolumenti
3496 3660 3624 3715 inde

361 3763 636 3832 percepit.
667 3759 803 3815 Nam
843 3767 900 3814 et
943 3758 1134 3812 fratris
1168 3756 1276 3821 sui,
1309 3764 1364 3811 et
1407 3756 1639 3811 alierum
1689 3756 1785 3826 qui
1837 3756 1948 3810 illic
1983 3757 2534 3826 philosnphabantur,
2579 3757 2900 3828 magisterio
2969 3757 3275 3818 institutus,
3342 3766 3396 3809 et
3446 3755 3499 3808 in
3554 3755 3623 3810 iis

360 3867 497 3920 quae
529 3851 594 3905 ad
625 3850 722 3907 Dei
755 3850 964 3904 cultum
995 3847 1272 3918 pertinent
1305 3847 1590 3902 studiosus
1655 3846 1757 3902 fuit
1829 3847 2122 3918 imprimis,
2174 3857 2231 3902 et
2287 3863 2418 3920 erga
2470 3849 2778 3919 proximum
2831 3846 3123 3917 benignus.
3172 3847 3249 3900 Ac
3317 3844 3622 3899 Rinocoru-

363 3944 559 3999 rensis
597 3945 822 4013 quidem
870 3942 1140 4003 Ecclesia,
1190 3939 1504 4005 hujusmodi
1537 3943 1819 3996 antistites
1877 3943 1947 3997 ab
1979 3943 2138 3997 initio
2210 3943 2428 4007 sortita,
2477 3959 2545 3998 ex
2597 3958 2665 3998 eo
2735 3951 2983 4012 tempore
3024 3941 3090 3994 ad
3145 3949 3390 3994 nostram
3443 3955 3620 4007 usque

363 4049 417 4088 ae
445 4043 609 4097 atem,
643 4035 860 4088 illorum
889 4032 1160 4086 institutis
1182 4031 1281 4093 uti,
1314 4043 1366 4084 et
1393 4033 1596 4100 prohos
1623 4033 1771 4085 virus
1805 4035 1945 4088 ferre
1983 4049 2091 4087 non
2127 4034 2358 4089 destitit.
2404 4035 2499 4089 Est
2528 4041 2710 4088 autem
2782 4033 2902 4101 ejus
2962 4032 3068 4085 loci
3112 4031 3332 4085 clericis
3367 4044 3618 4083 conmm-

367 4127 458 4179 nis
478 4126 677 4180 domus
707 4134 761 4180 et
797 4141 989 4179 tuensa
1009 4163 1022 4187 ,
1062 4124 1272 4192 reliqua
1320 4123 1558 4192 denique
1583 4124 1770 4176 omnia
1801 4127 2136 4179 communia.

932 4215 1184 4267 ΚΕΦΑΛ.
1229 4214 1350 4267 AB’.

361 4308 505 4377 Περὶ
559 4307 676 4361 τῶν
727 4307 798 4359 ἐν
857 4307 1230 4377 Παλαιστίνῃ
1294 4305 1609 4377 μοναχῷν,
1683 4306 1939 4374 Ἠσυχᾱ,

452 4380 793 4445 Ἰἰπιφανίου
852 4376 956 4428 τοῦ
1006 4376 1263 4442 ὕστερον
1309 4376 1632 4444 γενομένου
1672 4377 1938 4443 Κύπρου,

449 4447 766 4514 Ἀμμωνίου
807 4445 904 4498 καὶ
932 4445 1246 4498 Σιλϐιινοῦ.

441 4541 514 4592 UO
545 4539 650 4609 μὴν
673 4537 806 4590 ἀλλὰ
839 4539 931 4589 καὶ
962 4537 1289 4606 Παλαιστίνη
1328 4536 1574 4606 μοναχῶν
1592 4537 1799 4606 ἀνδρῶν
1827 4537 1940 4589 δια-

357 4633 576 4704 τριϐαῖς
608 4631 776 4700 ἤνθει.
806 4630 870 4681 Οἵ
887 4646 944 4680 τε
977 4629 1081 4699 γὰρ
1121 4628 1334 4690 πλείους
1366 4625 1439 4679 ὧν
1469 4631 1525 4679 ἐν
1562 4632 1627 4698 τῇ
1655 4631 1942 4681 Κωνσταν-

2051 4626 2158 4678 bnl.
2210 4624 2342 4676 Nam
2373 4632 2428 4678 et
2462 4624 2710 4693 plerique
2743 4637 2934 4677 eorum
2967 4636 3110 4691 quos
3142 4637 3308 4693 supra
3359 4621 3412 4674 in
3450 4622 3617 4676 rebus

357 4725 479 4779 τίου
523 4721 766 4794 βασιλείᾳ
816 4719 1288 4792 ἀπηριθμησάμην
1334 4719 1413 4772 ἔτι
1437 4715 1578 4791 ἦσαν
1605 4721 1806 4792 ταύτην
1841 4721 1940 4792 τὴν

2051 4716 2222 4785 gestis
2272 4713 2578 4769 Constantii
2633 4711 2972 4774 enumeravi,
3013 4709 3198 4764 adhuc
3251 4710 3615 4778 superstites,

355 4817 673 4886 ἐπιστήμην
695 4816 1066 4884 σεμνύνοντες.
1093 4814 1155 4865 (ii
1179 4811 1255 4877 δὲ,
1280 4815 1397 4875 ταῖς
1423 4811 1600 4865 αὐτῶν
1633 4813 1938 4876 συνουσίαις

2051 4807 2190 4861 hanc
2221 4805 2574 4875 disciplinain
2623 4818 2836 4858 summa
2884 4817 3011 4856 cum
3064 4800 3226 4856 laude
3269 4801 3614 4856 excolebant.

355 4910 443 4970 εἰς
470 4908 636 4976 ἄκρον
657 4907 856 4977 ἀρετῆς
883 4907 1161 4968 ἐπέδοσαν,
1207 4906 1299 4958 καὶ
1325 4906 1404 4966 εἰς
1434 4903 1686 4957 εὔκλειαν
1715 4903 1937 4974 μείζονα

2051 4900 2114 4954 Ει
2144 4901 2338 4955 horum
2375 4896 2778 4954 consuetudine
2829 4913 2891 4950 ac
2932 4895 3284 4950 sermonibus
3325 4895 3416 4948 alii
3459 4894 3618 4950 insti-

351 5003 475 5061 τοῖς
524 4998 709 5053 ἐνθάδε
763 4999 1196 5069 φροντιστηρίοις
1239 4997 1662 5066 προσετέθησαν.
1721 4989 1820 5049 Ὧν
1875 4992 1944 5067 ἦν

2053 4992 2256 5056 tutiad
2296 5006 2572 5046 summum
2605 4988 2823 5043 virtutis
2869 4987 3078 5055 apicem
3123 4994 3508 5054 pervenerunt,
3563 4995 3618 5040 et

365 5091 612 5160 ἹΙσυχᾶς
649 5092 678 5142 ὁ
737 5090 1039 5160 Ἱλαρίωνος
1093 5093 1330 5159 ἑταῖρος,
1391 5088 1488 5141 καὶ
1535 5087 1848 5156 Ἐπιφάνιος
1915 5089 1944 5140 ὁ

2051 5086 2118 5140 ad
2151 5084 2380 5154 majoris
2414 5083 2601 5154 glorise
2621 5081 2899 5136 cumulum
2937 5077 3290 5132 monasteriis
3322 5078 3435 5132 illic
3469 5079 3616 5147 posi-

2049 5179 2120 5233 tis
2153 5177 2396 5246 adjuncti
2435 5183 2583 5230 sunt.
2625 5173 2699 5226 Ex
2752 5186 2985 5241 quorum
3033 5185 3264 5225 numero
3311 5169 3413 5224 fuit
3439 5169 3616 5239 Hesy-

2049 5272 2206 5333 chas,
2235 5268 2535 5322 Hilarionis
2564 5265 2803 5328 sodalis;
2829 5273 2884 5316 ct
2904 5262 3268 5333 Epiphanius,
3297 5263 3391 5331 qui
3426 5269 3611 5331 postea

2635 4213 2790 4270 CAP.
2823 4213 3041 4269 XXXII.

2049 4308 2127 4363 De
2169 4308 2443 4363 monachis
2478 4307 2809 4371 Palmstime,
2861 4305 3124 4376 Hesycha,
3162 4304 3479 4376 Epiri/iunio,
3529 4308 3620 4375 qui

2080 4391 2261 4447 postea
2290 4383 2559 4448 episcopus
2601 4377 2769 4449 Cypri
2803 4378 2927 4448 fuit,
2952 4375 3231 4432 Aumwuio
3258 4385 3309 4430 et
3339 4375 3576 4430 Silvano.

2117 4531 2220 4584 Sed
2267 4539 2320 4585 et
2349 4529 2642 4584 Palmstina
2681 4530 3076 4585 monachorum
3116 4527 3412 4582 domiciliis
3455 4526 3618 4582 ﬂore-

353 5185 592 5252 ὖστερον
633 5184 920 5252 γενόμενος
953 5181 1252 5251 Σαλαμῖνος
1297 5182 1395 5250 τῆς
1438 5179 1663 5248 Κύπρου
1722 5179 1942 5233 ἐπίσκο-

353 5294 484 5340 πος.
542 5277 927 5346 Ἐφιλοσόφησε
958 5275 1012 5327 δὲ
1056 5275 1295 5344 Ἡσυχᾶς
1336 5273 1455 5344 μὲν,
1503 5268 1564 5326 οὗ
1595 5272 1692 5325 καὶ
1730 5273 1759 5324 ὁ
1797 5272 1943 5325 διδά-

1568 5448 1858 5504 VALESII.
1879 5443 2435 5503 ANNOTATIONES.

437 5569 552 5640 (54)
606 5570 970 5638 Ἐπίῤῥυπον
1017 5568 1095 5640 τῷ
1155 5567 1378 5640 ἱμα-τίῳ.
1434 5564 1587 5640 l|_nne
1653 5566 1829 5640 locum
1859 5564 1931 5615 ita

2051 5559 2228 5640 εοίιίερ
2274 5558 2576 5640 Fuluiana
2627 5555 2899 5640 integram.
2953 5545 3610 5640 “"f'a'ilj'ﬁ’ji'l’l’lﬁﬁf’

355 5615 1082 5710 corrigendnnr'pumténi
1128 5615 1365 5710 ρύπῶντι
1430 5634 1506 5704 τῷ
1576 5633 1775 5710 ἱματίῳ
1821 5642 1928 5687 etc.

2051 5629 2249 5710 illl‘rﬁ.lll
2281 5629 2517 5696 vulgatis
2553 5615 2836 5710 cocljcibns
2869 5615 3610 5710 dicarat.§edupgque£h=i~

359 5683 1497 5774 sé'lié°i?{'736£iac5"Elimiamsei-imum
1524 5683 1928 5777 esteemed;
2039 5683 2460 5777 stopliorsgiius,
2492 5711 2591 5751 nec
2635 5683 3611 5777 Saviliushanclaetitiaﬂusglfglf:

858 5752 1163 5831 ehi'éiiiéﬁib
1194 5752 1419 5844 prorsus
1450 5752 1788 5844 necessaria.
2037 5752 2252 5822 vei-iiut.
2291 5767 2364 5844 Ex
2399 5752 2508 5833 quo
2534 5773 2780 5844 apparet,
2821 5763 2998 5817 nullos
3050 5759 3121 5812 ab
3149 5761 3217 5812 iis
3257 5755 3402 5810 visos
3439 5752 3610 5807 futsse

437 5852 548 5924 (55)
587 5849 759 5902 Ἀλλ’
787 5849 982 5901 ἑκοντὶ
1016 5836 1276 5900 ἑλέσθαι.
1309 5846 1434 5899 Post
1470 5848 1582 5898 hinc
1615 5841 1803 5905 verba,
1863 5857 1929 5896 ex

2051 5840 2443 5906 nanuscriptos
2469 5836 2709 5891 codices.
