4066 6338
541 291 680 351 1595

2011 285 2352 343 8οΖΟΜΕΝ1

3605 295 3704 354 1596

542 412 730 481 fuere,
773 423 880 466 non
921 405 1155 478 alicujus
1189 404 1378 469 urbis,
1414 402 1510 460 sed
1564 402 1794 460 honoris
1845 403 2116 459 duntaxat

2228 407 2317 477 ϐῆς
2349 405 2462 476 (62)
2497 404 2683 477 ὥσπερ
2715 405 2824 460 τῶν
2857 404 3042 469 αὐτοῖς
3082 405 3542 478 πεπολιτευμένων,
3569 427 3705 482 Isigo-

542 517 707 557 cansa
729 539 744 564 ,
779 509 1038 570 tanquam
1072 499 1140 554 ad
1179 499 1522 569 repensanda
1566 497 1826 568 praeclara
1863 497 2108 568 ipsorum

545 592 788 646 facinora
808 630 823 655 ,
853 589 909 643 in
942 589 1058 646 suis
1088 588 1445 644 monasteriis
1486 588 1724 643 ordinati
1759 589 1798 643 ¹.
1833 587 1954 655 Quo
1982 589 2108 659 qni-

541 683 663 738 dem
695 682 859 736 modo
887 680 1053 737 etiam
1077 679 1323 737 Lazarus
1343 721 1358 746 ,
1385 681 1454 736 de
1481 695 1592 751 quo
1625 695 1791 752 supra
1815 680 1963 747 dixi,
1995 681 2113 750 epi-

541 785 745 840 scopus
776 769 898 825 fuit.
930 769 996 823 Et
1027 785 1092 826 ex
1127 770 1410 825 monachis
1440 770 1661 840 quidem
1689 771 1783 840 qui
1820 781 1929 824 tum
1967 770 2109 839 apud

543 863 712 934 Syros
735 905 749 930 ,
784 868 900 917 tum
934 861 1078 933 apud
1114 859 1313 917 Persas
1355 859 1509 933 Syris
1540 860 1804 916 ﬁnitimos
1852 861 2112 916 nobiliter

540 954 912 1026 phiIOSOphati
943 961 1105 1022 sunt,
1131 955 1222 1010 isti
1253 953 1321 1007 ad
1352 953 1606 1008 notitiam
1638 960 1882 1007 nostram
1924 967 2114 1022 perve-

542 1052 766 1100 nerunt.
804 1043 1104 1115 Disciplina
1138 1061 1268 1100 vero
1302 1045 1613 1100 communis
1656 1043 1770 1098 haec
1818 1042 1919 1095 fuit
1972 1059 2110 1113 pene

541 1136 842 1192 omnibus:
895 1138 1090 1191 anima:
1134 1136 1351 1207 quidem
1401 1136 1729 1206 praecipuam
1786 1149 1977 1189 curam
2025 1150 2116 1203 ge-

538 1243 697 1294 rere,
753 1243 987 1299 eamque
1035 1229 1102 1284 ad
1155 1227 1514 1298 relinquenda
1575 1227 1740 1296 hujus
1797 1226 1924 1282 vitae
1971 1226 2116 1280 bona

538 1329 854 1391 promptam
895 1335 960 1375 ac
1007 1331 1252 1392 paratam
1295 1318 1558 1382 reddere,
1610 1319 1818 1373 orando
1866 1319 2113 1383 scilicet,

533 1407 878 1477 jejunando,
913 1423 978 1464 ae
1007 1408 1224 1464 divinos
1258 1408 1492 1480 hymnos
1523 1407 1771 1463 canendo
1799 1424 1812 1472 ;
1850 1416 1906 1463 et
1938 1408 1993 1462 in
2030 1408 2116 1464 his

541 1499 762 1569 quidem
792 1499 961 1555 rebus
1005 1501 1303 1555 maximam
1346 1499 1614 1569 temporis
1658 1512 1868 1570 partem
1909 1514 2114 1554 consu-

541 1605 715 1656 mere,
752 1593 1045 1661 pecuniam
1076 1606 1210 1646 vero
1238 1600 1294 1646 et
1337 1605 1529 1645 curam
1575 1590 1820 1646 civilium
1867 1590 2119 1662 negotio-

541 1694 702 1746 rum',
757 1681 1009 1754 corporis
1064 1681 1195 1737 item
1252 1681 1532 1737 mollitiem
1570 1689 1626 1737 et
1687 1681 1896 1736 cultum
1959 1696 2119 1752 pror-

2217 498 2532 569 τονηθέντες
2565 498 2624 551 ἐν
2649 499 2762 561 τοῖς
2790 497 2940 562 ίδίοις
2975 497 3352 570 μοναστηρίοις
3377 497 3431 551 ὃν
3453 500 3619 570 τρόπον
3639 505 3709 556 καὶ

2219 587 2465 658 Λάζαρος
2496 590 2524 641 ὀ
2549 587 2827 658 δηλωθείς.
2865 587 2986 641 Οἵδε
3021 587 3119 658 μὲν
3147 587 3256 641 τῶν
3284 588 3396 641 τότε
3427 589 3709 660 φιλοσοφούνο

2217 696 2326 732 των
2368 680 2669 751 ἐπισήμως,
2713 679 2818 734 ἀνά
2861 695 2921 732 τε
2953 679 3155 749 Σύρους
3199 679 3293 732 καὶ
3321 679 3515 750 Πέρσας
3545 686 3713 746 τοὺςέκ

2219 767 2476 835 γειτόνων
2507 770 2711 834 αὐτοῖς,
2746 771 2828 833 εἰς
2860 768 3061 838 γνῶσιν
3088 769 3227 839 ἐμὴν
3249 765 3424 840 ἦλθον.
3445 771 3651 826 Πολιτεία
3672 776 3713 828 δὲ

2219 860 2373 931 κοινὴ
2402 861 2587 925 πᾶσιν,
2619 860 2693 924 ὡς
2722 863 2916 925 εἰπεῖν,
2937 856 3006 932 ἦν
3034 877 3050 892 ο
3083 861 3262 932 ψυχῆς
3293 861 3405 932 μέν,
3434 862 3506 915 ὅτι
3537 864 3718 932 μάλιστα

2221 952 2617 1022 ἐπιμελεῖσθαι,
2667 953 2762 1006 καὶ
2800 954 3015 1025 ἕτοιμον
3050 953 3249 1018 ἐθίζειν
3295 953 3424 1025 πρὸς
3462 955 3720 1026 ἀπαλλαγὴν

2220 1043 2329 1096 τῶν
2365 1044 2550 1098 ἐνθάδε
2577 1063 2590 1076 ·
2638 1046 2695 1098 ἐν
2745 1046 2928 1116 εὐχαῖς
2957 1047 3143 1122 τεκαὶ
3175 1047 3468 1117 νηστείαις,
3497 1048 3578 1101 καὶ
3599 1049 3723 1112 Θείοις

2223 1133 2413 1204 ὕμνοις
2436 1149 2450 1163 ’
2498 1134 2594 1187 καὶ
2631 1135 2759 1203 περὶ
2785 1135 2957 1190 ταῦτα
2985 1134 3082 1189 τὸν
3105 1136 3275 1190 πολὺν
3308 1136 3588 1189 ἀναλίσκειν
3613 1137 3722 1206 βίον

2222 1225 2519 1296 χρημάτων
2556 1225 2615 1279 δέ
2639 1227 2731 1279 καὶ
2761 1227 2858 1298 τῆς
2904 1226 3034 1298 περὶ
3078 1227 3150 1281 τὰ
3197 1226 3442 1281 πολιτικὰ
3485 1229 3727 1299 πράγματα

2223 1317 2497 1386 ἀσχολίας,
2531 1316 2782 1388 σώματός
2818 1335 2876 1370 τε
2918 1317 3220 1389 ῥᾳστώνης,
3251 1317 3284 1388 ἢ
3314 1317 3595 1388 ἐπιμελείας
3626 1337 3727 1371 παν.

2223 1411 2392 1474 τελῶς
2437 1410 2678 1483 ἀμελεῖν.
2745 1411 2915 1466 Ἔνιοι
2954 1411 3010 1464 δέ
3063 1412 3155 1465 ἐπὶ
3198 1411 3444 1465 τοσοῦτον
3466 1413 3729 1482 ἐγκρατείας

2223 1499 2423 1575 ἦλθον,
2475 1503 2551 1568 ὡς
2593 1502 2860 1556 Βατθαίου
2914 1503 3014 1574 μὲν
3059 1503 3162 1557 ὑπὸ
3224 1505 3327 1576 τῆς
3372 1504 3499 1572 ἄγαν
3543 1505 3729 1566 ἀσιτίας,

2227 1594 2510 1666 σκώληκας
2561 1598 2623 1650 ἐκ
2675 1597 2782 1650 τῶν
2825 1597 3051 1650 ὀδόντων
3100 1596 3314 1666 ἕρπειν·
3387 1594 3532 1649 Ἀλᾶν
3576 1595 3624 1648 δέ
3662 1596 3734 1649 ἐπὶ

2224 1686 2549 1755 ὀγδοήκοντα
2594 1689 2892 1752 ἐνιαυτοὺς,
2928 1688 3092 1759 ἄρτου
3122 1687 3196 1758 μὴ
3227 1685 3544 1755 γεύσασθαιο
3594 1687 3667 1739 τὸν
3691 1686 3732 1738 δέ

541 1785 643 1826 sus
692 1777 1068 1827 contemnere.
1123 1773 1229 1827 Alii
1275 1786 1406 1827 vero
1452 1773 1519 1826 ad
1573 1779 1780 1826 tantam
1839 1773 2116 1842 progressi

2238 1779 2555 1847 Ἦλιόδωρον
2597 1780 2836 1842 ἀΰπνους
2879 1778 2976 1842 τὰς
3012 1777 3213 1841 πολλὰς
3245 1775 3638 1848 διακαρτερῆσαι
3661 1775 3731 1828 νύν

543 1869 674 1919 sunt
699 1861 1088 1917 abstinentiam
1111 1903 1126 1928 ,
1160 1870 1219 1917 ut
1251 1863 1494 1918 Batthaao
1522 1863 1743 1934 quidem
1786 1863 1857 1917 ob
1895 1864 2121 1918 nimiam

542 1953 782 2009 inediam
816 1971 1024 2011 vermes
1054 1971 1120 2011 ex
1153 1955 1409 2013 dentibus
1443 1956 1592 2012 enati
1627 1957 1781 2024 sint;
1830 1958 1961 2010 Alas
1992 1970 2124 2012 vero

543 2043 612 2099 ad
648 2058 824 2102 annos
855 2061 1030 2118 usque
1069 2046 1352 2118 octoginta
1398 2062 1594 2118 panem
1627 2062 1737 2102 non
1781 2047 2118 2113 comederit;

543 2134 877 2193 Heliodorus
925 2144 1107 2193 autem
1145 2137 1349 2194 multas
1383 2147 1577 2194 noctes
1609 2138 1894 2194 insomnes
1935 2146 2120 2194 trans-

541 2229 754 2300 egerit,
783 2237 1045 2300 septenos
1069 2227 1190 2285 dies
1211 2230 1510 2286 continuos
1530 2230 1586 2285 in
1607 2229 1838 2301 jejuniis
1866 2246 2123 2301 perseve-

543 2333 696 2375 rans.
732 2318 894 2392 Syria
927 2335 1096 2386 vero,
1131 2329 1241 2376 tam
1273 2337 1336 2376 ea
1365 2337 1487 2392 quae
1515 2322 1666 2377 Caele
1702 2322 1926 2387 dicitur,
1954 2335 2121 2393 quam

541 2425 672 2482 quae
703 2426 867 2482 supra
902 2412 1048 2468 illam
1082 2415 1261 2484 posita
1310 2422 1429 2482 est,
1474 2421 1706 2484 excepta
1751 2414 1890 2469 urbe
1930 2414 2119 2468 Antio-

487 2523 490 2526 ’
543 2501 671 2557 chia
692 2541 708 2566 ,
736 2503 914 2558 serius
940 2503 1164 2573 quidem
1190 2504 1256 2558 ad
1282 2503 1488 2558 Christi
1519 2505 1836 2576 religionem
1856 2488 2120 2560 conversa

547 2590 672 2658 fuit,
712 2591 807 2647 sed
840 2599 1022 2648 tamen
1053 2594 1446 2650 ecclesiasticis
1490 2595 1839 2666 phiIOSOphis
1881 2611 1990 2650 non
2034 2611 2123 2649 ca-

543 2684 677 2738 ruit.
731 2683 834 2750 Q‘ui
887 2685 1108 2754 quidem
1154 2700 1220 2740 eo
1269 2686 1531 2741 fortiores
1575 2694 1632 2741 et
1679 2685 1982 2741 fueruntet
2014 2687 2119 2742 visi

545 2785 706 2840 sunt,
735 2791 846 2846 quo
880 2777 1054 2848 magis
1081 2777 1244 2832 invisi
1279 2785 1436 2831 erant
1475 2778 1672 2834 incolis
1712 2794 1898 2834 earnm
1943 2778 2124 2849 regio-

547 2873 676 2923 num
699 2907 713 2929 .
747 2883 1048 2938 eorumque
1078 2869 1290 2924 crebris
1323 2869 1539 2925 insidiis
1567 2871 1989 2941 appetebantur;
2023 2871 2123 2926 iis-

545 2960 782 3028 demque
811 2960 958 3014 virili
991 2961 1177 3014 animo
1207 2963 1565 3028 resistebant,
1599 2961 1763 3034 269
1790 2978 1899 3016 non
1930 2963 2040 3017 vim
2067 2962 2122 3017 vi

547 3051 862 3120 repellenda
881 3090 894 3114 ,
927 3065 1030 3105 nec
1061 3053 1390 3120 semetipsos
1417 3052 1737 3107 ulciscendo
1758 3091 1774 3116 ,
1803 3051 1896 3107 sed
1927 3060 2122 3106 contu-

2224 1886 2378 1933 κτας,
2407 1868 2707 1938 ἑϐδομάδας
2739 1866 2962 1937 ἡμερῶν
2986 1869 3043 1919 ἐν
3067 1865 3341 1935 νηστείαις
3368 1865 3736 1932 ἐπισυνάψαντα.

2223 1959 2392 2031 Συρία
2419 1959 2494 2022 δὲ,
2524 1959 2559 2029 ἦ
2587 1975 2644 2012 τε
2674 1958 2847 2028 Κοίλη
2878 1956 3207 2028 καλουμένη,
3225 1957 3325 2010 καὶ
3351 1957 3383 2024 ἡ
3407 1955 3534 2027 ὑπὲρ
3555 1954 3736 2024 ταύτην,

2221 2048 2366 2121 πλὴν
2409 2047 2767 2118 Ἀντιοχείας,
2819 2047 3036 2119 βράδιον
3073 2047 3154 2124 είς
3194 2045 3599 2118 Χριστιανισμὸν
3643 2061 3741 2114 μετ-

2221 2139 2434 2196 έϐαλον.
2485 2139 2562 2194 Οὐ
2599 2139 2706 2210 μὴν
2736 2140 2856 2193 οὐδὲ
2895 2138 3034 2209 αὕτη
3067 2138 3375 2209 φιλοσόφων
3415 2136 3730 2207 ἐκκλησιαστιο

2221 2235 2334 2287 κῶν
2365 2234 2592 2306 ἄμοιρος
2624 2228 2724 2304 ἦν·
2774 2233 2948 2304 ταύτῃ
2991 2249 3056 2300 γε
3099 2231 3302 2302 μᾶλλον
3344 2229 3587 2302 ἀνδρείων
3608 2229 3743 2281 ὄντων

2220 2345 2280 2382 τε
2309 2329 2405 2382 καὶ
2437 2327 2794 2397 φαινομένων,
2839 2325 2949 2395 ὅσῳ
2978 2341 3041 2393 γε
3072 2325 3164 2377 καὶ
3192 2323 3335 2395 πρὸς
3360 2321 3465 2376 τῶν
3503 2319 3742 2375 οίκούντων

2221 2418 2320 2488 τὴν
2359 2417 2541 2488 χώραν
2587 2416 2872 2488 ἐμισοῦντο
2909 2417 3003 2468 καὶ
3039 2413 3491 2468 ἐπεϐουλεύοντο·
3532 2413 3614 2466 καὶ
3650 2427 3742 2478 γεν-

2221 2508 2382 2574 ναίως
2413 2510 2672 2579 ἀντεῖχον,
2730 2510 2829 2562 οὐκ
2868 2495 3224 2579 ἀμυνόμενοι,
3254 2506 3379 2560 ούδέ
3404 2505 3548 2574 δίκην
3575 2500 3744 2570 λαμϐά-

2221 2617 2430 2666 νοντες,
2489 2600 2623 2653 ἀλλὰ
2668 2599 2968 2670 προθύμως
3029 2599 3129 2662 τὰς
3175 2596 3335 2670 παρὰ
3378 2596 3481 2649 τῶν
3531 2593 3749 2662 Ἑλλήνιον

2223 2691 2409 2764 ὓϐρεις
2438 2709 2497 2746 τε
2542 2693 2638 2746 καὶ
2676 2692 2890 2761 πληγὰς
2916 2691 3304 2761 ὑπομένοντες.
3358 2687 3513 2750 Οἶους
3541 2683 3746 2754 γενέσθαι

2222 2783 2501 2854 ἐπυθόμην
2535 2785 2905 2849 Ούαλεντῖνον,
2951 2783 3010 2836 ὂν
3035 2784 3084 2834 oi
3124 2781 3226 2852 μὲν
3252 2781 3313 2848 ἐξ
3357 2777 3597 2850 Ἐμέσης,
3639 2777 3680 2829 ol
3707 2772 3750 2828 δέ

2221 2873 2282 2936 ἐξ
2322 2872 2647 2944 Ἀρεθούσης
2670 2872 2730 2925 τὸ
2757 2873 2914 2942 γένος
2936 2871 3079 2942 ἔχειν
3106 2871 3319 2940 ἔφασαν
3339 2887 3353 2902 ο
3379 2869 3470 2924 καὶ
3489 2868 3570 2921 τὸν
3582 2864 3751 2936 ὁμώνυ-

2227 2981 2324 3034 μον
2355 2964 2446 3016 τὸν
2476 2962 2664 3028 αὐτοῦ,
2698 2963 2792 3016 καὶ
2822 2963 3117 3032 Θεόδωρον.
3149 2964 3358 3033 Ἄμφω
3381 2961 3437 3014 δέ
3468 2959 3568 3014 ἀπὸ
3587 2952 3754 3010 Τιττῶν

2222 3053 2316 3106 τοῦ
2359 3054 2650 3124 Ἀπαμέων
2689 3052 2853 3124 νομοῦ
2887 3053 3076 3124 ἤστην.
3142 3053 3258 3107 Καὶ
3294 3050 3562 3124 Μαρώσαν
3602 3047 3678 3101 τὸν
3705 3046 3754 3098 ἐκ

547 3140 740 3196 melias
770 3149 822 3196 et
880 3142 1111 3197 verbera
1165 3143 1267 3196 sibi
1322 3159 1352 3196 a
1402 3144 1702 3212 gentilibus
1745 3145 1896 3198 illata
1953 3144 2121 3199 alacri

2228 3145 2514 3215 Νεχείλων,
2541 3145 2636 3199 καὶ
2675 3145 2907 3209 Βάσσον,
2953 3145 3046 3198 καὶ
3081 3143 3400 3214 Βασσώνην,
3451 3142 3541 3197 καὶ
3565 3138 3754 3199 Παῦλον,

549 3232 735 3287 animo
765 3232 1125 3303 perferentes.
1168 3233 1452 3303 Ejusmodi
1494 3229 1668 3289 fuisse
1713 3234 1898 3304 accepi
1933 3233 2124 3288 Valen-

549 3324 726 3380 tinum
748 3366 768 3391 ,
799 3341 966 3395 quem
996 3327 1089 3380 alii
1124 3341 1192 3380 ex
1222 3326 1354 3381 urbe
1377 3325 1606 3394 Emesa,
1639 3327 1728 3388 alii
1755 3342 1821 3382 ex
1853 3327 2125 3381 Arethusa

548 3433 723 3488 genus
748 3418 986 3474 traxisse
1015 3418 1209 3472 dicunt
1233 3434 1251 3472 :
1281 3427 1336 3472 et
1365 3418 1597 3473 alterum
1625 3419 1714 3473 isti
1741 3417 2124 3487 cognominem

553 3507 906 3564 Valentinum
931 3548 948 3574 ,
979 3524 1046 3565 ac
1070 3509 1444 3566 Theodorum.
1477 3509 1542 3564 Hi
1575 3509 1685 3565 duo
1713 3527 1776 3566 ex
1805 3510 2002 3572 Tittis,
2034 3511 2126 3580 qni

551 3601 708 3656 vicus
735 3609 822 3656 est
848 3602 902 3656 in
935 3601 1216 3657 territorio
1239 3603 1631 3672 Apamensium
1653 3641 1668 3667 ,
1698 3611 1860 3658 erant
1884 3601 2122 3656 oriundi.

552 3689 820 3746 Marosam
849 3700 1113 3762 praeterea
1141 3708 1206 3746 ex
1241 3690 1486 3749 Nechilis
1520 3703 1738 3756 ortum,
1772 3701 1828 3748 et
1854 3691 2080 3748 Bassum
2107 3732 2123 3757 ,

550 3789 607 3836 et
631 3781 926 3838 Bassonem
949 3822 966 3847 ,
995 3798 1059 3839 ac
1089 3783 1320 3838 Paulum
1352 3783 1446 3854 qui
1478 3799 1546 3839 ex
1577 3783 1702 3839 vico
1731 3782 1974 3839 Telmiso
2005 3798 2128 3854 pro—

549 3880 790 3942 gnatus,
822 3889 946 3928 cum
991 3875 1193 3931 multos
1235 3875 1405 3930 variis
1435 3875 1490 3930 in
1525 3875 1662 3932 locis
1694 3882 2123 3945 congregasset,

549 3973 606 4019 et
631 3967 968 4036 competenti
995 3969 1208 4023 ratione
1237 3967 1304 4022 ad
1337 3968 1695 4024 monasticam
1727 3967 2125 4037 philosophiam

549 4053 942 4122 informasset,
971 4058 1192 4112 tandem
1227 4059 1281 4112 in
1316 4059 1437 4114 loco
1465 4059 1558 4129 qui
1605 4056 1863 4128 Jngatum
1903 4058 2127 4120 dicitur,

550 4148 846 4202 maximam
875 4165 941 4201 ae
971 4151 1371 4206 nobilissimam
1408 4151 1803 4205 monachorum
1829 4165 2130 4222 congrega-

551 4241 755 4295 tionem
791 4240 1052 4296 instituit.
1090 4241 1209 4308 Qno
1234 4243 1402 4297 etiam
1439 4242 1491 4296 in
1531 4242 1650 4296 loco
1675 4252 1926 4296 mortuus
1953 4250 2035 4296 est
2065 4255 2131 4294 ae

551 4335 829 4402 sepultus,
860 4348 987 4388 eum
1020 4333 1330 4389 diutissime
1364 4334 1631 4399 vixisset;
1676 4334 1880 4404 quippe
1924 4332 2016 4402 qui
2061 4331 2129 4386 ad

2223 3235 2281 3300 ὃς
2307 3235 2415 3289 ἀπὸ
2458 3237 2556 3305 τῆς
2583 3237 2853 3307 Τελμισοῦ
2891 3239 2990 3307 τῆς
3020 3235 3217 3306 κώμης
3271 3235 3486 3304 ἐγένετο
3509 3251 3524 3264 ·
3573 3229 3757 3289 πολλοὺς

2223 3327 2280 3380 δέ
2319 3327 2377 3380 ἐν
2406 3327 2617 3392 πολλοῖς
2644 3327 2828 3391 τόποις
2859 3327 3192 3390 συνοικίσας,
3253 3326 3351 3381 καὶ
3387 3324 3446 3380 ὃν
3476 3322 3574 3396 χρὴ
3600 3320 3758 3392 τρόπον

2227 3416 2554 3486 συναγαγὼν
2595 3420 2676 3482 είς
2714 3419 2776 3472 τὸ
2802 3419 3108 3488 φιλοσοφεῖν
3140 3418 3380 3482 εἰδέναι,
3409 3417 3471 3470 τὸ
3500 3412 3759 3468 τελευταῖον

2225 3512 2305 3573 είς
2343 3511 2404 3564 τὸ
2443 3511 2714 3579 Ἰουγάτον
2744 3511 3078 3580 καλούμενον
3110 3512 3316 3581 χωρίον
3351 3509 3604 3580 μεγίστην
3631 3499 3760 3558 τεκαὶ

2225 3600 2633 3672 ἐπισημοτάτην
2651 3601 2925 3655 συνοικίαν
2949 3589 3199 3672 μοναχῶν
3221 3601 3608 3670 κατεστήσατο.
3629 3592 3762 3649 Ἔνθα

2225 3691 2289 3762 δὴ
2317 3691 2410 3745 καλ⁸
2443 3691 2783 3764 ἐτελεύτησε,
2835 3694 2930 3746 καὶ
2981 3692 3070 3746 τὸν
3102 3692 3276 3762 τάφον
3327 3691 3460 3762 ἔχει,
3504 3681 3764 3760 μακροϐιὼ-

2226 3800 2386 3847 τατος
2407 3783 2644 3853 γεγονώς
2675 3800 2690 3816 ο
2743 3783 2819 3848 ὡς
2846 3783 3008 3855 μέχρι
3045 3783 3140 3836 καὶ
3179 3785 3265 3848 εἰς
3313 3784 3464 3854 ἡμᾶς
3503 3777 3761 3834 ἐπιϐιῶναι.

2228 3874 2533 3944 εὐδοκίμως
2578 3873 2674 3928 καὶ
2704 3874 2862 3938 θείως
2891 3874 3285 3943 φιλοσοφήσας.
3350 3873 3461 3928 Καὶ
3495 3870 3596 3925 τῶν
3628 3866 3764 3922 ἄλλων

2228 3965 2284 4018 δὲ
2305 3966 2414 4017 τῶν
2451 3965 2801 4036 δηλωθέντων
2851 3964 3100 4036 μοναχῶν
3121 4003 3136 4028 ,
3188 3965 3385 4038 σχεδὸν
3415 3965 3603 4024 πάντες
3635 3958 3764 4011 πολὺν

2227 4055 2527 4124 διεγένοντο
2575 4057 2784 4127 χρόνον.
2861 4056 2972 4110 Καί
3011 4073 3102 4126 μοι
3137 4056 3398 4125 φαίνεται
3415 4039 3440 4122 ,’
3486 4048 3765 4126 μακροδωδς

2228 4145 2354 4207 τοὺς
2388 4146 2589 4216 ἄνδρας
2621 4147 2649 4198 ὁ
2681 4144 2814 4209 Θεὸς
2855 4145 3130 4217 ἐποίησεν,
3170 4147 3255 4209 είς
3278 4145 3518 4200 ἐπίδοσιν
3557 4143 3644 4212 τὴν
3666 4139 3766 4207 θρη-

2234 4233 2420 4287 σκείαν
2455 4235 2623 4302 ἄγων.
2660 4234 2863 4306 Σύρους
2886 4252 2944 4288 τε
2972 4235 3081 4306 γὰρ
3101 4235 3176 4300 ὡς
3209 4232 3554 4297 ἐπίπαν,καλ
3587 4223 3766 4298 Περσῶν

2233 4327 2326 4378 καὶ
2363 4326 2698 4398 Σαρακηνῶν
2741 4326 3047 4388 πλείστους,
3083 4323 3222 4396 πρὸς
3261 4325 3328 4378 τὸ
3363 4325 3559 4379 οἰκεῖον
3599 4317 3767 4386 ἐπηγάο

553 4433 744 4480 nostra
778 4439 953 4494 usque
993 4432 1237 4494 tempora
1268 4425 1432 4477 vitam
1462 4425 1822 4496 produxerit,
1867 4423 2121 4478 eximiam

2233 4435 2390 4487 γοντο
2433 4417 2615 4482 σέϐας,
2641 4419 2735 4472 καὶ
2764 4414 3090 4489 Ἑλληνίζειν
3123 4416 3397 4470 ἔπαυσαν.
3416 4409 3700 4484 Μοναχικῆς
3724 4421 3768 4457 τε

550 4530 617 4570 ac
641 4531 773 4570 vere
801 4515 1044 4569 divinam
1089 4515 1514 4584 philosophandi
1563 4517 1831 4571 rationem
1881 4523 2128 4570 secutus.

553 4608 658 4664 Sed
689 4617 742 4664 et
775 4608 972 4678 reliqui
1003 4623 1145 4677 quos
1175 4623 1342 4678 supra
1374 4609 1804 4663 memoravimus
1837 4607 2130 4673 monachi,

553 4700 670 4755 fere
702 4715 901 4754 omnes
928 4700 1019 4754 diu
1054 4701 1384 4768 superstites
1412 4700 1690 4753 vixerunt.
1725 4699 1804 4752 Ac
1840 4700 1972 4754 mihi
2007 4700 2134 4770 qni-

551 4791 676 4846 dcm
707 4790 928 4846 videtur
953 4791 1096 4846 Deus
1121 4790 1394 4862 prolixum
1427 4791 1556 4845 vitae
1583 4790 1823 4860 spatium
1851 4790 1918 4844 iis
1949 4790 2134 4844 indul-

549 4884 722 4950 sisse,
752 4892 813 4937 ut
839 4883 1034 4954 religio
1065 4884 1466 4939 incrementum
1513 4883 1806 4952 acciperet.
1852 4880 1930 4934 llli
1977 4882 2122 4937 enim

553 4975 732 5046 Syros
755 4975 866 5031 fere
888 4991 1106 5038 omnes,
1131 4986 1188 5031 ct
1212 4991 1277 5031 ex
1303 4975 1490 5032 Persis
1518 4991 1584 5031 ac
1613 4974 1904 5030 Saracenis
1931 4990 2125 5044 (luam-

551 5067 842 5136 plurimas,
865 5067 930 5123 ad
955 5067 1273 5138 religionem
1297 5082 1452 5122 suam
1473 5067 1874 5134 traduxerunt,
1901 5074 1956 5123 et
1979 5083 2008 5122 a
2033 5082 2124 5123 su-

552 5155 874 5226 perstitioso
897 5157 1212 5212 daemonum
1237 5159 1391 5213 cultu
1431 5158 1844 5217 abstraxerunt.
1878 5158 2126 5230 Cumque

622 5271 640 5302 ¹
678 5267 798 5324 Lib.
831 5286 916 5334 ιιι,
950 5285 1002 5325 c.
1030 5270 1118 5335 ιι,
1155 5270 1243 5327 16.

2235 4510 2552 4581 φιλοσοφίας
2599 4509 2788 4564 ἐνθάδε
2830 4509 3122 4582 ἄρξαντες,
3169 4508 3409 4572 πολλοὺς
3458 4507 3655 4578 ὁμοίους
3691 4503 3772 4552 ἁτ-

2231 4605 2457 4673 έφηναν.
2516 4601 2626 4655 Kui.
2651 4601 2897 4665 Γαλάτας
2932 4601 2987 4654 δέ
3016 4601 3112 4656 καὶ
3141 4599 3546 4661 Καππαδόκας,
3571 4594 3656 4650 καὶ
3676 4590 3771 4650 τοὺς

2231 4695 2436 4750 τούτων
2467 4694 2701 4766 ὁμόρους
2719 4735 2734 4758 ,
2780 4711 2843 4745 συ
2853 4693 3073 4764 μϐάλλω
3107 4691 3344 4757 πολλοὺς
3377 4691 3479 4763 μὲν
3507 4688 3595 4742 καὶ
3619 4684 3772 4743 ἄλλους

2233 4787 2525 4860 ἐσχηκέναι
2550 4787 2671 4840 τότε
2705 4779 3196 4856 ἐκκλησίαστικοὺς
3224 4783 3582 4853 φιλοσόφους,
3626 4771 3702 4829 οἷά
3722 4787 3772 4841 γε

2234 4879 2401 4933 πάλαι
2429 4877 2490 4931 τὸ
2513 4876 2688 4946 δόγμα
2719 4875 3024 4938 σπουδαίως
3049 4873 3484 4947 πρεσϐεύοντας.
3518 4867 3660 4922 Κατὰ
3685 4878 3775 4916 συν·

2233 4969 2410 5035 οικίας
2449 4969 2504 5022 δὲ
2548 4971 2606 5022 ἐν
2654 4966 2870 5020 πόλεσιν
2911 4966 2944 5037 ἦ
2986 4965 3200 5036 κώμαις
3253 4966 3306 5018 oi
3354 4963 3572 5023 πλείους
3615 4957 3771 5027 ᾤκουν.

2234 5059 2374 5115 Οὔτε
2407 5061 2516 5130 γὰρ
2559 5059 2853 5131 παραδόσει
2899 5057 3006 5110 τῶν
3051 5053 3549 5127 προγεγενημένων
3577 5043 3776 5137 cimolia:

2239 5169 2371 5206 σαν·
2421 5151 2544 5205 οὔτε
2583 5150 2688 5205 ὑπὸ
2734 5148 3098 5221 χαλεπότητος
3141 5146 3463 5218 χειμῶνος,
3515 5137 3666 5210 φύσει
3704 5147 3774 5184 τον

1717 5423 1993 5479 νΑιΕειι
2035 5420 2601 5478 ANNOTATIONES.

551 5560 923 5643 gium,.in_itio
961 5560 1183 5643 quidem
1219 5573 1436 5615 creatos
1462 5577 1585 5618 esse
1611 5563 2129 5643 episcopos__v_acan-

553 5629 628 5704 t_is
656 5629 778 5704 loci,
813 5629 1042 5686 honoris
1073 5645 1276 5692 causa;
1309 5639 1501 5701 postea
1533 5629 1669 5690 vero
1689 5629 1851 5690 sedes
1880 5633 1995 5688 illis
2018 5640 2131 5686 tra-

553 5697 698 5755 ditas
733 5697 903 5757 fuisse
932 5715 1068 5771 quas
1100 5697 1365 5772 regerent.

2301 5558 2414 5629 (62)
2451 5557 2851 5628 Ἄνταμωϐἦς.
2883 5553 3248 5613 Scribendltm
3274 5562 3366 5610 est
3401 5551 3630 5610 diductis
3657 5552 3773 5599 vou-

2229 5630 2353 5695 bus,
2389 5629 2505 5684 ἀντ’
2538 5629 2796 5701 ἀμοιϐῆς.
