4066 6338
492 337 630 397 ΗΟΒ
1918 317 2148 376 8οΖοΜ
2157 314 2266 370 EN!
3587 303 3690 362 ttat

490 451 810 523 Opinionum
867 447 1131 503 varietate
1163 440 1278 498 ﬁeri
1336 438 1500 503 solet,
1549 431 1956 493 dissensionem
1998 431 2066 486 de

2196 427 2260 480 τὸν
2279 427 2402 480 ὅσον
2434 423 2546 495 (7‘2)
2579 419 2867 493 ἐφικέσθαι
2892 417 3121 491 νομίζει,
3159 415 3382 488 πηλίκος
3421 431 3475 470 τε
3507 417 3588 469 καὶ
3608 410 3692 478 οἷὸς

489 520 599 596 illis
649 549 858 603 ortam,
911 533 1296 592 contentiones
1356 527 1670 583 necessario
1725 525 1948 594 gignere
2000 536 2065 574 ac
2171 520 2338 571 ἐστιν.

489 597 910 702 disputationes.
941 631 1019 680 Ac
1047 624 1159 680 Deo
1192 621 1447 676 fortassis
1478 619 1583 690 ipsi
1618 619 1693 671 ita
1727 616 1974 684 placere,
2005 619 2066 664 ut
2104 626 2212 664 non
2263 609 2420 663 facile
2466 611 2859 676 cognoscatur,
2926 610 3104 672 utque
3166 599 3332 654 variae
3371 598 3476 652 sint
3512 597 3572 651 de
3605 599 3700 666 ipso

491 691 823 799 opiniones:
858 738 968 792 quo
1008 721 1217 775 scilicet
1256 718 1640 786 unusquisque
1707 714 1890 782 ipsum.
1959 706 2133 775 magis
2169 711 2516 765 revereatur,
2568 715 2694 756 cum
2749 696 3047 769 perfectam
3100 695 3221 763 ejus
3277 691 3518 746 notitiam
3569 703 3700 744 nemo

492 785 707 889 penitus
741 785 956 884 assequi
992 815 1205 883 possit;
1249 825 1434 868 secum
1465 785 1581 880 ipse
1613 814 1878 878 reputans
1902 819 1967 859 ex
1991 817 2057 857 eo
2094 800 2464 872 quoadusque
2477 791 2734 868 progredi
2757 806 2818 847 se
2845 789 3165 855 existimat,
3187 787 3366 858 qualis
3403 787 3490 838 ille
3536 785 3600 839 sit
3649 789 3693 835 et

486 916 751 980 quantus.

1055 997 1210 1052 CAP.
1236 995 1506 1051 XXXVII.

495 1095 574 1149 De
602 1091 846 1147 barbaris
886 1091 976 1160 qui
1009 1099 1156 1142 trans
1192 1087 1394 1160 Istrum
1422 1085 1779 1160 habitabant;
1811 1081 2072 1154 quomodo

569 1163 634 1217 ab
705 1157 917 1215 Hunnis
957 1159 1184 1226 expulsi,
1228 1159 1298 1211 ad
1345 1158 1607 1211 Romanos
1651 1157 2076 1226 confugerun_t__ct

565 1231 825 1301 quomodo
864 1231 994 1299 facti
1022 1221 1699 1301 'sunt'_Cltristiani._lter_n
1743 1221 2075 1301 deglphila

563 1293 612 1356 et
635 1302 700 1355 de
728 1293 1078 1360 Athanarico,
1102 1310 1152 1351 et
1175 1299 1238 1351 de
1261 1298 1325 1351 iis
1357 1315 1474 1365 qua:
1516 1296 1701 1350 Gothis
1741 1293 2071 1365 acciderunt,

569 1382 618 1425 et
642 1387 747 1442 qua
773 1371 838 1424 de
875 1387 1040 1423 causa
1068 1369 1327 1421 Arianam
1361 1363 1656 1436 opinionem
1687 1363 1917 1435 amplexi
1939 1363 2072 1416 sint.

571 1523 684 1579 liae
725 1524 972 1578 oratione
1016 1521 1305 1577 Themistii
1351 1521 1651 1592 imperator
1681 1518 2077 1590 aliquantisper

499 1615 804 1685 mitigatus,
851 1613 1048 1668 minori
1099 1613 1321 1683 quidem
1369 1612 1665 1667 acerbitate
1701 1611 1757 1664 in
1798 1607 2074 1680 puniendo

2763 968 3016 1023 ΚΕΦΑΛ.
3050 966 3171 1019 ΔΖ’.

2172 1067 2311 1135 Περὶ
2339 1063 2460 1120 τῶν
2501 1064 2694 1135 πέραν
2720 1059 2964 1135 Ἴστρου
2994 1057 3340 1135 βαρϐάρων,
3370 1056 3446 1121 ὠς
3479 1056 3583 1108 ὑπὸ
3617 1058 3710 1135 τῶν

2249 1126 2496 1191 ὒῦννων
2547 1126 2936 1197 ἐξελαθέντες
2959 1167 2973 1191 ,
3016 1126 3322 1197 Ῥωμαίοις
3387 1127 3714 1197 προσεχὼρη.

2244 1223 2367 1260 σαν
2400 1223 2413 1236 ·
2445 1204 2543 1257 καὶ
2730 1195 3072 1268 Χριστιανοὶ
3124 1196 3402 1268 ἐγένοντο
3423 1212 3436 1226 ·
3471 1195 3560 1268 καὶ
3604 1199 3714 1268 περὶ

2245 1275 2542 1343 Οὐλφίλα,
2576 1264 2689 1343 ,καὶ
2733 1264 3294 1343 ’Ᾰθᾳνᾳρίχοη,⁷ξιαὶ
3345 1264 3558 1343 μεταξρ
3607 1267 3718 1343 rei}.

2250 1333 2699 1468 τὲιέἑσυμϐάντα
2722 1379 2738 1404 ,
2762 1338 2860 1393 καί
2892 1333 3047 1393 ὅθετῖ
3066 1337 3174 1391 τὸν
3201 1333 3596 1404 Ἀρειανισμὸν
3619 1339 3714 1389 εισ-

2250 1433 2279 1468 ε
2389 1431 2553 1468 arto.

2249 1414 2553 1479 εδέξαντο.

2251 1505 2347 1558 Ἐκ
2390 1503 2455 1573 δὴ
2482 1499 2739 1555 τοιούτων
2778 1495 3071 1567 Θεμιστίου
3101 1494 3299 1563 λόγων,
3332 1493 3724 1564 φιλανθρωπότε·

2184 1596 2276 1667 ρόν
2307 1610 2424 1657 πως
2459 1590 2726 1653 διατεθεὶς
2750 1591 2779 1642 δ
2808 1586 3084 1660 βασιλεὺς.
3113 1585 3174 1638 οὗ
3213 1581 3461 1654 χαλεπῶς
3485 1583 3640 1646 οὕτως
3662 1584 3723 1646 ὠς

503 1720 638 1761 usus
670 1711 754 1759 est
794 1717 958 1772 quam
989 1710 1148 1756 antea
1180 1720 1192 1756 :
1228 1702 1363 1754 iram
1393 1711 1574 1755 tamen
1603 1700 1868 1754 adversus
1894 1712 2077 1753 sacer-

2196 1689 2442 1759 τρότερον
2492 1683 2593 1748 τὰς
2651 1680 2921 1753 τιμωρίας
2983 1678 3212 1749 ἐπῆγεν.
3259 1677 3338 1730 Οὐ
3397 1677 3498 1747 μὴν
3542 1676 3725 1738 τελείως

504 1798 660 1852 dotes
693 1795 785 1852 Dei
821 1804 1146 1865 conceptam
1190 1808 1472 1862 nunquam
1515 1792 1733 1861 penitus
1762 1790 2078 1860 abiecisset,

507 1888 610 1944 nisi
662 1886 1114 1956 supervenientes
1158 1899 1305 1938 curae
1352 1883 1693 1952 publicorum
1741 1881 2080 1952 negotiorum

503 1994 627 2032 eum
663 1977 731 2030 ab
772 1975 1042 2046 ejusmodi
1081 1975 1266 2029 studio
1296 1984 1651 2029 revocassent
1680 1974 1722 2025 ³.
1754 1972 1886 2026 Nam
1919 1971 2083 2027 Gothi

504 2069 600 2140 qui
634 2077 792 2123 antea
819 2077 972 2122 trans
1010 2065 1208 2122 istrqu
1241 2065 1399 2120 sedes
1442 2065 1717 2119 habebant
1745 2071 1801 2118 et
1827 2063 1950 2118 aliis
1985 2062 2088 2116 im-

505 2161 770 2232 perabant
811 2158 1092 2220 Barbaris,
1127 2157 1198 2212 ab
1243 2157 1457 2212 llunnis
1500 2157 1736 2225 expulsi,
1774 2155 1840 2209 ad
1879 2153 2086 2210 Romao

507 2267 700 2308 norum
734 2251 871 2307 lines
892 2249 1191 2305 transvecti
1223 2257 1374 2305 sunt.
1407 2248 1531 2304 Haec
1555 2255 1736 2304 autem
1763 2246 2085 2302 Hunnorum

507 2341 679 2404 natio,
726 2338 1034 2393 Thracibus
1083 2337 1150 2392 ad
1197 2337 1398 2393 lstrum
1445 2336 1810 2407 degentibus,
1841 2334 2088 2406 ipsisque

508 2431 646 2486 adeo
679 2429 898 2490 Gothis,
941 2436 1001 2483 ut
1045 2428 1220 2494 aiunt,
1258 2428 1413 2499 prius
1456 2427 1639 2498 ignota
1673 2435 1812 2483 erat.
1845 2427 1923 2482 Ac
1963 2426 2090 2481 licet

505 2522 674 2576 vicini
712 2522 857 2575 inter
883 2535 944 2576 se
980 2527 1188 2585 essent,
1218 2535 1279 2576 se
1304 2531 1488 2575 tamen
1524 2519 1738 2574 vicinos
1776 2534 1898 2574 esse
1931 2519 2091 2589 igno-

507 2613 724 2677 rabant,
748 2621 1036 2684 propterea
1060 2612 1206 2683 quod
1229 2610 1465 2666 maximo
1492 2611 1616 2666 lacu
1649 2611 1792 2666 inter
1827 2609 1978 2680 ipsos
2006 2608 2089 2662 in-

509 2703 758 2774 teriecto,
781 2704 983 2774 singuli
1011 2719 1131 2759 eam
1153 2709 1364 2774 partem
1389 2703 1725 2759 continentis
1749 2717 1910 2773 quam
1938 2699 2094 2756 habi-

509 2792 722 2857 tabaot,
741 2792 900 2849 linem
924 2793 1076 2849 orbis
1111 2801 1390 2850 terrarum
1415 2809 1540 2850 esse
1559 2793 1966 2854 existimabant,
1988 2804 2093 2846 nec

511 2885 810 2956 quidquam
848 2886 1078 2942 ulterius
1108 2901 1233 2942 esse
1264 2893 1465 2957 praeter
1506 2901 1655 2941 mare
1682 2893 1737 2940 et
1767 2885 2089 2938 immensam

2181 1779 2418 1847 ἐφείδετο
2447 1777 2548 1846 τῆς
2583 1773 2726 1828 κατά
2749 1773 2858 1827 τῶν
2889 1769 3202 1843 ἱερωμένων
3223 1768 3416 1840 ὀργῆς,
3452 1768 3499 1820 εἰ
3529 1767 3596 1837 μὴ
3630 1783 3725 1818 κοι-

2181 1868 2290 1923 νῶν
2368 1863 2711 1937 πραγμάτων
2772 1860 3158 1929 ὲπιγενόμεναι
3214 1854 3526 1928 φροντίδες,
3574 1853 3728 1905 οὐκέτι

2183 1957 2363 2011 τοιάδε
2436 1953 2775 2026 συνεχώρουν
2828 1949 3172 2012 σπουδάζειν.
3228 1945 3416 1999 Γότθοι
3469 1943 3569 2015 γὰρ
3607 1943 3648 1994 οἳ
3679 1942 3743 2008 δὴ,

2185 2049 2359 2118 πέραν
2392 2048 2606 2117 Ἴστρου
2641 2042 2890 2114 ποταμοῦ
2922 2042 2984 2096 τὸ
3031 2042 3162 2113 πρὶν
3195 2038 3397 2112 ᾤκουν,
3427 2038 3519 2092 καὶ
3536 2036 3632 2089 τῶν
3657 2036 3746 2092 ἀλσ,

2184 2140 2292 2194 λων
2321 2137 2624 2208 Βαρϐάρων
2654 2134 2942 2207 ἐκράτουν,
2973 2131 3322 2199 ἐξελαθέντες
3352 2127 3501 2199 παρά
3529 2125 3626 2178 τῶν
3649 2143 3730 2178 κα-

2185 2229 2460 2299 λουμένων
2487 2227 2722 2292 Οῠννων,
2751 2228 2834 2289 είς
2858 2226 2985 2288 τοὺς
3011 2223 3298 2295 Ῥωμαίων
3328 2222 3484 2293 ὅρους
3512 2216 3738 2289 έπεραιιὶιο

2187 2321 2376 2392 θησαν.
2416 2321 2586 2373 Τοῦτο
2614 2319 2672 2372 δὲ
2703 2317 2764 2372 τὺ
2813 2317 2994 2381 ἔθνος,
3035 2315 3113 2378 ὣς
3153 2331 3323 2384 φασιν
3353 2355 3369 2380 ,
3404 2314 3659 2380 ἄγνωστον
3684 2305 3740 2378 ἦν

2189 2411 2388 2486 προτοῦ
2423 2409 2592 2484 Θρᾳξὶ
2624 2412 2737 2473 τοῖς
2760 2407 2914 2480 παρὰ
2941 2408 3030 2462 τὸν
3053 2405 3284 2478 Ἴστρον,
3313 2406 3410 2460 καὶ
3435 2403 3636 2466 Γότθοις
3662 2401 3740 2455 αὐ-

2187 2507 2320 2569 τοῖς.
2361 2502 2684 2558 Ἐλάνθανον
2723 2501 2782 2555 δὲ
2827 2499 3246 2572 προσοικοῦντες
3280 2497 3552 2566 ἀλλήλοις,
3584 2492 3741 2547 καθότι

2189 2599 2386 2670 λίμνης
2417 2597 2680 2668 μεγίστης
2725 2597 2784 2648 έν
2830 2593 2979 2665 μέσῳ
3034 2593 3298 2665 κειμένης
3323 2631 3339 2656 ,
3368 2591 3582 2644 ἕκαστοι
3617 2587 3743 2652 τέλος

2191 2687 2364 2760 ξηρᾶς
2395 2685 2564 2757 ᾤοντο
2599 2680 2740 2738 εἶναι
2764 2681 2861 2754 τὴν
2896 2681 3020 2736 καθ’
3040 2681 3242 2744 αὐτοὺς
3265 2679 3602 2750 οἰκουμένην,
3630 2673 3743 2760 μετά

2190 2759 2354 2830 τοῦτο
2382 2774 2440 2828 δὲ
2461 2814 2477 2840 ,
2509 2773 2786 2828 θάλασσαν
2808 2771 2904 2825 καὶ
2935 2769 3080 2842 ὕδωρ
3116 2768 3447 2838 ἀπέραντον.
3475 2762 3674 2834 Συμὸἀν
3698 2759 3744 2814 δι

2197 2865 2323 2938 βοῦν
2373 2861 2742 2934 οἱστροπλῆγα
2790 2861 3108 2933 διαδραμεῖν
3164 2857 3266 2929 τὴν
3314 2857 3541 2928 λίμνην,
3573 2855 3744 2922 ἐπηκο-

515 2943 780 3048 aquarum
835 2979 1070 3049 copiam.
1107 2977 1214 3034 Sed
1231 2943 1420 3042 Icum
1471 2977 1616 3034 forte
1660 2976 1985 3046 contigisset
2032 2980 2094 3029 ut

2196 2953 2427 3026 λούθησε
2465 2950 2719 3023 βουκόλος
2737 2965 2751 2980 ⁶
2783 2951 2880 3004 καὶ
2924 2949 3024 3022 τὴν
3053 2948 3359 3020 ἀντιπέραν
3384 2947 3487 3017 γῆν
3514 2943 3746 3013 θεασάμε-

513 3033 614 3122 bos
648 3074 820 3122 oestro
844 3033 1092 3138 pe‘rcitus
1123 3067 1304 3122 lacum
1329 3065 1633 3137 trajiceret,
1658 3033 1933 3122 bubulvcus
1963 3079 2089 3118 eum

2196 3064 2306 3110 νος,
2334 3044 2558 3116 ἤγγειλε
2602 3045 2716 3106 τοῖς
2745 3041 3059 3113 ὁμοφύλοις.
3102 3039 3292 3094 Ἄλλοι
3319 3039 3378 3093 δὲ
3420 3038 3669 3107 λέγουσιν,

516 3159 803 3217 insecutus
833 3169 936 3216 est.
965 3159 1069 3226 Qui
1097 3174 1223 3215 eum
1249 3167 1430 3214 terras
1458 3173 1527 3214 ex
1555 3155 1789 3212 adverso
1811 3155 1947 3212 sitas
1967 3169 2096 3210 con-

515 3253 811 3322 spexisset,
835 3251 1171 3306 renuntiavit
1199 3249 1578 3322 popularibus.
1600 3247 1706 3302 Alii
1729 3253 1956 3302 narrant
1978 3260 2098 3301 cer-

516 3357 644 3396 vum
677 3342 975 3413 fugientem
999 3341 1159 3410 2'73
1177 3339 1392 3396 Hunnis
1420 3337 1746 3410 quibusdam
1768 3338 2095 3393 venantibus

517 3432 661 3486 viam
691 3439 1053 3493 monstrasse,
1078 3445 1201 3499 quae
1226 3428 1514 3499 superﬁcie
1537 3436 1698 3483 tenus
1723 3427 1882 3496 aquis
1905 3436 2096 3496 Operta

518 3531 686 3578 esset.
722 3520 786 3575 Et
830 3521 969 3575 istos
1003 3517 1228 3588 quidem
1268 3517 1549 3588 regionem
1585 3517 1735 3571 illam
1769 3515 2094 3578 admiratos,

520 3622 639 3666 tum
682 3612 752 3666 ob
784 3611 908 3665 οωιί
957 3610 1304 3679 temperiem,
1339 3617 1455 3664 tum
1498 3610 1572 3664 ob
1612 3608 1830 3679 frugum
1877 3610 2099 3665 uberta-

523 3717 656 3770 tem,
691 3703 878 3759 statim
912 3702 1146 3757 rediisse
1173 3709 1230 3755 et
1276 3700 1511 3772 principi
1538 3700 1715 3772 gentis
1745 3716 1860 3756 sua:
1884 3716 1948 3757 ea
1977 3717 2100 3771 qua:

523 3797 778 3851 viderant
825 3794 1106 3850 retulisse.
1160 3791 1390 3847 Hunnos
1443 3805 1608 3857 vero,
1664 3790 1823 3846 initio
1876 3790 2098 3862 quidem

521 3889 718 3957 exigua
747 3886 978 3941 militum
1011 3900 1176 3940 manu
1202 3891 1447 3940 tentasse
1473 3881 1704 3949 Gothos,
1732 3890 1926 3953 postea
1947 3898 2098 3948 vero,

521 3993 648 4033 cum
695 3977 1008 4048 ingentibus
1059 3977 1236 4047 copiis
1281 3972 1588 4045 proiectos,
1639 3975 1834 4044 prmlio
1869 3989 1966 4030 eos
2006 3990 2103 4030 su-

529 4084 752 4138 perasse
771 4077 826 4123 et
846 4069 1161 4123 universam
1191 4081 1383 4122 eorum
1409 4067 1690 4137 regionem
1719 4066 2100 4136 occupavisse;

525 4159 736 4217 Gothos
783 4170 966 4217 autem
1000 4159 1275 4231 fugientes
1315 4159 1374 4214 in
1412 4157 1788 4214 Romanorum
1822 4157 2101 4228 regionem

525 4250 844 4319 traiecisse,
885 4250 1330 4320 transmissoque
1389 4247 1558 4303 ﬂuvio
1596 4248 1805 4318 legatos
1833 4247 1900 4302 ad
1933 4247 2106 4316 impe-

527 4348 766 4395 ratorem
798 4341 1042 4407 misisse,
1068 4342 1160 4410 qui
1189 4356 1250 4395 se
1277 4339 1577 4394 auxiliares
1598 4338 1653 4392 in
1679 4345 1963 4408 posterum
1989 4335 2106 4392 fore

530 4430 791 4484 Romanis
832 4431 1246 4499 pollicerentur,
1294 4437 1652 4499 peterentque
1695 4437 1758 4482 ut
1799 4427 1935 4496 ipsis
1981 4427 2105 4482 ubi-

529 4535 753 4590 cunque
795 4522 1000 4576 vellent
1050 4520 1249 4591 degere
1287 4520 1700 4574 concederetur.
1735 4517 1913 4588 Hujus
1961 4519 2110 4588 lega-

529 4613 698 4668 tionis
743 4612 1000 4682 princeps
1050 4612 1219 4667 I'uisse
1268 4611 1474 4666 dicitur
1521 4609 1766 4681 Ulphila,
1811 4611 2109 4680 episcopus

2194 3135 2390 3203 ἔλαφος
2412 3130 2893 3203 διαφυγοῦσα,τισὶ
2917 3129 3025 3182 τῶν
3045 3127 3265 3184 Οῠννων
3287 3126 3524 3199 θηρῶσιν
3545 3119 3747 3185 ἐπέδειξε

2193 3226 2352 3297 τήνδε
2401 3223 2501 3296 τὴν
2555 3221 2708 3286 ὁδὸν,
2744 3221 2806 3287 ἐξ
2869 3219 3135 3290 ἐπιπολῆς
3197 3217 3610 3290 καλυπτομένην
3659 3215 3749 3273 10?;

2195 3317 2373 3372 ὕδασι.
2401 3315 2542 3379 Τοὺς
2569 3313 2649 3379 δὲ,
2679 3311 2802 3365 τότε
2847 3310 2947 3381 μὲν
2993 3309 3363 3380 ὑποστρέψαι,
3402 3308 3750 3378 θαυμάσαντας

2195 3408 2292 3480 τὴν
2321 3407 2529 3479 χώραν,
2548 3406 2669 3476 ἀέρι
2705 3401 3069 3475 μετριώτερον
3093 3440 3108 3465 ,
3144 3401 3241 3453 καὶ
3298 3399 3540 3471 γεωργίᾳ
3567 3399 3740 3467 ἥμερον

2195 3501 2426 3572 ἔχουσαν
2452 3517 2468 3532 ο
2503 3499 2598 3553 καὶ
2642 3496 2721 3568 τῷ
2768 3494 3060 3569 κρατοῦντι
3106 3493 3200 3547 τοῦ
3229 3493 3423 3556 ἔθνους
3469 3484 3748 3558 ἀγγεῖλαιᾶ

2197 3592 2510 3647 ἐθεάσαντο.
2548 3589 2625 3643 Δι’
2653 3588 2850 3657 ὀλίγων
2887 3587 2942 3641 δὲ
2991 3586 3062 3640 τὰ
3112 3584 3314 3656 πρῶτα
3350 3581 3664 3650 καταστῆναι
3689 3577 3751 3637 εἰς

2199 3686 2397 3756 πεῖραν
2437 3684 2551 3746 τοῖς
2578 3679 2816 3744 Γότθοις.
2845 3679 2999 3734 Μετά
3048 3677 3106 3731 δὲ
3142 3675 3344 3741 ταῦτα,
3377 3670 3624 3728 πανσυδεὶ
3652 3671 3750 3719 ἐπι-

2202 3774 2530 3848 στρατεῦσαι
2553 3815 2569 3838 ,
2607 3772 2701 3826 καὶ
2763 3771 2914 3843 μάχῃ
2964 3767 3239 3840 κρατῆσαι
3271 3807 3288 3834 ,
3319 3767 3417 3820 καὶ
3469 3765 3634 3818 πᾶσαν
3671 3757 3752 3828 τὴν

2201 3868 2383 3922 αὐτῶν
2409 3866 2516 3936 γῆν
2541 3865 2856 3933 κατασχεῖν.
2887 3862 3025 3924 Τοὺς
3063 3859 3121 3913 δὲ
3162 3857 3551 3929 διωκομένους,
3574 3856 3642 3915 εἰς
3673 3849 3751 3917 τὴν

2213 3957 2499 4028 Ῥωμαίων
2529 3955 2933 4026 περαιωθῆναι·
2958 3951 3054 4006 καὶ
3080 3950 3174 4004 τὸν
3200 3947 3455 4019 ποταμὸν
3481 3944 3751 4001 διαϐάντας,

2202 4050 2462 4119 πρέσϐεις
2484 4047 2696 4118 πέμψαι
2715 4045 2852 4117 πρὸς
2874 4042 3117 4114 βασιλέα,
3139 4041 3471 4112 συμμάχους
3490 4037 3577 4090 τοῦ
3597 4030 3752 4087 λοιποῦ

2203 4139 2424 4194 ἔσεσθαι
2457 4139 2619 4207 σφᾶς,
2669 4133 3152 4207 ὑπισχνουμένους,
3193 4133 3292 4184 καὶ
3329 4128 3610 4202 δεομένους
3651 4139 3752 4189 συγ-

2204 4232 2408 4302 χωρεῖν
2437 4228 2622 4292 αὐτοῖς
2655 4221 2690 4301 ᾖ
2723 4225 2994 4296 βούλοιντο
3041 4225 3342 4278 κατοικεῖν.
3380 4220 3588 4290 Ταύτης
3607 4216 3655 4269 δὲ
3674 4213 3752 4282 τῆς

2207 4320 2506 4394 πρεσϐείας
2542 4319 2708 4390 ἄρξαι
2748 4315 3040 4387 Οὐλφίλαν,
3070 4315 3162 4367 τὸν
3206 4313 3307 4366 τοῦ
3349 4311 3532 4376 ἔθνους
3570 4306 3750 4362 ἐπίσκο-

2206 4433 2312 4469 πον
2339 4431 2353 4446 ·
2390 4413 2530 4467 κατά
2560 4410 2790 4483 γνώμην
2821 4410 2879 4464 δὲ
2921 4410 3106 4470 αὐτοῖς
3149 4403 3588 4476 προχωρησάσης
3615 4440 3629 4462 ,
3655 4401 3751 4450 ἐπι·

2205 4507 2482 4578 τραπῆναι
2509 4503 2614 4559 ἀνὰ
2629 4503 2729 4574 τὴν
2757 4501 2982 4575 Θρᾴκην
3005 4500 3197 4553 οἰκεῖν.
3229 4498 3308 4551 Οὐ
3349 4493 3528 4565 πολλῷ
3549 4493 3602 4546 δὲ
3624 4489 3752 4543 hmo

2213 4617 2305 4670 ρον
2334 4597 2472 4669 πρὸς
2496 4596 2638 4666 σφᾶς
2667 4594 2865 4658 αὐτοὺς
2897 4591 3328 4654 στασιάσαντας,
3367 4587 3490 4657 διχῆ
3527 4579 3753 4652 διαιρεοῆ-

530 4705 706 4770 gentis
732 4703 1056 4758 Gothorum.
1090 4703 1224 4769 Quae
1248 4701 1468 4772 quidem
1501 4673 1700 4771 legatio
1725 4673 1864 4756 έυηῖ
1881 4715 1948 4754 ex
1980 4673 2095 4755 vote

2211 4707 2319 4745 vat.
2364 4688 2582 4757 Ἥγεῖτο
2609 4686 2687 4749 δὲ,
2716 4686 2826 4740 τῶν
2857 4683 2956 4756 μὲν
2987 4681 3348 4752 ’Δθανάριχος
3375 4697 3389 4710 ·
3419 4678 3525 4732 τῶν
3567 4675 3619 4727 δὲ
3657 4673 3753 4772 dipt-

531 4795 612 4848 eis
645 4795 1028 4860 successisset,
1069 4794 1400 4864 permissum
1431 4791 1542 4848 illis
1569 4800 1655 4847 est
1684 4801 1744 4847 ut
1773 4791 1830 4846 in
1873 4791 2107 4848 Thracia

534 4884 866 4940 habitarent.
904 4883 1059 4940 llaud
1098 4884 1274 4938 multo
1322 4889 1445 4950 post
1493 4889 1612 4936 orta
1648 4881 1792 4936 inter
1830 4895 1928 4937 eos
1963 4880 2110 4935 sedi-

534 4976 704 5038 tione,
745 4975 883 5031 dnas
920 4976 973 5030 in
1020 4984 1203 5044 partes
1253 4972 1415 5028 divisi
1461 4983 1610 5028 sunt.
1655 4970 1901 5037 Quarum
1949 4969 2108 5025 alteri

533 5065 919 5134 Athanaricus,
945 5066 1104 5121 alteri
1134 5073 1366 5136 praeerat
1385 5063 1792 5136 Phritigernus.
1813 5061 1932 5118 Mox
1959 5076 2108 5117 com-

609 5243 626 5276 ⁸
656 5242 816 5298 Socr.
841 5242 938 5298 lib.
969 5257 1048 5309 Iv,
1075 5257 1128 5298 c.
1169 5242 1239 5298 55
1265 5251 1320 5300 et
1342 5242 1432 5299 54.

2207 4783 2465 4853 τιγέρνης
2481 4795 2495 4808 ⁸
2519 4780 2642 4834 ἐπεὶ
2664 4779 2722 4832 δὲ
2754 4778 2890 4849 πρὸς
2919 4774 3181 4846 ἀλλήλους
3205 4772 3573 4841 ἐπολέμησαν,
3602 4761 3753 4853 κακῶς

2214 4851 2426 4947 πράξας
2464 4873 2522 4924 ὲν
2571 4872 2638 4941 τῇ
2675 4869 2824 4940 μάχῃ
2855 4865 3248 4939 Φριτιγέρνης,
3285 4862 3460 4916 ἐδεῖτο
3509 4851 3753 4947 Ῥωμαίων

2216 4945 2428 5040 βοηθεῖν
2458 4963 2626 5034 αὐτῷ.
2658 4962 2765 5016 Τοῦ
2790 4962 2848 5016 δι
2877 4959 3140 5032 βασιλέως
3164 4955 3558 5027 ἐπιτρέψαντος
3578 4945 3753 5020 βοηθεῖν

2217 5062 2311 5116 καὶ
2362 5059 2669 5130 συμμαχεῖν
2719 5053 2869 5126 αὑτῷ
2903 5055 3030 5117 τοὺς
3078 5052 3137 5107 ὲν
3173 5050 3368 5122 Θρᾴκῃ
3422 5040 3751 5118 στρατιώτας,

1731 5397 2001 5455 VALESII
2039 5389 2594 5472 ANNOTATIONES.

605 5512 720 5583 (72)
789 5511 1298 5583 ’ἀναλογιζόμενος
1359 5513 1465 5583 τὸν
1519 5513 1690 5567 ὅσον.
1744 5511 2104 5583 Scribcndum

577 5595 670 5637 uto
702 5580 1172 5654 ’ἀναλογιζόμενος
1233 5583 1298 5637 ὲκ
1340 5582 1435 5636 τοῦ
1465 5583 1588 5636 ὅσον
1637 5583 1922 5651 ἐφικέσθαι
1955 5580 2106 5654 νομί-

551 5651 644 5715 ζει,
675 5661 803 5719 etc.,
841 5651 1031 5716 idest,
1065 5653 1199 5708 Dum
1225 5669 1398 5707 secum
1424 5655 1533 5718 ipse
1566 5663 1772 5722 reputat
1817 5651 2104 5719 unusquis-

537 5739 658 5792 que,
685 5739 750 5777 ea:
782 5741 842 5780 eo
867 5724 1204 5794 quoadusque
1227 5739 1561 5795 progressum
1591 5740 1644 5778 se
1665 5740 1776 5780 esse
1815 5723 2105 5786 existimat,

2251 5509 2392 5564 uatis
2419 5509 2510 5563 ille
2559 5507 2631 5578 sit
2683 5515 2733 5562 et
2765 5515 3015 5578 quantus.
3049 5503 3208 5559 Certe
3244 5494 3757 5578 Nicephorushu‘nt

2258 5563 2507 5635 ozomeni
2557 5577 2739 5632 locum
2777 5563 2866 5629 'ita
2907 5575 3022 5630 fere
3067 5571 3340 5643 expressit
3383 5563 3443 5643 ut
3473 5567 3648 5643 posui.
3667 5563 3754 5643 ,εἰς

2212 5633 2354 5704 enim
2375 5648 2546 5703 'habet
2584 5649 2638 5716 in
2664 5661 2783 5716 cap_.
2806 5645 2897 5710 45,
2927 5645 3024 5716 lib,
3053 5658 3095 5716 ιι
3126 5633 3519 5716 ε’-Λογιζομένὶρ
3564 5633 3753 5706 πηλίκος

2213 5718 2285 5775 ’ἂν
2319 5719 2400 5789 είη
2430 5717 2522 5772 καὶ
2554 5710 2686 5785 οἷος,
2721 5709 2783 5772 οὗ
2813 5709 3048 5785 μετρίως
3077 5711 3325 5782 ἐφίκετο..
