4066 6338
297 349 324 406 Ι
339 347 439 406 MS

1253 343 1570 399 HISTORIA
1619 341 2180 398 ECCLESIASTICA.
2203 374 2270 383 —
2304 343 2436 400 LIB.
2476 343 2562 399 Vl.

3403 346 3544 403 1406

296 458 455 526 αὖθις
483 460 773 532 συμϐαλὼν
803 460 950 530 ἐνίκη
963 478 1038 523 σε,
1070 459 1162 514 καὶ
1186 461 1310 522 τοὺς
1345 459 1490 528 ἀμφὶ⁹
1517 458 1872 528 Ἀθανάριχον

1976 460 2144 514 misso
2201 462 2344 514 inter
2382 475 2477 514 eos
2531 458 2748 529 prcelio,
2780 458 2962 514 victus
3003 457 3386 531 Phritigernus
3434 461 3544 516 Ro-

294 555 378 618 εῐς
411 553 590 623 φυγὴν
618 551 861 622 ἔτρεψεν.
900 552 1110 622 Ὠσπερ
1142 551 1196 604 δὲ
1237 551 1394 620 χάριν
1423 549 1704 610 ἀποδιδοὺς
1742 549 1877 602 Οὺά·

287 643 464 706 λεντι,
497 643 591 698 καὶ
619 643 707 697 διὰ
727 642 946 695 πάντων
975 642 1127 710 φίλος
1152 636 1288 694 εἶναι
1323 640 1702 710 πιστούμενος,
1733 643 1875 692 ἐκοι-

295 733 506 802 νώνησε
533 731 636 800 τῆς
683 728 846 783 αὑτοῦ
871 729 1164 799 θρησκείας
1187 745 1200 759 ·
1233 731 1326 782 καὶ
1360 729 1488 792 τοὺς
1522 728 1874 798 πειθομένους

297 823 448 893 αὐτῷ
487 822 793 893 βαρϐάρους
832 819 1046 874 ἔπειθεν
1077 814 1180 874 ὧδε
1217 822 1453 891 φρονεῖν.
1505 821 1579 872 Οὑ
1629 818 1788 872 τοῦτο
1816 819 1874 872 δὲ

301 912 481 981 μόνον,
509 906 682 982 οἶμαι,
731 911 900 965 αἴτιον
931 910 1174 979 γέγονεν,
1214 910 1380 963 εἰσέτι
1418 910 1512 964 νῦν
1539 911 1646 963 πᾶν
1685 909 1748 963 τὸ
1771 908 1873 976 φῦ-

297 1002 389 1055 λον
433 1000 794 1072 προστεθῆναι
835 1003 948 1064 τοῖς
987 1001 1060 1055 τὰ
1103 1000 1313 1072 Ἀρείου
1359 998 1687 1065 δοξάζουσιν.
1713 999 1874 1053 Ἀλλὰ

298 1093 408 1164 γὰρ
434 1092 530 1145 καὶ
565 1090 836 1161 Οὑλφίλας
874 1091 903 1143 ό
936 1092 1066 1162 παρ’
1101 1093 1283 1154 αὐτοῖς
1306 1091 1424 1145 τότε
1469 1090 1782 1162 ἱερωμένος.
1805 1089 1875 1143 τὰ

301 1183 405 1252 μὲν
443 1170 647 1253 πρῶτα
673 1181 822 1234 οὐδὲν
871 1181 1149 1252 διεφέρετο
1182 1183 1317 1251 πρὸς
1361 1184 1460 1252 τὴν
1499 1182 1729 1234 καθόλου
1759 1181 1876 1234 Ἐκ-

300 1271 694 1341 κλησίαν.Ἐπὶ
717 1271 776 1325 δὲ
809 1272 908 1342 τῆς
931 1272 1309 1325 Κωνσταντίου
1347 1271 1641 1341 βασιλείας,
1674 1272 1874 1342 ἀπερι-

305 1364 577 1430 σκέπτως,
610 1361 791 1434 οἶμαι,
824 1363 1106 1434 μετασχὼν
1132 1365 1246 1427 τοῖς
1291 1365 1435 1432 ἀμφὶ
1483 1364 1732 1431 Εὑδόξιον
1783 1368 1876 1420 καὶ

299 1453 555 1507 Ἀκάκιον
580 1453 681 1524 τῆς
705 1454 764 1506 ὲν
787 1454 1357 1507 Κωνσταντινουπόλει
1385 1455 1622 1520 συνόδου,
1641 1455 1876 1526 διέμεινε

300 1543 573 1598 κοινωνῶν
604 1546 718 1607 τοῖς
757 1544 958 1615 ἱερεῦσι
981 1545 1092 1616 (75)
1126 1546 1235 1598 τῶν
1270 1546 1329 1598 ὲν
1356 1545 1559 1616 Νικαίᾳ
1596 1547 1876 1601 συνελθόν-

297 1650 430 1686 των.
461 1634 548 1696 Ὠς
580 1632 637 1686 δὲ
671 1634 752 1697 είς
789 1632 1359 1687 Κωνσταντινούπολιν
1385 1633 1628 1704 ἀφίκετο,
1658 1635 1875 1703 λέγεται

299 1723 690 1794 διαλεχθέντων
730 1723 880 1792 αὐτῷ
913 1724 1040 1795 περὶ
1064 1723 1156 1778 τοῦ
1179 1724 1444 1793 δόγματος
1473 1724 1582 1778 τῶν
1603 1725 1875 1796 προεστώ-

297 1832 409 1866 των
436 1815 532 1886 τῆς
557 1815 846 1885 Ἀρειανῆς
873 1815 1153 1886 αἱρέσεως,
1176 1816 1270 1870 καὶ
1295 1817 1394 1884 τὴν
1415 1817 1706 1888 πρεσϐείαν
1726 1816 1874 1888 αὑτῷ

302 1903 642 1976 συμπράξειν
681 1905 815 1975 πρὸς
866 1905 1087 1975 βασιλέα
1129 1906 1546 1978 ὑποσχομένων,
1577 1909 1625 1960 εί
1671 1908 1874 1977 ὁμοίως

300 1998 483 2060 αὐτοῖς
516 1997 748 2062 δοξάζοι,
774 1997 1011 2068 βιασθεὶς
1041 1997 1144 2050 ὑπὸ
1184 1984 1298 2068 τῆς
1319 1998 1526 2070 χρείας,
1556 1999 1588 2070 ἢ
1623 2001 1718 2053 καὶ
1739 1999 1874 2069 άλη-

299 2085 410 2149 θῶς
441 2088 666 2158 νομίσας
714 2087 934 2157 ἄμεινον
963 2087 1106 2141 οὕτω
1153 2091 1280 2158 περὶ
1321 2089 1455 2142 Θεοῦ
1487 2093 1723 2160 φρονεῖν,
1761 2093 1876 2154 τοῖς

298 2179 510 2247 Ἀρείου
532 2179 878 2249 κοινωνῆσαι,
907 2181 998 2233 καὶ
1027 2179 1189 2234 αὑτὸν
1209 2180 1307 2234 καὶ
1339 2180 1399 2233 τὸ
1429 2182 1539 2234 πᾶν
1563 2180 1726 2249 φῦλον
1747 2183 1876 2234 ἀπο-

297 2271 485 2339 τεμεῖν
510 2271 608 2340 τῆς
636 2270 864 2324 καθόλου
888 2269 1236 2342 Ἐκκλησίας.
1275 2270 1411 2324 ’Υπδ
1438 2271 1742 2342 διδασκάλῳ
1765 2272 1874 2342 γὰρ

298 2359 451 2430 αὑτῷ
481 2360 865 2425 παιδευθέντες
893 2363 942 2414 oi
979 2362 1165 2416 Γότθοι
1195 2361 1266 2416 τὰ
1301 2362 1438 2434 πρὸς
1464 2362 1878 2429 εὑσέϐειαν,καὶ

297 2453 368 2508 δι’
395 2453 557 2506 αὑτοῦ
599 2453 956 2524 μετασχόντες
991 2453 1262 2517 πολιτείας
1289 2452 1663 2524 ἡμερωτέρας,
1697 2453 1876 2506 πάντα

303 2544 500 2616 ῥαδίως
526 2543 674 2614 αὑτῷ
696 2543 968 2598 ἐπείθοντο
983 2559 998 2575 ο
1018 2543 1368 2615 πεπεισμένοι
1393 2544 1556 2615 μηδὲν
1575 2539 1712 2597 εἶναι
1740 2543 1877 2613 φαῦ-

300 2637 393 2690 λον
448 2635 560 2690 τῶν
605 2639 734 2708 παρ’
782 2636 947 2692 αὑτοῦ
999 2637 1304 2708 λεγομένων
1353 2636 1387 2708 ἢ
1444 2636 1834 2706 πραττομένων
1857 2652 1873 2670 ο

300 2727 517 2784 ἅπαντα
542 2729 601 2784 δὲ
635 2729 904 2783 συντελεῖν
953 2732 1032 2794 είς
1065 2730 1332 2801 χρήσιμον
1362 2731 1474 2791 τοῖς
1506 2726 1776 2796 ζηλοῦσιν.
1799 2727 1875 2780 Οὑ

306 2819 414 2891 μὴν
438 2819 574 2874 ἀλλὰ
592 2819 685 2874 καὶ
705 2819 962 2891 πλείστην
983 2821 1183 2874 δέδωκε
1207 2822 1401 2890 πεῖραν
1434 2820 1533 2889 τῆς
1557 2819 1721 2872 αὑτοῦ
1749 2821 1878 2890 ἀρε-

302 2912 402 2980 τῆς
431 2926 448 2942 ο
478 2911 705 2980 μυρίους
760 2910 860 2981 μὲν
910 2909 1210 2979 ὑπομείνας
1258 2909 1533 2974 κινδύνους
1589 2909 1729 2980 ὑπὲρ
1783 2909 1877 2962 τοῦ

301 2999 588 3072 δόγματος,
613 3000 692 3054 ἔτι
729 3000 836 3053 τῶν
867 3003 1169 3073 εἰρημένων
1210 3000 1503 3072 βαρϐάρων
1548 2999 1876 3070 Ἑλληνικῶς

305 3093 734 3163 θρησκευόντων.
759 3092 978 3162 Πρῶτος
1007 3093 1062 3146 δὲ
1084 3092 1423 3164 γραμμάτων
1443 3091 1668 3162 εὑρετὴς
1696 3092 1878 3153 αὑτοῖς

303 3184 542 3252 ἐγένετο,
579 3186 672 3237 καὶ
703 3188 784 3249 εἰς
829 3185 928 3256 τήν
976 3185 1180 3238 οἰκείαν
1217 3184 1396 3255 φωνὴν
1430 3185 1739 3255 μετέφρασε
1778 3183 1879 3245 τὰς

304 3271 458 3343 ἱερὰς
507 3271 751 3336 Βίϐλους.
784 3272 986 3326 Καθότι
1037 3273 1133 3342 μὲν
1158 3269 1251 3326 οῦν
1287 3272 1362 3335 ὡς
1396 3272 1597 3324 ἐπίπαν
1637 3273 1686 3324 οι
1727 3271 1879 3343 παρὰ

304 3362 398 3415 τὸν
417 3364 626 3435 Ἵστρον
658 3363 921 3434 βάρϐαροι
955 3364 1020 3416 τὰ
1054 3363 1261 3433 Ἀρείου
1297 3363 1573 3432 φρονοῦσι,
1607 3363 1878 3434 πρόφασις

304 3456 420 3526 ἣδε,
451 3457 586 3509 Κατ’
613 3459 787 3510 ἐκεῖνο
812 3457 869 3508 δὲ
901 3454 1117 3526 καιροῦ,
1146 3455 1346 3524 πλῆθος
1372 3455 1481 3508 τῶν
1510 3455 1618 3509 ὑπὸ
1642 3455 1734 3509 τὸν
1751 3456 1878 3523 Φρι-

305 3546 559 3619 τιγέρνην
588 3547 676 3600 διὰ
708 3547 941 3616 Χριστὸν
980 3545 1397 3617 μαρτυροῦντες,
1427 3546 1791 3618 ἀνῃρέθησαν.
1819 3546 1877 3600 '0

306 3636 416 3707 γὰρ
446 3636 804 3708 Ἀθανάριχος
855 3637 950 3689 καὶ
1000 3636 1125 3698 τοὺς
1179 3635 1269 3688 ὑπ’
1299 3636 1446 3706 αὐτῷ
1489 3635 1873 3706 τεταγμένους,

307 3726 549 3795 υὺλφίλα
570 3727 865 3790 πείθοντος,
890 3725 1290 3796 Χριστιανίζειν
1312 3728 1656 3794 ἀγανακτῶν,
1681 3726 1757 3789 ὡς
1777 3727 1876 3796 τῆς

306 3817 565 3889 πατρῴας
601 3817 893 3889 θρησκείας
919 3818 1432 3887 καινοτομουμένης,
1472 3817 1699 3880 πολλοὺς
1746 3816 1875 3870 πολ·

305 3911 426 3973 λαϊς
454 3910 746 3980 τιμωρίαις
781 3908 1038 3962 ὑπέϐαλε.
1084 3909 1191 3962 Καὶ
1225 3912 1348 3971 τοὺς
1391 3911 1489 3977 μὲν
1539 3909 1616 3970 εἰς
1648 3906 1877 3970 εὐθύνας

305 4001 556 4070 ἀγαγὼν,
573 4000 1116 4072 παρῤησιασαμένους
1135 3999 1390 4070 ἀνδρείως
1416 3998 1551 4067 ὑπὲρ
1567 3997 1659 4050 τοῦ
1678 3997 1877 4067 δόγμα-

304 4106 426 4155 τος·
465 4091 591 4152 τοὺς
641 4090 696 4142 δὲ
732 4089 866 4159 μηδὲ
893 4088 1052 4156 λόγου
1087 4087 1366 4157 μεταδοὺς,
1412 4085 1609 4138 ἀνεῖλε.
1647 4084 1878 4152 Λέγεται

305 4182 417 4252 γάρ
449 4180 525 4243 ὣς
565 4197 618 4231 τι
655 4178 952 4247 ξόανονοὲφ’
979 4177 1314 4248 ἁρμαμάξης
1349 4173 1536 4238 ἑστὼς,
1558 4173 1612 4226 οἵ
1635 4190 1699 4241 γε
1720 4173 1878 4227 τοῦτο

307 4273 485 4326 ποιεῖν
511 4270 615 4323 ὑπὸ
641 4268 996 4340 Ἀθαναρίχου
1023 4266 1488 4337 προσετάχθησαν,
1508 4264 1878 4333 καθ’ἑκάστην

261 4379 275 4394 ο
307 4361 514 4432 σκηνὴν
553 4359 907 4429 περιάγοντες
948 4359 1056 4411 τῶν
1087 4358 1488 4429 Χριστιανίζειν
1517 4355 1879 4422 καταγγελλο-

1977 569 2264 609 nianorum
2298 555 2560 607 auxilium
2603 554 2935 624 imploravit.
2967 552 3121 619 Quod
3151 568 3274 606 eum
3307 554 3542 622 impera-

1975 653 2063 699 tor
2115 645 2480 700 concessisset
2534 645 2913 715 jussissetque
2955 653 3016 698 ut
3086 644 3286 699 milites
3335 647 3431 714 qui
3487 647 3548 699 in-

1975 736 2211 793 Thracia
2243 744 2404 791 erant
2430 736 2477 790 ei
2522 734 2785 789 auxilium
2819 736 3044 797 ferrent,
3075 733 3255 789 denuo
3283 748 3544 803 congres-

1976 844 2092 893 sus,
2115 829 2400 882 victoriam
2428 826 2614 880 retulit
2642 834 2697 880 et
2723 826 3038 880 Athanarici
3067 825 3254 894 copias
3279 825 3330 878 in
3359 824 3540 894 fugam

1975 919 2161 972 vertit.
2194 917 2367 972 Porro
2402 924 2463 969 ut
2498 913 2716 969 Valenti
2749 915 2985 984 gratiam
3009 912 3261 977 referret,
3293 928 3462 981 seque
3487 914 3548 966 in

1975 1009 2232 1063 omnibus
2275 1008 2437 1061 fidum
2476 1014 2639 1077 atque
2677 1006 2914 1060 amicum
2954 1006 3005 1060 ei
3051 1003 3168 1060 fore
3214 1003 3542 1058 testificare-

1975 1109 2082 1163 tur,
2106 1110 2310 1153 sectam
2340 1098 2459 1167 ejus
2489 1112 2554 1151 ac
2578 1097 3017 1152 communionem
3054 1095 3338 1164 amplexus
3362 1102 3470 1158 est,
3490 1101 3546 1146 et

1975 1188 2229 1244 barbaris
2262 1189 2355 1258 qui
2399 1188 2504 1243 sub
2544 1189 2663 1258 ipso
2695 1195 2873 1252 erant,
2901 1193 2962 1240 ut
2994 1185 3138 1239 idem
3170 1198 3389 1254 quoque
3421 1198 3549 1236 sen-

1975 1280 2164 1344 tirent,
2197 1278 2494 1348 persuasit.
2529 1277 2716 1348 Neque
2760 1288 2940 1332 tamen
2988 1277 3039 1331 id
3087 1276 3289 1334 solum,
3323 1275 3543 1342 Opinor.

1977 1370 2030 1424 in
2064 1384 2234 1424 causa
2279 1369 2406 1430 fuit,
2436 1380 2497 1422 ut
2530 1367 2788 1423 universa
2825 1367 3128 1422 Gothorum
3176 1381 3311 1435 gens
3340 1365 3406 1418 ad
3444 1366 3549 1417 hoc

1977 1475 2150 1530 usque
2181 1469 2395 1528 tempus
2426 1458 2755 1512 Arianorum
2793 1458 3033 1527 dogmati
3071 1465 3332 1527 perpetuo
3366 1456 3550 1510 adhae-

1977 1554 2138 1607 serit.
2168 1550 2301 1604 Nam
2346 1549 2587 1620 Ulphila,
2614 1550 2706 1620 qui
2746 1558 2878 1603 tunc
2910 1548 3052 1618 apud
3095 1548 3248 1616 ipsos
3287 1556 3405 1602 erat
3434 1547 3554 1615 epi-

1975 1659 2196 1712 scopus,
2234 1642 2390 1698 initio
2432 1641 2649 1710 quidem
2690 1640 2840 1694 nulla
2887 1640 2940 1694 in
2977 1648 3135 1708 parte
3182 1639 3445 1693 dissensit
3481 1636 3554 1688 ah

1977 1732 2220 1787 Ecclesia
2269 1733 2563 1786 catholica.
2605 1730 2850 1799 Cumque
2907 1738 3171 1800 regnante
3226 1728 3558 1782 Constantio

1976 1827 2370 1898 imprudenter,
2404 1835 2463 1881 ut
2503 1827 2723 1897 Opinor,
2753 1839 2858 1878 una
2883 1839 3008 1878 cum
3043 1823 3292 1876 Eudoxio
3324 1829 3377 1877 et
3409 1821 3549 1874 Aca-
3577 1867 3582 1871 _

1974 1921 2059 1975 cio
2105 1919 2722 1988 Constantinopolitanze
2757 1915 2968 1987 synodo
3002 1914 3372 1973 interfuisset,
3417 1926 3543 1965 cum

1974 2013 2246 2082 episcopis
2291 2012 2634 2066 Nieamorum
2683 2009 2903 2062 Patrum
2949 2007 3166 2061 decreta
3213 2003 3550 2060 sectantibus

1974 2103 2388 2158 communicare
2412 2099 2804 2172 perseveravit.
2829 2097 2958 2161 Sed,
2983 2112 3107 2152 cum
3141 2095 3380 2150 venisset
3404 2093 3550 2146 Cou-

1975 2194 2417 2264 stantinOpolim,
2463 2201 2517 2246 et
2559 2190 2778 2244 Arianae
2808 2199 2973 2244 secta°
3020 2186 3294 2241 antistites
3327 2183 3394 2238 de
3423 2182 3555 2236 reli-

1973 2287 2137 2357 gione
2179 2300 2304 2338 cum
2341 2299 2406 2338 eo
2452 2281 2863 2346 disseruissent,
2894 2280 3055 2348 eique
3094 2274 3321 2347 polliciti
3365 2278 3553 2328 essent

1975 2394 2037 2434 se
2067 2377 2391 2448 legationem
2437 2375 2586 2429 illius
2635 2371 2923 2442 adjuturos
2964 2386 3087 2425 esse
3132 2367 3272 2437 apud
3314 2366 3552 2434 impera-

1974 2475 2170 2534 torem,
2194 2465 2356 2522 modo
2379 2465 2520 2521 idem
2550 2478 2678 2520 cum
2707 2461 2843 2532 ipsis
2876 2462 3081 2517 sentire
3116 2462 3278 2514 vellet
3302 2497 3318 2522 ,
3355 2470 3553 2512 neces-

1976 2557 2139 2614 sitate
2169 2554 2508 2625 compulsus,
2534 2553 2620 2608 vel
2652 2551 2796 2622 quod
2840 2565 2960 2606 eam
2991 2550 3060 2604 de
3092 2549 3380 2603 divinitate
3422 2560 3554 2600 sen-

1974 2647 2202 2702 tentiam
2251 2645 2520 2715 potiorem
2566 2657 2692 2698 esse
2734 2640 3099 2703 existimaret,
3147 2653 3270 2690 cum
3326 2634 3550 2690 Arianis

1975 2736 2420 2794 communicasse
2452 2735 2678 2800 dicitur,
2707 2747 2882 2802 seque
2909 2740 2965 2786 et
2989 2730 3303 2785 universam
3330 2734 3549 2799 gentem

1977 2829 2048 2884 ab
2077 2827 2316 2883 Ecclesia
2364 2825 2636 2882 catholica
2677 2825 2987 2894 abrupisse.
3012 2821 3170 2882 Gethi
3201 2821 3366 2884 enim,
3397 2819 3454 2873 in
3481 2818 3552 2874 iis

1977 2936 2098 2991 quae
2128 2919 2195 2974 ad
2235 2919 2552 2989 religionem
2583 2917 2862 2988 pertinent
2913 2913 3037 2984 ejus
3081 2911 3397 2982 magisterio
3426 2924 3554 2964 eruo

1979 3011 2076 3064 diti
2127 3017 2181 3064 et
2229 3009 2295 3061 ad
2327 3006 2490 3079 274
2538 3005 2969 3062 mansuetiorem
3020 3004 3232 3058 cultum
3281 3017 3380 3070 per
3422 3013 3551 3054 eum

1903 3117 1948 3175 ο
1981 3100 2240 3161 traducti,
2271 3100 2486 3153 cunctis
2512 3096 2566 3151 in
2593 3097 2761 3152 rebus
2786 3095 2836 3151 ei
2868 3095 3030 3151 facile
3056 3091 3507 3162 obtemperabant
3532 3106 3550 3146 :

1980 3206 2079 3260 pro
2125 3201 2275 3244 certo
2323 3189 2589 3243 habentes
2635 3187 2774 3242 nihil
2820 3201 3010 3242 eorum
3057 3199 3178 3255 quae
3221 3185 3287 3237 ah
3327 3182 3425 3236 illo
3457 3184 3554 3236 aut

1978 3282 2288 3336 dicerentur
2320 3287 2412 3332 aut
2445 3279 2655 3344 ﬁerent,
2687 3277 3002 3348 improbum
3045 3289 3187 3339 esse,
3225 3275 3316 3328 sed
3351 3279 3553 3327 cuncta

1978 3369 2045 3424 ad
2105 3369 2400 3422 utilitatem
2463 3381 2654 3422 eorum
2720 3366 2815 3434 qui
2881 3364 2999 3419 zelo
3060 3362 3152 3416 Dei
3213 3362 3556 3416 ducerentur

1977 3467 2247 3529 spectare.
2291 3458 2436 3522 Quin
2487 3467 2542 3512 et
2593 3457 2815 3511 virtutis
2848 3471 2962 3511 sua:
2998 3453 3281 3520 multiplex
3331 3450 3552 3522 experi-

1976 3558 2218 3605 mentum
2263 3549 2435 3604 dedit.
2471 3547 2684 3619 Quippe
2727 3548 2822 3618 qui
2870 3563 2970 3618 pro
3000 3545 3206 3600 Christi
3248 3543 3352 3598 fide
3383 3543 3551 3598 innu-

1977 3656 2121 3696 mera
2152 3640 2384 3696 subierit
2422 3639 2688 3709 pericula,
2717 3639 2845 3692 dum
2890 3637 3117 3692 Barbari
3158 3636 3338 3689 adhuc
3373 3633 3554 3704 genti-

1975 3731 2108 3786 lium
2154 3731 2261 3784 ritu
2299 3730 2561 3783 simulcra
2606 3729 2871 3784 colerent.
2903 3726 3235 3796 Primusque
3271 3724 3416 3795 apud
3455 3737 3552 3779 eos

1976 3821 2230 3876 inventor
2279 3820 2492 3874 exstitit
2530 3820 2857 3884 litterarum,
2905 3827 2960 3872 et
3011 3833 3200 3872 sacros
3246 3815 3444 3869 Libros
3492 3813 3550 3868 in

1976 3912 2214 3983 patrium
2239 3926 2548 3966 sermonem
2580 3912 2874 3966 convertit.
2898 3908 2965 3961 Et
2991 3909 3107 3963 haec
3133 3907 3350 3976 quidem
3379 3918 3550 3960 causa

1977 4002 2102 4064 fuit,
2129 4017 2230 4055 cur
2261 4002 2509 4070 plerique
2551 4015 2616 4054 ex
2658 4001 2913 4054 barbaris
2944 3999 3035 4067 qui
3069 3998 3135 4050 ad
3167 3996 3368 4052 Istrum
3399 3994 3554 4049 habi-

1978 4100 2121 4155 tant,
2149 4091 2464 4160 opinionem
2493 4089 2608 4142 Arii
2627 4097 2924 4143 sectentur.
2949 4086 3121 4141 Porro
3144 4101 3206 4141 ea
3231 4091 3554 4154 tempestate

1979 4179 2132 4233 multi
2183 4193 2248 4232 ex
2300 4177 2367 4232 iis
2413 4177 2508 4246 qui
2566 4175 2919 4245 Phritigerno
2978 4174 3268 4243 parebant,
3321 4181 3551 4243 prepter

1978 4266 2182 4320 Christi
2212 4265 2617 4319 confessionem
2643 4263 2824 4318 necati
2847 4271 2998 4317 sunt.
3018 4261 3152 4314 Nam
3178 4261 3552 4314 Athanaricus

1979 4357 2234 4411 subditos
2263 4371 2482 4424 quoque
2518 4370 2646 4409 suos
2667 4398 2682 4422 ,
2713 4370 2881 4410 suasu
2921 4353 3154 4422 Ulphilas
3180 4351 3548 4406 Christianam

311 4452 509 4522 μένων,
540 4451 788 4504 ἐκέλευον
815 4449 972 4502 τοῦτο
1000 4449 1346 4520 προσκυνεῖν,
1370 4446 1459 4498 καὶ
1487 4445 1653 4500 θύειν.
1678 4445 1798 4499 Τῶν
1817 4445 1873 4498 δὲ

1977 4447 2293 4516 religionem
2341 4445 2593 4514 amplecti
2641 4460 2784 4516 aegre
2820 4444 3026 4506 ferens,
3075 4451 3337 4512 tanquam
3385 4441 3547 4494 inno-

307 4543 758 4614 παραιτουμένων
781 4580 796 4606 ,
829 4543 926 4595 σὺν
957 4542 1142 4603 αὑτοῖς
1189 4537 1494 4611 ἀνθρώποις
1528 4537 1625 4601 τὰς
1672 4537 1878 4608 σκηνὰς

1983 4537 2127 4592 vatis
2170 4534 2442 4605 majorum
2493 4535 2860 4599 cazremoniis.
2903 4534 3106 4588 multos
3143 4546 3336 4587 eorum
3378 4529 3552 4590 variis

1503 4719 1776 4775 VALESII
1801 4718 2362 4776 ANNOTATIONES.

383 4841 495 4906 (75)
551 4837 809 4906 Διέμεινε
843 4837 1142 4890 κοινωνῶν
1169 4837 1293 4902 τοῖς
1343 4837 1584 4904 ἱερεῦσι.
1634 4835 1879 4892 Pessime

308 4913 458 4965 hunc
485 4910 660 4962 locum
688 4908 850 4962 vertit
875 4906 1533 4976 (lln'istophorsonus.Sic
1557 4907 1700 4959 enim
1731 4921 1880 4961 acce-

308 4982 392 5050 pit
419 4981 532 5032 hzec
549 4977 736 5050 verba,
757 4978 912 5044 quasi
935 4976 1216 5050 Eudoxius
1235 4976 1542 5050 e_t__Acac.ius
1568 4976 1797 5050 fuissent
1813 4991 1880 5029 ex

308 5045 540 5105 humero
552 5047 1031 5116 epiSCOporumqui
1049 5045 1485 5116 synodoNiwana:
1499 5046 1880 5116 interfuerunt.

309 5119 468 5184 Quod
504 5114 683 5171 tamen
717 5114 802 5170 est
834 5114 1209 5181 falsissimum,
1273 5131 1399 5168 cum
1433 5115 1668 5169 Aeacius
1697 5114 1882 5168 multis

308 5189 473 5244 annis
505 5195 628 5256 post
663 5185 931 5256 synod_um
961 5184 1236 5256 Nicaenam
1271 5184 1444 5256 factus
1473 5185 1544 5256 s_it
1571 5185 1884 5256 episcopus,

309 5253 534 5313 mortuo
571 5253 780 5309 scilicet
823 5253 1057 5308 Eusebio
1086 5255 1439 5310 Carsariensis
1478 5253 1733 5309 Ecclesia:
1762 5253 1885 5322 'epi-

309 5343 500 5396 acopo.
528 5325 596 5396 ιιι
622 5325 789 5392 igitur
811 5324 942 5396 dicit
973 5323 1347 5396 Sozomenus,_
1365 5323 1634 5396 lllphilam
1656 5322 1884 5396 Cotho-

311 5392 434 5451 rum
455 5395 792 5465 episeopum,
817 5393 973 5446 initio
996 5395 1210 5462 quidem
1244 5392 1669 5465 catholicmlidei
1701 5393 1884 5465 adluc-

311 5463 502 5532 sissej
541 5475 728 5533 postea
769 5477 920 5533 vero,
947 5471 1206 5533 regnante
1257 5463 1601 5533 Constantio,
1637 5477 1736 5532 per
1783 5463 1886 5516 im-

313 5531 660 5607 prudentiam
695 5531 1010 5607 interfuisse
1032 5531 1240 5607 synodo
1268 5531 1886 5607 Constantinopolitame

309 5601 424 5660 ima
459 5619 583 5658 cum
616 5602 861 5656 Eudoxio
893 5613 945 5655 et
974 5601 1174 5654 Aeaci-0
1203 5601 1476 5656 hmeticis
1508 5617 1650 5654 anno
1678 5601 1884 5655 Christi

310 5675 422 5731 359
455 5693 466 5727 :
499 5672 853 5726 nihilominus
881 5679 1060 5724 tamen
1098 5686 1219 5724 cum
1262 5670 1547 5724 catholicis
1610 5671 1884 5739 epismpis

309 5745 516 5800 Nic-mni
535 5742 748 5795 concilii
767 5742 1134 5796 assertoribus
1157 5740 1589 5794 communionem
1609 5755 1880 5801 servasse.

1983 4832 2224 4888 Tandem
2258 4846 2390 4886 vero
2446 4844 2593 4895 cum,
2626 4827 2939 4898 principatu
2987 4822 3235 4898 Yalentis
3267 4820 3546 4898 _Augu_sti,

1985 4903 2192 4971 legatus
2211 4902 2387 4972 gentis
2404 4893 2701 4972 Gothorum
2731 4893 2971 4972 venisset
2992 4893 3546 4972 Constantinopolim,

1985 4961 2276 5027 collatione
2305 4971 2490 5024 hahita
2520 4984 2644 5023 cum
2675 4965 2897 5035 Arianis
2922 4964 3214 5035 episcopis,
3231 4961 3547 5035 _ad_illor_um

1988 5053 2268 5112 partesise
2316 5039 2683 5095 transtulisse.
2734 5034 2832 5089 Hic
2869 5030 2970 5090 est'
3003 5030 3199 5112 sensus
3231 5031 3396 5112 hujus
3441 5030 3549 5111 loci

1987 5099 2146 5180 quem
2184 5111 2462 5165 Musculus
2495 5125 2559 5165 ex
2589 5113 2740 5175 parte
2767 5114 3051 5180 assecutus
3085 5110 3205 5180 _es_t.
3248 5099 3545 5180 “acerrim

1984 5169 2172 5245 verba,
2200 5181 2275 5242 ὡς
2299 5180 2355 5233 δὲ
2382 5180 2462 5242 είς
2491 5169 3053 5245 Κωνσταντινοὺπολιν
3072 5173 3320 5245 ᾁφίκετο,
3352 5170 3431 5245 ita
3463 5169 3549 5222 in-

1985 5239 2320 5320 terpretatus
2348 5239 2475 5320 esti:
2509 5246 2577 5300 Ut
2605 5239 3548 5320 autem__Con_stantinopol_im.legatus

1985 5309 2274 5375 Gothorum
2301 5318 2543 5379 venisset,
2568 5325 2706 5377 etc.,
2738 5312 2968 5382 adjectis
2996 5313 3062 5382 de
3086 5325 3186 5365 suo
3215 5309 3428 5382 duabus
3453 5321 3551 5360 vo-

1984 5391 2160 5453 cibus,
2185 5386 2329 5459 quod
2353 5377 2572 5459 quidem
2616 5383 2772 5459 valde
2796 5377 2994 5459 probo.
3023 5381 3182 5436 Certe
3211 5377 3550 5459 Sozonienus

1985 5443 2336 5530 paulo'a'ntea
2373 5443 2620 5530 ἐει-ἱρὴ,-
2651 5443 2922 5530 llehilam
2983 5451 3213 5530 legatum
3269 5443 3546 5530 incolitis

1985 5511 2425 5584 missumﬁfuisse
2453 5525 2519 5579 ad
2577 5511 2855 5577 Valentem
2897 5511 3223 5586 Augustum.
3272 5511 3362 5586 Bis
3402 5525 3546 5586 ergo

1984 5578 2512 5665 Constantinopolim
2543 5594 2691 5665 venit
2719 5590 2933 5665 Ulphila
2953 5578 3234 5665 ;:pritnum
3257 5578 3546 5665 subigunt

1984 5669 2206 5733 stantio,
2233 5678 2291 5721 ut
2315 5655 2525 5787 sileodo
2543 5655 3154 5726 Constantinopolitanae
3205 5655 3496 5703 interesset
3523 5661 3542 5701 ι

1985 5737 2180 5787 deinde
2214 5737 2317 5787 sub
2396 5735 2598 5787 alente.

1985 5737 2180 5793 deinde
2214 5737 2317 5792 sub
2347 5735 2598 5789 Valente.
