  <div class='ocr_page' id='page_1' title='image "/cluster/home/n/w/nwhite01/storage/ocr_20150623/67/mdp.39015018620115/710.png"; bbox 0 0 4066 6338; ppageno 0'>
   <div class='ocr_carea' id='block_1_1' title="bbox 299 406 494 475">
    <p class='ocr_par' dir='ltr' id='par_1_1' title="bbox 299 406 494 475">
     <span class='ocr_line' id='line_1_1' title="bbox 299 406 494 475; baseline 0 0"><span class='ocrx_word' id='word_1_1' title='bbox 299 406 304 410; x_wconf 81' lang='grc'><em>’</em></span> <span class='ocrx_word' id='word_1_2' title='bbox 360 419 494 475; x_wconf 74' lang='lat' dir='ltr'><strong>uos</strong></span> 
     </span>
    </p>
   </div>
   <div class='ocr_carea' id='block_1_2' title="bbox 1345 407 2678 472">
    <p class='ocr_par' dir='ltr' id='par_1_2' title="bbox 1345 407 2678 472">
     <span class='ocr_line' id='line_1_2' title="bbox 1345 407 2678 472; baseline 0.003 -4"><span class='ocrx_word' id='word_1_3' title='bbox 1345 411 1678 469; x_wconf 76' lang='lat' dir='ltr'><strong>HISTORIA</strong></span> <span class='ocrx_word' id='word_1_4' title='bbox 1715 407 2268 467; x_wconf 60' lang='lat' dir='ltr'><strong>ECCLESLAS’HCA.</strong></span> <span class='ocrx_word' id='word_1_5' title='bbox 2310 443 2379 452; x_wconf 91' lang='lat'><strong>—-—</strong></span> <span class='ocrx_word' id='word_1_6' title='bbox 2416 413 2545 468; x_wconf 84' lang='lat' dir='ltr'><strong>LIB.</strong></span> <span class='ocrx_word' id='word_1_7' title='bbox 2591 417 2678 472; x_wconf 80' lang='lat' dir='ltr'><strong>Vl.</strong></span> 
     </span>
    </p>
   </div>
   <div class='ocr_carea' id='block_1_3' title="bbox 3471 422 3614 477">
    <p class='ocr_par' dir='ltr' id='par_1_3' title="bbox 3471 422 3614 477">
     <span class='ocr_line' id='line_1_3' title="bbox 3471 422 3614 477; baseline 0.007 -1"><span class='ocrx_word' id='word_1_8' title='bbox 3471 422 3614 477; x_wconf 67' lang='grc'><strong>1410</strong></span> 
     </span>
    </p>
   </div>
   <div class='ocr_carea' id='block_1_4' title="bbox 356 526 1923 605">
    <p class='ocr_par' dir='ltr' id='par_1_4' title="bbox 356 526 1912 598">
     <span class='ocr_line' id='line_1_4' title="bbox 356 526 1912 598; baseline -0.008 -10"><span class='ocrx_word' id='word_1_9' title='bbox 356 533 615 588; x_wconf 76' lang='grc' dir='ltr'>Φοινίκων</span> <span class='ocrx_word' id='word_1_10' title='bbox 641 531 744 586; x_wconf 74' lang='grc' dir='ltr'>καὶ.</span> <span class='ocrx_word' id='word_1_11' title='bbox 771 528 1152 584; x_wconf 75' lang='grc' dir='ltr'>Παλαιστινῶν</span> <span class='ocrx_word' id='word_1_12' title='bbox 1195 527 1382 591; x_wconf 81' lang='grc' dir='ltr'>πόλεις</span> <span class='ocrx_word' id='word_1_13' title='bbox 1402 570 1417 591; x_wconf 87' lang='grc'><strong>,</strong></span> <span class='ocrx_word' id='word_1_14' title='bbox 1456 527 1616 598; x_wconf 76' lang='grc' dir='ltr'>μέχρι</span> <span class='ocrx_word' id='word_1_15' title='bbox 1652 526 1748 580; x_wconf 81' lang='grc' dir='ltr'>καὶ</span> <span class='ocrx_word' id='word_1_16' title='bbox 1775 527 1912 593; x_wconf 75' lang='grc' dir='ltr'>Αίγυ</span> 
     </span>
    </p>
   </div>
   <div class='ocr_carea' id='block_1_5' title="bbox 2027 526 3620 605">
    <p class='ocr_par' dir='ltr' id='par_1_5' title="bbox 2046 527 3620 605">
     <span class='ocr_line' id='line_1_5' title="bbox 2046 527 3620 605; baseline 0.008 -27"><span class='ocrx_word' id='word_1_17' title='bbox 2046 527 2300 591; x_wconf 72' lang='lat' dir='ltr'><strong>vastavit,</strong></span> <span class='ocrx_word' id='word_1_18' title='bbox 2335 527 2404 582; x_wconf 85' lang='lat' dir='ltr'><strong>ad</strong></span> <span class='ocrx_word' id='word_1_19' title='bbox 2433 527 2727 600; x_wconf 68' lang='lat' dir='ltr'><strong>Egyptios</strong></span> <span class='ocrx_word' id='word_1_20' title='bbox 2758 545 2935 602; x_wconf 75' lang='lat' dir='ltr'><strong>usque</strong></span> <span class='ocrx_word' id='word_1_21' title='bbox 2972 547 3262 604; x_wconf 81' lang='lat' dir='ltr'><strong>progressa</strong></span> <span class='ocrx_word' id='word_1_22' title='bbox 3295 535 3386 605; x_wconf 90' lang='lat' dir='ltr'><strong>qui</strong></span> <span class='ocrx_word' id='word_1_23' title='bbox 3431 537 3620 604; x_wconf 81' lang='lat' dir='ltr'><strong>regio-</strong></span> 
     </span>
    </p>
   </div>
   <div class='ocr_carea' id='block_1_6' title="bbox 357 617 1925 691">
    <p class='ocr_par' dir='ltr' id='par_1_6' title="bbox 357 617 1925 691">
     <span class='ocr_line' id='line_1_6' title="bbox 357 617 1925 691; baseline -0.004 -13"><span class='ocrx_word' id='word_1_24' title='bbox 357 625 550 688; x_wconf 84' lang='grc' dir='ltr'>πτίων,</span> <span class='ocrx_word' id='word_1_25' title='bbox 576 620 933 691; x_wconf 81' lang='grc' dir='ltr'>ἐξευωνύμων</span> <span class='ocrx_word' id='word_1_26' title='bbox 960 619 1286 673; x_wconf 75' lang='grc' dir='ltr'><strong>ἀναπλέοντι</strong></span> <span class='ocrx_word' id='word_1_27' title='bbox 1308 619 1400 673; x_wconf 84' lang='grc' dir='ltr'><strong>τὸν</strong></span> <span class='ocrx_word' id='word_1_28' title='bbox 1430 618 1642 682; x_wconf 83' lang='grc' dir='ltr'>Νεῖλον,</span> <span class='ocrx_word' id='word_1_29' title='bbox 1672 617 1733 671; x_wconf 77' lang='grc' dir='ltr'>τὸ</span> <span class='ocrx_word' id='word_1_30' title='bbox 1768 618 1925 688; x_wconf 78' lang='grc' dir='ltr'>’Δρά-</span> 
     </span>
    </p>
   </div>
   <div class='ocr_carea' id='block_1_7' title="bbox 356 703 1932 782">
    <p class='ocr_par' dir='ltr' id='par_1_7' title="bbox 356 703 1932 782">
     <span class='ocr_line' id='line_1_7' title="bbox 356 703 1932 782; baseline -0.004 -15"><span class='ocrx_word' id='word_1_31' title='bbox 356 718 471 769; x_wconf 83' lang='grc' dir='ltr'>6ιον</span> <span class='ocrx_word' id='word_1_32' title='bbox 505 712 839 782; x_wconf 81' lang='grc' dir='ltr'>καλούμενον</span> <span class='ocrx_word' id='word_1_33' title='bbox 896 710 1066 780; x_wconf 86' lang='grc' dir='ltr'>κλίμα</span> <span class='ocrx_word' id='word_1_34' title='bbox 1118 709 1431 763; x_wconf 75' lang='grc' dir='ltr'>οἰκούντων.</span> <span class='ocrx_word' id='word_1_35' title='bbox 1467 705 1576 764; x_wconf 70' lang='grc' dir='ltr'><strong>τΗν</strong></span> <span class='ocrx_word' id='word_1_36' title='bbox 1612 709 1669 762; x_wconf 81' lang='grc' dir='ltr'>δὲ</span> <span class='ocrx_word' id='word_1_37' title='bbox 1699 709 1798 778; x_wconf 81' lang='grc' dir='ltr'>οὐχ</span> <span class='ocrx_word' id='word_1_38' title='bbox 1822 703 1932 772; x_wconf 75' lang='grc' dir='ltr'>οἷος</span> 
     </span>
    </p>
   </div>
   <div class='ocr_carea' id='block_1_8' title="bbox 356 802 1933 878">
    <p class='ocr_par' dir='ltr' id='par_1_8' title="bbox 356 802 1933 878">
     <span class='ocr_line' id='line_1_8' title="bbox 356 802 1933 878; baseline -0.004 -16"><span class='ocrx_word' id='word_1_39' title='bbox 356 806 674 878; x_wconf 73' lang='grc' dir='ltr'><strong>νομίζεσθαι</strong></span> <span class='ocrx_word' id='word_1_40' title='bbox 729 806 917 876; x_wconf 78' lang='grc' dir='ltr'><strong>ῥᾴδιος</strong></span> <span class='ocrx_word' id='word_1_41' title='bbox 969 807 999 857; x_wconf 83' lang='grc' dir='ltr'><strong>ὁ</strong></span> <span class='ocrx_word' id='word_1_42' title='bbox 1033 803 1412 872; x_wconf 74' lang='grc' dir='ltr'>πόλεμος,ὼς</span> <span class='ocrx_word' id='word_1_43' title='bbox 1471 802 1626 873; x_wconf 78' lang='grc' dir='ltr'>παρὰ</span> <span class='ocrx_word' id='word_1_44' title='bbox 1675 802 1933 869; x_wconf 75' lang='grc' dir='ltr'>γυναικὸς</span> 
     </span>
    </p>
   </div>
   <div class='ocr_carea' id='block_1_9' title="bbox 358 893 1933 972">
    <p class='ocr_par' dir='ltr' id='par_1_9' title="bbox 358 893 1933 972">
     <span class='ocr_line' id='line_1_9' title="bbox 358 893 1933 972; baseline -0.003 -17"><span class='ocrx_word' id='word_1_45' title='bbox 358 898 929 972; x_wconf 80' lang='grc' dir='ltr'>παρασκευαζόμενος.</span> <span class='ocrx_word' id='word_1_46' title='bbox 961 895 1251 968; x_wconf 82' lang='grc' dir='ltr'>Καρτεράν</span> <span class='ocrx_word' id='word_1_47' title='bbox 1275 895 1382 966; x_wconf 76' lang='grc' dir='ltr'>γὰρ</span> <span class='ocrx_word' id='word_1_48' title='bbox 1409 895 1501 948; x_wconf 80' lang='grc' dir='ltr'><strong>καὶ</strong></span> <span class='ocrx_word' id='word_1_49' title='bbox 1530 893 1933 962; x_wconf 83' lang='grc' dir='ltr'>δυσκαταγώνι-</span> 
     </span>
    </p>
   </div>
   <div class='ocr_carea' id='block_1_10' title="bbox 359 986 1928 1060">
    <p class='ocr_par' dir='ltr' id='par_1_10' title="bbox 359 986 1928 1060">
     <span class='ocr_line' id='line_1_10' title="bbox 359 986 1928 1060; baseline -0.005 -14"><span class='ocrx_word' id='word_1_50' title='bbox 359 995 480 1046; x_wconf 83' lang='grc' dir='ltr'>στόν</span> <span class='ocrx_word' id='word_1_51' title='bbox 510 1009 641 1060; x_wconf 75' lang='grc' dir='ltr'>φασι</span> <span class='ocrx_word' id='word_1_52' title='bbox 694 989 949 1058; x_wconf 84' lang='grc' dir='ltr'>γενέσθαι</span> <span class='ocrx_word' id='word_1_53' title='bbox 983 988 1272 1058; x_wconf 83' lang='grc' dir='ltr'>Ῥωμαίοις</span> <span class='ocrx_word' id='word_1_54' title='bbox 1330 987 1533 1056; x_wconf 78' lang='grc' dir='ltr'>ταύτην</span> <span class='ocrx_word' id='word_1_55' title='bbox 1579 986 1678 1056; x_wconf 77' lang='grc' dir='ltr'>τὴν</span> <span class='ocrx_word' id='word_1_56' title='bbox 1711 987 1888 1057; x_wconf 81' lang='grc' dir='ltr'>μάχην</span> <span class='ocrx_word' id='word_1_57' title='bbox 1913 1003 1928 1019; x_wconf 79' lang='grc' dir='ltr'><strong>ο</strong></span> 
     </span>
    </p>
   </div>
   <div class='ocr_carea' id='block_1_11' title="bbox 354 1077 1932 1151">
    <p class='ocr_par' dir='ltr' id='par_1_11' title="bbox 354 1077 1932 1151">
     <span class='ocr_line' id='line_1_11' title="bbox 354 1077 1932 1151; baseline -0.004 -15"><span class='ocrx_word' id='word_1_58' title='bbox 354 1084 430 1146; x_wconf 81' lang='grc' dir='ltr'>ὡς</span> <span class='ocrx_word' id='word_1_59' title='bbox 455 1083 547 1135; x_wconf 77' lang='grc' dir='ltr'><strong>καὶ</strong></span> <span class='ocrx_word' id='word_1_60' title='bbox 583 1083 676 1134; x_wconf 78' lang='grc' dir='ltr'><strong>τὸν</strong></span> <span class='ocrx_word' id='word_1_61' title='bbox 703 1081 949 1151; x_wconf 75' lang='grc' dir='ltr'>ἡγεμόνα</span> <span class='ocrx_word' id='word_1_62' title='bbox 981 1079 1088 1132; x_wconf 84' lang='grc' dir='ltr'><strong>τῶν</strong></span> <span class='ocrx_word' id='word_1_63' title='bbox 1113 1080 1171 1132; x_wconf 81' lang='grc' dir='ltr'><strong>ἐν</strong></span> <span class='ocrx_word' id='word_1_64' title='bbox 1194 1079 1418 1149; x_wconf 77' lang='grc' dir='ltr'>Φοινίκῃ</span> <span class='ocrx_word' id='word_1_65' title='bbox 1450 1077 1817 1149; x_wconf 84' lang='grc' dir='ltr'>στρατιωτῶν,</span> <span class='ocrx_word' id='word_1_66' title='bbox 1851 1078 1932 1139; x_wconf 82' lang='grc' dir='ltr'><strong>εἰς</strong></span> 
     </span>
    </p>
   </div>
   <div class='ocr_carea' id='block_1_12' title="bbox 358 1165 1932 1241">
    <p class='ocr_par' dir='ltr' id='par_1_12' title="bbox 358 1165 1932 1241">
     <span class='ocr_line' id='line_1_12' title="bbox 358 1165 1932 1241; baseline -0.004 -17"><span class='ocrx_word' id='word_1_67' title='bbox 358 1171 674 1241; x_wconf 72' lang='grc' dir='ltr'>συμμαχίαν</span> <span class='ocrx_word' id='word_1_68' title='bbox 705 1167 1133 1222; x_wconf 76' lang='grc' dir='ltr'><strong>ἐπικαλέσασθαι</strong></span> <span class='ocrx_word' id='word_1_69' title='bbox 1157 1167 1250 1219; x_wconf 84' lang='grc' dir='ltr'><strong>τὸν</strong></span> <span class='ocrx_word' id='word_1_70' title='bbox 1292 1167 1600 1237; x_wconf 76' lang='grc' dir='ltr'>στρατηγὸν</span> <span class='ocrx_word' id='word_1_71' title='bbox 1627 1166 1810 1236; x_wconf 62' lang='grc' dir='ltr'>πάσης,</span> <span class='ocrx_word' id='word_1_72' title='bbox 1831 1165 1932 1236; x_wconf 88' lang='grc' dir='ltr'><strong>τῆς</strong></span> 
     </span>
    </p>
   </div>
   <div class='ocr_carea' id='block_1_13' title="bbox 355 1256 1927 1332">
    <p class='ocr_par' dir='ltr' id='par_1_13' title="bbox 355 1256 1927 1332">
     <span class='ocr_line' id='line_1_13' title="bbox 355 1256 1927 1332; baseline -0.004 -15"><span class='ocrx_word' id='word_1_73' title='bbox 355 1265 456 1317; x_wconf 75' lang='grc' dir='ltr'>ἅνά</span> <span class='ocrx_word' id='word_1_74' title='bbox 478 1261 576 1332; x_wconf 83' lang='grc' dir='ltr'>τὴν</span> <span class='ocrx_word' id='word_1_75' title='bbox 598 1261 713 1316; x_wconf 82' lang='grc' dir='ltr'>Ἕω</span> <span class='ocrx_word' id='word_1_76' title='bbox 745 1259 976 1329; x_wconf 75' lang='grc' dir='ltr'><strong>ἱππικῆς</strong></span> <span class='ocrx_word' id='word_1_77' title='bbox 1016 1276 1074 1311; x_wconf 86' lang='grc' dir='ltr'><strong>τε</strong></span> <span class='ocrx_word' id='word_1_78' title='bbox 1091 1260 1186 1312; x_wconf 74' lang='grc' dir='ltr'><strong>καὶ</strong></span> <span class='ocrx_word' id='word_1_79' title='bbox 1214 1259 1385 1327; x_wconf 73' lang='grc' dir='ltr'>πεζῆς</span> <span class='ocrx_word' id='word_1_80' title='bbox 1411 1259 1687 1327; x_wconf 78' lang='grc' dir='ltr'>στρατιᾶς.</span> <span class='ocrx_word' id='word_1_81' title='bbox 1722 1257 1826 1312; x_wconf 80' lang='grc' dir='ltr'><strong>Τὸν</strong></span> <span class='ocrx_word' id='word_1_82' title='bbox 1849 1256 1927 1316; x_wconf 76' lang='grc' dir='ltr'>δὲ,</span> 
     </span>
    </p>
   </div>
   <div class='ocr_carea' id='block_1_14' title="bbox 354 1349 1931 1422">
    <p class='ocr_par' dir='ltr' id='par_1_14' title="bbox 354 1349 1931 1422">
     <span class='ocr_line' id='line_1_14' title="bbox 354 1349 1931 1422; baseline -0.003 -15"><span class='ocrx_word' id='word_1_83' title='bbox 354 1355 582 1422; x_wconf 83' lang='grc' dir='ltr'>γελάσαι</span> <span class='ocrx_word' id='word_1_84' title='bbox 611 1352 709 1421; x_wconf 78' lang='grc' dir='ltr'>μὲν</span> <span class='ocrx_word' id='word_1_85' title='bbox 731 1351 828 1422; x_wconf 76' lang='grc' dir='ltr'>τὴν</span> <span class='ocrx_word' id='word_1_86' title='bbox 867 1351 1064 1419; x_wconf 78' lang='grc' dir='ltr'>κλῆσιν</span> <span class='ocrx_word' id='word_1_87' title='bbox 1086 1391 1100 1415; x_wconf 94' lang='grc'><strong>,</strong></span> <span class='ocrx_word' id='word_1_88' title='bbox 1139 1351 1232 1403; x_wconf 77' lang='grc' dir='ltr'>καὶ</span> <span class='ocrx_word' id='word_1_89' title='bbox 1269 1351 1551 1419; x_wconf 78' lang='grc' dir='ltr'>ἀπόμαχον</span> <span class='ocrx_word' id='word_1_90' title='bbox 1583 1349 1806 1418; x_wconf 87' lang='grc' dir='ltr'>ποιῆσαι</span> <span class='ocrx_word' id='word_1_91' title='bbox 1840 1349 1931 1402; x_wconf 81' lang='grc' dir='ltr'><strong>τὸν</strong></span> 
     </span>
    </p>
   </div>
   <div class='ocr_carea' id='block_1_15' title="bbox 354 1445 1930 1518">
    <p class='ocr_par' dir='ltr' id='par_1_15' title="bbox 354 1445 1930 1518">
     <span class='ocr_line' id='line_1_15' title="bbox 354 1445 1930 1518; baseline -0.003 -15"><span class='ocrx_word' id='word_1_92' title='bbox 354 1450 679 1504; x_wconf 78' lang='grc' dir='ltr'>καλέσαντα.</span> <span class='ocrx_word' id='word_1_93' title='bbox 724 1445 1188 1518; x_wconf 77' lang='grc' dir='ltr'>Παραταξάμενον</span> <span class='ocrx_word' id='word_1_94' title='bbox 1246 1446 1302 1499; x_wconf 85' lang='grc' dir='ltr'><strong>δέ</strong></span> <span class='ocrx_word' id='word_1_95' title='bbox 1349 1446 1487 1516; x_wconf 78' lang='grc' dir='ltr'>πρὸς</span> <span class='ocrx_word' id='word_1_96' title='bbox 1534 1445 1746 1500; x_wconf 78' lang='grc' dir='ltr'>Μανίαν</span> <span class='ocrx_word' id='word_1_97' title='bbox 1784 1446 1930 1498; x_wconf 76' lang='grc' dir='ltr'>ἀντι-</span> 
     </span>
    </p>
   </div>
   <div class='ocr_carea' id='block_1_16' title="bbox 355 1536 1930 1613">
    <p class='ocr_par' dir='ltr' id='par_1_16' title="bbox 355 1536 1930 1613">
     <span class='ocr_line' id='line_1_16' title="bbox 355 1536 1930 1613; baseline -0.003 -18"><span class='ocrx_word' id='word_1_98' title='bbox 355 1539 786 1613; x_wconf 82' lang='grc' dir='ltr'>στρατηγοῦσαν,</span> <span class='ocrx_word' id='word_1_99' title='bbox 809 1539 1104 1609; x_wconf 87' lang='grc' dir='ltr'>τραπῆναι,</span> <span class='ocrx_word' id='word_1_100' title='bbox 1129 1537 1224 1592; x_wconf 75' lang='grc' dir='ltr'>καὶ</span> <span class='ocrx_word' id='word_1_101' title='bbox 1254 1537 1406 1608; x_wconf 83' lang='grc' dir='ltr'>μόλις</span> <span class='ocrx_word' id='word_1_102' title='bbox 1427 1536 1754 1606; x_wconf 80' lang='grc' dir='ltr'>διασωθῆναι</span> <span class='ocrx_word' id='word_1_103' title='bbox 1779 1537 1930 1608; x_wconf 81' lang='grc' dir='ltr'>παρὰ</span> 
     </span>
    </p>
   </div>
   <div class='ocr_carea' id='block_1_17' title="bbox 353 1629 1929 1703">
    <p class='ocr_par' dir='ltr' id='par_1_17' title="bbox 353 1629 1929 1703">
     <span class='ocr_line' id='line_1_17' title="bbox 353 1629 1929 1703; baseline -0.003 -17"><span class='ocrx_word' id='word_1_104' title='bbox 353 1634 445 1686; x_wconf 86' lang='grc' dir='ltr'><strong>τοῦ</strong></span> <span class='ocrx_word' id='word_1_105' title='bbox 490 1633 755 1703; x_wconf 79' lang='grc' dir='ltr'>ἡγεμόνος</span> <span class='ocrx_word' id='word_1_106' title='bbox 787 1631 894 1684; x_wconf 85' lang='grc' dir='ltr'>τῶν</span> <span class='ocrx_word' id='word_1_107' title='bbox 937 1629 1312 1684; x_wconf 85' lang='grc' dir='ltr'>Παλαιστινῶν</span> <span class='ocrx_word' id='word_1_108' title='bbox 1347 1629 1440 1683; x_wconf 70' lang='grc' dir='ltr'>καὶ</span> <span class='ocrx_word' id='word_1_109' title='bbox 1470 1630 1730 1682; x_wconf 80' lang='grc' dir='ltr'>Φοινίκων</span> <span class='ocrx_word' id='word_1_110' title='bbox 1766 1645 1929 1698; x_wconf 84' lang='grc' dir='ltr'>στρα-</span> 
     </span>
    </p>
   </div>
   <div class='ocr_carea' id='block_1_18' title="bbox 352 1716 1929 1794">
    <p class='ocr_par' dir='ltr' id='par_1_18' title="bbox 352 1716 1929 1794">
     <span class='ocr_line' id='line_1_18' title="bbox 352 1716 1929 1794; baseline -0.001 -18"><span class='ocrx_word' id='word_1_111' title='bbox 352 1723 582 1777; x_wconf 83' lang='grc' dir='ltr'>τιωτῶν.</span> <span class='ocrx_word' id='word_1_112' title='bbox 634 1724 722 1786; x_wconf 82' lang='grc' dir='ltr'>Ὠς</span> <span class='ocrx_word' id='word_1_113' title='bbox 767 1721 877 1794; x_wconf 81' lang='grc' dir='ltr'>γὰρ</span> <span class='ocrx_word' id='word_1_114' title='bbox 907 1716 1046 1775; x_wconf 77' lang='grc' dir='ltr'>εἶδεν</span> <span class='ocrx_word' id='word_1_115' title='bbox 1091 1721 1253 1774; x_wconf 80' lang='grc' dir='ltr'>αὐτὸν</span> <span class='ocrx_word' id='word_1_116' title='bbox 1295 1721 1674 1775; x_wconf 88' lang='grc' dir='ltr'>κινδυνεύοντα</span> <span class='ocrx_word' id='word_1_117' title='bbox 1699 1760 1713 1783; x_wconf 91' lang='grc'><strong>,</strong></span> <span class='ocrx_word' id='word_1_118' title='bbox 1748 1721 1929 1791; x_wconf 81' lang='grc' dir='ltr'>μένειν</span> 
     </span>
    </p>
   </div>
   <div class='ocr_carea' id='block_1_19' title="bbox 353 1811 1928 1884">
    <p class='ocr_par' dir='ltr' id='par_1_19' title="bbox 353 1811 1928 1884">
     <span class='ocr_line' id='line_1_19' title="bbox 353 1811 1928 1884; baseline 0.001 -19"><span class='ocrx_word' id='word_1_119' title='bbox 353 1813 510 1876; x_wconf 83' lang='grc' dir='ltr'>ἐκτὸς</span> <span class='ocrx_word' id='word_1_120' title='bbox 542 1813 640 1884; x_wconf 83' lang='grc' dir='ltr'><strong>τῆς</strong></span> <span class='ocrx_word' id='word_1_121' title='bbox 685 1813 864 1884; x_wconf 84' lang='grc' dir='ltr'>μάχης</span> <span class='ocrx_word' id='word_1_122' title='bbox 893 1811 1036 1866; x_wconf 86' lang='grc' dir='ltr'><strong>κατά</strong></span> <span class='ocrx_word' id='word_1_123' title='bbox 1064 1813 1163 1882; x_wconf 84' lang='grc' dir='ltr'><strong>τὴν</strong></span> <span class='ocrx_word' id='word_1_124' title='bbox 1196 1813 1361 1866; x_wconf 82' lang='grc' dir='ltr'>αὐτοῦ</span> <span class='ocrx_word' id='word_1_125' title='bbox 1411 1813 1712 1883; x_wconf 79' lang='grc' dir='ltr'>πρόσταξιν</span> <span class='ocrx_word' id='word_1_126' title='bbox 1737 1812 1928 1883; x_wconf 73' lang='grc' dir='ltr'>εὔηθες</span> 
     </span>
    </p>
   </div>
   <div class='ocr_carea' id='block_1_20' title="bbox 352 1905 1924 1977">
    <p class='ocr_par' dir='ltr' id='par_1_20' title="bbox 352 1905 1924 1977">
     <span class='ocr_line' id='line_1_20' title="bbox 352 1905 1924 1977; baseline 0 -19"><span class='ocrx_word' id='word_1_127' title='bbox 352 1907 600 1976; x_wconf 80' lang='grc' dir='ltr'>ἐνόμισε·</span> <span class='ocrx_word' id='word_1_128' title='bbox 637 1905 1005 1977; x_wconf 84' lang='grc' dir='ltr'>προσδραμών</span> <span class='ocrx_word' id='word_1_129' title='bbox 1040 1923 1098 1958; x_wconf 85' lang='grc' dir='ltr'><strong>τε</strong></span> <span class='ocrx_word' id='word_1_130' title='bbox 1150 1907 1426 1977; x_wconf 80' lang='grc' dir='ltr'>ὑπήντησε</span> <span class='ocrx_word' id='word_1_131' title='bbox 1463 1909 1578 1968; x_wconf 85' lang='grc' dir='ltr'>τοῖς</span> <span class='ocrx_word' id='word_1_132' title='bbox 1610 1907 1924 1976; x_wconf 79' lang='grc' dir='ltr'>βαρϐάροις,</span> 
     </span>
    </p>
   </div>
   <div class='ocr_carea' id='block_1_21' title="bbox 354 1996 1925 2070">
    <p class='ocr_par' dir='ltr' id='par_1_21' title="bbox 354 1996 1925 2070">
     <span class='ocr_line' id='line_1_21' title="bbox 354 1996 1925 2070; baseline -0.001 -20"><span class='ocrx_word' id='word_1_133' title='bbox 354 1998 450 2052; x_wconf 76' lang='grc' dir='ltr'>καὶ</span> <span class='ocrx_word' id='word_1_134' title='bbox 493 1998 570 2068; x_wconf 78' lang='grc' dir='ltr'>τῷ</span> <span class='ocrx_word' id='word_1_135' title='bbox 628 1999 724 2068; x_wconf 84' lang='grc' dir='ltr'><strong>μὲν</strong></span> <span class='ocrx_word' id='word_1_136' title='bbox 779 1997 968 2070; x_wconf 77' lang='grc' dir='ltr'>καιρὸν</span> <span class='ocrx_word' id='word_1_137' title='bbox 1009 1996 1209 2051; x_wconf 77' lang='grc' dir='ltr'>ἔδωκεν</span> <span class='ocrx_word' id='word_1_138' title='bbox 1263 1997 1674 2067; x_wconf 80' lang='grc' dir='ltr'>ἀσφαλεστέρας</span> <span class='ocrx_word' id='word_1_139' title='bbox 1725 1997 1925 2066; x_wconf 85' lang='grc' dir='ltr'>φυγῆς,</span> 
     </span>
    </p>
   </div>
   <div class='ocr_carea' id='block_1_22' title="bbox 351 2085 1928 2158">
    <p class='ocr_par' dir='ltr' id='par_1_22' title="bbox 351 2085 1928 2158">
     <span class='ocr_line' id='line_1_22' title="bbox 351 2085 1928 2158; baseline 0 -19"><span class='ocrx_word' id='word_1_140' title='bbox 351 2086 514 2150; x_wconf 74' lang='grc' dir='ltr'>αὐτὸς</span> <span class='ocrx_word' id='word_1_141' title='bbox 549 2087 606 2140; x_wconf 75' lang='grc' dir='ltr'>δὲ</span> <span class='ocrx_word' id='word_1_142' title='bbox 651 2086 1026 2158; x_wconf 85' lang='grc' dir='ltr'>ύπαναχωρῶν</span> <span class='ocrx_word' id='word_1_143' title='bbox 1047 2126 1064 2147; x_wconf 92' lang='grc'><strong>,</strong></span> <span class='ocrx_word' id='word_1_144' title='bbox 1093 2088 1152 2139; x_wconf 80' lang='grc' dir='ltr'><strong>ἐν</strong></span> <span class='ocrx_word' id='word_1_145' title='bbox 1190 2085 1268 2156; x_wconf 82' lang='grc' dir='ltr'>τῷ</span> <span class='ocrx_word' id='word_1_146' title='bbox 1296 2087 1518 2155; x_wconf 82' lang='grc' dir='ltr'>φεύγειν</span> <span class='ocrx_word' id='word_1_147' title='bbox 1547 2085 1758 2150; x_wconf 75' lang='grc' dir='ltr'>ἐτόξευε</span> <span class='ocrx_word' id='word_1_148' title='bbox 1784 2128 1798 2150; x_wconf 92' lang='grc'><strong>,</strong></span> <span class='ocrx_word' id='word_1_149' title='bbox 1833 2087 1928 2139; x_wconf 77' lang='grc' dir='ltr'><strong>καὶ</strong></span> 
     </span>
    </p>
   </div>
   <div class='ocr_carea' id='block_1_23' title="bbox 351 2177 1928 2249">
    <p class='ocr_par' dir='ltr' id='par_1_23' title="bbox 351 2177 1928 2249">
     <span class='ocr_line' id='line_1_23' title="bbox 351 2177 1928 2249; baseline -0.001 -18"><span class='ocrx_word' id='word_1_150' title='bbox 351 2181 501 2245; x_wconf 72' lang='grc' dir='ltr'>τοὺς,</span> <span class='ocrx_word' id='word_1_151' title='bbox 532 2177 822 2248; x_wconf 86' lang='grc' dir='ltr'>πολεμίους</span> <span class='ocrx_word' id='word_1_152' title='bbox 864 2177 1248 2248; x_wconf 78' lang='grc' dir='ltr'>ἐπικειμένους</span> <span class='ocrx_word' id='word_1_153' title='bbox 1292 2177 1630 2249; x_wconf 80' lang='grc' dir='ltr'>ἀπεκρούετο</span> <span class='ocrx_word' id='word_1_154' title='bbox 1682 2179 1795 2240; x_wconf 88' lang='grc' dir='ltr'>τοῖς</span> <span class='ocrx_word' id='word_1_155' title='bbox 1841 2194 1928 2230; x_wconf 82' lang='grc' dir='ltr'>το-</span> 
     </span>
    </p>
   </div>
   <div class='ocr_carea' id='block_1_24' title="bbox 353 2265 1924 2338">
    <p class='ocr_par' dir='ltr' id='par_1_24' title="bbox 353 2265 1924 2338">
     <span class='ocr_line' id='line_1_24' title="bbox 353 2265 1924 2338; baseline 0 -18"><span class='ocrx_word' id='word_1_156' title='bbox 353 2268 604 2338; x_wconf 81' lang='grc' dir='ltr'>ξεύμασι.</span> <span class='ocrx_word' id='word_1_157' title='bbox 647 2268 836 2324; x_wconf 84' lang='grc' dir='ltr'>Ταῦτα·</span> <span class='ocrx_word' id='word_1_158' title='bbox 871 2267 940 2322; x_wconf 60' lang='grc' dir='ltr'><strong>δὲι</strong></span> <span class='ocrx_word' id='word_1_159' title='bbox 959 2267 1143 2322; x_wconf 83' lang='grc' dir='ltr'>πολλοὶ</span> <span class='ocrx_word' id='word_1_160' title='bbox 1176 2267 1286 2320; x_wconf 82' lang='grc' dir='ltr'><strong>τῶν</strong></span> <span class='ocrx_word' id='word_1_161' title='bbox 1314 2267 1440 2338; x_wconf 78' lang='grc' dir='ltr'>τῇδε</span> <span class='ocrx_word' id='word_1_162' title='bbox 1469 2265 1924 2337; x_wconf 84' lang='grc' dir='ltr'>προσοικούντων,</span> 
     </span>
    </p>
   </div>
   <div class='ocr_carea' id='block_1_25' title="bbox 349 2357 1924 2430">
    <p class='ocr_par' dir='ltr' id='par_1_25' title="bbox 349 2357 1924 2430">
     <span class='ocr_line' id='line_1_25' title="bbox 349 2357 1924 2430; baseline -0.001 -19"><span class='ocrx_word' id='word_1_163' title='bbox 349 2360 522 2412; x_wconf 81' lang='grc' dir='ltr'>είσέτι</span> <span class='ocrx_word' id='word_1_164' title='bbox 553 2357 650 2412; x_wconf 85' lang='grc' dir='ltr'><strong>νῦν</strong></span> <span class='ocrx_word' id='word_1_165' title='bbox 679 2359 1189 2430; x_wconf 80' lang='grc' dir='ltr'>ἀπομνημονεύουσι</span> <span class='ocrx_word' id='word_1_166' title='bbox 1217 2376 1231 2390; x_wconf 91' lang='grc'><strong>·</strong></span> <span class='ocrx_word' id='word_1_167' title='bbox 1273 2359 1427 2430; x_wconf 82' lang='grc' dir='ltr'>παρὰ</span> <span class='ocrx_word' id='word_1_168' title='bbox 1470 2358 1525 2412; x_wconf 84' lang='grc' dir='ltr'>δὲ</span> <span class='ocrx_word' id='word_1_169' title='bbox 1567 2359 1924 2428; x_wconf 84' lang='grc' dir='ltr'>Σαρακηνοῖς,</span> 
     </span>
    </p>
   </div>
   <div class='ocr_carea' id='block_1_26' title="bbox 350 2445 1926 2517">
    <p class='ocr_par' dir='ltr' id='par_1_26' title="bbox 350 2445 1926 2517">
     <span class='ocr_line' id='line_1_26' title="bbox 350 2445 1926 2517; baseline 0 -19"><span class='ocrx_word' id='word_1_170' title='bbox 350 2445 409 2498; x_wconf 72' lang='lat' dir='ltr'><strong>tv</strong></span> <span class='ocrx_word' id='word_1_171' title='bbox 434 2445 596 2513; x_wconf 78' lang='grc' dir='ltr'>ᾠδαῖς</span> <span class='ocrx_word' id='word_1_172' title='bbox 621 2446 789 2498; x_wconf 85' lang='grc' dir='ltr'>ἐστιν.</span> <span class='ocrx_word' id='word_1_173' title='bbox 822 2445 1250 2517; x_wconf 78' lang='grc' dir='ltr'>Ἐπιϐαροῦντος</span> <span class='ocrx_word' id='word_1_174' title='bbox 1273 2445 1330 2498; x_wconf 88' lang='grc' dir='ltr'>δὲ</span> <span class='ocrx_word' id='word_1_175' title='bbox 1368 2445 1463 2498; x_wconf 90' lang='grc' dir='ltr'><strong>τοῦ</strong></span> <span class='ocrx_word' id='word_1_176' title='bbox 1486 2446 1744 2517; x_wconf 86' lang='grc' dir='ltr'>πολέμου,</span> <span class='ocrx_word' id='word_1_177' title='bbox 1761 2448 1926 2515; x_wconf 83' lang='grc' dir='ltr'>ἀναγ-</span> 
     </span>
    </p>
   </div>
   <div class='ocr_carea' id='block_1_27' title="bbox 349 2534 1926 2607">
    <p class='ocr_par' dir='ltr' id='par_1_27' title="bbox 349 2534 1926 2607">
     <span class='ocr_line' id='line_1_27' title="bbox 349 2534 1926 2607; baseline 0.001 -19"><span class='ocrx_word' id='word_1_178' title='bbox 349 2538 507 2588; x_wconf 85' lang='grc' dir='ltr'>καῖον</span> <span class='ocrx_word' id='word_1_179' title='bbox 541 2535 715 2588; x_wconf 83' lang='grc' dir='ltr'>ἐδόκει</span> <span class='ocrx_word' id='word_1_180' title='bbox 742 2536 872 2606; x_wconf 73' lang='grc' dir='ltr'>περὶ</span> <span class='ocrx_word' id='word_1_181' title='bbox 904 2537 1128 2607; x_wconf 76' lang='grc' dir='ltr'>εἰρήνης</span> <span class='ocrx_word' id='word_1_182' title='bbox 1172 2534 1612 2606; x_wconf 77' lang='grc' dir='ltr'>πρεσϐεύσασθαι</span> <span class='ocrx_word' id='word_1_183' title='bbox 1641 2534 1777 2604; x_wconf 86' lang='grc' dir='ltr'>πρὸς</span> <span class='ocrx_word' id='word_1_184' title='bbox 1806 2536 1926 2590; x_wconf 75' lang='grc' dir='ltr'>Μαι-</span> 
     </span>
    </p>
   </div>
   <div class='ocr_carea' id='block_1_28' title="bbox 351 2624 1925 2697">
    <p class='ocr_par' dir='ltr' id='par_1_28' title="bbox 351 2624 1925 2697">
     <span class='ocr_line' id='line_1_28' title="bbox 351 2624 1925 2697; baseline -0.001 -17"><span class='ocrx_word' id='word_1_185' title='bbox 351 2627 492 2680; x_wconf 86' lang='grc' dir='ltr'>νίαν.</span> <span class='ocrx_word' id='word_1_186' title='bbox 521 2624 633 2696; x_wconf 81' lang='grc' dir='ltr'><strong>Τὴν</strong></span> <span class='ocrx_word' id='word_1_187' title='bbox 672 2626 729 2679; x_wconf 77' lang='grc' dir='ltr'>δὲ</span> <span class='ocrx_word' id='word_1_188' title='bbox 765 2627 952 2693; x_wconf 80' lang='grc' dir='ltr'>λόγος,</span> <span class='ocrx_word' id='word_1_189' title='bbox 983 2630 1096 2691; x_wconf 89' lang='grc' dir='ltr'>τοῖς</span> <span class='ocrx_word' id='word_1_190' title='bbox 1135 2627 1264 2697; x_wconf 80' lang='grc' dir='ltr'>περὶ</span> <span class='ocrx_word' id='word_1_191' title='bbox 1301 2626 1494 2680; x_wconf 85' lang='grc' dir='ltr'>τούτου</span> <span class='ocrx_word' id='word_1_192' title='bbox 1524 2625 1925 2696; x_wconf 75' lang='grc' dir='ltr'>πρεσϐεύσασιν</span> 
     </span>
    </p>
   </div>
   <div class='ocr_carea' id='block_1_29' title="bbox 349 2718 1925 2792">
    <p class='ocr_par' dir='ltr' id='par_1_29' title="bbox 349 2718 1925 2792">
     <span class='ocr_line' id='line_1_29' title="bbox 349 2718 1925 2792; baseline -0.001 -19"><span class='ocrx_word' id='word_1_193' title='bbox 349 2720 608 2792; x_wconf 80' lang='grc' dir='ltr'>ἄντικρυς</span> <span class='ocrx_word' id='word_1_194' title='bbox 636 2723 887 2775; x_wconf 81' lang='grc' dir='ltr'>ἀπειπεῖν</span> <span class='ocrx_word' id='word_1_195' title='bbox 923 2719 1023 2783; x_wconf 83' lang='grc' dir='ltr'>τὰς</span> <span class='ocrx_word' id='word_1_196' title='bbox 1069 2719 1206 2791; x_wconf 75' lang='grc' dir='ltr'>πρὸς</span> <span class='ocrx_word' id='word_1_197' title='bbox 1245 2718 1548 2789; x_wconf 81' lang='grc' dir='ltr'>Ῥωμαίους</span> <span class='ocrx_word' id='word_1_198' title='bbox 1579 2719 1843 2782; x_wconf 79' lang='grc' dir='ltr'>σπονδάς,</span> <span class='ocrx_word' id='word_1_199' title='bbox 1878 2719 1925 2772; x_wconf 86' lang='grc' dir='ltr'><strong>εί</strong></span> 
     </span>
    </p>
   </div>
   <div class='ocr_carea' id='block_1_30' title="bbox 352 2810 1926 2883">
    <p class='ocr_par' dir='ltr' id='par_1_30' title="bbox 352 2810 1926 2883">
     <span class='ocr_line' id='line_1_30' title="bbox 352 2810 1926 2883; baseline -0.013 -3"><span class='ocrx_word' id='word_1_200' title='bbox 352 2813 428 2883; x_wconf 79' lang='grc' dir='ltr'>μὴ</span> <span class='ocrx_word' id='word_1_201' title='bbox 459 2816 572 2876; x_wconf 85' lang='grc' dir='ltr'>τοῖς</span> <span class='ocrx_word' id='word_1_202' title='bbox 604 2814 695 2866; x_wconf 74' lang='grc' dir='ltr'><strong>ὑπ’</strong></span> <span class='ocrx_word' id='word_1_203' title='bbox 722 2811 891 2883; x_wconf 81' lang='grc' dir='ltr'>αὐτὴν</span> <span class='ocrx_word' id='word_1_204' title='bbox 920 2811 1244 2882; x_wconf 80' lang='grc' dir='ltr'>ἀρχομένοις</span> <span class='ocrx_word' id='word_1_205' title='bbox 1289 2810 1588 2873; x_wconf 73' lang='grc' dir='ltr'>ἐπίσκοπος</span> <span class='ocrx_word' id='word_1_206' title='bbox 1619 2827 1926 2880; x_wconf 83' lang='grc' dir='ltr'>χειροτονη-</span> 
     </span>
    </p>
   </div>
   <div class='ocr_carea' id='block_1_31' title="bbox 348 2900 1923 2974">
    <p class='ocr_par' dir='ltr' id='par_1_31' title="bbox 348 2900 1923 2974">
     <span class='ocr_line' id='line_1_31' title="bbox 348 2900 1923 2974; baseline -0.005 -15"><span class='ocrx_word' id='word_1_207' title='bbox 348 2906 466 2974; x_wconf 83' lang='grc' dir='ltr'>θείη</span> <span class='ocrx_word' id='word_1_208' title='bbox 497 2905 700 2974; x_wconf 75' lang='grc' dir='ltr'>Μωσῆς</span> <span class='ocrx_word' id='word_1_209' title='bbox 744 2921 864 2968; x_wconf 80' lang='grc' dir='ltr'>τις,</span> <span class='ocrx_word' id='word_1_210' title='bbox 896 2903 956 2956; x_wconf 79' lang='grc' dir='ltr'><strong>ἐν</strong></span> <span class='ocrx_word' id='word_1_211' title='bbox 1001 2905 1068 2973; x_wconf 78' lang='grc' dir='ltr'>τῇ</span> <span class='ocrx_word' id='word_1_212' title='bbox 1109 2901 1277 2966; x_wconf 90' lang='grc' dir='ltr'>πέλας</span> <span class='ocrx_word' id='word_1_213' title='bbox 1319 2903 1514 2971; x_wconf 88' lang='grc' dir='ltr'>ἐρήμῳ</span> <span class='ocrx_word' id='word_1_214' title='bbox 1547 2900 1801 2970; x_wconf 85' lang='grc' dir='ltr'>τηνικάδε</span> <span class='ocrx_word' id='word_1_215' title='bbox 1833 2917 1923 2968; x_wconf 82' lang='grc' dir='ltr'><strong>φι-</strong></span> 
     </span>
    </p>
   </div>
   <div class='ocr_carea' id='block_1_32' title="bbox 346 2991 1924 3066">
    <p class='ocr_par' dir='ltr' id='par_1_32' title="bbox 346 2991 1924 3066">
     <span class='ocr_line' id='line_1_32' title="bbox 346 2991 1924 3066; baseline -0.003 -16"><span class='ocrx_word' id='word_1_216' title='bbox 346 2996 590 3065; x_wconf 83' lang='grc' dir='ltr'>λοσοφῶν</span> <span class='ocrx_word' id='word_1_217' title='bbox 610 3013 623 3027; x_wconf 87' lang='grc'><strong>·</strong></span> <span class='ocrx_word' id='word_1_218' title='bbox 655 2993 792 3066; x_wconf 80' lang='grc' dir='ltr'>ἀνὴρ</span> <span class='ocrx_word' id='word_1_219' title='bbox 822 2993 931 3048; x_wconf 80' lang='grc' dir='ltr'><strong>ἀπὸ</strong></span> <span class='ocrx_word' id='word_1_220' title='bbox 974 2992 1090 3063; x_wconf 88' lang='grc' dir='ltr'>βίου</span> <span class='ocrx_word' id='word_1_221' title='bbox 1128 2993 1329 3063; x_wconf 88' lang='grc' dir='ltr'>ἀρετῆς</span> <span class='ocrx_word' id='word_1_222' title='bbox 1350 3033 1364 3056; x_wconf 94' lang='grc'><strong>,</strong></span> <span class='ocrx_word' id='word_1_223' title='bbox 1392 2992 1634 3062; x_wconf 88' lang='grc' dir='ltr'>σημείων</span> <span class='ocrx_word' id='word_1_224' title='bbox 1673 3009 1732 3044; x_wconf 86' lang='grc' dir='ltr'><strong>τε</strong></span> <span class='ocrx_word' id='word_1_225' title='bbox 1766 2991 1924 3045; x_wconf 84' lang='grc' dir='ltr'>θείων</span> 
     </span>
    </p>
   </div>
   <div class='ocr_carea' id='block_1_33' title="bbox 339 3081 1925 3155">
    <p class='ocr_par' dir='ltr' id='par_1_33' title="bbox 339 3081 1925 3155">
     <span class='ocr_line' id='line_1_33' title="bbox 339 3081 1925 3155; baseline -0.004 -15"><span class='ocrx_word' id='word_1_226' title='bbox 339 3087 442 3142; x_wconf 65' lang='grc' dir='ltr'>καὶ</span> <span class='ocrx_word' id='word_1_227' title='bbox 492 3084 810 3155; x_wconf 73' lang='grc' dir='ltr'>παραδόξων</span> <span class='ocrx_word' id='word_1_228' title='bbox 859 3082 1147 3153; x_wconf 79' lang='grc' dir='ltr'>ἐπίσημος.</span> <span class='ocrx_word' id='word_1_229' title='bbox 1195 3082 1615 3152; x_wconf 83' lang='grc' dir='ltr'>Ἐπιτραπέντες</span> <span class='ocrx_word' id='word_1_230' title='bbox 1660 3081 1716 3134; x_wconf 83' lang='grc' dir='ltr'>δὲ</span> <span class='ocrx_word' id='word_1_231' title='bbox 1772 3082 1925 3152; x_wconf 84' lang='grc' dir='ltr'><strong>παρά</strong></span> 
     </span>
    </p>
   </div>
   <div class='ocr_carea' id='block_1_34' title="bbox 2036 616 3612 684">
    <p class='ocr_par' dir='ltr' id='par_1_34' title="bbox 2036 616 3612 684">
     <span class='ocr_line' id='line_1_34' title="bbox 2036 616 3612 684; baseline 0.007 -17"><span class='ocrx_word' id='word_1_232' title='bbox 2036 631 2157 668; x_wconf 84' lang='lat' dir='ltr'><strong>nem</strong></span> <span class='ocrx_word' id='word_1_233' title='bbox 2195 616 2460 678; x_wconf 78' lang='lat' dir='ltr'><strong>Arabiam.-</strong></span> <span class='ocrx_word' id='word_1_234' title='bbox 2505 620 2708 674; x_wconf 79' lang='lat' dir='ltr'><strong>dictatn</strong></span> <span class='ocrx_word' id='word_1_235' title='bbox 2764 621 3034 684; x_wconf 87' lang='lat' dir='ltr'><strong>incolunt,</strong></span> <span class='ocrx_word' id='word_1_236' title='bbox 3075 623 3244 680; x_wconf 78' lang='lat' dir='ltr'><strong>sitam.</strong></span> <span class='ocrx_word' id='word_1_237' title='bbox 3288 624 3358 678; x_wconf 83' lang='lat' dir='ltr'><strong>ad</strong></span> <span class='ocrx_word' id='word_1_238' title='bbox 3418 623 3612 678; x_wconf 71' lang='lat' dir='ltr'><strong>laevum</strong></span> 
     </span>
    </p>
   </div>
   <div class='ocr_carea' id='block_1_35' title="bbox 2032 703 3615 782">
    <p class='ocr_par' dir='ltr' id='par_1_35' title="bbox 2032 703 3615 782">
     <span class='ocr_line' id='line_1_35' title="bbox 2032 703 3615 782; baseline 0.006 -26"><span class='ocrx_word' id='word_1_239' title='bbox 2032 703 2179 760; x_wconf 77' lang='lat' dir='ltr'><strong>tatus</strong></span> <span class='ocrx_word' id='word_1_240' title='bbox 2222 703 2332 760; x_wconf 85' lang='lat' dir='ltr'><strong>Nili</strong></span> <span class='ocrx_word' id='word_1_241' title='bbox 2365 706 2600 762; x_wconf 82' lang='lat' dir='ltr'><strong>adverso</strong></span> <span class='ocrx_word' id='word_1_242' title='bbox 2632 708 2854 766; x_wconf 81' lang='lat' dir='ltr'><strong>tltttnine</strong></span> <span class='ocrx_word' id='word_1_243' title='bbox 2903 711 3210 780; x_wconf 76' lang='lat' dir='ltr'><strong>naviganti.</strong></span> <span class='ocrx_word' id='word_1_244' title='bbox 3251 711 3437 782; x_wconf 84' lang='lat' dir='ltr'><strong>Neque</strong></span> <span class='ocrx_word' id='word_1_245' title='bbox 3482 727 3615 767; x_wconf 90' lang='lat' dir='ltr'><strong>vero</strong></span> 
     </span>
    </p>
   </div>
   <div class='ocr_carea' id='block_1_36' title="bbox 2035 795 3612 874">
    <p class='ocr_par' dir='ltr' id='par_1_36' title="bbox 2035 795 3612 874">
     <span class='ocr_line' id='line_1_36' title="bbox 2035 795 3612 874; baseline 0.006 -26"><span class='ocrx_word' id='word_1_246' title='bbox 2035 795 2086 849; x_wconf 90' lang='lat' dir='ltr'><strong>id</strong></span> <span class='ocrx_word' id='word_1_247' title='bbox 2123 797 2326 852; x_wconf 86' lang='lat' dir='ltr'><strong>bellum</strong></span> <span class='ocrx_word' id='word_1_248' title='bbox 2357 798 2475 854; x_wconf 84' lang='lat' dir='ltr'><strong>leve</strong></span> <span class='ocrx_word' id='word_1_249' title='bbox 2525 799 2696 854; x_wconf 75' lang='lat' dir='ltr'><strong>Vldt‘l‘l</strong></span> <span class='ocrx_word' id='word_1_250' title='bbox 2732 809 2968 870; x_wconf 80' lang='lat' dir='ltr'><strong>poterat.</strong></span> <span class='ocrx_word' id='word_1_251' title='bbox 3011 812 3201 872; x_wconf 80' lang='lat' dir='ltr'><strong>utpote</strong></span> <span class='ocrx_word' id='word_1_252' title='bbox 3229 805 3372 874; x_wconf 86' lang='lat' dir='ltr'><strong>quod</strong></span> <span class='ocrx_word' id='word_1_253' title='bbox 3424 820 3452 857; x_wconf 88' lang='lat' dir='ltr'><strong>a</strong></span> <span class='ocrx_word' id='word_1_254' title='bbox 3488 821 3612 858; x_wconf 87' lang='grc' dir='ltr'>ιιιιι-</span> 
     </span>
    </p>
   </div>
   <div class='ocr_carea' id='block_1_37' title="bbox 2035 887 3614 963">
    <p class='ocr_par' dir='ltr' id='par_1_37' title="bbox 2035 887 3614 963">
     <span class='ocr_line' id='line_1_37' title="bbox 2035 887 3614 963; baseline 0.008 -24"><span class='ocrx_word' id='word_1_255' title='bbox 2035 887 2166 940; x_wconf 88' lang='lat' dir='ltr'><strong>liere</strong></span> <span class='ocrx_word' id='word_1_256' title='bbox 2209 897 2514 956; x_wconf 82' lang='lat' dir='ltr'><strong>gereretur.</strong></span> <span class='ocrx_word' id='word_1_257' title='bbox 2578 890 2732 945; x_wconf 81' lang='lat' dir='ltr'><strong>Adeo</strong></span> <span class='ocrx_word' id='word_1_258' title='bbox 2778 893 2929 950; x_wconf 75' lang='lat' dir='ltr'><strong>enim</strong></span> <span class='ocrx_word' id='word_1_259' title='bbox 2980 907 3236 963; x_wconf 85' lang='lat' dir='ltr'><strong>asperum</strong></span> <span class='ocrx_word' id='word_1_260' title='bbox 3287 909 3350 950; x_wconf 88' lang='lat' dir='ltr'><strong>ac</strong></span> <span class='ocrx_word' id='word_1_261' title='bbox 3393 895 3614 952; x_wconf 72' lang='lat' dir='ltr'><strong>didit-ile</strong></span> 
     </span>
    </p>
   </div>
   <div class='ocr_carea' id='block_1_38' title="bbox 2034 977 3612 1053">
    <p class='ocr_par' dir='ltr' id='par_1_38' title="bbox 2034 977 3612 1053">
     <span class='ocr_line' id='line_1_38' title="bbox 2034 977 3612 1053; baseline 0.009 -23"><span class='ocrx_word' id='word_1_262' title='bbox 2034 977 2300 1032; x_wconf 80' lang='lat' dir='ltr'><strong>Romanis</strong></span> <span class='ocrx_word' id='word_1_263' title='bbox 2331 978 2434 1035; x_wconf 81' lang='lat' dir='ltr'><strong>hoc</strong></span> <span class='ocrx_word' id='word_1_264' title='bbox 2469 988 2750 1041; x_wconf 75' lang='lat' dir='ltr'><strong>certamen</strong></span> <span class='ocrx_word' id='word_1_265' title='bbox 2784 982 2954 1041; x_wconf 80' lang='lat' dir='ltr'><strong>fuisse</strong></span> <span class='ocrx_word' id='word_1_266' title='bbox 2985 984 3189 1053; x_wconf 80' lang='lat' dir='ltr'><strong>ferunt,</strong></span> <span class='ocrx_word' id='word_1_267' title='bbox 3233 996 3291 1042; x_wconf 87' lang='grc' dir='ltr'><strong>ιιι</strong></span> <span class='ocrx_word' id='word_1_268' title='bbox 3323 989 3434 1042; x_wconf 77' lang='lat' dir='ltr'><strong>dux</strong></span> <span class='ocrx_word' id='word_1_269' title='bbox 3471 991 3612 1044; x_wconf 90' lang='lat' dir='ltr'><strong>mili-</strong></span> 
     </span>
    </p>
   </div>
   <div class='ocr_carea' id='block_1_39' title="bbox 2033 1066 3610 1148">
    <p class='ocr_par' dir='ltr' id='par_1_39' title="bbox 2033 1066 3610 1148">
     <span class='ocr_line' id='line_1_39' title="bbox 2033 1066 3610 1148; baseline 0.008 -28"><span class='ocrx_word' id='word_1_270' title='bbox 2033 1079 2145 1121; x_wconf 95' lang='lat' dir='ltr'><strong>tum</strong></span> <span class='ocrx_word' id='word_1_271' title='bbox 2192 1066 2510 1132; x_wconf 67' lang='lat' dir='ltr'><strong>l‘lmnices,</strong></span> <span class='ocrx_word' id='word_1_272' title='bbox 2550 1072 2876 1142; x_wconf 86' lang='lat' dir='ltr'><strong>magistrum</strong></span> <span class='ocrx_word' id='word_1_273' title='bbox 2928 1075 3201 1144; x_wconf 72' lang='lat' dir='ltr'><strong>pedestris</strong></span> <span class='ocrx_word' id='word_1_274' title='bbox 3250 1090 3304 1132; x_wconf 91' lang='lat' dir='ltr'><strong>et</strong></span> <span class='ocrx_word' id='word_1_275' title='bbox 3333 1081 3610 1148; x_wconf 77' lang='lat' dir='ltr'><strong>equestris</strong></span> 
     </span>
    </p>
   </div>
   <div class='ocr_carea' id='block_1_40' title="bbox 2033 1159 3609 1238">
    <p class='ocr_par' dir='ltr' id='par_1_40' title="bbox 2033 1159 3609 1238">
     <span class='ocr_line' id='line_1_40' title="bbox 2033 1159 3609 1238; baseline 0.008 -25"><span class='ocrx_word' id='word_1_276' title='bbox 2033 1159 2244 1214; x_wconf 70' lang='lat' dir='ltr'><strong>militiae</strong></span> <span class='ocrx_word' id='word_1_277' title='bbox 2278 1175 2400 1230; x_wconf 76' lang='lat' dir='ltr'><strong>quae</strong></span> <span class='ocrx_word' id='word_1_278' title='bbox 2441 1171 2562 1217; x_wconf 87' lang='lat' dir='ltr'><strong>erat</strong></span> <span class='ocrx_word' id='word_1_279' title='bbox 2611 1163 2667 1218; x_wconf 91' lang='lat' dir='ltr'><strong>in</strong></span> <span class='ocrx_word' id='word_1_280' title='bbox 2697 1162 2944 1231; x_wconf 84' lang='lat' dir='ltr'><strong>Oriente,</strong></span> <span class='ocrx_word' id='word_1_281' title='bbox 2983 1168 3050 1222; x_wconf 81' lang='lat' dir='ltr'><strong>ad</strong></span> <span class='ocrx_word' id='word_1_282' title='bbox 3092 1184 3251 1238; x_wconf 92' lang='lat' dir='ltr'><strong>opem</strong></span> <span class='ocrx_word' id='word_1_283' title='bbox 3291 1171 3397 1224; x_wconf 86' lang='lat' dir='ltr'><strong>sibi</strong></span> <span class='ocrx_word' id='word_1_284' title='bbox 3429 1171 3609 1225; x_wconf 84' lang='lat' dir='ltr'><strong>fercu-</strong></span> 
     </span>
    </p>
   </div>
   <div class='ocr_carea' id='block_1_41' title="bbox 2030 1248 3608 1326">
    <p class='ocr_par' dir='ltr' id='par_1_41' title="bbox 2030 1248 3608 1326">
     <span class='ocr_line' id='line_1_41' title="bbox 2030 1248 3608 1326; baseline 0.008 -24"><span class='ocrx_word' id='word_1_285' title='bbox 2030 1248 2154 1303; x_wconf 82' lang='lat' dir='ltr'><strong>dam</strong></span> <span class='ocrx_word' id='word_1_286' title='bbox 2193 1253 2492 1307; x_wconf 77' lang='lat' dir='ltr'><strong>vocaverit.</strong></span> <span class='ocrx_word' id='word_1_287' title='bbox 2537 1253 2603 1306; x_wconf 86' lang='lat' dir='ltr'><strong>Et</strong></span> <span class='ocrx_word' id='word_1_288' title='bbox 2645 1249 2907 1326; x_wconf 72' lang='lat' dir='ltr'><strong>magister</strong></span> <span class='ocrx_word' id='word_1_289' title='bbox 2942 1259 3163 1326; x_wconf 84' lang='lat' dir='ltr'><strong>quidem</strong></span> <span class='ocrx_word' id='word_1_290' title='bbox 3217 1261 3450 1314; x_wconf 90' lang='lat' dir='ltr'><strong>militum</strong></span> <span class='ocrx_word' id='word_1_291' title='bbox 3485 1262 3608 1315; x_wconf 82' lang='lat' dir='ltr'><strong>risit</strong></span> 
     </span>
    </p>
   </div>
   <div class='ocr_carea' id='block_1_42' title="bbox 2030 1346 3607 1422">
    <p class='ocr_par' dir='ltr' id='par_1_42' title="bbox 2030 1346 3607 1422">
     <span class='ocr_line' id='line_1_42' title="bbox 2030 1346 3607 1422; baseline 0.008 -28"><span class='ocrx_word' id='word_1_292' title='bbox 2030 1349 2346 1408; x_wconf 86' lang='lat' dir='ltr'><strong>vocantem,</strong></span> <span class='ocrx_word' id='word_1_293' title='bbox 2395 1351 2449 1398; x_wconf 90' lang='lat' dir='ltr'><strong>et</strong></span> <span class='ocrx_word' id='word_1_294' title='bbox 2507 1346 2702 1412; x_wconf 69' lang='lat' dir='ltr'><strong>prmlio</strong></span> <span class='ocrx_word' id='word_1_295' title='bbox 2755 1363 2878 1402; x_wconf 88' lang='lat' dir='ltr'><strong>eum</strong></span> <span class='ocrx_word' id='word_1_296' title='bbox 2932 1348 3201 1406; x_wconf 85' lang='lat' dir='ltr'><strong>interesse</strong></span> <span class='ocrx_word' id='word_1_297' title='bbox 3247 1353 3438 1406; x_wconf 80' lang='lat' dir='ltr'><strong>vetuit.</strong></span> <span class='ocrx_word' id='word_1_298' title='bbox 3489 1353 3607 1422; x_wconf 87' lang='lat' dir='ltr'><strong>Ipse</strong></span> 
     </span>
    </p>
   </div>
   <div class='ocr_carea' id='block_1_43' title="bbox 2031 1433 3607 1513">
    <p class='ocr_par' dir='ltr' id='par_1_43' title="bbox 2031 1433 3607 1513">
     <span class='ocr_line' id='line_1_43' title="bbox 2031 1433 3607 1513; baseline 0.008 -26"><span class='ocrx_word' id='word_1_299' title='bbox 2031 1447 2163 1488; x_wconf 82' lang='lat' dir='ltr'><strong>vero</strong></span> <span class='ocrx_word' id='word_1_300' title='bbox 2216 1433 2335 1490; x_wconf 85' lang='lat' dir='ltr'><strong>acie</strong></span> <span class='ocrx_word' id='word_1_301' title='bbox 2383 1435 2655 1492; x_wconf 84' lang='lat' dir='ltr'><strong>instructa</strong></span> <span class='ocrx_word' id='word_1_302' title='bbox 2703 1453 3039 1507; x_wconf 88' lang='lat' dir='ltr'><strong>congressus</strong></span> <span class='ocrx_word' id='word_1_303' title='bbox 3088 1456 3210 1496; x_wconf 90' lang='lat' dir='ltr'><strong>cum</strong></span> <span class='ocrx_word' id='word_1_304' title='bbox 3256 1442 3428 1496; x_wconf 81' lang='lat' dir='ltr'><strong>Mavia</strong></span> <span class='ocrx_word' id='word_1_305' title='bbox 3485 1460 3607 1513; x_wconf 67' lang='lat' dir='ltr'><strong>quas</strong></span> 
     </span>
    </p>
   </div>
   <div class='ocr_carea' id='block_1_44' title="bbox 2031 1524 3602 1600">
    <p class='ocr_par' dir='ltr' id='par_1_44' title="bbox 2031 1524 3602 1600">
     <span class='ocr_line' id='line_1_44' title="bbox 2031 1524 3602 1600; baseline 0.008 -24"><span class='ocrx_word' id='word_1_306' title='bbox 2031 1524 2224 1592; x_wconf 85' lang='lat' dir='ltr'><strong>copias</strong></span> <span class='ocrx_word' id='word_1_307' title='bbox 2255 1537 2387 1578; x_wconf 88' lang='lat' dir='ltr'><strong>suas</strong></span> <span class='ocrx_word' id='word_1_308' title='bbox 2413 1539 2478 1578; x_wconf 79' lang='lat' dir='ltr'><strong>ex</strong></span> <span class='ocrx_word' id='word_1_309' title='bbox 2516 1525 2748 1582; x_wconf 87' lang='lat' dir='ltr'><strong>adverso</strong></span> <span class='ocrx_word' id='word_1_310' title='bbox 2786 1529 3065 1595; x_wconf 85' lang='lat' dir='ltr'><strong>ductabat,</strong></span> <span class='ocrx_word' id='word_1_311' title='bbox 3095 1530 3152 1584; x_wconf 92' lang='lat' dir='ltr'><strong>in</strong></span> <span class='ocrx_word' id='word_1_312' title='bbox 3185 1531 3364 1600; x_wconf 79' lang='lat' dir='ltr'><strong>fugam</strong></span> <span class='ocrx_word' id='word_1_313' title='bbox 3388 1548 3602 1597; x_wconf 84' lang='lat' dir='ltr'><strong>versus,</strong></span> 
     </span>
    </p>
   </div>
   <div class='ocr_carea' id='block_1_45' title="bbox 2028 1619 3606 1683">
    <p class='ocr_par' dir='ltr' id='par_1_45' title="bbox 2028 1619 3606 1683">
     <span class='ocr_line' id='line_1_45' title="bbox 2028 1619 3606 1683; baseline 0.008 -16"><span class='ocrx_word' id='word_1_314' title='bbox 2028 1628 2172 1683; x_wconf 82' lang='lat' dir='ltr'><strong>aegre</strong></span> <span class='ocrx_word' id='word_1_315' title='bbox 2224 1621 2475 1670; x_wconf 88' lang='lat' dir='ltr'><strong>servatus</strong></span> <span class='ocrx_word' id='word_1_316' title='bbox 2522 1626 2608 1672; x_wconf 89' lang='lat' dir='ltr'><strong>est</strong></span> <span class='ocrx_word' id='word_1_317' title='bbox 2653 1632 2684 1669; x_wconf 76' lang='grc' dir='ltr'><strong>ιι</strong></span> <span class='ocrx_word' id='word_1_318' title='bbox 2733 1619 2876 1674; x_wconf 90' lang='lat' dir='ltr'><strong>duce</strong></span> <span class='ocrx_word' id='word_1_319' title='bbox 2924 1621 3158 1675; x_wconf 88' lang='lat' dir='ltr'><strong>militum</strong></span> <span class='ocrx_word' id='word_1_320' title='bbox 3193 1622 3499 1680; x_wconf 70' lang='lat' dir='ltr'><strong>Palaestinae</strong></span> <span class='ocrx_word' id='word_1_321' title='bbox 3541 1641 3606 1681; x_wconf 86' lang='lat' dir='ltr'><strong>ac</strong></span> 
     </span>
    </p>
   </div>
   <div class='ocr_carea' id='block_1_46' title="bbox 2039 1704 3606 1782">
    <p class='ocr_par' dir='ltr' id='par_1_46' title="bbox 2039 1704 3606 1782">
     <span class='ocr_line' id='line_1_46' title="bbox 2039 1704 3606 1782; baseline 0.01 -25"><span class='ocrx_word' id='word_1_322' title='bbox 2039 1705 2356 1760; x_wconf 71' lang='lat' dir='ltr'><strong>Pbaanices.</strong></span> <span class='ocrx_word' id='word_1_323' title='bbox 2385 1704 2485 1760; x_wconf 83' lang='lat' dir='ltr'><strong>Hic</strong></span> <span class='ocrx_word' id='word_1_324' title='bbox 2513 1707 2660 1762; x_wconf 88' lang='lat' dir='ltr'><strong>enim</strong></span> <span class='ocrx_word' id='word_1_325' title='bbox 2687 1723 2814 1764; x_wconf 88' lang='lat' dir='ltr'><strong>cum</strong></span> <span class='ocrx_word' id='word_1_326' title='bbox 2843 1712 3169 1782; x_wconf 89' lang='lat' dir='ltr'><strong>magistrum</strong></span> <span class='ocrx_word' id='word_1_327' title='bbox 3197 1715 3252 1768; x_wconf 91' lang='lat' dir='ltr'><strong>in</strong></span> <span class='ocrx_word' id='word_1_328' title='bbox 3286 1715 3606 1772; x_wconf 89' lang='lat' dir='ltr'><strong>discrimine</strong></span> 
     </span>
    </p>
   </div>
   <div class='ocr_carea' id='block_1_47' title="bbox 2029 1796 3605 1870">
    <p class='ocr_par' dir='ltr' id='par_1_47' title="bbox 2029 1796 3605 1870">
     <span class='ocr_line' id='line_1_47' title="bbox 2029 1796 3605 1870; baseline 0.009 -21"><span class='ocrx_word' id='word_1_329' title='bbox 2029 1796 2238 1850; x_wconf 86' lang='lat' dir='ltr'><strong>versari</strong></span> <span class='ocrx_word' id='word_1_330' title='bbox 2275 1807 2553 1863; x_wconf 84' lang='lat' dir='ltr'><strong>cerneret,</strong></span> <span class='ocrx_word' id='word_1_331' title='bbox 2607 1801 2834 1856; x_wconf 89' lang='lat' dir='ltr'><strong>stultum</strong></span> <span class='ocrx_word' id='word_1_332' title='bbox 2875 1817 2998 1858; x_wconf 89' lang='lat' dir='ltr'><strong>esse</strong></span> <span class='ocrx_word' id='word_1_333' title='bbox 3043 1804 3402 1870; x_wconf 80' lang='lat' dir='ltr'><strong>existimavit,</strong></span> <span class='ocrx_word' id='word_1_334' title='bbox 3449 1818 3605 1863; x_wconf 79' lang='lat' dir='ltr'><strong>extra</strong></span> 
     </span>
    </p>
   </div>
   <div class='ocr_carea' id='block_1_48' title="bbox 2029 1885 3606 1967">
    <p class='ocr_par' dir='ltr' id='par_1_48' title="bbox 2029 1885 3606 1967">
     <span class='ocr_line' id='line_1_48' title="bbox 2029 1885 3606 1967; baseline 0.011 -30"><span class='ocrx_word' id='word_1_335' title='bbox 2029 1885 2306 1955; x_wconf 87' lang='lat' dir='ltr'><strong>proelium,</strong></span> <span class='ocrx_word' id='word_1_336' title='bbox 2347 1887 2492 1944; x_wconf 82' lang='lat' dir='ltr'><strong>sicut</strong></span> <span class='ocrx_word' id='word_1_337' title='bbox 2549 1889 2643 1944; x_wconf 88' lang='lat' dir='ltr'><strong>ille</strong></span> <span class='ocrx_word' id='word_1_338' title='bbox 2697 1891 2963 1960; x_wconf 72' lang='lat' dir='ltr'><strong>iusserat,</strong></span> <span class='ocrx_word' id='word_1_339' title='bbox 3006 1910 3272 1950; x_wconf 87' lang='lat' dir='ltr'><strong>manere:</strong></span> <span class='ocrx_word' id='word_1_340' title='bbox 3305 1899 3606 1967; x_wconf 84' lang='lat' dir='ltr'><strong>statimque</strong></span> 
     </span>
    </p>
   </div>
   <div class='ocr_carea' id='block_1_49' title="bbox 2029 1983 3604 2062">
    <p class='ocr_par' dir='ltr' id='par_1_49' title="bbox 2029 1983 3604 2062">
     <span class='ocr_line' id='line_1_49' title="bbox 2029 1983 3604 2062; baseline 0.01 -30"><span class='ocrx_word' id='word_1_341' title='bbox 2029 1993 2362 2042; x_wconf 88' lang='lat' dir='ltr'><strong>accurreus.</strong></span> <span class='ocrx_word' id='word_1_342' title='bbox 2411 1983 2668 2040; x_wconf 79' lang='lat' dir='ltr'><strong>barbaris</strong></span> <span class='ocrx_word' id='word_1_343' title='bbox 2738 2002 2860 2042; x_wconf 85' lang='lat' dir='ltr'><strong>sese</strong></span> <span class='ocrx_word' id='word_1_344' title='bbox 2928 1988 3164 2058; x_wconf 88' lang='lat' dir='ltr'><strong>objecit,</strong></span> <span class='ocrx_word' id='word_1_345' title='bbox 3224 2006 3288 2045; x_wconf 91' lang='lat' dir='ltr'><strong>ac</strong></span> <span class='ocrx_word' id='word_1_346' title='bbox 3343 1995 3604 2062; x_wconf 84' lang='lat' dir='ltr'><strong>magistro</strong></span> 
     </span>
    </p>
   </div>
   <div class='ocr_carea' id='block_1_50' title="bbox 2026 2068 3600 2150">
    <p class='ocr_par' dir='ltr' id='par_1_50' title="bbox 2026 2068 3600 2150">
     <span class='ocr_line' id='line_1_50' title="bbox 2026 2068 3600 2150; baseline 0.01 -29"><span class='ocrx_word' id='word_1_347' title='bbox 2026 2068 2248 2136; x_wconf 78' lang='lat' dir='ltr'><strong>quidem</strong></span> <span class='ocrx_word' id='word_1_348' title='bbox 2315 2078 2435 2125; x_wconf 92' lang='lat' dir='ltr'><strong>tuto</strong></span> <span class='ocrx_word' id='word_1_349' title='bbox 2499 2073 2748 2143; x_wconf 75' lang='lat' dir='ltr'><strong>fugiendi</strong></span> <span class='ocrx_word' id='word_1_350' title='bbox 2817 2079 3286 2146; x_wconf 82' lang='lat' dir='ltr'><strong>opportunitatem</strong></span> <span class='ocrx_word' id='word_1_351' title='bbox 3349 2082 3600 2150; x_wconf 72' lang='lat' dir='ltr'><strong>praebuit.</strong></span> 
     </span>
    </p>
   </div>
   <div class='ocr_carea' id='block_1_51' title="bbox 2027 2156 3603 2241">
    <p class='ocr_par' dir='ltr' id='par_1_51' title="bbox 2027 2156 3603 2241">
     <span class='ocr_line' id='line_1_51' title="bbox 2027 2156 3603 2241; baseline 0.01 -30"><span class='ocrx_word' id='word_1_352' title='bbox 2027 2156 2148 2228; x_wconf 86' lang='lat' dir='ltr'><strong>Ipse</strong></span> <span class='ocrx_word' id='word_1_353' title='bbox 2179 2175 2312 2215; x_wconf 90' lang='lat' dir='ltr'><strong>vero</strong></span> <span class='ocrx_word' id='word_1_354' title='bbox 2340 2163 2549 2217; x_wconf 84' lang='lat' dir='ltr'><strong>sensim</strong></span> <span class='ocrx_word' id='word_1_355' title='bbox 2578 2164 2768 2232; x_wconf 78' lang='lat' dir='ltr'><strong>pedem</strong></span> <span class='ocrx_word' id='word_1_356' title='bbox 2797 2167 3065 2230; x_wconf 82' lang='lat' dir='ltr'><strong>referens,</strong></span> <span class='ocrx_word' id='word_1_357' title='bbox 3105 2169 3251 2224; x_wconf 91' lang='lat' dir='ltr'><strong>inter</strong></span> <span class='ocrx_word' id='word_1_358' title='bbox 3282 2171 3603 2241; x_wconf 80' lang='lat' dir='ltr'><strong>fugiendum</strong></span> 
     </span>
    </p>
   </div>
   <div class='ocr_carea' id='block_1_52' title="bbox 2027 2251 3605 2334">
    <p class='ocr_par' dir='ltr' id='par_1_52' title="bbox 2027 2251 3605 2334">
     <span class='ocr_line' id='line_1_52' title="bbox 2027 2251 3605 2334; baseline 0.01 -30"><span class='ocrx_word' id='word_1_359' title='bbox 2027 2252 2134 2305; x_wconf 89' lang='lat' dir='ltr'><strong>tela</strong></span> <span class='ocrx_word' id='word_1_360' title='bbox 2151 2251 2414 2322; x_wconf 72' lang='lat' dir='ltr'><strong>iaciebat,</strong></span> <span class='ocrx_word' id='word_1_361' title='bbox 2441 2257 2738 2326; x_wconf 79' lang='lat' dir='ltr'><strong>hostesque</strong></span> <span class='ocrx_word' id='word_1_362' title='bbox 2769 2259 3155 2317; x_wconf 88' lang='lat' dir='ltr'><strong>incumbentes</strong></span> <span class='ocrx_word' id='word_1_363' title='bbox 3179 2265 3399 2334; x_wconf 87' lang='lat' dir='ltr'><strong>sagittis</strong></span> <span class='ocrx_word' id='word_1_364' title='bbox 3429 2265 3605 2334; x_wconf 90' lang='lat' dir='ltr'><strong>repel-</strong></span> 
     </span>
    </p>
   </div>
   <div class='ocr_carea' id='block_1_53' title="bbox 2027 2344 3603 2428">
    <p class='ocr_par' dir='ltr' id='par_1_53' title="bbox 2027 2344 3603 2428">
     <span class='ocr_line' id='line_1_53' title="bbox 2027 2344 3603 2428; baseline 0.009 -30"><span class='ocrx_word' id='word_1_365' title='bbox 2027 2344 2196 2401; x_wconf 82' lang='lat' dir='ltr'><strong>lebat.</strong></span> <span class='ocrx_word' id='word_1_366' title='bbox 2239 2346 2366 2405; x_wconf 74' lang='lat' dir='ltr'><strong>Hzec</strong></span> <span class='ocrx_word' id='word_1_367' title='bbox 2412 2350 2485 2404; x_wconf 89' lang='lat' dir='ltr'><strong>ita</strong></span> <span class='ocrx_word' id='word_1_368' title='bbox 2539 2360 2692 2420; x_wconf 83' lang='lat' dir='ltr'><strong>gesta</strong></span> <span class='ocrx_word' id='word_1_369' title='bbox 2754 2354 2911 2407; x_wconf 86' lang='lat' dir='ltr'><strong>multi</strong></span> <span class='ocrx_word' id='word_1_370' title='bbox 2959 2370 3025 2408; x_wconf 77' lang='lat' dir='ltr'><strong>ex</strong></span> <span class='ocrx_word' id='word_1_371' title='bbox 3077 2370 3278 2410; x_wconf 85' lang='lat' dir='ltr'><strong>earum.</strong></span> <span class='ocrx_word' id='word_1_372' title='bbox 3320 2358 3603 2428; x_wconf 73' lang='lat' dir='ltr'><strong>regionum</strong></span> 
     </span>
    </p>
   </div>
   <div class='ocr_carea' id='block_1_54' title="bbox 2027 2435 3603 2516">
    <p class='ocr_par' dir='ltr' id='par_1_54' title="bbox 2027 2435 3603 2516">
     <span class='ocr_line' id='line_1_54' title="bbox 2027 2435 3603 2516; baseline 0.008 -26"><span class='ocrx_word' id='word_1_373' title='bbox 2027 2435 2227 2494; x_wconf 86' lang='lat' dir='ltr'><strong>incolis</strong></span> <span class='ocrx_word' id='word_1_374' title='bbox 2251 2439 2555 2497; x_wconf 87' lang='lat' dir='ltr'><strong>etiamnum</strong></span> <span class='ocrx_word' id='word_1_375' title='bbox 2589 2453 3031 2500; x_wconf 76' lang='lat' dir='ltr'><strong>commemorant</strong></span> <span class='ocrx_word' id='word_1_376' title='bbox 3063 2463 3078 2500; x_wconf 90' lang='lat'><strong>:</strong></span> <span class='ocrx_word' id='word_1_377' title='bbox 3113 2454 3169 2501; x_wconf 91' lang='lat' dir='ltr'><strong>et</strong></span> <span class='ocrx_word' id='word_1_378' title='bbox 3207 2449 3348 2516; x_wconf 84' lang='lat' dir='ltr'><strong>apud</strong></span> <span class='ocrx_word' id='word_1_379' title='bbox 3378 2447 3603 2502; x_wconf 82' lang='lat' dir='ltr'><strong>Sarace-</strong></span> 
     </span>
    </p>
   </div>
   <div class='ocr_carea' id='block_1_55' title="bbox 2026 2530 3601 2600">
    <p class='ocr_par' dir='ltr' id='par_1_55' title="bbox 2026 2530 3601 2600">
     <span class='ocr_line' id='line_1_55' title="bbox 2026 2530 3601 2600; baseline 0.008 -18"><span class='ocrx_word' id='word_1_380' title='bbox 2026 2543 2130 2582; x_wconf 88' lang='lat' dir='ltr'><strong>nos</strong></span> <span class='ocrx_word' id='word_1_381' title='bbox 2151 2530 2316 2600; x_wconf 88' lang='lat' dir='ltr'><strong>vulgo</strong></span> <span class='ocrx_word' id='word_1_382' title='bbox 2346 2533 2608 2591; x_wconf 75' lang='lat' dir='ltr'><strong>cantibus</strong></span> <span class='ocrx_word' id='word_1_383' title='bbox 2638 2535 3012 2592; x_wconf 83' lang='lat' dir='ltr'><strong>celebrantur.</strong></span> <span class='ocrx_word' id='word_1_384' title='bbox 3044 2536 3216 2591; x_wconf 77' lang='lat' dir='ltr'><strong>Porro</strong></span> <span class='ocrx_word' id='word_1_385' title='bbox 3241 2553 3367 2592; x_wconf 85' lang='lat' dir='ltr'><strong>cum</strong></span> <span class='ocrx_word' id='word_1_386' title='bbox 3399 2540 3601 2594; x_wconf 77' lang='lat' dir='ltr'><strong>bellant</strong></span> 
     </span>
    </p>
   </div>
   <div class='ocr_carea' id='block_1_56' title="bbox 2026 2617 3605 2694">
    <p class='ocr_par' dir='ltr' id='par_1_56' title="bbox 2026 2617 3605 2694">
     <span class='ocr_line' id='line_1_56' title="bbox 2026 2617 3605 2694; baseline 0.008 -22"><span class='ocrx_word' id='word_1_387' title='bbox 2026 2617 2460 2688; x_wconf 71' lang='lat' dir='ltr'><strong>ingravesceret,</strong></span> <span class='ocrx_word' id='word_1_388' title='bbox 2507 2623 2720 2693; x_wconf 86' lang='lat' dir='ltr'><strong>legatos</strong></span> <span class='ocrx_word' id='word_1_389' title='bbox 2753 2625 2822 2680; x_wconf 88' lang='lat' dir='ltr'><strong>de</strong></span> <span class='ocrx_word' id='word_1_390' title='bbox 2856 2641 2992 2694; x_wconf 85' lang='lat' dir='ltr'><strong>pace</strong></span> <span class='ocrx_word' id='word_1_391' title='bbox 3042 2626 3110 2682; x_wconf 85' lang='lat' dir='ltr'><strong>ad</strong></span> <span class='ocrx_word' id='word_1_392' title='bbox 3153 2626 3386 2684; x_wconf 75' lang='lat' dir='ltr'><strong>Maviam</strong></span> <span class='ocrx_word' id='word_1_393' title='bbox 3419 2644 3605 2684; x_wconf 58' lang='lat' dir='ltr'><strong>neces»</strong></span> 
     </span>
    </p>
   </div>
   <div class='ocr_carea' id='block_1_57' title="bbox 2026 2708 3602 2776">
    <p class='ocr_par' dir='ltr' id='par_1_57' title="bbox 2026 2708 3602 2776">
     <span class='ocr_line' id='line_1_57' title="bbox 2026 2708 3602 2776; baseline 0.008 -13"><span class='ocrx_word' id='word_1_394' title='bbox 2026 2708 2174 2763; x_wconf 86' lang='lat' dir='ltr'><strong>sario</strong></span> <span class='ocrx_word' id='word_1_395' title='bbox 2210 2711 2507 2766; x_wconf 90' lang='lat' dir='ltr'><strong>mittendos</strong></span> <span class='ocrx_word' id='word_1_396' title='bbox 2533 2729 2658 2768; x_wconf 89' lang='lat' dir='ltr'><strong>esse</strong></span> <span class='ocrx_word' id='word_1_397' title='bbox 2700 2713 2933 2770; x_wconf 79' lang='lat' dir='ltr'><strong>Romani</strong></span> <span class='ocrx_word' id='word_1_398' title='bbox 2965 2717 3354 2774; x_wconf 86' lang='lat' dir='ltr'><strong>decreverunt.</strong></span> <span class='ocrx_word' id='word_1_399' title='bbox 3400 2721 3468 2772; x_wconf 83' lang='lat' dir='ltr'><strong>At</strong></span> <span class='ocrx_word' id='word_1_400' title='bbox 3507 2722 3602 2776; x_wconf 82' lang='lat' dir='ltr'><strong>illa</strong></span> 
     </span>
    </p>
   </div>
   <div class='ocr_carea' id='block_1_58' title="bbox 2025 2801 3602 2874">
    <p class='ocr_par' dir='ltr' id='par_1_58' title="bbox 2025 2801 3602 2874">
     <span class='ocr_line' id='line_1_58' title="bbox 2025 2801 3602 2874; baseline 0.007 -19"><span class='ocrx_word' id='word_1_401' title='bbox 2025 2801 2222 2874; x_wconf 78' lang='lat' dir='ltr'><strong>legatis</strong></span> <span class='ocrx_word' id='word_1_402' title='bbox 2253 2803 2378 2872; x_wconf 83' lang='lat' dir='ltr'><strong>ejus</strong></span> <span class='ocrx_word' id='word_1_403' title='bbox 2405 2806 2479 2858; x_wconf 87' lang='lat' dir='ltr'><strong>rei</strong></span> <span class='ocrx_word' id='word_1_404' title='bbox 2515 2821 2683 2863; x_wconf 80' lang='lat' dir='ltr'><strong>causa</strong></span> <span class='ocrx_word' id='word_1_405' title='bbox 2725 2808 2916 2864; x_wconf 83' lang='lat' dir='ltr'><strong>missis</strong></span> <span class='ocrx_word' id='word_1_406' title='bbox 2951 2807 3134 2866; x_wconf 68' lang='lat' dir='ltr'><strong>fuedus</strong></span> <span class='ocrx_word' id='word_1_407' title='bbox 3163 2825 3290 2866; x_wconf 88' lang='lat' dir='ltr'><strong>cum</strong></span> <span class='ocrx_word' id='word_1_408' title='bbox 3333 2809 3602 2866; x_wconf 80' lang='lat' dir='ltr'><strong>Romanis</strong></span> 
     </span>
    </p>
   </div>
   <div class='ocr_carea' id='block_1_59' title="bbox 2024 2900 3600 2971">
    <p class='ocr_par' dir='ltr' id='par_1_59' title="bbox 2024 2900 3600 2971">
     <span class='ocr_line' id='line_1_59' title="bbox 2024 2900 3600 2971; baseline 0.007 -25"><span class='ocrx_word' id='word_1_409' title='bbox 2024 2906 2412 2961; x_wconf 88' lang='lat' dir='ltr'><strong>percussuram</strong></span> <span class='ocrx_word' id='word_1_410' title='bbox 2466 2911 2526 2952; x_wconf 90' lang='lat' dir='ltr'><strong>se</strong></span> <span class='ocrx_word' id='word_1_411' title='bbox 2574 2911 2826 2965; x_wconf 80' lang='lat' dir='ltr'><strong>prorsus,</strong></span> <span class='ocrx_word' id='word_1_412' title='bbox 2862 2907 2922 2953; x_wconf 91' lang='lat' dir='ltr'><strong>ut</strong></span> <span class='ocrx_word' id='word_1_413' title='bbox 2969 2900 3144 2964; x_wconf 89' lang='lat' dir='ltr'><strong>aiunt,</strong></span> <span class='ocrx_word' id='word_1_414' title='bbox 3203 2906 3439 2971; x_wconf 81' lang='lat' dir='ltr'><strong>negavit,</strong></span> <span class='ocrx_word' id='word_1_415' title='bbox 3492 2904 3600 2958; x_wconf 86' lang='lat' dir='ltr'><strong>nisi</strong></span> 
     </span>
    </p>
   </div>
   <div class='ocr_carea' id='block_1_60' title="bbox 2025 2986 3595 3063">
    <p class='ocr_par' dir='ltr' id='par_1_60' title="bbox 2025 2986 3595 3063">
     <span class='ocr_line' id='line_1_60' title="bbox 2025 2986 3595 3063; baseline 0.006 -25"><span class='ocrx_word' id='word_1_416' title='bbox 2025 2986 2204 3055; x_wconf 88' lang='lat' dir='ltr'><strong>gentis</strong></span> <span class='ocrx_word' id='word_1_417' title='bbox 2245 3001 2358 3040; x_wconf 81' lang='lat' dir='ltr'><strong>sua:</strong></span> <span class='ocrx_word' id='word_1_418' title='bbox 2397 2987 2752 3044; x_wconf 83' lang='lat' dir='ltr'><strong>ordinaretur</strong></span> <span class='ocrx_word' id='word_1_419' title='bbox 2799 2991 3098 3061; x_wconf 87' lang='lat' dir='ltr'><strong>episcopus</strong></span> <span class='ocrx_word' id='word_1_420' title='bbox 3134 2991 3311 3048; x_wconf 74' lang='lat' dir='ltr'><strong>Moses</strong></span> <span class='ocrx_word' id='word_1_421' title='bbox 3345 2995 3595 3063; x_wconf 85' lang='lat' dir='ltr'><strong>quidam,</strong></span> 
     </span>
    </p>
   </div>
   <div class='ocr_carea' id='block_1_61' title="bbox 2025 3075 3599 3156">
    <p class='ocr_par' dir='ltr' id='par_1_61' title="bbox 2025 3075 3599 3156">
     <span class='ocr_line' id='line_1_61' title="bbox 2025 3075 3599 3156; baseline 0.006 -27"><span class='ocrx_word' id='word_1_422' title='bbox 2025 3075 2122 3145; x_wconf 89' lang='lat' dir='ltr'><strong>qui</strong></span> <span class='ocrx_word' id='word_1_423' title='bbox 2154 3084 2268 3130; x_wconf 92' lang='lat' dir='ltr'><strong>tum</strong></span> <span class='ocrx_word' id='word_1_424' title='bbox 2299 3079 2568 3148; x_wconf 89' lang='lat' dir='ltr'><strong>temporis</strong></span> <span class='ocrx_word' id='word_1_425' title='bbox 2608 3079 2664 3134; x_wconf 91' lang='lat' dir='ltr'><strong>in</strong></span> <span class='ocrx_word' id='word_1_426' title='bbox 2701 3081 2882 3134; x_wconf 88' lang='lat' dir='ltr'><strong>vicina</strong></span> <span class='ocrx_word' id='word_1_427' title='bbox 2915 3084 3218 3139; x_wconf 84' lang='lat' dir='ltr'><strong>solitudine</strong></span> <span class='ocrx_word' id='word_1_428' title='bbox 3246 3085 3599 3156; x_wconf 84' lang='lat' dir='ltr'><strong>philosopha-</strong></span> 
     </span>
    </p>
   </div>
   <div class='ocr_carea' id='block_1_62' title="bbox 339 3167 1923 3249">
    <p class='ocr_par' dir='ltr' id='par_1_62' title="bbox 339 3171 1923 3249">
     <span class='ocr_line' id='line_1_62' title="bbox 339 3171 1923 3249; baseline -0.003 -20"><span class='ocrx_word' id='word_1_429' title='bbox 339 3177 615 3249; x_wconf 71' lang='grc' dir='ltr'>βασιλέως</span> <span class='ocrx_word' id='word_1_430' title='bbox 641 3177 690 3228; x_wconf 82' lang='grc' dir='ltr'>οἱ</span> <span class='ocrx_word' id='word_1_431' title='bbox 733 3174 861 3228; x_wconf 85' lang='grc' dir='ltr'>τάδε</span> <span class='ocrx_word' id='word_1_432' title='bbox 909 3173 1247 3243; x_wconf 85' lang='grc' dir='ltr'>μηνύσαντες</span> <span class='ocrx_word' id='word_1_433' title='bbox 1279 3173 1386 3227; x_wconf 83' lang='grc' dir='ltr'>τῶν</span> <span class='ocrx_word' id='word_1_434' title='bbox 1416 3171 1761 3243; x_wconf 85' lang='grc' dir='ltr'>στρατιωτῶν</span> <span class='ocrx_word' id='word_1_435' title='bbox 1793 3175 1923 3243; x_wconf 80' lang='grc' dir='ltr'>ἡγε-</span> 
     </span>
    </p>
   </div>
   <div class='ocr_carea' id='block_1_63' title="bbox 2027 3167 3601 3249">
    <p class='ocr_par' dir='ltr' id='par_1_63' title="bbox 2027 3167 3601 3236">
     <span class='ocr_line' id='line_1_63' title="bbox 2027 3167 3601 3236; baseline 0.006 -14"><span class='ocrx_word' id='word_1_436' title='bbox 2027 3167 2222 3222; x_wconf 86' lang='lat' dir='ltr'><strong>batur:</strong></span> <span class='ocrx_word' id='word_1_437' title='bbox 2271 3169 2357 3224; x_wconf 89' lang='lat' dir='ltr'><strong>vir</strong></span> <span class='ocrx_word' id='word_1_438' title='bbox 2396 3177 2513 3224; x_wconf 88' lang='lat' dir='ltr'><strong>tum</strong></span> <span class='ocrx_word' id='word_1_439' title='bbox 2568 3171 2638 3229; x_wconf 84' lang='lat' dir='ltr'><strong>ob</strong></span> <span class='ocrx_word' id='word_1_440' title='bbox 2671 3174 2808 3231; x_wconf 62' lang='lat' dir='ltr'><strong>vitae,</strong></span> <span class='ocrx_word' id='word_1_441' title='bbox 2843 3174 3216 3236; x_wconf 81' lang='lat' dir='ltr'><strong>sanctitatem,</strong></span> <span class='ocrx_word' id='word_1_442' title='bbox 3248 3183 3360 3229; x_wconf 88' lang='lat' dir='ltr'><strong>tum</strong></span> <span class='ocrx_word' id='word_1_443' title='bbox 3413 3177 3484 3230; x_wconf 92' lang='lat' dir='ltr'><strong>ob</strong></span> <span class='ocrx_word' id='word_1_444' title='bbox 3518 3177 3601 3231; x_wconf 83' lang='lat' dir='ltr'><strong>di-</strong></span> 
     </span>
    </p>
   </div>
   <div class='ocr_carea' id='block_1_64' title="bbox 339 3264 1920 3338">
    <p class='ocr_par' dir='ltr' id='par_1_64' title="bbox 339 3264 1920 3338">
     <span class='ocr_line' id='line_1_64' title="bbox 339 3264 1920 3338; baseline -0.003 -17"><span class='ocrx_word' id='word_1_445' title='bbox 339 3268 542 3338; x_wconf 67' lang='grc' dir='ltr'>μόνες,</span> <span class='ocrx_word' id='word_1_446' title='bbox 593 3265 1031 3336; x_wconf 76' lang='grc' dir='ltr'>συλλαμϐάνουσι</span> <span class='ocrx_word' id='word_1_447' title='bbox 1076 3264 1166 3318; x_wconf 80' lang='grc' dir='ltr'><strong>τὸν</strong></span> <span class='ocrx_word' id='word_1_448' title='bbox 1216 3264 1420 3334; x_wconf 76' lang='grc' dir='ltr'>Μωσῆν</span> <span class='ocrx_word' id='word_1_449' title='bbox 1447 3305 1462 3330; x_wconf 94' lang='grc'><strong>,</strong></span> <span class='ocrx_word' id='word_1_450' title='bbox 1511 3265 1604 3317; x_wconf 78' lang='grc' dir='ltr'><strong>καὶ</strong></span> <span class='ocrx_word' id='word_1_451' title='bbox 1650 3264 1799 3335; x_wconf 75' lang='grc' dir='ltr'>παρὰ</span> <span class='ocrx_word' id='word_1_452' title='bbox 1828 3264 1920 3316; x_wconf 83' lang='grc' dir='ltr'><strong>τὸν</strong></span> 
     </span>
    </p>
   </div>
   <div class='ocr_carea' id='block_1_65' title="bbox 343 3354 1918 3426">
    <p class='ocr_par' dir='ltr' id='par_1_65' title="bbox 343 3354 1918 3426">
     <span class='ocr_line' id='line_1_65' title="bbox 343 3354 1918 3426; baseline -0.001 -14"><span class='ocrx_word' id='word_1_453' title='bbox 343 3357 574 3412; x_wconf 81' lang='grc' dir='ltr'>Λούκιον</span> <span class='ocrx_word' id='word_1_454' title='bbox 607 3357 850 3424; x_wconf 77' lang='grc' dir='ltr'>ἄγουσιν.</span> <span class='ocrx_word' id='word_1_455' title='bbox 892 3355 950 3410; x_wconf 82' lang='lat'><strong>&#39;0</strong></span> <span class='ocrx_word' id='word_1_456' title='bbox 968 3354 1046 3420; x_wconf 84' lang='grc' dir='ltr'>δὲ,</span> <span class='ocrx_word' id='word_1_457' title='bbox 1071 3354 1357 3424; x_wconf 88' lang='grc' dir='ltr'>παρόντων</span> <span class='ocrx_word' id='word_1_458' title='bbox 1383 3355 1661 3426; x_wconf 82' lang='grc' dir='ltr'>ἀρχόντων</span> <span class='ocrx_word' id='word_1_459' title='bbox 1698 3357 1792 3410; x_wconf 77' lang='grc' dir='ltr'>καὶ</span> <span class='ocrx_word' id='word_1_460' title='bbox 1824 3356 1918 3410; x_wconf 88' lang='grc' dir='ltr'><strong>τοῦ</strong></span> 
     </span>
    </p>
   </div>
   <div class='ocr_carea' id='block_1_66' title="bbox 341 3445 1918 3521">
    <p class='ocr_par' dir='ltr' id='par_1_66' title="bbox 341 3445 1918 3521">
     <span class='ocr_line' id='line_1_66' title="bbox 341 3445 1918 3521; baseline 0.002 -21"><span class='ocrx_word' id='word_1_461' title='bbox 341 3447 691 3512; x_wconf 83' lang='grc' dir='ltr'>συνελθόντος</span> <span class='ocrx_word' id='word_1_462' title='bbox 723 3447 989 3517; x_wconf 81' lang='grc' dir='ltr'>πλήθους,</span> <span class='ocrx_word' id='word_1_463' title='bbox 1020 3446 1287 3516; x_wconf 87' lang='grc' dir='ltr'>Ἐπίσχες,</span> <span class='ocrx_word' id='word_1_464' title='bbox 1315 3446 1418 3516; x_wconf 74' lang='grc' dir='ltr'><strong>ἔφη</strong></span> <span class='ocrx_word' id='word_1_465' title='bbox 1437 3449 1564 3518; x_wconf 81' lang='grc' dir='ltr'>·οὐχ</span> <span class='ocrx_word' id='word_1_466' title='bbox 1589 3445 1696 3514; x_wconf 76' lang='grc' dir='ltr'>οἷός</span> <span class='ocrx_word' id='word_1_467' title='bbox 1724 3467 1785 3502; x_wconf 87' lang='grc' dir='ltr'><strong>τε</strong></span> <span class='ocrx_word' id='word_1_468' title='bbox 1811 3450 1918 3521; x_wconf 89' lang='grc' dir='ltr'><strong>γάρ</strong></span> 
     </span>
    </p>
   </div>
   <div class='ocr_carea' id='block_1_67' title="bbox 335 3536 1918 3617">
    <p class='ocr_par' dir='ltr' id='par_1_67' title="bbox 335 3536 1918 3617">
     <span class='ocr_line' id='line_1_67' title="bbox 335 3536 1918 3617; baseline 0.004 -27"><span class='ocrx_word' id='word_1_469' title='bbox 335 3539 460 3607; x_wconf 77' lang='grc' dir='ltr'>εἰμι</span> <span class='ocrx_word' id='word_1_470' title='bbox 491 3538 677 3609; x_wconf 77' lang='grc' dir='ltr'>φέρειν</span> <span class='ocrx_word' id='word_1_471' title='bbox 706 3537 1010 3608; x_wconf 80' lang='grc' dir='ltr'>ἀρχιερέως</span> <span class='ocrx_word' id='word_1_472' title='bbox 1035 3536 1204 3608; x_wconf 72' lang='grc' dir='ltr'>ὄνομα</span> <span class='ocrx_word' id='word_1_473' title='bbox 1226 3539 1321 3617; x_wconf 77' lang='grc' dir='ltr'>καὶ</span> <span class='ocrx_word' id='word_1_474' title='bbox 1356 3540 1521 3609; x_wconf 78' lang='grc' dir='ltr'>τιμὴν</span> <span class='ocrx_word' id='word_1_475' title='bbox 1553 3539 1740 3605; x_wconf 81' lang='grc' dir='ltr'>ἀξίως.</span> <span class='ocrx_word' id='word_1_476' title='bbox 1773 3543 1835 3596; x_wconf 81' lang='grc' dir='ltr'><strong>Εἰ</strong></span> <span class='ocrx_word' id='word_1_477' title='bbox 1870 3542 1918 3596; x_wconf 72' lang='grc' dir='ltr'>δ’</span> 
     </span>
    </p>
   </div>
   <div class='ocr_carea' id='block_1_68' title="bbox 338 3626 1914 3699">
    <p class='ocr_par' dir='ltr' id='par_1_68' title="bbox 338 3626 1914 3699">
     <span class='ocr_line' id='line_1_68' title="bbox 338 3626 1914 3699; baseline 0.001 -15"><span class='ocrx_word' id='word_1_478' title='bbox 338 3630 453 3699; x_wconf 75' lang='grc' dir='ltr'><strong>ἀρα</strong></span> <span class='ocrx_word' id='word_1_479' title='bbox 495 3629 588 3682; x_wconf 74' lang='grc' dir='ltr'><strong>καὶ</strong></span> <span class='ocrx_word' id='word_1_480' title='bbox 629 3628 722 3680; x_wconf 72' lang='grc' dir='ltr'>ἐπὶ</span> <span class='ocrx_word' id='word_1_481' title='bbox 767 3627 972 3698; x_wconf 79' lang='grc' dir='ltr'>ἀναξίῳ</span> <span class='ocrx_word' id='word_1_482' title='bbox 1015 3626 1126 3679; x_wconf 75' lang='grc' dir='ltr'>ὄντι</span> <span class='ocrx_word' id='word_1_483' title='bbox 1169 3643 1258 3698; x_wconf 88' lang='grc' dir='ltr'><strong>μοι</strong></span> <span class='ocrx_word' id='word_1_484' title='bbox 1301 3628 1458 3683; x_wconf 88' lang='grc' dir='ltr'>τοῦτο</span> <span class='ocrx_word' id='word_1_485' title='bbox 1494 3630 1728 3684; x_wconf 85' lang='grc' dir='ltr'>ἐπινεύοι</span> <span class='ocrx_word' id='word_1_486' title='bbox 1763 3631 1914 3698; x_wconf 71' lang='grc' dir='ltr'>θεὸς,</span> 
     </span>
    </p>
   </div>
   <div class='ocr_carea' id='block_1_69' title="bbox 349 3717 1918 3792">
    <p class='ocr_par' dir='ltr' id='par_1_69' title="bbox 349 3717 1918 3792">
     <span class='ocr_line' id='line_1_69' title="bbox 349 3717 1918 3792; baseline 0.001 -20"><span class='ocrx_word' id='word_1_487' title='bbox 349 3719 690 3790; x_wconf 83' lang='grc' dir='ltr'>μαρτύρομαι</span> <span class='ocrx_word' id='word_1_488' title='bbox 734 3718 825 3772; x_wconf 77' lang='grc' dir='ltr'><strong>τὸν</strong></span> <span class='ocrx_word' id='word_1_489' title='bbox 877 3718 1108 3786; x_wconf 80' lang='grc' dir='ltr'>ούρανοῦ</span> <span class='ocrx_word' id='word_1_490' title='bbox 1144 3717 1239 3771; x_wconf 59' lang='grc' dir='ltr'><strong>καὶ⁸</strong></span> <span class='ocrx_word' id='word_1_491' title='bbox 1283 3718 1387 3788; x_wconf 87' lang='grc' dir='ltr'><strong>γῆς</strong></span> <span class='ocrx_word' id='word_1_492' title='bbox 1439 3721 1803 3792; x_wconf 86' lang='grc' dir='ltr'>δημιουργὸν,</span> <span class='ocrx_word' id='word_1_493' title='bbox 1843 3722 1918 3786; x_wconf 82' lang='grc' dir='ltr'>ὡς</span> 
     </span>
    </p>
   </div>
   <div class='ocr_carea' id='block_1_70' title="bbox 339 3811 1917 3886">
    <p class='ocr_par' dir='ltr' id='par_1_70' title="bbox 339 3811 1917 3886">
     <span class='ocr_line' id='line_1_70' title="bbox 339 3811 1917 3886; baseline 0.001 -22"><span class='ocrx_word' id='word_1_494' title='bbox 339 3812 442 3875; x_wconf 78' lang='grc' dir='ltr'><strong>τὰς</strong></span> <span class='ocrx_word' id='word_1_495' title='bbox 477 3811 574 3874; x_wconf 76' lang='grc' dir='ltr'>σὰς</span> <span class='ocrx_word' id='word_1_496' title='bbox 608 3811 708 3864; x_wconf 83' lang='grc' dir='ltr'><strong>ούκ</strong></span> <span class='ocrx_word' id='word_1_497' title='bbox 733 3811 1009 3875; x_wconf 75' lang='grc' dir='ltr'>ἐπιϐαλεῖς</span> <span class='ocrx_word' id='word_1_498' title='bbox 1035 3829 1125 3882; x_wconf 86' lang='grc' dir='ltr'><strong>μοι</strong></span> <span class='ocrx_word' id='word_1_499' title='bbox 1156 3815 1374 3883; x_wconf 88' lang='grc' dir='ltr'>χεῖρας,</span> <span class='ocrx_word' id='word_1_500' title='bbox 1397 3814 1589 3882; x_wconf 76' lang='grc' dir='ltr'>αἵματι</span> <span class='ocrx_word' id='word_1_501' title='bbox 1618 3815 1710 3866; x_wconf 76' lang='grc' dir='ltr'><strong>καὶ</strong></span> <span class='ocrx_word' id='word_1_502' title='bbox 1736 3813 1917 3886; x_wconf 77' lang='grc' dir='ltr'>λύθρῳ</span> 
     </span>
    </p>
   </div>
   <div class='ocr_carea' id='block_1_71' title="bbox 337 3903 1916 3975">
    <p class='ocr_par' dir='ltr' id='par_1_71' title="bbox 337 3903 1916 3975">
     <span class='ocr_line' id='line_1_71' title="bbox 337 3903 1916 3975; baseline -0.001 -15"><span class='ocrx_word' id='word_1_503' title='bbox 337 3905 697 3974; x_wconf 71' lang='grc' dir='ltr'>πεφυρμένας</span> <span class='ocrx_word' id='word_1_504' title='bbox 736 3903 907 3972; x_wconf 81' lang='grc' dir='ltr'>ἁγίων</span> <span class='ocrx_word' id='word_1_505' title='bbox 933 3904 1161 3975; x_wconf 83' lang='grc' dir='ltr'>ἀνδρῶν.</span> <span class='ocrx_word' id='word_1_506' title='bbox 1216 3905 1532 3958; x_wconf 82' lang='grc' dir='ltr'>’Υπολαϐὼν</span> <span class='ocrx_word' id='word_1_507' title='bbox 1574 3906 1631 3958; x_wconf 87' lang='grc' dir='ltr'>δὲ</span> <span class='ocrx_word' id='word_1_508' title='bbox 1667 3905 1916 3969; x_wconf 85' lang='grc' dir='ltr'>Λούκιος,</span> 
     </span>
    </p>
   </div>
   <div class='ocr_carea' id='block_1_72' title="bbox 342 3994 1918 4066">
    <p class='ocr_par' dir='ltr' id='par_1_72' title="bbox 342 3994 1918 4066">
     <span class='ocr_line' id='line_1_72' title="bbox 342 3994 1918 4066; baseline 0.001 -17"><span class='ocrx_word' id='word_1_509' title='bbox 342 3998 408 4050; x_wconf 76' lang='grc' dir='ltr'><strong>Εἰ</strong></span> <span class='ocrx_word' id='word_1_510' title='bbox 440 3996 535 4066; x_wconf 80' lang='grc' dir='ltr'><strong>μὲν</strong></span> <span class='ocrx_word' id='word_1_511' title='bbox 561 3995 662 4057; x_wconf 83' lang='grc' dir='ltr'>έτι,</span> <span class='ocrx_word' id='word_1_512' title='bbox 688 3994 872 4064; x_wconf 81' lang='grc' dir='ltr'>φησὶν,</span> <span class='ocrx_word' id='word_1_513' title='bbox 896 3995 1109 4062; x_wconf 86' lang='grc' dir='ltr'>ἀγνοεῖς</span> <span class='ocrx_word' id='word_1_514' title='bbox 1134 3994 1231 4065; x_wconf 83' lang='grc' dir='ltr'>τὴν</span> <span class='ocrx_word' id='word_1_515' title='bbox 1254 3994 1392 4065; x_wconf 81' lang='grc' dir='ltr'>ἐμὴν</span> <span class='ocrx_word' id='word_1_516' title='bbox 1418 3995 1619 4061; x_wconf 84' lang='grc' dir='ltr'>πίστιν,</span> <span class='ocrx_word' id='word_1_517' title='bbox 1644 3997 1703 4048; x_wconf 83' lang='grc' dir='ltr'><strong>ού</strong></span> <span class='ocrx_word' id='word_1_518' title='bbox 1733 3996 1918 4051; x_wconf 85' lang='grc' dir='ltr'>δίκαια</span> 
     </span>
    </p>
   </div>
   <div class='ocr_carea' id='block_1_73' title="bbox 342 4087 1916 4158">
    <p class='ocr_par' dir='ltr' id='par_1_73' title="bbox 342 4087 1916 4158">
     <span class='ocr_line' id='line_1_73' title="bbox 342 4087 1916 4158; baseline 0 -18"><span class='ocrx_word' id='word_1_519' title='bbox 342 4089 517 4149; x_wconf 84' lang='grc' dir='ltr'>ποιεῖς</span> <span class='ocrx_word' id='word_1_520' title='bbox 540 4126 554 4150; x_wconf 97' lang='grc'><strong>,</strong></span> <span class='ocrx_word' id='word_1_521' title='bbox 593 4087 722 4156; x_wconf 69' lang='grc' dir='ltr'>πρὶν</span> <span class='ocrx_word' id='word_1_522' title='bbox 757 4088 949 4156; x_wconf 86' lang='grc' dir='ltr'>μαθεῖν</span> <span class='ocrx_word' id='word_1_523' title='bbox 975 4087 1472 4158; x_wconf 83' lang='grc' dir='ltr'>ἀποστρεφόμενος.</span> <span class='ocrx_word' id='word_1_524' title='bbox 1513 4088 1575 4139; x_wconf 87' lang='lat' dir='ltr'><strong>El</strong></span> <span class='ocrx_word' id='word_1_525' title='bbox 1611 4087 1668 4139; x_wconf 84' lang='grc' dir='ltr'><strong>δὲ</strong></span> <span class='ocrx_word' id='word_1_526' title='bbox 1696 4087 1916 4140; x_wconf 82' lang='grc' dir='ltr'>διαϐαλ-</span> 
     </span>
    </p>
   </div>
   <div class='ocr_carea' id='block_1_74' title="bbox 336 4177 1913 4248">
    <p class='ocr_par' dir='ltr' id='par_1_74' title="bbox 336 4177 1913 4248">
     <span class='ocr_line' id='line_1_74' title="bbox 336 4177 1913 4248; baseline 0.001 -18"><span class='ocrx_word' id='word_1_527' title='bbox 336 4177 544 4231; x_wconf 86' lang='grc' dir='ltr'>λόντων</span> <span class='ocrx_word' id='word_1_528' title='bbox 575 4179 734 4229; x_wconf 84' lang='grc' dir='ltr'>τινῶν</span> <span class='ocrx_word' id='word_1_529' title='bbox 755 4219 770 4243; x_wconf 87' lang='grc'><strong>,</strong></span> <span class='ocrx_word' id='word_1_530' title='bbox 815 4177 916 4245; x_wconf 80' lang='grc' dir='ltr'>ἄγε</span> <span class='ocrx_word' id='word_1_531' title='bbox 947 4177 1013 4244; x_wconf 85' lang='grc' dir='ltr'>δὴ</span> <span class='ocrx_word' id='word_1_532' title='bbox 1045 4178 1141 4231; x_wconf 76' lang='grc' dir='ltr'><strong>καὶ</strong></span> <span class='ocrx_word' id='word_1_533' title='bbox 1182 4177 1278 4230; x_wconf 87' lang='grc' dir='ltr'><strong>νῦν</strong></span> <span class='ocrx_word' id='word_1_534' title='bbox 1311 4177 1544 4231; x_wconf 80' lang='grc' dir='ltr'>ἄκουσον</span> <span class='ocrx_word' id='word_1_535' title='bbox 1591 4178 1722 4248; x_wconf 80' lang='grc' dir='ltr'>παρ’</span> <span class='ocrx_word' id='word_1_536' title='bbox 1756 4178 1913 4248; x_wconf 86' lang='grc' dir='ltr'>ἐμοῦ,</span> 
     </span>
    </p>
   </div>
   <div class='ocr_carea' id='block_1_75' title="bbox 337 4268 1914 4340">
    <p class='ocr_par' dir='ltr' id='par_1_75' title="bbox 337 4268 1914 4340">
     <span class='ocr_line' id='line_1_75' title="bbox 337 4268 1914 4340; baseline -0.001 -16"><span class='ocrx_word' id='word_1_537' title='bbox 337 4270 439 4325; x_wconf 73' lang='grc' dir='ltr'><strong>καὶ</strong></span> <span class='ocrx_word' id='word_1_538' title='bbox 462 4269 656 4340; x_wconf 77' lang='grc' dir='ltr'>κριτὴς</span> <span class='ocrx_word' id='word_1_539' title='bbox 681 4269 839 4336; x_wconf 81' lang='grc' dir='ltr'>γενοῦ</span> <span class='ocrx_word' id='word_1_540' title='bbox 873 4269 982 4322; x_wconf 79' lang='grc' dir='ltr'>τῶν</span> <span class='ocrx_word' id='word_1_541' title='bbox 1017 4269 1346 4340; x_wconf 87' lang='grc' dir='ltr'>λεγομένων.</span> <span class='ocrx_word' id='word_1_542' title='bbox 1392 4269 1530 4321; x_wconf 87' lang='grc' dir='ltr'>Ἀλλ’</span> <span class='ocrx_word' id='word_1_543' title='bbox 1556 4268 1743 4339; x_wconf 66' lang='grc' dir='ltr'>ἔμοιγε</span> <span class='ocrx_word' id='word_1_544' title='bbox 1766 4310 1781 4332; x_wconf 89' lang='grc'><strong>,</strong></span> <span class='ocrx_word' id='word_1_545' title='bbox 1811 4269 1914 4340; x_wconf 73' lang='grc' dir='ltr'><strong>ἔφη</strong></span> 
     </span>
    </p>
   </div>
   <div class='ocr_carea' id='block_1_76' title="bbox 339 4360 1917 4431">
    <p class='ocr_par' dir='ltr' id='par_1_76' title="bbox 339 4360 1917 4431">
     <span class='ocr_line' id='line_1_76' title="bbox 339 4360 1917 4431; baseline -0.001 -17"><span class='ocrx_word' id='word_1_546' title='bbox 339 4362 548 4430; x_wconf 73' lang='grc' dir='ltr'>Μωσῆς</span> <span class='ocrx_word' id='word_1_547' title='bbox 567 4401 580 4424; x_wconf 93' lang='grc'><strong>,</strong></span> <span class='ocrx_word' id='word_1_548' title='bbox 601 4361 718 4413; x_wconf 86' lang='grc' dir='ltr'>λίαν</span> <span class='ocrx_word' id='word_1_549' title='bbox 747 4361 924 4431; x_wconf 77' lang='grc' dir='ltr'>σαφὴς</span> <span class='ocrx_word' id='word_1_550' title='bbox 959 4360 1207 4429; x_wconf 86' lang='grc' dir='ltr'>φαίνεται</span> <span class='ocrx_word' id='word_1_551' title='bbox 1241 4362 1275 4430; x_wconf 79' lang='grc' dir='ltr'><strong>η</strong></span> <span class='ocrx_word' id='word_1_552' title='bbox 1308 4360 1374 4430; x_wconf 88' lang='grc' dir='ltr'>σὴ</span> <span class='ocrx_word' id='word_1_553' title='bbox 1401 4361 1585 4422; x_wconf 90' lang='grc' dir='ltr'>πίστις</span> <span class='ocrx_word' id='word_1_554' title='bbox 1607 4377 1620 4391; x_wconf 90' lang='grc'><strong>·</strong></span> <span class='ocrx_word' id='word_1_555' title='bbox 1659 4362 1752 4412; x_wconf 79' lang='grc' dir='ltr'><strong>καὶ</strong></span> <span class='ocrx_word' id='word_1_556' title='bbox 1787 4377 1917 4431; x_wconf 83' lang='grc' dir='ltr'>μαρο</span> 
     </span>
    </p>
   </div>
   <div class='ocr_carea' id='block_1_77' title="bbox 341 4451 1918 4522">
    <p class='ocr_par' dir='ltr' id='par_1_77' title="bbox 341 4451 1918 4522">
     <span class='ocr_line' id='line_1_77' title="bbox 341 4451 1918 4522; baseline 0 -18"><span class='ocrx_word' id='word_1_557' title='bbox 341 4451 596 4522; x_wconf 87' lang='grc' dir='ltr'>τυροῦσιν</span> <span class='ocrx_word' id='word_1_558' title='bbox 625 4452 785 4505; x_wconf 74' lang='grc' dir='ltr'>ὁποία</span> <span class='ocrx_word' id='word_1_559' title='bbox 807 4451 890 4514; x_wconf 91' lang='grc' dir='ltr'><strong>τίς</strong></span> <span class='ocrx_word' id='word_1_560' title='bbox 931 4453 1048 4504; x_wconf 82' lang='grc' dir='ltr'>ἐστι</span> <span class='ocrx_word' id='word_1_561' title='bbox 1071 4491 1087 4516; x_wconf 96' lang='grc'><strong>,</strong></span> <span class='ocrx_word' id='word_1_562' title='bbox 1133 4452 1422 4505; x_wconf 89' lang='grc' dir='ltr'>ἐπίσκοποί</span> <span class='ocrx_word' id='word_1_563' title='bbox 1454 4469 1511 4503; x_wconf 90' lang='grc' dir='ltr'><strong>τε</strong></span> <span class='ocrx_word' id='word_1_564' title='bbox 1550 4451 1642 4504; x_wconf 77' lang='grc' dir='ltr'>καὶ</span> <span class='ocrx_word' id='word_1_565' title='bbox 1679 4451 1918 4522; x_wconf 81' lang='grc' dir='ltr'>πρεσϐύ-</span> 
     </span>
    </p>
   </div>
   <div class='ocr_carea' id='block_1_78' title="bbox 2028 3260 3600 3336">
    <p class='ocr_par' dir='ltr' id='par_1_78' title="bbox 2028 3260 3600 3336">
     <span class='ocr_line' id='line_1_78' title="bbox 2028 3260 3600 3336; baseline 0.006 -22"><span class='ocrx_word' id='word_1_566' title='bbox 2028 3260 2151 3314; x_wconf 85' lang='lat' dir='ltr'><strong>vina</strong></span> <span class='ocrx_word' id='word_1_567' title='bbox 2187 3261 2355 3330; x_wconf 82' lang='lat' dir='ltr'><strong>signa.</strong></span> <span class='ocrx_word' id='word_1_568' title='bbox 2393 3268 2562 3330; x_wconf 88' lang='lat' dir='ltr'><strong>atque</strong></span> <span class='ocrx_word' id='word_1_569' title='bbox 2591 3262 2858 3318; x_wconf 80' lang='lat' dir='ltr'><strong>miracula</strong></span> <span class='ocrx_word' id='word_1_570' title='bbox 2905 3265 3160 3321; x_wconf 81' lang='lat' dir='ltr'><strong>illustris.</strong></span> <span class='ocrx_word' id='word_1_571' title='bbox 3204 3265 3390 3336; x_wconf 88' lang='lat' dir='ltr'><strong>Itaque</strong></span> <span class='ocrx_word' id='word_1_572' title='bbox 3429 3269 3600 3324; x_wconf 80' lang='lat' dir='ltr'><strong>duces</strong></span> 
     </span>
    </p>
   </div>
   <div class='ocr_carea' id='block_1_79' title="bbox 2025 3353 3600 3431">
    <p class='ocr_par' dir='ltr' id='par_1_79' title="bbox 2025 3353 3600 3431">
     <span class='ocr_line' id='line_1_79' title="bbox 2025 3353 3600 3431; baseline 0.006 -24"><span class='ocrx_word' id='word_1_573' title='bbox 2025 3353 2263 3410; x_wconf 81' lang='lat' dir='ltr'><strong>militum</strong></span> <span class='ocrx_word' id='word_1_574' title='bbox 2293 3355 2386 3424; x_wconf 83' lang='lat' dir='ltr'><strong>qui</strong></span> <span class='ocrx_word' id='word_1_575' title='bbox 2424 3355 2540 3414; x_wconf 77' lang='lat' dir='ltr'><strong>haec</strong></span> <span class='ocrx_word' id='word_1_576' title='bbox 2570 3356 2887 3424; x_wconf 81' lang='lat' dir='ltr'><strong>imperatori</strong></span> <span class='ocrx_word' id='word_1_577' title='bbox 2919 3359 3341 3422; x_wconf 76' lang='lat' dir='ltr'><strong>nuntiaverant,</strong></span> <span class='ocrx_word' id='word_1_578' title='bbox 3377 3369 3600 3431; x_wconf 85' lang='lat' dir='ltr'><strong>accepta</strong></span> 
     </span>
    </p>
   </div>
   <div class='ocr_carea' id='block_1_80' title="bbox 2025 3443 3602 3516">
    <p class='ocr_par' dir='ltr' id='par_1_80' title="bbox 2025 3443 3602 3516">
     <span class='ocr_line' id='line_1_80' title="bbox 2025 3443 3602 3516; baseline 0.003 -18"><span class='ocrx_word' id='word_1_579' title='bbox 2025 3443 2096 3498; x_wconf 88' lang='lat' dir='ltr'><strong>ab</strong></span> <span class='ocrx_word' id='word_1_580' title='bbox 2123 3460 2190 3499; x_wconf 87' lang='lat' dir='ltr'><strong>eo</strong></span> <span class='ocrx_word' id='word_1_581' title='bbox 2227 3454 2517 3514; x_wconf 86' lang='lat' dir='ltr'><strong>potestate,</strong></span> <span class='ocrx_word' id='word_1_582' title='bbox 2551 3445 2762 3502; x_wconf 70' lang='lat' dir='ltr'><strong>ﬂosem</strong></span> <span class='ocrx_word' id='word_1_583' title='bbox 2808 3447 2960 3502; x_wconf 83' lang='lat' dir='ltr'><strong>illico</strong></span> <span class='ocrx_word' id='word_1_584' title='bbox 2997 3448 3500 3516; x_wconf 77' lang='lat' dir='ltr'><strong>eornpreltendunt,</strong></span> <span class='ocrx_word' id='word_1_585' title='bbox 3547 3457 3602 3503; x_wconf 81' lang='lat' dir='ltr'><strong>ct</strong></span> 
     </span>
    </p>
   </div>
   <div class='ocr_carea' id='block_1_81' title="bbox 2025 3535 3602 3610">
    <p class='ocr_par' dir='ltr' id='par_1_81' title="bbox 2025 3535 3602 3610">
     <span class='ocr_line' id='line_1_81' title="bbox 2025 3535 3602 3610; baseline 0.003 -21"><span class='ocrx_word' id='word_1_586' title='bbox 2025 3535 2094 3590; x_wconf 85' lang='lat' dir='ltr'><strong>ad</strong></span> <span class='ocrx_word' id='word_1_587' title='bbox 2120 3535 2347 3590; x_wconf 85' lang='lat' dir='ltr'><strong>Lucium</strong></span> <span class='ocrx_word' id='word_1_588' title='bbox 2376 3537 2706 3608; x_wconf 78' lang='lat' dir='ltr'><strong>perducunt.</strong></span> <span class='ocrx_word' id='word_1_589' title='bbox 2740 3537 2926 3594; x_wconf 78' lang='lat' dir='ltr'><strong>Moses</strong></span> <span class='ocrx_word' id='word_1_590' title='bbox 2952 3539 3118 3608; x_wconf 65' lang='lat'><strong>276</strong></span> <span class='ocrx_word' id='word_1_591' title='bbox 3153 3555 3284 3594; x_wconf 84' lang='lat' dir='ltr'><strong>vero</strong></span> <span class='ocrx_word' id='word_1_592' title='bbox 3317 3541 3602 3610; x_wconf 70' lang='lat' dir='ltr'><strong>praesenti-</strong></span> 
     </span>
    </p>
   </div>
   <div class='ocr_carea' id='block_1_82' title="bbox 2024 3628 3600 3701">
    <p class='ocr_par' dir='ltr' id='par_1_82' title="bbox 2024 3628 3600 3701">
     <span class='ocr_line' id='line_1_82' title="bbox 2024 3628 3600 3701; baseline 0.001 -17"><span class='ocrx_word' id='word_1_593' title='bbox 2024 3628 2129 3684; x_wconf 87' lang='lat' dir='ltr'><strong>bus</strong></span> <span class='ocrx_word' id='word_1_594' title='bbox 2170 3630 2586 3700; x_wconf 75' lang='lat' dir='ltr'><strong>magistratibus</strong></span> <span class='ocrx_word' id='word_1_595' title='bbox 2625 3640 2677 3686; x_wconf 89' lang='lat' dir='ltr'><strong>et</strong></span> <span class='ocrx_word' id='word_1_596' title='bbox 2736 3632 2891 3700; x_wconf 81' lang='lat' dir='ltr'><strong>plebe</strong></span> <span class='ocrx_word' id='word_1_597' title='bbox 2945 3647 3068 3701; x_wconf 73' lang='lat' dir='ltr'><strong>quae</strong></span> <span class='ocrx_word' id='word_1_598' title='bbox 3112 3631 3472 3695; x_wconf 67' lang='lat' dir='ltr'><strong>conﬂuxerat,</strong></span> <span class='ocrx_word' id='word_1_599' title='bbox 3517 3633 3600 3686; x_wconf 87' lang='lat' dir='ltr'><strong>sic</strong></span> 
     </span>
    </p>
   </div>
   <div class='ocr_carea' id='block_1_83' title="bbox 2023 3719 3600 3793">
    <p class='ocr_par' dir='ltr' id='par_1_83' title="bbox 2023 3719 3600 3793">
     <span class='ocr_line' id='line_1_83' title="bbox 2023 3719 3600 3793; baseline 0.004 -20"><span class='ocrx_word' id='word_1_600' title='bbox 2023 3719 2254 3780; x_wconf 86' lang='lat' dir='ltr'><strong>Lucium</strong></span> <span class='ocrx_word' id='word_1_601' title='bbox 2277 3721 2656 3778; x_wconf 84' lang='lat' dir='ltr'><strong>allocutusest</strong></span> <span class='ocrx_word' id='word_1_602' title='bbox 2682 3741 2696 3776; x_wconf 93' lang='lat'><strong>:</strong></span> <span class='ocrx_word' id='word_1_603' title='bbox 2725 3721 2987 3788; x_wconf 86' lang='lat' dir='ltr'><strong>Sustine;</strong></span> <span class='ocrx_word' id='word_1_604' title='bbox 3031 3737 3210 3792; x_wconf 88' lang='lat' dir='ltr'><strong>neque</strong></span> <span class='ocrx_word' id='word_1_605' title='bbox 3231 3725 3376 3778; x_wconf 90' lang='lat' dir='ltr'><strong>enim</strong></span> <span class='ocrx_word' id='word_1_606' title='bbox 3397 3723 3600 3793; x_wconf 85' lang='lat' dir='ltr'><strong>dignus</strong></span> 
     </span>
    </p>
   </div>
   <div class='ocr_carea' id='block_1_84' title="bbox 2022 3812 3596 3884">
    <p class='ocr_par' dir='ltr' id='par_1_84' title="bbox 2022 3812 3596 3884">
     <span class='ocr_line' id='line_1_84' title="bbox 2022 3812 3596 3884; baseline 0.001 -19"><span class='ocrx_word' id='word_1_607' title='bbox 2022 3827 2144 3871; x_wconf 86' lang='lat' dir='ltr'><strong>sum</strong></span> <span class='ocrx_word' id='word_1_608' title='bbox 2203 3812 2302 3881; x_wconf 83' lang='lat' dir='ltr'><strong>qui</strong></span> <span class='ocrx_word' id='word_1_609' title='bbox 2351 3813 2596 3882; x_wconf 87' lang='lat' dir='ltr'><strong>episcopi</strong></span> <span class='ocrx_word' id='word_1_610' title='bbox 2653 3828 2853 3868; x_wconf 92' lang='lat' dir='ltr'><strong>nomen</strong></span> <span class='ocrx_word' id='word_1_611' title='bbox 2908 3827 2972 3867; x_wconf 88' lang='lat' dir='ltr'><strong>ac</strong></span> <span class='ocrx_word' id='word_1_612' title='bbox 3017 3813 3337 3882; x_wconf 85' lang='lat' dir='ltr'><strong>dignitatem</strong></span> <span class='ocrx_word' id='word_1_613' title='bbox 3389 3830 3596 3884; x_wconf 83' lang='lat' dir='ltr'><strong>geram.</strong></span> 
     </span>
    </p>
   </div>
   <div class='ocr_carea' id='block_1_85' title="bbox 2023 3901 3600 3973">
    <p class='ocr_par' dir='ltr' id='par_1_85' title="bbox 2023 3901 3600 3973">
     <span class='ocr_line' id='line_1_85' title="bbox 2023 3901 3600 3973; baseline 0.002 -19"><span class='ocrx_word' id='word_1_614' title='bbox 2023 3901 2178 3967; x_wconf 84' lang='lat' dir='ltr'><strong>Quod</strong></span> <span class='ocrx_word' id='word_1_615' title='bbox 2205 3903 2250 3957; x_wconf 88' lang='lat' dir='ltr'><strong>si</strong></span> <span class='ocrx_word' id='word_1_616' title='bbox 2282 3903 2413 3956; x_wconf 87' lang='lat' dir='ltr'><strong>mihi</strong></span> <span class='ocrx_word' id='word_1_617' title='bbox 2456 3904 2711 3972; x_wconf 78' lang='lat' dir='ltr'><strong>quamvis</strong></span> <span class='ocrx_word' id='word_1_618' title='bbox 2752 3903 2998 3973; x_wconf 89' lang='lat' dir='ltr'><strong>indigno,</strong></span> <span class='ocrx_word' id='word_1_619' title='bbox 3034 3919 3236 3958; x_wconf 90' lang='lat' dir='ltr'><strong>munus</strong></span> <span class='ocrx_word' id='word_1_620' title='bbox 3267 3905 3372 3957; x_wconf 87' lang='lat' dir='ltr'><strong>hoc</strong></span> <span class='ocrx_word' id='word_1_621' title='bbox 3413 3905 3600 3973; x_wconf 88' lang='lat' dir='ltr'><strong>injun-</strong></span> 
     </span>
    </p>
   </div>
   <div class='ocr_carea' id='block_1_86' title="bbox 2023 3991 3597 4062">
    <p class='ocr_par' dir='ltr' id='par_1_86' title="bbox 2023 3991 3597 4062">
     <span class='ocr_line' id='line_1_86' title="bbox 2023 3991 3597 4062; baseline 0.004 -18"><span class='ocrx_word' id='word_1_622' title='bbox 2023 3994 2102 4062; x_wconf 89' lang='lat' dir='ltr'><strong>git</strong></span> <span class='ocrx_word' id='word_1_623' title='bbox 2136 3991 2301 4057; x_wconf 85' lang='lat' dir='ltr'><strong>Deus,</strong></span> <span class='ocrx_word' id='word_1_624' title='bbox 2342 4001 2524 4050; x_wconf 70' lang='lat' dir='ltr'><strong>testor.</strong></span> <span class='ocrx_word' id='word_1_625' title='bbox 2549 4002 2855 4048; x_wconf 84' lang='lat' dir='ltr'><strong>creatorem</strong></span> <span class='ocrx_word' id='word_1_626' title='bbox 2897 3996 3020 4048; x_wconf 75' lang='lat' dir='ltr'><strong>cmli</strong></span> <span class='ocrx_word' id='word_1_627' title='bbox 3051 4011 3116 4049; x_wconf 86' lang='lat' dir='ltr'><strong>ac</strong></span> <span class='ocrx_word' id='word_1_628' title='bbox 3154 4005 3333 4057; x_wconf 68' lang='lat' dir='ltr'><strong>terrae,</strong></span> <span class='ocrx_word' id='word_1_629' title='bbox 3368 4006 3419 4050; x_wconf 92' lang='lat' dir='ltr'><strong>te</strong></span> <span class='ocrx_word' id='word_1_630' title='bbox 3455 4013 3597 4050; x_wconf 85' lang='lat' dir='ltr'><strong>nun-</strong></span> 
     </span>
    </p>
   </div>
   <div class='ocr_carea' id='block_1_87' title="bbox 2023 4082 3596 4152">
    <p class='ocr_par' dir='ltr' id='par_1_87' title="bbox 2023 4082 3596 4152">
     <span class='ocr_line' id='line_1_87' title="bbox 2023 4082 3596 4152; baseline 0.004 -19"><span class='ocrx_word' id='word_1_631' title='bbox 2023 4097 2186 4151; x_wconf 86' lang='lat' dir='ltr'><strong>quam</strong></span> <span class='ocrx_word' id='word_1_632' title='bbox 2219 4097 2416 4137; x_wconf 81' lang='lat' dir='ltr'><strong>tnanus</strong></span> <span class='ocrx_word' id='word_1_633' title='bbox 2459 4083 2628 4138; x_wconf 86' lang='lat' dir='ltr'><strong>basce</strong></span> <span class='ocrx_word' id='word_1_634' title='bbox 2673 4082 2822 4139; x_wconf 63' lang='lat' dir='ltr'><strong>caede</strong></span> <span class='ocrx_word' id='word_1_635' title='bbox 2862 4099 2927 4139; x_wconf 87' lang='lat' dir='ltr'><strong>ac</strong></span> <span class='ocrx_word' id='word_1_636' title='bbox 2972 4086 3238 4152; x_wconf 86' lang='lat' dir='ltr'><strong>sanguine</strong></span> <span class='ocrx_word' id='word_1_637' title='bbox 3282 4095 3596 4140; x_wconf 89' lang='lat' dir='ltr'><strong>sanctorum</strong></span> 
     </span>
    </p>
   </div>
   <div class='ocr_carea' id='block_1_88' title="bbox 2021 4173 3598 4243">
    <p class='ocr_par' dir='ltr' id='par_1_88' title="bbox 2021 4173 3598 4243">
     <span class='ocr_line' id='line_1_88' title="bbox 2021 4173 3598 4243; baseline 0.005 -21"><span class='ocrx_word' id='word_1_638' title='bbox 2021 4174 2265 4226; x_wconf 88' lang='lat' dir='ltr'><strong>virorum</strong></span> <span class='ocrx_word' id='word_1_639' title='bbox 2317 4174 2650 4238; x_wconf 83' lang='lat' dir='ltr'><strong>maculatas,</strong></span> <span class='ocrx_word' id='word_1_640' title='bbox 2711 4173 2848 4226; x_wconf 88' lang='lat' dir='ltr'><strong>mibi</strong></span> <span class='ocrx_word' id='word_1_641' title='bbox 2898 4175 3312 4243; x_wconf 88' lang='lat' dir='ltr'><strong>impositurum.</strong></span> <span class='ocrx_word' id='word_1_642' title='bbox 3360 4176 3460 4229; x_wconf 83' lang='lat' dir='ltr'><strong>Cui</strong></span> <span class='ocrx_word' id='word_1_643' title='bbox 3510 4191 3598 4230; x_wconf 87' lang='lat' dir='ltr'><strong>re-</strong></span> 
     </span>
    </p>
   </div>
   <div class='ocr_carea' id='block_1_89' title="bbox 2023 4245 3599 4337">
    <p class='ocr_par' dir='ltr' id='par_1_89' title="bbox 2023 4245 3599 4337">
     <span class='ocr_line' id='line_1_89' title="bbox 2023 4245 3599 4337; baseline 0.003 -19"><span class='ocrx_word' id='word_1_644' title='bbox 2023 4263 2301 4333; x_wconf 78' lang='lat' dir='ltr'><strong>Spoudens</strong></span> <span class='ocrx_word' id='word_1_645' title='bbox 2344 4262 2547 4318; x_wconf 78' lang='lat' dir='ltr'><strong>Lucius</strong></span> <span class='ocrx_word' id='word_1_646' title='bbox 2585 4282 2597 4317; x_wconf 92' lang='lat'><strong>:</strong></span> <span class='ocrx_word' id='word_1_647' title='bbox 2639 4263 2695 4320; x_wconf 91' lang='lat' dir='ltr'><strong>Si</strong></span> <span class='ocrx_word' id='word_1_648' title='bbox 2747 4278 2925 4319; x_wconf 83' lang='lat' dir='ltr'><strong>meam</strong></span> <span class='ocrx_word' id='word_1_649' title='bbox 2966 4265 3148 4328; x_wconf 82' lang='lat' dir='ltr'><strong>ﬁdem,</strong></span> <span class='ocrx_word' id='word_1_650' title='bbox 3197 4245 3396 4334; x_wconf 79' lang='lat' dir='ltr'><strong>inquit,</strong></span> <span class='ocrx_word' id='word_1_651' title='bbox 3443 4268 3599 4337; x_wconf 79' lang='lat' dir='ltr'><strong>igno-</strong></span> 
     </span>
    </p>
   </div>
   <div class='ocr_carea' id='block_1_90' title="bbox 2023 4354 3600 4427">
    <p class='ocr_par' dir='ltr' id='par_1_90' title="bbox 2023 4354 3600 4427">
     <span class='ocr_line' id='line_1_90' title="bbox 2023 4354 3600 4427; baseline 0.003 -19"><span class='ocrx_word' id='word_1_652' title='bbox 2023 4371 2136 4418; x_wconf 85' lang='lat' dir='ltr'><strong>ras,</strong></span> <span class='ocrx_word' id='word_1_653' title='bbox 2171 4354 2372 4423; x_wconf 88' lang='lat' dir='ltr'><strong>injuste</strong></span> <span class='ocrx_word' id='word_1_654' title='bbox 2405 4358 2549 4426; x_wconf 87' lang='lat' dir='ltr'><strong>agis,</strong></span> <span class='ocrx_word' id='word_1_655' title='bbox 2583 4358 2678 4426; x_wconf 86' lang='lat' dir='ltr'><strong>qui</strong></span> <span class='ocrx_word' id='word_1_656' title='bbox 2723 4373 2810 4412; x_wconf 89' lang='lat' dir='ltr'><strong>me</strong></span> <span class='ocrx_word' id='word_1_657' title='bbox 2847 4369 3143 4427; x_wconf 85' lang='lat' dir='ltr'><strong>antequam</strong></span> <span class='ocrx_word' id='word_1_658' title='bbox 3188 4360 3410 4413; x_wconf 80' lang='lat' dir='ltr'><strong>noveris</strong></span> <span class='ocrx_word' id='word_1_659' title='bbox 3441 4375 3600 4412; x_wconf 86' lang='lat' dir='ltr'><strong>aver-</strong></span> 
     </span>
    </p>
   </div>
   <div class='ocr_carea' id='block_1_91' title="bbox 2023 4445 3596 4518">
    <p class='ocr_par' dir='ltr' id='par_1_91' title="bbox 2023 4445 3596 4518">
     <span class='ocr_line' id='line_1_91' title="bbox 2023 4445 3596 4518; baseline 0.006 -19"><span class='ocrx_word' id='word_1_660' title='bbox 2023 4445 2185 4500; x_wconf 88' lang='lat' dir='ltr'><strong>seris.</strong></span> <span class='ocrx_word' id='word_1_661' title='bbox 2251 4445 2407 4511; x_wconf 85' lang='lat' dir='ltr'><strong>Quod</strong></span> <span class='ocrx_word' id='word_1_662' title='bbox 2488 4448 2536 4502; x_wconf 91' lang='lat' dir='ltr'><strong>si</strong></span> <span class='ocrx_word' id='word_1_663' title='bbox 2601 4462 2632 4501; x_wconf 86' lang='lat' dir='ltr'><strong>a</strong></span> <span class='ocrx_word' id='word_1_664' title='bbox 2697 4449 3024 4518; x_wconf 77' lang='lat' dir='ltr'><strong>quibusdam</strong></span> <span class='ocrx_word' id='word_1_665' title='bbox 3103 4451 3596 4508; x_wconf 73' lang='lat' dir='ltr'><strong>calumniatoribus</strong></span> 
     </span>
    </p>
   </div>
   <div class='ocr_carea' id='block_1_92' title="bbox 339 4533 1923 4615">
    <p class='ocr_par' dir='ltr' id='par_1_92' title="bbox 339 4544 1916 4615">
     <span class='ocr_line' id='line_1_92' title="bbox 339 4544 1916 4615; baseline 0.001 -18"><span class='ocrx_word' id='word_1_666' title='bbox 339 4562 513 4615; x_wconf 83' lang='grc' dir='ltr'>τεροι,</span> <span class='ocrx_word' id='word_1_667' title='bbox 543 4545 634 4598; x_wconf 73' lang='grc' dir='ltr'><strong>καὶ</strong></span> <span class='ocrx_word' id='word_1_668' title='bbox 666 4544 941 4608; x_wconf 87' lang='grc' dir='ltr'>διάκονοι,</span> <span class='ocrx_word' id='word_1_669' title='bbox 973 4548 1031 4598; x_wconf 88' lang='grc' dir='ltr'><strong>ἐν</strong></span> <span class='ocrx_word' id='word_1_670' title='bbox 1071 4545 1389 4615; x_wconf 79' lang='grc' dir='ltr'>ύπερορίαις</span> <span class='ocrx_word' id='word_1_671' title='bbox 1445 4547 1664 4614; x_wconf 83' lang='grc' dir='ltr'>φυγαῖς,</span> <span class='ocrx_word' id='word_1_672' title='bbox 1692 4546 1787 4598; x_wconf 77' lang='grc' dir='ltr'><strong>καὶ</strong></span> <span class='ocrx_word' id='word_1_673' title='bbox 1821 4563 1916 4615; x_wconf 81' lang='grc' dir='ltr'>με·</span> 
     </span>
    </p>
   </div>
   <div class='ocr_carea' id='block_1_93' title="bbox 2027 4533 3600 4615">
    <p class='ocr_par' dir='ltr' id='par_1_93' title="bbox 2027 4538 3600 4610">
     <span class='ocr_line' id='line_1_93' title="bbox 2027 4538 3600 4610; baseline 0.004 -20"><span class='ocrx_word' id='word_1_674' title='bbox 2027 4539 2309 4608; x_wconf 86' lang='lat' dir='ltr'><strong>accepisti,</strong></span> <span class='ocrx_word' id='word_1_675' title='bbox 2351 4538 2478 4594; x_wconf 92' lang='lat' dir='ltr'><strong>audi</strong></span> <span class='ocrx_word' id='word_1_676' title='bbox 2520 4555 2668 4596; x_wconf 79' lang='lat' dir='ltr'><strong>nunc</strong></span> <span class='ocrx_word' id='word_1_677' title='bbox 2709 4556 2776 4596; x_wconf 71' lang='lat' dir='ltr'><strong>ex</strong></span> <span class='ocrx_word' id='word_1_678' title='bbox 2827 4557 2914 4597; x_wconf 89' lang='lat' dir='ltr'><strong>me</strong></span> <span class='ocrx_word' id='word_1_679' title='bbox 2962 4542 3112 4610; x_wconf 72' lang='lat' dir='ltr'><strong>ipso,</strong></span> <span class='ocrx_word' id='word_1_680' title='bbox 3153 4551 3209 4595; x_wconf 84' lang='lat' dir='ltr'><strong>et</strong></span> <span class='ocrx_word' id='word_1_681' title='bbox 3258 4541 3424 4610; x_wconf 74' lang='lat' dir='ltr'><strong>iudex</strong></span> <span class='ocrx_word' id='word_1_682' title='bbox 3476 4552 3600 4598; x_wconf 86' lang='lat' dir='ltr'><strong>esto</strong></span> 
     </span>
    </p>
   </div>
   <div class='ocr_carea' id='block_1_94' title="bbox 341 4630 1918 4705">
    <p class='ocr_par' dir='ltr' id='par_1_94' title="bbox 341 4630 1918 4705">
     <span class='ocr_line' id='line_1_94' title="bbox 341 4630 1918 4705; baseline 0.002 -22"><span class='ocrx_word' id='word_1_683' title='bbox 341 4632 562 4696; x_wconf 85' lang='grc' dir='ltr'>τάλλοις</span> <span class='ocrx_word' id='word_1_684' title='bbox 577 4632 1107 4704; x_wconf 87' lang='grc' dir='ltr'>ταλαιπωρούμενοι.</span> <span class='ocrx_word' id='word_1_685' title='bbox 1139 4633 1322 4688; x_wconf 85' lang='grc' dir='ltr'>Ταῦτα</span> <span class='ocrx_word' id='word_1_686' title='bbox 1350 4630 1444 4687; x_wconf 80' lang='grc' dir='ltr'><strong>οὖν</strong></span> <span class='ocrx_word' id='word_1_687' title='bbox 1469 4635 1596 4705; x_wconf 75' lang='grc' dir='ltr'>περὶ</span> <span class='ocrx_word' id='word_1_688' title='bbox 1613 4633 1748 4687; x_wconf 82' lang='grc' dir='ltr'>Θεοῦ</span> <span class='ocrx_word' id='word_1_689' title='bbox 1766 4634 1918 4704; x_wconf 81' lang='grc' dir='ltr'>νομί-</span> 
     </span>
    </p>
   </div>
   <div class='ocr_carea' id='block_1_95' title="bbox 291 4722 1914 4798">
    <p class='ocr_par' dir='ltr' id='par_1_95' title="bbox 291 4722 1914 4798">
     <span class='ocr_line' id='line_1_95' title="bbox 291 4722 1914 4798; baseline 0.004 -24"><span class='ocrx_word' id='word_1_690' title='bbox 291 4747 293 4749; x_wconf 58' lang='grc' dir='ltr'><strong>ί</strong></span> <span class='ocrx_word' id='word_1_691' title='bbox 333 4722 456 4788; x_wconf 54' lang='lat' dir='ltr'><strong>(et;</strong></span> <span class='ocrx_word' id='word_1_692' title='bbox 479 4723 590 4793; x_wconf 84' lang='lat'><strong>(77)</strong></span> <span class='ocrx_word' id='word_1_693' title='bbox 619 4725 687 4777; x_wconf 84' lang='grc' dir='ltr'><strong>τά</strong></span> <span class='ocrx_word' id='word_1_694' title='bbox 718 4723 1097 4796; x_wconf 84' lang='grc' dir='ltr'>γνωρίσματα,</span> <span class='ocrx_word' id='word_1_695' title='bbox 1120 4723 1155 4777; x_wconf 81' lang='grc' dir='ltr'>ἃ</span> <span class='ocrx_word' id='word_1_696' title='bbox 1188 4725 1464 4790; x_wconf 81' lang='grc' dir='ltr'>παντελῶς</span> <span class='ocrx_word' id='word_1_697' title='bbox 1487 4726 1634 4779; x_wconf 82' lang='grc' dir='ltr'>ἐστιν</span> <span class='ocrx_word' id='word_1_698' title='bbox 1661 4725 1914 4798; x_wconf 84' lang='grc' dir='ltr'>ἀλλότρια</span> 
     </span>
    </p>
   </div>
   <div class='ocr_carea' id='block_1_96' title="bbox 2019 4631 3598 4701">
    <p class='ocr_par' dir='ltr' id='par_1_96' title="bbox 2019 4631 3598 4701">
     <span class='ocr_line' id='line_1_96' title="bbox 2019 4631 3598 4701; baseline 0.003 -17"><span class='ocrx_word' id='word_1_699' title='bbox 2019 4644 2210 4684; x_wconf 89' lang='lat' dir='ltr'><strong>eorum</strong></span> <span class='ocrx_word' id='word_1_700' title='bbox 2268 4645 2391 4700; x_wconf 71' lang='lat' dir='ltr'><strong>qua-</strong></span> <span class='ocrx_word' id='word_1_701' title='bbox 2447 4631 2729 4687; x_wconf 87' lang='lat' dir='ltr'><strong>dicuntur.</strong></span> <span class='ocrx_word' id='word_1_702' title='bbox 2789 4631 2927 4686; x_wconf 77' lang='lat' dir='ltr'><strong>Tum</strong></span> <span class='ocrx_word' id='word_1_703' title='bbox 2986 4632 3224 4689; x_wconf 76' lang='lat' dir='ltr'><strong>Moses:</strong></span> <span class='ocrx_word' id='word_1_704' title='bbox 3273 4634 3345 4687; x_wconf 80' lang='lat' dir='ltr'><strong>At</strong></span> <span class='ocrx_word' id='word_1_705' title='bbox 3411 4634 3598 4701; x_wconf 79' lang='lat' dir='ltr'><strong>enim,</strong></span> 
     </span>
    </p>
   </div>
   <div class='ocr_carea' id='block_1_97' title="bbox 2021 4721 3594 4790">
    <p class='ocr_par' dir='ltr' id='par_1_97' title="bbox 2021 4721 3594 4790">
     <span class='ocr_line' id='line_1_97' title="bbox 2021 4721 3594 4790; baseline 0.003 -14"><span class='ocrx_word' id='word_1_706' title='bbox 2021 4721 2221 4790; x_wconf 88' lang='lat' dir='ltr'><strong>inquit,</strong></span> <span class='ocrx_word' id='word_1_707' title='bbox 2266 4721 2405 4778; x_wconf 84' lang='lat' dir='ltr'><strong>satis</strong></span> <span class='ocrx_word' id='word_1_708' title='bbox 2457 4723 2751 4782; x_wconf 80' lang='lat' dir='ltr'><strong>manifesta</strong></span> <span class='ocrx_word' id='word_1_709' title='bbox 2798 4723 2932 4781; x_wconf 85' lang='lat' dir='ltr'><strong>mihi</strong></span> <span class='ocrx_word' id='word_1_710' title='bbox 2979 4723 3202 4779; x_wconf 71' lang='lat' dir='ltr'><strong>videtur</strong></span> <span class='ocrx_word' id='word_1_711' title='bbox 3259 4724 3399 4780; x_wconf 77' lang='lat' dir='ltr'><strong>ﬁdes</strong></span> <span class='ocrx_word' id='word_1_712' title='bbox 3450 4733 3594 4780; x_wconf 87' lang='lat' dir='ltr'><strong>tua:</strong></span> 
     </span>
    </p>
   </div>
   <div class='ocr_carea' id='block_1_98' title="bbox 1510 4894 2368 4958">
    <p class='ocr_par' dir='ltr' id='par_1_98' title="bbox 1510 4894 2368 4958">
     <span class='ocr_line' id='line_1_98' title="bbox 1510 4894 2368 4958; baseline 0.008 -11"><span class='ocrx_word' id='word_1_713' title='bbox 1510 4894 1782 4952; x_wconf 78' lang='lat' dir='ltr'><strong>VALESII</strong></span> <span class='ocrx_word' id='word_1_714' title='bbox 1812 4899 2368 4958; x_wconf 75' lang='lat' dir='ltr'><strong>ANNOTATIONES.</strong></span> 
     </span>
    </p>
   </div>
   <div class='ocr_carea' id='block_1_99' title="bbox 418 5031 1930 5104">
    <p class='ocr_par' dir='ltr' id='par_1_99' title="bbox 418 5031 1930 5104">
     <span class='ocr_line' id='line_1_99' title="bbox 418 5031 1930 5104; baseline 0 -16"><span class='ocrx_word' id='word_1_715' title='bbox 418 5037 530 5104; x_wconf 77' lang='grc' dir='ltr'><strong>(Π)</strong></span> <span class='ocrx_word' id='word_1_716' title='bbox 577 5035 770 5089; x_wconf 77' lang='grc' dir='ltr'>Ταῦτα</span> <span class='ocrx_word' id='word_1_717' title='bbox 802 5032 917 5090; x_wconf 83' lang='grc' dir='ltr'><strong>οὖν</strong></span> <span class='ocrx_word' id='word_1_718' title='bbox 949 5035 1081 5104; x_wconf 77' lang='grc' dir='ltr'>περὶ</span> <span class='ocrx_word' id='word_1_719' title='bbox 1119 5032 1266 5088; x_wconf 85' lang='grc' dir='ltr'>Θεοῦ</span> <span class='ocrx_word' id='word_1_720' title='bbox 1311 5032 1586 5102; x_wconf 79' lang='grc' dir='ltr'>νομίζεις.</span> <span class='ocrx_word' id='word_1_721' title='bbox 1616 5031 1741 5088; x_wconf 68' lang='lat' dir='ltr'><strong>Haec</strong></span> <span class='ocrx_word' id='word_1_722' title='bbox 1765 5035 1930 5088; x_wconf 74' lang='lat' dir='ltr'><strong>verba</strong></span> 
     </span>
    </p>
   </div>
   <div class='ocr_carea' id='block_1_100' title="bbox 386 5105 1930 5175">
    <p class='ocr_par' dir='ltr' id='par_1_100' title="bbox 386 5105 1930 5175">
     <span class='ocr_line' id='line_1_100' title="bbox 386 5105 1930 5175; baseline -0.002 -16"><span class='ocrx_word' id='word_1_723' title='bbox 386 5122 445 5159; x_wconf 90' lang='lat' dir='ltr'><strong>er</strong></span> <span class='ocrx_word' id='word_1_724' title='bbox 499 5107 982 5174; x_wconf 78' lang='lat' dir='ltr'><strong>interrogationem</strong></span> <span class='ocrx_word' id='word_1_725' title='bbox 1041 5105 1292 5175; x_wconf 16' lang='lat' dir='ltr'><strong>legenda;</strong></span> <span class='ocrx_word' id='word_1_726' title='bbox 1322 5118 1446 5158; x_wconf 88' lang='lat' dir='ltr'><strong>esse</strong></span> <span class='ocrx_word' id='word_1_727' title='bbox 1499 5105 1708 5175; x_wconf 79' lang='lat' dir='ltr'><strong>putavit</strong></span> <span class='ocrx_word' id='word_1_728' title='bbox 1767 5105 1930 5158; x_wconf 90' lang='lat' dir='ltr'><strong>etiam</strong></span> 
     </span>
    </p>
   </div>
   <div class='ocr_carea' id='block_1_101' title="bbox 340 5122 1929 5246">
    <p class='ocr_par' dir='ltr' id='par_1_101' title="bbox 340 5122 1929 5246">
     <span class='ocr_line' id='line_1_101' title="bbox 386 5122 1929 5175; baseline -0.002 -16"><span class='ocrx_word' id='word_1_729' title='bbox 386 5122 445 5159; x_wconf 91' lang='lat' dir='ltr'><strong>er</strong></span> <span class='ocrx_word' id='word_1_730' title='bbox 499 5122 982 5174; x_wconf 78' lang='lat' dir='ltr'><strong>mterrogauunem</strong></span> <span class='ocrx_word' id='word_1_731' title='bbox 1041 5122 1268 5175; x_wconf 80' lang='lat' dir='ltr'><strong>tegenda</strong></span> <span class='ocrx_word' id='word_1_732' title='bbox 1322 5122 1446 5158; x_wconf 88' lang='lat' dir='ltr'><strong>esse</strong></span> <span class='ocrx_word' id='word_1_733' title='bbox 1499 5122 1708 5172; x_wconf 80' lang='lat' dir='ltr'><strong>putavit</strong></span> <span class='ocrx_word' id='word_1_734' title='bbox 1767 5122 1929 5158; x_wconf 81' lang='lat' dir='ltr'><strong>etiam</strong></span> 
     </span>
     <span class='ocr_line' id='line_1_102' title="bbox 340 5122 1929 5246; baseline -0.002 -16"><span class='ocrx_word' id='word_1_735' title='bbox 340 5122 708 5246; x_wconf 55' lang='lat' dir='ltr'><strong>gi-zepborus.</strong></span> <span class='ocrx_word' id='word_1_736' title='bbox 757 5175 846 5246; x_wconf 86' lang='lat' dir='ltr'><strong>Sic</strong></span> <span class='ocrx_word' id='word_1_737' title='bbox 870 5176 1026 5246; x_wconf 83' lang='lat' dir='ltr'><strong>enim</strong></span> <span class='ocrx_word' id='word_1_738' title='bbox 1063 5175 1223 5246; x_wconf 19' lang='lat' dir='ltr'><strong>hunc,</strong></span> <span class='ocrx_word' id='word_1_739' title='bbox 1261 5173 1554 5246; x_wconf 76' lang='lat' dir='ltr'><strong>Sozomeni</strong></span> <span class='ocrx_word' id='word_1_740' title='bbox 1604 5174 1794 5246; x_wconf 86' lang='lat' dir='ltr'><strong>locum_</strong></span> <span class='ocrx_word' id='word_1_741' title='bbox 1832 5190 1929 5229; x_wconf 77' lang='lat' dir='ltr'><strong>ex-</strong></span> 
     </span>
    </p>
   </div>
   <div class='ocr_carea' id='block_1_102' title="bbox 342 5238 1919 5316">
    <p class='ocr_par' dir='ltr' id='par_1_102' title="bbox 342 5238 1919 5316">
     <span class='ocr_line' id='line_1_103' title="bbox 342 5238 1919 5316; baseline -0.004 -16"><span class='ocrx_word' id='word_1_742' title='bbox 342 5238 628 5316; x_wconf 69' lang='lat' dir='ltr'><strong>pressttin</strong></span> <span class='ocrx_word' id='word_1_743' title='bbox 669 5261 788 5314; x_wconf 83' lang='lat' dir='ltr'><strong>cap.</strong></span> <span class='ocrx_word' id='word_1_744' title='bbox 820 5244 908 5308; x_wconf 70' lang='grc'><strong>46,</strong></span> <span class='ocrx_word' id='word_1_745' title='bbox 941 5246 1040 5316; x_wconf 60' lang='lat' dir='ltr'><strong>lib1</strong></span> <span class='ocrx_word' id='word_1_746' title='bbox 1068 5259 1103 5298; x_wconf 91' lang='lat' dir='ltr'><strong>Il</strong></span> <span class='ocrx_word' id='word_1_747' title='bbox 1131 5262 1143 5296; x_wconf 87' lang='lat'><strong>:</strong></span> <span class='ocrx_word' id='word_1_748' title='bbox 1183 5243 1380 5316; x_wconf 52' lang='grc' dir='ltr'>Καεγε</span> <span class='ocrx_word' id='word_1_749' title='bbox 1403 5243 1468 5294; x_wconf 81' lang='grc' dir='ltr'><strong>σὺ</strong></span> <span class='ocrx_word' id='word_1_750' title='bbox 1511 5244 1714 5316; x_wconf 73' lang='grc' dir='ltr'>ἐκεῖνα,</span> <span class='ocrx_word' id='word_1_751' title='bbox 1743 5238 1919 5316; x_wconf 79' lang='grc' dir='ltr'>οἶμαι,</span> 
     </span>
    </p>
   </div>
   <div class='ocr_carea' id='block_1_103' title="bbox 341 5311 1920 5386">
    <p class='ocr_par' dir='ltr' id='par_1_103' title="bbox 341 5311 1920 5386">
     <span class='ocr_line' id='line_1_104' title="bbox 341 5311 1920 5386; baseline -0.004 -15"><span class='ocrx_word' id='word_1_752' title='bbox 341 5311 582 5386; x_wconf 77' lang='grc' dir='ltr'>Χριστοῦ</span> <span class='ocrx_word' id='word_1_753' title='bbox 608 5311 965 5386; x_wconf 85' lang='grc' dir='ltr'>γνωρίσματα</span> <span class='ocrx_word' id='word_1_754' title='bbox 987 5312 1110 5379; x_wconf 82' lang='grc' dir='ltr'>οἴει,</span> <span class='ocrx_word' id='word_1_755' title='bbox 1135 5321 1242 5386; x_wconf 80' lang='lat' dir='ltr'><strong>etc.</strong></span> <span class='ocrx_word' id='word_1_756' title='bbox 1275 5311 1390 5386; x_wconf 84' lang='lat' dir='ltr'><strong>Ego</strong></span> <span class='ocrx_word' id='word_1_757' title='bbox 1413 5326 1542 5367; x_wconf 85' lang='lat' dir='ltr'><strong>vero</strong></span> <span class='ocrx_word' id='word_1_758' title='bbox 1572 5311 1920 5386; x_wconf 75' lang='lat' dir='ltr'><strong>hunclocutn</strong></span> 
     </span>
    </p>
   </div>
   <div class='ocr_carea' id='block_1_104' title="bbox 339 5382 1916 5456">
    <p class='ocr_par' dir='ltr' id='par_1_104' title="bbox 339 5382 1916 5456">
     <span class='ocr_line' id='line_1_105' title="bbox 339 5382 1916 5456; baseline -0.004 -14"><span class='ocrx_word' id='word_1_759' title='bbox 339 5382 553 5456; x_wconf 80' lang='lat' dir='ltr'><strong>absque</strong></span> <span class='ocrx_word' id='word_1_760' title='bbox 611 5382 1042 5456; x_wconf 76' lang='lat' dir='ltr'><strong>interrogatione</strong></span> <span class='ocrx_word' id='word_1_761' title='bbox 1098 5382 1452 5440; x_wconf 83' lang='lat' dir='ltr'><strong>scribendum</strong></span> <span class='ocrx_word' id='word_1_762' title='bbox 1497 5397 1622 5440; x_wconf 88' lang='lat' dir='ltr'><strong>esse</strong></span> <span class='ocrx_word' id='word_1_763' title='bbox 1654 5382 1916 5438; x_wconf 75' lang='lat' dir='ltr'><strong>existimo</strong></span> 
     </span>
    </p>
   </div>
   <div class='ocr_carea' id='block_1_105' title="bbox 2028 5029 3595 5103">
    <p class='ocr_par' dir='ltr' id='par_1_105' title="bbox 2028 5029 3595 5103">
     <span class='ocr_line' id='line_1_106' title="bbox 2028 5029 3595 5103; baseline 0 -15"><span class='ocrx_word' id='word_1_764' title='bbox 2028 5035 2132 5088; x_wconf 88' lang='lat' dir='ltr'><strong>hoc</strong></span> <span class='ocrx_word' id='word_1_765' title='bbox 2155 5033 2318 5087; x_wconf 92' lang='lat' dir='ltr'><strong>modo</strong></span> <span class='ocrx_word' id='word_1_766' title='bbox 2355 5050 2368 5084; x_wconf 88' lang='lat'><strong>:</strong></span> <span class='ocrx_word' id='word_1_767' title='bbox 2401 5029 2691 5103; x_wconf 80' lang='grc' dir='ltr'>Ταῦταῶν</span> <span class='ocrx_word' id='word_1_768' title='bbox 2733 5033 2862 5103; x_wconf 73' lang='grc' dir='ltr'>περὶ</span> <span class='ocrx_word' id='word_1_769' title='bbox 2892 5030 3028 5103; x_wconf 83' lang='grc' dir='ltr'>Θεοῦ</span> <span class='ocrx_word' id='word_1_770' title='bbox 3061 5032 3306 5103; x_wconf 79' lang='grc' dir='ltr'>νομίζεις</span> <span class='ocrx_word' id='word_1_771' title='bbox 3355 5034 3424 5103; x_wconf 77' lang='grc' dir='ltr'>τὰ</span> <span class='ocrx_word' id='word_1_772' title='bbox 3453 5051 3595 5102; x_wconf 88' lang='grc' dir='ltr'>γνω-</span> 
     </span>
    </p>
   </div>
   <div class='ocr_carea' id='block_1_106' title="bbox 2031 5102 3599 5174">
    <p class='ocr_par' dir='ltr' id='par_1_106' title="bbox 2031 5102 3599 5174">
     <span class='ocr_line' id='line_1_107' title="bbox 2031 5102 3599 5174; baseline 0.002 -19"><span class='ocrx_word' id='word_1_773' title='bbox 2031 5105 2292 5174; x_wconf 86' lang='grc' dir='ltr'>ρίσματα.</span> <span class='ocrx_word' id='word_1_774' title='bbox 2331 5103 2381 5156; x_wconf 88' lang='lat' dir='ltr'><strong>Id</strong></span> <span class='ocrx_word' id='word_1_775' title='bbox 2412 5113 2516 5164; x_wconf 88' lang='lat' dir='ltr'><strong>est,</strong></span> <span class='ocrx_word' id='word_1_776' title='bbox 2565 5102 2692 5158; x_wconf 75' lang='lat' dir='ltr'><strong>Haec</strong></span> <span class='ocrx_word' id='word_1_777' title='bbox 2727 5102 2850 5174; x_wconf 56' lang='lat' dir='ltr'><strong>sunt</strong></span> <span class='ocrx_word' id='word_1_778' title='bbox 2877 5102 3076 5174; x_wconf 75' lang='lat' dir='ltr'><strong>indicia</strong></span> <span class='ocrx_word' id='word_1_779' title='bbox 3113 5102 3216 5157; x_wconf 68' lang='lat' dir='ltr'><strong>tua:</strong></span> <span class='ocrx_word' id='word_1_780' title='bbox 3247 5104 3311 5174; x_wconf 60' lang='lat' dir='ltr'><strong>«te</strong></span> <span class='ocrx_word' id='word_1_781' title='bbox 3344 5102 3450 5157; x_wconf 84' lang='lat' dir='ltr'><strong>Deo</strong></span> <span class='ocrx_word' id='word_1_782' title='bbox 3482 5107 3599 5174; x_wconf 83' lang='lat' dir='ltr'><strong>opi-</strong></span> 
     </span>
    </p>
   </div>
   <div class='ocr_carea' id='block_1_107' title="bbox 2029 5171 3600 5243">
    <p class='ocr_par' dir='ltr' id='par_1_107' title="bbox 2029 5171 3600 5243">
     <span class='ocr_line' id='line_1_108' title="bbox 2029 5171 3600 5243; baseline 0.002 -16"><span class='ocrx_word' id='word_1_783' title='bbox 2029 5171 2203 5228; x_wconf 60' lang='lat' dir='ltr'><strong>suam;</strong></span> <span class='ocrx_word' id='word_1_784' title='bbox 2226 5183 2382 5243; x_wconf 82' lang='lat' dir='ltr'><strong>atque</strong></span> <span class='ocrx_word' id='word_1_785' title='bbox 2413 5174 2708 5230; x_wconf 65' lang='lat' dir='ltr'><strong>sententia.</strong></span> <span class='ocrx_word' id='word_1_786' title='bbox 2735 5171 2846 5229; x_wconf 83' lang='lat' dir='ltr'><strong>Nec</strong></span> <span class='ocrx_word' id='word_1_787' title='bbox 2868 5173 3060 5228; x_wconf 76' lang='lat' dir='ltr'><strong>dubito</strong></span> <span class='ocrx_word' id='word_1_788' title='bbox 3083 5175 3220 5243; x_wconf 88' lang='lat' dir='ltr'><strong>quin</strong></span> <span class='ocrx_word' id='word_1_789' title='bbox 3256 5171 3600 5243; x_wconf 81' lang='lat' dir='ltr'><strong>sozomenus</strong></span> 
     </span>
    </p>
   </div>
   <div class='ocr_carea' id='block_1_108' title="bbox 2028 5242 3596 5313">
    <p class='ocr_par' dir='ltr' id='par_1_108' title="bbox 2028 5242 3596 5313">
     <span class='ocr_line' id='line_1_109' title="bbox 2028 5242 3596 5313; baseline -0.001 -16"><span class='ocrx_word' id='word_1_790' title='bbox 2028 5245 2104 5297; x_wconf 88' lang='lat' dir='ltr'><strong>ita</strong></span> <span class='ocrx_word' id='word_1_791' title='bbox 2151 5242 2458 5313; x_wconf 79' lang='lat' dir='ltr'><strong>scripserit.</strong></span> <span class='ocrx_word' id='word_1_792' title='bbox 2503 5243 2664 5313; x_wconf 74' lang='lat' dir='ltr'><strong>Certe</strong></span> <span class='ocrx_word' id='word_1_793' title='bbox 2705 5244 2923 5313; x_wconf 79' lang='lat' dir='ltr'><strong>vulgata</strong></span> <span class='ocrx_word' id='word_1_794' title='bbox 2973 5242 3134 5298; x_wconf 85' lang='lat' dir='ltr'><strong>lectio</strong></span> <span class='ocrx_word' id='word_1_795' title='bbox 3180 5242 3310 5313; x_wconf 77' lang='lat' dir='ltr'><strong>ferri</strong></span> <span class='ocrx_word' id='word_1_796' title='bbox 3352 5258 3459 5297; x_wconf 91' lang='lat' dir='ltr'><strong>non</strong></span> <span class='ocrx_word' id='word_1_797' title='bbox 3498 5260 3596 5313; x_wconf 88' lang='lat' dir='ltr'><strong>po-</strong></span> 
     </span>
    </p>
   </div>
   <div class='ocr_carea' id='block_1_109' title="bbox 2027 5311 3600 5436">
    <p class='ocr_par' dir='ltr' id='par_1_109' title="bbox 2027 5311 3600 5436">
     <span class='ocr_line' id='line_1_110' title="bbox 2027 5311 3600 5436; baseline -0.003 -68"><span class='ocrx_word' id='word_1_798' title='bbox 2027 5322 2162 5436; x_wconf 42' lang='grc' dir='ltr'>ἔδει,</span> <span class='ocrx_word' id='word_1_799' title='bbox 2197 5311 2385 5384; x_wconf 78' lang='lat' dir='ltr'><strong>Neque</strong></span> <span class='ocrx_word' id='word_1_800' title='bbox 2419 5313 2565 5368; x_wconf 88' lang='lat' dir='ltr'><strong>enim</strong></span> <span class='ocrx_word' id='word_1_801' title='bbox 2596 5312 2783 5370; x_wconf 69' lang='lat' dir='ltr'><strong>Graece</strong></span> <span class='ocrx_word' id='word_1_802' title='bbox 2808 5311 3025 5370; x_wconf 70' lang='lat' dir='ltr'><strong>dicitur</strong></span> <span class='ocrx_word' id='word_1_803' title='bbox 3056 5311 3413 5382; x_wconf 85' lang='grc' dir='ltr'>γνωρίσματα</span> <span class='ocrx_word' id='word_1_804' title='bbox 3468 5311 3600 5383; x_wconf 76' lang='grc' dir='ltr'>περὶ</span> 
     </span>
     <span class='ocr_line' id='line_1_111' title="bbox 2073 5400 2186 5436; baseline 0.009 -1"><span class='ocrx_word' id='word_1_805' title='bbox 2073 5400 2186 5436; x_wconf 79' lang='lat' dir='ltr'><strong>sou.</strong></span> 
     </span>
    </p>
   </div>
   <div class='ocr_carea' id='block_1_110' title="bbox 2073 5400 2186 5437">
    <p class='ocr_par' dir='ltr' id='par_1_110' title="bbox 2073 5400 2186 5437">
     <span class='ocr_line' id='line_1_112' title="bbox 2073 5400 2186 5437; baseline 0.018 -2"><span class='ocrx_word' id='word_1_806' title='bbox 2073 5400 2186 5437; x_wconf 85' lang='grc' dir='ltr'>εου.</span> 
     </span>
    </p>
   </div>
   <div class='ocr_carea' id='block_1_111' title="bbox 1783 5561 2169 5620">
    <p class='ocr_par' dir='ltr' id='par_1_111' title="bbox 1783 5561 2169 5620">
     <span class='ocr_line' id='line_1_113' title="bbox 1783 5561 2169 5620; baseline 0.016 -6"><span class='ocrx_word' id='word_1_807' title='bbox 1783 5561 2169 5620; x_wconf 78' lang='lat' dir='ltr'><strong>VARIORUM.</strong></span> 
     </span>
    </p>
   </div>
   <div class='ocr_carea' id='block_1_112' title="bbox 335 5697 1914 5767">
    <p class='ocr_par' dir='ltr' id='par_1_112' title="bbox 335 5697 1914 5767">
     <span class='ocr_line' id='line_1_114' title="bbox 335 5697 1914 5767; baseline -0.001 -12"><span class='ocrx_word' id='word_1_808' title='bbox 335 5700 561 5755; x_wconf 82' lang='lat' dir='ltr'><strong>circiter</strong></span> <span class='ocrx_word' id='word_1_809' title='bbox 590 5715 730 5755; x_wconf 83' lang='lat' dir='ltr'><strong>anno</strong></span> <span class='ocrx_word' id='word_1_810' title='bbox 757 5700 861 5754; x_wconf 67' lang='lat'><strong>37.4.</strong></span> <span class='ocrx_word' id='word_1_811' title='bbox 894 5708 1128 5766; x_wconf 86' lang='lat' dir='ltr'><strong>gestum,</strong></span> <span class='ocrx_word' id='word_1_812' title='bbox 1157 5705 1211 5753; x_wconf 92' lang='lat' dir='ltr'><strong>et</strong></span> <span class='ocrx_word' id='word_1_813' title='bbox 1246 5705 1368 5767; x_wconf 88' lang='lat' dir='ltr'><strong>post</strong></span> <span class='ocrx_word' id='word_1_814' title='bbox 1393 5697 1675 5754; x_wconf 79' lang='lat' dir='ltr'><strong>Athanasii</strong></span> <span class='ocrx_word' id='word_1_815' title='bbox 1704 5700 1914 5755; x_wconf 90' lang='lat' dir='ltr'><strong>obitum</strong></span> 
     </span>
    </p>
   </div>
   <div class='ocr_carea' id='block_1_113' title="bbox 346 5768 1914 5841">
    <p class='ocr_par' dir='ltr' id='par_1_113' title="bbox 346 5768 1914 5841">
     <span class='ocr_line' id='line_1_115' title="bbox 346 5768 1914 5841; baseline 0.001 -18"><span class='ocrx_word' id='word_1_816' title='bbox 346 5788 452 5841; x_wconf 74' lang='lat' dir='ltr'><strong>pax</strong></span> <span class='ocrx_word' id='word_1_817' title='bbox 516 5771 687 5834; x_wconf 88' lang='lat' dir='ltr'><strong>inita,</strong></span> <span class='ocrx_word' id='word_1_818' title='bbox 766 5780 815 5824; x_wconf 83' lang='lat' dir='ltr'><strong>et</strong></span> <span class='ocrx_word' id='word_1_819' title='bbox 867 5769 1040 5841; x_wconf 80' lang='lat' dir='ltr'><strong>Mavia</strong></span> <span class='ocrx_word' id='word_1_820' title='bbox 1104 5768 1914 5841; x_wconf 9' lang='lat' dir='ltr'><strong>regina,glidcmﬁbristianam</strong></span> 
     </span>
    </p>
   </div>
   <div class='ocr_carea' id='block_1_114' title="bbox 345 5837 1915 5912">
    <p class='ocr_par' dir='ltr' id='par_1_114' title="bbox 345 5837 1915 5912">
     <span class='ocr_line' id='line_1_116' title="bbox 345 5837 1915 5912; baseline 0.002 -20"><span class='ocrx_word' id='word_1_821' title='bbox 345 5837 615 5910; x_wconf 69' lang='lat' dir='ltr'><strong>amplexa.</strong></span> <span class='ocrx_word' id='word_1_822' title='bbox 642 5842 788 5912; x_wconf 84' lang='lat' dir='ltr'><strong>(Ant.</strong></span> <span class='ocrx_word' id='word_1_823' title='bbox 813 5840 934 5910; x_wconf 75' lang='lat' dir='ltr'><strong>Pagi</strong></span> <span class='ocrx_word' id='word_1_824' title='bbox 962 5838 1026 5893; x_wconf 87' lang='lat' dir='ltr'><strong>ad</strong></span> <span class='ocrx_word' id='word_1_825' title='bbox 1052 5838 1404 5906; x_wconf 56' lang='lat' dir='ltr'><strong>anuun‘1372,</strong></span> <span class='ocrx_word' id='word_1_826' title='bbox 1425 5855 1476 5896; x_wconf 90' lang='lat' dir='ltr'><strong>n.</strong></span> <span class='ocrx_word' id='word_1_827' title='bbox 1507 5837 1623 5907; x_wconf 63' lang='grc' dir='ltr'><strong>Ἠ.)</strong></span> <span class='ocrx_word' id='word_1_828' title='bbox 1663 5840 1732 5895; x_wconf 90' lang='lat' dir='ltr'><strong>De</strong></span> <span class='ocrx_word' id='word_1_829' title='bbox 1757 5839 1915 5895; x_wconf 84' lang='lat' dir='ltr'><strong>Sara-</strong></span> 
     </span>
    </p>
   </div>
   <div class='ocr_carea' id='block_1_115' title="bbox 2024 5696 3595 5771">
    <p class='ocr_par' dir='ltr' id='par_1_115' title="bbox 2024 5696 3595 5771">
     <span class='ocr_line' id='line_1_117' title="bbox 2024 5696 3595 5771; baseline -0.003 -14"><span class='ocrx_word' id='word_1_830' title='bbox 2024 5703 2213 5767; x_wconf 88' lang='lat' dir='ltr'><strong>cenis,</strong></span> <span class='ocrx_word' id='word_1_831' title='bbox 2250 5699 2341 5771; x_wconf 92' lang='lat' dir='ltr'><strong>qui</strong></span> <span class='ocrx_word' id='word_1_832' title='bbox 2377 5709 2564 5770; x_wconf 87' lang='lat' dir='ltr'><strong>poslea</strong></span> <span class='ocrx_word' id='word_1_833' title='bbox 2613 5700 2716 5754; x_wconf 85' lang='lat' dir='ltr'><strong>sub</strong></span> <span class='ocrx_word' id='word_1_834' title='bbox 2765 5698 3072 5771; x_wconf 66' lang='lat' dir='ltr'><strong>Mabumcte</strong></span> <span class='ocrx_word' id='word_1_835' title='bbox 3119 5696 3595 5771; x_wconf 62' lang='lat' dir='ltr'><strong>pseutlopropbeta</strong></span> 
     </span>
    </p>
   </div>
   <div class='ocr_carea' id='block_1_116' title="bbox 2025 5764 3594 5836">
    <p class='ocr_par' dir='ltr' id='par_1_116' title="bbox 2025 5764 3594 5836">
     <span class='ocr_line' id='line_1_118' title="bbox 2025 5764 3594 5836; baseline -0.003 -11"><span class='ocrx_word' id='word_1_836' title='bbox 2025 5764 2674 5836; x_wconf 67' lang='lat' dir='ltr'><strong>maxitnc&#39;intiotuerunt,</strong></span> <span class='ocrx_word' id='word_1_837' title='bbox 2694 5771 2814 5824; x_wconf 84' lang='lat' dir='ltr'><strong>vide</strong></span> <span class='ocrx_word' id='word_1_838' title='bbox 2849 5764 3183 5829; x_wconf 81' lang='lat' dir='ltr'><strong>lloﬂmann.,</strong></span> <span class='ocrx_word' id='word_1_839' title='bbox 3216 5764 3594 5833; x_wconf 57' lang='lat' dir='ltr'><strong>Lexic.,&#39;Bau-</strong></span> 
     </span>
    </p>
   </div>
   <div class='ocr_carea' id='block_1_117' title="bbox 2025 5839 2611 5911">
    <p class='ocr_par' dir='ltr' id='par_1_117' title="bbox 2025 5839 2611 5911">
     <span class='ocr_line' id='line_1_119' title="bbox 2025 5839 2611 5911; baseline -0.005 -14"><span class='ocrx_word' id='word_1_840' title='bbox 2025 5842 2249 5908; x_wconf 86' lang='lat' dir='ltr'><strong>drand.,</strong></span> <span class='ocrx_word' id='word_1_841' title='bbox 2284 5839 2466 5911; x_wconf 78' lang='lat' dir='ltr'><strong>GeOg.,</strong></span> <span class='ocrx_word' id='word_1_842' title='bbox 2503 5839 2611 5896; x_wconf 84' lang='lat' dir='ltr'><strong>etc.</strong></span> 
     </span>
    </p>
   </div>
  </div>
