4066 6338
546 423 680 484 1411

1984 409 2334 469 :SOZOMENI

3603 421 3704 479 im

556 542 804 616 episcOpi
869 539 1060 607 enim,
1107 534 1421 610 presbyteri
1481 549 1546 589 ac
1593 532 1814 588 diaconi
1842 571 1857 596 ,
1919 535 2012 604 qui
2066 532 2124 587 in

2239 532 2464 604 Κριστοῦ
2531 535 2626 587 καὶ
2673 533 2787 586 τῶν
2845 532 3020 606 ὀρθῶς
3079 533 3208 604 περὶ
3259 532 3387 587 Θεοῦ
3427 536 3705 604 δοξαζόντων,

547 636 746 692 exsilio
773 642 830 689 et
863 634 919 688 in
948 631 1183 688 metallis
1212 630 1417 684 misere
1444 633 1737 692 vexantur,
1777 633 1950 681 testes
1988 634 2119 680 sunt

550 725 730 795 qualis
770 725 862 779 illa
902 725 998 779 sit.
1030 721 1159 776 Haec
1187 721 1360 791 igitur
1390 734 1516 775 esse
1546 733 1742 773 censes
1772 726 1877 772 tua:
1913 717 1984 772 de
2010 717 2120 772 Deo

547 816 831 887 opinionis
866 813 1091 881 indicia,
1118 828 1240 885 quae
1271 827 1502 883 prorsus
1533 811 1712 864 aliena
1738 816 1868 864 sunt
1898 823 1929 862 a
1956 808 2118 864 Chri-

543 918 652 971 sto,
687 915 741 964 et
772 908 843 963 ab
881 908 951 962 iis
976 908 1070 978 qui
1105 913 1256 961 recte
1294 904 1544 960 sentiunt
1569 902 1638 956 de
1670 901 1978 956 divinitate.
2021 897 2119 956 His

541 1001 729 1065 dictis,
773 1014 899 1055 cum
933 1000 1326 1070 jusjurandum
1365 996 1682 1067 adjecisset,
1734 1009 2014 1065 nunquam
2062 1008 2122 1048 se

541 1091 917 1146 sacerdotium
960 1097 1346 1160 suscepturum
1383 1103 1530 1152 esse,
1563 1087 1612 1142 si
1653 1086 1859 1142 Lucius
1897 1101 2119 1140 manum

534 1183 651 1252 ipsi
694 1184 980 1253 imponere
1003 1183 1191 1247 vellet,
1225 1181 1590 1252 magistratus
1617 1177 1877 1244 Romani,
1914 1177 2122 1246 reiecto

536 1267 740 1334 :Lucio,
794 1269 998 1325 Mosem
1047 1271 1117 1324 ad
1165 1269 1459 1340 episc0pos
1513 1271 1568 1323 in
1615 1267 1814 1324 exsilio
1858 1265 2122 1337 degentes

545 1359 916 1414 deduxerunt.
969 1359 1015 1413 Δ
1054 1360 1259 1431 quibus
1295 1359 1588 1415 ordinatus
1632 1359 1949 1428 episcopus,
1995 1372 2122 1428 ρει-υ

539 1449 689 1505 :rexit
710 1449 789 1504 ad
823 1449 1150 1506 Saracenos.
1185 1449 1436 1520 Cumque
1479 1465 1577 1506 eos
1609 1450 1824 1505 amicos
1856 1463 1921 1503 ac
1954 1448 2121 1504 bene-

545 1541 701 1596 .volos
726 1539 1056 1596 reddidisset
1080 1540 1363 1606 Romanis,
1391 1541 1593 1596 mansit
1615 1541 1764 1611 apud
1793 1540 1918 1595 illos
1942 1553 2125 1596 sacer-

539 1631 717 1686 dotali
747 1633 980 1703 fungens
1009 1648 1259 1699 munere,
1281 1639 1343 1688 et
1371 1633 1577 1688 multos
1616 1633 1685 1687 ad
1715 1632 1924 1688 Christi
1961 1630 2122 1686 ﬁdem

538 1727 810 1790 traduxit,
873 1741 999 1781 cum
1059 1739 1367 1796 perpaucos
1432 1725 1506 1779 ibi
1562 1725 1750 1780 ﬁdeles
1796 1725 2120 1794 reperisset.

539 1817 762 1886 Quippe
808 1816 924 1871 haec
961 1831 1094 1886 gens
1129 1819 1198 1870 ah
1230 1816 1463 1871 lsmaele
1509 1815 1811 1871 Abrahami
1853 1815 1970 1869 ﬁlio
2004 1813 2124 1868 ori-

2237 626 2388 678 Ἐπεὶ
2411 624 2468 679 δέ
2491 623 2718 678 τοιαῦτα
2741 623 2916 694 λέγων
2938 623 3248 695 ἐπώμνυτο,
3277 625 3403 694 μήτε
3422 629 3612 683 Λουκίου
3623 633 3707 702 (78)

2224 716 2656 789 χειροτονοῦντος
2685 715 3044 786 ὑποδέχεσθαι
3080 716 3180 786 τὴν
3208 717 3492 788 ἱερωσύνην
3513 762 3525 784 ,
3562 741 3709 794 mpm.

2223 810 2520 880 τησάμενοι
2567 809 2796 864 Λούκιον
2831 809 2882 861 οἱ
2934 807 3223 878 Ῥωμαίων
3268 809 3536 878 ἄρχοντες,
3569 812 3713 882 ἄγουσι

2223 903 2430 974 Μωσῆν
2469 903 2605 973 πρὸς
2640 903 2762 964 τοὺς
2799 902 2856 954 ἐν
2883 903 3031 971 φυγῇ
3079 899 3240 962 ὄντας
3287 901 3591 966 ἐπισκόπους.
3611 907 3714 977 11αᾷ

2225 988 2301 1049 ὧν
2343 993 2743 1065 χειροτονηθεὶς
2767 1033 2782 1056 ,
2821 993 2898 1056 ὼς
2950 992 3078 1055 τοὺς
3115 991 3450 1062 Σαρακηνοὺς
3484 988 3626 1064 ἦλθε·
3650 999 3718 1051 καὶ

2217 1086 2514 1151 διαλλάξας
2566 1087 2766 1150 αὐτοὺς
2811 1085 3106 1156 Ῥωμαίοις
3128 1127 3144 1152 ,
3185 1083 3369 1138 αὐτόθι
3411 1085 3576 1156 διῆγεν
3602 1089 3722 1159 tepo-

2231 1178 2398 1249 μένος
2421 1218 2437 1242 ,
2460 1179 2554 1232 καὶ
2581 1177 2811 1241 πολλοὺς
2847 1176 3229 1248 Χριστιανίσαι
3263 1176 3632 1247 παρεσκεύασε.
3653 1197 3722 1232 κο-

2226 1270 2359 1342 μιδῇ
2385 1268 2601 1338 ὀλίγους
2627 1268 2802 1340 εὑρὼν
2823 1267 2918 1322 τοῦ
2939 1267 3212 1337 δόγματος
3235 1268 3590 1338 μετασχόντας.
3604 1271 3725 1324 Τουτὶ

2221 1360 2336 1430 γὰρ
2371 1361 2433 1414 τὸ
2465 1360 2632 1430 φῦλον
2661 1360 2770 1414 ἀπὸ
2808 1358 3032 1430 Ἰσμαὴλ
3061 1358 3157 1413 τοῦ
3201 1357 3441 1429 Ἀϐραὰμ
3476 1359 3632 1422 παιδὸς
3655 1361 3726 1430 τὴν

2227 1450 2404 1523 ἀρχὴν
2422 1450 2608 1515 λαϐὸν,
2641 1451 2737 1504 καὶ
2762 1450 2860 1521 τὴν
2890 1449 3269 1522 προσηγορίαν
3298 1445 3426 1521 εἶχε,
3459 1452 3545 1506 καὶ
3568 1453 3732 1524 Ἰσμαηο

2227 1543 2381 1606 λίτας
2414 1543 2613 1606 αὐτοὺς
2643 1545 2698 1596 oi.
2736 1543 2953 1614 ἀρχαῖοι
2975 1584 2990 1608 ,
3027 1542 3138 1596 ἀπὸ
3172 1543 3272 1596 τοῦ
3300 1545 3607 1616 προπάτορος
3631 1545 3732 1598 ὠνό-

2232 1651 2434 1705 μασαν.
2472 1633 2918 1705 Ἀτοοτριϐόμενοι
2971 1632 3030 1686 δὲ
3082 1630 3179 1685 τοῦ
3220 1631 3374 1686 νόθου
3413 1633 3498 1686 τὸν
3544 1633 3734 1704 ἔλεγχον,

2227 1724 2324 1778 καὶ
2349 1725 2450 1794 τῆς
2492 1725 2671 1792 Ἀγαρ
2708 1723 2811 1792 τῆς
2846 1723 3072 1794 Ἰσμαὴλ
3103 1723 3314 1793 μητρὸς
3340 1723 3432 1793 τὴν
3457 1722 3734 1792 δυσγένειαν,

2224 1815 2391 1884 δούλη
2416 1815 2524 1887 γὰρ
2549 1811 2638 1885 ἦν,
2670 1814 3062 1885 Eappa:qu
3087 1815 3229 1883 σφᾶς
3260 1814 3551 1884 ὠνόμασαν,
3570 1815 3633 1877 ὡς
3661 1817 3740 1868 ἀπὺ

538 1909 731 1977 ginem
759 1906 992 1970 ducens,
1022 1906 1350 1961 vocabulum
1386 1920 1606 1976 quoque
1635 1906 1888 1975 accepit:
1919 1919 2129 1975 eosque

2239 1904 2446 1975 Σάρρας
2469 1904 2570 1973 τῆς
2613 1901 2866 1974 Ἀϐραὰμ
2889 1902 3140 1974 γαμετῆς
3171 1903 3578 1974 καταγομένους.
3597 1905 3740 1957 Τοιοῦ-

540 1999 763 2068 anliqui
793 1999 864 2053 ab
888 2008 1116 2053 auctore
1153 1997 1373 2069 generis
1391 1995 1705 2052 lsmaelitas
1750 1997 2126 2052 nominarunt.

2227 2015 2320 2052 τον
2375 1996 2432 2050 δὲ
2470 1996 2532 2050 τὸ
2595 1995 2753 2065 γένος
2798 1996 3049 2059 ἐλκοντες
3070 2035 3085 2058 ,
3150 1995 3392 2060 ἅπαντες
3454 1996 3543 2066 μὲν
3585 1996 3744 2066 ὁμοίως

550 2089 754 2146 Verum
811 2100 870 2144 ut
915 2089 1181 2160 probrum
1234 2088 1559 2144 adulterinis
1600 2088 1835 2159 originis
1881 2087 2128 2144 declina-

543 2189 695 2244 rent,
738 2187 794 2235 et
827 2179 1231 2252 ignobilitatem
1281 2179 1428 2250 Agar
1468 2179 1662 2235 matris
1711 2178 1961 2236 lsmaelis
2006 2195 2131 2252 qua:

541 2287 708 2328 serva
746 2281 892 2337 erat,
924 2272 1230 2338 abolerent,
1269 2271 1376 2342 ipsi
1432 2286 1492 2328 se
1534 2268 1847 2327 Saracenos
1879 2271 2133 2326 nomina-

545 2373 700 2428 runt,
733 2365 891 2433 quasi
917 2378 983 2418 ex
1011 2362 1148 2417 Sara
1174 2363 1417 2433 conjuge
1447 2361 1746 2418 Abrahami
1781 2361 1892 2417 orti
1921 2370 2127 2417 essent.

551 2455 671 2510 Tali
719 2456 887 2527 igitur
921 2470 1122 2526 genere
1167 2455 1442 2526 prognati,
1497 2469 1693 2510 omnes
1745 2453 1968 2525 quidem
2023 2438 2129 2508 lie-

545 2546 825 2601 braeorum
844 2561 996 2602 more
1015 2545 1507 2612 circumciduntur,
1530 2553 1585 2602 et
1605 2559 1637 2599 a
1665 2546 1844 2601 suillis
1866 2545 2132 2600 carnibus

546 2637 854 2703 abstinent,
897 2639 1213 2708 multosque
1259 2638 1402 2693 alios
1449 2635 1804 2693 Hebraeorum
1858 2640 2002 2692 ritus
2034 2637 2133 2692 ob-

547 2738 798 2783 servant.
825 2727 981 2794 Quod
1007 2743 1140 2784 vero
1170 2743 1278 2784 non
1319 2727 1514 2784 iisdem
1545 2729 1757 2799 quibus
1797 2727 1875 2782 illi
1907 2727 2134 2782 institu-

549 2820 625 2874 tis
679 2835 1080 2890 usquequaque
1144 2827 1425 2883 utuntur,
1486 2817 1542 2873 id
1599 2820 1683 2874 vel
1740 2817 2132 2888 longinquitati

548 2911 821 2980 temporis
853 2909 1204 2965 tribuendum
1249 2919 1359 2974 est,
1398 2909 1482 2964 vel
1509 2909 1640 2979 quia
1670 2907 1923 2963 ﬁnitimis
1956 2907 2130 2979 genti-

2239 2915 2341 2986 πρὸ
2389 2915 2488 2984 τῆς
2539 2912 2634 2966 τοῦ
2685 2913 2928 2976 Μωσέως
2983 2912 3312 2983 νομοθεσίας
3361 2913 3612 2983 ἀγράφοις
3649 2909 3762 2962 ἔθεσι

553 2999 658 3056 bus
691 3001 940 3071 permisti
973 3009 1128 3056 sunt.
1165 3000 1299 3056 Nam
1331 2999 1514 3056 Moses
1539 2999 1786 3070 quidem,
1821 3000 1914 3070 qui
1947 2999 2130 3054 multis

2239 3007 2584 3077 κεχρημένοι.
2637 3004 2855 3075 Ἀμέλει
2895 3003 2963 3057 τὰ
2999 3003 3140 3058 αὐτὰ
3165 3004 3429 3077 δαιμόνια
3459 3007 3566 3067 τοῖς
3588 3002 3764 3072 ὁμόροις

551 3101 748 3164 postea
797 3093 1017 3150 saeculis
1074 3094 1233 3158 vixit,
1285 3095 1421 3150 solis
1480 3093 1592 3148 illis
1649 3093 1743 3162 qui
1786 3107 1855 3147 ex
1899 3091 2130 3163 Egypto

2239 3099 2446 3162 Εσεϐον,
2473 3099 2571 3152 καὶ
2597 3097 3001 3169 παραπλησίως
3023 3095 3165 3150 αὐτὰ
3193 3096 3470 3168 τιμῶντες
3495 3095 3581 3149 καὶ.
3609 3093 3766 3163 ὀνομά-

551 3183 764 3254 egressi
810 3193 964 3250 sunt,
1013 3185 1162 3256 leges
1196 3185 1346 3242 tulit.
1389 3183 1456 3239 Et
1503 3198 1696 3240 eorum
1734 3181 1929 3247 vicini,
1980 3196 2128 3247 cum,

2239 3187 2424 3255 ζοντες
2444 3227 2460 3253 ,
2494 3191 2552 3244 ἐν
2587 3191 2654 3260 τῇ
2681 3188 2819 3261 πρὸς
2853 3188 2984 3252 τοὺς
3024 3187 3198 3251 πέλας
3220 3188 3509 3259 ὁμοιότητι
3554 3188 3642 3255 τῆς
3668 3183 3770 3254 θρη-

553 3276 703 3333 sicut
728 3277 1028 3332 verisimile
1049 3285 1157 3343 est,
1189 3276 1486 3333 admodum
1515 3285 1704 3334 essent
1735 3275 2130 3347 superstitiosi,

2240 3280 2426 3345 σκείας
2447 3321 2465 3347 ,
2505 3280 2569 3334 τδ
2608 3281 2781 3335 αἴτιον
2824 3280 3098 3334 ἐδείκνυον
3125 3279 3230 3349 τῆς
3255 3279 3664 3351 παραποιήσεως
3686 3273 3768 3327 τῶν

555 3367 790 3439 patriam
822 3367 1075 3422 lsmaelis
1103 3367 1462 3439 disciplinam
1495 3366 1643 3438 apud
1688 3369 1843 3438 ipsos
1879 3382 2130 3439 corrupe-

2239 3373 2486 3444 πατρίων
2516 3373 2719 3444 νόμων.
2750 3365 2856 3426 οἷα
2881 3371 2940 3424 δὲ
2967 3371 3145 3442 φιλεῖ,
3188 3371 3390 3442 χρόνος
3426 3369 3587 3432 πολὺς
3619 3369 3772 3433 ἐπιγεο

557 3465 728 3524 runt;
779 3472 890 3528 qua
943 3457 1063 3512 sola
1112 3466 1328 3514 veteres
1377 3457 1592 3512 Hebraei
1641 3457 1774 3513 olim
1811 3459 2130 3529 utebantur;

2239 3465 2495 3536 νόμενος,
2522 3463 2590 3518 τὰ
2618 3463 2716 3534 μὲν
2735 3461 2878 3536 λήθῃ
2899 3462 3186 3534 παρέδωκε
3202 3479 3223 3496 ο
3244 3461 3318 3516 τὰ
3342 3462 3401 3516 δέ
3429 3457 3772 3534 πρεσϐεύεσθαι

2239 3559 2371 3630 παρ’
2419 3558 2603 3621 αὐτοῖς
2647 3557 2894 3626 ἐποίησε.
2939 3555 3094 3610 Μετὰ
3134 3555 3192 3610 δέ
3230 3555 3414 3610 ταῦτά
3457 3571 3593 3617 τινες
3629 3549 3775 3604 αὐτῶν

2239 3647 2628 3718 συγγενόμενοι
2671 3645 2946 3709 Ἰουδαίοις
2967 3685 2983 3712 ,
3038 3645 3246 3716 ἔμαθον
3284 3645 3382 3714 ἀφ’
3417 3638 3492 3699 ὧν
3529 3642 3740 3710 ἐγένοντο
3759 3653 3772 3668 ⁸

2239 3739 2336 3792 καὶ
2384 3739 2477 3791 ἐπὶ
2505 3736 2566 3791 τδ
2597 3734 2856 3806 συγγενὲς
2892 3735 3196 3808 ἐπανῆλθον
3219 3775 3237 3799 ,
3271 3735 3375 3791 καὶ
3405 3738 3517 3799 τοῖς
3548 3731 3778 3804 Ἑϐραίοις

2239 3825 2388 3880 ἔθεσι
2417 3825 2513 3880 καὶ
2548 3826 2736 3895 νόμοις
2764 3824 3112 3896 προσέθεντο.
3161 3823 3254 3890 Ἐξ
3291 3824 3504 3878 ἐκείνου
3534 3839 3590 3876 τε
3631 3818 3777 3872 πολλοὶ

2241 3917 2372 3986 παρ’
2407 3915 2591 3978 αὐτοῖς
2619 3913 2788 3968 είσέτι
2813 3913 2906 3968 καὶ
2931 3912 3024 3966 νῦν
3059 3913 3371 3976 Ἰουδαϊκῶς
3395 3911 3576 3977 ζῶσιν.
3606 3910 3671 3962 Οὐ
3698 3909 3778 3975 πρὸ

2243 4003 2441 4058 πολλοῦ
2463 4003 2521 4057 δὲ
2546 4003 2645 4074 τῆς
2668 4001 2950 4074 παρούσης
2976 4001 3255 4072 βασιλείας
3273 4041 3289 4064 ,
3315 4002 3414 4056 καὶ
3431 3998 3778 4073 Χριστιανίζειν

2240 4095 2496 4167 ἤρξαντο.
2529 4097 2806 4166 Μετέσχον
2837 4095 2893 4149 δέ
2924 4095 3024 4165 τῆς
3059 4097 3119 4149 ἐν
3148 4093 3380 4165 Χριστῷ
3409 4093 3633 4153 πίστεως
3656 4129 3668 4152 ,
3690 4088 3780 4146 ταῖς

2244 4188 2552 4250 συνουσίαις
2597 4187 2708 4241 τῶν
2747 4187 3185 4260 προσοικούντων
3242 4187 3434 4250 αὐτοῖς
3491 4183 3668 4254 ίερέων
3707 4178 3779 4230 καὶ

2246 4280 2515 4350 μοναχῶν,
2553 4281 2603 4332 οἳ
2642 4283 2702 4333 ἐν
2751 4284 2872 4344 ταῖς
2918 4280 3086 4344 πέλας
3139 4279 3407 4352 ἐρημίαις
3457 4275 3780 4346 ἐφιλοσόφουν.

2236 2088 2512 2162 Ἑϐραίοις
2536 2086 3084 2159 περιτέμνονται,καὶ
3104 2085 3268 2140 ὑείων
3294 2086 3465 2158 κριῶν
3488 2085 3745 2156 ἀπέχονται,

2229 2182 2326 2236 καὶ
2351 2179 2489 2236 ἄλλα
2537 2179 2709 2234 πολλά
2742 2179 2854 2234 τῶν
2886 2179 3018 2251 παρ’
3049 2178 3236 2242 αὐτοῖς
3281 2178 3419 2232 ἐθῶν
3456 2178 3746 2248 φυλάττουσι.

2229 2275 2305 2329 Τὸ
2326 2274 2384 2327 δέ
2418 2273 2493 2345 μὴ
2521 2273 2702 2327 πάντα
2738 2271 2936 2343 ἐπίσης
2977 2273 3165 2336 αὐτοῖς
3193 2270 3588 2333 πολιτεύεσθαι,
3614 2271 3748 2341 χρόνῳ

2228 2365 2528 2435 λογιστέον,
2559 2363 2593 2435 ἢ
2631 2365 2754 2428 ταῖς
2785 2362 3092 2434 ἐπιμιξίαις
3130 2361 3242 2417 τῶν
3270 2361 3429 2433 πέριξ
3456 2362 3625 2416 ἐθνῶν.
3653 2363 3750 2416 Μω-

2232 2457 2332 2528 σῆς
2359 2474 2420 2511 τε
2450 2455 2560 2528 γὰρ
2587 2455 2802 2520 πολλοῖς
2833 2454 3062 2527 ὕστερον
3094 2454 3316 2525 χρόνοις
3355 2455 3621 2525 γενόμενος
3640 2493 3653 2517 ,
3680 2455 3754 2523 μόο

2231 2567 2344 2613 νοις
2371 2553 2485 2612 τοῖς
2521 2548 2578 2615 ἐξ
2608 2547 2886 2617 Αἰγύπτου
2938 2545 3251 2612 ἐξελθοῦσιν
3291 2547 3645 2618 ἐνομοθέτησε.
3669 2545 3755 2599 Καὶ

2229 2643 2280 2695 οἱ
2321 2639 2742 2713 προσοικοῦντες
2778 2641 2966 2703 αὐτοῖς
2990 2639 3068 2704 ὡς
3096 2638 3241 2708 ἄγαν
3271 2638 3642 2708 δεισιδαίμονες
3671 2635 3755 2704 (79)

2230 2733 2418 2797 ὄντες,
2456 2732 2532 2796 ὼς
2583 2731 2728 2796 είκδς
2765 2729 3076 2802 διέφθειραν
3133 2729 3236 2802 τήν
3282 2729 3502 2801 Ἰσμαὴλ
3547 2726 3758 2796 πατρῴαν

2233 2824 2476 2894 ἀγωγὴν,
2497 2821 2619 2876 καθ’
2634 2822 2703 2894 ἡν
2727 2822 2893 2893 μόνην
2909 2821 3289 2875 ἐπολιτεύοντο
3305 2823 3354 2875 ot
3375 2821 3535 2875 πάλαι
3548 2819 3759 2888 Ἑϐραῖοι,

557 3550 763 3618 quippe
799 3550 897 3620 qui
936 3558 1065 3604 ante
1091 3549 1242 3620 leges
1269 3565 1301 3604 a
1325 3548 1477 3605 llose
1521 3548 1802 3616 conditas,
1834 3559 2139 3608 consuetu-

555 3636 690 3691 dine
723 3651 837 3691 non
887 3638 1093 3708 scripta
1142 3644 1488 3708 regerentur.
1523 3637 1757 3694 Eosdem
1803 3649 1956 3697 certe
1997 3654 2142 3712 quos

561 3726 800 3791 ﬁnitimi,
830 3727 1125 3782 coluerunt
1152 3728 1307 3784 deos.
1338 3727 1556 3800 Easque
1583 3729 1752 3785 simili
1775 3730 1942 3787 modo
1969 3746 2140 3788 vene-

559 3827 774 3882 rantes,
808 3817 1116 3889 iisdemque
1141 3819 1304 3891 277
1335 3821 1676 3891 appellantes
1699 3822 2006 3889 vocabulis,
2036 3823 2142 3879 hac

560 3911 843 3982 religionis
877 3913 1244 3968 similitudine
1291 3929 1456 3985 quam
1489 3929 1614 3970 cum
1644 3915 1846 3972 vicinis
1890 3930 2141 3971 commu-

561 4017 684 4058 nem
738 4003 963 4067 habent,
1013 4017 1240 4060 causam
1301 4020 1406 4060 cur
1455 4006 1633 4077 patria
1689 4005 1939 4062 instituta
1995 4006 2140 4077 apud

559 4090 710 4160 ipsos
771 4102 982 4148 mutata
1037 4095 1170 4164 sint,
1234 4097 1373 4153 satis
1423 4097 1802 4152 declararunt.
1850 4097 2046 4165 Porro,
2082 4107 2142 4152 ut

558 4181 675 4238 ﬁeri
732 4184 909 4262 solet,
959 4185 1211 4241 diuturni
1294 4187 1559 4258 temporis
1609 4188 1895 4244 successio
1955 4188 2142 4258 priora

519 4278 526 4285 ·
558 4271 784 4342 quidem
823 4275 1090 4330 oblivioni
1128 4277 1404 4345 tradidit;
1457 4277 1565 4332 alia
1596 4293 1728 4334 vero
1773 4265 1844 4334 ab
1885 4279 1994 4336 illis
2033 4279 2142 4335 coli

563 4364 711 4420 fecit.
755 4366 1002 4422 Posthac
1051 4368 1274 4438 quidam
1305 4385 1520 4438 eorum,
1567 4385 1694 4426 cum
1743 4369 1950 4427 Iudaeis
1996 4386 2130 4426 con-

2244 4368 2303 4426 εὖ
2343 4372 2581 4442 βιοῦντες
2613 4376 2707 4426 καὶ
2744 4372 3312 4444 θαυματουργοῦντες.
3350 4370 3582 4439 Λέγεται
3609 4367 3660 4420 δὲ
3687 4364 3780 4415 τότε

559 4456 763 4528 gressi,
798 4456 1113 4513 didicerunt
1152 4461 1299 4516 unde
1337 4462 1608 4532 originem
1641 4464 1927 4518 ducerent.
1965 4461 2032 4517 Et
2071 4463 2130 4518 ad

2245 4465 2339 4518 καὶ
2373 4465 2544 4535 φυλὴν
2573 4465 2702 4534 ὃλην
2744 4467 2825 4528 είς
2865 4464 3293 4535 Χριστιανισμδν
3331 4461 3644 4534 μεταϐαλεῖν
3666 4499 3679 4518 ,
3707 4457 3781 4509 Ζο-

561 4555 829 4618 cognatos
869 4563 1000 4605 suos
1032 4551 1264 4616 reversi,
1306 4551 1662 4609 Hebraeorum
1707 4557 1854 4627 leges
1889 4571 1953 4611 ac
2001 4557 2130 4612 ritus

2244 4557 2416 4626 κόμου
2453 4557 2566 4625 (80)
2605 4557 2699 4610 τοῦ
2746 4557 2951 4626 ταύτης
2984 4555 3260 4626 φυλάρχου
3291 4555 3354 4620 ἐξ
3395 4553 3574 4614 αίτίας
3614 4546 3783 4601 τοιᾶσδε

563 4640 674 4694 sibi
734 4640 1074 4698 asciverunt.
1109 4642 1288 4713 Atque
1313 4659 1380 4699 ex
1420 4659 1488 4700 eo
1525 4653 1767 4716 tempore
1797 4648 1956 4701 multi
1992 4649 2130 4718 apud

2245 4647 2650 4718 βαπτισθέντος.
2684 4649 2884 4712 ’Λπαις
2915 4647 2990 4701 ὢν
3012 4689 3028 4713 ,
3059 4646 3201 4700 κατὰ
3244 4646 3412 4710 κλέος
3437 4644 3621 4716 ἀνδρὸς
3652 4655 3781 4710 μονα-

565 4729 690 4784 illos
714 4728 948 4786 Judaico
975 4747 1131 4789 more
1165 4733 1468 4790 etiamnum
1500 4737 1715 4792 vivunt.
1759 4737 2130 4795 Christianam

2244 4739 2340 4810 χοῦ
2381 4735 2544 4811 ἦλθεν
2580 4740 2730 4810 αύτῷ
2775 4740 3197 4812 συντευξόμενος
3218 4778 3234 4801 ,
3271 4739 3374 4792 καὶ
3409 4737 3511 4807 τὴν
3543 4731 3786 4802 συμφορὰν

562 4833 786 4890 quoque
821 4821 1146 4892 religionem
1184 4823 1420 4894 amplexi
1454 4832 1608 4892 sunt,
1646 4841 1758 4882 non
1807 4828 1982 4883 multo
2014 4837 2130 4885 ante

2250 4831 2584 4904 ἀπωδύρετο.
2626 4833 2762 4903 Περὶ
2804 4831 3001 4886 πολλοῦ
3037 4819 3146 4904 γάρ
3179 4833 3296 4884 ἐστι
3347 4828 3652 4886 παιδοποιῖα
3676 4821 3787 4890 Σαρ⁶

1741 5001 2007 5059 VALESII
2045 5005 2618 5063 ANNOTATIONES.

634 5179 747 5261 (78')
782 5178 944 5246 Μήτε
979 5182 1258 5261 Λουκίου.
1286 5182 1782 5261 Mallen}_scri_bere
1817 5189 1892 5261 μὴ
1917 5189 1982 5244 ἄν
2005 5207 2136 5244 ποτε

565 5249 829 5330 ΛουκίουΛ
865 5251 1323 5330 χειροτονοῦντος⁵
1365 5255 1722 5330 ὑποδέχεσθαι
1744 5249 1921 5330 υτὴν
1979 5263 2137 5330 ίερω-

564 5318 755 5399 σύνην.
789 5317 1258 5399 Quemadmodum
1309 5317 1694 5399 iegitur'apud
1741 5317 2132 5399 Nicephorum.

635 5389 754 5471 (79)_
808 5389 1605 5471 drarﬁszmga'Iuoreg-f
1646 5389 2005 5471 scribendum
2051 5408 2135 5455 est

608 5460 758 5512 rocul
789 5460 956 5514 dubio
996 5463 1052 5523 ἐς
1103 5462 1261 5536 ἄγαν.
1303 5460 1474 5536 Porro
1515 5460 1584 5522 de
1632 5470 1844 5536 origine
1899 5471 2135 5525 nominis

612 5543 996 5606 aracenorum,
1025 5533 1305 5606 assentior
1331 5534 1625 5603 Scaligero,
1655 5533 1745 5606 qui
1778 5541 1831 5592 in
1872 5538 2135 5594 Eusebia-

567 5599 662 5674 uis
690 5600 1262 5674 animadversionibus
1289 5599 1619 5674 jampridem
1647 5599 1873 5672 notavit,
1899 5624 1993 5664 eos
2028 5626 2135 5664 non

566 5681 597 5748 a_
630 5666 767 5748 Sara
799 5670 1091 5748 Abrahami
1135 5666 1366 5748 conjuge
1406 5666 1585 5748 dictos
1621 5694 1772 5740 esse,
1818 5666 1912 5734 sed
1945 5695 1976 5733 a
2005 5694 2137 5736 voce

565 5736 1035 5820 Arabicamsarali,
1079 5758 1200 5812 quae
1227 5736 1468 5820 lationes
1497 5736 1800 5820 signiﬁcat.
1825 5750 1965 5804 Idem
1999 5766 2135 5819 quo-

567 5820 675 5876 que
699 5811 866 5865 sentit
887 5810 1193 5877 Bocbarttis
1224 5814 1279 5869 in
1305 5815 1399 5872 lib.
1437 5832 1508 5881 iv,
1545 5810 1665 5889 cap.
1700 5818 1753 5872 9..
1785 5818 1954 5875 Porro
1987 5810 2132 5875 h'unc

2243 5191 2749 5262 Sozomenilocum
2775 5191 3028 5262 designat
3061 5190 3438 5262 Theophanes
3463 5192 3518 5246 in
3544 5190 3789 5262 Chronico,

2243 5277 2370 5333 pag.
2405 5262 2493 5317 55.
2529 5260 2632 5316 Sed
2662 5261 2806 5330 quod
2836 5259 3007 5330 addit,
3041 5259 3414 5318 Sozomenum
3437 5261 3636 5333 dixisse
3659 5259 3792 5333 Sara-

2243 5327 2409 5387 cenos
2443 5347 2587 5386 anno
2629 5327 2806 5387 aetatis
2847 5327 3011 5388 tertio
3041 5334 3254 5387 decimo
3283 5331 3641 5390 circumcidi,
3677 5327 3789 5380 idin

2242 5403 2448 5456 nostris
2507 5401 2790 5457 codicibus
2858 5418 2968 5457 non
3030 5403 3246 5468 legitur.
3315 5403 3399 5456 Ac
3439 5396 3790 5468 mihiquidem

2241 5472 2456 5526 videtur
2478 5469 2840 5540 Theophanes
2871 5472 3017 5528 istud
3039 5468 3318 5530 addidis'se
3346 5488 3418 5528 ex
3435 5471 3654 5542 Josephi
3675 5468 3790 5521 libro

2243 5543 2422 5612 primo
2451 5543 2866 5612 Antiquitatum,
2903 5558 3026 5610 cap.
3065 5544 3151 5599 15.

2315 5611 2428 5682 (80)
2459 5602 2737 5681 Ζόκὸμος.
2781 5602 3123 5682 Νἰορριὶονυε
3167 5613 3222 5668 in
3266 5613 3418 5668 libro
3458 5627 3520 5682 ll,
3556 5624 3687 5682 cap.
3719 5602 3791 5662 47.

2243 5678 2491 5758 ζάκομον
2539 5678 2697 5758 vocat
2759 5678 2930 5758 hunc
2967 5682 3376 5758 Saracenorum
3438 5678 3790 5758 phylarcbttm:

2241 5746 2414 5806 Porro
2457 5753 2510 5804 in
2550 5753 2740 5806 codice
2793 5750 3095 5809 Fuketiano
3140 5754 3241 5810 hoc
3299 5746 3535 5810 nomen
3564 5746 3793 5809 scribitur

2241 5838 2363 5878 cum
2386 5831 2618 5877 accentu
2660 5822 2714 5878 in
2751 5825 3070 5895 penultima.
