4066 6338
401 374 539 431 L113
1391 381 1716 442 HISTORIA
1753 385 2304 450 ECCLESIASTICA.
2345 427 2415 436 —
2452 395 2580 452 LIB.
2625 399 2712 455 Vl.
3529 410 3670 467 MM

392 492 692 562 ρακηνοϊς,
748 487 899 564 οἶμαι
950 493 1006 548 δὲ
1072 496 1168 551 καὶ
1220 498 1355 553 πᾶσι
1409 499 1726 575 βαρϐάροις.
1785 506 1845 560 '0
1893 507 1961 574 δὲ,

2084 511 2250 582 hujus
2296 513 2648 585 imperatoris
2697 523 2948 590 tempora
2993 519 3156 591 cujus
3208 537 3298 578 res
3349 533 3534 595 gestas
3571 526 3666 581 de-

393 583 620 680 θαρρεῖν
652 587 1238 659 παρακελευσάμενος,
1269 590 1474 662 ηὔξατο
1502 596 1597 649 καὶ
1625 597 1961 670 ἀπέπεμψεν.

2080 583 2404 660 scribimus.
2448 601 2708 660 Traducti
2747 583 2878 663 sunt
2911 583 3092 664 autem
3141 611 3206 666 ad
3239 583 3398 668 [idem
3435 613 3664 680 Christi,

390 675 536 742 ἕξειν
592 678 755 730 αὑτὸν
799 681 914 734 υἱὸν
959 681 1365 754 ὑποσχόμενος,
1413 687 1464 740 εί
1516 689 1860 744 πιστεύσειεν
1895 693 1961 757 είς

2077 696 2371 768 colloquiis
2427 700 2775 755 sacerdotum
2832 711 2887 757 et
2924 704 3362 770 monachorum,
3413 709 3508 778 qui
3569 675 3669 779 per

393 767 646 871 ξριστόν.
693 769 846 822 Ἐπεὶ
893 771 949 825 δὲ
994 772 1128 837 Θεὸς
1167 773 1316 846 ἔργῳ
1347 775 1446 848 τὴν
1502 779 1798 851 ὑπόσχεσιν
1853 784 1961 837 ἐϐει

2078 767 2346 846 ﬁnitimas
2423 792 2562 863 ipsis
2629 794 2960 852 solitudines
3012 767 3379 868 philosophiae
3430 767 3666 871 operam

391 857 592 912 ϐαίωσε
621 899 636 922 ,
672 863 768 915 καὶ
809 862 1008 933 ἐτέχθη
1046 864 1197 936 αὑτῷ
1225 868 1357 931 παῖς
1379 906 1395 930 ,
1435 869 1600 934 αὑτός
1644 889 1704 926 τε
1735 875 1961 946 Ζόκομος

2073 879 2302 947 dabant,
2332 884 2566 956 vitaeque
2602 888 2972 944 sanctimonia
3006 857 3060 945 et
3103 857 3389 948 mira-culis
3421 857 3668 964 re'fulge-

389 951 646 1022 ἐμυήθη,
689 954 931 1018 καὶτοὺς
979 955 1071 1009 ὑπ’
1098 957 1260 1011 αὑτὸν
1293 959 1386 1012 ἐπὶ
1425 959 1583 1014 τοῦτο
1611 962 1836 1032 ἢγαγεν.
1882 965 1961 1031 Ἐξ

2075 971 2232 1028 bant.
2289 951 2494 1032 Fertur
2539 977 2705 1031 etiam
2757 977 3027 1050 integram
3078 995 3282 1034 eorum-
3323 982 3524 1036 tribuni
3572 951 3667 1038 “eo

387 1041 598 1094 ἐκείνου
623 1060 683 1096 τε
722 1044 928 1116 ταύτην
959 1046 1060 1118 τὴν
1103 1048 1276 1120 φυλὴν
1303 1049 1556 1118 γενέσθαι
1585 1055 1751 1123 φασὶν
1786 1056 1961 1110 εὐδαί-

2077 1071 2324 1134 tempore
2379 1066 2448 1120 ad
2497 1065 2705 1123 Christi
2763 1068 3086 1140 religionem
3132 1070 3470 1133 transiisse,
3538 1089 3664 1127 cum

388 1135 646 1204 μονακαὶ
677 1135 1127 1208 πολυάνθρωπον,
1154 1140 1393 1212 Πέρσαις
1421 1159 1482 1197 τε
1517 1146 1612 1198 καὶ
1638 1149 1752 1210 τοῖς
1785 1147 1961 1213 ἄλλοις

2075 1153 2348 1210 Zocomus
2379 1170 2570 1211 eorum
2607 1135 2948 1229 phylarchus
2979 1158 3310 1228 baptismum
3347 1157 3662 1228 hujusmodi

387 1227 760 1298 Σαρῤακηνοῖς
783 1228 1149 1299 φοϐεράν.Ὃν
1168 1233 1281 1302 μὲν
1309 1232 1373 1305 δὴ
1397 1235 1601 1306 τρόπον
1620 1237 1961 1312 Σαρρακηνοὶ

2071 1245 2146 1302 ob
2173 1260 2400 1302 causam
2439 1227 2798 1317 suscepisset.
2847 1247 2949 1302 Hic
2994 1227 3167 1303 orbus
3209 1263 3337 1302 cum
3379 1227 3550 1312 esset,
3592 1249 3661 1301 ad

385 1317 486 1389 τὴν
541 1319 716 1390 ἀρχὴν
770 1322 850 1385 εἰς
879 1322 1314 1396 Χρλιστιανισμδν
1365 1328 1680 1396 μετέϐαλον,
1736 1332 1831 1385 καὶ
1877 1327 1961 1387 οἷα

2076 1336 2406 1392 monachum
2429 1337 2744 1408 quemdam,
2787 1339 2931 1394 fama
2960 1340 3110 1395 illius
3140 1339 3438 1406 adductus,
3474 1353 3664 1395 acces-

385 1411 513 1482 περὶ
538 1410 630 1466 τοῦ
658 1410 872 1482 πρώτου
905 1415 1037 1485 παρ’
1060 1416 1246 1480 αὑτοῖς
1271 1420 1741 1491 ὲπισκοπῄσαντος
1765 1441 1960 1496 παρει-

2069 1425 2171 1486 .sit.
2227 1437 2287 1479 ut
2339 1441 2463 1481 cum
2513 1442 2581 1482 eo
2639 1427 3052 1498 colloqueretur
3097 1448 3112 1484 :
3160 1445 3432 1500 suamque
3486 1430 3662 1500 ipsius

374 1503 654 1575 λήφαμεν,
682 1498 784 1573 ᾧδε
819 1505 956 1576 ἔχει.

2089 1517 2464 1570 calamitatem
2497 1517 2790 1588 deplorare
2827 1522 3016 1591 coepit.
3053 1521 3266 1592 Quippe
3311 1498 3456 1592 apud
3491 1498 3661 1577 Sara-

372 1610 579 1662 cenos,
611 1606 663 1651 et
712 1597 856 1667 apud
927 1599 1168 1671 reliquos
1212 1617 1437 1666 omnes,
1482 1613 1542 1659 ut
1603 1607 1822 1677 Opinor,
1899 1608 2178 1665 barbaros
2236 1610 2425 1681 magni
2478 1611 2537 1664 lit
2597 1611 2896 1667 liberorum
2959 1615 3292 1684 procreatio.
3359 1614 3661 1670 Monachus

390 1703 520 1742 vero
570 1689 721 1743 illum
785 1690 930 1744 bono
977 1693 1161 1747 animo
1205 1709 1330 1750 esse
1392 1695 1598 1764 jussit,
1639 1705 1702 1753 et
1751 1698 2004 1755 oratione
2077 1699 2258 1764 facta,
2307 1701 2587 1756 hominem
2645 1702 2896 1768 dimisit,
2977 1704 3257 1774 pollicitus
3317 1705 3488 1760 lilium
3555 1704 3660 1776 ipsi

375 1784 726 1840 nasciturum
773 1800 930 1850 esse,
983 1788 1032 1841 si
1068 1788 1136 1843 in
1189 1788 1468 1847 Christum
1514 1795 1674 1849 vellet
1713 1795 1960 1850 credere.
2033 1795 2238 1852 Postea
2289 1812 2424 1851 vero
2475 1812 2602 1852 cum
2648 1795 2794 1854 Deus
2863 1798 3199 1867 promissum
3243 1813 3301 1854 re
3339 1797 3458 1868 ipsa
3498 1798 3660 1853 exhi-

373 1873 622 1939 .huisset,
667 1885 721 1930 et
772 1877 914 1933 lilius
961 1877 1200 1934 Zocomo
1261 1890 1424 1939 natus
1471 1895 1638 1952 esset,
1680 1894 1798 1940 tum
1851 1885 1971 1956 ipse
2043 1889 2449 1944 sacramentum
2496 1889 2758 1958 baptismi
2807 1891 3043 1960 accepit,
3093 1899 3148 1944 et
3199 1890 3453 1944 subditos
3524 1905 3659 1946 suos

384 1963 450 2017 ad
493 1965 635 2020 idem
690 1966 1096 2036 suscipiendum
1138 1969 1389 2026 adduxit.
1436 1974 1616 2044 Atque
1679 1992 1747 2032 ex
1815 1993 1882 2034 eo
1951 1987 2197 2048 tempore
2242 1982 2448 2036 tribum
2507 1983 2658 2035 illam
2692 1981 2910 2036 felicem
2965 1996 3031 2034 ac
3085 1996 3439 2036 numerosam
3482 1980 3659 2037 fuisse

387 2059 721 2131 perhibent,
779 2061 1074 2133 Persisque
1129 2078 1194 2119 ac
1258 2067 1486 2136 reliquis
1551 2068 1852 2129 Saracenis
1915 2073 2346 2130 formidabilem.
2389 2075 2512 2140 Quo
2577 2075 2745 2145 igitur
2801 2074 2965 2129 modo
3024 2074 3284 2129 Saraceni
3336 2075 3402 2130 ad
3449 2075 3656 2131 Christi

401 2153 718 2226 religionem
773 2157 1008 2225 primum
1071 2160 1335 2212 conversi
1376 2170 1525 2226 sunt,
1565 2169 1621 2215 et
1669 2163 1736 2218 de
1788 2166 1966 2234 primo
2004 2166 2152 2221 illius
2199 2166 2378 2236 gentis
2419 2168 2702 2238 episcopo,
2739 2166 2854 2220 haec
2893 2174 3170 2236 suntquae
3220 2166 3557 2236 accepimus.

962 2249 1214 2302 ΚΕΦΛΛ.
1240 2251 1364 2303 ΛΘ’.

2635 2257 2788 2313 CAP.
2832 2257 3078 2312 XXXIX.

366 2338 518 2414 ’ὍπινιΔ
539 2337 890 2414 ἐπανεξθὼν
915 2339 1139 2414 Πέτρος
1166 2343 1241 2414 ἐκ.
1273 2342 1501 2411 Ῥώμης
1524 2383 1540 2407 ,
1580 2346 1686 2411 τὰς
1733 2346 1845 2414 τῆς
1868 2351 1965 2401 Αι-

448 2409 678 2487 γιξπτου
703 2410 1362 2487 Ἐκκλησίαςπαςέσχε
1438 2409 1699 2487 Λουκίου
1729 2409 1965 2487 tit-Laxio-

447 2477 754 2557 ρήσαγτος
773 2495 786 2508 ο
804 2480 923 2557 ,καὶ
961 2481 1240 2557 περὶ-τῆς
1259 2477 1409 2538 κατὰ
1438 2483 1683 2538 Σκυθῶν
1713 2477 1966 2557 sxa-ipa-

450 2549 614 2614 τείας
653 2550 743 2614 είς
785 2551 973 2604 Λύσιν
1001 2550 1361 2619 Οὐάλεντος.

450 2641 514 2693 Οἱ
536 2639 592 2694 δὲ
615 2640 758 2694 κατὰ
793 2641 951 2695 πόλιν
979 2643 1040 2696 τὸ
1074 2643 1250 2715 δόγμα
1275 2647 1377 2717 τῆς
1406 2647 1465 2699 ὲν
1499 2647 1706 2719 Nntqu
1746 2648 1964 2702 συνόδου

377 2731 697 2801 ζηλοῦντες,
741 2732 904 2786 πάλιν
951 2734 1294 2805 ἀνεθάρρουν
1319 2777 1335 2802 ,
1359 2737 1454 2790 καὶ
1481 2738 1718 2808 μάλιστα
1763 2741 1811 2793 οί
1844 2740 1965 2794 κατ’

376 2821 651 2892 Αἴγυπτον
691 2823 1081 2896 Ἀλεξανδρεῖς.
1119 2826 1497 2882 Ἐπανελθόντι
1525 2829 1583 2883 δὲ
1615 2830 1736 2884 τότε
1767 2832 1964 2904 Πέτρῳ

363 2912 484 2966 -ἁπδ
511 2914 609 2984 τῆς
625 2913 844 2986 Ῥώμης
885 2915 1024 2986 μετὰ
1046 2918 1391 2988 γραμμάτων
1421 2920 1702 2992 Δαμάσου,
1723 2921 1796 2977 τά
1817 2941 1877 2976 τε
1904 2926 1963 2979 ὲν

377 3005 584 3077 Νικαίᾳ
614 3005 838 3070 δόξαντα
863 3046 879 3071 ,
907 3007 1002 3060 καὶ
1029 3008 1131 3080 τὴν
1161 3008 1329 3063 αὐτοῦ
1368 3012 1705 3083 χειροτονίαν
1735 3013 1964 3086 κυρούν-

359 3114 484 3151 των
507 3137 524 3162 ,
583 3097 909 3171 παρέδωκαν
965 3097 1066 3162 τὰς
1115 3099 1463 3173 Ἐκκλησίας.
1523 3102 1580 3156 '0
1629 3102 1686 3157 δὲ
1733 3104 1964 3171 Λούκιος

358 3187 650 3253 ἐξελαθεὶς
672 3227 689 3252 ,
719 3188 813 3242 ἐπὶ
843 3188 942 3260 τὴν
980 3191 1561 3250 Κωνσταντινούπολιν
1588 3195 1959 3252 ἀπέπλευσεν.

361 3280 590 3352 Ὀὐάλης
617 3280 675 3335 δὲ
701 3282 729 3335 ὁ
754 3280 1012 3351 βασιλεὺς
1035 3322 1050 3347 ,
1095 3284 1170 3348 ὡς
1202 3285 1384 3352 εἰκὸς,
1426 3287 1486 3339 ὲν
1529 3288 1779 3358 φροντίσι
1807 3289 1963 3358 γενό-

377 3386 538 3449 μενος
557 3410 574 3438 ,
602 3369 876 3436 ἐπεξιέναι
904 3369 1118 3434 τούτοις
1142 3372 1348 3445 σχολὴν
1373 3373 1474 3427 οὑκ
1505 3369 1640 3446 ἦγεν
1665 3391 1679 3406 ’
1705 3373 1826 3446 ἅμα
1853 3379 1961 3448 γὰρ

358 3456 508 3532 ’ἧκεν
536 3463 617 3526 εἰς
653 3461 754 3534 τὴν
777 3464 1354 3518 Κωνσταντινοΰπολιν
1374 3505 1389 3529 ,
1437 3467 1496 3520 ἑν
1526 3467 1752 3540 ὑπονοίᾳ
1788 3469 1960 3542 πολλῇ

371 3555 470 3608 καὶ
505 3554 657 3626 μίσει
689 3555 908 3624 ἐγένετο
935 3556 1087 3627 παρὰ
1117 3555 1197 3627 τῷ
1229 3557 1412 3630 δήμῳ.
1453 3556 1518 3615 Oi
1547 3560 1656 3632 γὰρ
1690 3560 1955 3635 βάρϐαροι

371 3647 473 3717 τὴν
499 3646 724 3719 Θρᾴκην
767 3647 1110 3719 δῃώσαντες,
1145 3650 1240 3704 καὶ
1282 3652 1444 3722 μέχρι
1473 3653 1582 3706 τῶν
1614 3656 1957 3724 προαστείων

365 3736 473 3806 ἥδη
504 3737 884 3810 προελθόντες,
903 3740 997 3793 καὶ
1026 3741 1210 3805 αὑτοῖς
1233 3743 1436 3813 τείχεσι
1465 3745 1956 3816 μηδενὸς-κωλύον-

357 3847 463 3893 -τος
493 3829 851 3900 προσϐάλλειν
885 3833 1225 3906 ἐπεχείρουν.
1243 3836 1370 3889 Ἐπὶ
1393 3837 1599 3902 τούτοις
1621 3839 1675 3891 δὲ
1704 3840 1959 3910 χαλεπῶς

373 3924 406 3990 ἡ
438 3921 593 3985 πόλις
620 3922 817 3994 ἔφερε·
853 3925 947 3977 καὶ
993 3925 1083 3978 τὸν
1127 3925 1391 3995 βασιλέα,
1442 3930 1523 3982 ὅτι
1567 3930 1642 4000 μὴ
1685 3930 1953 4002 ἀντεξῄει,

372 4012 490 4066 ἀλλ’
520 4013 846 4069 ἀνεϐάλλετο
880 4017 1137 4088 πολεμεῖν
1157 4059 1172 4083 ,
1207 4019 1265 4072 ὲν
1295 4021 1445 4090 αἰτίᾳ
1492 4021 1774 4075 ἐποιοῦντο
1795 4039 1809 4052 ο
1860 4025 1956 4076 καὶ

359 4103 759 4172 ἐλογοποίουν,
809 4105 884 4170 ὼς
937 4107 1101 4170 αὐτὸς
1153 4110 1280 4172 τοὺς
1323 4110 1622 4180 πολεμίους
1676 4113 1950 4180 ἐπάγοιτο.

369 4197 741 4262 Τελευτῶντες
766 4198 841 4263 δὲ,
889 4199 982 4252 καὶ
1011 4199 1068 4252 ὲν
1095 4199 1433 4272 ἱπποδρομίᾳ
1464 4202 1748 4270 θεώμενοι,
1783 4204 1862 4264 είς
1893 4203 1956 4256 τὸ

361 4290 606 4360 ,φανερὸν
646 4289 813 4344 αὑτοῦ
869 4290 1144 4345 κατεϐόων
1172 4333 1187 4358 ,
1221 4291 1297 4355 ὡς
1328 4292 1396 4345 τὰ
1439 4293 1594 4346 κοινὰ
1653 4296 1954 4365 πράγματα

371 4382 736 4453 περιορῶντος
758 4425 772 4449 ,
806 4382 901 4436 καὶ
927 4383 1067 4437 ὅπλα
1093 4383 1255 4454 ᾔτουν
1277 4423 1291 4448 ,
1320 4385 1394 4449 ὼς
1427 4386 1582 4438 αὑτοὶ
1615 4386 1741 4439 πολε
1750 4389 1953 4458 μήσον-

357 4490 482 4536 τες.
537 4473 598 4526 '0
649 4473 706 4526 δὲ
769 4473 984 4545 Οὐάλης
1032 4474 1349 4544 ὑϐρισθεὶς,
1393 4477 1793 4547 ἐπεστράτευσε
1842 4480 1955 4541 τοῖς

374 4564 680 4635 βαρϐάροις
706 4580 719 4596 ·
752 4564 1016 4634 ἠπείλησε
1053 4565 1110 4618 δὲ
1144 4565 1212 4636 ἣν
1243 4566 1581 4639 ὑποστρέψῃ,
1619 4569 1954 4639 τιμωρήσειν

363 4655 518 4725 αὑτῷ
550 4666 596 4721 ε,
633 4655 741 4709 τῶν
765 4674 822 4709 τε
854 4655 1062 4725 ὕϐρεων
1091 4655 1185 4709 τοῦ
1215 4658 1414 4729 δήμου,
1447 4659 1540 4712 καὶ
1570 4659 1650 4712 ὅτι
1690 4661 1954 4731 πρότερον

372 4748 667 4818 Προκοπίῳ
694 4747 772 4818 τῷ
802 4748 1055 4821 τυράννῳ
1084 4748 1434 4819 προσέθεντο.

2064 2348 2349 2434 Quomodo
2381 2349 2577 2434 Petrus
2610 2350 2794 2434 .Roma
2823 2367 3089 2434 reversus,
3135 2351 3401 2434 Ecclesia:
3433 2349 3657 2434 Αςῖθξιριί

2141 2432 2344 2545 renéott;
2374 2419 2541 2474 Lucio
2571 2422 2795 2475 obtinuit
2825 2435 2844 2474 :
2873 2431 2924 2474 et
2953 2422 3019 2474 de
3059 2422 3295 2478 Valentis
3329 2419 3658 2488 expeditione

2137 2505 2191 2542 ιιι
2267 2501 2441 2545 01108.

2131 2641 2412 2697 Cit-terum
2449 2643 2507 2696 in
2550 2642 2786 2714 singulis
2816 2642 3158 2706 civitatibus,
3213 2643 3268 2697 hi
3300 2644 3390 2713 qui
3423 2641 3657 2698 Nicaeum

2067 2737 2263 2810 synodi
2337 2737 2646 2791 doctrinam
2711 2737 3046 2801 tuebantur,
3099 2736 3316 2790 animos
3365 2749 3656 2791 resumere

2065 2836 2355 2898 cmperunt
2379 2841 2395 2881 :
2423 2828 2701 2897 praecipue
2725 2842 2854 2882 vero
2878 2828 2934 2881 in
2965 2825 3206 2898 Egypto
3234 2827 3652 2881 Alexandrini‘.

2067 2920 2198 2987 Qui,
2245 2934 2371 2975 eum
2401 2919 2545 2975 forte
2587 2918 2787 2975 Petrus
2819 2934 2885 2974 eo
2915 2927 3162 2990 tempore
3195 2919 3264 2973 ab
3295 2919 3434 2973 urbe
3475 2916 3655 2973 Roma

2074 3025 2335 3067 reversus
2383 3017 2534 3067 esset
2585 3025 2712 3065 cum
2766 3010 2970 3065 litteris
3023 3009 3282 3078 Damasi,
3339 3011 3543 3082 quibus
3597 3023 3655 3066 et

2062 3102 2269 3158 ΝίτωΠί
2303 3103 2525 3158 concilii
2569 3101 2813 3169 decreta,
2845 3112 2900 3158 et
2949 3101 3232 3158 ordinatio
3281 3104 3460 3172 ipsius
3510 3118 3650 3159 con-

2064 3193 2409 3260 ﬁrmabatur,
2446 3195 2714 3250 ecclesias
2751 3195 2803 3249 ei
2853 3195 3222 3252 tradiderunt.
3274 3195 3480 3253 Lucius
3513 3213 3648 3254 vero

2060 3285 2192 3340 inde
2219 3286 2509 3357 expulsus,
2539 3284 3078 3356 Constantinopolim
3121 3288 3419 3360 navigavit.
3451 3289 3651 3345 Verum

2063 3377 2368 3447 imperator
2403 3376 2610 3433 Valens
2648 3378 2774 3434 aliis
2808 3379 2962 3435 curis
3009 3377 3309 3446 distentus,
3363 3388 3424 3435 ut
3470 3382 3651 3437 credi-

2059 3468 2171 3524 bile
2224 3477 2348 3532 est,
2402 3469 2531 3527 istis
2581 3469 2932 3526 vindicandis
2981 3469 3411 3541 haudquaquam
3455 3486 3651 3528 vacare

2061 3559 2259 3630 potuit.
2314 3558 2452 3615 Nam
2495 3560 2662 3616 simul
2710 3569 2878 3631 atque
2907 3561 3059 3617 venit
3087 3560 3647 3632 Constantinopolim,

2060 3651 2301 3722 populus
2363 3666 2493 3707 eum
2554 3659 2874 3723 suspectum
2936 3659 3102 3722 atque
3153 3652 3390 3705 invisum
3451 3652 3650 3706 habere

2063 3743 2252 3812 coepit.
2290 3741 2504 3813 Quippe
2537 3744 2778 3808 barbari,
2821 3743 3056 3798 Thracia
3096 3753 3333 3808 vastata,
3365 3761 3539 3813 usque
3577 3744 3648 3798 ad

2063 3835 2380 3890 suburbana
2417 3837 2578 3906 regiae
2612 3836 2767 3890 urbis
2792 3836 3098 3904 progressi,
3129 3836 3246 3905 jam
3289 3838 3494 3890 mmnia
3525 3836 3646 3906 ipsa

2063 3941 2388 3996 oppugnare
2430 3928 2648 3980 nemine
2695 3927 2998 3982 obsistente
3034 3927 3514 3997 aggrediehantur.
3563 3926 3646 3980 Ob

2061 4017 2178 4072 haec
2221 4018 2416 4072 civitas
2441 4017 2608 4087 278
2629 4017 3045 4087 indignabatur,
3075 4026 3130 4072 et
3169 4017 3554 4087 imperatorem
3589 4019 3646 4073 in

2061 4109 2267 4162 crimen
2298 4107 2552 4167 vocabat,
2579 4107 2725 4176 quod
2764 4106 3030 4162 adversus
3055 4106 3243 4161 hostes
3280 4107 3498 4160 obviam
3535 4122 3645 4161 non

2062 4198 2325 4268 prodiret,
2350 4197 2446 4253 sed
2471 4199 2672 4253 bellum
2699 4197 2970 4264 differret;
3031 4213 3389 4268 rumoresque
3416 4214 3647 4269 sparge-

2064 4291 2215 4352 bant,
2262 4290 2451 4345 hostes
2505 4289 2575 4343 ab
2627 4289 2721 4342 illo
2767 4298 3029 4344 evocatos
3072 4289 3448 4359 adductosque
3494 4305 3639 4346 esse.

2059 4379 2306 4448 Denique
2345 4395 2468 4434 cum
2515 4377 2812 4434 Circenses
2865 4378 3027 4435 ludos
3075 4389 3411 4448 spectarent,
3457 4391 3645 4450 aperte

2059 4479 2254 4524 contra
2309 4485 2432 4525 eum
2481 4468 2772 4525 v0cil‘erati
2828 4477 2994 4531 sunt,
3042 4470 3190 4540 quod
3243 4473 3642 4540 rempublicam

2061 4562 2334 4634 neglectui
2368 4562 2634 4618 haberet:
2663 4571 2716 4618 et
2757 4577 2911 4616 arma
2957 4563 3060 4618 sibi
3097 4563 3216 4617 dari
3245 4572 3640 4634 poposcerunt,

2065 4663 2326 4723 tanquam
2377 4653 2482 4721 ipsi
2522 4668 2650 4707 cum
2703 4653 2954 4708 hostibus
2992 4657 3308 4725 pugnaturi.
3347 4652 3443 4708 His
3477 4653 3645 4724 igitur

2063 4744 2412 4800 contumeliis
2473 4743 2708 4800 affectus
2763 4743 3006 4812 Valens,
3059 4745 3328 4802 adversus
3373 4747 3642 4800 barbarus

370 4841 527 4909 signa
565 4841 760 4904 movit,
808 4841 1163 4909 minatusque
1197 4850 1386 4904 cstse,
1423 4843 1468 4898 si
1519 4841 1742 4905 rediret,
1790 4858 1980 4912 poenas
2017 4842 2084 4896 de
2128 4839 2328 4910 p0pulo
2375 4847 2723 4909 sumpturum
2776 4855 2921 4906 esse,
2972 4849 3085 4894 tum
3117 4841 3190 4895 ob
3262 4841 3386 4897 illas
3435 4851 3633 4896 contu-

371 4933 588 4996 melias,
636 4939 752 4986 tum
793 4931 941 5002 quod
974 4939 1133 4985 antea
1169 4931 1418 5003 Procopii
1455 4936 1673 5004 tyranni
1711 4937 1958 5005 partibus
1997 4947 2120 4987 sese
2149 4927 2556 5001 adiunxissent.

985 5028 1234 5080 ΚΕΦΑΛ.
1269 5026 1358 5082 Μ’.

367 5120 509 5188 Περὶ
549 5118 658 5173 τοῦ
696 5118 870 5190 ἁγίου
905 5118 1213 5190 Ἰσαακίοὺ
1230 5118 1537 5190 μαλθακοῦ,
1586 5122 1691 5175 τοῦ
1723 5135 1952 5190 προφη-

443 5188 775 5256 τεύσαντος
838 5189 936 5242 διὰ
976 5188 1286 5242 Οὐάλεντα
1327 5206 1339 5219 ·
1392 5188 1499 5244 παὶ

444 5261 684 5327 Οὐάλης
705 5301 720 5324 ,
751 5260 819 5311 ἐν
851 5257 1113 5329 ἀχυρῷνι
1142 5259 1434 5313 εἰσελθὼν
1454 5257 1786 5329 κατεκαύθη
1807 5301 1822 5325 ,
1843 5257 1952 5314 ’καὶ

444 5331 626 5395 οὕτως
655 5329 958 5397 ἀπέῤῥηξε
997 5328 1111 5396 τὴν
1153 5329 1386 5398 ψυχήν.

451 5421 754 5486 Ἐξελθόντι
810 5422 866 5474 δὲ
931 5420 1080 5490 αὐτῷ
1137 5421 1236 5491 τῆς
1290 5422 1948 5486 Κωνσταντινουπόλεως,

369 5509 686 5580 προσελθὼν
745 5509 1014 5571 Ἰσαάκιος
1062 5509 1202 5580 ἀνὴρ
1257 5511 1530 5580 μοναχδς,
1582 5513 1652 5567 τά
1705 5531 1764 5566 τε
1816 5512 1951 5566 ἄλλα

448 5626 462 5655 ¹
501 5625 659 5679 Socr.
692 5625 789 5680 lib.
815 5640 886 5686 Iv,
915 5639 965 5678 c.
999 5623 1088 5688 57,
1129 5623 1215 5677 58.

1569 5191 1649 5256 ὠς
1718 5194 1955 5260 φεύγων

2692 5023 2848 5079 CAP.
2891 5023 3002 5077 XL.

2064 5115 2141 5170 De
2183 5125 2369 5170 sancto
2407 5114 2624 5169 Isaacio
2665 5116 2944 5172 monacho.
2989 5117 3080 5184 qui
3133 5113 3370 5171 Valentis
3415 5127 3638 5170 mortem

2132 5187 2383 5254 praadixit
2420 5196 2514 5240 :et
2555 5187 2817 5256 quomodo
2883 5185 3069 5240 Valens
3119 5187 3348 5254 fugiens,
3401 5204 3518 5238 cum
3583 5190 3636 5238 in

2137 5256 2380 5309 horreum
2421 5257 2591 5324 paleis
2648 5259 2899 5324 refertum
2948 5273 3002 5310 se
3045 5259 3342 5323 recepisset,
3395 5256 3636 5309 incendio

2132 5336 2470 5393 consumptus
2507 5328 2729 5381 interiit.

2126 5419 2301 5475 Porro
2333 5434 2461 5474 cum
2503 5418 2987 5490 Constantinopoli
3019 5417 3331 5480 excederet,
3366 5414 3635 5471 accedens

2056 5512 2124 5567 ad
2160 5529 2284 5569 eum
2333 5510 2576 5569 Isaacius
2615 5513 2841 5583 quidam
2896 5511 3236 5576 monachus,
3268 5508 3352 5564 vir
3396 5515 3512 5561 tum
3561 5505 3636 5558 ob

1827 5715 2214 5774 VARIORUM.

448 5821 471 5850 ε
507 5813 871 5884 Τιμωρήσειν
931 5811 1110 5878 αὐτῷ.
1179 5811 1320 5883 Lege
1385 5808 1602 5873 αὐτούς.
1657 5808 1742 5865 W.
1817 5810 2043 5868 Lowrn.
