4066 6338
579 390 719 452 1415

2008 376 2353 436 SOZOMENi

3611 392 3732 450 -ιιιδ

579 506 719 560 alias
743 503 901 558 dotes
921 496 1316 560 eximius,tum
1339 495 1392 550 in
1417 491 1719 549 subeundis
1742 496 1964 562 propter
1987 489 2157 547 Deum

2259 490 2497 561 ἀγαθὸς,
2546 491 2638 546 καὶ
2681 491 2779 546 διὰ
2824 490 2885 545 τὸ
2935 491 3089 545 Θεῖον
3137 491 3386 547 κινδύνων
3415 505 3735 570 καταφρονῶν

589 595 852 666 periculis
883 589 1191 660 intrepidus
1221 605 1236 642 :
1264 586 1475 654 Redde,
1527 585 1728 654 inquit,
1762 599 1797 639 ο
1837 584 2157 654 imperator,

577 685 938 748 orthodoxis,
976 689 1032 736 et
1077 681 1148 736 iis
1194 679 1288 750 qui
1328 677 1534 733 Niceni
1585 675 1804 732 concilii
1850 674 2157 730 doctrinam

577 774 924 834 custodiunt,
967 769 1234 825 ecclesias
1268 782 1410 839 quas
1444 766 1754 833 abstulisti;
1791 775 1846 821 et
1873 765 2156 821 victoriam

577 867 644 923 de
672 864 923 921 hostibus
957 861 1325 931 reportabis‘.
1355 857 1560 913 Verum
1589 857 1890 927 imperator
1915 856 1997 911 ira
2029 871 2158 913 suc-

577 974 801 1022 census,
849 954 1242 1025 comprehendi
1271 969 1397 1010 eum
1429 953 1621 1022 jussit,
1666 961 1721 1008 et
1755 955 1997 1008 vinctum
2034 968 2158 1010 ser-

577 1052 718 1114 vari,
762 1048 940 1103 donec
984 1059 1244 1101 reversus
1287 1059 1482 1117 pcenas
1521 1045 1769 1100 audaciae
1825 1045 1893 1100 ab
1927 1059 2000 1100 eo
2042 1045 2158 1100 exi-

574 1149 750 1211 geret.
818 1142 890 1193 At
935 1137 1028 1192 ille
1082 1135 1388 1206 subjiciens
1428 1155 1442 1191 :
1490 1135 1612 1190 Non
1659 1135 1903 1202 redibis,
1943 1135 2152 1206 inquit,

579 1233 687 1287 nisi
740 1230 1006 1285 ecclesias
1040 1228 1374 1284 restitueris.
1414 1225 1640 1298 Resque
1667 1227 1742 1282 ita
1766 1228 1971 1283 evenit.
2000 1227 2158 1283 Post-

573 1339 742 1393 quam
783 1322 930 1376 enim
981 1335 1108 1375 cum
1153 1320 1330 1390 copiis
1356 1319 1426 1374 ad
1468 1320 1672 1375 bellum
1725 1318 2009 1389 profectus
2049 1327 2157 1385 est,

575 1412 741 1468 Gothi
795 1411 1018 1482 quidem
1079 1409 1358 1481 fugientes
1401 1410 1666 1481 paulatim
1727 1419 1876 1465 retro
1919 1423 2155 1466 cessere.

579 1502 699 1573 Ipse
733 1518 866 1557 vero
895 1517 990 1557 eos
1011 1501 1330 1572 insequens,
1363 1509 1726 1571 praetercursa
1756 1503 1870 1572 jam
1899 1500 2155 1565 Thracia,

579 1595 728 1648 venit
781 1592 1216 1662 Adrianopolim.
1271 1592 1520 1660 Cumque
1545 1591 1690 1646 haud
1718 1591 1911 1660 procul
1941 1591 2159 1646 abesset

577 1701 608 1740 a
651 1684 1044 1754 barbaris,qui
1081 1683 1136 1736 in
1178 1683 1393 1737 munito
1430 1682 1666 1752 quodam
1699 1683 1822 1738 loco
1859 1691 2156 1738 castrame-

576 1776 676 1830 tati
709 1776 956 1839 fuerant,
989 1774 1155 1828 citius
1189 1789 1356 1844 quam
1389 1781 1712 1844 oportuerat
1733 1788 1972 1844 pugnam
2001 1788 2156 1828 com-

2274 585 2514 648 Ἀπόδος,
2532 585 2637 654 εφη
2660 624 2676 648 ,
2703 579 2751 638 ὧ
2781 584 3026 655 βασιλεῦ,
3056 587 3169 650 τοῖς
3201 585 3368 656 ὀρθῶς
3389 587 3645 656 δοξάζουσιν
3670 601 3739 650 καὶ

2255 675 2354 746 τὴν
2380 675 2679 746 παράδοσιν
2712 676 3037 745 φυλάττουσι
3070 675 3179 728 τῶν
3216 680 3273 730 ἐν
3300 677 3486 752 Νικαίᾳ
3514 684 3740 755 συνεληλυ-

2255 764 2426 820 Θότων
2448 807 2464 830 ,
2510 768 2610 830 τὰς
2669 765 3064 838 ἀφαιρεθείσας
3100 766 3420 836 ἐκκλησίας,
3451 770 3533 823 καὶ
3557 775 3742 846 νικήσεις

2254 857 2346 911 τὸν
2387 857 2645 928 πόλεμον.
2691 857 2998 929 Ὀργισθεὶς
3039 857 3096 912 δὲ
3145 859 3174 911 ὀ
3225 856 3492 928 βασιλεὺς,
3523 862 3746 921 ἐκέλευσεν

2255 948 2418 1002 αὑτὸν
2459 948 2831 1020 συλληφθῆναι
2865 949 2961 1003 καὶ
2991 948 3213 1021 δέσμιον
3240 949 3604 1020 φυλάττεσθαι,
3628 955 3746 1026 ἄχρις

2256 1042 2591 1108 ἐπανελθὼν,
2636 1042 2793 1112 δίκην
2823 1041 3183 1114 είσπράξηται
3229 1040 3324 1094 τοῦ
3363 1042 3676 1115 τολμήματος.
3705 1048 3748 1101 '0

2228 1133 2313 1186 ,δὲ
2345 1133 2660 1199 ὑπολαϐὼν,
2705 1131 2844 1186 Ἀλλ’
2873 1132 2974 1204 οὐχ
3009 1132 3372 1206 ὑποστρέψης,
3409 1133 3501 1204 ἔφη
3523 1173 3536 1200 ,
3564 1137 3625 1208 μὴ
3650 1139 3750 1191 ἀπο-

2257 1221 2382 1285 δοὺς
2421 1221 2521 1286 τὰς
2561 1223 2877 1294 ἐκκλησίας.
2921 1223 3032 1277 Καὶ
3064 1223 3246 1294 ἀπέϐη
3305 1223 3484 1288 οὑτως.
3520 1225 3649 1278 Ἐπεὶ
3670 1227 3751 1298 γὰρ

2260 1315 2375 1385 ἅμα
2393 1315 2472 1384 τῷ
2499 1313 2714 1385 στρατῷ
2747 1313 3066 1384 ἐπεξῆλθεν,
3084 1313 3134 1366 οἱ
3166 1313 3268 1384 μὲν
3294 1312 3466 1366 Γότθοι
3497 1314 3754 1385 διωκόμενοι

2260 1405 2601 1476 ὑπεχώρουν.
2639 1405 2699 1460 '0
2731 1405 2791 1460 δέ
2819 1403 2997 1459 ἀπιὼν
3030 1405 3174 1475 (8i),
3203 1405 3306 1476 ἤδη
3351 1405 3660 1474 παραμείψας
3681 1402 3755 1476 τὴν

2257 1497 2483 1569 Θρᾴκην
2507 1535 2524 1562 ,
2564 1491 2705 1570 ἧκεν
2746 1498 2826 1560 είς
2863 1497 2964 1567 τὴν
3016 1497 3498 1568 Ἀνδριανσύπολιν.
3545 1498 3640 1550 Οὑκ
3677 1497 3757 1550 ἀπὸ

2262 1588 2459 1644 πολλοῦ
2509 1606 2574 1642 τε
2616 1589 2908 1659 γενόμενος
2956 1589 3072 1651 τοῖς
3128 1586 3421 1658 βαρϐάροις
3439 1626 3455 1652 ,
3487 1589 3538 1639 ἐν
3576 1587 3758 1656 ἀσφαλεῖ

2260 1680 2424 1752 χώρῳ
2453 1680 3038 1753 στρατοπεδευομένοις
3055 1720 3071 1748 ,
3099 1676 3293 1733 θᾶττον
3317 1679 3348 1750 ἢ
3379 1678 3476 1732 ἔδει
3500 1680 3756 1749 συμϐάλλει,

2264 1773 2339 1845 μὴ
2367 1773 2677 1844 προδιαθεὶς
2796 1773 2904 1846 χρὴ
2935 1774 3028 1827 καὶ
3058 1774 3168 1843 δτι-η
3213 1771 3370 1837 τάξαι
3411 1771 3502 1842 τὴν
3532 1772 3759 1842 στρατιάν.

576 1869 751 1929 misit,
795 1881 899 1920 nec
968 1866 1132 1929 sicut,
1168 1880 1268 1920 nec
1295 1865 1389 1920 ubi
1429 1865 1677 1929 decebat,
1713 1865 1971 1921 ordinata
2002 1866 2158 1935 prius

2258 1866 2696 1935 Διασπασθείσης
2715 1866 2774 1919 δέ
2801 1865 2951 1936 αὑτῷ
2974 1865 3073 1935 τῆς
3100 1864 3296 1926 ἵππου,
3325 1862 3413 1916 καὶ
3432 1862 3517 1915 τοῦ
3536 1861 3762 1915 ὁπλιτικοῦ

580 1958 719 2012 acie.
766 1957 1009 2026 Disjecto
1061 1957 1252 2026 itaque
1299 1956 1421 2024 ejus
1460 1956 1734 2027 equitatu,
1785 1966 1844 2012 et
1881 1957 2160 2027 peditibus

575 2049 635 2102 in
669 2049 852 2119 fugam
901 2048 1107 2113 versis,
1141 2062 1267 2102 cum
1313 2047 1499 2103 hostes
1545 2063 1672 2103 eum
1715 2049 2158 2118 insequerentur,

580 2137 699 2206 ipse
751 2149 877 2189 cum
930 2135 1121 2204 paucis
1177 2135 1272 2204 qui
1321 2149 1448 2190 eum
1503 2135 1957 2202 comitabantur,
2016 2151 2161 2207 equo

580 2227 864 2288 desiliens,
903 2227 958 2280 in
987 2227 1230 2282 casulam
1278 2235 1374 2281 aut
1417 2229 1614 2282 turrim
1654 2229 1948 2299 quamdam
1980 2246 2042 2287 se
2076 2245 2162 2286 re-

575 2316 750 2385 cepit,
779 2316 966 2384 ibique
1013 2315 1233 2371 abditus
1258 2315 1497 2370 delituit.
1549 2317 1778 2373 Barbari
1822 2332 1951 2373 vero
1987 2335 2160 2375 cursu

579 2409 799 2461 concito
834 2409 1230 2477 sequebantur,
1262 2416 1528 2479 tanquam
1553 2425 1684 2465 eum
1711 2413 1968 2481 capturi:
2003 2425 2162 2466 cum-

575 2515 692 2568 que
721 2499 832 2568 jam
861 2500 1422 2570 appropinquassent,
1447 2503 1820 2574 praetergressi
1861 2511 2019 2559 sunt.
2051 2502 2160 2560 Ne-

578 2605 688 2658 que
735 2589 881 2645 enim
932 2590 1382 2660 suspicabantur,
1418 2592 1808 2663 imperatorem
1854 2593 1930 2649 ibi
1971 2593 2162 2650 occul-

579 2689 696 2734 tum
724 2695 869 2736 esse.
909 2679 1083 2737 Porro
1109 2696 1236 2736 cum
1286 2684 1467 2752 major
1508 2699 1636 2754 pars
1665 2683 2022 2740 barbarorum
2047 2685 2160 2756 jam

579 2771 958 2839 praeteriisset,
1011 2773 1283 2844 paucique
1322 2788 1389 2831 ex
1431 2774 1542 2831 illis
1576 2791 1606 2829 a
1641 2783 1796 2848 tergo
1846 2777 2029 2833 relicti
2059 2791 2163 2835 es-

579 2870 724 2929 sent,
767 2863 992 2933 quidam
1043 2879 1110 2920 ex
1159 2865 1248 2921 his
1285 2867 1378 2936 qui
1429 2881 1558 2922 cum
1599 2866 1931 2938 imperatore
1979 2879 2161 2933 erant,

578 2951 687 3006 tela
716 2952 770 3006 iu
807 2962 1160 3010 transeuntes
1181 2954 1371 3024 jacere
1401 2971 1470 3010 ex
1515 2963 1660 3012 tecto
1693 2966 2001 3028 cmperunt.
2042 2957 2163 3024 Quo

576 3041 745 3108 facto,
795 3045 886 3099 isti
924 3047 1310 3101 exclamarunt
1345 3045 1624 3104 Valentem
1680 3049 1797 3103 illic
1825 3065 1970 3106 esse.
2001 3049 2163 3118 Quod

580 3148 707 3188 cum
759 3135 1048 3190 audissent
1097 3136 1152 3192 bi
1193 3137 1292 3208 qui
1343 3138 1574 3207 propius
1615 3138 1872 3207 “erant,
1921 3141 2162 3196 elan‘tore

580 3226 815 3290 sublato,
851 3234 962 3281 tam
1013 3229 1084 3282 iis
1127 3229 1222 3300 qui
1256 3228 1544 3298 praeibam,
1569 3245 1735 3300 quam
1776 3232 2156 3301 sequentibus,

576 3329 642 3370 ea
681 3331 804 3386 quae
835 3317 1126 3374 audierant
1168 3320 1522 3376 nuntiarunt.
1549 3320 1700 3376 Adeo
1748 3332 1816 3375 ut
1856 3321 1895 3376 ii
1936 3337 2160 3392 quoque

575 3408 674 3476 qui
701 3409 918 3479 longius
949 3410 1200 3474 aberant,
1233 3425 1346 3465 rem
1380 3411 1677 3476 audierint,
1723 3419 1779 3470 et
1811 3412 2063 3467 celeriter
2101 3413 2155 3467 in

579 3514 751 3552 unum
809 3514 1004 3555 omnes
1053 3500 1448 3560 conﬂuxerint.
1497 3502 1668 3556 Domo
1697 3501 1866 3572 igitur
1916 3503 2159 3573 undique

578 3590 744 3659 279
767 3589 1159 3655 circumsessa,
1202 3605 1514 3663 magnaque
1559 3592 1806 3648 materia:
1847 3593 2009 3662 copia
2050 3594 2162 3648 cir-

578 3694 930 3750 cumquaque
974 3690 1257 3752 congesta,
1315 3683 1495 3751 ignem
1536 3683 1862 3752 subjici-unt.
1917 3682 2159 3738 Flamma

578 3786 712 3826 vero
752 3773 961 3842 ingenti
996 3781 1160 3829 vento
1188 3781 1319 3829 tunc
1345 3772 1487 3829 forte
1516 3782 1640 3830 orto
1673 3775 1923 3839 incitata,
1948 3775 2160 3830 univer-

581 3873 700 3913 sam
744 3860 929 3916 statim
958 3863 1248 3918 materiem
1280 3863 1568 3933 corripuit.
1604 3862 1713 3919 Sed
1739 3872 1795 3919 et
1818 3880 2160 3936 quiscunque

2255 1958 2556 2028 τραπέντος
2577 1995 2592 2020 ,
2639 1955 2969 2026 διωκόμενος
3014 1953 3122 2008 ὑπὸ
3169 1954 3284 2006 τῶν
3315 1952 3594 2021 πολεμίων,
3630 1951 3695 2014 είς
3721 1968 3761 2004 τι

2255 2046 2581 2118 δωμάτιονῆ
2613 2046 2841 2118 πύργον,
2863 2045 3065 2114 ὀλίγοις
3095 2045 3212 2114 ἅμα
3243 2043 3603 2114 συνεπομένοις
3631 2042 3762 2112 αὐτῷ,

2257 2142 2317 2193 ἐν
2352 2140 2430 2211 τῷ
2455 2141 2679 2209 φεύγειν
2702 2137 2915 2202 ἀποϐὰς
2943 2135 3037 2191 τοῦ
3069 2137 3240 2190 ἵππου
3259 2176 3274 2202 ,
3306 2135 3474 2189 είσέδυ
3501 2135 3584 2188 καὶ
3599 2133 3760 2186 ἐλαϐεν.

2259 2231 2324 2285 Oi
2349 2231 2406 2284 δὲ
2434 2230 2701 2302 βάρϐαροι
2738 2229 2890 2283 ἔθεον
2917 2228 3006 2282 ἐπ’
3034 2227 3196 2281 αὐτὸν
3229 2226 3308 2289 ὡς
3351 2227 3641 2298 αἱρήσοντες
3659 2239 3672 2253 ’
3695 2221 3768 2276 καὶ

2259 2322 2356 2375 ἐπὶ
2386 2322 2448 2375 τὸ
2471 2321 2664 2392 πρόσω
2691 2321 2914 2390 ἱέμενοι,
2949 2309 3290 2392 παρέτρεχον
3309 2336 3323 2351 ο
3358 2319 3415 2372 οὑ
3442 2319 3542 2388 γὰρ
3563 2317 3766 2370 ὑπενόουν

2259 2413 2422 2466 αὑτὸν
2447 2413 2626 2466 ἐκεῖσε
2655 2409 3016 2484 κρύπτεσθαι.
3045 2409 3168 2464 Τῶν
3199 2410 3247 2463 δ’
3279 2405 3345 2464 αὖ
3379 2411 3471 2464 σὺν
3490 2409 3620 2481 αὑτῷ
3639 2426 3766 2470 τινες,

2258 2503 2361 2576 ἧδη
2383 2502 2490 2557 τῶν
2513 2501 2782 2556 πλειόνων
2820 2500 3112 2574 βαρϐάρων
3141 2501 3544 2574 ὑπερϐαλόντων
3573 2500 3648 2552 τὸν
3674 2499 3768 2569 τῇδε
3847 2547 3850 2549 .

2259 2596 2458 2668 χῶρον,
2495 2593 2690 2662 ὀλίγων
2711 2593 2768 2646 δὲ
2794 2593 3025 2646 κατόπιν
3047 2592 3238 2658 όντων,
3271 2595 3338 2648 ἐκ
3371 2593 3462 2647 τοῦ
3485 2592 3658 2663 ὀρόφου
3677 2590 3771 2651 τοὺς

2259 2686 2558 2758 παριόντας
2588 2683 2850 2749 ἐτόξευον·
2875 2685 2923 2738 oi
2951 2684 3008 2738 δὲ
3033 2684 3128 2737 ἐπὶ
3154 2683 3331 2754 τούτῳ
3353 2686 3646 2757 ἀνέκραγον,
3682 2683 3771 2735 Ἐν-

2262 2777 2389 2833 θάδι
2417 2777 2634 2848 Οὐάλης
2667 2777 2834 2832 ἐστίν.
2881 2776 3241 2841 Ἀκούσαντες
3278 2777 3336 2830 δὲ
3360 2779 3408 2832 οἱ
3447 2775 3774 2846 προστυχὸν-..ες

2261 2868 2524 2939 πλησίον,
2553 2867 2861 2940 ἔμπροσθέν
2907 2886 2968 2922 τε
3009 2869 3105 2922 καὶ
3153 2868 3384 2922 ὄπισθεν
3428 2867 3518 2939 βοῇ
3557 2871 3654 2930 τοῖς
3684 2864 3772 2936 μετ’

2261 2960 2458 3021 αὑτοὺς
2485 2958 2753 3030 ἐδήλουνά
2793 2957 2822 3012 ὃ
2850 2959 3086 3030 ἢκουον·
3119 2961 3196 3024 ὡς
3245 2963 3306 3014 ἐν
3351 2961 3534 3032 βραχεῖ
3570 2959 3775 3020 καὶτοὺς

2263 3049 2598 3120 πορρωτέρω
2638 3047 2932 3120 πολεμίους
2955 3047 3224 3112 ἀκοῦσαι,
3256 3049 3352 3102 καὶ
3386 3050 3475 3102 διὰ
3519 3049 3688 3118 τάχους
3716 3047 3776 3107 είς

2263 3139 2424 3192 αὑτὸν
2453 3139 2663 3202 πάντας
2689 3132 2962 3193 συνελθεῖν
2973 3141 3111 3212 (82).
3143 3141 3535 3213 Περιλαϐόντες
3557 3139 3608 3192 δὲ
3634 3137 3776 3205 κύκλῳ

2263 3229 2323 3282 τὸ
2345 3229 2615 3298 δωμάτιον
2640 3270 2653 3292 ,
2689 3231 2783 3286 καὶ
2821 3231 3081 3302 πλείστην
3119 3231 3258 3304 ὓλην
3285 3233 3415 3305 περὶ
3451 3230 3596 3285 τοῦτο
3635 3227 3778 3280 auiti!»

2265 3318 2456 3382 ξαντες
2477 3318 2636 3390 ,πῦρ
2667 3319 2958 3375 ἐνέϐαλον*
3001 3322 3200 3375 αὐτίκα
3246 3323 3304 3376 δὲ
3350 3325 3384 3393 ἡ
3415 3322 3538 3392 φλὸξ
3571 3320 3662 3374 ὑπὸ
3687 3319 3778 3370 ἐπι·

2266 3411 2434 3482 φόρου
2462 3414 2773 3481 πνεύματος
2799 3405 2903 3467 ὧδε
2929 3413 3144 3484 συμϐὰν
3176 3414 3534 3486 ἐλαυνομένη,
3567 3414 3651 3482 τὴν
3680 3409 3777 3477 ὕλην

2263 3501 2659 3573 διῆλθεν.’Δμα
2691 3503 2747 3556 δὲ
2775 3504 2868 3558 καὶ
2893 3503 2965 3557 τὰ
2992 3505 3338 3576 ἀποκείμενα
3364 3507 3420 3559 ἐν
3447 3503 3519 3574 τῷ
3551 3501 3761 3572 δωματίῳ

2261 3594 2354 3647 τοῦ
2387 3594 2557 3666 πυρὸς
2586 3594 2816 3664 μετέσχε
2839 3637 2854 3660 ,
2882 3595 2976 3649 καί
3004 3596 3166 3650 αὑτὸν
3196 3597 3294 3652 τὸν
3344 3597 3556 3666 βασιλέα
3586 3591 3779 3651 καὶτοὺς

2263 3686 2400 3756 ἀμφ’
2431 3685 2591 3738 αὑτὸν
2627 3687 3086 3754 συγκατέκαυσεν.
3137 3689 3489 3760 Ἐτελεύτησε
3517 3687 3570 3740 δὲ
3589 3682 3778 3754 γεγονικ

2263 3777 2406 3847 ἀμφὶ
2450 3775 2522 3830 τὰ
2548 3779 2888 3848 πεντήκοντα
2914 3779 3030 3850 ’ἐτη
3051 3795 3062 3807 ·
3110 3781 3467 3851 τρισκαίδεκα
3505 3778 3558 3830 δὲ
3606 3777 3686 3828 σὺν
3720 3770 3778 3838 τῷ

2267 3866 2483 3939 ἀδελφῷ
2514 3868 2836 3940 βασιλεύσας
2856 3911 2871 3933 ,
2899 3872 2993 3926 καὶ
3023 3871 3137 3942 μετ’
3166 3873 3380 3928 ἐκεῖνον
3413 3869 3552 3942 τρία.

582 3955 635 4010 in
665 3955 828 4010 domo
871 3953 1110 4023 reposita
1147 3961 1307 4009 erant
1355 3955 1677 4009 alimentum
1712 3955 1968 4010 incendio
2014 3955 2530 4024 subministrarunt,
2592 3968 2647 4014 et
2678 3960 3066 4032 imperatorem
3129 3962 3312 4032 ipsum
3385 3976 3508 4017 cum
3560 3954 3778 4012 universis

574 4048 880 4104 comitibus,
901 4059 1393 4120 consumpserunt.
1459 4047 1713 4105 Mortuus
1735 4057 1918 4105 autem
1948 4057 2034 4105 est
2059 4062 2204 4104 anno
2275 4051 2456 4108 aetatis
2521 4053 2747 4109 circiter
2795 4054 3280 4125 quinquagesimo,
3367 4069 3491 4110 cum
3556 4056 3779 4124 regnas“

574 4138 842 4193 tredecim
899 4140 1125 4211 quidem
1184 4143 1346 4198 annis
1395 4155 1506 4197 una
1557 4155 1688 4196 cum
1743 4140 1966 4210 fratre;
2033 4153 2162 4212 post
2196 4144 2408 4199 obitum
2437 4154 2619 4201 autem
2649 4147 2798 4203 illius
2824 4149 2984 4204 annis
3016 4149 3213 4205 tribus.

651 4319 668 4350 ¹
690 4317 854 4375 Socr.
879 4321 975 4375 lib.
1005 4340 1078 4388 tv,
1102 4338 1158 4378 c.
1180 4323 1272 4379 '58.

1772 4492 1863 4546 VA
1873 4493 2046 4549 LESH
2076 4493 2628 4550 ANNOTATlONES.

652 4565 763 4637 (81)
798 4567 860 4620 '0
905 4569 973 4623 δὲ
1003 4573 1213 4630 ἀπιών.
1265 4575 1446 4631 Malim
1499 4581 1744 4636 scribere
1773 4584 1960 4640 ἐπιών.
1998 4586 2149 4641 Nice-

2324 4585 2434 4656 (82)
2455 4589 2558 4653 Εἰς
2586 4586 2774 4640 αὐτόν
2826 4585 3054 4651 πάντας
3084 4585 3430 4656 συνελθεῖν.
3470 4582 3644 4656 Melius
3685 4590 3776 4656 meo

581 4634 907 4726 puerttsprd
935 4641 1018 4726 Itis
1048 4646 1228 4701 verbis
1282 4648 1500 4702 habeto
1534 4649 1590 4702 δὲ
1617 4634 1968 4719 "sict—stage;

2258 4634 3070 4726 quas.(iussisiussis;
3089 4634 3181 4726 ῑεέέ
3199 4634 3428 4726 ἐδίδαξε
3449 4634 3712 4707 autem.
3737 4648 3777 4700 in

579 4707 756 4776 magis
793 4711 988 4778 placet.

2255 4724 2558 4794 Nicephoro
2594 4725 2864 4796 scriptum
2896 4734 2980 4780 est
3009 4725 3090 4790 είς
3130 4724 3190 4778 ἓν
3223 4725 3521 4782 συνελθεῖν.

1996 4897 2250 4955 VARIOR
2260 4900 2376 4956 UM.

648 4975 679 5016 ά
713 4977 840 5046 Τοῖς
885 4979 1013 5047 μετ’
1067 4979 1285 5047 αὐτοὺς
1343 4982 1626 5051 ἐδήλουν.
1676 4984 1990 5058 Legendunt
2039 4993 2153 5055 τοίς
2195 4995 2314 5061 μετ’
2350 4996 2550 5051 αὐτῶν.
