4066 6338
412 340 542 396 tm
762 394 767 399 ,
1366 339 1686 399 HISTORIA
1729 338 2286 398 ECCLESIASTICA.
2317 368 2388 384 -
2428 338 2555 397 ue.
2582 341 2696 399 vu.
3517 346 3657 405 W22

1010 453 1261 511 ΚΕΦΑΛ.
1304 436 1383 508 ἰ-ι.

2735 478 2888 535 CAP.
2941 480 3028 536 111.

409 540 550 611 Περὶ
569 538 688 595 τῶν
712 540 861 595 κατὰ
894 542 1000 595 τὸν
1035 542 1208 611 ἅγιον
1234 544 1524 600 Mali-Error
1554 545 1653 600 καὶ
1681 546 1990 603 Παυλῖνον

481 611 602 665 τῶν
668 612 1024 698 Ἀντιοχείας
1074 615 1458 698 ἐπισκόπων,
1522 616 1622 669 καί
1663 619 1812 698 ,περὶ
1842 615 1991 698 ,τῶν

480 698 815 751 τενομενων
845 682 1037 749 ὅρκων
1064 682 1161 737 διὰ
1183 685 1288 738 τὸν
1323 685 1723 740 ἐπισκοπικὸν
1749 682 1985 753 θρόνον.

491 770 580 824 Ἐν
605 770 662 824 δέ
694 770 772 841 τῷ
791 771 934 836 τότε,
962 771 1057 825 καὶ
1088 773 1354 827 Μελετίου
1386 773 1529 828 κατὰ
1567 776 1756 829 τοῦτον
1784 775 1875 828 τὸν
1904 776 1991 828 νό-

412 880 512 935 μον
540 863 924 927 ἐπανελθόντος
953 866 1035 929 είς
1077 864 1407 935 Ἀντιόχειαν
1438 866 1538 937 τῆς
1588 866 1660 919 Συ
1672 865 1813 937 ρίας,
1842 864 1989 937 δεινή

2162 861 2363 919 Eodem
2397 870 2644 936 tempore
2680 878 2807 920 cum
2850 862 3101 922 Meletius
3143 869 3475 939 supradicta:
3526 870 3663 945 legis

407 973 493 1020 τις
539 954 617 1026 τῷ
652 955 767 1027 λαῷ
806 957 1107 1024 φιλονεικία
1164 958 1384 1029 συνέϐη.
1428 958 1698 1012 Παυλίνου
1747 958 1856 1030 γὰρ
1909 957 1991 1012 ἔτι

2091 953 2359 1010 beneflcio
2389 955 2743 1011 Antiochiam
2771 954 2945 1028 Syriae
2983 971 3300 1028 remeasset,
3325 962 3509 1033 gravis
3534 978 3666 1019 con-

410 1047 711 1117 περιόντος,
742 1041 804 1102 οὗ
840 1047 939 1120 τὴν
975 1049 1283 1116 εὐλάϐειαν,
1311 1050 1388 1115 ὡς
1415 1048 1679 1121 ἔγνωμεν,
1725 1048 1991 1116 αἰδεσθεὶς

2091 1049 2264 1104 tentio
2289 1047 2345 1103 in
2375 1050 2578 1121 populo
2609 1059 2803 1107 exorta
2837 1055 2984 1108 est‘.
3011 1051 3224 1113 Etenim
3258 1072 3382 1112 cum
3403 1057 3664 1114 Paulinus

409 1138 624 1210 Οὐάλης
651 1139 680 1192 ό
712 1138 983 1208 βασιλεὺς,
1032 1142 1390 1196 καταδικάσαι
1429 1141 1607 1214 φυγὴν
1640 1142 1740 1196 οὐκ
1768 1141 1991 1213 ἐτόλμη-

2091 1137 2271 1194 adhuc
2297 1149 2584 1212 superstes
2616 1151 2783 1209 esset,
2833 1159 2995 1215 quem
3039 1147 3335 1217 imperator
3365 1148 3563 1207 Valens
3592 1152 3664 1206 ob

410 1247 524 1296 σεν,
580 1232 629 1286 ei
675 1233 796 1304 μὲν,
858 1234 1149 1305 σύνθρονον
1200 1234 1364 1288 αὐτοῦ
1410 1234 1666 1303 γενέσθαι
1724 1235 1989 1291 Μελέτιον

2091 1230 2370 1300 pietatem,
2404 1240 2462 1287 ut
2488 1248 2654 1305 supra
2681 1234 2948 1305 diximus,
2978 1240 3271 1304 reveritus,
3298 1241 3495 1298 exsilio
3520 1243 3665 1299 mul-

407 1321 613 1392 ἠξίουν.
654 1322 1067 1390 Ἀντιλεγόντων
1101 1322 1158 1377 δὲ
1202 1323 1311 1377 τῶν
1336 1324 1407 1377 τὰ
1436 1324 1709 1380 Παυλίνου
1739 1327 1990 1398 φρονούν-

2091 1329 2206 1378 tare
2232 1321 2660 1400 haudquaquam
2694 1341 2863 1384 ausus
2907 1328 3090 1386 fuerat
3115 1371 3133 1397 ,
3164 1331 3387 1401 quidam
3412 1334 3662 1407 postula-

408 1429 537 1476 των,
561 1413 654 1466 καὶ
680 1411 777 1484 τὴν
806 1413 1068 1467 Μελετίου
1100 1415 1435 1485 χειροτονίαν
1467 1414 1883 1482 διαϐαλλόντων,
1913 1417 1990 1482 ὡς

2091 1414 2222 1469 bant
2242 1423 2303 1470 ut
2330 1417 2585 1474 Meletius
2611 1418 2668 1472 in
2691 1420 2993 1493 episcOpali
3019 1421 3149 1479 sede
3181 1437 3304 1481 cum
3333 1424 3426 1481 illo
3463 1425 3665 1482 reside-

408 1503 514 1558 ὑπὸ
548 1503 841 1573 Ἀρειανῶν
862 1504 1177 1559 ἐπισκόπων
1203 1507 1598 1579 γεγενημένην,
1622 1508 1712 1580 βίᾳ
1732 1508 1793 1563 τὸ
1823 1526 1989 1564 σπου-

2091 1514 2196 1563 ret.
2227 1504 2444 1572 Quibus
2485 1522 2610 1563 cum
2643 1507 2862 1565 Paulini
2894 1510 3136 1569 fautores
3179 1514 3573 1581 reclamarent,
3608 1525 3664 1570 et

403 1591 701 1662 δαζόμενον
744 1595 824 1657 είς
862 1594 1021 1665 ἔργον
1067 1591 1203 1666 ἦγον
1261 1598 1311 1651 oi
1364 1596 1629 1651 Μελετίου
1680 1599 1983 1655 ἐπαινέται.

2091 1594 2493 1652 ordinationem
2538 1596 2738 1653 Mcletii
2792 1604 3051 1668 tanquam
3085 1601 3154 1656 ab
3198 1604 3418 1661 Arianis
3463 1604 3662 1659 factam

410 1682 617 1753 Πλῆθος
650 1683 757 1755 γὰρ
785 1685 847 1738 οὐ
873 1685 934 1737 τὸ
986 1686 1150 1756 τυχὸν
1179 1686 1352 1750 ὄντες,
1394 1688 1453 1742 ἐν
1480 1688 1579 1759 μιᾷ
1608 1686 1716 1742 τῶν
1754 1688 1861 1759 πρὸ
1887 1689 1987 1758 τῆς

2091 1687 2540 1751 criminarentur,
2576 1687 2820 1746 fautores
2849 1689 3051 1747 Meletii
3078 1692 3131 1747 id
3171 1694 3321 1767 quod
3351 1695 3661 1759 studebant,

406 1772 614 1838 πόλεως
637 1775 943 1847 ἐκκλησιῶν
972 1779 1054 1841 είς
1080 1776 1171 1831 τὸν
1200 1778 1556 1833 ἐπισκοπικὸν
1590 1778 1778 1850 θρόνον
1804 1779 1986 1834 ἀνεϐί-

2091 1777 2141 1832 vi
2169 1777 2465 1847 perfecere.
2495 1777 2632 1833 Cum
2662 1779 2807 1835 enim
2841 1779 2984 1834 haud
3008 1782 3170 1851 pauci
3200 1797 3430 1839 numero
3452 1793 3662 1846 essent,

407 1864 578 1918 ϐασαν
600 1865 782 1920 αὐτόν.
816 1866 1182 1937 Ἑκατέρωθεν
1207 1868 1263 1922 δέ
1278 1867 1372 1923 τοῦ
1396 1867 1527 1921 λαοῦ
1551 1868 1984 1940 χαλεπαίνοντος,

2094 1867 2148 1922 in
2180 1870 2414 1938 quadam
2444 1871 2678 1927 ecclesia
2706 1869 3026 1926 suburbana
3056 1870 3328 1933 Meletium
3367 1875 3423 1930 in
3456 1876 3664 1947 episco-

405 1955 502 2009 καὶ
525 1957 763 2021 στάσεως
787 1958 1261 2030 προσδοκωμένης,
1286 1959 1572 2030 θαυμαστή
1606 1978 1688 2023 τις
1712 1960 1986 2031 ἐκράτησε

2093 1960 2201 2030 pali
2248 1959 2391 2016 solio
2445 1961 2809 2017 collocarunt.
2862 1961 3070 2032 Populo
3114 1962 3277 2034 igitur
3317 1979 3384 2019 ex
3430 1973 3664 2036 utraque

408 2047 591 2119 βουλὴ,
631 2050 767 2121 πρὸς
798 2050 1050 2120 ὁμόνοιαν
1079 2052 1278 2115 αὐτοὺς
1303 2052 1532 2121 ἄγουσα.
1557 2052 1836 2107 Συνεδόκει
1871 2054 1983 2125 γὰρ

2092 2059 2250 2122 parte
2276 2052 2577 2119 concitato,
2609 2068 2734 2109 cum
2774 2054 2977 2111 seditio
3015 2053 3201 2111 futura
3224 2065 3661 2125 exspectaretur,

405 2141 602 2213 ὅρκους
639 2140 825 2196 λαϐεῖν
858 2141 1009 2212 παρὰ
1040 2141 1151 2196 τῶν
1186 2144 1505 2197 ἐπισκοπεῖν
1530 2144 1621 2197 τὸν
1645 2143 1831 2198 ἐνθάδε
1859 2144 1987 2216 θρό-

2093 2140 2417 2197 admirabile
2460 2142 2737 2214 quoddam
2785 2143 3078 2199 consilium
3106 2146 3409 2214 praevaluit,
3450 2161 3558 2217 quo
3591 2149 3659 2202 ad

406 2249 498 2287 νον
521 2232 838 2303 ἐπιτηδείων
862 2229 1001 2288 εἶναι
1019 2234 1409 2305 νομιζομένων,
1432 2234 1465 2306 ἢ
1488 2234 1949 2308 προσδοκωμένων
1967 2248 1983 2263 ⁸

2094 2235 2445 2290 concordiam
2480 2243 2892 2293 revocarentur.
2930 2235 3143 2293 Placuit
3180 2238 3324 2293 enim
3350 2246 3411 2293 ut
3445 2238 3664 2310 jureju-

404 2316 482 2378 ὧν
508 2319 649 2396 ἦσαν
682 2324 857 2397 ἕτεροι
887 2325 1070 2389 πέντε,
1097 2328 1190 2378 καὶ
1221 2325 1540 2391 Φλαϐιανὸς,
1572 2327 1647 2390 ὡς
1669 2325 1793 2381 οὔτε
1824 2344 1988 2380 σπου-

2093 2325 2272 2381 rando
2317 2340 2442 2383 sese
2490 2327 2861 2394 astringerent
2904 2327 2944 2385 ii
2988 2329 3082 2405 qui
3116 2328 3185 2385 ad
3216 2329 3514 2400 regendum
3543 2332 3666 2402 ejus

404 2414 647 2482 δάσουσι,
677 2415 801 2470 οὔτε
852 2417 1187 2488 χειροτονίας
1216 2419 1307 2471 ἐπ’
1336 2419 1522 2483 αὐτοῖς
1550 2418 1837 2490 γινομένης
1858 2461 1873 2486 ,
1894 2420 1988 2473 ἀν-

2094 2416 2200 2472 loci
2243 2416 2622 2489 episcopatum
2664 2417 2846 2473 idonei
2898 2433 3021 2476 esse
3069 2420 3408 2491 putabantur
3469 2438 3664 2494 spera—

409 2506 623 2572 ἕξονται
652 2509 996 2575 ἐπισκοπεῖν,
1033 2511 1091 2572 ἐς
1107 2495 1231 2564 ὅσον
1263 2510 1532 2574 Παυλῖνος
1565 2509 1599 2578 ἢ
1622 2509 1885 2575 Μελέτιος
1909 2510 1988 2582 τῷ

2094 2507 2400 2576 banturve;
2433 2522 2500 2564 ex
2546 2507 2749 2579 quibus
2780 2516 2938 2564 erant
2970 2519 3083 2565 tum
3121 2510 3215 2566 alii
3250 2512 3511 2582 quinque,
3543 2521 3659 2567 tum

409 2598 511 2670 βίῳ
542 2598 774 2670 περιῶσι
800 2617 814 2631 ’
837 2602 1152 2672 ,συγχωρεῖν
1192 2600 1249 2655 δὲ
1292 2600 1521 2673 θατέρου
1544 2601 1985 2673 τελευτήσαντος,

2095 2597 2429 2668 Flavianus;
2466 2615 2527 2656 se
2573 2615 2752 2671 neque
2798 2601 3137 2667 ambituros,
3172 2618 3370 2672 neque,
3397 2604 3665 2660 electione

407 2691 500 2745 τὸν
529 2691 714 2761 ἕτερον
748 2691 908 2763 μόνον
939 2693 1037 2763 τὴν
1081 2692 1388 2762 ἐπισκοπὴν
1420 2692 1586 2762 ἐχειν.
1627 2693 1783 2747 Κατὰ
1812 2692 1989 2749 ταῦτα

2096 2690 2345 2761 ipsorum
2406 2690 2592 2755 facta,
2651 2693 3027 2764 episcopatum
3088 2703 3448 2766 suscepturos
3506 2711 3663 2763 esse,

407 2784 467 2837 δὲ
495 2784 754 2837 δοθέντων
782 2783 891 2837 τῶν
921 2785 1119 2853 ὅρκων,
1150 2783 1333 2855 σχεδὸν
1374 2784 1435 2837 τὸ
1456 2785 1563 2837 πᾶν
1591 2784 1822 2856 ὡμονόει
1847 2786 1986 2857 πλῆ-

2095 2778 2341 2849 quandiu
2373 2777 2638 2836 Paulinus
2686 2795 2752 2836 ac
2791 2780 3039 2839 Meletius
3078 2784 3404 2853 superstites
3431 2794 3618 2845 essent
3648 2805 3663 2841 :

409 2875 524 2939 θος’
552 2875 722 2943 ὀλίγοι
747 2875 802 2930 δὲ
832 2875 938 2928 τῶν
958 2875 1293 2946 Λουκίφερος
1314 2874 1397 2928 ἔτι
1424 2874 1754 2947 διεφέροντο,
1785 2875 1861 2940 ὡς
1881 2876 1987 2930 ὑπὸ

2096 2872 2275 2926 altero
2303 2878 2488 2927 autem
2523 2871 2743 2928 illorum
2785 2881 3026 2942 mortuo,
3057 2890 3320 2945 passuros
3349 2891 3409 2933 se
3438 2884 3499 2932 ut
3528 2877 3668 2933 alter

413 2966 741 3038 ἑτεροδόξων
771 2966 1038 3020 Μελετίου
1075 2965 1561 3038 χειροτονηθέντος.
1604 2966 1756 3020 Ἐπεὶ
1785 2966 1841 3020 δὲ
1862 2967 1989 3020 τάδε

2095 2962 2476 3033 episcopatum
2512 2963 2664 3019 solus
2691 2964 2987 3020 obtineret.
3012 2963 3182 3035 lgitur
3207 2965 3569 3039 jurejurando
3608 2967 3668 3024 in

411 3047 514 3107 ὧδε
538 3055 750 3124 γέγονε,
780 3055 1042 3119 Μελέτιος
1070 3056 1167 3126 μὲν
1191 3051 1324 3127 ἧκεν
1359 3057 1438 3120 εἰς
1474 3056 1988 3111 Κωνσταντινούπο-

2097 3054 2198 3110 bas
2246 3053 2596 3112 conditiones
2636 3057 2900 3126 praestita,
2937 3057 3194 3113 universa
3244 3057 3362 3117 fere
3405 3058 3559 3129 plebs
3598 3060 3667 3113 ad

413 3144 517 3199 λινο
556 3146 719 3217 ηνίκα
752 3147 843 3200 καὶ
889 3145 1069 3209 ἄλλοις
1103 3148 1423 3212 ἐπισκόποις
1443 3148 1597 3219 ριατὰ
1646 3148 1810 3202 ταύτὸ
1841 3165 1991 3217 γενο-

2097 3145 2453 3203 concordiam
2506 3146 2692 3202 rediit.
2743 3145 2909 3203 Pauci
2960 3155 3145 3205 tamen
3191 3164 3258 3206 ex
3302 3148 3668 3207 Luciferianis

417 3237 621 3308 μένοις,
675 3238 854 3302 ἔδοξεν
899 3240 1196 3308 ἀναγκαῖον
1243 3235 1380 3293 εἶναι
1430 3240 1494 3293 ἐκ
1536 3240 1636 3308 τῆς
1683 3237 1989 3303 Ναζιανξοῦ

2097 3234 2277 3290 adhuc
2320 3236 2698 3304 dissidebant,
2756 3247 3045 3310 propterea
3099 3242 3244 3311 quod
3299 3240 3548 3298 Meletius
3599 3244 3671 3299 ab

418 3328 727 3399 μεταθεῖναι
754 3329 1073 3401 Γρηγόριον,
1098 3330 1191 3383 καὶ
1207 3328 1499 3400 ἐπιτρέψαι
1521 3326 1784 3398 αὐτῷτὴν
1804 3326 1991 3381 ἐνθάδε

2098 3326 2371 3384 haereticis
2402 3329 2691 3386 ordinatus
2725 3328 2940 3387 fuisset.
2989 3331 3201 3398 Quibus
3242 3333 3310 3388 ad
3356 3333 3503 3389 hunc
3549 3350 3670 3388 mo-

416 3420 740 3490 ὲπισκοπήν.
2101 3420 2231 3476 dum
2280 3423 2541 3492 peractis,
2595 3423 2845 3482 Meletius
2894 3424 3434 3498 Constantinopolim
3481 3426 3668 3499 profe-

415 3518 539 3565 ctus
580 3521 693 3575 est;
733 3527 842 3583 quo
878 3512 1098 3581 quidem
1144 3520 1420 3584 tempore,
1451 3512 1574 3570 aliis
1616 3527 1836 3582 quoque
1869 3512 2148 3587 episcopis
2194 3512 2270 3567 ibi
2316 3517 2687 3585 congregatis,
2761 3530 2941 3585 operai
3011 3518 3246 3587 pretium
3315 3518 3493 3573 visum
3558 3528 3667 3584 est,

416 3610 477 3657 ut
514 3601 811 3673 Gregorius
864 3605 935 3658 ab
980 3605 1182 3675 oppido
1233 3604 1505 3689 Nazianzo
1565 3605 1986 3672 transferretur,
2066 3606 2299 3677 ejusque
2347 3608 2501 3662 urbis
2566 3609 2914 3678 episcopatus
2954 3610 3007 3665 ei
3050 3610 3322 3681 regendus
3364 3614 3671 3670 committe-

417 3707 587 3754 retur.
1558 3714 1565 3717 ·

2091 567 2169 624 De
2190 571 2273 624 his
2289 585 2405 641 quae
2428 572 2566 625 inter
2588 568 2860 625 Haterium
2882 588 2947 626 ac
2972 569 3260 628 Paulinum
3285 578 3660 636 Antiochense;

2159 641 2430 719 episcopos
2473 650 2629 719 gesta_
2664 651 2829 719 sunt:
2860 651 2909 695 et
2951 641 3015 696 de
3054 643 3407 714 jurejurando
3452 658 3665 719 propter

2153 710 2505 779 episcopalem
2537 712 2713 767 aedem
2739 712 2904 782 facta.

1014 3793 1263 3846 ΚΕΦΑΛ.
1319 3796 1393 3847 Δ¹.
1594 3788 1597 3789 ν

2742 3789 2890 3843 CAP.
2935 3788 3023 3844 IV.

414 3882 554 3949 Περὶ
582 3881 687 3955 τῆς
733 3883 926 3952 ἀρχῆς
971 3883 1292 3939 Θεοδοσίου
1328 3885 1435 3938 τοῦ
1460 3886 1757 3955 Μεγάλου,
1800 3887 1895 3940 καὶ
1920 3887 1997 3952 ὠς

2100 3882 2414 3955 Dejrnperio
2439 3882 2715 3955 Theodosii
2748 3879 2950 3955 Magni,
2981 3891 3028 3955 et
3058 3882 3317 3952 quomodo
3337 3882 3402 3935 ab
3425 3882 3669 3955 Asehofio

487 3953 645 4034 ,παρὰ
676 3951 988 4034 Ἀσχολῐοι)
1012 3951 1565 4034 Θςσςαλωςίκηςδτό
1585 3956 1745 4034 θεῖον
1765 3951 1997 4034 summi]

2174 3953 2562 4034 Thessalonica:
2597 3952 2837 4019 episcopo
2875 3951 3180 4034 bapti‘z'ntns
3203 3960 3291 4033 ,εει
3313 3969 3331 4004 ;
3358 3953 3670 4034 etquid-de-

486 4018 811 4091 βάὲττισμιῖ
837 4040 849 4052 ·
875 4024 971 4075 καὶ
1019 4021 1113 4076 οἷα
1145 4026 1370 4093 ἔγραψε
1402 4018 1527 4091 τοῖς
1573 4026 1659 4093 μὴ
1695 4018 1844 4080 amid
1896 4018 1997 4079 ibi

2171 4023 2388 4076 creverit
2435 4021 2693 4093 adversus
2747 4018 2834 4074 eos
2864 4021 2954 4088 qui
3003 4018 3214 4075 Nica’ni
3257 4018 3469 4075 concilii
3506 4022 3665 4091 ﬁdem

488 4093 629 4161 ὅρον
658 4093 766 4162 τῆς
791 4094 860 4147 ἐν
892 4095 1105 4160 Nman
1142 4091 1410 4148 σίυνόδου
1436 4091 1857 4163 πρεάϐἐύουσι.

2171 4091 2569 4161 impugnabant.

499 4183 634 4235 Ὑπὸ
687 4182 744 4235 δὲ
784 4181 971 4234 τοῦτον
1017 4183 1107 4235 τὸν
1161 4183 1372 4252 χρόνον,
1414 4183 1713 4255 Γρατιανὸς
1769 4184 1871 4255 μὲν
1919 4182 1997 4237 ἔτι

2172 4182 2287 4236 Sub
2311 4182 2454 4236 idem
2492 4189 2729 4250 tempus,
2759 4192 2887 4235 cum
2915 4178 3207 4235 Alamanni
3238 4179 3451 4237 crebris
3479 4180 3669 4237 incur-

420 4275 528 4329 τῶν
558 4274 694 4347 πρὸς
735 4274 1004 4346 Ἑσπέραν
1026 4273 1282 4328 Γαλατῶν
1312 4275 1415 4328 ὑπὸ
1453 4274 1769 4345 Ἀλαμανῶν
1794 4291 1997 4344 ταρατ-

2099 4273 2349 4331 sionibus
2368 4270 2576 4327 Gallias
2598 4270 2944 4353 infestarent,
2975 4270 3273 4328 Gratianus
3303 4271 3369 4326 ad
3408 4272 3670 4330 occiduas

415 4367 680 4439 τομένων,
734 4367 825 4420 ἐπὶ
873 4365 973 4436 τὴν
1020 4364 1279 4436 πατρῴαν
1313 4364 1610 4438 ἀνέστρεψε
1666 4365 1878 4436 μοῖραν*
1931 4364 1997 4434 ἦν

2100 4366 2315 4437 paterni
2365 4363 2580 4436 imperii
2633 4371 2816 4434 partes
2861 4378 3119 4420 reversus
3170 4372 3258 4421 est
3287 4405 3305 4433 ,
3359 4379 3498 4435 quas
3551 4366 3670 4437 ipse

416 4458 568 4529 αὐτῷ
592 4475 650 4511 τε
689 4458 782 4511 καὶ
804 4457 880 4528 τῷ
909 4456 1122 4527 ἁδελφῷ
1153 4456 1171 4495 τ
1204 4456 1424 4509 διοικεῖν
1466 4456 1752 4509 κατέλιπεν
1772 4496 1787 4520 ,
1833 4454 1996 4507 Ἰλλυ-

2099 4456 2204 4515 sibi
2235 4472 2299 4512 ac
2334 4455 2491 4511 fratri
2524 4456 2789 4526 regendas
2818 4456 2981 4528 282
3011 4457 3342 4522 retinuerat,
3390 4473 3515 4512 cum
3544 4457 3671 4530 llly-

422 4552 568 4620 ριοὺς
607 4549 698 4603 καὶ
749 4549 815 4603 τὰ
852 4548 989 4619 πρὸς
1019 4548 1171 4617 ἥλιον
1202 4547 1490 4617 ἀνίσχοντα
1520 4547 1619 4617 τῆς
1662 4545 1836 4617 ἀρχῆς
1870 4545 1996 4598 Θεο-

2100 4548 2276 4603 ricutu
2308 4556 2363 4603 et
2411 4546 2654 4603 Orientis
2689 4555 2872 4617 partes
2924 4547 3238 4602 Theodosio
3288 4547 3665 4604 tradidisset’.

416 4642 580 4711 δοσίῳ
652 4640 969 4710 ἐπιτρέψας.
1031 4638 1401 4709 Κατιυρθοῦτο
1462 4638 1519 4689 δὲ
1586 4637 1726 4690 κατὰ
1769 4635 1994 4707 γνώμην

2100 4639 2168 4694 Et
2195 4640 2312 4709 ipse
2340 4639 2583 4710 quidem,
2610 4655 2677 4694 ex
2709 4638 2878 4692 animi
2922 4638 3008 4694 sui
3038 4639 3308 4694 sententia
3347 4654 3460 4695 rem
3500 4642 3670 4711 gessit

418 4732 566 4802 αὑτῷ
600 4733 667 4785 τὰ
715 4734 850 4802 πρὸς
875 4729 1097 4794 τούτους
1140 4748 1154 4761 ο
1206 4728 1471 4798 Θεοδοσίῳ
1505 4728 1561 4781 δὲ
1590 4728 1658 4781 τὰ
1713 4727 1845 4797 πρὸς
1865 4726 1992 4789 τοὺς

2100 4728 2367 4784 adversus
2417 4730 2759 4784 Alamannos
2813 4746 2827 4782 :
2880 4726 3223 4784 Theodosius
3278 4726 3417 4784 vero
3466 4729 3666 4784 bellum

419 4824 566 4893 ἀμφὶ
590 4824 681 4875 τὸν
708 4826 920 4894 Ἵστρον
961 4822 1288 4893 βαρϐάρους.
1327 4821 1477 4873 Ἐπεὶ
1502 4820 1558 4872 δὲ
1573 4820 1679 4871 τῶν
1707 4820 1805 4889 μὲν
1844 4818 1991 4890 μάχῃ

2100 4835 2224 4874 cum
2269 4821 2518 4875 barbaris
2549 4818 2749 4874 Istrum
2778 4820 3150 4874 accolentibus
3179 4835 3288 4875 non
3324 4820 3507 4875 mintts
3545 4820 3665 4874 fcli-

421 4914 785 4985 ἐπεκράτησε.
822 4916 945 4975 τοὺς
983 4914 1039 4966 δὲ
1086 4914 1269 4981 φίλους
1296 4912 1438 4982 ἔχειν
1482 4910 1788 4979 Ῥωμαίους
1841 4912 1990 4963 ἀντι-

2103 4915 2238 4965 citer
2275 4912 2533 4967 confecit.
2566 4913 2809 4980 Quorum
2856 4914 2994 4968 alios
3026 4928 3149 4967 cum
3197 4911 3391 4982 proelio
3433 4912 3671 4967 devicis-

422 5005 731 5069 δολοῦντας,
783 5007 1025 5076 ὁμήρους
1079 5004 1282 5067 λαϐὼν,
1326 5004 1557 5066 σπονδὰς
1604 5001 1821 5067 ἐδέξατο
1860 5003 1993 5073 (Si),

2104 5013 2184 5058 set
2220 5005 2356 5060 alios
2402 5004 2772 5061 Romanorum
2806 5005 3101 5059 amicitiam
3130 5004 3487 5074 postulantes,
3516 5018 3671 5058 accc-

497 5166 513 5197 ¹
556 5167 709 5223 Socr.
744 5166 834 5219 lib.
868 5183 924 5225 ν.
959 5181 1079 5235 cap.
1114 5166 1166 5219 5.
1244 5166 1264 5196 ¹
1290 5164 1420 5219 ibid.
1465 5178 1587 5232 cap.
1619 5162 1668 5215 6.

1627 5296 1893 5351 νΑιλΕδιι
1931 5293 2482 5352 ANNOTATIONES.

495 5394 605 5467 (Si)
637 5394 906 5459 Σπονδὰς
942 5392 1205 5458 ἐδέξατο.
1242 5392 1420 5444 Malim
1450 5392 1691 5446 scribere
1723 5392 1803 5456 είς
1837 5393 1997 5445 σπονδ

2091 5393 2319 5456 ἐδέξατο.
2359 5393 2527 5447 Aliter
2556 5390 2698 5446 enim
2735 5388 2966 5442 barbara
3003 5390 3147 5439 esset
3172 5380 3397 5435 locutio.

1870 5525 2225 5584 VARIORUM

502 5624 522 5662 τ
557 5624 666 5676 Ἦν
703 5620 861 5684 αὐτῷ
894 5637 956 5672 τε
979 5622 1075 5692 καὶ
1105 5621 1182 5683 τῷ
1204 5618 1465 5692 ἀδελφῷ,
1494 5618 1755 5692 Gratiano
1787 5634 1997 5675 cessere

2103 5621 2242 5677 .Μ.ιιο
2277 5622 2438 5691 igitur
2472 5620 2742 5692 Illyricum
2786 5606 3093 5669 Theodosio
3129 5619 3252 5660 mox
3283 5601 3474 5659 tribuit
3502 5599 3662 5655 Sum-

422 5695 631 5756 Gulliae,
687 5692 976 5759 Hispaniae,
1030 5691 1362 5753 Brilauuite;
1424 5689 1807 5742 Valentiniano
1843 5692 2001 5743 fratri
2110 5689 2323 5747 Incisus.

422 5765 596 5826 Italia,
642 5762 936 5827 Illyricum,
979 5760 1179 5813 Africa.
1230 5761 1455 5826 Zositu.,
1495 5760 1584 5812 lib.
1626 5774 1691 5821 tv,
1730 5774 1847 5829 pug.
1884 5760 2004 5817 7w,
