4066 6338
353 424 494 481 1425

1263 422 1587 480 HISTORIA
1629 421 2183 482 ECCLESIASTIC‘A.
2206 455 2274 466 —
2295 423 2424 482 LIB.
2465 425 2576 481 VII.

3441 405 3581 487 tisi;

345 540 424 592 ἔτι
457 539 506 592 oi
548 537 619 592 τά
645 537 856 610 ’Δρείου
885 533 1228 612 φρονοῦντες,
1260 532 1335 595 ὧν
1365 541 1550 611 ἡγεῖτο
1585 539 1916 610 Δημόφιλος.

2029 542 2212 599 adhuc
2251 541 2506 600 ecclesiis
2539 537 2910 613 potiebantur,
2951 543 3148 614 quibus
3197 554 3426 616 praeerat
3474 546 3578 602 De-

347 625 642 698 Γρηγόριος
677 626 735 680 δὲ
779 626 808 678 ὁ
845 630 910 681 ἐκ
947 628 1250 694 Ναζιανζοῦ
1281 629 1572 698 προΐττατο
1594 626 1702 679 τῶν
1726 624 1916 696 ὁμοούο

349 733 459 770 σιον
487 716 693 788 Τριάδα
719 716 1068 784 ὼξαζὸντων.
1107 716 1462 788 Ἐκκλησίαζε
1507 716 1562 770 δὲ
1596 717 1654 769 ἐν
1693 715 1916 784 οἰκίσκῳ

351 807 565 880 μικρῷ,
628 808 757 878 παρ’
809 807 1076 878 ὁμοδόξων
1125 805 1273 878 αὖτῷ
1317 825 1376 862 τε
1421 807 1518 861 καὶ
1563 807 1678 869 τοῖς
1717 803 1917 875 ὁμοίως

273 934 282 946 .
345 896 736 967 θρησκεύουσιν
771 898 851 961 είς
891 898 1177 969 εὑκτήριον
1217 894 1364 950 οἷκον
1400 895 1914 952 κατασκευασθέντι.

345 985 499 1040 Μετὰ
530 985 586 1040 δέ
625 987 796 1042 ταῦτα
823 989 1128 1060 περιφανὴς
1161 987 1270 1042 τῶν
1299 989 1358 1040 ἐν
1383 989 1454 1059 τῇ
1483 986 1634 1040 πόλει
1661 984 1798 1049 νεὼς
1828 985 1920 1054 γέ-

346 1092 501 1144 γονεν
529 1071 702 1146 οὗτος,
725 1079 819 1133 καὶ
844 1077 1012 1143 ἔστιν,
1047 1079 1106 1132 οὐ
1137 1077 1296 1150 μόνον
1321 1079 1770 1150 οἰκοδομημάτων
1789 1077 1918 1132 κάλ-

345 1166 429 1221 λει
467 1185 527 1223 τε
565 1169 660 1224 καὶ
699 1169 952 1240 μεγέθει,
994 1169 1130 1225 ἀλλὰ
1175 1167 1271 1226 καὶ
1309 1169 1555 1242 ἐναργῶν
1593 1168 1918 1238 Θεοφανειῶν

347 1257 652 1327 ὠφελείαις.
697 1259 1112 1332 Προφαινομένη
1152 1259 1260 1330 γάρ
1291 1257 1476 1314 ἐνθάδε
1519 1259 1638 1314 Θεία
1668 1257 1914 1329 δύναμις,

349 1349 498 1422 ὕπαρ
519 1367 576 1404 τε
599 1350 694 1404 καὶ
729 1352 786 1404 ὲν
809 1350 1074 1422 ὀνείρασι,
1104 1349 1319 1414 πολλοῖς
1346 1349 1605 1415 πολλάκις
1629 1349 1804 1412 νόσοις
1823 1339 1918 1402 καὶ

350 1441 721 1513 περιπετείαις
748 1446 1086 1512 πραγμάτων
1115 1442 1412 1513 κάμνουσιν
1443 1441 1712 1513 ἐπήμυνε.
1748 1441 1919 1494 Πεπί-

351 1551 568 1590 στευται
607 1534 665 1588 δὲ
709 1535 910 1606 ταύτην
953 1535 1052 1608 τὴν
1105 1533 1239 1590 Θεοῦ
1289 1533 1503 1608 μητέρα
1547 1534 1768 1606 Μαρίαν
1820 1533 1919 1604 τὴν

349 1624 508 1692 ἁγίαν
575 1623 846 1698 Παρθένον
915 1623 1052 1681 εἶναι
1076 1645 1089 1658 ·
1151 1627 1323 1698 ταύτῃ
1389 1626 1496 1697 γὰρ
1553 1625 1916 1694 ἐπιφαίνεται.

362 1715 714 1770 Ἀναστασίαν
747 1716 805 1771 δὲ
831 1717 1033 1790 ταύτην
1064 1717 1161 1790 τὴν
1193 1717 1485 1788 ἐκκλησίαν
1541 1715 1916 1787 ὀνομάζουσιν,

347 1805 425 1870 ὡς
459 1806 556 1876 μὲν
578 1806 788 1878 ᾠόμην,
827 1808 1017 1864 καθότι
1051 1809 1114 1862 τὸ
1141 1807 1318 1878 δόγμα
1342 1807 1442 1880 τῆς
1475 1807 1534 1862 ἐν
1567 1805 1772 1876 Νικαίᾳ
1797 1822 1917 1860 συν-

350 1897 469 1953 όδου
505 1899 790 1964 πεπτωκὸς
814 1900 916 1972 ήδη
946 1901 1003 1955 ἐν
1024 1898 1590 1955 Κωνσταντινουπόλει
1611 1899 1705 1952 καὶ
1727 1897 1916 1966 τεθνη-

349 1989 464 2053 κὸς,
495 1989 571 2055 ὡς
601 1993 797 2058 εἰπεῖν,
829 1991 916 2046 διά
945 1992 1044 2062 τὴν
1074 1991 1304 2062 δύναμιν
1330 1991 1437 2044 τῶν
1468 1989 1809 2063 ἑτεροδόξων,
1837 1992 1921 2044 ἐν·

353 2079 479 2135 οάδε
525 2083 721 2156 ἀνέστη
770 2082 864 2138 καὶ
903 2082 1104 2137 ἀνεϐίω
1133 2082 1224 2136 διὰ
1255 2081 1362 2140 τῶν
1391 2081 1686 2154 Γρηγορίου
1722 2081 1916 2150 λόγων.

359 2175 450 2238 Ὠς
485 2174 543 2228 δέ
585 2192 748 2230 τινων
783 2175 960 2246 άληθῆ
1003 2175 1181 2245 λέγειν
1225 2175 1648 2248 ίσχυριζομένων
1685 2175 1917 2246 ἀκήκοα,

333 2267 791 2339 ’ἐκκλησιάζοντος
830 2269 926 2322 τοῦ
975 2267 1102 2324 λαοῦ
1121 2307 1138 2331 ,
1186 2269 1324 2340 γυνὴ
1373 2267 1631 2338 ἐγκύμων
1670 2265 1777 2320 άπὸ
1821 2265 1920 2335 τῆς

349 2357 598 2430 ὑπερῴου
625 2360 786 2424 στοᾶς
805 2359 1210 2426 καταπεσοῦσα,
1233 2359 1420 2415 ἐνθάδε
1440 2358 1668 2430 τέθνηκε
1693 2373 1708 2390 ο
1737 2357 1920 2426 κοινῆς

347 2450 408 2504 δὲ
436 2450 586 2520 παρὰ
615 2450 828 2506 πάντων
861 2451 1025 2522 εὐχῆς
1060 2453 1148 2506 ἐπ’
1175 2453 1311 2524 αὐτῇ
1334 2450 1632 2521 γενομένης
1665 2449 1918 2520 ἁνέζησε,

349 2539 444 2592 καὶ
472 2540 569 2593 σὺν
595 2539 674 2610 τῷ
708 2539 897 2610 βρέφει
929 2537 1128 2612 ἐσώθη.
1165 2541 1252 2606 Ὧς
1278 2540 1372 2594 ἐπὶ
1403 2537 1692 2612 παραδόξῳ
1719 2538 1778 2592 δέ
1807 2538 1922 2592 θεό-

347 2627 444 2682 θεν
489 2628 786 2700 συμϐάντι,
835 2628 1038 2702 ταύτην
1088 2629 1248 2701 ἔλαχε
1298 2630 1398 2700 τὴν
1448 2629 1816 2702 προσηγορίαν
1863 2627 1922 2692 ἐξ

349 2717 560 2772 ἐκείνου
590 2719 620 2773 ό
643 2718 828 2783 τόπος.
853 2719 964 2772 Καὶ
987 2719 1116 2790 περὶ
1147 2721 1245 2787 μέν
1271 2720 1462 2773 τούτου
1487 2718 1726 2784 τοιοῦτος
1751 2719 1920 2772 είσέτι

345 2808 443 2862 νῦν
469 2807 694 2878 φέρεται
722 2809 898 2878 λόγος.
930 2809 986 2863 '0
1013 2808 1070 2862 δὲ
1103 2808 1378 2880 βασιλεὺς,
1408 2809 1626 2880 πέμψας
1653 2810 1789 2880 πρὸς
1819 2813 1923 2880 Δη-

351 2899 598 2968 μόφιλον,
643 2899 928 2954 ἐκέλευσεν
961 2898 1123 2953 αὐτὸν
1158 2898 1300 2952 κατὰ
1323 2899 1384 2953 τὸ
1407 2899 1583 2970 δόγμα
1605 2900 1702 2970 τῆς
1732 2899 1791 2952 ἐν
1826 2900 1922 2952 Νι-

349 2989 480 3061 καίᾳ
505 2989 722 3044 συνόδου
747 2991 1092 3060 Θρησκεύειν,
1127 2991 1220 3043 καὶ
1253 2989 1342 3043 τὸν
1383 2990 1512 3043 λαὸν
1555 2991 1634 3052 είς
1671 2990 1922 3060 ὁμόνοιαν

345 3079 524 3146 ἄγειν,
549 3079 582 3150 ἢ
611 3079 720 3135 τῶν
763 3079 1068 3151 ἐκκλησιῶν
1109 3081 1426 3151 ὑποχωρεῖν.
1447 3081 1504 3134 Ὀ
1533 3081 1614 3147 δέ,
1637 3079 1698 3133 τὸ
1721 3080 1923 3150 πλῆθος

348 3169 711 3238 συγκαλέσας,
743 3171 842 3242 τὴν
868 3170 1128 3242 βασιλέως
1151 3171 1387 3242 ἐδήλωσε
1414 3171 1637 3242 γνώμην
1659 3188 1672 3203 ο
1719 3171 1814 3224 καὶ
1842 3173 1922 3234 είς
1947 3201 1991 3258 c

343 3259 447 3332 τὴν
479 3261 768 3333 ὑστεραίαν
813 3261 922 3332 πρὸ
963 3259 1075 3314 τῶν
1119 3259 1314 3330 τειχῶν
1353 3259 1734 3332 ἐκκλησιάζειν
1789 3277 1922 3332 προ-

340 3352 644 3423 ηγόρευσεν
669 3368 683 3384 ο
711 3353 833 3406 ἐπεὶ
876 3351 1040 3418 θεῖος,
1081 3349 1206 3422 ἔφη,
1249 3351 1525 3406 ἐπιτάττει
1561 3352 1746 3424 νόμος,
1787 3352 1922 3407 Ἐὰν

343 3443 504 3512 ὑμᾶς
529 3441 825 3498 διώκωσιν
866 3443 936 3497 ἐκ
979 3441 1088 3512 τῆς
1115 3443 1348 3510 πόλεως
1375 3444 1626 3512 ταύτης,
1674 3444 1921 3514 φεύγετε

341 3536 434 3600 εἱς
459 3532 571 3603 τὴν
597 3532 815 3602 ἀλλην.
865 3531 1054 3587 Τοιάδε
1096 3533 1428 3603 προσειπὼν,
1477 3534 1536 3600 ἐξ
1567 3534 1774 3588 ἐκείνου
1816 3535 1922 3607 πρὸ

342 3626 445 3695 τῆς
473 3625 682 3689 πόλεως
705 3623 1032 3696 ἐκκλησιαζε
1057 3641 1071 3656 ο
1114 3627 1210 3680 σὺν
1240 3625 1389 3696 αὐτῷ
1415 3625 1472 3680 δέ
1496 3625 1589 3680 καὶ¹
1613 3626 1860 3692 Λούκιος,
1893 3629 1920 3680 ὁ

341 3715 513 3769 πάλαι
534 3716 670 3786 πρὸς
703 3715 1053 3787 τῶν”Ἀρείου
1078 3717 1174 3790 τὴν
1207 3717 1602 3789 Ἀλεξανδρέων
1629 3719 1919 3789 ἐκκλησίαν

340 3807 688 3878 ἐπιτραπείς.
719 3804 1022 3870 Ἐξελαθεὶς
1065 3807 1196 3880 γάρ,
1239 3807 1315 3871 ὡς
1361 3807 1594 3878 εἴρηται,
1631 3809 1808 3878 φυγὰς
1840 3809 1920 3872 είς

341 3899 911 3954 Κωνσταντινούπολιν
939 3898 1129 3968 ἐλθὼν,
1161 3899 1344 3953 ἐνθάδε
1371 3899 1656 3970 διέτριϐεν.
1707 3901 1920 3954 Ἀπολι·

339 3989 554 4042 πάντων
611 3989 669 4042 δέ
713 3991 812 4061 τὴν
879 3990 1174 4062 ἐκκλησίαν
1236 3991 1345 4044 τῶν
1397 3991 1538 4062 ἀμφὶ
1583 3993 1918 4064 Δημόφιλον,

339 4078 598 4132 εἰσελθὼν
628 4081 656 4132 ό
684 4079 936 4150 βασιλεὺς
962 4077 1186 4148 ηὔξατο.
1218 4079 1328 4132 Καὶ
1356 4078 1415 4129 τὸ
1445 4077 1503 4142 ἐξ
1534 4077 1762 4143 ἐκείνου,
1793 4083 1920 4144 τοὺς

338 4171 666 4241 εὖκτηρίους
725 4171 903 4234 οἴκους
961 4169 1221 4239 κατέσχον
1280 4171 1326 4220 οἱ
1371 4167 1577 4238 Τριάδα
1635 4170 1918 4239 ὁμοούσιον

344 4261 761 4332 πρεσϐεύοντες.
811 4261 970 4325 Ἔτος
995 4261 1050 4314 δὲ
1087 4259 1244 4312 τοῦτο
1271 4255 1339 4330 ἦν
1369 4260 1426 4312 ἐν
1454 4252 1498 4328 ᾦ
1533 4259 1830 4331 Γρατιανὺς
1858 4261 1919 4316 τὺ

339 4351 618 4422 πέμπτον,
664 4353 758 4406 καὶ
782 4352 1058 4414 Θεοδόσιος
1108 4350 1170 4404 τὸ
1213 4349 1425 4420 πρῶτον
1455 4350 1742 4404 ὑπάτευον.
1779 4353 1916 4404 Τεσ-

337 4441 676 4514 σαρακοστὸν
705 4442 760 4496 δὲ
791 4442 926 4510 (89),
965 4443 1056 4511 ἀφ’
1089 4434 1150 4496 οὗ
1180 4441 1288 4494 τῶν
1335 4439 1642 4512 ἐκκλησιῶν
1685 4442 1916 4514 ἐκράτη-

339 4551 446 4588 σαν
472 4535 522 4588 ol
548 4533 655 4588 ἀπὸ
682 4534 778 4606 τῆς
803 4533 1014 4603 Ἀρείου
1046 4532 1330 4603 αἱρέσεως.

2014 634 2324 706 mophilns;
2351 632 2652 706 Gregorius
2677 648 2806 689 vero
2827 633 3202 694 Nazianzenus
3229 639 3299 694 iis
3325 637 3582 708 praesich

2015 727 2106 782 bat
2138 725 2231 796 qui
2253 725 2578 782 Trinitatem
2608 725 3132 784 consubstantialem
3161 728 3576 800 prolitebantur.

2017 815 2117 872 llic
2145 817 2200 871 in
2247 817 2456 888 exigua
2473 815 2706 887 quadam
2747 816 2941 882 domo,
2987 833 3108 890 quae
3170 832 3267 889 per
3312 817 3579 888 quosdam

2016 905 2264 976 ejusdem
2300 906 2426 962 ﬁdei
2455 907 2726 974 homines,
2757 915 2872 962 tum
2910 907 3037 979 ipsi,
3068 918 3182 965 tum
3215 909 3284 964 iis
3314 910 3404 980 qui
3433 923 3582 964 eam-

2017 996 2141 1052 dem
2204 997 2524 1069 religionem
2599 998 2988 1070 sequebantur,
3041 1001 3098 1054 in
3150 1000 3396 1055 ecclesia:
3457 1012 3582 1068 spc-

2018 1087 2156 1144 ciem
2189 1097 2518 1146 commutata
2549 1089 2752 1158 fuerat,
2781 1089 3037 1147 collectas
3075 1089 3288 1162 agebat.
3319 1089 3578 1161 Sequenti

2017 1194 2148 1235 vero
2201 1187 2466 1250 tempore,
2527 1194 2640 1252 prae
2671 1179 2882 1239 caeteris
2941 1181 3100 1253 regia
3141 1181 3294 1238 urbis
3333 1181 3584 1238 ecclesiis

2019 1273 2253 1330 illustris
2281 1273 2396 1330 haec
2419 1273 2545 1340 fuit,
2569 1281 2624 1329 et
2651 1266 3048 1345 nunc'quoque
3072 1280 3156 1329 est
3181 1291 3205 1328 ι
3245 1289 3356 1328 non
3404 1273 3583 1328 solum

2007 1362 2090 1426 ,ob
2106 1369 2398 1418 structura:
2417 1363 2742 1433 elegantiam
2763 1371 2924 1434 atque
2946 1362 3378 1434 amplitudinem,
3397 1378 3584 1418 verum

2008 1454 2182 1529 etiam
2215 1453 2286 1508 ob
2315 1453 2567 1510 assiduas
2593 1469 2716 1525 quae
2747 1469 2814 1510 ex
2835 1453 3002 1509 divini
3030 1454 3274 1512 numinis
3297 1455 3586 1525 prresentia

2013 1543 2132 1621 illic
2162 1542 2538 1613 percipiuntur
2571 1543 2861 1598 utilitates.
2895 1542 3108 1600 Etenim
3135 1544 3322 1599 divina
3347 1544 3451 1608 vis,
3474 1550 3585 1596 tam

2020 1634 2397 1704 vigilantibus,
2431 1649 2595 1704 quam
2631 1634 2686 1688 in
2738 1635 2968 1699 somnis,
3007 1633 3350 1691 manifestam
3400 1633 3475 1690 ibi
3529 1649 3590 1688 se

2011 1708 2307 1794 exhibens,
2348 1725 2538 1782 multis
2581 1739 2958 1796 saepenumero
3002 1726 3098 1796 qui
3136 1725 3222 1781 vel
3268 1725 3456 1781 morbo
3503 1724 3588 1779 vel

2021 1813 2254 1870 diversis
2285 1813 2505 1884 casibus
2533 1813 2941 1884 premebantur,
2977 1814 3258 1884 suppetias
3288 1814 3431 1868 tulit.
3455 1811 3588 1869 Cre-

2022 1904 2172 1959 ditur
2202 1913 2384 1960 autem
2413 1882 2673 1961 liaiciesse
2701 1918 2856 1960 sacra
2887 1882 3059 1976 Virgo
3080 1882 3249 1958 Maria
3273 1903 3364 1960 Dei
3389 1912 3586 1960 mater.

2023 1994 2116 2050 Sic
2145 1995 2290 2050 enim
2339 2009 2602 2066 apparere
2656 1997 2815 2051 solet.
2877 1994 3051 2052 Porro
3102 1997 3246 2052 hanc
3301 1997 3588 2052 ecclesiam

2018 2083 2366 2139 Anastasiam
2391 2084 2658 2146 nominat,
2683 2085 2754 2139 ob
2797 2084 2872 2152 id,
2897 2098 3017 2141 mea
3037 2085 3260 2156 quidem
3291 2087 3588 2150 sententia,

2019 2175 2162 2246 quod
2189 2173 2420 2232 Nicaense
2450 2175 2642 2248 synodi
2669 2175 2921 2231 doctrina
2953 2191 3048 2247 per
3080 2177 3383 2248 potentiam
3414 2177 3587 2232 hatre-

2021 2267 2254 2322 ticorum
2285 2282 2548 2338 oppressa
2574 2267 2711 2338 jam,
2751 2276 2921 2338 utque
2949 2268 3022 2322 ita
3052 2267 3255 2334 dicam,
3302 2267 3587 2322 intermor-

2020 2361 2134 2422 tua,
2167 2355 2416 2428 Gregorii
2451 2358 2814 2414 concionibus
2846 2359 2899 2414 in
2927 2373 2994 2414 eo
3037 2360 3160 2416 loco
3205 2360 3472 2416 suscitata
3505 2375 3584 2415 re-

2019 2447 2245 2515 vixerit;
2281 2449 2417 2514 sive,
2445 2455 2504 2502 ut
2530 2464 2597 2504 ex
2633 2449 2756 2504 aliis
2787 2449 2994 2516 audivi,
3020 2450 3117 2519 qui
3165 2465 3226 2506 se
3278 2467 3470 2506 verum
3507 2451 3588 2506 di-

2021 2551 2144 2592 cere
2173 2539 2580 2602 asseverabant,
2607 2555 2674 2594 eo
2703 2538 2849 2609 quod
2882 2538 3014 2594 dum
3055 2540 3290 2610 populus
3329 2540 3590 2596 collectas

2021 2627 2096 2682 ibi
2133 2629 2452 2696 celebraret,
2485 2631 2682 2685 mulier
2710 2628 2962 2700 quaedam
2996 2645 3282 2701 praegnans
3329 2647 3396 2687 ex
3429 2646 3583 2702 supe-

2020 2717 2154 2770 riori
2178 2717 2393 2786 porticu
2421 2717 2665 2788 delapsa,
2699 2717 2851 2773 illico
2873 2717 3190 2788 eXSpiravit.
3219 2717 3384 2774 Facta
3405 2729 3591 2775 autem

2021 2807 2092 2861 ab
2125 2807 2379 2864 omnibus
2409 2809 2657 2900 oratione
2681 2824 2844 2880 super
2885 2809 3008 2880 ejus
3049 2809 3260 2870 funere.
3295 2810 3588 2865 confestim

2023 2897 2239 2965 revixit,
2277 2907 2331 2954 et
2367 2897 2639 2956 una'cum
2671 2899 2804 2956 laetu
2831 2909 3047 2958 servata
3072 2909 3178 2957 est.
3210 2901 3288 2956 Ex
3321 2902 3589 2956 miraculo

2023 2985 2192 3056 igitur
2223 2987 2372 3057 quod
2407 2988 2672 3045 divinitus
2724 2989 2838 3045 illic
2891 2993 3219 3062 contigerat,
3287 2992 3444 3048 locus
3502 2991 3588 3046 hic

2023 3077 2282 3148 deinceps
2307 3079 2726 3150 appellationem
2755 3079 2914 3136 istam
2947 3082 3177 3136 sortitus
3203 3089 3304 3136 est.
3335 3079 3402 3135 Et
3427 3081 3594 3150 hujus

2023 3167 2244 3236 quidem
2282 3169 2360 3222 rei
2398 3169 2524 3226 talis
2555 3184 2722 3225 causa
2769 3171 3068 3233 exstitisse,
3128 3171 3424 3226 multorum
3475 3187 3592 3227 ser-

2025 3257 2280 3316 monibus
2315 3260 2616 3315 etiumnum
2655 3271 3010 3318 memoratur.
3042 3261 3312 3318 Caeterum
3355 3263 3583 3332 impera-

2021 3358 2109 3404 tor
2158 3367 2256 3420 per
2310 3353 2726 3408 internuntios‘
2794 3355 3077 3410 mandavit
3138 3353 3496 3426 Demophilo,
3534 3364 3587 3411 ut

2020 3441 2225 3498 Nicami
2276 3444 2502 3498 concilii
2547 3445 2706 3500 tidem
2733 3457 3080 3516 sequeretur,
3129 3454 3186 3502 et
3217 3447 3476 3517 populum
3525 3449 3591 3501 ad

2019 3531 2372 3588 concordiam
2405 3543 2684 3610 revocaret
2705 3554 2718 3589 :
2738 3536 2823 3591 sin
2845 3536 3044 3601 minus,
3067 3537 3316 3593 ecclesiis
3355 3537 3589 3591 cederet.

2021 3617 2126 3686 Qui
2167 3620 2354 3675 statim
2389 3630 2695 3677 convocata
2747 3624 2931 3693 populi
2970 3624 3340 3693 multitudine,
3391 3641 3594 3696 pracoc-

2021 3719 2174 3780 ptutn
2213 3711 2563 3782 imperatoris
2598 3713 2680 3770 eis
2709 3715 2984 3784 exposuit,
3041 3725 3095 3773 et
3127 3717 3390 3786 postridie
3437 3726 3593 3772 extra

2023 3801 2213 3854 urbem
2269 3816 2329 3858 se
2387 3803 2646 3860 collectas
2717 3803 3121 3860 celebraturqu
3191 3806 3590 3875 pronuntiavit.

2021 3891 2502 3962 Quandoquidem,
2561 3895 2765 3965 inquit,
2807 3895 2990 3950 divina
3036 3897 3122 3950 lcx
3171 3897 3366 3966 jubet:
3401 3896 3460 3951 Si
3503 3914 3590 3952 vos

2019 3982 2282 4048 persecuti
2311 3982 2510 4050 fuerint
2531 3997 2594 4036 ea:
2623 3983 2722 4036 hac
2745 3983 2895 4050 urbe,
2929 3983 3097 4054 fugite
3132 3984 3185 4038 in
3213 3985 3378 4038 aliam
3401 3987 3441 4039 ⁸.
3468 3985 3592 4040 llaec

2019 4087 2142 4126 cum
2177 4071 2432 4137 dixisset,
2466 4075 2727 4144 populum
2777 4085 2931 4128 extra
2968 4075 3158 4129 urbem
3189 4075 3447 4145 deinceps
3477 4079 3592 4132 col-

2021 4162 2151 4232 legit
2179 4183 2192 4218 :
2229 4171 2282 4219 et
2315 4180 2417 4218 una
2447 4181 2570 4219 cum
2599 4166 2692 4218 illo
2719 4164 2943 4226 Lucius,
2985 4166 3077 4235 qui
3109 4167 3238 4219 olim
3273 4167 3342 4222 ab
3365 4167 3593 4226 Arianis

2019 4254 2408 4310 Alexandrinae
2433 4257 2680 4312 ecclesiae
2717 4257 3011 4327 episcopus
3035 4257 3211 4312 fuerat
3230 4259 3586 4315 constitutus.

2018 4346 2152 4404 inde
2202 4351 2348 4403 enim
2397 4350 2688 4421 expulsus,
2739 4349 2818 4402 uti
2867 4364 3033 4420 supra
3096 4351 3411 4414 retulimus,
3460 4366 3586 4405 cum

2021 4442 2252 4510 fugisset
2277 4440 2842 4511 Constantinopolim,
2877 4443 2932 4495 in
2971 4455 3036 4496 ea
3077 4442 3214 4496 urbe
3245 4442 3586 4498 morabatur.

1947 4529 2154 4590 DCum
2209 4534 2375 4604 igitur
2436 4532 2788 4603 Demophilus
2843 4549 2950 4589 una
2995 4542 3118 4590 cum
3177 4535 3296 4590 suis
3350 4535 3586 4590 ecclesia

336 4625 721 4690 abscessisset,
761 4626 1058 4696 imperator
1128 4626 1184 4680 in
1227 4640 1346 4679 eam
1405 4624 1710 4694 ingressus,
1765 4624 1931 4680 Deum
2009 4629 2207 4684 oravit.
2253 4629 2434 4698 Atque
2491 4643 2554 4682 ex
2588 4642 2654 4682 eo
2713 4635 2957 4698 tempore
3009 4627 3062 4680 hi
3120 4629 3214 4697 qui
3257 4625 3584 4680 Trinitatem

336 4716 862 4772 consubstantialem
891 4717 1306 4786 proﬁtebantur,
1343 4713 1612 4768 ecclesias
1641 4713 2016 4770 obtinuerunt.
2063 4717 2255 4772 Annus
2273 4725 2454 4770 autem
2519 4715 2606 4770 hic
2626 4723 2765 4781 erat,
2821 4731 2928 4784 quo
2983 4715 3295 4773 Gratianus,
3331 4715 3585 4786 quintum

334 4813 398 4864 et
424 4807 589 4879 284
610 4806 952 4864 Theodosius
981 4807 1214 4878 primum
1257 4805 1605 4862 consulatum
1636 4819 1852 4876 gessere
1878 4823 1891 4858 :

336 4903 375 4958 d
387 4902 706 4972 ragcsimus.

417 5083 431 5114 ¹
467 5081 621 5139 Socr.
656 5081 752 5138 lib.
782 5096 853 5147 tv,
881 5096 928 5136 c.
975 5081 1022 5134 7.
1100 5081 1118 5112 ’
1148 5079 1340 5137 Matth.
1375 5095 1430 5148 Χ,
1455 5077 1544 5134 25.

1969 4821 2034 4860 ex
2069 4823 2177 4877 quo
2226 4823 2356 4862 vero
2411 4808 2596 4862 Ariani
2637 4807 2903 4864 ecclesias
2950 4817 3381 4878 occupaverant,
3447 4823 3583 4878 qua-

1514 5234 1782 5294 VALESII
1817 5236 1906 5292 AN
1913 5235 2372 5296 NOTATIONES.

414 5336 526 5406 (S9)
569 5333 1177 5406 T800ttpax00‘tdr_6é.
1218 5332 1363 5406 Idem
1392 5347 1612 5406 quoque
1665 5343 1902 5406 testatur
2007 5334 2428 5406 tinopiolitanam
2459 5333 2818 5406 obtinuerunt
2851 5334 3042 5406 Ariani
3067 5335 3180 5406 jam
3210 5336 3398 5406 indea
3433 5335 3578 5390 (Ion-

335 5403 912 5472 Ma‘rcelliiitislmtnes
941 5409 992 5456 in
1035 5404 1334 5457 Chronico:
1368 5403 1502 5472 Aug.
1543 5420 1594 5468 v,
1637 5413 1685 5457 et
1733 5405 1900 5459 Theo-

330 5479 488 5529 dosio
519 5477 740 5544 primum
773 5492 908 5527 coss.
944 5473 1044 5544 llis
1079 5473 1390 5544 consulibus
1429 5472 1752 5528 Theodosius
1781 5474 1899 5528 Ma-

329 5564 492 5614 guns,
515 5541 792 5614 postquam
821 5543 884 5598 de
923 5542 1192 5614 Scythicis
1229 5541 1468 5614 gentibus
1523 5544 1896 5614 triumphauit,

2008 5403 2199 5458 stantii
2249 5405 2607 5471 temporibus,
2665 5413 2796 5460 tunc
2834 5421 2954 5458 cum
2991 5403 3258 5460 Eusebius
3320 5405 3576 5460 Nicome—

2003 5473 2212 5528 diensis
2242 5473 2566 5542 episeOpus,
2607 5474 2786 5542 ejecto
2847 5475 3038 5536 Paulo,
3092 5490 3212 5529 eam
3256 5475 3438 5530 sedem
3474 5475 3578 5527 ob-

2007 5543 2194 5612 tinuit.
2229 5541 2385 5607 Quod
2419 5543 2620 5596 factum
2649 5559 2772 5598 esse
2796 5559 2940 5596 anno
2963 5543 3166 5598 Christi
3193 5543 3576 5612 circit0t'7559,

329 5609 571 5681 erputs'is
601 5609 846 5668 coruiuuu
879 5613 942 5665 ab
967 5609 1377 5682 orthodoxorum
1405 5610 1645 5682 Ecclesia
1681 5613 1897 5667 Arianis
2005 5611 2168 5666 docui
2205 5612 2258 5666 in
2293 5612 2386 5666 lib.
2425 5627 2484 5675 tt,
2517 5628 2638 5682 cap.
2674 5613 2708 5667 5
2739 5613 3178 5667 Observationum
3246 5609 3571 5682 eccles‘iastiQ

329 5688 426 5754 qui
455 5701 572 5739 eam
597 5702 687 5754 per
725 5687 794 5738 40
840 5685 1008 5754 ferme
1039 5697 1201 5754 annus
1243 5681 1336 5754 sub
1368 5681 1584 5754 Ariuiiis
1625 5683 1900 5754 imperato-

331 5749 484 5808 ribus
518 5749 808 5815 tenuerunt,
840 5749 1037 5806 nostris
1077 5751 1348 5802 rutlmlicis
1391 5749 1709 5802 orthoduitus
1743 5753 1896 5805 resti-

333 5826 440 5878 tuit
473 5826 752 5893 imperatur
791 5841 956 5878 mense
989 5821 1273 5875 Dercm'n‘i.
1305 5820 1599 5876 Ecclesium
1638 5821 1901 5876 (ἒυιιδιιιιι-

2006 5697 2209 5751 rerum.
2248 5681 2329 5736 Ab
2362 5681 2464 5735 hoc
2488 5679 2633 5734 anno
2656 5698 2830 5751 usque
2864 5682 2928 5734 ad
2963 5683 3194 5748 primum
3227 5679 3574 5751 consulatum

2009 5749 2326 5814 Theodosii,
2375 5753 2464 5820 qui
2529 5752 2628 5804 l'uit
2663 5746 2803 5804 anno
2836 5746 3039 5804 Clll‘l-Sli
3076 5751 3202 5814 580,
3260 5746 3385 5802 anni
3447 5758 3576 5803 sunt

2015 5821 2398 5890 quadraginta,
2436 5831 2488 5876 et
2521 5825 2662 5890 quod
2695 5821 2935 5874 excurrit
