4066 6338
307 378 442 435 1429

1256 377 1586 438 HISTORIA
1645 382 2202 447 ECCLESIASTICA;
2267 387 2596 445 —LlB.Vll.

3410 389 3548 446 M30

301 496 488 552 λεσθαι
531 498 623 551 τὸν
670 496 981 569 πρεσϐύτην
1018 497 1685 570 ὑδριστικῶς“ὲκέλευσεν.
1733 505 1794 558 '0
1820 504 1879 559 δὲ

2009 509 2331 578 mperaloris
2367 518 2548 563 autem
2594 507 2762 562 lilium
2795 508 2887 578 qui
2923 522 3028 562 una
3063 522 3189 563 eum
3222 516 3377 579 patre
3408 508 3547 564 resi-

303 590 684 660 ὠστιζόμενος,
717 591 1073 662 ἐπιστραφεὶς
1098 588 1271 647 εἷπεψ
1307 591 1466 648 Οὕτω
1495 594 1561 668 δὴ
1588 596 1806 668 νόμισον
1829 592 1876 652 ὣ

2005 596 2182 662 lebat,
2260 597 2691 669 haudquaquam
2740 598 2905 653 simili
2952 598 3164 655 honore
3218 607 3547 669 prosecutus

304 678 547 753 βασιλεῦ,
590 679 688 733 καὶ
726 679 823 734 τὸν
851 680 1101 750 οὐράνιον
1130 683 1354 754 Πατέρα
1381 685 1708 752 ἀγανακτεῖν
1741 689 1878 759 πρὸς

2005 693 2064 741 :st
2089 703 2102 751 ;
2133 686 2229 741 sed
2255 687 2479 757 propius
2498 685 2793 750 accedens,
2816 686 2963 742 velut
2984 685 3053 741 ad
3073 701 3335 757 puerum:
3366 682 3548 751 Salve,

298 770 427 835 τοὺς
465 770 734 840 ἀνομοίως
783 771 874 825 τὸν
906 772 1037 827 Υίὸν
1078 774 1377 844 τιμῶντας,
1414 777 1508 830 καὶ
1535 778 1736 849 ἥττονα
1760 780 1880 833 τολ-

1980 775 2181 846 inquit,
2217 776 2314 843 ﬁli,
2346 792 2582 848 eumque
2616 776 2786 847 digito
2817 776 3128 833 demulcere
3174 777 3362 847 coepit.
3409 775 3550 830 Tum

221 884 227 893 -
307 861 527 933 μῶντας
572 863 867 918 ἀποκαλεῖν
911 865 1007 919 τοῦ
1059 868 1433 938 γεννήσαντος.
1494 870 1779 937 Ἀγασθεὶς
1825 870 1882 924 δὲ

2005 883 2113 923 ιρι-ο
2145 868 2441 938 imperator
2470 877 2802 936 commotus,
2824 879 2878 925 et
2905 878 3165 939 tanquam
3192 869 3261 925 ob
3285 868 3548 937 iniuriam

301 955 396 1007 ἐπὶ
446 954 528 1024 τῷ
576 955 859 1026 εἰρημένῳ
904 957 936 1009 6
981 956 1273 1028 βασιλεὺς,
1345 960 1744 1031 μετεκαλέσατο
1791 959 1883 1013 τὸν

303 1043 474 1115 ἱερέα,
501 1045 597 1098 καὶ
629 1045 959 1119 συγγνώμην
1003 1048 1142 1118 ᾔτει,
1196 1050 1291 1104 καὶ
1340 1051 1555 1122 ἀληθῶς
1604 1053 1884 1124 εἰρηκέναι

1987 959 2100 1015 filio
2135 958 2334 1014 factam
2365 959 2705 1030 indignatus,
2737 959 2886 1030 quod
2918 974 3025 1015 non
3081 960 3226 1031 pari,
3266 973 3376 1031 quo
3410 959 3549 1027 ipse.

1989 1049 2197 1103 honore
2218 1047 2448 1103 aﬂ'ectus
2476 1048 2691 1114 fuisset,
2715 1064 2901 1106 senem
2924 1049 3320 1107 contumeliose
3353 1047 3553 1118 expelli

303 1134 692 1203 συνωμολόγει.
771 1137 884 1190 Καὶ
964 1138 1365 1210 ἀσφαλέστερος
1424 1141 1715 1212 γενόμενος
1737 1181 1753 1206 ,
1816 1144 1876 1196 ού

2011 1137 2169 1193 ussit.
2201 1135 2307 1202 Qui
2354 1136 2482 1192 dum
2537 1138 2957 1206 exturbaretur,
3009 1155 3312 1197 conversus
3368 1138 3550 1193 dixit:

302 1223 560 1293 προσίετο
603 1226 729 1290 τοὺς
760 1227 912 1298 παρὰ
950 1227 1108 1283 τοῦτο
1144 1229 1484 1296 δοξάζοντας.
1522 1233 1632 1286 Καὶ
1659 1232 1758 1298 τὰς
1790 1234 1879 1288 ἐπ’

303 1316 516 1387 ἀγορᾶς
540 1314 721 1388 ἔριδας
758 1318 850 1372 καὶ
889 1319 1136 1383 συνόδους
1164 1320 1543 1394 ἀπηγόρευσεο
1585 1322 1679 1376 καὶ
1707 1321 1883 1375 διαλέ-

303 1406 501 1474 γεσθαι
544 1408 636 1463 τὸν
679 1409 843 1465 αὐτὸν
889 1411 1092 1482 τρόπον
1132 1414 1261 1483 περί⁸
1291 1413 1481 1477 οὐσίας
1528 1415 1622 1468 καὶ
1666 1412 1881 1484 φύσεως

303 1497 468 1564 Θεοῦ,
511 1499 613 1554 οὐκ
655 1501 934 1556 ἀκίνδυνον
975 1503 1229 1569 ἐποιεῖτο,
1276 1504 1440 1575 νόμον
1485 1504 1711 1577 θέμενος
1756 1504 1886 1579 περὶ

301 1588 523 1656 τούτου,
556 1590 653 1645 καὶ
679 1592 949 1665 τιμωρίαν
977 1593 1188 1664 ὁρίσας.

1989 1232 2114 1286 Pari
2146 1230 2332 1296 modo,
2378 1230 2697 1301 imperator,
2747 1229 3025 1286 caelestem
3076 1245 3294 1303 quoque
3337 1228 3554 1284 Patrem

1989 1336 2327 1393 succensere,
2347 1322 2415 1378 iis
2449 1322 2729 1387 existima,
2765 1322 2859 1393 qui
2899 1320 3097 1377 Filium
3134 1321 3310 1393 ipsius
3347 1317 3556 1390 dispari

1987 1413 2137 1468 cultu
2198 1389 2551 1477 venerantur,
2575 1424 2629 1467 et
2662 1411 2930 1469 Genitore
2976 1428 3078 1469 suo
3131 1415 3400 1470 minorem
3429 1427 3555 1488 eum

1991 1504 2265 1575 appellare
2296 1519 2403 1558 nou
2436 1503 2711 1559 dubitant.
2743 1502 2900 1571 Quod
2927 1506 3138 1561 dictum
3189 1506 3422 1563 miratus
3455 1504 3558 1557 im-

1989 1602 2229 1666 perator,
2271 1595 2610 1650 sacerdmem
2652 1597 2966 1662 revocavit,
3005 1596 3332 1669 veniamque
3380 1595 3449 1651 ab
3494 1609 3560 1649 eo

303 1687 511 1755 petiit,
542 1701 782 1756 veraque
808 1686 963 1741 illum
1003 1686 1211 1743 dixisse
1238 1686 1529 1745 confessus
1562 1696 1669 1746 est.
1711 1690 1889 1760 Atque
1926 1687 2126 1743 exinde
2154 1685 2372 1740 cautior
2394 1684 2592 1751 factus,
2623 1702 2719 1742 eos
2748 1688 2842 1758 qui
2881 1688 3040 1743 aliter
3107 1690 3378 1745 sentirent
3448 1704 3558 1742 non

306 1774 560 1830 admisit.
582 1773 980 1832 Contentiunes
1003 1790 1228 1846 quoque
1247 1786 1304 1834 et
1323 1786 1501 1834 enatus
1529 1778 1585 1834 in
1624 1778 1743 1835 foro
1804 1779 1919 1835 fieri
1958 1778 2172 1833 vetuit;

2248 1784 2418 1846 utque
2467 1775 2535 1830 de
2583 1784 2778 1831 natura
2819 1785 2874 1832 et
2921 1778 3228 1833 substantia
3263 1777 3354 1833 Dei
3398 1779 3560 1835 solito

306 1884 469 1926 more
501 1870 786 1941 disputare
816 1870 1244 1941 haudquaquam
1272 1881 1452 1929 tutum
1482 1881 1650 1942 esset,
1676 1873 1878 1941 eﬁ‘ecit,
1919 1875 2028 1928 lata
2061 1872 2202 1951 lege,
2232 1880 2287 1927 et
2327 1883 2488 1941 poena
2528 1869 2583 1925 in
2614 1884 2732 1926 eam
2768 1884 2882 1925 rem
2917 1872 3240 1927 constituta.

925 1965 1175 2019 ΚΕΦΑΛ.
1217 1966 1291 2020 Ζ¹.

304 2055 454 2126 Περὶ
482 2053 592 2125 τῆς
621 2053 905 2126 δευτέρας
932 2055 1106 2126 ἁγίας
1145 2057 1564 2126 οὶκουμενικῆς
1601 2058 1891 2123 συνόδου,

420 2129 525 2196 (ξεν
546 2124 549 2125 ⁷
570 2124 668 2177 καὶ
704 2124 802 2196 ista
846 2125 1028 2179 ποίαν
1057 2126 1254 2196 αἰτίαν
1280 2124 1573 2195 σίυνέστῇ.
1623 2129 1732 2182 Kal
1760 2128 1893 2196 περὶ

382 2192 496 2261 τῆς
525 2194 938 2263 παραιτήσεως
966 2195 1295 2265 Γρηγορίου
1327 2196 1434 2251 τοῦ
1466 2192 1782 2269 Θεολόγου.

393 2286 486 2339 Ἐν
506 2285 660 2356 τάχει
683 2302 742 2339 τε
765 2286 859 2339 καὶ
882 2286 1096 2340 σύνοδον
1119 2287 1434 2342 ἐπισκόπων
1457 2290 1727 2361 ὁμοδόξων
1747 2288 1895 2360 αὐτῷ

304 2375 639 2433 συνεκάλεσε
659 2378 705 2443 ε,
737 2376 1078 2449 βεδαιότητός
1098 2395 1157 2431 τε
1173 2378 1336 2432 ἕνεκα
1354 2380 1460 2432 τῶν
1480 2382 1539 2434 ὲν
1562 2381 1765 2452 Νικαίᾳ
1806 2380 1895 2436 δο-

306 2468 542 2534 ξάντων,
565 2467 660 2521 καὶ
687 2469 1019 2538 χειροτονίας
1049 2469 1143 2523 τοῦ
1168 2470 1448 2540 μέλλοντος,
1464 2473 1781 2526 ἐπισκοπεῖν
1806 2472 1897 2525 τὸν

305 2559 939 2623 Κωνσταντινουπόλεως
960 2559 1164 2631 θρόνον.
1208 2560 1527 2615 ’Υπολαϐὼν
1556 2562 1613 2615 δὲ
1635 2561 1897 2617 δύνασθαι

306 2651 553 2720 συνάψαι
608 2653 673 2721 τῇ
724 2650 950 2704 καθόλου
998 2651 1297 2722 Ἐκκλησία
1360 2654 1487 2716 τοὺς
1533 2652 1900 2723 καλουμένους

305 2741 774 2805 Μακεδονιανοὺς,
820 2740 896 2803 ὡς
937 2741 1012 2812 μὴ
1049 2741 1180 2812 περὶ
1214 2741 1355 2812 μέγα
1384 2759 1438 2795 τι
1482 2742 1899 2815 διαφερομένους
1918 2796 1934 2824 ί

307 2835 371 2886 ὲν
400 2834 473 2902 τῇ
516 2832 657 2884 κατὰ
699 2831 761 2884 τὸ
806 2831 982 2902 δόγμα
1019 2830 1267 2903 ζητήσει,
1301 2833 1623 2888 συνεκάλεσε
1657 2835 1751 2887 καὶ
1777 2833 1901 2887 τού-

305 2937 466 2984 τους.
490 2920 757 2991 Συνῖςλθον
778 2917 888 2987 οὖν,
919 2923 982 2975 ἐκ
1006 2923 1102 2992 μὲν
1131 2921 1240 2977 τῶν
1269 2922 1552 2994 όμοούσιον
1572 2924 1669 2995 τὴν
1699 2923 1903 2994 Τριάδα

306 3009 671 3076 δοξαζόντων,
706 3012 848 3082 ἀμφὶ
893 3011 1086 3065 ἑκατὸν
1131 3014 1226 3067 καὶ
1274 3014 1612 3084 πεντήκοντα
1635 3028 1648 3042 ·
1706 3013 1816 3067 τῶν
1847 3013 1904 3067 δὲ

310 3100 434 3153 ἀπὸ
462 3102 557 3170 τῆς
584 3099 917 3153 Μακεδονίου
950 3101 1234 3171 αἱρέσεως,
1267 3100 1328 3165 ἓξ
1359 3102 1454 3154 καὶ
1482 3102 1797 3173 τριάκοντα,
1829 3096 1904 3156 ὧν

311 3191 366 3241 oi
399 3188 623 3251 πλείους
653 3187 948 3258 ἐτύγχανον
981 3190 1045 3241 ὲκ
1083 3188 1190 3243 τῶν
1224 3190 1351 3259 περὶ
1384 3190 1475 3244 τὸν
1518 3191 1905 3263 Ἑλλήσποντον

2629 1963 2784 2020 CAP.
2819 1961 2928 2018 Vll.

1996 2055 2073 2111 De
2119 2054 2351 2111 secunda
2390 2054 2691 2138 universali.
2737 2057 2939 2179 εέηοάο
2965 2071 2984 2110 .°
3021 2055 3159 2109 unde
3211 2064 3261 2109 et
3288 2072 3469 2138 quam.
3501 2055 3563 2108 ob

2062 2141 2284 2179 causam
2306 2136 2623 2179 conareaata
2642 2134 2733 2179 stt.
2808 2125 2907 2179 tde
2922 2135 3214 2179 snentanea
3234 2126 3563 2179 abdicatione

2062 2141 2284 2196 causam
2306 2136 2623 2196 congregata
2642 2126 2733 2180 sit.
2758 2124 2825 2179 Et
2843 2125 2907 2180 de
2922 2135 3214 2195 spontanea
3234 2124 3567 2179 abdicatione

2066 2194 2304 2266 Gregorii
2337 2194 2608 2265 Tlt’eologi.

2067 2285 2177 2344 Nec
2209 2287 2384 2345 multo
2415 2294 2560 2357 post,
2594 2286 2981 2357 episcoporum
3013 2284 3420 2341 communionis
3454 2298 3568 2341 sua:

1998 2379 2271 2450 synodum
2323 2378 2669 2443 convocavit,
2704 2386 2817 2432 tum
2872 2385 2931 2432 ut
2959 2376 3164 2430 Niczeni
3213 2375 3435 2430 concilii
3471 2372 3568 2429 de-

1999 2477 2149 2527 creta
2178 2471 2664 2534 confirmarentur,
2696 2478 2810 2523 tum
2848 2477 2909 2523 ut
2938 2467 3575 2535 Constantinopolitanae

1999 2561 2147 2617 sedis
2171 2560 2463 2630 episcopus
2495 2559 2925 2615 constitueretur
2950 2559 2990 2612 ί.
3019 2556 3266 2625 Cumque
3291 2556 3574 2610 existima-

2000 2659 2085 2705 ret
2115 2663 2213 2705 eos
2239 2649 2332 2718 qui
2360 2647 2733 2704 Macedoniam
2777 2646 3060 2711 dicuntur,
3100 2644 3355 2701 Ecclesia:
3386 2647 3575 2700 catho-

2000 2741 2117 2796 licae
2149 2739 2312 2795 facile
2341 2738 2565 2809 adjungi
2600 2752 2782 2808 posse,
2827 2737 3032 2807 quippe
3066 2736 3162 2806 qui
3211 2737 3266 2790 in
3326 2735 3576 2789 doctrina

2001 2831 2134 2888 fidei
2165 2847 2276 2887 non
2330 2844 2662 2900 magnopere
2711 2829 3065 2895 dissiderent,
3104 2829 3210 2882 hos
3254 2827 3419 2882 etiam
3452 2841 3577 2882 cum

2003 2922 2218 2978 caeteris
2242 2920 2511 2976 evocavit.
2542 2917 2623 2973 Ex
2652 2917 2720 2974 iis
2749 2917 2919 2988 igitur
2946 2916 3042 2986 qui
3072 2914 3400 2970 Trinitatem
3443 2928 3580 2967 con-

2004 3013 2421 3073 substantialem
2471 3010 2893 3082 profitebantur,
2942 3016 3324 3064 convenerunt
3351 3012 3519 3061 centu
3545 3021 3576 3057 ιι

2003 3107 2227 3162 circiter
2253 3112 2309 3162 et
2342 3103 2779 3175 quinquaginta,
2849 3117 2915 3157 ex
2965 3100 3377 3156 Macedonianis
3426 3110 3579 3158 vero,

2008 3208 2101 3248 sex
2128 3200 2183 3247 et
2211 3192 2471 3262 triginta:
2516 3205 2751 3262 quorum
2783 3190 3036 3260 plerique
3088 3199 3247 3245 erant
3279 3204 3350 3244 ex
3387 3188 3582 3244 civita-

312 3279 555 3333 πόλεων.
586 3278 864 3346 ”Ἦγο’ύντο
913 3278 969 3332 δὲ
1011 3278 1214 3332 τούτων
1261 3279 1530 3345 Ἐλεύσιος
1575 3283 1603 3334 ό
1638 3281 1900 3348 Κυζίκου,

2007 3283 2156 3339 tibus
2207 3282 2355 3337 circa
2421 3282 2840 3352 Hellespontum
2906 3282 3049 3338 sitis.
3084 3280 3365 3335 Praeerant
3400 3288 3582 3333 autem

314 3372 420 3426 καὶ
454 3364 765 3442 Μαρκιανὸς
793 3369 821 3422 6
866 3369 1170 3440 Λαμψάκου
1197 3386 1210 3401 ·
1260 3370 1383 3425 τῶν’
1417 3371 1475 3424 δὲ
1524 3371 1698 3427 ἄλλων
1742 3373 1910 3444 Τιμό-

314 3462 469 3526 θεος,
510 3462 538 3514 6
585 3460 694 3514 τῶν
733 3460 1126 3533 Ἀλεξανδρέων
1177 3461 1378 3516 διέπων
1424 3462 1645 3533 θρόνον,
1695 3464 1757 3516 ού
1803 3465 1913 3536 πρὸ

314 3551 526 3606 πολλοῦ
560 3551 978 3621 τετελευτηκότα
1024 3551 1264 3623 Πέτρον,
1307 3551 1534 3623 ἀδελφὸν
1574 3553 1702 3608 ὄντα
1744 3554 1910 3609 αὑτοῦ

314 3642 710 3713 διαδεξάμενος
730 3659 744 3673 ’
778 3642 870 3695 καὶ
901 3642 1159 3707 Μελέτιος
1183 3645 1210 3696 6
1237 3645 1568 3715 Ἀντιοχείας
1592 3646 1909 3714 ἐπίσκοπος,

317 3734 432 3807 ἤδη
470 3732 658 3804 πρώην
686 3735 765 3796 είς
785 3734 1354 3789 Κωνσταντινούπολιν
1379 3735 1471 3790 διὰ
1491 3737 1591 3808 τὴν
1611 3735 1911 3807 Γρηγορίου

319 3824 669 3879 κατάστασιν
710 3826 1039 3895 ἀφικόμενος
1062 3842 1077 3857 ·
1126 3827 1222 3879 καὶ
1251 3827 1518 3897 Κύριλλος
1549 3830 1578 3881 6
1623 3827 1915 3899 Ἰεροσολύ-

322 3932 475 3981 μων,
512 3914 906 3985 μεταμεληθεὶς
925 3917 1069 3980 τότε,
1097 3918 1178 3969 ὅτι
1206 3919 1466 3989 πρότερον
1491 3919 1558 3971 τὰ
1582 3919 1915 3974 Μακεδονία)

318 4005 575 4074 ἐφρόνει.
623 4007 729 4058 Σὺν
774 4006 983 4070 τούτοις
1018 4008 1073 4061 δὲ
1105 4004 1267 4078 ἦσαν,
1311 4009 1582 4080 Ἀσχόλιός
1626 4028 1684 4064 τε
1724 4014 1753 4065 ό
1782 4012 1915 4066 Θεσ-

322 4096 650 4166 σαλονίκης,
681 4097 777 4150 καὶ
820 4098 1082 4167 Διόδωρος
1124 4101 1153 4152 6
1191 4100 1425 4171 Ταρσοῦ,
1470 4102 1566 4155 καὶ
1598 4102 1852 4167 Ἀκάκιος
1887 4104 1917 4156 6

324 4187 584 4260 Βεροίας.
618 4188 680 4241 Οἳ
713 4188 777 4259 δὴ
807 4188 1008 4253 πάντες
1033 4190 1311 4245 ἐπαινέται
1342 4194 1703 4262 τυγχάνοντες
1733 4194 1832 4265 τῆς
1858 4195 1917 4249 ὲν

322 4279 548 4351 Νικαίᾳ
574 4279 963 4352 βεϐαιωθείσης
985 4283 1221 4354 γραφῆς,
1244 4283 1448 4337 ἐδέοντο
1474 4285 1654 4352 σφίσιν
1674 4285 1916 4355 ὁμογνώ-

327 4388 513 4442 μονας
550 4370 805 4439 γενέσθαι
833 4373 960 4435 τοὺς
991 4374 1134 4443 ἀμφὶ
1157 4373 1448 4436 Ἐλεύσιον,
1477 4375 1919 4446 ἀναμιμνήσκον-

323 4478 431 4523 τες
462 4455 538 4515 ὧν
570 4478 628 4513 τε
662 4461 798 4532 πρὸς
838 4462 1089 4533 Λιὸέριον
1127 4464 1563 4535 ἐπρεσϐεύσαντο
1592 4467 1686 4519 καὶ
1714 4467 1918 4537 ὡμολό-

324 4569 522 4624 γησαν
564 4552 652 4607 διὰ
680 4553 1002 4618 Εὑσταθίου,
1048 4556 1142 4609 καὶ
1170 4556 1451 4625 Σιλὸανοῦ,
1495 4559 1589 4611 καὶ
1636 4558 1915 4629 Θεοφίλου,

1996 3372 2129 3439 istis
2158 3370 2412 3427 Eleusius
2440 3370 2768 3442 Cyziceuus,
2812 3380 2867 3426 et
2914 3369 3225 3426 Marcianus
3256 3368 3585 3440 Lampsace-

2010 3479 2137 3519 nus.
2194 3462 2420 3519 Caeteris
2477 3478 2608 3518 vero
2637 3462 2960 3519 Timotheus
3002 3460 3385 3518 Alexandrina:
3436 3457 3588 3513 sedis

2011 3556 2246 3610 antistes
2281 3554 2632 3625 pmsidebat,
2660 3554 2755 3624 qui
2790 3555 2957 3624 paulo
3008 3562 3169 3608 antea
3207 3550 3370 3607 Petro
3430 3549 3585 3605 fratri

2012 3660 2115 3702 suo
2145 3661 2213 3701 ex
2233 3645 2336 3700 bac
2363 3647 2488 3701 luce
2516 3645 2756 3709 sublato,
2780 3644 2834 3699 in
2863 3645 3184 3716 episcopatu
3202 3650 3583 3699 successerat:

2011 3749 2218 3795 etcum
2249 3752 2314 3793 eo
2350 3737 2598 3793 Meletius
2628 3738 2921 3807 episcopus
2966 3735 3293 3802 Antiochiae,
3351 3735 3446 3805 qui
3474 3750 3585 3788 non

2012 3831 2089 3885 ita
2120 3829 2324 3884 dudum
2361 3830 2726 3885 ordinationis
2778 3829 3026 3899 Gregorii
3075 3843 3241 3883 causa
3272 3827 3588 3883 Constanti-

2013 3919 2253 3988 nopolim
2280 3918 2614 3974 advenerat:
2651 3928 2704 3973 et
2732 3917 2974 3989 Cyrillus
3004 3918 3299 3986 episcopus
3331 3916 3590 3973 Hieroso-

2014 4008 2310 4079 lymorum,
2354 4008 2675 4079 poenitentia
2715 4017 2829 4062 tum
2889 4008 3092 4062 ductus
3155 4007 3302 4077 quod
3336 4008 3587 4077 opinioni

2015 4096 2319 4155 Macedonii
2358 4098 2595 4153 antehac
2627 4098 2969 4154 adhaesisset.
3002 4098 3245 4152 Aderant
3287 4112 3397 4151 una
3461 4114 3585 4151 euzn

2017 4192 2141 4247 istis
2189 4191 2484 4246 Aseholius
2514 4190 2944 4256 Thessalonicae,
2991 4189 3257 4246 Diodorus
3301 4189 3481 4257 Tarsi,
3533 4198 3589 4244 et

2017 4282 2183 4353 286
2204 4280 2439 4337 Aeacius
2478 4281 2682 4335 Berwa:
2728 4281 3040 4351 episcopus.
3074 4280 3179 4347 Qui
3213 4282 3434 4352 quidem
3467 4296 3589 4335 ein-

2018 4390 2118 4429 nes
2149 4390 2273 4430 cum
2305 4374 2430 4429 fidei
2473 4374 2764 4429 formulam
2804 4374 2857 4427 in
2892 4374 3129 4428 concilio
3196 4373 3417 4428 Nicaeno
3458 4388 3594 4428 con-

2019 4464 2280 4533 scriptam
2305 4462 2696 4533 approbarent,
2724 4460 2896 4517 abhis
2918 4463 3010 4533 qui
3041 4478 3162 4517 cum
3192 4462 3413 4518 Eleusin
3434 4469 3590 4516 erant

2019 4556 2451 4619 contenderunt,
2510 4562 2571 4609 ut
2629 4568 2755 4609 cum
2792 4554 2929 4624 ipsis
2977 4554 3294 4610 consentire
3346 4554 3589 4609 vellent:

322 4641 413 4704 ὡς
466 4640 700 4711 εἴρηται.
755 4641 920 4697 Ἀλλὰ
967 4646 1018 4697 oi
1075 4645 1206 4715 μὲν,
1259 4648 1465 4717 μήποτε
1508 4627 1791 4718 ὁμοούσιον
1840 4648 1904 4719 τᾷ

2026 4656 2350 4703 revocantes
2388 4645 2496 4701 illis
2529 4645 2584 4700 in
2619 4647 2941 4701 memoriam
2976 4646 3303 4716 legationem
3330 4660 3497 4715 quam
3523 4642 3591 4698 ad

323 4732 522 4802 Πατρὶ
547 4731 636 4786 τὸν
668 4732 793 4785 Υίὺν
824 4733 1065 4801 δοξάζειν
1111 4737 1407 4805 ἀναφανδὸν
1439 4739 1702 4802 εἰπόντες,
1745 4741 1794 4792 εί
1827 4740 1919 4793 καὶ

324 4822 564 4877 ἐναντία
596 4825 716 4887 ταῖς
747 4825 883 4895 πρὸς
910 4826 1160 4898 Λιὸέριον
1191 4829 1502 4899 ὁμολογίαις
1530 4830 1747 4901 ἐροῦσιν
1781 4830 1917 4903 (94),

297 5007 303 5013 ‘
412 5002 430 5033 ¹
465 5000 618 5057 Socr.
648 5003 739 5057 lib.
772 5019 824 5072 v,
851 5017 903 5059 e.
920 5003 973 5059 8.

2024 4736 2300 4793 Liberium
2355 4737 2640 4802 miserant,
2686 4742 2740 4791 et
2794 4737 3146 4806 sponsionem
3201 4751 3367 4806 quam
3412 4735 3591 4789 eidem

2024 4830 2270 4886 fecerant
2297 4845 2392 4900 per
2418 4828 2784 4896 Eustathium,
2813 4826 3094 4884 Silvanum
3118 4842 3182 4885 ac
3206 4826 3593 4899 Theophilum,

1477 5184 1743 5241 VALESII
1795 5185 2344 5248 ANNOTATIONES.

415 5298 538 5369 (94)
570 5297 764 5369 Είίκαί
795 5298 1045 5369 ,ἐναντία
1075 5298 1203 5364 ταῖς
1229 5298 1385 5369 πρὸς
1413 5298 1682 5367 Λιϐἐριον
1708 5302 1922 5368 ὁμολο-

332 5366 513 5460 7:qu
538 5368 762 5460 ἐροῦςι.
794 5366 900 5460 Pro
927 5370 1093 5460 verLbo
1127 5368 1311 5460 ἐροῦσι
1346 5366 1690 5460 Nice'pherus
1736 5366 1917 5460 posuit

331 5438 531 5503 εἶπον,
556 5440 701 5509 quod
725 5438 973 5493 eumdem
1006 5438 1170 5493 habet
1193 5453 1437 5494 sensum.
1469 5438 1536 5493 Et
1567 5439 1709 5495 hanc
1733 5440 1917 5496 lectio-

2028 5318 2150 5357 nem
2184 5307 2366 5382 secuti
2396 5308 2651 5365 videntur
2705 5309 3057 5382 interpretes.
3096 5307 3206 5382 Nos
3253 5316 3432 5363 tamen
3474 5304 3594 5358 vul-

2036 5385 2214 5445 gatam
2262 5377 2593 5448 scripturam
2646 5377 2870 5438 minime
2912 5380 3262 5451 rejieiendam
3312 5386 3587 5447 putamus.

1769 5618 2149 5679 VARIORUM.

425 5715 456 5755 8
487 5713 751 5790 tergeo?»
779 5712 1172 5790 ςζυνεκιξτιεσε.
1231 5711 1413 5790 Mense
1447 5712 1586 5769 Maio
1634 5718 1763 5770 anni
1830 5715 1898 5770 58

2005 5717 2171 5790 inquit
2198 5722 2427 5779 Caveus.
2502 5718 2601 5776 Cui
2663 5717 2938 5772 consentit
2989 5715 3114 5769 Ant.
3182 5709 3308 5781 Pagi
3348 5709 3412 5763 ad
3468 5723 3589 5763 eum

336 5797 588 5841 annum.
626 5784 759 5841 Vide
791 5784 944 5839 Socr.
977 5783 1070 5837 lib.
1107 5798 1158 5847 ν,
1198 5796 1319 5852 cap.
1354 5783 1407 5837 8.
