4066 6338
606 263 739 319 “Si

2075 265 2419 329 SOZOMENI

3673 290 3782 346 1452

603 385 750 438 sicut
781 390 939 438 antea
988 383 1194 437 dictum
1260 391 1362 439 est.
1402 382 1603 438 Verum
1645 385 1720 438 illi
1783 401 1908 439 cum
1968 385 2165 442 diserte

2276 391 2656 464 ἀπεδήμησαν.
2726 395 2836 449 Καὶ
2894 397 3007 458 τοῖς
3067 396 3211 450 κατὰ
3257 396 3407 451 πόλιν
3458 400 3782 474 δμοᾳρονοῦσιν

604 476 987 543 aﬂirmassent,
1017 491 1296 546 nunquam
1333 492 1392 532 se
1438 478 1964 534 consubstantialem
2026 480 2175 534 Patri

603 567 800 622 Filium
830 576 1150 624 asserturos
1178 584 1321 632 esse,
1350 569 1565 624 etiamsi
1625 573 1901 626 contraria
1932 573 2000 627 iis
2054 588 2176 643 quae

601 655 823 711 Liberio
845 657 1078 727 polliciti
1106 657 1326 713 fuerant
1348 658 1552 714 dicturi
1576 660 2171 739 essentdiscesserunt.

603 746 668 800 Et
687 747 754 801 ad
779 763 875 802 eos
901 748 994 819 qui
1024 749 1079 803 in
1114 751 1351 821 singulis
1391 750 1622 808 urbibus
1653 753 1897 823 Opinioni
1928 755 2173 823 ipsorum

599 838 978 904 adhaerebant,
1016 840 1231 899 litteras
1265 844 1636 914 scripserunt,
1678 860 1746 899 ne
1792 845 2033 903 decretis
2082 846 2175 900 Ni-

597 944 761 984 caenae
798 930 995 1002 synodi
1039 933 1438 990 consentirent.
1493 932 1709 1006 Reliqui
1742 952 1871 991 vero
1926 938 2172 1007 episcopi

595 1021 693 1089 qui
722 1021 1211 1095 Constantinopoli
1243 1030 1645 1094 remanserant,
1685 1027 1825 1082 inter
1864 1042 1925 1083 se
1949 1029 2174 1084 consul-

597 1117 808 1175 tarunt,
838 1113 1056 1167 cuinam
1089 1115 1438 1186 potissimum
1479 1117 1830 1187 episcopatus
1869 1118 1988 1189 ejus
2019 1120 2172 1174 urbis

592 1204 1047 1262 committeretur.
1070 1206 1283 1263 Etenim
1306 1209 1465 1263 aiunt
1517 1210 1903 1280 imperatorem
1927 1214 2170 1283 quidem,

593 1310 720 1349 cum
751 1295 1077 1368 Gregorium
1105 1300 1177 1355 ob
1207 1301 1371 1355 vitam
1407 1310 1572 1371 atque
1600 1302 1910 1357 doctrinam
1945 1319 2169 1375 magno—

592 1406 728 1461 pere
765 1392 1083 1459 miraretur,
1118 1409 1243 1449 eum
1269 1394 1377 1448 hoc
1421 1396 1743 1464 pontificatu
1772 1395 2000 1467 dignum
2040 1412 2170 1453 cen-

594 1484 813 1540 suisse:
851 1494 905 1541 et
936 1486 1238 1558 plerosque
1266 1502 1334 1542 ex
1364 1487 1643 1559 episcopis
1672 1487 1769 1558 qui
1803 1489 2042 1544 concilio
2089 1491 2170 1544 in-

593 1583 860 1642 tererant,
910 1592 1021 1647 prae
1071 1579 1375 1635 reverentia
1434 1593 1542 1648 qua
1602 1577 1856 1649 Gregorii
1913 1579 2167 1636 virtutem

2276 482 2544 555 ἔγραψαν,
2581 483 2656 556 μὴ
2690 484 2980 539 συνθέσθαι
3020 489 3133 552 τοῖς
3161 489 3221 541 ιν
3250 488 3454 561 Νικαίᾳ
3482 492 3779 565 δεδογμένοις.

2277 573 2342 627 Οἱ
2370 572 2426 627 δὲ
2448 575 2507 627 ὲν
2534 577 3102 632 Κωνσταντινουπόλει
3126 582 3564 651 προσμείναντες,
3586 586 3782 644 ἐϐουλεῦ-

2278 682 2438 720 σαντο
2473 666 2578 721 τίνι
2619 667 2728 721 δέοι
2758 669 3045 740 ἐπιτρέψαι
3072 671 3172 741 τὴν
3202 672 3389 728 ἐνθάδε
3419 675 3671 747 καθέδραν.
3705 684 3780 736 Λέ-

2275 774 2431 825 γεται
2478 757 2608 830 γὰρ,
2645 759 2736 812 τὸν
2783 759 3011 830 βασιλέα
3060 761 3160 832 μὲν
3202 762 3543 834 θαυμάζοντα
3584 768 3682 836 βίον
3715 777 3783 827 καὶ

2274 849 2385 901 τῶν
2415 848 2587 917 λόγων
2621 849 2943 923 Γρηγόριον,
2972 851 3123 917 ἄξιον
3153 852 3491 924 ψηφίσασθαι
3516 859 3689 930 ταύτης
3710 864 3783 932 τῆς

2275 941 2582 1009 ἐπισκοπῆς
2605 956 2618 971 ⁸
2651 942 2962 996 συναινέσαι
2992 942 3061 1010 δὲ,
3079 944 3176 998 καὶ
3202 945 3332 1009 τοὺς
3354 947 3560 1013 πλείους
3586 950 3669 1021 τῆς
3692 970 3785 1007 συν.

2274 1030 2417 1094 ὁδου,
2446 1030 2586 1085 αἰδοῖ
2606 1031 2704 1102 τῆς
2735 1033 2902 1088 αὐτοῦ
2934 1033 3171 1106 ἀρετῆς
3206 1034 3298 1090 τὸν
3321 1035 3400 1101 δὲ,
3432 1037 3499 1092 τὰ
3526 1040 3615 1108 μὲν
3638 1044 3785 1112 πρῶτα

2276 1121 2493 1176 ἑλέσθαι
2542 1126 2866 1194 προστατεῖν
2914 1127 3015 1196 τῆς
3071 1127 3667 1196 Κωνσταντινουπόλεως
3715 1137 3782 1191 ix-

2274 1212 2502 1284 κλησίας
2523 1230 2538 1245 ο
2572 1214 2891 1286 αἰσθόμενον
2914 1216 2972 1271 δέ
2995 1234 3146 1282 τινας
3169 1219 3419 1291 ἀντερεῖν
3431 1222 3479 1285 ιι,
3501 1223 3587 1276 καὶ
3605 1225 3785 1292 μάλιστα

2271 1305 2399 1368 τοὺς
2425 1304 2485 1370 ἐξ
2510 1304 2807 1374 Αἰγύπτου,
2827 1309 3291 1380 παραιτήσασθαι.
3324 1310 3433 1364 Καί
3453 1328 3537 1381 μοι
3558 1312 3654 1383 (95)
3676 1314 3786 1368 τόνδε

2276 1394 2585 1463 σοφώτατον
2612 1396 2779 1468 ἄνδρα
2808 1397 3027 1451 πάντων
3052 1398 3262 1463 ἕνεκεν,
3310 1399 3410 1469 οὐχ
3444 1401 3627 1470 ἥκιστα
3650 1402 3696 1455 δὲ
3715 1405 3785 1458 τοῦ

2274 1485 2540 1557 παρόντος
2588 1485 2986 1558 θαυμάζεσθαι.
3034 1485 3173 1541 Οὔτε
3221 1489 3336 1559 γὰρ
3388 1488 3489 1542 ὑπὸ
3518 1490 3787 1559 εὐγλωττίας

2272 1578 2576 1650 ἐνεπλήσθη
2596 1579 2787 1649 τύφου,
2807 1578 2932 1633 οὔτε
2951 1579 3057 1634 ὑπὸ
3084 1581 3246 1650 κενῆς
3278 1579 3434 1652 δόξης
3456 1583 3532 1645 εἰς
3550 1583 3789 1654 ἐπιθυμίαν

591 1670 1083 1739 prosequebantur,
1161 1671 1508 1740 imperatoris
1568 1669 1844 1741 judicium
1911 1687 2165 1743 compro-

2271 1666 2434 1743 ἦλθεν
2463 1670 2715 1743 ἡγεῖσθαι
2755 1672 2856 1741 τῆς
2885 1671 3187 1743 ἐκκλησίας
3220 1672 3293 1742 ἢν
3340 1672 3614 1742 παρέλαϐε,
3638 1677 3789 1745 μηκέτι

592 1760 780 1817 basse.
815 1760 999 1833 Ipsum
1031 1778 1161 1818 vero
1194 1762 1546 1834 Gregorium,
1583 1764 1741 1820 initio
1773 1765 1996 1835 quidem
2031 1765 2168 1821 Con-

593 1852 1097 1924 stantinOpolitana:
1143 1852 1407 1910 Ecclesiae
1459 1853 1992 1911 administrationem
2056 1871 2166 1911 non

592 1943 824 1997 invitum
881 1946 1233 2016 suscepisse;
1288 1955 1479 2014 postea
1546 1962 1676 2002 vero
1731 1961 1861 2001 cum
1895 1946 2163 2017 quosdam

593 2035 899 2091 antistitem
935 2052 999 2093 ac
1027 2039 1305 2108 prtecipue
1333 2037 1625 2110 IEgyptios
1658 2037 1925 2107 refragari
1960 2038 2165 2093 intelli-

590 2138 765 2198 geret,
796 2144 916 2184 eam
949 2144 1238 2187 recusasse
1266 2132 1306 2184 ‘.
1338 2130 1419 2184 Ac
1451 2131 1584 2184 mihi
1615 2129 1837 2200 quidem
1870 2130 2165 2200 sapientis-

590 2220 788 2276 simum
818 2221 967 2276 hunc
997 2222 1199 2285 virum,
1238 2229 1356 2276 tum
1389 2221 1460 2277 ob
1505 2222 1612 2276 alia
1649 2221 1856 2284 multa,
1888 2228 2006 2275 tum
2051 2236 2166 2275 ma-

595 2312 745 2368 xime
795 2312 850 2368 in
888 2314 994 2369 hoc
1054 2314 1280 2385 negotio
1329 2314 1520 2369 mirari
1572 2314 1741 2369 subit.
1809 2312 1945 2367 Nam
1986 2328 2166 2384 neque

592 2402 734 2458 fastu
760 2405 939 2462 elatus
984 2414 1070 2461 est
1124 2414 1350 2477 propter
1402 2404 1764 2471 facundiam;
1824 2420 1926 2461 nec
1981 2405 2166 2462 inanis

589 2496 779 2565 gloriae
824 2497 1013 2554 studio
1051 2499 1102 2554 ei
1145 2498 1407 2555 Ecclesiae
1470 2499 1768 2568 praesidere
1802 2498 2163 2569 concupivit,

589 2602 754 2655 quam
787 2603 926 2658 pene
955 2590 1293 2646 exstinctam
1324 2605 1389 2645 ac
1419 2598 1693 2645 mortuam
1728 2591 1845 2658 ipse
1872 2591 2164 2660 regendam

589 2691 944 2750 susceperat;
977 2681 1073 2737 sed
1105 2684 1525 2754 reposcentibus
1553 2683 1830 2755 episcopis
1854 2682 2163 2753 depositum

487 2772 491 2776 ’
590 2769 850 2836 reddidit,
869 2773 1008 2828 nihil
1028 2774 1098 2829 de
1126 2776 1316 2832 multis
1345 2776 1629 2832 laboribus
1652 2778 1770 2831 suis
1797 2782 2161 2845 conquestus,

590 2862 726 2918 nihil
751 2863 820 2920 de
851 2866 1114 2936 periculis
1142 2882 1265 2937 quae
1294 2868 1561 2923 adversus
1593 2868 1830 2924 haereses
1874 2866 2164 2923 decertans

588 2955 855 3013 subierat.
893 2958 1056 3029 Atqui
1095 2960 1229 3015 nulli
1260 2975 1429 3032 grave
1466 2960 1716 3015 futurum
1756 2969 1898 3025 erat,
1947 2959 1995 3015 si
2046 2958 2164 3028 ipse

2268 1759 2408 1816 εἶναι
2445 1761 2879 1817 κινδυνεύουσαν.
2928 1762 3245 1826 ’Δπαιτοῦσι
3290 1764 3349 1817 δὲ
3388 1766 3496 1827 τοῖς
3529 1765 3787 1831 ἐπισκόποις

2268 1853 2365 1925 τὴν
2411 1854 2883 1925 παρακαταθήκην
2946 1853 3231 1908 ἀπέδωκεν
3259 1895 3275 1920 ,
3333 1855 3395 1909 οὗ
3445 1858 3563 1918 τοὺς
3609 1856 3788 1921 nouo-‘4;

2269 1944 2501 2016 ἱδρῶτας
2545 1944 2920 2017 μεμψάμενος,
2961 1945 2995 2016 ἢ
3035 1948 3161 2009 τοὺς
3201 1947 3482 2011 κινδύνους
3507 1948 3591 2011 οὓς
3624 1949 3786 2015 ὑπέστη

2267 2035 2401 2106 πρὸς
2433 2036 2532 2098 τὰς
2569 2037 2811 2107 αἱρέσεις
2844 2035 3192 2107 ζυγομαχῶν.
3242 2038 3498 2105 Καίτοιγε
3543 2039 3598 2091 τὸ
3628 2037 3788 2091 λυποῦν

2265 2126 2417 2180 οὐδὲν
2440 2122 2530 2197 ἦν,
2560 2126 2786 2198 μηδενὸς
2808 2126 2980 2187 ὄντος,
3015 2126 3200 2198 μένειν
3230 2127 3394 2180 αὐτὸν
3423 2129 3789 2182 Κωνσταντινου-

2265 2217 2474 2281 πόλεως
2517 2217 2833 2273 ἐπίσκοπον.
2879 2216 3022 2288 Ἤδη
3057 2217 3164 2289 γὰρ
3200 2220 3297 2273 καὶ
3329 2217 3616 2282 Ναξίανζοῦ
3645 2218 3789 2289 ἔτερος

2265 2308 2564 2372 ἐπίσκοπος
2592 2309 3020 2381 κεχειροτόνητο.
3062 2307 3206 2364 Ἀλλ’
3231 2311 3385 2383 ὅμως
3417 2312 3450 2385 ὴ
3486 2310 3693 2375 σύνοδος,
3717 2312 3788 2364 καὶ

2266 2402 2393 2465 τοὺς
2432 2402 2694 2474 πατρίους
2731 2403 2930 2473 νόμους
2963 2404 3059 2457 καὶ
3091 2404 3191 2474 τὴν
3217 2403 3655 2475 ὲκκλησιαστικὴν
3674 2403 3788 2468 τάξιν

2266 2494 2630 2564 φυλάττουσα,
2660 2494 2688 2548 δ
2715 2495 2935 2559 δέδωκε,
2970 2497 3098 2570 παρ’
3130 2495 3350 2560 ἑκόντος
3374 2495 3643 2566 ἀπείληφε,
3665 2494 3788 2566 μηδὲν

2265 2584 2568 2639 αἰδεσθεῖσα
2595 2585 2703 2640 τῶν
2734 2586 2828 2640 τοῦ
2859 2586 3052 2658 ἀνδρὸς
3076 2585 3583 2656 πλεονεκτημάτων.
3622 2586 3695 2647 Ὧς
3719 2584 3787 2637 ἐπὶ

2268 2678 2509 2750 μεγίστῳ
2547 2680 2602 2733 δὲ
2646 2679 3120 2751 πεφροντισμένης
3162 2677 3365 2750 βουλῆς
3406 2676 3482 2748 τῷ
3516 2676 3698 2748 βασιλεῖ
3720 2676 3788 2729 καὶ

2263 2775 2375 2835 τοῖς
2424 2773 2657 2844 ἰερεῦσιν
2700 2771 2896 2844 οὔσης,
2950 2772 3423 2843 παρεγγυωμένου
3464 2788 3522 2825 τε
3563 2768 3645 2824 τοῦ
3677 2785 3789 2839 κρα-

2262 2862 2482 2926 τοῦντος
2511 2861 2715 2935 ἀκριϐῆ
2759 2860 3087 2931 ποιήσασθαι
3122 2859 3395 2931 βάσανον,
3440 2860 3580 2924 ὅπως
3620 2858 3688 2912 δτι
3714 2857 3787 2927 μᾶ-

2263 2953 2419 3007 λιστα
2464 2952 2625 3017 καλός
2675 2970 2737 3006 τε
2785 2953 2880 3005 καὶ
2921 2951 3126 3020 ἀγαθὸς
3159 2952 3435 3024 εὑρεθείη,
3470 2945 3513 3020 ᾧ
3541 2950 3699 3019 δεήσει
3725 2965 3788 2999 πι-

586 3049 1093 3120 Constantinopolis
1123 3053 1418 3123 episcopus
1452 3060 1788 3119 remaneret,
1821 3067 1948 3108 cum
1975 3051 2159 3108 nullus

2265 3044 2485 3098 στεῦσαι
2518 3044 2619 3115 τῆς
2667 3045 2929 3114 μεγίστης
2959 3044 3054 3097 καὶ
3087 3042 3480 3114 βασιλευούσης
3512 3040 3693 3103 πόλεως
3715 3037 3786 3108 τὴν

591 3138 663 3194 ibi
687 3150 834 3197 esset
864 3141 1028 3197 alius.
1067 3140 1189 3196 Jam
1218 3143 1365 3197 enim
1395 3141 1654 3197 Nazianzi
1694 3142 1833 3197 alter
1865 3141 2158 3212 cpiscopus

592 3228 767 3284 fuerat
795 3232 1107 3288 ordinatus.
1144 3231 1512 3288 Nihilominus
1547 3242 1729 3288 tamen
1772 3242 1962 3287 sancta
1995 3246 2157 3303 syno-

589 3323 695 3380 dus
726 3324 874 3395 leges
914 3325 1210 3397 majorum,
1253 3333 1307 3380 et
1346 3325 1607 3380 Ecclesiae
1645 3323 1995 3393 disciplinam
2040 3331 2161 3377 stu-

2265 3136 2681 3208 ἀρχιεροσύνην,
2714 3137 2774 3188 οὗ
2804 3135 2905 3206 τὴν
2937 3135 3106 3205 αὐτὴν
3132 3135 3365 3205 γνώμην
3389 3130 3529 3204 εἶχεν
3551 3134 3581 3202 ἡ
3604 3129 3785 3189 σύνοδος.

2271 3229 2532 3282 Ἕκαστοι
2581 3229 2636 3282 δέ
2693 3246 2816 3282 τινα
2872 3228 2983 3281 τῶν
3046 3227 3228 3289 αὐτοῖς
3294 3224 3600 3297 ἐπιτηδείων
3647 3221 3788 3293 ἠξίουν

2271 3324 2614 3391 χειροτονεῖν.

591 3413 741 3469 diose
771 3430 1023 3482 servans,
1059 3415 1110 3469 id
1143 3416 1290 3485 quod
1323 3416 1573 3479 dederat,
1646 3430 1676 3467 a
1743 3412 1963 3467 volente
2003 3411 2237 3480 recepit,
2276 3413 2508 3467 eximias
2539 3411 2658 3482 ejus
2686 3410 2795 3464 viri
2827 3410 2987 3464 doles
3016 3407 3449 3479 haudquaquam
3502 3404 3648 3476 287
3674 3416 3786 3456 rere

591 3506 728 3561 rita;
757 3504 926 3562 Porro
948 3522 1071 3562 cum
1106 3507 1410 3576 imperator
1441 3512 1497 3560 et
1529 3490 1770 3575 episcopi
1798 3512 2059 3573 tanquam
2097 3503 2164 3559 de
2205 3519 2264 3559 re
2301 3504 2523 3557 maximi
2563 3503 2826 3558 momenti
2860 3501 3275 3563 consultantes,
3338 3498 3618 3554 admodum
3674 3491 3784 3546 anxii

593 3602 922 3672 sollicitique
949 3609 1167 3667 essent,
1220 3609 1277 3658 et
1304 3602 1603 3671 imperator
1638 3600 1754 3669 ipse
1785 3599 2168 3654 cohortaretur
2249 3610 2307 3677 ut
2340 3600 2579 3671 diligens
2624 3598 2913 3670 inquisitio
2956 3597 3112 3656 fieret
3152 3596 3356 3669 optimi
3398 3602 3555 3671 atque
3595 3591 3784 3659 integer-

701 3757 719 3790 ¹
743 3755 898 3814 Socr.
931 3755 971 3815 l.
1025 3772 1077 3823 ν,
1107 3769 1157 3815 c.
1188 3756 1247 3812 7.

1788 3944 2053 4001 VALESII
2090 3942 2640 4002 ANNOTATIONES.

662 4033 779 4115 (95)
806 4033 917 4115 καί
940 4031 1393 4115 nec..llenricus_
1425 4034 1671 4115 sayilius
1702 4036 1758 4092 in
1790 4039 2037 4115 margine
2083 4037 2169 4092 sui

593 4104 804 4161 codicis
829 4104 1112 4189 adnotavit
1129 4104 1321 4163 deesse
1342 4106 1429 4162 hic
1452 4106 1674 4178 aliquod
1694 4108 1938 4164 verbum.
1958 4106 2164 4163 Verum

2277 4051 2344 4107 ex
2368 4034 2675 4104 Nicephoro
2705 4035 2867 4107 facile
2886 4040 2973 4091 est
3011 4035 3145 4091 illud
3184 4035 3450 4107 supplere
3472 4034 3526 4089 in
3552 4032 3677 4087 hunc
3700 4041 3781 4083 mo-

2274 4106 2442 4161 dum:
2493 4108 2599 4160 Καί
2637 4124 2725 4178 μοι
2758 4106 2960 4161 ἔπεισι.

2010 4283 2401 4341 VARIORUM.

676 4375 706 4417 ³ι
723 4379 1020 4447 Αἰσθόμεν

594 4451 998 4520 Nazianzenus,
1028 4447 1482 4520 iortltodoxorum
1528 4447 1915 4520 episcoporum
1964 4447 2164 4508 sludiis

598 4537 664 4577 ac
707 4517 1309 4589 sutﬂragiisincitatus,
1352 4517 1613 4589 Ecclesiae
1654 4517 2164 4589 Constantinopoli-

596 4604 738 4647 tanae
764 4603 956 4644 curam
996 4588 1052 4643 in
1086 4601 1146 4641 se
1194 4588 1437 4660 recepit._
1455 4588 1552 4643 llic
1581 4590 1904 4660 aliquandiu
1937 4588 2168 4646 deocbat

598 4663 654 4719 in
691 4660 808 4717 sede
840 4673 996 4731 sacra
1031 4657 1345 4731 perexigua,
1373 4657 1441 4711 ad
1473 4674 1638 4731 quam
1675 4657 1863 4731 postea
1889 4662 2166 4731 amplissi-

603 4746 749 4785 mum
781 4726 1046 4800 templum
1069 4726 1478 4800 adjectuinest,
1502 4726 1794 4800 Anastasia
1826 4726 1995 4797 dicta,
2019 4732 2166 4800 quod

597 4817 667 4855 eo
696 4803 749 4856 in
780 4796 909 4870 loco.
929 4797 1135 4853 Nicaani
1171 4797 1394 4870 concilii
1420 4796 1596 4870 ﬁdes,
1629 4799 1911 4853 hominum
1960 4796 2165 4870 impro-

604 4872 778 4927 bitate
808 4869 1073 4938 collapsa,
1102 4867 1383 4923 revixerit.
1418 4866 1708 4925 Diuturnis
1750 4879 1933 4924 autem
1966 4866 2170 4924 labori-

603 4944 704 4998 bus
725 4940 1039 5002 exantlatis,
1058 4938 1260 4993 multos
1276 4952 1474 5007 paSSiIs
1499 4940 1827 4993 Arianorum
1853 4938 2166 5006 conﬂictus,

603 5012 820 5066 tandem
852 5026 921 5065 ne
943 5009 1609 5080 Catholicorumquidem
1655 5010 2166 5080 eﬂ'ugitinvidiam.

604 5081 842 5152 Egyptii
870 5095 1108 5150 namque
1139 5079 1385 5152 episcopi
1408 5079 1733 5152 Maximum,
1778 5079 2170 5150 philosophum

602 5150 881 5233 cynicum,
911 5158 1097 5233 postea
1123 5150 1454 5233 Apollinaris
1484 5152 2160 5233 ριςῳειὶείἱεριξςωρξιιιιηι,

603 5220 763 5291 cujus
797 5220 1012 5291 inerant
1059 5220 1305 5291 corrupti
1356 5220 1627 5291 pecuniis,
1679 5220 1744 5276 in
1785 5221 1933 5277 illius
1982 5223 2160 5276 locum

605 5288 981 5361 tumultuariis
1023 5288 1301 5361 suffragiis
1332 5288 1688 5347 suffecerunt.
1723 5291 1997 5348 Cessisset
2047 5300 2165 5361 sta-

604 5363 702 5416 tim
735 5358 1053 5432 Gregorius,
1084 5366 1138 5415 et
1164 5358 1225 5432 in»
1247 5362 1646 5428 optatissimam
1684 5362 1922 5432 quietem
1951 5360 2161 5417 lubenti

605 5433 788 5487 animo
820 5430 1093 5494 rediisset,
1122 5430 1230 5501 nisi
1264 5432 1477 5499 piorum
1511 5430 1766 5501 precibus
1801 5432 1916 5487 fere
1960 5432 2164 5486 invitus

605 5504 865 5558 detentus
891 5501 1104 5555 fuisset.
1137 5499 1450 5564 Quinetiam
1482 5499 1590 5555 non
1623 5504 1799 5556 multo
1839 5513 1962 5571 post
2004 5501 2164 5555 Melc-

607 5575 740 5653 tins,
772 5573 1064 5653 caeteriqne
1088 5571 1328 5640 episcopi
1361 5571 1453 5640 qui
1484 5573 1551 5627 ad
1572 5574 1845 5653 gentici-ale
1869 5572 2159 5653 concilium

611 5643 753 5699 hanc
781 5642 944 5696 etiam
972 5643 1043 5696 ob
1069 5655 1293 5694 causam
1319 5641 1607 5696 convocati
1642 5641 1875 5705 fuerant,
1926 5651 1985 5693 ut
2012 5641 2160 5694 Con-

615 5711 1116 5785 stantinopolitanae
1164 5709 1457 5777 Ecclesim,
1519 5712 1722 5768 sedatis
1799 5711 2155 5773 tumultibus,

1021 4394 1094 4431 or
1119 4377 1187 4453 δέ
1228 4395 1398 4453 τινας
1438 4380 1726 4453 ἀντερεῖν.
1779 4381 1838 4438 S.
1871 4381 2165 4452 Gregorius

2275 4397 2461 4453 pacem
2509 4383 2866 4438 conciliarent
2889 4402 2905 4449 ;

2982 4399 3110 4440 cum
3167 4385 3343 4454 probe
3397 4389 3609 4454 nossent
3660 4389 3781 4449 quam

2274 4453 2513 4523 legitime
2538 4453 2836 4524 Gregorius
2865 4469 2987 4510 eam
3029 4453 3337 4511 Etmlesiain
3384 4453 3655 4524 regendam
3692 4460 3783 4503 sus-

2277 4524 2541 4596 cepisset,
2581 4523 2667 4596 ,εις
2706 4539 2869 4592 quam
2943 4525 3283 4582 salutaribus
3336 4523 3624 4596 praeceptis
3662 4527 3784 4596 διομεῖ

2274 4588 2546 4667 institutis
2577 4588 2935 4667 informasset
2984 4596 3192 4667 regiam
3235 4588 3685 4667 civita_tem_'inter
3723 4588 3782 4667 to!

2275 4664 2662 4736 haereticorum
2688 4664 2961 4736 procellas
2984 4662 3378 4736 ﬂuctuantem;
3402 4662 3620 4736 Maximo
3638 4662 3784 4736 cynico

2275 4749 2313 4805 ei
2337 4736 2512 4789 sacris
2533 4725 2743 4805 aedibus
2772 4735 3084 4805 exturbato,
3114 4725 3375 4805 ejusque'
3394 4734 3545 4805 Actis
3581 4725 3782 4805 omnibus

2269 4804 2569 4875 abrogatis,
2621 4803 2773 4875 illum
2828 4803 2881 4856 in
2936 4797 3197 4874 suscépto
3239 4797 3506 4875 regimine
3545 4797 3782 4875 confirma.

2269 4868 2432 4948 runt:
2459 4874 2564 4930 Sed
2579 4873 2918 4948 Apau_lo_post
2945 4890 2996 4948 in
3008 4868 3167 4948 orttio
3191 4868 3429 4948 Melétio,
3450 4882 3504 4929 et
3524 4887 3552 4925 a
3576 4868 3783 4948 Gregorii}

2268 4944 2521 5015 Nysseno
2574 4936 2812 5015 funebri'
2844 4945 3098 5015 oratione
3157 4936 3425 5015 laudato,
3463 4956 3578 5015 cum
3625 4936 3784 5015 riderpl

2269 5005 2569 5090 Gregorius
2602 5012 2813 5090 furere
2845 5014 3019 5084 magis
3074 5017 3130 5069 in
3163 5016 3284 5090 dies
3310 5005 3781 5090 Aflgxptioshliabila

2269 5075 2522 5142 oratione
2551 5085 2617 5140 ad
2642 5083 2751 5156 CL,
2781 5075 2991 5156 Patres,
3018 5097 3213 5156 sponte
3232 5075 3779 5156 dimissionislibelllln!

2269 5157 2448 5227 petiit,
2480 5164 2536 5212 et
2567 5171 2626 5212 se
2663 5143 3234 5227 episcopali'_ni'uiiere
3285 5153 3583 5227 abdicavit:

2272 5214 2520 5281 Historia
2538 5214 2909 5295 conciliorum,
2940 5225 3006 5279 ad
3036 5241 3164 5280 ann.
3187 5226 3311 5287 581,
3341 5240 3466 5295 pag.
3488 5220 3602 5295 {illi
3627 5214 3781 5295 ρςιειι·

2271 5296 2352 5350 dit
2378 5306 2561 5352 autem
2595 5295 2794 5351 Petrus
2845 5285 2915 5349 de
2946 5295 3125 5350 Marca
3160 5285 3450 5348 Damasum
3490 5290 3587 5346 PP.
3627 5285 3780 5340 Rom'

2270 5383 2405 5421 num
2431 5367 2702 5437 Gregorio
2735 5378 2845 5437 non
2876 5363 3097 5437 faviSSc,
3142 5366 3236 5421 sed
3283 5371 3479 5418 contra
3507 5362 3619 5437 ejus
3642 5365 3779 5437 ινξιιξς

2274 5428 2905 5518 lationem'sct~ipsi.sse,.
2931 5435 3202 5518 quoniam
3221 5449 3462 5518 canones
3492 5428 3779 5518 vetabanan

2272 5508 2400 5578 quis
2430 5494 2727 5578 episcopus
2759 5504 2826 5558 de
2858 5494 3082 5578 civitate
3134 5504 3372 5578 alia__in_
3389 5503 3546 5578 aliam
3573 5494 3776 5578 traditos-

2271 5571 2445 5631 r'clur.
2467 5571 2539 5634 Ῥ.
2573 5571 2639 5632 ΜΞ
2671 5577 2881 5643 Matina,
2926 5576 2997 5631 De
3031 5573 3313 5631 concordia
3339 5572 3398 5630 S.
3421 5580 3473 5628 et
3498 5571 3559 5636 1.,
3590 5571 3707 5641 part.
3733 5572 3776 5619 II;

2272 5663 2389 5721 pag.
2425 5648 2512 5704 55.
