4066 6338
563 372 704 430 1455

1987 365 2331 424 SOZOMENI

3620 371 3718 426 “56

565 486 692 553 Sed,
729 493 788 541 ut
832 485 1127 544 verisimile
1159 492 1263 550 est,
1293 486 1472 540 virum
1495 485 1607 555 jam
1652 500 1872 554 canum,
1915 487 2115 558 pridem

2231 505 2356 542 των.
2425 485 2577 540 Ἐπεὶ
2637 487 2694 542 δὲ
2747 485 2944 550 πάντες
2996 483 3174 553 εἶξαν,
3229 486 3319 539 καὶ
3367 488 3425 557 τῇ
3474 485 3614 558 ψήφῳ
3653 490 3724 543 τοῦ

564 579 897 647 baptizatum
947 578 1120 632 fuisse
1163 576 1531 632 existimabat.
1561 575 1726 646 288
1763 574 1962 631 Verum
2009 577 2122 631 Itch

565 685 675 723 non
719 670 841 724 sine
884 667 978 723 Dei
1019 675 1156 722 nutu
1201 681 1451 722 evenere.
1489 665 1768 736 Siquidem
1804 667 2122 736 imperator,

563 769 848 829 postquam
891 775 1016 814 eum
1061 757 1318 828 baptismi
1352 767 1628 828 expertem
1668 772 1791 812 esse
1822 756 2127 813 intellexis-

563 857 664 913 set,
693 849 747 902 in
787 848 977 904 eadem
1031 848 1304 903 sententia
1349 846 1694 918 permansit,
1758 846 1947 902 multis
1997 846 2126 902 licet

561 940 834 1009 episcopis
877 938 1306 1010 refragantibus.
1359 937 1657 1007 Postquam
1708 953 1838 992 vero
1881 937 2124 994 universi

559 1037 867 1093 cesserunt,
900 1036 954 1084 et
989 1029 1336 1100 imperatoris
1366 1027 1692 1084 sententiam
1721 1027 1981 1097 suﬂragio
2021 1041 2124 1082 suo

557 1123 1006 1192 comprobarunt,
1039 1120 1350 1191 baptizatus
1393 1128 1478 1175 est
1513 1135 1528 1172 :
1560 1128 1614 1174 et
1655 1120 1834 1175 adhuc
1863 1119 2122 1190 neophyti

558 1218 762 1266 vestem
808 1211 1056 1274 indutus,
1097 1209 1372 1266 communi
1425 1209 1597 1265 totius
1647 1209 1868 1263 concilii
1907 1209 2124 1263 calculo

555 1303 846 1372 episcopus
863 1301 1370 1370 Constantinopolis
1394 1300 1762 1356 renuntiatur.
1789 1298 1938 1353 Multi
1958 1313 2123 1369 porro

556 1393 909 1448 crediderunt
937 1393 1053 1447 haec
1085 1393 1159 1448 ita
1189 1392 1257 1447 ab
1286 1391 1618 1462 imperatore
1646 1399 1798 1462 gesta
1831 1405 1976 1454 esse,
2013 1389 2123 1447 Deo

558 1485 612 1540 id
641 1484 717 1543 iHi
742 1483 1036 1540 mandante
1068 1499 1133 1539 ac
1167 1484 1541 1554 precipiente.
1589 1480 1695 1537 Sed
1737 1492 1920 1537 utrum
1953 1482 2004 1538 id
2034 1498 2127 1538 ve-

556 1590 678 1630 rum
709 1575 804 1642 sit,
837 1590 1031 1638 necne,
1063 1583 1218 1630 certo
1246 1574 1498 1645 equidem
1529 1572 1801 1629 aﬂirmare
1853 1589 1961 1628 non
2001 1589 2128 1644 pos-

2225 579 2551 649 κρατοῦντος
2590 579 2920 648 συνέϐησαν,
2969 577 3202 650 ἐμυήθη.
3250 577 3355 630 Καὶ
3394 577 3482 647 τὴν
3513 579 3725 650 μυστικὴν

2225 672 2429 742 ὲσθῆτα
2475 671 2557 725 ἔτι
2598 671 2989 742 ἠμφιεσμένος,
3035 672 3188 739 κοινῇ
3236 669 3396 739 ψήφῳ
3435 669 3522 738 τῆς
3555 669 3726 722 συνόδου

2226 758 2615 830 ἀναγορεύεται
2637 756 3254 818 Κωνσταντινουτοόλεως
3277 756 3567 819 ἐπίσκοπος.
3585 755 3729 810 Ταῦτα

2225 851 2282 904 δὲ
2335 850 2477 902 οὕτω
2521 850 2772 918 γενέσθαι
2818 848 3032 911 πολλοῖς
3075 845 3455 909 πεπίστευται,
3503 847 3586 900 τοῦ
3625 847 3730 900 Θεοῦ

2227 942 2663 1012 χρηματίσαντος
2708 939 2787 1010 τῷ
2834 938 3080 1010 βασιλεῖ·
3135 939 3236 991 οὐκ
3281 937 3481 1008 ἀκριϐῶ
3519 936 3567 990 δὲ
3589 937 3728 1004 τοῦτο,

2230 1035 2456 1104 πότερον
2485 1032 2696 1103 ἀληθὲς,
2752 1032 2785 1103 ἢ
2827 1031 2909 1085 οὔ.
2959 1029 3223 1102 Πείθομαί
3248 1047 3312 1100 γε
3343 1027 3461 1099 μὴν,
3499 1029 3587 1082 οὐκ
3612 1030 3733 1093 ἐκτὸς

2229 1121 2378 1184 θείας
2427 1122 2598 1193 ῥοπῆς
2631 1121 3042 1192 ἐπιτελεσθῆναι
3085 1121 3145 1174 τὸ
3188 1119 3416 1191 συμϐὰν,
3461 1121 3546 1173 καὶ
3585 1121 3650 1182 εἰς
3688 1119 3734 1172 τὸ

2227 1212 2526 1282 παράδοξον
2555 1212 2651 1282 τῆς
2678 1212 3008 1282 χειροτονίας
3033 1210 3273 1281 ἀφορῶν,
3303 1211 3393 1262 καὶ⁸
3422 1211 3480 1262 ὲκ
3504 1209 3597 1262 τῶν
3629 1209 3736 1279 μετὰ

2225 1302 2398 1357 ταῦτα
2447 1303 2684 1366 σκοπῶν,
2733 1302 2809 1366 ὡς
2843 1303 2935 1356 ἐπὶ
2970 1303 3278 1373 πραότατον
3323 1301 3412 1354 καὶ
3452 1287 3626 1369 ἀγαθὸν
3663 1300 3736 1354 καὶ

2229 1395 2389 1447 καλὸν
2418 1394 2640 1464 ταυτηνὶ
2671 1394 2768 1466 τὴν
2811 1394 3108 1467 ἱερωσύνην
3137 1396 3165 1448 ὁ
3196 1393 3332 1458 Θεὸς
3358 1394 3536 1466 ἤγαγε,
3570 1393 3662 1446 Καὶ
3685 1392 3738 1447 τὰ

2226 1487 2324 1557 μὲν
2356 1489 2499 1557 ἀμφὶ
2530 1489 2629 1560 τὴν
2661 1485 2963 1560 Νεκταρίου
3012 1487 3350 1559 χειροτονίαν
3392 1480 3485 1541 ὧδε
3522 1485 3656 1556 ἔσχεν
3679 1485 3737 1550 ὡς

2229 1578 2531 1650 ἐπυθόμην.

553 1682 696 1722 sum.
734 1667 864 1722 Mihi
913 1674 1095 1722 tamen
1145 1665 1261 1736 ipse
1293 1667 1689 1736 persuaserim,
1732 1682 1841 1722 non
1876 1669 1995 1724 sine
2041 1667 2227 1724 divina
2255 1672 2604 1741 providentia
2629 1673 2683 1728 id
2703 1681 2890 1728 actum
2951 1685 3097 1735 esse,
3152 1668 3282 1724 dum
3337 1679 3390 1724 et
3431 1667 3739 1726 ordinationis

554 1765 700 1820 illius
723 1765 1049 1820 miraculum
1073 1765 1384 1828 considero,
1403 1773 1457 1820 et
1475 1781 1541 1820 ex
1567 1765 1635 1820 iis
1663 1777 1784 1832 quae.
1803 1769 2096 1816 consecuta
2135 1773 2263 1816 sunt
2296 1763 2692 1829 animadverto,
2725 1764 2894 1820 Deum
2962 1765 3412 1821 mansuetissimo
3471 1771 3521 1819 et
3573 1763 3740 1834 eptimo

555 1868 720 1928 atque
760 1859 1151 1915 honestissimo
1197 1862 1316 1916 viro
1373 1860 1522 1914 hunc
1569 1859 1950 1928 episcopatum
2030 1856 2288 1914 conferre
2357 1860 2629 1918 voluisse.
2703 1861 2768 1916 Et
2811 1861 2929 1917 hzec
2961 1860 3182 1931 quidem
3213 1865 3269 1916 in
3319 1860 3633 1916 ordinatione
3660 1856 3739 1913 Ne-

554 1955 714 2009 ctarii
745 1955 821 2009 ita
855 1965 1006 2026 gesta
1033 1963 1183 2021 sunt,
1219 1963 1278 2009 ut
1304 1954 1587 2011 auditione
1616 1954 1824 2024 accepi.

1201 2045 1352 2099 CAP.
1381 2044 1474 2099 IX.

553 2136 632 2193 De
653 2138 734 2193 his
750 2153 866 2209 qua:
894 2137 946 2192 in
971 2137 1198 2209 secunda
1218 2136 1502 2209 uniuersali
1520 2135 1720 2209 ευποάο
1738 2136 1945 2209 decreta
1967 2143 2121 2196 sunt;

859 2219 907 2264 et
935 2209 998 2263 de
1023 2208 1262 2262 Maximo
1286 2207 1467 2277 cynico
1497 2205 1824 2276 philosopho.

623 2361 753 2417 Post
782 2362 901 2417 haec
931 2369 1043 2416 tam
1078 2360 1368 2417 Nectarius
1413 2359 1549 2432 ipse,
1585 2374 1748 2430 quam
1781 2357 1972 2428 reliqui
2003 2358 2121 2428 epi-

553 2451 728 2520 scopi,
780 2452 834 2506 in
883 2466 1049 2505 unum
1084 2451 1496 2514 convenientes,
1535 2448 1899 2504 decreverunt
1928 2454 1988 2502 ut
2029 2447 2122 2501 Ni-

551 2543 686 2597 czeni
727 2541 949 2597 concilii
995 2541 1128 2597 ﬁdes
1155 2551 1272 2594 rata
1301 2548 1668 2610 permaneret,
1707 2539 1981 2593 universa:
2021 2554 2119 2592 au-

553 2643 659 2686 tem
691 2633 929 2688 haereses
959 2633 1307 2688 anathemate
1339 2633 1732 2687 damnarentur
1759 2651 1772 2686 :
1815 2640 1982 2702 utque
2011 2647 2122 2686 om-

547 2743 648 2782 nes
684 2727 884 2797 ubique
917 2727 1167 2782 locorum
1220 2725 1502 2789 Ecclesiae,
1531 2742 1593 2782 ex
1627 2731 1948 2798 praescripto
1973 2737 2120 2783 vetc-

547 2833 668 2873 rum
697 2835 967 2874 canonum
996 2827 1348 2890 regerentur;
1374 2827 1427 2874 et
1449 2829 1506 2873 ut
1527 2821 1769 2890 episcopi
1803 2821 1855 2874 in
1882 2821 2120 2891 propriis

547 2918 832 2966 manerent
853 2911 1126 2975 ecclesiis,
1159 2925 1260 2964 nec
1285 2917 1490 2966 temere
1520 2911 1575 2965 in
1613 2919 1903 2967 extraneas
1927 2915 2118 2982 pedem

547 3001 844 3074 inferrent:
875 3016 1008 3057 neve
1034 3001 1476 3056 ordinationibus
1508 3001 1644 3056 nihil
1669 3002 1734 3056 ad
1759 3019 1817 3058 se
1842 3004 2120 3074 pertinen-

547 3089 698 3146 tibus
745 3091 980 3146 invocati
1023 3105 1149 3146 sese
1201 3089 1532 3160 ingererent,
1583 3089 1722 3144 sicut
1772 3100 1930 3146 antea
1975 3106 2119 3162 smpe

546 3182 870 3252 contigerat,
901 3180 1030 3235 dum
1056 3181 1305 3236 Ecclesia
1343 3181 1612 3236 catholica
1642 3181 2115 3251 persecutionibus

549 3281 884 3337 vexaretur;
943 3286 1005 3326 ea
1069 3287 1201 3326 vero
1255 3288 1377 3340 qua:
1422 3273 1477 3328 in
1532 3273 1765 3343 singulis
1817 3274 2116 3344 provinciis

2835 2041 3086 2096 ΚΕΦΑΛ.
3127 2042 3202 2096 Θ’.

2224 2132 2362 2202 Περὶ
2400 2125 2488 2186 ὧν
2536 2131 2574 2197 ἠ
2612 2131 2867 2202 ,δευτέρα
2905 2131 3292 2202 οὶκουμενικὴ
3336 2129 3598 2202 ἐθέσπισε
3623 2129 3742 2184 σύν-

2293 2201 2464 2323 οιὲος·
2527 2201 2624 2256 καὶ
2672 2199 2806 2270 περὶ
2855 2199 3129 2271 Μαξίμου
3184 2202 3291 2257 τοῦ
3337 2199 3569 2256 κυνικοῦ
3606 2202 3743 2268 φιλο-

2291 2286 2336 2324 σ
2369 2288 2509 2340 φου.

2291 2360 2446 2414 Μετὰ
2493 2360 2547 2414 δὲ
2591 2361 2764 2416 ταῦτα
2799 2361 3140 2426 συνελθόντες
3184 2362 3351 2427 αὐτός
3396 2378 3453 2415 τε
3492 2357 3745 2429 Νεκτάριος

2222 2453 2316 2505 καὶ
2361 2453 2411 2506 οἱ
2456 2451 2602 2508 ἄλλοι
2635 2453 2818 2524 ἱερεῖς,
2851 2454 3184 2524 ἐψηφίσαντο
3222 2453 3325 2525 τῆς
3355 2456 3410 2507 έν
3441 2451 3624 2520 Νικαίᾳ
3648 2464 3744 2501 συν-

2220 2543 2336 2597 όδου
2368 2544 2565 2614 κυρίαν
2601 2544 2784 2614 μένειν
2829 2547 2932 2617 τὴν
2963 2545 3168 2609 πίστιν,
3223 2546 3320 2598 καὶ
3365 2545 3536 2598 πᾶσαν
3576 2541 3749 2612 αἳρεσιν

2220 2637 2666 2708 ἁποκεκηρύχθαι
2697 2652 2712 2667 ⁶
2784 2637 3101 2691 διοικεῖσθαι
3160 2638 3216 2690 δὲ
3262 2638 3364 2700 τὰς
3409 2633 3629 2703 πανταχῆ
3673 2634 3746 2683 ὲκ-

2220 2726 2448 2797 κλησίας
2476 2727 2617 2780 κατὰ
2650 2729 2774 2790 τοὺς
2799 2729 2968 2782 πάλαι
2997 2730 3227 2791 κανόνας
3247 2743 3260 2755 ·
3317 2728 3410 2780 καὶ
3437 2727 3552 2789 τοὺς
3575 2722 3749 2776 ἐπισκό-

2221 2833 2352 2879 πους
2377 2816 2471 2869 ἐπὶ
2516 2817 2624 2870 τῶν
2671 2817 2814 2871 ίδίων
2842 2819 3023 2888 μένειν
3053 2818 3382 2889 ἐκκλησιῶν,
3429 2817 3517 2870 καὶ
3547 2815 3614 2884 μὴ
3652 2812 3747 2879 είκῆ

2217 2909 2336 2971 ταῖς
2375 2908 2694 2979 ύπερορίαις
2743 2909 3065 2971 ἐπιϐαίνειν,
3103 2911 3242 2980 μήτε
3271 2911 3524 2981 ἀκλήτοις
3553 2921 3750 2977 χειροτο-

2218 3000 2358 3063 νίαις
2387 2998 2499 3069 (98)
2538 2999 2704 3070 μηδὲν
2736 3001 2918 3064 αὐτοῖς
2963 3001 3372 3072 προσηκούσαις
3403 3001 3537 3069 σφᾶς
3574 2995 3750 3050 ἑπτϐἀλ·

2216 3088 2349 3151 λειν,
2385 3087 2521 3141 καθὸ
2552 3089 2834 3159 πρότερον,
2863 3089 2938 3152 ὡς
2967 3089 3121 3161 ἔτυχε
3163 3092 3499 3162 διωκομένης
3535 3089 3622 3160 τῆς
3648 3085 3751 3141 καθ-

2217 3178 2338 3232 όλου
2351 3178 2700 3247 Ἐκκλησίας,
2725 3179 2982 3244 πολλάκις
3007 3182 3228 3252 συνέϐη.
3246 3181 3328 3236 Τὰ
3342 3181 3396 3235 δὲ
3414 3183 3536 3251 παρ’
3555 3181 3750 3247 ἑκάστην

2219 3271 2601 3341 συμϐαίνοντα,
2630 3271 2730 3342 τὴν
2771 3270 2864 3325 τοῦ
2893 3272 3079 3337 ἔθνους
3114 3273 3356 3340 σύνοδον,
3387 3274 3461 3338 ὡς
3490 3277 3552 3331 ἂν
3589 3273 3750 3343 ἄριστα

545 3365 926 3436 contigissent,
961 3363 1204 3435 synodus
1244 3365 1514 3434 cujusque
1544 3366 1843 3434 provincia:
1887 3381 1986 3435 pro
2025 3381 2115 3420 ar-

2218 3361 2428 3432 φανείη,
2459 3361 2680 3416 διοικεῖν
2706 3379 2765 3414 τε
2802 3363 2895 3416 καὶ
2923 3364 3204 3435 πράττειν.
3255 3366 3411 3419 Μετὰ
3446 3367 3501 3419 δὲ
3535 3365 3616 3417 τὸν
3647 3365 3751 3416 Ῥώ-

545 3453 713 3509 bitrio
747 3468 850 3508 suo
893 3453 1176 3508 ordinaret
1223 3460 1278 3507 et
1309 3454 1686 3508 constitueret.
1735 3453 2004 3509 Praeterea
2054 3464 2111 3509 ut

547 3553 668 3611 post
703 3543 1018 3613 episcopum
1057 3541 1210 3596 urbis
1239 3541 1446 3606 Romae,
1473 3541 2113 3612 Constantinopolitanus

549 3634 745 3686 habeat
774 3633 996 3686 honoris
1032 3631 1468 3702 pmrogativam,
1505 3640 1695 3702 utpote
1739 3633 1831 3704 qui
1873 3632 2112 3703 junioris

546 3721 736 3777 Romae
779 3721 1154 3792 episcopatum
1203 3723 1573 3780 administret.
1632 3721 1750 3778 Jam
1803 3731 1915 3779 tum
1964 3724 2109 3779 enim

548 3815 682 3869 urbs
712 3815 823 3882 illa,
855 3829 965 3868 non
989 3814 1166 3869 solum
1199 3814 1341 3869 hanc
1362 3814 1782 3884 appellationem
1817 3822 2111 3881 meruerat,

543 3915 599 3960 et
624 3913 876 3960 senatum
908 3914 960 3961 et
990 3905 1214 3961 ordines
1249 3906 1456 3975 populi,
1481 3921 1544 3959 ac
1573 3906 1930 3976 magistratus
1962 3906 2115 3961 simi-

546 3995 672 4050 liter
699 3995 973 4050 habebat:
1006 4011 1194 4050 verum
1222 3996 1386 4049 etiam
1419 4003 1737 4051 contractus
1767 3995 1966 4049 civium
1994 3995 2114 4064 ejus

545 4087 715 4153 urbis,
745 4087 904 4157 juxta
949 4087 1096 4157 leges
1133 4085 1505 4140 Romanorum
1558 4087 1651 4158 qui
1700 4088 1754 4141 in
1795 4085 1949 4140 Italia
1987 4093 2114 4140 sunt

539 4178 971 4248 judicabantur:
1014 4178 1252 4248 juraque
1300 4177 1465 4248 289
1509 4178 1692 4232 omnia
1737 4186 1790 4231 et
1831 4177 2110 4249 privilegia

542 4268 771 4336 aequalia
803 4267 1008 4322 seniori
1049 4266 1234 4322 Roma:
1272 4266 1612 4337 possidebat.
1650 4265 1944 4320 Maximum
1980 4267 2110 4322 item

542 4372 646 4413 nec
687 4373 810 4412 esse
843 4373 945 4412 nec
991 4356 1163 4413 fuisse
1203 4373 1442 4428 unquam
1479 4358 1802 4428 episcopum
1847 4357 2110 4414 decreve-

2221 3451 2392 3522 μηςῐ,
2439 3452 2531 3506 τὸν
2558 3454 3184 3520 Κωνσταντινουπόλεως
3214 3458 3511 3511 ἐπίσκοπον
3551 3456 3612 3509 τὰ
3651 3469 3751 3524 πρε-

2218 3545 2374 3599 σϐεῖα
2399 3545 2561 3615 ἔχειν,
2596 3546 2671 3611 ὼς
2697 3548 2824 3611 νέας
2863 3547 3081 3619 Ῥώμης
3109 3549 3201 3602 τὸν
3252 3551 3443 3621 θρόνον
3469 3547 3748 3620 ἐπιτροπεύ-

2215 3653 2364 3690 οντα.
2422 3637 2559 3708 Ἤδη
2605 3638 2714 3708 γὰρ
2736 3640 2796 3692 οὐ
2834 3640 2991 3710 μόνον
3023 3638 3135 3712 εἶχε
3173 3643 3380 3713 ταύτην
3403 3643 3498 3715 τὴν
3522 3656 3750 3713 προσηγο-

2218 3726 2340 3798 ρίαν
2373 3729 2406 3799 ή
2437 3728 2607 3796 πόλις,
2655 3730 2750 3782 καὶ
2793 3732 3052 3802 γερουσίᾳ
3079 3733 3172 3786 καὶ
3200 3735 3444 3805 τάγμασι
3474 3735 3644 3803 δήμων
3677 3730 3749 3783 καὶ

2210 3818 2405 3888 ἀρχαῖς
2432 3819 2632 3888 ὁμοίως
2667 3822 2866 3892 ἐχρῆτο
2893 3839 2907 3853 ⁸
2939 3823 3073 3876 ἀλλὰ
3106 3825 3202 3878 καὶ
3231 3825 3302 3878 τὰ
3333 3825 3621 3896 συμϐόλαια
3637 3821 3747 3876 κατὰ

2208 3908 2278 3962 τὰ
2310 3908 2514 3979 νόμιμα
2537 3909 2648 3962 τῶν
2695 3912 2753 3964 ὲν
2794 3911 2996 3984 Ἰταλίᾳ
3039 3914 3331 3985 Ῥωμαίων
3363 3918 3473 3988 (99)
3522 3915 3746 3984 ἐκρίνετο,

2209 3999 2303 4050 καὶ
2358 3998 2426 4052 τὰ
2475 4000 2657 4054 δίκαια
2715 4001 2809 4055 καὶ
2854 4002 2925 4056 τὰ
2978 4004 3115 4076 γέρα
3161 4006 3293 4076 περὶ
3346 4007 3522 4060 πάντα
3552 4003 3748 4074 ἑκατέρᾳ

2214 4088 2446 4152 ίσάζετο.
2479 4091 2728 4162 Μάξιμον
2762 4093 2841 4157 δὲ,
2888 4096 3024 4165 μήτε
3058 4097 3393 4168 γεγενῆσθαι
3425 4099 3456 4170 ἢ
3509 4095 3632 4150 εἶναι
3660 4095 3749 4148 ἐπί-

2211 4198 2432 4245 σκοπον,
2467 4183 2601 4252 μήτε
2627 4183 2943 4254 κληρικοὺς,
2970 4187 3097 4250 τοὺς
3127 4189 3260 4259 παρ’
3287 4189 3454 4242 αὐτοῦ
3486 4201 3746 4260 χειροτονη-

2210 4271 2417 4334 θέντας.
2455 4273 2564 4325 Kal
2591 4273 2660 4326 τὰ
2684 4275 2772 4328 ἐπ’
2802 4275 2948 4346 αὐτῷ
2977 4277 3008 4348 ἢ
3047 4279 3178 4348 παρ’
3202 4280 3372 4333 αὐτοῦ
3401 4279 3744 4352 πεπραγμένα.

2211 4359 2390 4432 ἄκυρα
2416 4361 2766 4433 ἐψηφίσαντο.
2800 4364 3000 4418 Τοῦτον
3028 4367 3136 4437 γὰρ
3159 4368 3517 4440 Ἀλεξανδρέα
3541 4369 3595 4420 τὸ
3622 4367 3744 4436 γένος

1733 4533 1999 4591 VALESII
2037 4535 2584 4596 ANNOTATIONES.

613 4620 725 4698 (9_8)
778 4619 1532 4698 'Axdrjfom_xczp0tortatc.
1604 4619 1968 4698 Scribendum
2022 4633 2106 4682 est

2211 4626 2495 4684 Musculus
2518 4630 2739 4698 quidem
2768 4631 3010 4687 Graecam
3052 4649 3242 4690 vocem
3295 4637 3352 4690 in
3404 4637 3641 4692 versione
3666 4648 3744 4688 sua

541 4690 808 4761 ἀκλήτους
836 4707 900 4744 ex
924 4690 1253 4760 Nicephoro,
1285 4699 1338 4745 et
1367 4709 1433 4744 ex
1464 4707 1674 4746 canone
1705 4695 1952 4748 secundo
1981 4710 2106 4749 con-

542 4759 1290 4833 gilii‘Constantinopolitani,
1328 4761 1422 4828 qui
1467 4761 1564 4833 sic
1591 4761 1753 4833 habet
1789 4780 1802 4814 :
1838 4763 2108 4833 ἀκλήτους

539 4829 597 4881 δὲ
626 4829 954 4902 ἐπισκόπους
983 4828 1431 4902 ὑπὲρμδιοίκησιν,
1452 4830 1525 4900 μὴ
1552 4829 1849 4902 ἐπιϐαίνειν
1879 4828 1976 4886 ὲπϊ
1998 4851 2110 4902 χει-

545 4898 758 4972 ροτονίᾳ
812 4899 847 4968 ἡ
907 4915 1047 4951 τισιν
1095 4898 1291 4962 ἄλλαις
1344 4898 1676 4969 οἰκονομίαις
1723 4898 2107 4972 ἐκκλησιαστι-

540 4971 685 5028 καῖς.

612 5037 727 5108 (99)-
759 5038 835 5108 Td
858 5038 1216 5108 συμϐόλαια,
1260 5037 1431 5108 ,κατὰ
1480 5038 1553 5092 τὰ
1601 5039 1821 5108 νόμιμα
1861 5039 1980 5094 τῶν
2033 5041 2103 5096 ἐν

540 5104 1111 5176 Ἰταλίᾳ-Ῥωμαίων.
1168 5107 1340 5176 Hujus
1378 5109 1480 5162 loci
1520 5104 1830 5164 emendatio
1875 5111 2104 5166 debetur

538 5177 716 5248 codici
753 5174 1072 5248 Fuketiauo.
1132 5174 1292 5232 Prius
1317 5178 1462 5232 enim
1525 5179 1803 5248 legebatur
1848 5180 1916 5233 τὰ
1967 5180 2104 5248 σύμ-

538 5199 716 5230 ευαιυι
753 5199 1072 5231 runcuauu.
1132 5199 1292 5232 rrtus
1317 5199 1462 5232 ΒΙΙΙΙΙΙ
1525 5199 1803 5248 legebatur
1848 5199 1916 5233 τα
1967 5199 2030 5234 συ
2077 5209 2103 5222 ‘-

537 5245 689 5313 σολα,
737 5245 1194 5316 quemadmodum
1243 5248 1372 5318 legit
1403 5248 1568 5304 etiam
1623 5246 1984 5320 Nicephorus.
2036 5199 2103 5305 Et

2208 4699 2456 4775 retinuit,
2483 4708 2540 4753 ut
2564 4701 2833 4775 interdum
2859 4702 3040 4758 facere
3064 4705 3222 4760 solet.
3243 4706 3742 4775 Cliristophorsnuus

2205 4781 2337 4822 vero
2366 4769 2546 4843 locum
2565 4770 2637 4823 ita
2665 4770 3055 4843 interpretatus
3085 4783 3170 4829 est
3204 4794 3216 4829 :
3257 4776 3451 4831 Verum
3474 4769 3525 4829 ξε
3552 4773 3745 4843 insignia

2203 4852 2405 4914 quoque
2449 4839 2630 4914 eadem
2662 4839 2898 4914 Ruman
2941 4845 3048 4914 ritu
3090 4846 3429 4914 prtrfcrebat.
3461 4839 3739 4914 [lasciuior-

2205 4908 2441 4979 pretatio
2463 4909 2588 4978 jure
2622 4911 2815 4964 merito
2849 4908 3130 4979 displicuit
3156 4908 3368 4972 Jacobo
3401 4914 3672 4970 Gotofredo
3695 4911 3736 4979 in

2203 4978 2350 5055 notis
2379 4977 2445 5055 ad
2469 4977 2712 5055 veterem
2738 4981 2888 5036 orbis
2911 4977 3388 5055 Descriptionem,
3417 5001 3530 5055 cap.

2209 5047 2326 5126 ipse
2359 5047 2521 5126 aliam
2553 5048 2709 5126 all‘crt
2735 5047 3135 5126 expositionem
3171 5056 3346 5126 multo
3364 5047 3613 5126 peiorem.
3643 5049 3742 5126 Hajc

2207 5117 2352 5194 enim
2387 5118 2550 5194 verba
2590 5117 2881 5194 quomeni
2914 5123 3135 5194 exponit
3161 5123 3229 5179 de
3253 5117 3383 5194 jure
3416 5117 3592 5194 Italico
3617 5119 3741 5194 urbis

2209 5183 2862 5260 Constantinopolitanaz,
2926 5183 3086 5260 cujus
3143 5183 3353 5248 mentio
3417 5193 3472 5248 ﬁt
3544 5195 3592 5245 in
3647 5190 3742 5260 lege

2213 5255 2395 5319 unica,
2441 5256 2640 5313 Codice
2669 5255 3055 5317 Theodosiano
3115 5262 3188 5320 De
3231 5266 3363 5333 jure
3397 5263 3576 5317 Italico
3616 5255 3739 5313 urbis

1982 5433 2375 5495 VARIORUM.~

613 5543 828 5618 irMstd
869 5543 938 5598 δὲ
972 5546 1078 5618 τὸν
1121 5544 1364 5618 Ῥώμης.
1390 5578 1459 5588 —
1482 5546 1652 5618 Hujus
1679 5549 1898 5604 concilii
1923 5565 2100 5607 canon

533 5617 730 5689 tertius
777 5615 1020 5689 occurrit
1050 5617 1190 5686 apud
1226 5615 1577 5689 Beveregiuni
1607 5619 1692 5672 his
1716 5619 1896 5674 verbis
1929 5638 1942 5674 :
1997 5622 2102 5675 Τὸν

537 5684 720 5773 μέντοι
737 5756 759 5773 ς
785 5684 1406 5773 Κιρνσταντὶνουπόλειυς
1432 5684 1762 5773 ἱέπθίσκοπον
1781 5759 1793 5773 .
1826 5689 1969 5773 ἔχειν
2030 5693 2097 5745 τὰ

533 5755 794 5824 πρεσϐεῖα
823 5755 922 5822 τῆς
955 5757 1117 5826 τιμῆς
1143 5758 1276 5826 μετὰ
1296 5759 1384 5812 τὸν
1408 5758 1504 5828 τῆς
1536 5758 1750 5830 Ῥώμης
1777 5755 2091 5826 ἐπίσκοπον,

2202 5553 2292 5608 διὰ
2325 5555 2384 5608 τὸ
2407 5551 2541 5631 εἶναι
2569 5557 2742 5631 αὐτὴν
2774 5559 2898 5614 νέαν
2948 5558 3184 5631 Ῥώμην.
3225 5553 3738 5631 Constantinopolim:

2203 5641 2302 5698 ’1'“
2357 5628 2627 5696 ερδεσηρηε
2686 5628 2874 5684 habeat
2927 5628 3130 5698 prioris
3166 5630 3382 5682 honoris
3436 5637 3616 5698 partes
3645 5629 3739 5690 post

2203 5693 2496 5773 {tomammr
2524 5693 2821 5773 episcopum
2843 5741 2856 5764 ,
2890 5693 2950 5755 eo
2975 5701 3119 5773 quod,
3145 5702 3212 5773 sit
3251 5700 3372 5773 ipsa
3421 5693 3737 5773 uouajiorul:

2200 5763 2315 5821 Non
2351 5776 2432 5821 est
2484 5761 2571 5824 hic
2601 5761 2776 5827 canon
2835 5761 3236 5828 commentitius
3272 5761 3491 5839 '(inquit
3549 5761 3738 5836 Pagiusl
