4066 6338
284 373 423 431 ΜΗ

280 490 338 541 δὲ
373 488 539 543 πάλαι
578 486 673 556 τῆς
724 484 872 549 θείας
927 484 1237 555 βαπτίσεως
1286 482 1594 554 μετασχὼν,
1630 484 1694 551 τῇ
1734 479 1846 547 αὐτῆ

1974 490 2224 547 pt-ccala,
2261 483 2376 554 lege
2409 483 2593 540 divina
2626 489 2983 542 constitutum
3011 495 3116 545 est.
3141 490 3217 544 Ac
3247 489 3380 544 mihi
3421 492 3546 561 qui-
3630 480 3645 489 ”

278 577 556 633 διετέλεσα
598 576 748 646 βιοτῇ
805 574 1104 647 χρώμενος.
1143 575 1254 629 Καὶ
1279 575 1307 626 ὁ
1332 574 1430 644 μὲν
1459 574 1636 629 τοιάδε
1670 572 1864 639 λέγων,

279 670 378 737 οὐχ
405 668 615 737 ὑπέστη
643 668 743 737 τὴν
778 666 1132 737 χειροτονίαν.
1167 664 1310 734 Ἐγὼ
1340 665 1398 719 δέ
1430 666 1524 719 καὶ
1548 665 1647 733 τῆς
1669 680 1869 733 παραι-

278 761 488 829 τήσεως
551 757 756 811 ἐπαινῶ
805 758 898 811 τὸν
952 757 1143 829 ἄνδρα,
1205 758 1302 811 καὶ
1348 756 1436 810 διὰ
1483 755 1663 818 τοῦτο,
1704 754 1866 825 μέρος

277 851 621 920 ἐποιησάμην
672 849 832 901 αὐτὸν
884 848 1091 918 ταύτης
1116 849 1215 919 τῆς
1247 847 1485 919 γραφῆς.
1534 847 1593 898 '0
1627 846 1685 898 δὲ
1712 844 1866 915 βασι-

278 942 428 1004 λεὺς,
466 939 656 1008 μαθὼν
680 940 747 992 τὰ
783 938 1065 1009 συμϐάντα
1096 939 1294 1009 Παύλῳ
1319 937 1396 1009 τῷ
1426 938 1867 991 Κωνσταντινου-

280 1034 484 1095 πόλεως
532 1032 815 1101 ἐπισκόπῳ
858 1030 1164 1101 γενομένῳ,
1217 1031 1573 1101 μετεκόμισεν
1609 1027 1774 1083 αὐτοῦ
1804 1028 1865 1081 τὺ

279 1123 459 1189 σῶμα,
518 1122 611 1176 καὶ
673 1124 731 1174 ἐν
774 1123 841 1191 τῇ
885 1121 1148 1192 ἐκκλησίᾳ
1192 1121 1411 1190 ἔθαψεν,
1445 1122 1512 1189 ἢν
1548 1119 1864 1190 ᾠκοδόμησε

275 1214 605 1276 Μακεδόνιος
663 1215 691 1266 ό
734 1210 1122 1276 ἐπιϐουλεύσας
1180 1212 1365 1282 αὐτῷ’
1428 1212 1597 1265 εἰσέτι
1649 1228 1708 1263 τε
1769 1210 1863 1263 νῦν

277 1303 566 1374 ἐπώνυμός
594 1306 741 1356 ἐστιν
770 1301 940 1373 αὐτῷ,
966 1303 1221 1373 μέγιστος
1243 1303 1318 1356 ὢν
1341 1305 1435 1357 καὶ
1465 1302 1863 1374 ἐπισημότατος

273 1398 304 1449 ὁ
338 1397 463 1460 ναὸς
487 1387 659 1458 οὗτος.
688 1397 753 1448 Ὀ
776 1396 868 1449 καὶ
886 1394 1111 1459 πολλοὺς
1126 1394 1453 1463 ἀγνοοῦντας
1468 1394 1566 1465 τὴν
1582 1394 1858 1465 ἀλήθειαν,

277 1487 525 1540 ὑπονοεῖν
557 1486 700 1539 ποιεῖ
728 1484 939 1539 Παῦλον
965 1484 1054 1538 τὸν
1084 1485 1380 1539 ἀπόστολον
1408 1485 1596 1539 ἐνθάδε
1627 1485 1859 1547 κεῖσθαι,

278 1579 516 1648 μάλιστα
573 1577 631 1632 δὲ
680 1577 774 1631 καὶ¹
831 1578 929 1640 τὰς
965 1580 1249 1646 γυναῖκας,
1286 1578 1377 1631 καὶ
1416 1577 1511 1631 τοῦ
1538 1579 1707 1649 δήμου
1739 1579 1863 1640 τοὺς

273 1671 513 1734 πλείους.
560 1672 693 1739 Περὶ
720 1669 776 1723 δὲ
805 1668 993 1723 τοῦτον
1024 1670 1115 1725 τὸν
1145 1670 1358 1741 χρόνον,
1386 1671 1479 1724 καὶ
1510 1671 1571 1724 τὸ
1598 1670 1859 1723 Mela-rion

273 1761 522 1831 λείψανον
574 1761 835 1832 ἐκομίσθη
898 1764 978 1825 είς
1035 1761 1384 1832 Ἀντιόχειαν,
1442 1762 1536 1815 καὶ
1576 1760 1727 1832 παρὰ
1762 1761 1860 1830 τὴν

1238 365 1563 424 HISTORIA
1600 361 2152 419 ECCLESIASTICA.
2194 395 2261 404 —
2300 366 2430 422 LIB.
2476 366 2583 422 VII.

3406 373 3549 434 1442

1969 570 2092 625 (lem
2142 574 2349 631 videris
2405 576 2519 645 ipse
2569 578 2639 632 ab
2682 577 2986 635 infantibus
3027 595 3218 637 recens
3272 583 3416 638 natis
3464 582 3544 637 nil

1968 660 2211 718 dill'erre.
2247 663 2358 736 Ego
2389 682 2519 722 vero
2558 669 2651 737 qui
2682 669 2794 738 jam
2837 671 3046 742 pridem
3081 688 3304 729 sacrum
3358 675 3541 744 bapti-

1969 769 2147 809 smum
2180 762 2511 813 consecutus
2539 772 2685 825 sum,
2708 760 2764 814 in
2795 760 2983 816 eadem
3008 777 3116 832 qua
3141 763 3296 834 prius
3324 763 3543 820 vivendi

1967 844 2180 900 ratione
2208 850 2576 916 perseveravi.
2610 850 2789 921 Atque
2834 851 2923 909 hic
2956 853 3176 924 quidem
3229 852 3543 925 huiusmodi
3646 917 3650 920 ,

1966 948 2193 989 causam
2254 939 2519 1009 allegans,
2577 942 2982 998 ordinationem
3034 943 3380 1001 detrectavit.
3431 945 3543 1018 Ego

1965 1041 2095 1082 vero
2123 1042 2248 1083 eum
2277 1029 2348 1083 ob
2375 1030 2535 1086 istam
2564 1034 2964 1089 recusationem
3001 1051 3328 1107 magnopere
3354 1037 3539 1101 laudo,

1966 1125 2131 1188 atque
2183 1120 2393 1178 idcirco
2443 1123 2573 1179 huic
2620 1124 2867 1181 historia:
2909 1127 3061 1184 illum
3104 1128 3331 1184 inserui.
3370 1128 3544 1184 Porro
3644 1162 3659 1175 ο

1965 1208 2283 1279 imperator,
2320 1227 2444 1266 cmn
2487 1213 2555 1269 de
2598 1214 2665 1271 iis
2709 1232 2833 1286 qua:
2881 1216 3051 1271 Paulo
3092 1220 3367 1289 quondam
3396 1220 3546 1273 (Jon-

1966 1303 2352 1372 stantinopolis
2387 1305 2651 1375 episcopo
2681 1309 2997 1365 acciderant
3022 1311 3225 1366 certior
3253 1310 3430 1368 factus
3452 1328 3542 1369 cs-

1966 1398 2067 1452 sct,
2105 1408 2306 1462 corpus
2344 1397 2465 1463 ejus
2511 1400 2951 1455 transferendum
3009 1404 3221 1458 curavit
3258 1413 3312 1459 et
3363 1404 3418 1458 in
3451 1419 3543 1458 ec-

1964 1481 2130 1537 clesia
2162 1485 2472 1552 sepelivit‘,
2498 1501 2659 1555 quam
2689 1488 3044 1547 Macedonius
3071 1492 3190 1561 ejus
3221 1502 3543 1563 persecutor

1963 1572 2327 1629 :edilicaverat
2352 1575 2534 1646 291.
2562 1587 2615 1632 et
2637 1593 2759 1647 qua:
2792 1580 3057 1639 hactenus
3081 1584 3253 1652 ipsius
3276 1584 3543 1639 vocabulo

1963 1664 2223 1734 insignita
2277 1674 2395 1733 est,
2444 1668 2589 1723 aedes
2633 1671 2868 1724 maxima
2918 1681 3084 1743 atque
3137 1674 3539 1732 illustrissima.

1962 1756 2095 1821 Quae
2140 1771 2307 1811 causa
2339 1764 2424 1813 est
2461 1767 2517 1812 ut
2546 1757 2704 1812 multi
2742 1760 3025 1815 veritatem
3071 1762 3151 1816 rei
3198 1762 3538 1833 ignorantes.

274 1830 448 1923 θήκην
478 1830 695 1907 Βαϐύλα
717 1830 833 1906 τοῦδ
860 1854 1137 1925 μάρτυρος
1182 1830 1379 1925 ἐτάφη.
1422 1830 1741 1923 Λέγεταιήδὲ
1769 1852 1846 1906 διὰ

1963 1863 2027 1902 ac
2071 1850 2375 1918 praesertim
2411 1849 2691 1917 mulieres,
2736 1858 2790 1905 et
2825 1830 3325 1922 quamplurimi'cx
3361 1854 3539 1923 plebe,

271 1945 455 2014 πάσης
507 1944 605 2013 τῆς
663 1944 940 2015 λεωφόρου
1005 1944 1146 1998 κατὰ
1187 1943 1452 2015 βασιλέως
1503 1945 1854 2016 πρόσταγμα,

1959 1937 2191 1993 Paulum
2221 1941 2535 2008 apostolum
2562 1942 2673 1996 illic
2704 1942 2983 1996 conditum
3007 1958 3132 2000 esse
3162 1945 3537 2014 suspicentur.

270 2035 425 2098 ἐντὸς
473 2034 669 2104 τειχῶν
717 2036 797 2097 είς
854 2034 953 2098 τὰς
986 2035 1168 2099 πόλεις
1217 2035 1575 2106 εἰσδεχθῆναι,
1621 2034 1770 2106 παρὰ
1798 2035 1846 2087 τὲ

1958 2030 2064 2086 Per
2114 2032 2255 2086 idem
2285 2041 2504 2101 tempus
2549 2033 2746 2089 Meletii
2795 2036 3030 2091 cadaver
3067 2036 3415 2092 Antiochiam
3444 2039 3538 2092 de-

272 2126 658 2197 νενομισμένον
722 2126 1033 2196 Ῥωμαίοις,
1084 2126 1377 2198 ἀμοιϐαδόν
1427 2144 1486 2180 τε
1540 2127 1644 2179 ὑπὸ
1673 2126 1846 2196 ψαλμ-

1959 2130 2261 2193 portatum,
2301 2132 2356 2177 et
2397 2124 2555 2194 juxta
2604 2125 2846 2181 loculum
2893 2125 3111 2199 Babyla:
3142 2126 3405 2200 martyris
3439 2129 3537 2184 dc-

268 2217 457 2287 ῳδίαις
489 2218 608 2279 ταῖς
641 2217 700 2269 ἐν
728 2216 944 2288 ἑκάστῳ
968 2217 1117 2290 τόπῳ
1146 2216 1473 2289 τιμώμενον,
1509 2216 1613 2281 ἓως
1654 2218 1846 2271 Ἀντιο-

1960 2216 2199 2286 positum
2228 2225 2333 2271 est.
2359 2216 2529 2272 Aiunt
2551 2232 2741 2289 porro,
2766 2234 2865 2291 per
2888 2226 3059 2275 totam
3085 2220 3229 2275 viam
3263 2221 3537 2291 publicam
3559 2276 3563 2283 ,

268 2309 425 2378 χείας
450 2309 886 2380 διακομισθῆναι.

1955 2323 2020 2363 ex
2057 2307 2408 2377 imperatoris
2445 2307 2627 2376 jussu,
2654 2309 2889 2365 cadaver
2919 2308 3052 2364 illud
3082 2309 3227 2365 intra
3257 2309 3421 2365 urbes
3452 2324 3540 2364 re-

268 2400 730 2471 ceptmn‘luisse,
778 2409 974 2472 praeter
1007 2417 1218 2459 morem
1264 2404 1692 2474 institutumque
1736 2402 2151 2467 Romanorum;
2181 2408 2233 2455 et
2256 2401 2593 2471 psalmorum
2665 2402 2922 2460 cantibus
2987 2419 3086 2474 per
3148 2404 3364 2476 singula
3417 2406 3539 2460 loca

267 2493 579 2549 alternatim
614 2501 926 2565 exceptum,
965 2493 1268 2552 honor-ilice
1293 2495 1644 2553 Antiochiam
1679 2511 1856 2566 usque
1892 2493 2188 2552 deductum
2223 2494 2407 2550 fuisse.

854 2650 1112 2706 ΚΕΦΑΛ.
1154 2649 1256 2705 IA’.

267 2808 411 2893 Περὶ
447 2808 557 2878 τῆς
594 2812 973 2893 χειρορτωςίας
996 2813 1332 2893 Φᾳαιόιανρῦ
1371 2814 1476 2869 τοῦ
1508 2816 1847 2893 satiauerng

354 2883 739 2950 Ἀντιοχείας,
765 2883 861 2936 καὶ
898 2883 1018 2938 τῶν
1037 2885 1135 2939 ἐπὶ
1163 2888 1346 2956 ταύτῃ
1370 2887 1728 2956 συμϐάντων
1752 2886 1849 2941 διὰ

341 2953 447 3004 τὸν
475 2952 675 3019 ὅρκον.

340 3087 450 3139 Καὶ
474 3087 733 3150 Μελέτιος
761 3090 859 3159 μὲν
884 3092 1094 3145 τοιᾶσδε
1128 3090 1333 3163 ἠξιώθη
1369 3094 1563 3163 ταφῆς.
1591 3093 1847 3164 Χειροτο-

2593 2651 2746 2709 CAP.
2798 2652 2889 2711 XI.

1954 2807 2388 2884 Deordinatione
2410 2811 2662 2884 Flaviani
2688 2813 3061 2868 Antiochensis
3094 2814 3357 2884 episcopi,
3387 2824 3436 2871 et
3467 2815 3537 2873 a‘e
3616 2860 3619 2865 ν

2022 2880 2105 2935 his
2143 2898 2259 2951 qua:
2283 2893 2499 2952 propter
2514 2883 2900 2953 jusjurandum
2926 2880 3251 2939 acciderunt.

2026 3083 2104 3137 Ac
2140 3081 2392 3137 Meletius
2437 3081 2657 3151 quidem
2707 3081 3023 3152 hujusmodi
3054 3081 3394 3153 sepulturam
3444 3091 3532 3139 est

266 3182 440 3231 νεῖται
495 3179 550 3232 δὲ
602 3180 718 3232 ἀντ’
748 3182 914 3235 αὑτοῦ
944 3183 1239 3245 Φλαῦιανὸς
1271 3183 1418 3255 παρὰ
1448 3186 1572 3248 τοὺς
1601 3183 1846 3248 δοθέντας

1955 3178 2309 3225 consecutus.
2369 3168 2668 3226 Flavianus
2715 3185 2845 3225 vero
2883 3170 3006 3241 ejus
3059 3172 3183 3227 loco
3239 3173 3532 3229 ordinatus

264 3271 483 3341 ὅρκους.
520 3272 639 3326 Ἔτι
668 3273 776 3345 γὰρ
811 3276 1079 3340 Παυλῖνος
1106 3276 1179 3346 τῷ
1212 3275 1311 3345 βίῳ
1339 3277 1555 3347 περιῆν.
1608 3278 1701 3330 Ἐκ
1725 3278 1847 3331 τού-

263 3379 361 3414 του
395 3363 452 3415 δὲ
505 3365 735 3434 μεγίστη
785 3366 948 3419 πάλιν
1009 3366 1221 3438 ταραχὴ
1250 3365 1348 3437 τὴν
1398 3367 1717 3439 ’Λντιοχέων
1753 3370 1847 3422 ἐκ·

265 3455 494 3524 κλησίαν
546 3455 776 3509 ἐπέλαϐε
802 3472 815 3486 ·
842 3458 935 3511 καὶ
962 3458 1199 3511 πλεῖστοι
1244 3460 1384 3527 σφᾶς
1409 3459 1711 3529 ἀπέσχισαν
1748 3458 1846 3529 τῆς

264 3546 404 3618 πρὸς
459 3547 755 3601 Φλαϐιανδν
814 3549 1120 3615 κοινωνίας,
1178 3549 1272 3602 καὶ
1318 3549 1423 3603 ὑπὸ
1459 3549 1707 3619 Παυλίνῳ
1741 3549 1846 3621 ἰδίᾳ

264 3636 642 3706 ἐκκλησίαζον.
677 3638 998 3710 Διεφέροντο
1023 3640 1079 3692 δὲ
1108 3639 1297 3693 τούτου
1332 3641 1492 3711 χάριν
1518 3640 1655 3710 πρὸς
1683 3639 1846 3711 ἀλλή-

262 3727 388 3790 λους
412 3729 504 3780 καὶ
533 3729 686 3782 αὐτοὶ
718 3731 900 3800 ἱερεῖς.
936 3731 1044 3783 Kal
1071 3730 1357 3800 Αἰγύπτιοι
1403 3732 1521 3801 μὲν,
1552 3733 1645 3785 καὶ
1686 3732 1845 3802 Ἀρά-

260 3817 371 3872 6ιοι
402 3819 497 3873 καὶ
527 3819 781 3891 Κύπριοι,
815 3820 888 3885 ὡς
917 3821 1007 3874 ἐπὶ
1056 3822 1370 3894 ἠδικημένῳ
1402 3823 1650 3893 Παυλίνῳ
1675 3824 1843 3895 ἠγαν-

261 3912 485 3967 άκτουν.
543 3912 702 3983 Σύροι
758 3913 851 3974 δὲ,
903 3915 996 3966 καὶ
1036 3914 1382 3968 Παλαιστινοὶ
1440 3915 1532 3968 καὶ
1577 3915 1840 3978 Φοίνικες,

274 4005 575 4077 Ἀρμενίων
627 4023 685 4057 τε
738 4008 832 4058 καὶ
886 4006 1268 4060 Καππαδοκῶν
1301 4006 1395 4059 καὶ
1438 4005 1713 4068 Γαλατῶν,
1749 4005 1841 4058 καὶ

256 4090 372 4145 τῶν
395 4094 530 4162 πρὸς
558 4091 633 4162 τῷ
667 4093 852 4164 Πόντῳ
881 4095 930 4146 οί
964 4095 1199 4159 πλείους,
1231 4096 1299 4148 τὰ
1347 4095 1644 4149 Φλαϐιανοῦ
1675 4095 1838 4166 ἐφρό-

258 4200 406 4244 νουν.
430 4184 541 4254 Οὐχ
571 4184 772 4253 ἥκιστα
793 4184 849 4237 δὲ
880 4185 1232 4255 ἐχαλέπαινεν
1256 4188 1284 4239 ὁ
1313 4186 1596 4257 Ῥωμαίων
1617 4186 1837 4239 ἐπίσκο-

256 4290 380 4339 πος,
402 4274 492 4327 καὶ
515 4276 711 4337 πάντες
737 4277 784 4328 οἱ
808 4276 941 4346 πρὸς
958 4277 1224 4348 Ἑσπέραν
1256 4278 1435 4347 ἱερεῖς.
1462 4279 1567 4330 Kal
1590 4277 1839 4348 Παυλίνῳ

258 4366 362 4432 μὲν
392 4366 466 4429 ὡς
494 4366 779 4438 ἐπισκὸπῳ
812 4367 1143 4438 ’Λντιοχείας
1170 4367 1269 4432 τὰς
1311 4368 1561 4440 συνήθεις
1600 4369 1837 4439 ἔγραφον

254 4456 568 4522 ἐπιστολὰς,
600 4458 664 4521 ἃς
693 4458 975 4522 συνοδικὰς
996 4459 1218 4513 καλοῦσι
1241 4476 1255 4492 ο
1288 4461 1423 4531 πρὸς
1451 4460 1507 4514 δὲ
1540 4460 1836 4515 Φλαϐιανὸν

1950 3269 2062 3324 est,
2099 3268 2289 3315 contra
2339 3260 2708 3331 jurisjurandi
2766 3264 2927 3320 ﬁdem
2948 3266 2991 3317 '.
3063 3262 3199 3318 Nam
3267 3263 3532 3321 Paulinus

1946 3352 2126 3406 adhuc
2152 3361 2435 3422 superstes
2466 3360 2608 3409 erat.
2661 3353 2781 3421 Qua
2816 3369 2883 3411 ex
2916 3370 2974 3409 re
3007 3354 3204 3425 ingens
3233 3354 3532 3425 perturba.

1948 3445 2023 3500 tio
2055 3444 2488 3501 Antiochensem
2523 3444 2816 3501 ecclesiam
2869 3446 3070 3501 iterum
3105 3445 3400 3515 occupavit
3429 3461 3445 3501 :
3474 3455 3530 3499 et

1944 3538 2175 3608 plurimi
2206 3553 2265 3594 se
2297 3554 2326 3592 a
2372 3538 2769 3593 communione
2827 3537 3073 3592 Flaviani
3140 3538 3526 3609 sejunxerunt.

1944 3644 2010 3685 ac
2060 3646 2313 3687 seorsum
2374 3630 2479 3685 sub
2534 3629 2772 3685 Paulino
2831 3630 3095 3687 collectas
3150 3631 3524 3687 celebrarunt.

1945 3721 2051 3777 Sed
2079 3730 2133 3777 et
2168 3721 2484 3777 sacerdotes
2514 3721 2652 3791 ipsi,
2693 3721 2861 3791 hujus
2922 3722 3002 3777 rei
3044 3736 3213 3778 causa
3271 3724 3418 3779 inter
3466 3740 3527 3780 se

1943 3814 2305 3871 dissidebant.
2346 3814 2412 3868 Et
2468 3813 2715 3886 Egyptii
2752 3814 2972 3884 quidem
3004 3831 3129 3869 cum
3167 3815 3416 3873 Arabicis
3472 3830 3528 3873 et

1942 3904 2194 3975 Cypriis,
2233 3903 2452 3957 Paulini
2486 3909 2749 3972 tanquam
2774 3902 2975 3971 injuria
3010 3901 3191 3955 allecti
3225 3903 3395 3957 vicem
3424 3904 3524 3958 do-

1944 3997 2149 4052 lebant.
2193 3995 2315 4065 Syri
2343 4011 2473 4050 vero
2500 4005 2553 4050 et
2606 3995 2885 4050 Pala‘stini
2916 4010 2979 4049 ac
3014 3994 3330 4057 Plimnices,
3368 4003 3424 4049 et
3454 4010 3523 4051 ex

1942 4088 2239 4149 Armeniis,
2267 4086 2690 4157 Cappadoeibus
2714 4127 2728 4151 ,
2763 4085 2971 4140 Calatis
3016 4100 3079 4138 ac
3122 4085 3367 4140 Ponticis
3405 4086 3522 4156 ple—

1942 4180 2124 4249 rique,
2167 4178 2413 4232 Flaviani
2441 4185 2625 4247 partcs
2679 4176 2957 4232 fovebant.
2991 4176 3191 4231 Verum
3224 4178 3519 4248 episcopus

1941 4272 2226 4327 Romanus
2275 4283 2327 4325 et
2394 4270 2591 4339 reliqui
2632 4267 3063 4323 occidentalium
3125 4269 3368 4337 partium
3425 4284 3515 4324 sa-

1940 4364 2195 4420 cerdotes
2253 4378 2361 4417 non
2441 4359 2794 4416 mediocriter
2838 4358 3284 4431 indignabantur.
3335 4358 3400 4412 Et
3446 4360 3515 4413 ad

1943 4458 2226 4512 Paulinum
2259 4455 2479 4527 quidem
2512 4464 2770 4524 tanquam
2826 4453 3147 4524 episcopum
3179 4452 3514 4516 Antioehizc,

255 4545 471 4617 σιωπὴν
527 4544 680 4619 ἦγον.
741 4550 849 4602 Καὶ
913 4551 1038 4613 τοὺς
1090 4552 1233 4621 ἀμφὶ
1266 4530 1527 4623 Διόδωρον
1560 4552 1649 4605 τὸν
1687 4555 1833 4625 Ταρο

1949 4558 2233 4607 consuetas
2297 4547 2614 4603 scribebant
2676 4546 2976 4617 epistolas,
3030 4560 3167 4615 quas
3224 4544 3516 4614 synodicas

254 4634 353 4687 σοῦ
390 4635 489 4705 (4),
528 4637 620 4690 καὶ
668 4636 920 4691 Ἀκάιιον
968 4638 1057 4692 τὸν
1104 4640 1349 4710 Βεροίας,
1381 4642 1501 4704 τοὺς
1538 4642 1700 4695 αὐτὸν
1725 4661 1833 4712 χει-

254 4729 672 4799 ροτονήσαντας,
699 4728 754 4780 ἐν
782 4729 931 4800 αἰτίᾳ
961 4730 1258 4794 ἐποιοῦντο,
1311 4730 1406 4784 καὶ
1437 4733 1832 4804 ἀκοινωνήτους

252 4816 422 4889 εἶχον.
455 4820 616 4873 Ὥστε
645 4821 702 4874 δὲ
747 4820 815 4874 τὰ
858 4822 985 4892 περὶ
1016 4823 1219 4877 τούτων
1248 4823 1558 4892 διαγνῶναι,
1586 4824 1830 4895 ἔγραψαν

329 4992 347 5025 ³
384 4993 563 5058 Socr.,
594 4992 684 5046 lib.
713 5010 764 5058 v,
800 5008 849 5048 c.
878 4992 930 5048 9.
1005 4995 1024 5023 ²
1050 4994 1205 5056 ibid.,
1228 5010 1275 5049 c.
1302 4994 1457 5049 9-l7.

1940 4642 2239 4713 appellant.
2284 4639 2363 4693 Ad
2399 4637 2723 4691 Flavianum
2774 4647 2902 4691 vero
2953 4635 3132 4689 nullas
3164 4635 3377 4689 litteras
3404 4634 3503 4687 du-

1938 4735 2088 4789 bant.
2130 4732 2272 4800 Quin
2307 4741 2359 4785 et
2390 4730 2686 4785 Diodorum
2723 4726 2879 4782 Tarsi
2914 4735 2968 4779 et
3018 4725 3276 4780 Acacium
3310 4725 3513 4780 Bertrzc

1938 4826 2229 4898 episcopos
2259 4824 2351 4895 qui
2392 4823 2546 4878 illum
2602 4821 3015 4885 ordinaverant,
3067 4818 3121 4872 in
3177 4819 3385 4874 crimen
3415 4834 3511 4874 vo-

1456 5150 1725 5205 VALESII
1758 5144 2309 5206 ANNOTATIONES.

252 5307 387 5362 Scio
412 5305 657 5377 quidem”
691 5305 997 5361 sacerdotio
1024 5308 1284 5361 adnexam
1334 5324 1453 5363 esse
1489 5316 1815 5377 potestatem

249 5375 560 5434 dimittendi
593 5375 768 5431 aliena
799 5386 1041 5446 peccata.
1093 5380 1265 5446 Atque
1295 5379 1400 5431 hoc
1438 5375 1611 5433 ‘sensu
1641 5393 1823 5431 sacer-

248 5449 476 5518 tlotiutn
526 5446 708 5518 vocari
764 5461 922 5518 posse
969 5446 1260 5516 καθάρσιον
1323 5448 1439 5518 τῶν
1495 5447 1825 5518 ἁμαρτημά-

246 5536 405 5586 των.
437 5515 633 5570 Verum
684 5517 865 5569 hocin
904 5517 1024 5569 loco
1050 5515 1158 5570 non
1192 5520 1374 5586 agitur
1413 5517 1481 5572 de
1521 5515 1823 5571 alienorum

247 5585 547 5710 (τίιᾶιὶῐιιιηι
594 5587 932 5650 remissione,
980 5586 1073 5640 sed
1103 5587 1169 5641 de
1195 5585 1515 5657 purgatione
1543 5588 1713 5656 ipsius
1741 5604 1829 5641 sa-

247 5675 345 5710 τοι*
387 5666 511 5710 otts.

245 5666 511 5711 ('UI‘UOIIS.

326 5728 401 5795 (4)
444 5725 734 5792 Διόδωρον
758 5725 863 5778 τὸν
888 5723 1143 5794 Ταρσοῦ.
1194 5724 1311 5780 Non
1359 5726 1653 5781 Diodorum
1706 5734 1826 5779 tan-

248 5810 366 5852 tum
405 5804 461 5851 et
489 5796 743 5850 Acacium
789 5795 1030 5866 episcopi
1063 5795 1426 5853 occidentales
1460 5795 1826 5853 criminaban—

1928 5314 2036 5369 tur,
2058 5306 2200 5376 qnod
2228 5304 2553 5361 Flavianum
2579 5302 2873 5376 superstite
2890 5299 3502 5376 Paulinoprdinarant;

1938 5371 2129 5429 verum
2162 5378 2325 5450 etiam
2351 5371 2664 5450 Nectariuni
2686 5372 3353 5450 Constantinopolitantum
3390 5371 3504 5437 epi-

1930 5462 2155 5515 scopum
2174 5446 2292 5515 ejus
2323 5447 2398 5499 rei
2417 5461 2581 5517 causa
2615 5444 3030 5517 insimulabant,
3055 5440 3202 5511 quod
3226 5440 3345 5517 ejus
3375 5452 3504 5491 con-

1932 5508 2098 5571 sensu
2123 5508 2446 5586 ac'consilio
2474 5516 2749 5570 ordinatio
2791 5516 2894 5586 illa
2917 5508 3091 5586 facta
3122 5525 3245 5586 esse
3282 5508 3500 5586 dicere-

1934 5596 2039 5639 tur.
2073 5586 2257 5655 Itaque
2284 5585 2666 5641 Occidentales
2699 5585 2872 5652 ipsius
2916 5580 3153 5655 Nectarii
3196 5577 3502 5655 ordinatio-

1934 5671 2056 5709 nem
2084 5650 2345 5724 tan'quam
2372 5657 2505 5710 vitio
2552 5650 2754 5724 factam
2786 5650 3275 5724 reprehendebant,
3316 5652 3373 5724 ut
3420 5650 3501 5696 vi-

1935 5726 2062 5797 dere
2095 5719 2267 5797 estin
2295 5727 2531 5797 epistola
2569 5722 2792 5780 concilii
2823 5719 2989 5777 Italia:
3018 5719 3080 5773 ad
3114 5720 3497 5784 imperatorem

1934 5793 2321 5853 Theodosium.
