  <div class='ocr_page' id='page_1' title='image "/cluster/home/n/w/nwhite01/storage/ocr_20150623/67/mdp.39015018620115/728.png"; bbox 0 0 4066 6338; ppageno 0'>
   <div class='ocr_carea' id='block_1_1' title="bbox 462 364 601 421">
    <p class='ocr_par' dir='ltr' id='par_1_1' title="bbox 462 364 601 421">
     <span class='ocr_line' id='line_1_1' title="bbox 462 364 601 421; baseline -0.007 0"><span class='ocrx_word' id='word_1_1' title='bbox 462 364 484 421; x_wconf 81' lang='grc' dir='ltr'><strong>Ι</strong></span> <span class='ocrx_word' id='word_1_2' title='bbox 498 364 601 420; x_wconf 68' lang='lat'><strong>445</strong></span> 
     </span>
    </p>
   </div>
   <div class='ocr_carea' id='block_1_2' title="bbox 1404 364 2725 434">
    <p class='ocr_par' dir='ltr' id='par_1_2' title="bbox 1404 364 2725 434">
     <span class='ocr_line' id='line_1_2' title="bbox 1404 364 2725 434; baseline 0.01 -13"><span class='ocrx_word' id='word_1_3' title='bbox 1404 364 1724 424; x_wconf 79' lang='lat' dir='ltr'><strong>HISTORIA</strong></span> <span class='ocrx_word' id='word_1_4' title='bbox 1752 364 2308 426; x_wconf 77' lang='lat' dir='ltr'><strong>ECCLESIASTICA.</strong></span> <span class='ocrx_word' id='word_1_5' title='bbox 2334 400 2400 414; x_wconf 92' lang='lat'>--</span> <span class='ocrx_word' id='word_1_6' title='bbox 2439 373 2568 431; x_wconf 81' lang='lat' dir='ltr'><strong>LIB.</strong></span> <span class='ocrx_word' id='word_1_7' title='bbox 2610 375 2725 434; x_wconf 70' lang='lat' dir='ltr'><strong>VII.</strong></span> 
     </span>
    </p>
   </div>
   <div class='ocr_carea' id='block_1_3' title="bbox 3557 388 3695 448">
    <p class='ocr_par' dir='ltr' id='par_1_3' title="bbox 3557 388 3695 448">
     <span class='ocr_line' id='line_1_3' title="bbox 3557 388 3695 448; baseline 0.036 -4"><span class='ocrx_word' id='word_1_8' title='bbox 3557 388 3695 448; x_wconf 69' lang='lat'><strong>“46</strong></span> 
     </span>
    </p>
   </div>
   <div class='ocr_carea' id='block_1_4' title="bbox 460 484 2010 577">
    <p class='ocr_par' dir='ltr' id='par_1_4' title="bbox 460 484 2010 557">
     <span class='ocr_line' id='line_1_4' title="bbox 460 484 2010 557; baseline 0.001 -19"><span class='ocrx_word' id='word_1_9' title='bbox 460 484 771 555; x_wconf 77' lang='grc' dir='ltr'><strong>διαιρέσεως</strong></span> <span class='ocrx_word' id='word_1_10' title='bbox 796 484 894 554; x_wconf 80' lang='grc' dir='ltr'>τῆς</span> <span class='ocrx_word' id='word_1_11' title='bbox 938 484 1282 556; x_wconf 82' lang='grc' dir='ltr'>Ἐκκλησίας,</span> <span class='ocrx_word' id='word_1_12' title='bbox 1319 485 1639 557; x_wconf 79' lang='grc' dir='ltr'><strong>καθηγητὰς</strong></span> <span class='ocrx_word' id='word_1_13' title='bbox 1666 486 1762 542; x_wconf 76' lang='grc' dir='ltr'>καὶ</span> <span class='ocrx_word' id='word_1_14' title='bbox 1781 485 2010 540; x_wconf 86' lang='grc' dir='ltr'>διδασκά</span> 
     </span>
    </p>
   </div>
   <div class='ocr_carea' id='block_1_5' title="bbox 2109 484 3694 577">
    <p class='ocr_par' dir='ltr' id='par_1_5' title="bbox 2138 490 3694 577">
     <span class='ocr_line' id='line_1_5' title="bbox 2138 490 3694 577; baseline 0.016 -38"><span class='ocrx_word' id='word_1_15' title='bbox 2138 490 2447 548; x_wconf 73' lang='lat' dir='ltr'><strong>rectissime</strong></span> <span class='ocrx_word' id='word_1_16' title='bbox 2479 494 2770 551; x_wconf 83' lang='lat' dir='ltr'><strong>consulere</strong></span> <span class='ocrx_word' id='word_1_17' title='bbox 2790 494 2963 561; x_wconf 86' lang='lat' dir='ltr'><strong>visus,</strong></span> <span class='ocrx_word' id='word_1_18' title='bbox 2999 506 3190 554; x_wconf 98' lang='lat' dir='ltr'><strong>auctor</strong></span> <span class='ocrx_word' id='word_1_19' title='bbox 3231 499 3416 559; x_wconf 88' lang='lat' dir='ltr'><strong>fuitut</strong></span> <span class='ocrx_word' id='word_1_20' title='bbox 3445 503 3694 577; x_wconf 76' lang='lat' dir='ltr'><strong>fugerem</strong></span> 
     </span>
    </p>
   </div>
   <div class='ocr_carea' id='block_1_6' title="bbox 462 575 2026 651">
    <p class='ocr_par' dir='ltr' id='par_1_6' title="bbox 462 575 2026 651">
     <span class='ocr_line' id='line_1_6' title="bbox 462 575 2026 651; baseline 0.002 -23"><span class='ocrx_word' id='word_1_21' title='bbox 462 577 586 640; x_wconf 83' lang='grc' dir='ltr'>λους</span> <span class='ocrx_word' id='word_1_22' title='bbox 603 575 711 629; x_wconf 84' lang='grc' dir='ltr'><strong>τῶν</strong></span> <span class='ocrx_word' id='word_1_23' title='bbox 731 575 890 646; x_wconf 82' lang='grc' dir='ltr'>ἱερῶν</span> <span class='ocrx_word' id='word_1_24' title='bbox 903 576 1092 645; x_wconf 87' lang='grc' dir='ltr'>Λόγων</span> <span class='ocrx_word' id='word_1_25' title='bbox 1116 579 1458 649; x_wconf 82' lang='grc' dir='ltr'>γενομένους.</span> <span class='ocrx_word' id='word_1_26' title='bbox 1483 579 1547 633; x_wconf 88' lang='grc' dir='ltr'>Εἰ</span> <span class='ocrx_word' id='word_1_27' title='bbox 1571 578 1669 649; x_wconf 76' lang='grc' dir='ltr'>μὲν</span> <span class='ocrx_word' id='word_1_28' title='bbox 1685 578 1792 651; x_wconf 81' lang='grc' dir='ltr'><strong>γὰρ</strong></span> <span class='ocrx_word' id='word_1_29' title='bbox 1803 578 2026 645; x_wconf 85' lang='grc' dir='ltr'>τούτων,</span> 
     </span>
    </p>
   </div>
   <div class='ocr_carea' id='block_1_7' title="bbox 459 665 2029 739">
    <p class='ocr_par' dir='ltr' id='par_1_7' title="bbox 459 665 2029 739">
     <span class='ocr_line' id='line_1_7' title="bbox 459 665 2029 739; baseline 0.002 -20"><span class='ocrx_word' id='word_1_30' title='bbox 459 666 588 738; x_wconf 74' lang='grc' dir='ltr'>ἔφη,</span> <span class='ocrx_word' id='word_1_31' title='bbox 621 665 720 730; x_wconf 76' lang='grc' dir='ltr'><strong>τὰς</strong></span> <span class='ocrx_word' id='word_1_32' title='bbox 782 668 1084 739; x_wconf 73' lang='grc' dir='ltr'><strong>μαρτυρίας</strong></span> <span class='ocrx_word' id='word_1_33' title='bbox 1133 669 1500 734; x_wconf 76' lang='grc' dir='ltr'>ἀποϐάλωσιν,</span> <span class='ocrx_word' id='word_1_34' title='bbox 1532 669 1637 724; x_wconf 81' lang='grc' dir='ltr'><strong>ὑπὸ</strong></span> <span class='ocrx_word' id='word_1_35' title='bbox 1679 668 1788 724; x_wconf 86' lang='grc' dir='ltr'><strong>τῶν</strong></span> <span class='ocrx_word' id='word_1_36' title='bbox 1811 669 2029 723; x_wconf 79' lang='grc' dir='ltr'>οἰκείων</span> 
     </span>
    </p>
   </div>
   <div class='ocr_carea' id='block_1_8' title="bbox 459 756 2029 829">
    <p class='ocr_par' dir='ltr' id='par_1_8' title="bbox 459 756 2029 829">
     <span class='ocr_line' id='line_1_8' title="bbox 459 756 2029 829; baseline 0.001 -18"><span class='ocrx_word' id='word_1_37' title='bbox 459 756 893 829; x_wconf 77' lang='grc' dir='ltr'>ἐξελαθησονται.</span> <span class='ocrx_word' id='word_1_38' title='bbox 932 758 995 812; x_wconf 84' lang='grc' dir='ltr'>Εἰ</span> <span class='ocrx_word' id='word_1_39' title='bbox 1025 758 1083 813; x_wconf 84' lang='grc' dir='ltr'>δὲ</span> <span class='ocrx_word' id='word_1_40' title='bbox 1131 759 1347 823; x_wconf 76' lang='grc' dir='ltr'>ἱκανοὺς</span> <span class='ocrx_word' id='word_1_41' title='bbox 1374 761 1454 824; x_wconf 86' lang='grc' dir='ltr'><strong>εἰς</strong></span> <span class='ocrx_word' id='word_1_42' title='bbox 1483 759 1753 827; x_wconf 82' lang='grc' dir='ltr'>ἀπόδειξιν</span> <span class='ocrx_word' id='word_1_43' title='bbox 1779 759 1888 812; x_wconf 87' lang='grc' dir='ltr'><strong>τῶν</strong></span> <span class='ocrx_word' id='word_1_44' title='bbox 1920 759 2029 829; x_wconf 84' lang='grc' dir='ltr'>ἀμ-</span> 
     </span>
    </p>
   </div>
   <div class='ocr_carea' id='block_1_9' title="bbox 458 848 2027 923">
    <p class='ocr_par' dir='ltr' id='par_1_9' title="bbox 458 848 2027 923">
     <span class='ocr_line' id='line_1_9' title="bbox 458 848 2027 923; baseline 0.001 -21"><span class='ocrx_word' id='word_1_45' title='bbox 458 849 691 919; x_wconf 80' lang='grc' dir='ltr'>φιδόλων</span> <span class='ocrx_word' id='word_1_46' title='bbox 726 850 1047 921; x_wconf 77' lang='grc' dir='ltr'>ἡγήσονται,</span> <span class='ocrx_word' id='word_1_47' title='bbox 1097 848 1453 923; x_wconf 76' lang='grc' dir='ltr'>προΐσχεσθαι</span> <span class='ocrx_word' id='word_1_48' title='bbox 1501 851 1581 904; x_wconf 84' lang='grc' dir='ltr'><strong>δεί</strong></span> <span class='ocrx_word' id='word_1_49' title='bbox 1617 852 1714 914; x_wconf 81' lang='grc' dir='ltr'>τὰς</span> <span class='ocrx_word' id='word_1_50' title='bbox 1741 849 1919 905; x_wconf 80' lang='grc' dir='ltr'>αὐτῶν</span> <span class='ocrx_word' id='word_1_51' title='bbox 1946 850 2027 920; x_wconf 78' lang='grc' dir='ltr'><strong>βί-</strong></span> 
     </span>
    </p>
   </div>
   <div class='ocr_carea' id='block_1_10' title="bbox 453 936 2025 1014">
    <p class='ocr_par' dir='ltr' id='par_1_10' title="bbox 453 936 2025 1014">
     <span class='ocr_line' id='line_1_10' title="bbox 453 936 2025 1014; baseline 0.002 -22"><span class='ocrx_word' id='word_1_52' title='bbox 453 939 638 1005; x_wconf 75' lang='grc' dir='ltr'>ϐλους.</span> <span class='ocrx_word' id='word_1_53' title='bbox 665 936 739 995; x_wconf 80' lang='grc' dir='ltr'><strong>Εὖ</strong></span> <span class='ocrx_word' id='word_1_54' title='bbox 767 941 875 1013; x_wconf 81' lang='grc' dir='ltr'><strong>γὰρ</strong></span> <span class='ocrx_word' id='word_1_55' title='bbox 894 941 1031 1013; x_wconf 72' lang='grc' dir='ltr'>ᾔδει,</span> <span class='ocrx_word' id='word_1_56' title='bbox 1055 942 1130 1006; x_wconf 84' lang='grc' dir='ltr'>ὡς</span> <span class='ocrx_word' id='word_1_57' title='bbox 1150 943 1200 996; x_wconf 91' lang='grc' dir='ltr'><strong>οἰ</strong></span> <span class='ocrx_word' id='word_1_58' title='bbox 1219 944 1438 998; x_wconf 76' lang='grc' dir='ltr'>παλαιοὶ</span> <span class='ocrx_word' id='word_1_59' title='bbox 1465 943 1731 997; x_wconf 88' lang='grc' dir='ltr'>συναῖδιον</span> <span class='ocrx_word' id='word_1_60' title='bbox 1749 942 1828 1013; x_wconf 79' lang='grc' dir='ltr'>τῷ</span> <span class='ocrx_word' id='word_1_61' title='bbox 1849 942 2025 1014; x_wconf 76' lang='grc' dir='ltr'>Πατρὶ</span> 
     </span>
    </p>
   </div>
   <div class='ocr_carea' id='block_1_11' title="bbox 457 1032 2026 1106">
    <p class='ocr_par' dir='ltr' id='par_1_11' title="bbox 457 1032 2026 1106">
     <span class='ocr_line' id='line_1_11' title="bbox 457 1032 2026 1106; baseline -0.001 -19"><span class='ocrx_word' id='word_1_62' title='bbox 457 1032 546 1087; x_wconf 81' lang='grc' dir='ltr'>τὸν</span> <span class='ocrx_word' id='word_1_63' title='bbox 594 1032 722 1087; x_wconf 86' lang='grc' dir='ltr'>Υίδν</span> <span class='ocrx_word' id='word_1_64' title='bbox 788 1033 1058 1105; x_wconf 81' lang='grc' dir='ltr'>εὑρόντες,</span> <span class='ocrx_word' id='word_1_65' title='bbox 1110 1035 1210 1088; x_wconf 82' lang='grc' dir='ltr'>οὐκ</span> <span class='ocrx_word' id='word_1_66' title='bbox 1252 1034 1554 1106; x_wconf 83' lang='grc' dir='ltr'>ἐτόλμησαν</span> <span class='ocrx_word' id='word_1_67' title='bbox 1583 1036 1754 1088; x_wconf 85' lang='grc' dir='ltr'>εἰπεῖν</span> <span class='ocrx_word' id='word_1_68' title='bbox 1787 1033 1850 1086; x_wconf 77' lang='grc' dir='ltr'><strong>ἐκ</strong></span> <span class='ocrx_word' id='word_1_69' title='bbox 1879 1049 2026 1097; x_wconf 89' lang='grc' dir='ltr'>τινος</span> 
     </span>
    </p>
   </div>
   <div class='ocr_carea' id='block_1_12' title="bbox 454 1122 2023 1198">
    <p class='ocr_par' dir='ltr' id='par_1_12' title="bbox 454 1122 2023 1198">
     <span class='ocr_line' id='line_1_12' title="bbox 454 1122 2023 1198; baseline -0.001 -21"><span class='ocrx_word' id='word_1_70' title='bbox 454 1124 634 1198; x_wconf 82' lang='grc' dir='ltr'>ἀρχῆς</span> <span class='ocrx_word' id='word_1_71' title='bbox 663 1123 760 1196; x_wconf 84' lang='grc' dir='ltr'>τὴν</span> <span class='ocrx_word' id='word_1_72' title='bbox 791 1123 1003 1192; x_wconf 86' lang='grc' dir='ltr'>γένεσιν</span> <span class='ocrx_word' id='word_1_73' title='bbox 1040 1125 1201 1180; x_wconf 80' lang='grc' dir='ltr'>αὐτὸν</span> <span class='ocrx_word' id='word_1_74' title='bbox 1234 1124 1400 1196; x_wconf 76' lang='grc' dir='ltr'>ἔχειν.</span> <span class='ocrx_word' id='word_1_75' title='bbox 1428 1126 1581 1180; x_wconf 73' lang='grc' dir='ltr'>Ἐπεὶ</span> <span class='ocrx_word' id='word_1_76' title='bbox 1602 1124 1660 1179; x_wconf 85' lang='grc' dir='ltr'>δὲ</span> <span class='ocrx_word' id='word_1_77' title='bbox 1685 1124 1811 1180; x_wconf 87' lang='grc' dir='ltr'>τάδε</span> <span class='ocrx_word' id='word_1_78' title='bbox 1841 1122 2023 1187; x_wconf 83' lang='grc' dir='ltr'>καλῶς</span> 
     </span>
    </p>
   </div>
   <div class='ocr_carea' id='block_1_13' title="bbox 455 1213 2020 1288">
    <p class='ocr_par' dir='ltr' id='par_1_13' title="bbox 455 1213 2020 1288">
     <span class='ocr_line' id='line_1_13' title="bbox 455 1213 2020 1288; baseline 0.002 -23"><span class='ocrx_word' id='word_1_79' title='bbox 455 1213 598 1284; x_wconf 78' lang='grc' dir='ltr'>ἔχειν</span> <span class='ocrx_word' id='word_1_80' title='bbox 636 1214 732 1267; x_wconf 70' lang='grc' dir='ltr'>καὶ</span> <span class='ocrx_word' id='word_1_81' title='bbox 778 1214 1066 1285; x_wconf 84' lang='grc' dir='ltr'>Νεκταρίῳ</span> <span class='ocrx_word' id='word_1_82' title='bbox 1105 1217 1398 1286; x_wconf 81' lang='grc' dir='ltr'><strong>συνεδόκει,</strong></span> <span class='ocrx_word' id='word_1_83' title='bbox 1432 1215 1620 1288; x_wconf 85' lang='grc' dir='ltr'>μαθὼν</span> <span class='ocrx_word' id='word_1_84' title='bbox 1663 1216 1721 1270; x_wconf 83' lang='grc' dir='ltr'>δὲ</span> <span class='ocrx_word' id='word_1_85' title='bbox 1743 1216 1838 1270; x_wconf 78' lang='grc' dir='ltr'>καὶ</span> <span class='ocrx_word' id='word_1_86' title='bbox 1867 1215 2020 1286; x_wconf 89' lang='grc' dir='ltr'>βασι-</span> 
     </span>
    </p>
   </div>
   <div class='ocr_carea' id='block_1_14' title="bbox 454 1304 2019 1380">
    <p class='ocr_par' dir='ltr' id='par_1_14' title="bbox 454 1304 2019 1380">
     <span class='ocr_line' id='line_1_14' title="bbox 454 1304 2019 1380; baseline 0.002 -23"><span class='ocrx_word' id='word_1_87' title='bbox 454 1304 597 1369; x_wconf 85' lang='grc' dir='ltr'>λεὺς,</span> <span class='ocrx_word' id='word_1_88' title='bbox 640 1304 868 1374; x_wconf 76' lang='grc' dir='ltr'>ἐπῄνεσε</span> <span class='ocrx_word' id='word_1_89' title='bbox 902 1305 1001 1376; x_wconf 80' lang='grc' dir='ltr'>τὴν</span> <span class='ocrx_word' id='word_1_90' title='bbox 1024 1305 1238 1378; x_wconf 79' lang='grc' dir='ltr'>βουλὴν,</span> <span class='ocrx_word' id='word_1_91' title='bbox 1266 1309 1603 1380; x_wconf 81' lang='grc' dir='ltr'>ἀπεπειρᾶτο</span> <span class='ocrx_word' id='word_1_92' title='bbox 1634 1307 1742 1363; x_wconf 89' lang='grc' dir='ltr'><strong>τῶν</strong></span> <span class='ocrx_word' id='word_1_93' title='bbox 1767 1307 1876 1361; x_wconf 81' lang='grc' dir='ltr'>ἀπὸ</span> <span class='ocrx_word' id='word_1_94' title='bbox 1910 1305 2019 1360; x_wconf 87' lang='grc' dir='ltr'><strong>τῶν</strong></span> 
     </span>
    </p>
   </div>
   <div class='ocr_carea' id='block_1_15' title="bbox 452 1393 2020 1469">
    <p class='ocr_par' dir='ltr' id='par_1_15' title="bbox 452 1393 2020 1469">
     <span class='ocr_line' id='line_1_15' title="bbox 452 1393 2020 1469; baseline 0.001 -21"><span class='ocrx_word' id='word_1_95' title='bbox 452 1393 627 1448; x_wconf 78' lang='grc' dir='ltr'>ἄλλων</span> <span class='ocrx_word' id='word_1_96' title='bbox 654 1394 936 1463; x_wconf 79' lang='grc' dir='ltr'><strong>αἱρέσεων,</strong></span> <span class='ocrx_word' id='word_1_97' title='bbox 970 1395 1118 1460; x_wconf 84' lang='grc' dir='ltr'>ὅπως</span> <span class='ocrx_word' id='word_1_98' title='bbox 1152 1396 1336 1466; x_wconf 74' lang='grc' dir='ltr'>ἔχουσι</span> <span class='ocrx_word' id='word_1_99' title='bbox 1381 1397 1605 1469; x_wconf 82' lang='grc' dir='ltr'>γνώμης</span> <span class='ocrx_word' id='word_1_100' title='bbox 1636 1398 1765 1469; x_wconf 75' lang='grc' dir='ltr'>περὶ</span> <span class='ocrx_word' id='word_1_101' title='bbox 1794 1397 1891 1462; x_wconf 74' lang='grc' dir='ltr'>τὰς</span> <span class='ocrx_word' id='word_1_102' title='bbox 1912 1397 2020 1450; x_wconf 85' lang='grc' dir='ltr'><strong>τῶν</strong></span> 
     </span>
    </p>
   </div>
   <div class='ocr_carea' id='block_1_16' title="bbox 452 1483 2014 1557">
    <p class='ocr_par' dir='ltr' id='par_1_16' title="bbox 452 1483 2014 1557">
     <span class='ocr_line' id='line_1_16' title="bbox 452 1483 2014 1557; baseline -0.001 -19"><span class='ocrx_word' id='word_1_103' title='bbox 452 1483 822 1554; x_wconf 79' lang='grc' dir='ltr'>παλαιοτέρων</span> <span class='ocrx_word' id='word_1_104' title='bbox 849 1485 1155 1556; x_wconf 80' lang='grc' dir='ltr'>ἐξηγήσεις.</span> <span class='ocrx_word' id='word_1_105' title='bbox 1186 1486 1305 1540; x_wconf 89' lang='grc' dir='ltr'>Τῶν</span> <span class='ocrx_word' id='word_1_106' title='bbox 1332 1487 1388 1541; x_wconf 82' lang='grc' dir='ltr'>δὲ</span> <span class='ocrx_word' id='word_1_107' title='bbox 1417 1487 1561 1557; x_wconf 86' lang='grc' dir='ltr'>μάλα</span> <span class='ocrx_word' id='word_1_108' title='bbox 1595 1487 2014 1557; x_wconf 77' lang='grc' dir='ltr'><strong>θαυμασάντων,</strong></span> 
     </span>
    </p>
   </div>
   <div class='ocr_carea' id='block_1_17' title="bbox 452 1573 2019 1649">
    <p class='ocr_par' dir='ltr' id='par_1_17' title="bbox 452 1573 2019 1649">
     <span class='ocr_line' id='line_1_17' title="bbox 452 1573 2019 1649; baseline -0.001 -22"><span class='ocrx_word' id='word_1_109' title='bbox 452 1573 750 1643; x_wconf 80' lang='grc' dir='ltr'>ἀναφανδὸν</span> <span class='ocrx_word' id='word_1_110' title='bbox 794 1574 1081 1647; x_wconf 72' lang='grc' dir='ltr'>ἐδήλωσεν,</span> <span class='ocrx_word' id='word_1_111' title='bbox 1119 1577 1169 1628; x_wconf 89' lang='grc' dir='ltr'><strong>εἰ</strong></span> <span class='ocrx_word' id='word_1_112' title='bbox 1218 1576 1310 1629; x_wconf 78' lang='grc' dir='ltr'>ἐπὶ</span> <span class='ocrx_word' id='word_1_113' title='bbox 1350 1578 1463 1640; x_wconf 83' lang='grc' dir='ltr'>τοῖς</span> <span class='ocrx_word' id='word_1_114' title='bbox 1498 1575 1808 1649; x_wconf 80' lang='grc' dir='ltr'>εἰρημένοις</span> <span class='ocrx_word' id='word_1_115' title='bbox 1835 1574 2019 1635; x_wconf 80' lang='grc' dir='ltr'>αὐτοῖς</span> 
     </span>
    </p>
   </div>
   <div class='ocr_carea' id='block_1_18' title="bbox 451 1663 2017 1738">
    <p class='ocr_par' dir='ltr' id='par_1_18' title="bbox 451 1663 2017 1738">
     <span class='ocr_line' id='line_1_18' title="bbox 451 1663 2017 1738; baseline -0.003 -19"><span class='ocrx_word' id='word_1_116' title='bbox 451 1663 858 1719; x_wconf 87' lang='grc' dir='ltr'>καταπαύσουσι</span> <span class='ocrx_word' id='word_1_117' title='bbox 886 1664 982 1729; x_wconf 82' lang='grc' dir='ltr'>τὰς</span> <span class='ocrx_word' id='word_1_118' title='bbox 1008 1663 1279 1736; x_wconf 81' lang='grc' dir='ltr'>ζητήσεις,</span> <span class='ocrx_word' id='word_1_119' title='bbox 1316 1667 1409 1720; x_wconf 77' lang='grc' dir='ltr'>καὶ</span> <span class='ocrx_word' id='word_1_120' title='bbox 1422 1665 1728 1738; x_wconf 80' lang='grc' dir='ltr'>ἀξιοχρέους</span> <span class='ocrx_word' id='word_1_121' title='bbox 1759 1663 2017 1737; x_wconf 80' lang='grc' dir='ltr'>ἡγοῦνται</span> 
     </span>
    </p>
   </div>
   <div class='ocr_carea' id='block_1_19' title="bbox 451 1750 2015 1827">
    <p class='ocr_par' dir='ltr' id='par_1_19' title="bbox 451 1750 2015 1827">
     <span class='ocr_line' id='line_1_19' title="bbox 451 1750 2015 1827; baseline -0.012 -5"><span class='ocrx_word' id='word_1_122' title='bbox 451 1753 731 1826; x_wconf 77' lang='grc' dir='ltr'>μάρτυρας</span> <span class='ocrx_word' id='word_1_123' title='bbox 754 1753 848 1807; x_wconf 81' lang='grc' dir='ltr'><strong>τοῦ</strong></span> <span class='ocrx_word' id='word_1_124' title='bbox 873 1755 1159 1825; x_wconf 82' lang='grc' dir='ltr'>δόγματος.</span> <span class='ocrx_word' id='word_1_125' title='bbox 1204 1756 1477 1827; x_wconf 88' lang='grc' dir='ltr'>Διχονοίας</span> <span class='ocrx_word' id='word_1_126' title='bbox 1504 1756 1561 1810; x_wconf 84' lang='grc' dir='ltr'><strong>δέ</strong></span> <span class='ocrx_word' id='word_1_127' title='bbox 1586 1756 1680 1809; x_wconf 78' lang='grc' dir='ltr'>καὶ</span> <span class='ocrx_word' id='word_1_128' title='bbox 1707 1754 1835 1826; x_wconf 72' lang='grc' dir='ltr'>περὶ</span> <span class='ocrx_word' id='word_1_129' title='bbox 1860 1750 2015 1807; x_wconf 80' lang='grc' dir='ltr'>τοῦτο</span> 
     </span>
    </p>
   </div>
   <div class='ocr_carea' id='block_1_20' title="bbox 2142 576 3696 663">
    <p class='ocr_par' dir='ltr' id='par_1_20' title="bbox 2142 576 3696 663">
     <span class='ocr_line' id='line_1_20' title="bbox 2142 576 3696 663; baseline 0.015 -30"><span class='ocrx_word' id='word_1_130' title='bbox 2142 576 2542 650; x_wconf 71' lang='lat' dir='ltr'><strong>disputationes</strong></span> <span class='ocrx_word' id='word_1_131' title='bbox 2573 600 2698 640; x_wconf 90' lang='lat' dir='ltr'><strong>cum</strong></span> <span class='ocrx_word' id='word_1_132' title='bbox 2733 585 3028 655; x_wconf 70' lang='lat' dir='ltr'><strong>haereticis,</strong></span> <span class='ocrx_word' id='word_1_133' title='bbox 3084 598 3348 663; x_wconf 88' lang='lat' dir='ltr'><strong>tanquam</strong></span> <span class='ocrx_word' id='word_1_134' title='bbox 3384 576 3696 655; x_wconf 66' lang='lat' dir='ltr'><strong>contentio-</strong></span> 
     </span>
    </p>
   </div>
   <div class='ocr_carea' id='block_1_21' title="bbox 2131 667 3693 761">
    <p class='ocr_par' dir='ltr' id='par_1_21' title="bbox 2131 667 3693 761">
     <span class='ocr_line' id='line_1_21' title="bbox 2131 667 3693 761; baseline 0.017 -40"><span class='ocrx_word' id='word_1_135' title='bbox 2131 667 2219 725; x_wconf 85' lang='lat' dir='ltr'><strong>nis</strong></span> <span class='ocrx_word' id='word_1_136' title='bbox 2251 684 2318 726; x_wconf 87' lang='lat' dir='ltr'><strong>ac</strong></span> <span class='ocrx_word' id='word_1_137' title='bbox 2336 670 2559 729; x_wconf 85' lang='lat' dir='ltr'><strong>discidii</strong></span> <span class='ocrx_word' id='word_1_138' title='bbox 2617 674 2837 735; x_wconf 82' lang='lat' dir='ltr'><strong>fomites</strong></span> <span class='ocrx_word' id='word_1_139' title='bbox 2870 695 2887 734; x_wconf 87' lang='lat'><strong>:</strong></span> <span class='ocrx_word' id='word_1_140' title='bbox 2955 679 3467 757; x_wconf 74' lang='lat' dir='ltr'><strong>interrogarentque</strong></span> <span class='ocrx_word' id='word_1_141' title='bbox 3505 691 3693 761; x_wconf 82' lang='lat' dir='ltr'><strong>potius</strong></span> 
     </span>
    </p>
   </div>
   <div class='ocr_carea' id='block_1_22' title="bbox 2128 757 3692 847">
    <p class='ocr_par' dir='ltr' id='par_1_22' title="bbox 2128 757 3692 847">
     <span class='ocr_line' id='line_1_22' title="bbox 2128 757 3692 847; baseline 0.015 -35"><span class='ocrx_word' id='word_1_142' title='bbox 2128 757 2275 825; x_wconf 89' lang='lat' dir='ltr'><strong>illos,</strong></span> <span class='ocrx_word' id='word_1_143' title='bbox 2302 776 2437 816; x_wconf 90' lang='lat' dir='ltr'><strong>num</strong></span> <span class='ocrx_word' id='word_1_144' title='bbox 2476 763 2828 823; x_wconf 86' lang='lat' dir='ltr'><strong>admitterent</strong></span> <span class='ocrx_word' id='word_1_145' title='bbox 2873 782 2972 826; x_wconf 88' lang='lat' dir='ltr'><strong>eos</strong></span> <span class='ocrx_word' id='word_1_146' title='bbox 3004 769 3263 830; x_wconf 89' lang='lat' dir='ltr'><strong>doctores</strong></span> <span class='ocrx_word' id='word_1_147' title='bbox 3311 784 3475 847; x_wconf 87' lang='lat' dir='ltr'><strong>atque</strong></span> <span class='ocrx_word' id='word_1_148' title='bbox 3508 757 3692 834; x_wconf 78' lang='lat' dir='ltr'><strong>inter—</strong></span> 
     </span>
    </p>
   </div>
   <div class='ocr_carea' id='block_1_23' title="bbox 2126 853 3690 932">
    <p class='ocr_par' dir='ltr' id='par_1_23' title="bbox 2126 853 3690 932">
     <span class='ocr_line' id='line_1_23' title="bbox 2126 853 3690 932; baseline 0.014 -31"><span class='ocrx_word' id='word_1_149' title='bbox 2126 856 2309 917; x_wconf 82' lang='lat' dir='ltr'><strong>pretes</strong></span> <span class='ocrx_word' id='word_1_150' title='bbox 2332 865 2616 909; x_wconf 88' lang='lat' dir='ltr'><strong>sacrarum</strong></span> <span class='ocrx_word' id='word_1_151' title='bbox 2650 853 3085 927; x_wconf 91' lang='lat' dir='ltr'><strong>Scripturarum,</strong></span> <span class='ocrx_word' id='word_1_152' title='bbox 3111 862 3207 932; x_wconf 89' lang='lat' dir='ltr'><strong>qui</strong></span> <span class='ocrx_word' id='word_1_153' title='bbox 3244 872 3372 921; x_wconf 87' lang='lat' dir='ltr'><strong>ante</strong></span> <span class='ocrx_word' id='word_1_154' title='bbox 3399 864 3690 923; x_wconf 89' lang='lat' dir='ltr'><strong>discidium</strong></span> 
     </span>
    </p>
   </div>
   <div class='ocr_carea' id='block_1_24' title="bbox 2127 937 3692 1017">
    <p class='ocr_par' dir='ltr' id='par_1_24' title="bbox 2127 937 3692 1017">
     <span class='ocr_line' id='line_1_24' title="bbox 2127 937 3692 1017; baseline 0.014 -26"><span class='ocrx_word' id='word_1_155' title='bbox 2127 937 2386 997; x_wconf 81' lang='lat' dir='ltr'><strong>Ecclesiae</strong></span> <span class='ocrx_word' id='word_1_156' title='bbox 2408 942 2695 1000; x_wconf 82' lang='lat' dir='ltr'><strong>vixissent.</strong></span> <span class='ocrx_word' id='word_1_157' title='bbox 2723 945 2961 1015; x_wconf 89' lang='lat' dir='ltr'><strong>Etenim,</strong></span> <span class='ocrx_word' id='word_1_158' title='bbox 2990 949 3208 1017; x_wconf 90' lang='lat' dir='ltr'><strong>aiebat,</strong></span> <span class='ocrx_word' id='word_1_159' title='bbox 3261 954 3309 1009; x_wconf 94' lang='lat' dir='ltr'><strong>si</strong></span> <span class='ocrx_word' id='word_1_160' title='bbox 3340 953 3570 1011; x_wconf 90' lang='lat' dir='ltr'><strong>istorum</strong></span> <span class='ocrx_word' id='word_1_161' title='bbox 3611 968 3692 1013; x_wconf 87' lang='lat' dir='ltr'><strong>te-</strong></span> 
     </span>
    </p>
   </div>
   <div class='ocr_carea' id='block_1_25' title="bbox 2125 1031 3692 1117">
    <p class='ocr_par' dir='ltr' id='par_1_25' title="bbox 2125 1031 3692 1117">
     <span class='ocr_line' id='line_1_25' title="bbox 2125 1031 3692 1117; baseline 0.011 -30"><span class='ocrx_word' id='word_1_162' title='bbox 2125 1031 2384 1088; x_wconf 88' lang='lat' dir='ltr'><strong>stimonia</strong></span> <span class='ocrx_word' id='word_1_163' title='bbox 2441 1035 2755 1105; x_wconf 86' lang='lat' dir='ltr'><strong>rejecerint,</strong></span> <span class='ocrx_word' id='word_1_164' title='bbox 2787 1055 2818 1093; x_wconf 90' lang='lat' dir='ltr'><strong>a</strong></span> <span class='ocrx_word' id='word_1_165' title='bbox 2850 1040 2966 1097; x_wconf 87' lang='lat' dir='ltr'><strong>suis</strong></span> <span class='ocrx_word' id='word_1_166' title='bbox 2989 1044 3339 1100; x_wconf 87' lang='lat' dir='ltr'><strong>consortibus</strong></span> <span class='ocrx_word' id='word_1_167' title='bbox 3394 1048 3692 1117; x_wconf 80' lang='lat' dir='ltr'><strong>expluden-</strong></span> 
     </span>
    </p>
   </div>
   <div class='ocr_carea' id='block_1_26' title="bbox 2125 1123 3689 1197">
    <p class='ocr_par' dir='ltr' id='par_1_26' title="bbox 2125 1123 3689 1197">
     <span class='ocr_line' id='line_1_26' title="bbox 2125 1123 3689 1197; baseline 0.013 -20"><span class='ocrx_word' id='word_1_168' title='bbox 2125 1132 2234 1178; x_wconf 92' lang='lat' dir='ltr'><strong>tur.</strong></span> <span class='ocrx_word' id='word_1_169' title='bbox 2289 1123 2345 1179; x_wconf 88' lang='lat' dir='ltr'><strong>Si</strong></span> <span class='ocrx_word' id='word_1_170' title='bbox 2395 1142 2532 1183; x_wconf 89' lang='lat' dir='ltr'><strong>vero</strong></span> <span class='ocrx_word' id='word_1_171' title='bbox 2595 1128 2722 1186; x_wconf 89' lang='lat' dir='ltr'><strong>illos</strong></span> <span class='ocrx_word' id='word_1_172' title='bbox 2774 1131 2840 1186; x_wconf 92' lang='lat' dir='ltr'><strong>ad</strong></span> <span class='ocrx_word' id='word_1_173' title='bbox 2900 1130 3233 1191; x_wconf 87' lang='lat' dir='ltr'><strong>dirimendas</strong></span> <span class='ocrx_word' id='word_1_174' title='bbox 3283 1141 3689 1197; x_wconf 69' lang='lat' dir='ltr'><strong>controversias</strong></span> 
     </span>
    </p>
   </div>
   <div class='ocr_carea' id='block_1_27' title="bbox 2125 1214 3686 1297">
    <p class='ocr_par' dir='ltr' id='par_1_27' title="bbox 2125 1214 3686 1297">
     <span class='ocr_line' id='line_1_27' title="bbox 2125 1214 3686 1297; baseline 0.012 -29"><span class='ocrx_word' id='word_1_175' title='bbox 2125 1214 2353 1272; x_wconf 89' lang='lat' dir='ltr'><strong>idoneos</strong></span> <span class='ocrx_word' id='word_1_176' title='bbox 2384 1232 2509 1274; x_wconf 91' lang='lat' dir='ltr'><strong>esse</strong></span> <span class='ocrx_word' id='word_1_177' title='bbox 2544 1221 2982 1292; x_wconf 88' lang='lat' dir='ltr'><strong>arbitrabuntur,</strong></span> <span class='ocrx_word' id='word_1_178' title='bbox 3012 1225 3323 1297; x_wconf 81' lang='lat' dir='ltr'><strong>proferendi</strong></span> <span class='ocrx_word' id='word_1_179' title='bbox 3348 1237 3477 1284; x_wconf 91' lang='lat' dir='ltr'><strong>sunt</strong></span> <span class='ocrx_word' id='word_1_180' title='bbox 3496 1245 3686 1286; x_wconf 88' lang='lat' dir='ltr'><strong>eorum</strong></span> 
     </span>
    </p>
   </div>
   <div class='ocr_carea' id='block_1_28' title="bbox 2122 1302 3686 1388">
    <p class='ocr_par' dir='ltr' id='par_1_28' title="bbox 2122 1302 3686 1388">
     <span class='ocr_line' id='line_1_28' title="bbox 2122 1302 3686 1388; baseline 0.012 -31"><span class='ocrx_word' id='word_1_181' title='bbox 2122 1302 2270 1361; x_wconf 86' lang='lat' dir='ltr'><strong>libri.</strong></span> <span class='ocrx_word' id='word_1_182' title='bbox 2302 1306 2478 1365; x_wconf 84' lang='lat' dir='ltr'><strong>Probe</strong></span> <span class='ocrx_word' id='word_1_183' title='bbox 2498 1311 2642 1365; x_wconf 87' lang='lat' dir='ltr'><strong>enim</strong></span> <span class='ocrx_word' id='word_1_184' title='bbox 2675 1320 2836 1366; x_wconf 88' lang='lat' dir='ltr'><strong>norat</strong></span> <span class='ocrx_word' id='word_1_185' title='bbox 2893 1316 3151 1386; x_wconf 90' lang='lat' dir='ltr'><strong>antiquos</strong></span> <span class='ocrx_word' id='word_1_186' title='bbox 3173 1317 3265 1388; x_wconf 87' lang='lat' dir='ltr'><strong>qui</strong></span> <span class='ocrx_word' id='word_1_187' title='bbox 3306 1318 3502 1375; x_wconf 88' lang='lat' dir='ltr'><strong>Filium</strong></span> <span class='ocrx_word' id='word_1_188' title='bbox 3536 1320 3686 1376; x_wconf 89' lang='lat' dir='ltr'><strong>Patri</strong></span> 
     </span>
    </p>
   </div>
   <div class='ocr_carea' id='block_1_29' title="bbox 2131 1402 3685 1480">
    <p class='ocr_par' dir='ltr' id='par_1_29' title="bbox 2131 1402 3685 1480">
     <span class='ocr_line' id='line_1_29' title="bbox 2131 1402 3685 1480; baseline 0.012 -29"><span class='ocrx_word' id='word_1_189' title='bbox 2131 1404 2463 1454; x_wconf 67' lang='lat' dir='ltr'><strong>coaeternum</strong></span> <span class='ocrx_word' id='word_1_190' title='bbox 2536 1402 2687 1457; x_wconf 91' lang='lat' dir='ltr'><strong>credi</strong></span> <span class='ocrx_word' id='word_1_191' title='bbox 2754 1404 3133 1475; x_wconf 89' lang='lat' dir='ltr'><strong>reperissent,</strong></span> <span class='ocrx_word' id='word_1_192' title='bbox 3182 1422 3463 1480; x_wconf 88' lang='lat' dir='ltr'><strong>nunquam</strong></span> <span class='ocrx_word' id='word_1_193' title='bbox 3516 1426 3685 1470; x_wconf 87' lang='lat' dir='ltr'><strong>ausos</strong></span> 
     </span>
    </p>
   </div>
   <div class='ocr_carea' id='block_1_30' title="bbox 2122 1483 3686 1572">
    <p class='ocr_par' dir='ltr' id='par_1_30' title="bbox 2122 1483 3686 1572">
     <span class='ocr_line' id='line_1_30' title="bbox 2122 1483 3686 1572; baseline 0.013 -34"><span class='ocrx_word' id='word_1_194' title='bbox 2122 1483 2522 1553; x_wconf 83' lang='lat' dir='ltr'><strong>fuissedicere,</strong></span> <span class='ocrx_word' id='word_1_195' title='bbox 2554 1491 2697 1560; x_wconf 92' lang='lat' dir='ltr'><strong>quod</strong></span> <span class='ocrx_word' id='word_1_196' title='bbox 2732 1495 3104 1563; x_wconf 74' lang='lat' dir='ltr'><strong>generationis</strong></span> <span class='ocrx_word' id='word_1_197' title='bbox 3151 1514 3269 1556; x_wconf 70' lang='lat' dir='ltr'><strong>suae</strong></span> <span class='ocrx_word' id='word_1_198' title='bbox 3310 1501 3534 1572; x_wconf 86' lang='lat' dir='ltr'><strong>aliquod</strong></span> <span class='ocrx_word' id='word_1_199' title='bbox 3591 1503 3686 1559; x_wconf 86' lang='lat' dir='ltr'><strong>ha-</strong></span> 
     </span>
    </p>
   </div>
   <div class='ocr_carea' id='block_1_31' title="bbox 2119 1579 3680 1664">
    <p class='ocr_par' dir='ltr' id='par_1_31' title="bbox 2119 1579 3680 1664">
     <span class='ocr_line' id='line_1_31' title="bbox 2119 1579 3680 1664; baseline 0.009 -29"><span class='ocrx_word' id='word_1_200' title='bbox 2119 1579 2331 1636; x_wconf 86' lang='lat' dir='ltr'><strong>buisset</strong></span> <span class='ocrx_word' id='word_1_201' title='bbox 2362 1581 2598 1637; x_wconf 88' lang='lat' dir='ltr'><strong>initium.</strong></span> <span class='ocrx_word' id='word_1_202' title='bbox 2640 1584 2773 1639; x_wconf 84' lang='lat' dir='ltr'><strong>Cum</strong></span> <span class='ocrx_word' id='word_1_203' title='bbox 2818 1585 2983 1657; x_wconf 79' lang='lat' dir='ltr'><strong>igitur</strong></span> <span class='ocrx_word' id='word_1_204' title='bbox 3012 1587 3264 1646; x_wconf 85' lang='lat' dir='ltr'><strong>Nectario</strong></span> <span class='ocrx_word' id='word_1_205' title='bbox 3288 1592 3340 1647; x_wconf 90' lang='lat' dir='ltr'><strong>id</strong></span> <span class='ocrx_word' id='word_1_206' title='bbox 3360 1594 3680 1664; x_wconf 88' lang='lat' dir='ltr'><strong>placuisset,</strong></span> 
     </span>
    </p>
   </div>
   <div class='ocr_carea' id='block_1_32' title="bbox 2119 1672 3683 1758">
    <p class='ocr_par' dir='ltr' id='par_1_32' title="bbox 2119 1672 3683 1758">
     <span class='ocr_line' id='line_1_32' title="bbox 2119 1672 3683 1758; baseline 0.011 -31"><span class='ocrx_word' id='word_1_207' title='bbox 2119 1678 2175 1727; x_wconf 90' lang='lat' dir='ltr'><strong>et</strong></span> <span class='ocrx_word' id='word_1_208' title='bbox 2194 1672 2490 1742; x_wconf 89' lang='lat' dir='ltr'><strong>imperator</strong></span> <span class='ocrx_word' id='word_1_209' title='bbox 2511 1674 2673 1749; x_wconf 69' lang='lat'><strong>293</strong></span> <span class='ocrx_word' id='word_1_210' title='bbox 2703 1677 2905 1731; x_wconf 88' lang='lat' dir='ltr'><strong>certior</strong></span> <span class='ocrx_word' id='word_1_211' title='bbox 2935 1679 3113 1737; x_wconf 88' lang='lat' dir='ltr'><strong>factus</strong></span> <span class='ocrx_word' id='word_1_212' title='bbox 3131 1684 3426 1742; x_wconf 91' lang='lat' dir='ltr'><strong>consilium</strong></span> <span class='ocrx_word' id='word_1_213' title='bbox 3478 1702 3683 1758; x_wconf 90' lang='lat' dir='ltr'><strong>appro-</strong></span> 
     </span>
    </p>
   </div>
   <div class='ocr_carea' id='block_1_33' title="bbox 2120 1761 3680 1848">
    <p class='ocr_par' dir='ltr' id='par_1_33' title="bbox 2120 1761 3680 1848">
     <span class='ocr_line' id='line_1_33' title="bbox 2120 1761 3680 1848; baseline 0.012 -32"><span class='ocrx_word' id='word_1_214' title='bbox 2120 1761 2539 1831; x_wconf 87' lang='lat' dir='ltr'><strong>basset,tentare</strong></span> <span class='ocrx_word' id='word_1_215' title='bbox 2563 1766 2730 1839; x_wconf 71' lang='lat' dir='ltr'><strong>erepit</strong></span> <span class='ocrx_word' id='word_1_216' title='bbox 2761 1768 3142 1827; x_wconf 67' lang='lat' dir='ltr'><strong>haereticorum</strong></span> <span class='ocrx_word' id='word_1_217' title='bbox 3166 1775 3399 1842; x_wconf 88' lang='lat' dir='ltr'><strong>animos,</strong></span> <span class='ocrx_word' id='word_1_218' title='bbox 3419 1779 3680 1848; x_wconf 89' lang='lat' dir='ltr'><strong>quidnam</strong></span> 
     </span>
    </p>
   </div>
   <div class='ocr_carea' id='block_1_34' title="bbox 450 1824 2010 1938">
    <p class='ocr_par' dir='ltr' id='par_1_34' title="bbox 450 1824 2010 1918">
     <span class='ocr_line' id='line_1_34' title="bbox 450 1824 2010 1918; baseline 0.001 -20"><span class='ocrx_word' id='word_1_219' title='bbox 450 1824 735 1916; x_wconf 73' lang='grc' dir='ltr'>ωμσάσης</span> <span class='ocrx_word' id='word_1_220' title='bbox 792 1847 906 1909; x_wconf 80' lang='grc' dir='ltr'>τοῖς</span> <span class='ocrx_word' id='word_1_221' title='bbox 944 1824 1400 1916; x_wconf 17' lang='grc' dir='ltr'>προεστῶσιήτῶν</span> <span class='ocrx_word' id='word_1_222' title='bbox 1444 1846 1728 1918; x_wconf 74' lang='grc' dir='ltr'>αἱρέσεων,</span> <span class='ocrx_word' id='word_1_223' title='bbox 1759 1824 1821 1899; x_wconf 78' lang='grc' dir='ltr'>οὐ</span> <span class='ocrx_word' id='word_1_224' title='bbox 1840 1843 2010 1899; x_wconf 79' lang='grc' dir='ltr'>ταύτὰ</span> 
     </span>
    </p>
   </div>
   <div class='ocr_carea' id='block_1_35' title="bbox 2109 1824 3681 1938">
    <p class='ocr_par' dir='ltr' id='par_1_35' title="bbox 2113 1824 3681 1938">
     <span class='ocr_line' id='line_1_35' title="bbox 2113 1824 3681 1938; baseline 0.012 -31"><span class='ocrx_word' id='word_1_225' title='bbox 2113 1853 2218 1924; x_wconf 86' lang='lat' dir='ltr'><strong>ipsi</strong></span> <span class='ocrx_word' id='word_1_226' title='bbox 2261 1824 2329 1912; x_wconf 81' lang='lat' dir='ltr'><strong>de</strong></span> <span class='ocrx_word' id='word_1_227' title='bbox 2364 1866 2607 1913; x_wconf 89' lang='lat' dir='ltr'><strong>veterum</strong></span> <span class='ocrx_word' id='word_1_228' title='bbox 2650 1824 3196 1930; x_wconf 75' lang='lat' dir='ltr'><strong>interpretationibus</strong></span> <span class='ocrx_word' id='word_1_229' title='bbox 3248 1824 3532 1925; x_wconf 45' lang='lat' dir='ltr'><strong>sentire‘nt.</strong></span> <span class='ocrx_word' id='word_1_230' title='bbox 3576 1870 3681 1938; x_wconf 86' lang='lat' dir='ltr'><strong>Qui</strong></span> 
     </span>
    </p>
   </div>
   <div class='ocr_carea' id='block_1_36' title="bbox 447 1935 2010 2010">
    <p class='ocr_par' dir='ltr' id='par_1_36' title="bbox 447 1935 2010 2010">
     <span class='ocr_line' id='line_1_36' title="bbox 447 1935 2010 2010; baseline -0.001 -20"><span class='ocrx_word' id='word_1_231' title='bbox 447 1935 554 2008; x_wconf 84' lang='grc' dir='ltr'><strong>γὰρ</strong></span> <span class='ocrx_word' id='word_1_232' title='bbox 608 1936 827 1992; x_wconf 74' lang='grc' dir='ltr'>ἕκαστοι</span> <span class='ocrx_word' id='word_1_233' title='bbox 890 1938 1020 2010; x_wconf 82' lang='grc' dir='ltr'><strong>περί</strong></span> <span class='ocrx_word' id='word_1_234' title='bbox 1074 1937 1173 2001; x_wconf 88' lang='grc' dir='ltr'><strong>τάς</strong></span> <span class='ocrx_word' id='word_1_235' title='bbox 1207 1939 1316 1992; x_wconf 86' lang='grc' dir='ltr'><strong>τῶν</strong></span> <span class='ocrx_word' id='word_1_236' title='bbox 1342 1938 1709 2010; x_wconf 80' lang='grc' dir='ltr'>ἀρχαιοτέρων</span> <span class='ocrx_word' id='word_1_237' title='bbox 1752 1938 2010 2009; x_wconf 80' lang='grc' dir='ltr'>ἐφρόνουν</span> 
     </span>
    </p>
   </div>
   <div class='ocr_carea' id='block_1_37' title="bbox 450 2024 2011 2100">
    <p class='ocr_par' dir='ltr' id='par_1_37' title="bbox 450 2024 2011 2100">
     <span class='ocr_line' id='line_1_37' title="bbox 450 2024 2011 2100; baseline 0.001 -22"><span class='ocrx_word' id='word_1_238' title='bbox 450 2024 659 2095; x_wconf 79' lang='grc' dir='ltr'>βίϐλους</span> <span class='ocrx_word' id='word_1_239' title='bbox 681 2043 694 2058; x_wconf 77' lang='grc' dir='ltr'><strong>ο</strong></span> <span class='ocrx_word' id='word_1_240' title='bbox 718 2026 860 2096; x_wconf 80' lang='grc' dir='ltr'>ἔγνω</span> <span class='ocrx_word' id='word_1_241' title='bbox 880 2030 908 2082; x_wconf 82' lang='grc' dir='ltr'><strong>ό</strong></span> <span class='ocrx_word' id='word_1_242' title='bbox 925 2027 1194 2099; x_wconf 81' lang='grc' dir='ltr'>βασιλεὺς,</span> <span class='ocrx_word' id='word_1_243' title='bbox 1210 2027 1286 2092; x_wconf 80' lang='grc' dir='ltr'><strong>ὡς</strong></span> <span class='ocrx_word' id='word_1_244' title='bbox 1306 2027 1570 2096; x_wconf 77' lang='grc' dir='ltr'>διαλέξεσι</span> <span class='ocrx_word' id='word_1_245' title='bbox 1590 2028 1776 2100; x_wconf 86' lang='grc' dir='ltr'>μόναις</span> <span class='ocrx_word' id='word_1_246' title='bbox 1796 2027 2011 2082; x_wconf 76' lang='grc' dir='ltr'>οἰκείων</span> 
     </span>
    </p>
   </div>
   <div class='ocr_carea' id='block_1_38' title="bbox 446 2117 2011 2192">
    <p class='ocr_par' dir='ltr' id='par_1_38' title="bbox 446 2117 2011 2192">
     <span class='ocr_line' id='line_1_38' title="bbox 446 2117 2011 2192; baseline 0.001 -21"><span class='ocrx_word' id='word_1_247' title='bbox 446 2117 620 2187; x_wconf 84' lang='grc' dir='ltr'>λόγων</span> <span class='ocrx_word' id='word_1_248' title='bbox 669 2118 1008 2185; x_wconf 82' lang='grc' dir='ltr'>πεποιθότες,</span> <span class='ocrx_word' id='word_1_249' title='bbox 1068 2120 1407 2192; x_wconf 80' lang='grc' dir='ltr'>παρῃτοῦντο</span> <span class='ocrx_word' id='word_1_250' title='bbox 1453 2120 1552 2192; x_wconf 84' lang='grc' dir='ltr'>τὴν</span> <span class='ocrx_word' id='word_1_251' title='bbox 1583 2120 1867 2191; x_wconf 85' lang='grc' dir='ltr'>πρότασιν.</span> <span class='ocrx_word' id='word_1_252' title='bbox 1898 2118 2011 2174; x_wconf 70' lang='grc' dir='ltr'><strong>Καὶ</strong></span> 
     </span>
    </p>
   </div>
   <div class='ocr_carea' id='block_1_39' title="bbox 444 2207 2010 2285">
    <p class='ocr_par' dir='ltr' id='par_1_39' title="bbox 444 2207 2010 2285">
     <span class='ocr_line' id='line_1_39' title="bbox 444 2207 2010 2285; baseline 0 -22"><span class='ocrx_word' id='word_1_253' title='bbox 444 2209 542 2279; x_wconf 84' lang='grc' dir='ltr'>τῆς</span> <span class='ocrx_word' id='word_1_254' title='bbox 568 2207 792 2281; x_wconf 86' lang='grc' dir='ltr'>γνώμης</span> <span class='ocrx_word' id='word_1_255' title='bbox 819 2211 1015 2274; x_wconf 83' lang='grc' dir='ltr'>αὐτοὺς</span> <span class='ocrx_word' id='word_1_256' title='bbox 1067 2210 1438 2282; x_wconf 84' lang='grc' dir='ltr'>μεμψάμενος,</span> <span class='ocrx_word' id='word_1_257' title='bbox 1469 2209 1750 2265; x_wconf 87' lang='grc' dir='ltr'>ἐκέλευσεν</span> <span class='ocrx_word' id='word_1_258' title='bbox 1776 2210 2010 2285; x_wconf 82' lang='grc' dir='ltr'>ἑκάστην</span> 
     </span>
    </p>
   </div>
   <div class='ocr_carea' id='block_1_40' title="bbox 444 2299 2006 2372">
    <p class='ocr_par' dir='ltr' id='par_1_40' title="bbox 444 2299 2006 2372">
     <span class='ocr_line' id='line_1_40' title="bbox 444 2299 2006 2372; baseline 0.001 -17"><span class='ocrx_word' id='word_1_259' title='bbox 444 2299 656 2370; x_wconf 85' lang='grc' dir='ltr'>αἵρεσιν</span> <span class='ocrx_word' id='word_1_260' title='bbox 706 2299 921 2372; x_wconf 81' lang='grc' dir='ltr'>γραφὴν</span> <span class='ocrx_word' id='word_1_261' title='bbox 952 2300 1100 2371; x_wconf 84' lang='grc' dir='ltr'><strong>αὐτῷ</strong></span> <span class='ocrx_word' id='word_1_262' title='bbox 1131 2302 1326 2358; x_wconf 90' lang='grc' dir='ltr'>διδόναι</span> <span class='ocrx_word' id='word_1_263' title='bbox 1365 2301 1461 2356; x_wconf 78' lang='grc' dir='ltr'><strong>τοῦ</strong></span> <span class='ocrx_word' id='word_1_264' title='bbox 1495 2302 1693 2357; x_wconf 80' lang='grc' dir='ltr'>οἰκείου</span> <span class='ocrx_word' id='word_1_265' title='bbox 1719 2301 2006 2372; x_wconf 90' lang='grc' dir='ltr'>δόγματος.</span> 
     </span>
    </p>
   </div>
   <div class='ocr_carea' id='block_1_41' title="bbox 456 2390 2006 2465">
    <p class='ocr_par' dir='ltr' id='par_1_41' title="bbox 456 2390 2006 2465">
     <span class='ocr_line' id='line_1_41' title="bbox 456 2390 2006 2465; baseline 0 -22"><span class='ocrx_word' id='word_1_266' title='bbox 456 2390 609 2444; x_wconf 79' lang='grc' dir='ltr'><strong>Ἑπεί⁹</strong></span> <span class='ocrx_word' id='word_1_267' title='bbox 625 2390 683 2444; x_wconf 86' lang='grc' dir='ltr'><strong>δέ</strong></span> <span class='ocrx_word' id='word_1_268' title='bbox 708 2390 890 2463; x_wconf 78' lang='grc' dir='ltr'>ἡμέρα</span> <span class='ocrx_word' id='word_1_269' title='bbox 914 2394 1116 2464; x_wconf 82' lang='grc' dir='ltr'>παρῆν,</span> <span class='ocrx_word' id='word_1_270' title='bbox 1150 2393 1275 2447; x_wconf 88' lang='grc' dir='ltr'>καθ’</span> <span class='ocrx_word' id='word_1_271' title='bbox 1311 2393 1381 2465; x_wconf 82' lang='grc' dir='ltr'>ἢν</span> <span class='ocrx_word' id='word_1_272' title='bbox 1407 2390 1605 2464; x_wconf 85' lang='grc' dir='ltr'>ὥριστο</span> <span class='ocrx_word' id='word_1_273' title='bbox 1626 2390 1783 2445; x_wconf 82' lang='grc' dir='ltr'>τοῦτο</span> <span class='ocrx_word' id='word_1_274' title='bbox 1814 2393 2006 2456; x_wconf 84' lang='grc' dir='ltr'>ποιεῖν,</span> 
     </span>
    </p>
   </div>
   <div class='ocr_carea' id='block_1_42' title="bbox 443 2478 2008 2554">
    <p class='ocr_par' dir='ltr' id='par_1_42' title="bbox 443 2478 2008 2554">
     <span class='ocr_line' id='line_1_42' title="bbox 443 2478 2008 2554; baseline 0.002 -21"><span class='ocrx_word' id='word_1_275' title='bbox 443 2478 699 2550; x_wconf 81' lang='grc' dir='ltr'>συνῆλθον</span> <span class='ocrx_word' id='word_1_276' title='bbox 752 2483 832 2545; x_wconf 83' lang='grc' dir='ltr'><strong>εἰς</strong></span> <span class='ocrx_word' id='word_1_277' title='bbox 877 2482 945 2536; x_wconf 79' lang='grc' dir='ltr'>τὰ</span> <span class='ocrx_word' id='word_1_278' title='bbox 987 2482 1251 2553; x_wconf 86' lang='grc' dir='ltr'>βασίλεια,</span> <span class='ocrx_word' id='word_1_279' title='bbox 1293 2483 1431 2554; x_wconf 76' lang='grc' dir='ltr'>ὑπὲρ</span> <span class='ocrx_word' id='word_1_280' title='bbox 1463 2482 1562 2554; x_wconf 84' lang='grc' dir='ltr'>μὲν</span> <span class='ocrx_word' id='word_1_281' title='bbox 1589 2482 1697 2536; x_wconf 87' lang='grc' dir='ltr'><strong>τῶν</strong></span> <span class='ocrx_word' id='word_1_282' title='bbox 1728 2482 2008 2553; x_wconf 84' lang='grc' dir='ltr'>όμοούσιον</span> 
     </span>
    </p>
   </div>
   <div class='ocr_carea' id='block_1_43' title="bbox 443 2571 2009 2644">
    <p class='ocr_par' dir='ltr' id='par_1_43' title="bbox 443 2571 2009 2644">
     <span class='ocr_line' id='line_1_43' title="bbox 443 2571 2009 2644; baseline -0.001 -19"><span class='ocrx_word' id='word_1_283' title='bbox 443 2572 643 2641; x_wconf 85' lang='grc' dir='ltr'>Τριὰδα</span> <span class='ocrx_word' id='word_1_284' title='bbox 688 2571 1033 2639; x_wconf 79' lang='grc' dir='ltr'>δοξαζόντων,</span> <span class='ocrx_word' id='word_1_285' title='bbox 1082 2573 1383 2644; x_wconf 86' lang='grc' dir='ltr'>Νεκτάριος</span> <span class='ocrx_word' id='word_1_286' title='bbox 1419 2573 1514 2627; x_wconf 76' lang='grc' dir='ltr'>καὶ</span> <span class='ocrx_word' id='word_1_287' title='bbox 1558 2571 1795 2642; x_wconf 82' lang='grc' dir='ltr'>’Δγέλιος</span> <span class='ocrx_word' id='word_1_288' title='bbox 1818 2588 1832 2603; x_wconf 88' lang='grc'><strong>·</strong></span> <span class='ocrx_word' id='word_1_289' title='bbox 1869 2572 2009 2643; x_wconf 79' lang='grc' dir='ltr'>ὑπὲρ</span> 
     </span>
    </p>
   </div>
   <div class='ocr_carea' id='block_1_44' title="bbox 439 2658 2005 2738">
    <p class='ocr_par' dir='ltr' id='par_1_44' title="bbox 439 2658 2005 2738">
     <span class='ocr_line' id='line_1_44' title="bbox 439 2658 2005 2738; baseline -0.002 -20"><span class='ocrx_word' id='word_1_290' title='bbox 439 2664 495 2718; x_wconf 81' lang='grc' dir='ltr'>δὲ</span> <span class='ocrx_word' id='word_1_291' title='bbox 509 2666 608 2734; x_wconf 85' lang='grc' dir='ltr'>τῆς</span> <span class='ocrx_word' id='word_1_292' title='bbox 641 2665 846 2737; x_wconf 80' lang='grc' dir='ltr'>’Δρείου</span> <span class='ocrx_word' id='word_1_293' title='bbox 864 2666 1146 2738; x_wconf 76' lang='grc' dir='ltr'>αἱρέσεως,</span> <span class='ocrx_word' id='word_1_294' title='bbox 1165 2664 1469 2737; x_wconf 85' lang='grc' dir='ltr'>Δημόφιλος</span> <span class='ocrx_word' id='word_1_295' title='bbox 1486 2664 1691 2734; x_wconf 87' lang='grc' dir='ltr'>ταύτης</span> <span class='ocrx_word' id='word_1_296' title='bbox 1707 2658 2005 2734; x_wconf 82' lang='grc' dir='ltr'>προεστώς·</span> 
     </span>
    </p>
   </div>
   <div class='ocr_carea' id='block_1_45' title="bbox 439 2751 2009 2825">
    <p class='ocr_par' dir='ltr' id='par_1_45' title="bbox 439 2751 2009 2825">
     <span class='ocr_line' id='line_1_45' title="bbox 439 2751 2009 2825; baseline -0.001 -19"><span class='ocrx_word' id='word_1_297' title='bbox 439 2757 537 2825; x_wconf 77' lang='grc' dir='ltr'>τῆς</span> <span class='ocrx_word' id='word_1_298' title='bbox 596 2754 655 2809; x_wconf 83' lang='grc' dir='ltr'><strong>δέ</strong></span> <span class='ocrx_word' id='word_1_299' title='bbox 687 2755 984 2825; x_wconf 85' lang='grc' dir='ltr'>Εὑνομῐου,</span> <span class='ocrx_word' id='word_1_300' title='bbox 1033 2755 1195 2819; x_wconf 76' lang='grc' dir='ltr'>αὐτὸς</span> <span class='ocrx_word' id='word_1_301' title='bbox 1246 2753 1507 2825; x_wconf 86' lang='grc' dir='ltr'>Εὑνόμιος</span> <span class='ocrx_word' id='word_1_302' title='bbox 1532 2767 1548 2785; x_wconf 74' lang='grc'><strong>⁸</strong></span> <span class='ocrx_word' id='word_1_303' title='bbox 1592 2751 1859 2815; x_wconf 86' lang='grc' dir='ltr'>Ἐλεύσιος</span> <span class='ocrx_word' id='word_1_304' title='bbox 1890 2751 1947 2804; x_wconf 81' lang='grc' dir='ltr'>δὲ</span> <span class='ocrx_word' id='word_1_305' title='bbox 1981 2753 2009 2805; x_wconf 85' lang='grc' dir='ltr'>ὁ</span> 
     </span>
    </p>
   </div>
   <div class='ocr_carea' id='block_1_46' title="bbox 443 2838 2009 2913">
    <p class='ocr_par' dir='ltr' id='par_1_46' title="bbox 443 2838 2009 2913">
     <span class='ocr_line' id='line_1_46' title="bbox 443 2838 2009 2913; baseline -0.004 -16"><span class='ocrx_word' id='word_1_306' title='bbox 443 2843 679 2908; x_wconf 74' lang='grc' dir='ltr'>Κυζίκου</span> <span class='ocrx_word' id='word_1_307' title='bbox 714 2842 1028 2907; x_wconf 88' lang='grc' dir='ltr'>ἐπίσκοπος,</span> <span class='ocrx_word' id='word_1_308' title='bbox 1066 2842 1207 2913; x_wconf 81' lang='grc' dir='ltr'>ὑπὲρ</span> <span class='ocrx_word' id='word_1_309' title='bbox 1258 2841 1366 2895; x_wconf 88' lang='grc' dir='ltr'><strong>τῶν</strong></span> <span class='ocrx_word' id='word_1_310' title='bbox 1395 2839 1739 2910; x_wconf 87' lang='grc' dir='ltr'>καλουμένων</span> <span class='ocrx_word' id='word_1_311' title='bbox 1764 2838 2009 2892; x_wconf 73' lang='grc' dir='ltr'>Μακεδοοι</span> 
     </span>
    </p>
   </div>
   <div class='ocr_carea' id='block_1_47' title="bbox 440 2929 2007 3004">
    <p class='ocr_par' dir='ltr' id='par_1_47' title="bbox 440 2929 2007 3004">
     <span class='ocr_line' id='line_1_47' title="bbox 440 2929 2007 3004; baseline -0.003 -17"><span class='ocrx_word' id='word_1_312' title='bbox 440 2934 655 2989; x_wconf 87' lang='grc' dir='ltr'>νιανῶν.</span> <span class='ocrx_word' id='word_1_313' title='bbox 707 2932 1007 3004; x_wconf 81' lang='grc' dir='ltr'>Δεξάμενος</span> <span class='ocrx_word' id='word_1_314' title='bbox 1063 2932 1120 2986; x_wconf 82' lang='grc' dir='ltr'>δὲ</span> <span class='ocrx_word' id='word_1_315' title='bbox 1176 2932 1275 3003; x_wconf 83' lang='grc' dir='ltr'><strong>τὴν</strong></span> <span class='ocrx_word' id='word_1_316' title='bbox 1307 2932 1536 2986; x_wconf 75' lang='grc' dir='ltr'>ἑκάστου</span> <span class='ocrx_word' id='word_1_317' title='bbox 1570 2930 1809 3001; x_wconf 80' lang='grc' dir='ltr'>γραφὴν,</span> <span class='ocrx_word' id='word_1_318' title='bbox 1841 2929 2007 3000; x_wconf 91' lang='grc' dir='ltr'>μόνην</span> 
     </span>
    </p>
   </div>
   <div class='ocr_carea' id='block_1_48' title="bbox 438 3021 2010 3107">
    <p class='ocr_par' dir='ltr' id='par_1_48' title="bbox 438 3021 2010 3107">
     <span class='ocr_line' id='line_1_48' title="bbox 438 3021 2010 3107; baseline -0.002 -29"><span class='ocrx_word' id='word_1_319' title='bbox 438 3024 535 3095; x_wconf 81' lang='grc' dir='ltr'>τὴν</span> <span class='ocrx_word' id='word_1_320' title='bbox 559 3023 840 3095; x_wconf 87' lang='grc' dir='ltr'>όμοούσιον</span> <span class='ocrx_word' id='word_1_321' title='bbox 863 3023 1066 3107; x_wconf 67' lang='grc' dir='ltr'>Τριάδα</span> <span class='ocrx_word' id='word_1_322' title='bbox 1096 3022 1493 3095; x_wconf 85' lang='grc' dir='ltr'>εἰσηγουμένην</span> <span class='ocrx_word' id='word_1_323' title='bbox 1529 3022 1777 3093; x_wconf 76' lang='grc' dir='ltr'>ἐπῄνεσε.</span> <span class='ocrx_word' id='word_1_324' title='bbox 1808 3021 1918 3084; x_wconf 83' lang='grc' dir='ltr'>Τὰς</span> <span class='ocrx_word' id='word_1_325' title='bbox 1951 3021 2010 3075; x_wconf 80' lang='grc' dir='ltr'>δὲ</span> 
     </span>
    </p>
   </div>
   <div class='ocr_carea' id='block_1_49' title="bbox 2112 1945 3683 2028">
    <p class='ocr_par' dir='ltr' id='par_1_49' title="bbox 2112 1945 3683 2028">
     <span class='ocr_line' id='line_1_49' title="bbox 2112 1945 3683 2028; baseline 0.013 -35"><span class='ocrx_word' id='word_1_326' title='bbox 2112 1953 2236 1995; x_wconf 90' lang='lat' dir='ltr'><strong>cum</strong></span> <span class='ocrx_word' id='word_1_327' title='bbox 2262 1956 2356 1998; x_wconf 88' lang='lat' dir='ltr'><strong>eas</strong></span> <span class='ocrx_word' id='word_1_328' title='bbox 2381 1958 2709 2016; x_wconf 71' lang='lat' dir='ltr'><strong>magnopere</strong></span> <span class='ocrx_word' id='word_1_329' title='bbox 2732 1945 3073 2016; x_wconf 84' lang='lat' dir='ltr'><strong>laudassent,</strong></span> <span class='ocrx_word' id='word_1_330' title='bbox 3101 1951 3400 2023; x_wconf 86' lang='lat' dir='ltr'><strong>imperator</strong></span> <span class='ocrx_word' id='word_1_331' title='bbox 3432 1959 3683 2028; x_wconf 84' lang='lat' dir='ltr'><strong>apertius</strong></span> 
     </span>
    </p>
   </div>
   <div class='ocr_carea' id='block_1_50' title="bbox 2109 2030 3679 2107">
    <p class='ocr_par' dir='ltr' id='par_1_50' title="bbox 2109 2030 3679 2107">
     <span class='ocr_line' id='line_1_50' title="bbox 2109 2030 3679 2107; baseline 0.013 -21"><span class='ocrx_word' id='word_1_332' title='bbox 2109 2045 2177 2086; x_wconf 86' lang='lat' dir='ltr'><strong>ex</strong></span> <span class='ocrx_word' id='word_1_333' title='bbox 2228 2030 2299 2086; x_wconf 88' lang='lat' dir='ltr'><strong>iis</strong></span> <span class='ocrx_word' id='word_1_334' title='bbox 2343 2044 2700 2102; x_wconf 87' lang='lat' dir='ltr'><strong>percontatus</strong></span> <span class='ocrx_word' id='word_1_335' title='bbox 2747 2045 2852 2102; x_wconf 86' lang='lat' dir='ltr'><strong>est,</strong></span> <span class='ocrx_word' id='word_1_336' title='bbox 2886 2047 3070 2095; x_wconf 89' lang='lat' dir='ltr'><strong>utrum</strong></span> <span class='ocrx_word' id='word_1_337' title='bbox 3120 2056 3188 2097; x_wconf 92' lang='lat' dir='ltr'><strong>ex</strong></span> <span class='ocrx_word' id='word_1_338' title='bbox 3236 2045 3459 2102; x_wconf 90' lang='lat' dir='ltr'><strong>illorum</strong></span> <span class='ocrx_word' id='word_1_339' title='bbox 3513 2049 3679 2107; x_wconf 85' lang='lat' dir='ltr'><strong>dictis</strong></span> 
     </span>
    </p>
   </div>
   <div class='ocr_carea' id='block_1_51' title="bbox 2112 2122 3681 2197">
    <p class='ocr_par' dir='ltr' id='par_1_51' title="bbox 2112 2122 3681 2197">
     <span class='ocr_line' id='line_1_51' title="bbox 2112 2122 3681 2197; baseline 0.013 -21"><span class='ocrx_word' id='word_1_340' title='bbox 2112 2123 2521 2181; x_wconf 84' lang='lat' dir='ltr'><strong>controversias</strong></span> <span class='ocrx_word' id='word_1_341' title='bbox 2559 2122 2801 2184; x_wconf 76' lang='lat' dir='ltr'><strong>decisuri</strong></span> <span class='ocrx_word' id='word_1_342' title='bbox 2833 2139 3041 2197; x_wconf 90' lang='lat' dir='ltr'><strong>essent,</strong></span> <span class='ocrx_word' id='word_1_343' title='bbox 3064 2141 3121 2189; x_wconf 92' lang='lat' dir='ltr'><strong>et</strong></span> <span class='ocrx_word' id='word_1_344' title='bbox 3143 2150 3270 2190; x_wconf 89' lang='lat' dir='ltr'><strong>num</strong></span> <span class='ocrx_word' id='word_1_345' title='bbox 3297 2137 3423 2193; x_wconf 84' lang='lat' dir='ltr'><strong>illos</strong></span> <span class='ocrx_word' id='word_1_346' title='bbox 3451 2138 3681 2196; x_wconf 84' lang='lat' dir='ltr'><strong>idoneos</strong></span> 
     </span>
    </p>
   </div>
   <div class='ocr_carea' id='block_1_52' title="bbox 2110 2214 3678 2289">
    <p class='ocr_par' dir='ltr' id='par_1_52' title="bbox 2110 2214 3678 2289">
     <span class='ocr_line' id='line_1_52' title="bbox 2110 2214 3678 2289; baseline 0.012 -20"><span class='ocrx_word' id='word_1_347' title='bbox 2110 2214 2376 2271; x_wconf 66' lang='lat' dir='ltr'><strong>doctrinae</strong></span> <span class='ocrx_word' id='word_1_348' title='bbox 2407 2224 2577 2273; x_wconf 86' lang='lat' dir='ltr'><strong>testes</strong></span> <span class='ocrx_word' id='word_1_349' title='bbox 2599 2217 2937 2289; x_wconf 73' lang='lat' dir='ltr'><strong>iudicarent.</strong></span> <span class='ocrx_word' id='word_1_350' title='bbox 2997 2223 3135 2280; x_wconf 85' lang='lat' dir='ltr'><strong>Cum</strong></span> <span class='ocrx_word' id='word_1_351' title='bbox 3169 2241 3298 2283; x_wconf 89' lang='lat' dir='ltr'><strong>vero</strong></span> <span class='ocrx_word' id='word_1_352' title='bbox 3353 2228 3456 2286; x_wconf 88' lang='lat' dir='ltr'><strong>hae</strong></span> <span class='ocrx_word' id='word_1_353' title='bbox 3512 2232 3678 2288; x_wconf 88' lang='lat' dir='ltr'><strong>etiam</strong></span> 
     </span>
    </p>
   </div>
   <div class='ocr_carea' id='block_1_53' title="bbox 2084 2305 3678 2384">
    <p class='ocr_par' dir='ltr' id='par_1_53' title="bbox 2084 2305 3678 2384">
     <span class='ocr_line' id='line_1_53' title="bbox 2084 2305 3678 2384; baseline 0.011 -24"><span class='ocrx_word' id='word_1_354' title='bbox 2084 2305 2177 2371; x_wconf 92' lang='lat' dir='ltr'><strong>_de</strong></span> <span class='ocrx_word' id='word_1_355' title='bbox 2212 2321 2272 2361; x_wconf 92' lang='lat' dir='ltr'><strong>re</strong></span> <span class='ocrx_word' id='word_1_356' title='bbox 2314 2306 2457 2362; x_wconf 88' lang='lat' dir='ltr'><strong>inter</strong></span> <span class='ocrx_word' id='word_1_357' title='bbox 2485 2316 2756 2365; x_wconf 88' lang='lat' dir='ltr'><strong>sectarum</strong></span> <span class='ocrx_word' id='word_1_358' title='bbox 2786 2312 3066 2384; x_wconf 87' lang='lat' dir='ltr'><strong>principes</strong></span> <span class='ocrx_word' id='word_1_359' title='bbox 3112 2325 3231 2372; x_wconf 91' lang='lat' dir='ltr'><strong>orta</strong></span> <span class='ocrx_word' id='word_1_360' title='bbox 3261 2327 3406 2375; x_wconf 89' lang='lat' dir='ltr'><strong>esset</strong></span> <span class='ocrx_word' id='word_1_361' title='bbox 3461 2322 3678 2379; x_wconf 87' lang='lat' dir='ltr'><strong>dissen-</strong></span> 
     </span>
    </p>
   </div>
   <div class='ocr_carea' id='block_1_54' title="bbox 2109 2397 3676 2470">
    <p class='ocr_par' dir='ltr' id='par_1_54' title="bbox 2109 2397 3676 2470">
     <span class='ocr_line' id='line_1_54' title="bbox 2109 2397 3676 2470; baseline 0.012 -19"><span class='ocrx_word' id='word_1_362' title='bbox 2109 2397 2193 2452; x_wconf 93' lang='lat' dir='ltr'><strong>sio</strong></span> <span class='ocrx_word' id='word_1_363' title='bbox 2225 2416 2238 2452; x_wconf 89' lang='lat'><strong>:</strong></span> <span class='ocrx_word' id='word_1_364' title='bbox 2283 2414 2462 2470; x_wconf 91' lang='lat' dir='ltr'><strong>neque</strong></span> <span class='ocrx_word' id='word_1_365' title='bbox 2482 2400 2633 2455; x_wconf 88' lang='lat' dir='ltr'><strong>enim</strong></span> <span class='ocrx_word' id='word_1_366' title='bbox 2663 2402 2852 2458; x_wconf 90' lang='lat' dir='ltr'><strong>eadem</strong></span> <span class='ocrx_word' id='word_1_367' title='bbox 2878 2420 3070 2463; x_wconf 89' lang='lat' dir='ltr'><strong>omnes</strong></span> <span class='ocrx_word' id='word_1_368' title='bbox 3113 2408 3181 2463; x_wconf 90' lang='lat' dir='ltr'><strong>de</strong></span> <span class='ocrx_word' id='word_1_369' title='bbox 3204 2418 3449 2467; x_wconf 82' lang='lat' dir='ltr'><strong>veterum</strong></span> <span class='ocrx_word' id='word_1_370' title='bbox 3502 2414 3676 2470; x_wconf 86' lang='lat' dir='ltr'><strong>inter-</strong></span> 
     </span>
    </p>
   </div>
   <div class='ocr_carea' id='block_1_55' title="bbox 2108 2489 3678 2576">
    <p class='ocr_par' dir='ltr' id='par_1_55' title="bbox 2108 2489 3678 2576">
     <span class='ocr_line' id='line_1_55' title="bbox 2108 2489 3678 2576; baseline 0.013 -33"><span class='ocrx_word' id='word_1_371' title='bbox 2108 2489 2510 2558; x_wconf 89' lang='lat' dir='ltr'><strong>pretationibus</strong></span> <span class='ocrx_word' id='word_1_372' title='bbox 2585 2493 2947 2565; x_wconf 86' lang='lat' dir='ltr'><strong>sentiebant,</strong></span> <span class='ocrx_word' id='word_1_373' title='bbox 3027 2497 3296 2557; x_wconf 82' lang='lat' dir='ltr'><strong>intellexit</strong></span> <span class='ocrx_word' id='word_1_374' title='bbox 3376 2504 3678 2576; x_wconf 89' lang='lat' dir='ltr'><strong>imperator</strong></span> 
     </span>
    </p>
   </div>
   <div class='ocr_carea' id='block_1_56' title="bbox 2109 2579 3674 2663">
    <p class='ocr_par' dir='ltr' id='par_1_56' title="bbox 2109 2579 3674 2663">
     <span class='ocr_line' id='line_1_56' title="bbox 2109 2579 3674 2663; baseline 0.014 -30"><span class='ocrx_word' id='word_1_375' title='bbox 2109 2579 2258 2645; x_wconf 91' lang='lat' dir='ltr'><strong>illos,</strong></span> <span class='ocrx_word' id='word_1_376' title='bbox 2296 2581 2614 2651; x_wconf 87' lang='lat' dir='ltr'><strong>opinionum</strong></span> <span class='ocrx_word' id='word_1_377' title='bbox 2645 2599 2870 2641; x_wconf 88' lang='lat' dir='ltr'><strong>suarum</strong></span> <span class='ocrx_word' id='word_1_378' title='bbox 2913 2588 3363 2651; x_wconf 84' lang='lat' dir='ltr'><strong>altercationibus</strong></span> <span class='ocrx_word' id='word_1_379' title='bbox 3413 2598 3674 2663; x_wconf 81' lang='lat' dir='ltr'><strong>conlisos,</strong></span> 
     </span>
    </p>
   </div>
   <div class='ocr_carea' id='block_1_57' title="bbox 2108 2671 3674 2752">
    <p class='ocr_par' dir='ltr' id='par_1_57' title="bbox 2108 2671 3674 2752">
     <span class='ocr_line' id='line_1_57' title="bbox 2108 2671 3674 2752; baseline 0.013 -27"><span class='ocrx_word' id='word_1_380' title='bbox 2108 2671 2475 2727; x_wconf 90' lang='lat' dir='ltr'><strong>conditionem</strong></span> <span class='ocrx_word' id='word_1_381' title='bbox 2508 2677 2845 2745; x_wconf 87' lang='lat' dir='ltr'><strong>propositam</strong></span> <span class='ocrx_word' id='word_1_382' title='bbox 2877 2693 3155 2738; x_wconf 87' lang='lat' dir='ltr'><strong>recusare.</strong></span> <span class='ocrx_word' id='word_1_383' title='bbox 3188 2682 3277 2752; x_wconf 88' lang='lat' dir='ltr'><strong>Et,</strong></span> <span class='ocrx_word' id='word_1_384' title='bbox 3313 2685 3573 2745; x_wconf 89' lang='lat' dir='ltr'><strong>damnato</strong></span> <span class='ocrx_word' id='word_1_385' title='bbox 3608 2691 3674 2745; x_wconf 87' lang='lat' dir='ltr'><strong>il-</strong></span> 
     </span>
    </p>
   </div>
   <div class='ocr_carea' id='block_1_58' title="bbox 2108 2760 3673 2845">
    <p class='ocr_par' dir='ltr' id='par_1_58' title="bbox 2108 2760 3673 2845">
     <span class='ocr_line' id='line_1_58' title="bbox 2108 2760 3673 2845; baseline 0.015 -30"><span class='ocrx_word' id='word_1_386' title='bbox 2108 2760 2284 2816; x_wconf 91' lang='lat' dir='ltr'><strong>lorum</strong></span> <span class='ocrx_word' id='word_1_387' title='bbox 2322 2764 2575 2831; x_wconf 87' lang='lat' dir='ltr'><strong>consilio,</strong></span> <span class='ocrx_word' id='word_1_388' title='bbox 2612 2767 2781 2836; x_wconf 90' lang='lat' dir='ltr'><strong>jussit</strong></span> <span class='ocrx_word' id='word_1_389' title='bbox 2825 2775 2884 2823; x_wconf 92' lang='lat' dir='ltr'><strong>ut</strong></span> <span class='ocrx_word' id='word_1_390' title='bbox 2939 2786 3280 2845; x_wconf 70' lang='lat' dir='ltr'><strong>unaquaeque</strong></span> <span class='ocrx_word' id='word_1_391' title='bbox 3345 2788 3499 2835; x_wconf 90' lang='lat' dir='ltr'><strong>secta</strong></span> <span class='ocrx_word' id='word_1_392' title='bbox 3548 2781 3673 2839; x_wconf 87' lang='lat' dir='ltr'><strong>fidei</strong></span> 
     </span>
    </p>
   </div>
   <div class='ocr_carea' id='block_1_59' title="bbox 2110 2854 3670 2939">
    <p class='ocr_par' dir='ltr' id='par_1_59' title="bbox 2110 2854 3670 2939">
     <span class='ocr_line' id='line_1_59' title="bbox 2110 2854 3670 2939; baseline 0.015 -32"><span class='ocrx_word' id='word_1_393' title='bbox 2110 2868 2224 2909; x_wconf 83' lang='lat' dir='ltr'><strong>suae</strong></span> <span class='ocrx_word' id='word_1_394' title='bbox 2244 2854 2535 2912; x_wconf 83' lang='lat' dir='ltr'><strong>formulam</strong></span> <span class='ocrx_word' id='word_1_395' title='bbox 2556 2860 2764 2930; x_wconf 90' lang='lat' dir='ltr'><strong>scripto</strong></span> <span class='ocrx_word' id='word_1_396' title='bbox 2785 2864 3238 2932; x_wconf 86' lang='lat' dir='ltr'><strong>comprehensam</strong></span> <span class='ocrx_word' id='word_1_397' title='bbox 3268 2869 3370 2939; x_wconf 90' lang='lat' dir='ltr'><strong>ipsi</strong></span> <span class='ocrx_word' id='word_1_398' title='bbox 3405 2872 3670 2930; x_wconf 88' lang='lat' dir='ltr'><strong>traderet.</strong></span> 
     </span>
    </p>
   </div>
   <div class='ocr_carea' id='block_1_60' title="bbox 2106 2945 3673 3030">
    <p class='ocr_par' dir='ltr' id='par_1_60' title="bbox 2106 2945 3673 3030">
     <span class='ocr_line' id='line_1_60' title="bbox 2106 2945 3673 3030; baseline 0.017 -32"><span class='ocrx_word' id='word_1_399' title='bbox 2106 2945 2405 3016; x_wconf 86' lang='lat' dir='ltr'><strong>Postquam</strong></span> <span class='ocrx_word' id='word_1_400' title='bbox 2436 2949 2555 3006; x_wconf 91' lang='lat' dir='ltr'><strong>dies</strong></span> <span class='ocrx_word' id='word_1_401' title='bbox 2595 2951 2773 3007; x_wconf 82' lang='lat' dir='ltr'><strong>illuxit</strong></span> <span class='ocrx_word' id='word_1_402' title='bbox 2800 2970 2924 3024; x_wconf 83' lang='lat' dir='ltr'><strong>quae</strong></span> <span class='ocrx_word' id='word_1_403' title='bbox 2962 2955 3088 3013; x_wconf 87' lang='lat' dir='ltr'><strong>huic</strong></span> <span class='ocrx_word' id='word_1_404' title='bbox 3119 2962 3340 3030; x_wconf 78' lang='lat' dir='ltr'><strong>negotio</strong></span> <span class='ocrx_word' id='word_1_405' title='bbox 3368 2967 3673 3024; x_wconf 85' lang='lat' dir='ltr'><strong>constituta</strong></span> 
     </span>
    </p>
   </div>
   <div class='ocr_carea' id='block_1_61' title="bbox 2108 3037 3669 3128">
    <p class='ocr_par' dir='ltr' id='par_1_61' title="bbox 2108 3037 3669 3128">
     <span class='ocr_line' id='line_1_61' title="bbox 2108 3037 3669 3128; baseline 0.017 -40"><span class='ocrx_word' id='word_1_406' title='bbox 2108 3037 2309 3100; x_wconf 81' lang='lat' dir='ltr'><strong>fuerat,</strong></span> <span class='ocrx_word' id='word_1_407' title='bbox 2336 3050 2713 3097; x_wconf 84' lang='lat' dir='ltr'><strong>convenerunt</strong></span> <span class='ocrx_word' id='word_1_408' title='bbox 2742 3045 2797 3099; x_wconf 93' lang='lat' dir='ltr'><strong>in</strong></span> <span class='ocrx_word' id='word_1_409' title='bbox 2842 3048 3128 3116; x_wconf 87' lang='lat' dir='ltr'><strong>palatium,</strong></span> <span class='ocrx_word' id='word_1_410' title='bbox 3188 3068 3290 3123; x_wconf 86' lang='lat' dir='ltr'><strong>pro</strong></span> <span class='ocrx_word' id='word_1_411' title='bbox 3325 3055 3395 3111; x_wconf 92' lang='lat' dir='ltr'><strong>iis</strong></span> <span class='ocrx_word' id='word_1_412' title='bbox 3445 3059 3669 3128; x_wconf 87' lang='lat' dir='ltr'><strong>quidem</strong></span> 
     </span>
    </p>
   </div>
   <div class='ocr_carea' id='block_1_62' title="bbox 437 3113 2010 3213">
    <p class='ocr_par' dir='ltr' id='par_1_62' title="bbox 437 3113 2008 3213">
     <span class='ocr_line' id='line_1_62' title="bbox 437 3113 2008 3213; baseline -0.003 -44"><span class='ocrx_word' id='word_1_413' title='bbox 437 3114 623 3179; x_wconf 77' lang='grc' dir='ltr'>ἄλλας,</span> <span class='ocrx_word' id='word_1_414' title='bbox 652 3115 727 3178; x_wconf 86' lang='grc' dir='ltr'>ὡς</span> <span class='ocrx_word' id='word_1_415' title='bbox 753 3116 999 3180; x_wconf 73' lang='grc' dir='ltr'>ἐναντίας</span> <span class='ocrx_word' id='word_1_416' title='bbox 1045 3114 1313 3188; x_wconf 70' lang='grc' dir='ltr'>διέρρηξε.</span> <span class='ocrx_word' id='word_1_417' title='bbox 1351 3113 1464 3167; x_wconf 75' lang='grc' dir='ltr'><strong>Καὶ</strong></span> <span class='ocrx_word' id='word_1_418' title='bbox 1500 3113 1876 3213; x_wconf 67' lang='grc' dir='ltr'>Ναυατιανοῖς</span> <span class='ocrx_word' id='word_1_419' title='bbox 1909 3113 2008 3213; x_wconf 60' lang='grc' dir='ltr'>μὲν</span> 
     </span>
    </p>
   </div>
   <div class='ocr_carea' id='block_1_63' title="bbox 2109 3113 3670 3213">
    <p class='ocr_par' dir='ltr' id='par_1_63' title="bbox 2109 3113 3670 3213">
     <span class='ocr_line' id='line_1_63' title="bbox 2109 3113 3670 3213; baseline 0.017 -35"><span class='ocrx_word' id='word_1_420' title='bbox 2109 3127 2203 3195; x_wconf 93' lang='lat' dir='ltr'><strong>qui</strong></span> <span class='ocrx_word' id='word_1_421' title='bbox 2272 3126 2601 3185; x_wconf 88' lang='lat' dir='ltr'><strong>Trinitatem</strong></span> <span class='ocrx_word' id='word_1_422' title='bbox 2673 3113 3207 3195; x_wconf 74' lang='lat' dir='ltr'><strong>consubstantialem</strong></span> <span class='ocrx_word' id='word_1_423' title='bbox 3268 3113 3670 3213; x_wconf 65' lang='lat' dir='ltr'><strong>profitebantur</strong></span> 
     </span>
    </p>
   </div>
   <div class='ocr_carea' id='block_1_64' title="bbox 436 3202 2001 3277">
    <p class='ocr_par' dir='ltr' id='par_1_64' title="bbox 436 3202 2001 3277">
     <span class='ocr_line' id='line_1_64' title="bbox 436 3202 2001 3277; baseline -0.003 -17"><span class='ocrx_word' id='word_1_424' title='bbox 436 3204 586 3260; x_wconf 85' lang='grc' dir='ltr'>οὐδὲν</span> <span class='ocrx_word' id='word_1_425' title='bbox 610 3205 857 3259; x_wconf 78' lang='grc' dir='ltr'>ἐντεῦθεν</span> <span class='ocrx_word' id='word_1_426' title='bbox 890 3205 1040 3276; x_wconf 83' lang='grc' dir='ltr'>παρὰ</span> <span class='ocrx_word' id='word_1_427' title='bbox 1071 3204 1295 3277; x_wconf 82' lang='grc' dir='ltr'>γνώμην</span> <span class='ocrx_word' id='word_1_428' title='bbox 1321 3204 1522 3274; x_wconf 80' lang='grc' dir='ltr'>ἀπέϐη.</span> <span class='ocrx_word' id='word_1_429' title='bbox 1560 3203 1788 3274; x_wconf 86' lang='grc' dir='ltr'>Ὁμοίως</span> <span class='ocrx_word' id='word_1_430' title='bbox 1818 3202 2001 3274; x_wconf 82' lang='grc' dir='ltr'>γάρτῇ</span> 
     </span>
    </p>
   </div>
   <div class='ocr_carea' id='block_1_65' title="bbox 436 3293 2004 3367">
    <p class='ocr_par' dir='ltr' id='par_1_65' title="bbox 436 3293 2004 3367">
     <span class='ocr_line' id='line_1_65' title="bbox 436 3293 2004 3367; baseline -0.002 -18"><span class='ocrx_word' id='word_1_431' title='bbox 436 3293 664 3349; x_wconf 82' lang='grc' dir='ltr'>καθόλου</span> <span class='ocrx_word' id='word_1_432' title='bbox 710 3294 1004 3367; x_wconf 74' lang='grc' dir='ltr'>Ἐκκλησία</span> <span class='ocrx_word' id='word_1_433' title='bbox 1053 3296 1121 3349; x_wconf 84' lang='grc' dir='ltr'><strong>τὰ</strong></span> <span class='ocrx_word' id='word_1_434' title='bbox 1152 3296 1281 3367; x_wconf 75' lang='grc' dir='ltr'>περὶ</span> <span class='ocrx_word' id='word_1_435' title='bbox 1326 3294 1461 3348; x_wconf 84' lang='grc' dir='ltr'>Θεοῦ</span> <span class='ocrx_word' id='word_1_436' title='bbox 1489 3294 1821 3359; x_wconf 77' lang='grc' dir='ltr'>δοξάζουσιν.</span> <span class='ocrx_word' id='word_1_437' title='bbox 1852 3295 1913 3347; x_wconf 90' lang='grc' dir='ltr'><strong>Οἱ</strong></span> <span class='ocrx_word' id='word_1_438' title='bbox 1945 3293 2004 3349; x_wconf 85' lang='grc' dir='ltr'>δὲ</span> 
     </span>
    </p>
   </div>
   <div class='ocr_carea' id='block_1_66' title="bbox 434 3386 2004 3460">
    <p class='ocr_par' dir='ltr' id='par_1_66' title="bbox 434 3386 2004 3460">
     <span class='ocr_line' id='line_1_66' title="bbox 434 3386 2004 3460; baseline -0.003 -17"><span class='ocrx_word' id='word_1_439' title='bbox 434 3388 582 3443; x_wconf 75' lang='grc' dir='ltr'>ἄλλοι</span> <span class='ocrx_word' id='word_1_440' title='bbox 613 3388 747 3460; x_wconf 70' lang='grc' dir='ltr'>πρδς</span> <span class='ocrx_word' id='word_1_441' title='bbox 772 3389 895 3452; x_wconf 81' lang='grc' dir='ltr'>τοὺς</span> <span class='ocrx_word' id='word_1_442' title='bbox 926 3387 1103 3443; x_wconf 83' lang='grc' dir='ltr'>αὐτῶν</span> <span class='ocrx_word' id='word_1_443' title='bbox 1139 3388 1317 3460; x_wconf 73' lang='grc' dir='ltr'>ἱερέας</span> <span class='ocrx_word' id='word_1_444' title='bbox 1352 3386 1722 3459; x_wconf 79' lang='grc' dir='ltr'>ἐχαλέπαινον,</span> <span class='ocrx_word' id='word_1_445' title='bbox 1754 3387 1829 3450; x_wconf 88' lang='grc' dir='ltr'><strong>ὡς</strong></span> <span class='ocrx_word' id='word_1_446' title='bbox 1860 3387 2004 3458; x_wconf 84' lang='grc' dir='ltr'>ἀμα-</span> 
     </span>
    </p>
   </div>
   <div class='ocr_carea' id='block_1_67' title="bbox 432 3477 1999 3549">
    <p class='ocr_par' dir='ltr' id='par_1_67' title="bbox 432 3477 1999 3549">
     <span class='ocr_line' id='line_1_67' title="bbox 432 3477 1999 3549; baseline 0.001 -17"><span class='ocrx_word' id='word_1_447' title='bbox 432 3477 542 3542; x_wconf 84' lang='grc' dir='ltr'><strong>θῶς</strong></span> <span class='ocrx_word' id='word_1_448' title='bbox 567 3477 746 3548; x_wconf 83' lang='grc' dir='ltr'>σφίσιν</span> <span class='ocrx_word' id='word_1_449' title='bbox 772 3480 1040 3543; x_wconf 78' lang='grc' dir='ltr'>ἐναντίους</span> <span class='ocrx_word' id='word_1_450' title='bbox 1074 3480 1166 3533; x_wconf 74' lang='grc' dir='ltr'>ἐπὶ</span> <span class='ocrx_word' id='word_1_451' title='bbox 1182 3479 1277 3533; x_wconf 83' lang='grc' dir='ltr'>τοῦ</span> <span class='ocrx_word' id='word_1_452' title='bbox 1306 3477 1632 3549; x_wconf 81' lang='grc' dir='ltr'>κρατοῦντος</span> <span class='ocrx_word' id='word_1_453' title='bbox 1658 3478 1999 3549; x_wconf 84' lang='grc' dir='ltr'>γενομένους.</span> 
     </span>
    </p>
   </div>
   <div class='ocr_carea' id='block_1_68' title="bbox 436 3568 2002 3641">
    <p class='ocr_par' dir='ltr' id='par_1_68' title="bbox 436 3568 2002 3641">
     <span class='ocr_line' id='line_1_68' title="bbox 436 3568 2002 3641; baseline 0 -19"><span class='ocrx_word' id='word_1_454' title='bbox 436 3568 622 3622; x_wconf 80' lang='grc' dir='ltr'>Πολλοὶ</span> <span class='ocrx_word' id='word_1_455' title='bbox 659 3569 717 3622; x_wconf 83' lang='grc' dir='ltr'>δὲ</span> <span class='ocrx_word' id='word_1_456' title='bbox 764 3570 855 3623; x_wconf 78' lang='grc' dir='ltr'>καὶ</span> <span class='ocrx_word' id='word_1_457' title='bbox 909 3570 1285 3639; x_wconf 86' lang='grc' dir='ltr'>καταγνόντες,</span> <span class='ocrx_word' id='word_1_458' title='bbox 1324 3569 1460 3641; x_wconf 82' lang='grc' dir='ltr'>πρὸς</span> <span class='ocrx_word' id='word_1_459' title='bbox 1501 3570 1599 3639; x_wconf 84' lang='grc' dir='ltr'>τὴν</span> <span class='ocrx_word' id='word_1_460' title='bbox 1626 3568 2002 3622; x_wconf 84' lang='grc' dir='ltr'>ἐπαινεθεῖσαν</span> 
     </span>
    </p>
   </div>
   <div class='ocr_carea' id='block_1_69' title="bbox 436 3653 2001 3730">
    <p class='ocr_par' dir='ltr' id='par_1_69' title="bbox 436 3653 2001 3730">
     <span class='ocr_line' id='line_1_69' title="bbox 436 3653 2001 3730; baseline 0.004 -24"><span class='ocrx_word' id='word_1_461' title='bbox 436 3653 734 3724; x_wconf 82' lang='grc' dir='ltr'>μετέθεντο.</span> <span class='ocrx_word' id='word_1_462' title='bbox 787 3656 846 3709; x_wconf 84' lang='grc' dir='ltr'>Ὀ</span> <span class='ocrx_word' id='word_1_463' title='bbox 878 3655 934 3709; x_wconf 84' lang='grc' dir='ltr'>δὲ</span> <span class='ocrx_word' id='word_1_464' title='bbox 981 3657 1228 3728; x_wconf 84' lang='grc' dir='ltr'>βασιλεὺς</span> <span class='ocrx_word' id='word_1_465' title='bbox 1277 3657 1580 3730; x_wconf 84' lang='grc' dir='ltr'>νομοθετῶν</span> <span class='ocrx_word' id='word_1_466' title='bbox 1616 3657 1715 3729; x_wconf 79' lang='lat'><strong>(7),</strong></span> <span class='ocrx_word' id='word_1_467' title='bbox 1747 3658 2001 3712; x_wconf 82' lang='grc' dir='ltr'>ἐκέλευσε</span> 
     </span>
    </p>
   </div>
   <div class='ocr_carea' id='block_1_70' title="bbox 432 3745 2003 3826">
    <p class='ocr_par' dir='ltr' id='par_1_70' title="bbox 432 3745 2003 3826">
     <span class='ocr_line' id='line_1_70' title="bbox 432 3745 2003 3826; baseline 0.005 -28"><span class='ocrx_word' id='word_1_468' title='bbox 432 3745 556 3809; x_wconf 82' lang='grc' dir='ltr'>τοὺς</span> <span class='ocrx_word' id='word_1_469' title='bbox 610 3746 944 3816; x_wconf 78' lang='grc' dir='ltr'>ἐτεροδόξους</span> <span class='ocrx_word' id='word_1_470' title='bbox 1003 3751 1139 3821; x_wconf 85' lang='grc' dir='ltr'>μήτε</span> <span class='ocrx_word' id='word_1_471' title='bbox 1199 3751 1615 3823; x_wconf 73' lang='grc' dir='ltr'>ἐκκλησιάζειν,</span> <span class='ocrx_word' id='word_1_472' title='bbox 1680 3753 1817 3823; x_wconf 84' lang='grc' dir='ltr'>μήτε</span> <span class='ocrx_word' id='word_1_473' title='bbox 1874 3754 2003 3826; x_wconf 71' lang='grc' dir='ltr'>περὶ</span> 
     </span>
    </p>
   </div>
   <div class='ocr_carea' id='block_1_71' title="bbox 432 3833 2001 3916">
    <p class='ocr_par' dir='ltr' id='par_1_71' title="bbox 432 3833 2001 3916">
     <span class='ocr_line' id='line_1_71' title="bbox 432 3833 2001 3916; baseline 0.005 -27"><span class='ocrx_word' id='word_1_474' title='bbox 432 3836 666 3902; x_wconf 83' lang='grc' dir='ltr'>πίστεως</span> <span class='ocrx_word' id='word_1_475' title='bbox 686 3833 975 3907; x_wconf 79' lang='grc' dir='ltr'>διδάσκειν,</span> <span class='ocrx_word' id='word_1_476' title='bbox 1019 3842 1155 3911; x_wconf 89' lang='grc' dir='ltr'>μήτε</span> <span class='ocrx_word' id='word_1_477' title='bbox 1183 3843 1515 3908; x_wconf 80' lang='grc' dir='ltr'>ἐπισκόπους</span> <span class='ocrx_word' id='word_1_478' title='bbox 1543 3845 1576 3916; x_wconf 84' lang='grc' dir='ltr'>ἢ</span> <span class='ocrx_word' id='word_1_479' title='bbox 1607 3845 1798 3910; x_wconf 79' lang='grc' dir='ltr'>ἄλλους</span> <span class='ocrx_word' id='word_1_480' title='bbox 1823 3862 2001 3916; x_wconf 83' lang='grc' dir='ltr'>χειρο-</span> 
     </span>
    </p>
   </div>
   <div class='ocr_carea' id='block_1_72' title="bbox 428 3931 1997 4005">
    <p class='ocr_par' dir='ltr' id='par_1_72' title="bbox 428 3931 1997 4005">
     <span class='ocr_line' id='line_1_72' title="bbox 428 3931 1997 4005; baseline 0.006 -24"><span class='ocrx_word' id='word_1_481' title='bbox 428 3932 600 3983; x_wconf 89' lang='grc' dir='ltr'>τονεῖν</span> <span class='ocrx_word' id='word_1_482' title='bbox 620 3946 633 3960; x_wconf 89' lang='grc'><strong>·</strong></span> <span class='ocrx_word' id='word_1_483' title='bbox 661 3931 896 3994; x_wconf 74' lang='grc' dir='ltr'>καὶτοὺς</span> <span class='ocrx_word' id='word_1_484' title='bbox 929 3932 1046 4002; x_wconf 86' lang='grc' dir='ltr'>μὲν,</span> <span class='ocrx_word' id='word_1_485' title='bbox 1079 3933 1284 3986; x_wconf 87' lang='grc' dir='ltr'>πόλεων</span> <span class='ocrx_word' id='word_1_486' title='bbox 1314 3935 1407 4005; x_wconf 79' lang='grc' dir='ltr'>καὶ</span> <span class='ocrx_word' id='word_1_487' title='bbox 1437 3935 1621 4005; x_wconf 84' lang='grc' dir='ltr'>ἀγρῶν</span> <span class='ocrx_word' id='word_1_488' title='bbox 1649 3936 1997 3990; x_wconf 83' lang='grc' dir='ltr'>ἐλαύνεσθαι·</span> 
     </span>
    </p>
   </div>
   <div class='ocr_carea' id='block_1_73' title="bbox 429 4002 1999 4098">
    <p class='ocr_par' dir='ltr' id='par_1_73' title="bbox 429 4002 1999 4098">
     <span class='ocr_line' id='line_1_73' title="bbox 429 4002 1999 4098; baseline 0.005 -27"><span class='ocrx_word' id='word_1_489' title='bbox 429 4021 553 4083; x_wconf 80' lang='grc' dir='ltr'>τοὺς</span> <span class='ocrx_word' id='word_1_490' title='bbox 580 4020 656 4085; x_wconf 87' lang='grc' dir='ltr'>δὲ,</span> <span class='ocrx_word' id='word_1_491' title='bbox 683 4021 908 4093; x_wconf 83' lang='grc' dir='ltr'>ἀτίμους</span> <span class='ocrx_word' id='word_1_492' title='bbox 933 4021 1070 4077; x_wconf 79' lang='grc' dir='ltr'>εἶναι</span> <span class='ocrx_word' id='word_1_493' title='bbox 1111 4024 1208 4095; x_wconf 89' lang='grc'><strong>(8),</strong></span> <span class='ocrx_word' id='word_1_494' title='bbox 1249 4002 1361 4078; x_wconf 60' lang='grc' dir='ltr'><strong>καὶ.⁸</strong></span> <span class='ocrx_word' id='word_1_495' title='bbox 1378 4002 1652 4090; x_wconf 83' lang='grc' dir='ltr'>πολιτείας</span> <span class='ocrx_word' id='word_1_496' title='bbox 1686 4027 1885 4098; x_wconf 82' lang='grc' dir='ltr'>ὁμοίως</span> <span class='ocrx_word' id='word_1_497' title='bbox 1925 4029 1999 4098; x_wconf 79' lang='grc' dir='ltr'>μὴ</span> 
     </span>
    </p>
   </div>
   <div class='ocr_carea' id='block_1_74' title="bbox 433 4109 2001 4188">
    <p class='ocr_par' dir='ltr' id='par_1_74' title="bbox 433 4109 2001 4188">
     <span class='ocr_line' id='line_1_74' title="bbox 433 4109 2001 4188; baseline 0.006 -26"><span class='ocrx_word' id='word_1_498' title='bbox 433 4109 678 4181; x_wconf 85' lang='grc' dir='ltr'>μετέχειν</span> <span class='ocrx_word' id='word_1_499' title='bbox 704 4114 814 4175; x_wconf 77' lang='grc' dir='ltr'>τοῖς</span> <span class='ocrx_word' id='word_1_500' title='bbox 836 4112 1033 4177; x_wconf 82' lang='grc' dir='ltr'>ἄλλοις.</span> <span class='ocrx_word' id='word_1_501' title='bbox 1069 4114 1179 4166; x_wconf 75' lang='grc' dir='ltr'><strong>Καὶ</strong></span> <span class='ocrx_word' id='word_1_502' title='bbox 1239 4114 1480 4185; x_wconf 73' lang='grc' dir='ltr'>χαλεπὰς</span> <span class='ocrx_word' id='word_1_503' title='bbox 1517 4118 1630 4180; x_wconf 84' lang='grc' dir='ltr'>τοῖς</span> <span class='ocrx_word' id='word_1_504' title='bbox 1676 4117 1859 4188; x_wconf 88' lang='grc' dir='ltr'>νόμοις</span> <span class='ocrx_word' id='word_1_505' title='bbox 1902 4120 2001 4171; x_wconf 79' lang='grc' dir='ltr'>ἐπ-</span> 
     </span>
    </p>
   </div>
   <div class='ocr_carea' id='block_1_75' title="bbox 431 4199 2000 4280">
    <p class='ocr_par' dir='ltr' id='par_1_75' title="bbox 431 4199 2000 4280">
     <span class='ocr_line' id='line_1_75' title="bbox 431 4199 2000 4280; baseline 0.006 -28"><span class='ocrx_word' id='word_1_506' title='bbox 431 4199 637 4272; x_wconf 75' lang='grc' dir='ltr'>έγραφε</span> <span class='ocrx_word' id='word_1_507' title='bbox 661 4203 946 4273; x_wconf 81' lang='grc' dir='ltr'>τιμωρίας.</span> <span class='ocrx_word' id='word_1_508' title='bbox 968 4203 1108 4257; x_wconf 79' lang='grc' dir='ltr'>Ἀλλ’</span> <span class='ocrx_word' id='word_1_509' title='bbox 1137 4205 1236 4257; x_wconf 80' lang='grc' dir='ltr'>οὐκ</span> <span class='ocrx_word' id='word_1_510' title='bbox 1264 4203 1512 4277; x_wconf 79' lang='grc' dir='ltr'>ἐπεξῄει·</span> <span class='ocrx_word' id='word_1_511' title='bbox 1536 4206 1598 4259; x_wconf 84' lang='grc' dir='ltr'>οὐ</span> <span class='ocrx_word' id='word_1_512' title='bbox 1620 4207 1729 4280; x_wconf 83' lang='grc' dir='ltr'><strong>γὰρ</strong></span> <span class='ocrx_word' id='word_1_513' title='bbox 1748 4212 2000 4280; x_wconf 85' lang='grc' dir='ltr'>τιμωρεῖ-</span> 
     </span>
    </p>
   </div>
   <div class='ocr_carea' id='block_1_76' title="bbox 432 4290 1996 4370">
    <p class='ocr_par' dir='ltr' id='par_1_76' title="bbox 432 4290 1996 4370">
     <span class='ocr_line' id='line_1_76' title="bbox 432 4290 1996 4370; baseline 0.008 -26"><span class='ocrx_word' id='word_1_514' title='bbox 432 4290 574 4355; x_wconf 89' lang='grc' dir='ltr'>σθαι,</span> <span class='ocrx_word' id='word_1_515' title='bbox 615 4292 730 4346; x_wconf 87' lang='grc' dir='ltr'>ἀλλ’</span> <span class='ocrx_word' id='word_1_516' title='bbox 785 4296 862 4357; x_wconf 88' lang='grc' dir='ltr'><strong>εἰς</strong></span> <span class='ocrx_word' id='word_1_517' title='bbox 900 4294 1016 4360; x_wconf 88' lang='grc' dir='ltr'>δέος</span> <span class='ocrx_word' id='word_1_518' title='bbox 1048 4295 1308 4368; x_wconf 83' lang='grc' dir='ltr'>καθιστᾷν</span> <span class='ocrx_word' id='word_1_519' title='bbox 1334 4300 1460 4363; x_wconf 85' lang='grc' dir='ltr'>τοὺς</span> <span class='ocrx_word' id='word_1_520' title='bbox 1487 4299 1762 4370; x_wconf 79' lang='grc' dir='ltr'>ὑπηκόους</span> <span class='ocrx_word' id='word_1_521' title='bbox 1795 4301 1996 4356; x_wconf 81' lang='grc' dir='ltr'>ἐσπού-</span> 
     </span>
    </p>
   </div>
   <div class='ocr_carea' id='block_1_77' title="bbox 428 4379 1993 4463">
    <p class='ocr_par' dir='ltr' id='par_1_77' title="bbox 428 4379 1993 4463">
     <span class='ocr_line' id='line_1_77' title="bbox 428 4379 1993 4463; baseline 0.01 -30"><span class='ocrx_word' id='word_1_522' title='bbox 428 4379 606 4446; x_wconf 84' lang='grc' dir='ltr'>δαζεν,</span> <span class='ocrx_word' id='word_1_523' title='bbox 640 4383 785 4447; x_wconf 84' lang='grc' dir='ltr'>ὅπως</span> <span class='ocrx_word' id='word_1_524' title='bbox 814 4385 1113 4454; x_wconf 83' lang='grc' dir='ltr'>ὁμόφρονες</span> <span class='ocrx_word' id='word_1_525' title='bbox 1141 4385 1299 4461; x_wconf 32' lang='grc' dir='ltr'>αὐτῷ,</span> <span class='ocrx_word' id='word_1_526' title='bbox 1317 4387 1555 4456; x_wconf 88' lang='grc' dir='ltr'>γένοιντο</span> <span class='ocrx_word' id='word_1_527' title='bbox 1586 4391 1714 4463; x_wconf 81' lang='grc' dir='ltr'>περὶ</span> <span class='ocrx_word' id='word_1_528' title='bbox 1742 4392 1803 4446; x_wconf 85' lang='grc' dir='ltr'>τὸ</span> <span class='ocrx_word' id='word_1_529' title='bbox 1831 4392 1993 4449; x_wconf 85' lang='grc' dir='ltr'>θεῖον.</span> 
     </span>
    </p>
   </div>
   <div class='ocr_carea' id='block_1_78' title="bbox 439 4465 1775 4550">
    <p class='ocr_par' dir='ltr' id='par_1_78' title="bbox 439 4465 1775 4550">
     <span class='ocr_line' id='line_1_78' title="bbox 439 4465 1775 4550; baseline 0.013 -32"><span class='ocrx_word' id='word_1_530' title='bbox 439 4465 590 4520; x_wconf 72' lang='grc' dir='ltr'>Ἐπεὶ</span> <span class='ocrx_word' id='word_1_531' title='bbox 616 4470 712 4523; x_wconf 77' lang='grc' dir='ltr'>καὶ</span> <span class='ocrx_word' id='word_1_532' title='bbox 736 4471 862 4534; x_wconf 84' lang='grc' dir='ltr'>τοὺς</span> <span class='ocrx_word' id='word_1_533' title='bbox 889 4472 1064 4525; x_wconf 78' lang='grc' dir='ltr'>ἑκοντὶ</span> <span class='ocrx_word' id='word_1_534' title='bbox 1096 4474 1549 4546; x_wconf 87' lang='grc' dir='ltr'>μετατιθεμένους</span> <span class='ocrx_word' id='word_1_535' title='bbox 1566 4478 1775 4550; x_wconf 72' lang='grc' dir='ltr'>ἐπῄνει.</span> 
     </span>
    </p>
   </div>
   <div class='ocr_carea' id='block_1_79' title="bbox 2104 3215 3670 3303">
    <p class='ocr_par' dir='ltr' id='par_1_79' title="bbox 2104 3215 3670 3303">
     <span class='ocr_line' id='line_1_79' title="bbox 2104 3215 3670 3303; baseline 0.018 -33"><span class='ocrx_word' id='word_1_536' title='bbox 2104 3215 2395 3275; x_wconf 83' lang='lat' dir='ltr'><strong>Nectarius</strong></span> <span class='ocrx_word' id='word_1_537' title='bbox 2421 3233 2475 3276; x_wconf 92' lang='lat' dir='ltr'><strong>et</strong></span> <span class='ocrx_word' id='word_1_538' title='bbox 2507 3222 2730 3293; x_wconf 85' lang='lat' dir='ltr'><strong>Agelius</strong></span> <span class='ocrx_word' id='word_1_539' title='bbox 2762 3244 2776 3279; x_wconf 92' lang='lat'><strong><em>:</em></strong></span> <span class='ocrx_word' id='word_1_540' title='bbox 2821 3243 2920 3296; x_wconf 93' lang='lat' dir='ltr'><strong>pro</strong></span> <span class='ocrx_word' id='word_1_541' title='bbox 2945 3229 3167 3288; x_wconf 83' lang='lat' dir='ltr'><strong>Arianis</strong></span> <span class='ocrx_word' id='word_1_542' title='bbox 3232 3242 3436 3303; x_wconf 89' lang='lat' dir='ltr'><strong>autem,</strong></span> <span class='ocrx_word' id='word_1_543' title='bbox 3471 3238 3670 3297; x_wconf 86' lang='lat' dir='ltr'><strong>Demo-</strong></span> 
     </span>
    </p>
   </div>
   <div class='ocr_carea' id='block_1_80' title="bbox 2106 3309 3668 3396">
    <p class='ocr_par' dir='ltr' id='par_1_80' title="bbox 2106 3309 3668 3396">
     <span class='ocr_line' id='line_1_80' title="bbox 2106 3309 3668 3396; baseline 0.017 -35"><span class='ocrx_word' id='word_1_544' title='bbox 2106 3309 2287 3379; x_wconf 88' lang='lat' dir='ltr'><strong>philus</strong></span> <span class='ocrx_word' id='word_1_545' title='bbox 2316 3310 2438 3382; x_wconf 86' lang='lat' dir='ltr'><strong>ejus</strong></span> <span class='ocrx_word' id='word_1_546' title='bbox 2469 3321 2633 3371; x_wconf 69' lang='lat' dir='ltr'><strong>secta:</strong></span> <span class='ocrx_word' id='word_1_547' title='bbox 2670 3317 2904 3374; x_wconf 86' lang='lat' dir='ltr'><strong>antistes</strong></span> <span class='ocrx_word' id='word_1_548' title='bbox 2938 3339 2950 3375; x_wconf 88' lang='lat'><strong>:</strong></span> <span class='ocrx_word' id='word_1_549' title='bbox 3004 3336 3106 3391; x_wconf 92' lang='lat' dir='ltr'><strong>pro</strong></span> <span class='ocrx_word' id='word_1_550' title='bbox 3145 3324 3525 3396; x_wconf 89' lang='lat' dir='ltr'><strong>Eunomianis,</strong></span> <span class='ocrx_word' id='word_1_551' title='bbox 3561 3332 3668 3388; x_wconf 88' lang='lat' dir='ltr'><strong>Eu-</strong></span> 
     </span>
    </p>
   </div>
   <div class='ocr_carea' id='block_1_81' title="bbox 2103 3401 3672 3482">
    <p class='ocr_par' dir='ltr' id='par_1_81' title="bbox 2103 3401 3672 3482">
     <span class='ocr_line' id='line_1_81' title="bbox 2103 3401 3672 3482; baseline 0.018 -29"><span class='ocrx_word' id='word_1_552' title='bbox 2103 3401 2322 3458; x_wconf 89' lang='lat' dir='ltr'><strong>nomius</strong></span> <span class='ocrx_word' id='word_1_553' title='bbox 2352 3403 2471 3473; x_wconf 88' lang='lat' dir='ltr'><strong>ipse</strong></span> <span class='ocrx_word' id='word_1_554' title='bbox 2506 3423 2520 3459; x_wconf 89' lang='lat'><strong>:</strong></span> <span class='ocrx_word' id='word_1_555' title='bbox 2554 3420 2653 3476; x_wconf 91' lang='lat' dir='ltr'><strong>pro</strong></span> <span class='ocrx_word' id='word_1_556' title='bbox 2675 3408 2742 3465; x_wconf 91' lang='lat' dir='ltr'><strong>iis</strong></span> <span class='ocrx_word' id='word_1_557' title='bbox 2770 3425 2901 3465; x_wconf 87' lang='lat' dir='ltr'><strong>vero</strong></span> <span class='ocrx_word' id='word_1_558' title='bbox 2928 3414 3021 3482; x_wconf 91' lang='lat' dir='ltr'><strong>qui</strong></span> <span class='ocrx_word' id='word_1_559' title='bbox 3055 3413 3436 3475; x_wconf 78' lang='lat' dir='ltr'><strong>Macedoniani</strong></span> <span class='ocrx_word' id='word_1_560' title='bbox 3468 3422 3672 3480; x_wconf 81' lang='lat' dir='ltr'><strong>dicun-</strong></span> 
     </span>
    </p>
   </div>
   <div class='ocr_carea' id='block_1_82' title="bbox 2101 3491 3669 3585">
    <p class='ocr_par' dir='ltr' id='par_1_82' title="bbox 2101 3491 3669 3585">
     <span class='ocr_line' id='line_1_82' title="bbox 2101 3491 3669 3585; baseline 0.017 -40"><span class='ocrx_word' id='word_1_561' title='bbox 2101 3500 2212 3557; x_wconf 90' lang='lat' dir='ltr'><strong>tur,</strong></span> <span class='ocrx_word' id='word_1_562' title='bbox 2247 3491 2499 3551; x_wconf 85' lang='lat' dir='ltr'><strong>Eleusius</strong></span> <span class='ocrx_word' id='word_1_563' title='bbox 2526 3498 2817 3570; x_wconf 88' lang='lat' dir='ltr'><strong>episcopus</strong></span> <span class='ocrx_word' id='word_1_564' title='bbox 2840 3502 3166 3573; x_wconf 83' lang='lat' dir='ltr'><strong>Cyzicenus.</strong></span> <span class='ocrx_word' id='word_1_565' title='bbox 3199 3507 3396 3576; x_wconf 89' lang='lat' dir='ltr'><strong>Porro,</strong></span> <span class='ocrx_word' id='word_1_566' title='bbox 3422 3517 3669 3585; x_wconf 85' lang='lat' dir='ltr'><strong>acceptis</strong></span> 
     </span>
    </p>
   </div>
   <div class='ocr_carea' id='block_1_83' title="bbox 2103 3582 3667 3661">
    <p class='ocr_par' dir='ltr' id='par_1_83' title="bbox 2103 3582 3667 3661">
     <span class='ocr_line' id='line_1_83' title="bbox 2103 3582 3667 3661; baseline 0.016 -24"><span class='ocrx_word' id='word_1_567' title='bbox 2103 3582 2444 3652; x_wconf 78' lang='lat' dir='ltr'><strong>singulorum</strong></span> <span class='ocrx_word' id='word_1_568' title='bbox 2505 3587 2748 3654; x_wconf 90' lang='lat' dir='ltr'><strong>libellis,</strong></span> <span class='ocrx_word' id='word_1_569' title='bbox 2821 3609 2940 3648; x_wconf 84' lang='lat' dir='ltr'><strong>eam</strong></span> <span class='ocrx_word' id='word_1_570' title='bbox 2990 3597 3165 3652; x_wconf 89' lang='lat' dir='ltr'><strong>solam</strong></span> <span class='ocrx_word' id='word_1_571' title='bbox 3204 3599 3330 3656; x_wconf 88' lang='lat' dir='ltr'><strong>fidei</strong></span> <span class='ocrx_word' id='word_1_572' title='bbox 3374 3582 3667 3661; x_wconf 83' lang='lat' dir='ltr'><strong>formulam</strong></span> 
     </span>
    </p>
   </div>
   <div class='ocr_carea' id='block_1_84' title="bbox 2100 3673 3666 3754">
    <p class='ocr_par' dir='ltr' id='par_1_84' title="bbox 2100 3673 3666 3754">
     <span class='ocr_line' id='line_1_84' title="bbox 2100 3673 3666 3754; baseline 0.017 -26"><span class='ocrx_word' id='word_1_573' title='bbox 2100 3673 2398 3744; x_wconf 86' lang='lat' dir='ltr'><strong>imperator</strong></span> <span class='ocrx_word' id='word_1_574' title='bbox 2429 3680 2704 3748; x_wconf 86' lang='lat' dir='ltr'><strong>probavit,</strong></span> <span class='ocrx_word' id='word_1_575' title='bbox 2736 3698 2857 3754; x_wconf 70' lang='lat' dir='ltr'><strong>quae</strong></span> <span class='ocrx_word' id='word_1_576' title='bbox 2897 3683 3224 3746; x_wconf 87' lang='lat' dir='ltr'><strong>Trinitatem</strong></span> <span class='ocrx_word' id='word_1_577' title='bbox 3290 3697 3666 3753; x_wconf 84' lang='lat' dir='ltr'><strong>consubstan-</strong></span> 
     </span>
    </p>
   </div>
   <div class='ocr_carea' id='block_1_85' title="bbox 2101 3766 3667 3854">
    <p class='ocr_par' dir='ltr' id='par_1_85' title="bbox 2101 3766 3667 3854">
     <span class='ocr_line' id='line_1_85' title="bbox 2101 3766 3667 3854; baseline 0.017 -35"><span class='ocrx_word' id='word_1_578' title='bbox 2101 3766 2285 3822; x_wconf 89' lang='lat' dir='ltr'><strong>tialem</strong></span> <span class='ocrx_word' id='word_1_579' title='bbox 2318 3781 2628 3840; x_wconf 88' lang='lat' dir='ltr'><strong>assereret;</strong></span> <span class='ocrx_word' id='word_1_580' title='bbox 2662 3775 2902 3845; x_wconf 91' lang='lat' dir='ltr'><strong>reliquas</strong></span> <span class='ocrx_word' id='word_1_581' title='bbox 2928 3794 3081 3844; x_wconf 85' lang='lat' dir='ltr'><strong>vero,</strong></span> <span class='ocrx_word' id='word_1_582' title='bbox 3118 3789 3379 3854; x_wconf 90' lang='lat' dir='ltr'><strong>tanquam</strong></span> <span class='ocrx_word' id='word_1_583' title='bbox 3416 3787 3546 3844; x_wconf 91' lang='lat' dir='ltr'><strong>huic</strong></span> <span class='ocrx_word' id='word_1_584' title='bbox 3565 3792 3667 3845; x_wconf 86' lang='lat' dir='ltr'><strong>ad-</strong></span> 
     </span>
    </p>
   </div>
   <div class='ocr_carea' id='block_1_86' title="bbox 2100 3860 3666 3945">
    <p class='ocr_par' dir='ltr' id='par_1_86' title="bbox 2100 3860 3666 3945">
     <span class='ocr_line' id='line_1_86' title="bbox 2100 3860 3666 3945; baseline 0.016 -34"><span class='ocrx_word' id='word_1_585' title='bbox 2100 3866 2384 3915; x_wconf 87' lang='lat' dir='ltr'><strong>versantes</strong></span> <span class='ocrx_word' id='word_1_586' title='bbox 2411 3860 2728 3932; x_wconf 90' lang='lat' dir='ltr'><strong>discerpsit.</strong></span> <span class='ocrx_word' id='word_1_587' title='bbox 2781 3868 2859 3922; x_wconf 81' lang='lat' dir='ltr'><strong>Ac</strong></span> <span class='ocrx_word' id='word_1_588' title='bbox 2904 3868 3222 3929; x_wconf 89' lang='lat' dir='ltr'><strong>Novatianis</strong></span> <span class='ocrx_word' id='word_1_589' title='bbox 3262 3878 3482 3945; x_wconf 91' lang='lat' dir='ltr'><strong>quidem</strong></span> <span class='ocrx_word' id='word_1_590' title='bbox 3530 3882 3666 3940; x_wconf 87' lang='lat' dir='ltr'><strong>nihil</strong></span> 
     </span>
    </p>
   </div>
   <div class='ocr_carea' id='block_1_87' title="bbox 2100 3948 3665 4029">
    <p class='ocr_par' dir='ltr' id='par_1_87' title="bbox 2100 3948 3665 4029">
     <span class='ocr_line' id='line_1_87' title="bbox 2100 3948 3665 4029; baseline 0.018 -28"><span class='ocrx_word' id='word_1_591' title='bbox 2100 3960 2168 4001; x_wconf 91' lang='lat' dir='ltr'><strong>ex</strong></span> <span class='ocrx_word' id='word_1_592' title='bbox 2201 3948 2305 4001; x_wconf 90' lang='lat' dir='ltr'><strong>hoc</strong></span> <span class='ocrx_word' id='word_1_593' title='bbox 2331 3951 2553 4018; x_wconf 85' lang='lat' dir='ltr'><strong>negotio</strong></span> <span class='ocrx_word' id='word_1_594' title='bbox 2611 3952 2815 4008; x_wconf 88' lang='lat' dir='ltr'><strong>accidit</strong></span> <span class='ocrx_word' id='word_1_595' title='bbox 2868 3966 3064 4025; x_wconf 74' lang='lat' dir='ltr'><strong>praeter</strong></span> <span class='ocrx_word' id='word_1_596' title='bbox 3123 3967 3477 4022; x_wconf 86' lang='lat' dir='ltr'><strong>sententiam.</strong></span> <span class='ocrx_word' id='word_1_597' title='bbox 3521 3970 3665 4029; x_wconf 84' lang='lat' dir='ltr'><strong>Idem</strong></span> 
     </span>
    </p>
   </div>
   <div class='ocr_carea' id='block_1_88' title="bbox 2098 4033 3668 4114">
    <p class='ocr_par' dir='ltr' id='par_1_88' title="bbox 2098 4033 3668 4114">
     <span class='ocr_line' id='line_1_88' title="bbox 2098 4033 3668 4114; baseline 0.018 -27"><span class='ocrx_word' id='word_1_598' title='bbox 2098 4033 2243 4088; x_wconf 91' lang='lat' dir='ltr'><strong>enim</strong></span> <span class='ocrx_word' id='word_1_599' title='bbox 2279 4036 2423 4104; x_wconf 88' lang='lat' dir='ltr'><strong>quod</strong></span> <span class='ocrx_word' id='word_1_600' title='bbox 2456 4036 2699 4094; x_wconf 89' lang='lat' dir='ltr'><strong>Ecclesia</strong></span> <span class='ocrx_word' id='word_1_601' title='bbox 2728 4042 3002 4099; x_wconf 90' lang='lat' dir='ltr'><strong>catholica</strong></span> <span class='ocrx_word' id='word_1_602' title='bbox 3077 4047 3143 4102; x_wconf 90' lang='lat' dir='ltr'><strong>de</strong></span> <span class='ocrx_word' id='word_1_603' title='bbox 3195 4049 3486 4111; x_wconf 89' lang='lat' dir='ltr'><strong>divinitate</strong></span> <span class='ocrx_word' id='word_1_604' title='bbox 3537 4074 3668 4114; x_wconf 81' lang='lat' dir='ltr'><strong>sen-</strong></span> 
     </span>
    </p>
   </div>
   <div class='ocr_carea' id='block_1_89' title="bbox 2101 4124 3661 4215">
    <p class='ocr_par' dir='ltr' id='par_1_89' title="bbox 2101 4124 3661 4215">
     <span class='ocr_line' id='line_1_89' title="bbox 2101 4124 3661 4215; baseline 0.019 -39"><span class='ocrx_word' id='word_1_605' title='bbox 2101 4126 2261 4178; x_wconf 93' lang='lat' dir='ltr'><strong>tiunt.</strong></span> <span class='ocrx_word' id='word_1_606' title='bbox 2296 4124 2489 4180; x_wconf 75' lang='lat' dir='ltr'><strong>Caeteri</strong></span> <span class='ocrx_word' id='word_1_607' title='bbox 2523 4142 2654 4182; x_wconf 82' lang='lat' dir='ltr'><strong>vero</strong></span> <span class='ocrx_word' id='word_1_608' title='bbox 2710 4131 2990 4203; x_wconf 90' lang='lat' dir='ltr'><strong>episcopis</strong></span> <span class='ocrx_word' id='word_1_609' title='bbox 3035 4138 3153 4193; x_wconf 90' lang='lat' dir='ltr'><strong>suis</strong></span> <span class='ocrx_word' id='word_1_610' title='bbox 3202 4155 3661 4215; x_wconf 86' lang='lat' dir='ltr'><strong>suecensuerunt,</strong></span> 
     </span>
    </p>
   </div>
   <div class='ocr_carea' id='block_1_90' title="bbox 2098 4215 3668 4311">
    <p class='ocr_par' dir='ltr' id='par_1_90' title="bbox 2098 4215 3668 4311">
     <span class='ocr_line' id='line_1_90' title="bbox 2098 4215 3668 4311; baseline 0.02 -43"><span class='ocrx_word' id='word_1_611' title='bbox 2098 4215 2243 4285; x_wconf 89' lang='lat' dir='ltr'><strong>quod</strong></span> <span class='ocrx_word' id='word_1_612' title='bbox 2292 4231 2476 4271; x_wconf 89' lang='lat' dir='ltr'><strong>coram</strong></span> <span class='ocrx_word' id='word_1_613' title='bbox 2527 4218 2896 4290; x_wconf 89' lang='lat' dir='ltr'><strong>imperatore,</strong></span> <span class='ocrx_word' id='word_1_614' title='bbox 2940 4231 3238 4298; x_wconf 82' lang='lat' dir='ltr'><strong>pugnantia</strong></span> <span class='ocrx_word' id='word_1_615' title='bbox 3293 4249 3479 4292; x_wconf 91' lang='lat' dir='ltr'><strong>secum</strong></span> <span class='ocrx_word' id='word_1_616' title='bbox 3529 4241 3668 4311; x_wconf 84' lang='lat' dir='ltr'><strong>ipsis</strong></span> 
     </span>
    </p>
   </div>
   <div class='ocr_carea' id='block_1_91' title="bbox 2097 4308 3660 4399">
    <p class='ocr_par' dir='ltr' id='par_1_91' title="bbox 2097 4308 3660 4399">
     <span class='ocr_line' id='line_1_91' title="bbox 2097 4308 3660 4399; baseline 0.019 -41"><span class='ocrx_word' id='word_1_617' title='bbox 2097 4311 2261 4376; x_wconf 90' lang='lat' dir='ltr'><strong>atque</strong></span> <span class='ocrx_word' id='word_1_618' title='bbox 2290 4308 2591 4389; x_wconf 71' lang='lat' dir='ltr'><strong>contraria,</strong></span> <span class='ocrx_word' id='word_1_619' title='bbox 2631 4310 2885 4382; x_wconf 90' lang='lat' dir='ltr'><strong>imperite</strong></span> <span class='ocrx_word' id='word_1_620' title='bbox 2932 4316 3231 4379; x_wconf 85' lang='lat' dir='ltr'><strong>dixissent.</strong></span> <span class='ocrx_word' id='word_1_621' title='bbox 3280 4322 3436 4382; x_wconf 80' lang='lat' dir='ltr'><strong>Multi</strong></span> <span class='ocrx_word' id='word_1_622' title='bbox 3469 4308 3660 4399; x_wconf 80' lang='lat' dir='ltr'><strong>etiam,</strong></span> 
     </span>
    </p>
   </div>
   <div class='ocr_carea' id='block_1_92' title="bbox 2095 4396 3666 4481">
    <p class='ocr_par' dir='ltr' id='par_1_92' title="bbox 2095 4396 3666 4481">
     <span class='ocr_line' id='line_1_92' title="bbox 2095 4396 3666 4481; baseline 0.018 -30"><span class='ocrx_word' id='word_1_623' title='bbox 2095 4396 2372 4454; x_wconf 82' lang='lat' dir='ltr'><strong>damnatis</strong></span> <span class='ocrx_word' id='word_1_624' title='bbox 2397 4399 2529 4466; x_wconf 89' lang='lat' dir='ltr'><strong>illis,</strong></span> <span class='ocrx_word' id='word_1_625' title='bbox 2561 4400 2628 4455; x_wconf 88' lang='lat' dir='ltr'><strong>ad</strong></span> <span class='ocrx_word' id='word_1_626' title='bbox 2650 4416 2769 4457; x_wconf 88' lang='lat' dir='ltr'><strong>eam</strong></span> <span class='ocrx_word' id='word_1_627' title='bbox 2796 4404 2953 4461; x_wconf 85' lang='lat' dir='ltr'><strong>fidem</strong></span> <span class='ocrx_word' id='word_1_628' title='bbox 2984 4424 3106 4479; x_wconf 72' lang='lat' dir='ltr'><strong>quae</strong></span> <span class='ocrx_word' id='word_1_629' title='bbox 3134 4412 3361 4481; x_wconf 85' lang='lat' dir='ltr'><strong>probata</strong></span> <span class='ocrx_word' id='word_1_630' title='bbox 3392 4416 3572 4475; x_wconf 90' lang='lat' dir='ltr'><strong>fuerat</strong></span> <span class='ocrx_word' id='word_1_631' title='bbox 3601 4396 3666 4481; x_wconf 81' lang='lat' dir='ltr'><strong>se</strong></span> 
     </span>
    </p>
   </div>
   <div class='ocr_carea' id='block_1_93' title="bbox 2023 4481 3665 4583">
    <p class='ocr_par' dir='ltr' id='par_1_93' title="bbox 2023 4481 3665 4583">
     <span class='ocr_line' id='line_1_93' title="bbox 2023 4481 3665 4583; baseline 0.016 -41"><span class='ocrx_word' id='word_1_632' title='bbox 2023 4481 2078 4542; x_wconf 77' lang='grc' dir='ltr'><strong>Ι)</strong></span> <span class='ocrx_word' id='word_1_633' title='bbox 2102 4489 2526 4545; x_wconf 86' lang='lat' dir='ltr'><strong>transtulerunt.</strong></span> <span class='ocrx_word' id='word_1_634' title='bbox 2564 4491 2834 4549; x_wconf 66' lang='lat' dir='ltr'><strong>Caeterum</strong></span> <span class='ocrx_word' id='word_1_635' title='bbox 2874 4496 3176 4569; x_wconf 87' lang='lat' dir='ltr'><strong>imperator</strong></span> <span class='ocrx_word' id='word_1_636' title='bbox 3208 4505 3326 4576; x_wconf 85' lang='lat' dir='ltr'><strong>lege</strong></span> <span class='ocrx_word' id='word_1_637' title='bbox 3374 4508 3482 4564; x_wconf 90' lang='lat' dir='ltr'><strong>lata</strong></span> <span class='ocrx_word' id='word_1_638' title='bbox 3524 4527 3665 4583; x_wconf 71' lang='lat' dir='ltr'><strong>prae-</strong></span> 
     </span>
    </p>
   </div>
   <div class='ocr_carea' id='block_1_94' title="bbox 427 4558 3663 4661">
    <p class='ocr_par' dir='ltr' id='par_1_94' title="bbox 427 4558 3663 4661">
     <span class='ocr_line' id='line_1_94' title="bbox 427 4558 3663 4661; baseline 0.016 -50"><span class='ocrx_word' id='word_1_639' title='bbox 427 4558 592 4628; x_wconf 90' lang='lat' dir='ltr'><strong>cepit,</strong></span> <span class='ocrx_word' id='word_1_640' title='bbox 617 4576 686 4616; x_wconf 91' lang='lat' dir='ltr'><strong>ne</strong></span> <span class='ocrx_word' id='word_1_641' title='bbox 716 4561 955 4618; x_wconf 58' lang='lat' dir='ltr'><strong>haeretici</strong></span> <span class='ocrx_word' id='word_1_642' title='bbox 987 4564 1246 4622; x_wconf 88' lang='lat' dir='ltr'><strong>collectas</strong></span> <span class='ocrx_word' id='word_1_643' title='bbox 1283 4578 1528 4639; x_wconf 81' lang='lat' dir='ltr'><strong>agerent,</strong></span> <span class='ocrx_word' id='word_1_644' title='bbox 1598 4587 1733 4629; x_wconf 91' lang='lat' dir='ltr'><strong>neve</strong></span> <span class='ocrx_word' id='word_1_645' title='bbox 1789 4573 1858 4632; x_wconf 90' lang='lat' dir='ltr'><strong>de</strong></span> <span class='ocrx_word' id='word_1_646' title='bbox 1912 4575 2020 4636; x_wconf 85' lang='lat' dir='ltr'><strong>fide</strong></span> <span class='ocrx_word' id='word_1_647' title='bbox 2096 4579 2378 4647; x_wconf 83' lang='lat' dir='ltr'><strong>docerent,</strong></span> <span class='ocrx_word' id='word_1_648' title='bbox 2430 4598 2566 4639; x_wconf 91' lang='lat' dir='ltr'><strong>neve</strong></span> <span class='ocrx_word' id='word_1_649' title='bbox 2615 4585 2905 4657; x_wconf 88' lang='lat' dir='ltr'><strong>episcopos</strong></span> <span class='ocrx_word' id='word_1_650' title='bbox 2950 4600 3045 4647; x_wconf 89' lang='lat' dir='ltr'><strong>aut</strong></span> <span class='ocrx_word' id='word_1_651' title='bbox 3097 4594 3234 4651; x_wconf 90' lang='lat' dir='ltr'><strong>alios</strong></span> <span class='ocrx_word' id='word_1_652' title='bbox 3260 4558 3608 4660; x_wconf 44' lang='lat' dir='ltr'><strong>“ordinarent</strong></span> <span class='ocrx_word' id='word_1_653' title='bbox 3641 4621 3663 4661; x_wconf 87' lang='lat'><strong>:</strong></span> 
     </span>
    </p>
   </div>
   <div class='ocr_carea' id='block_1_95' title="bbox 428 4657 3663 4767">
    <p class='ocr_par' dir='ltr' id='par_1_95' title="bbox 428 4657 3663 4767">
     <span class='ocr_line' id='line_1_95' title="bbox 428 4657 3663 4767; baseline 0.015 -60"><span class='ocrx_word' id='word_1_654' title='bbox 428 4664 593 4724; x_wconf 87' lang='lat' dir='ltr'><strong>utque</strong></span> <span class='ocrx_word' id='word_1_655' title='bbox 616 4657 710 4711; x_wconf 88' lang='lat' dir='ltr'><strong>alii</strong></span> <span class='ocrx_word' id='word_1_656' title='bbox 749 4657 968 4727; x_wconf 88' lang='lat' dir='ltr'><strong>quidem</strong></span> <span class='ocrx_word' id='word_1_657' title='bbox 1024 4659 1259 4716; x_wconf 87' lang='lat' dir='ltr'><strong>urbibus</strong></span> <span class='ocrx_word' id='word_1_658' title='bbox 1314 4670 1371 4718; x_wconf 93' lang='lat' dir='ltr'><strong>et</strong></span> <span class='ocrx_word' id='word_1_659' title='bbox 1421 4665 1567 4733; x_wconf 87' lang='lat' dir='ltr'><strong>agris</strong></span> <span class='ocrx_word' id='word_1_660' title='bbox 1599 4666 1935 4736; x_wconf 89' lang='lat' dir='ltr'><strong>pellerentur</strong></span> <span class='ocrx_word' id='word_1_661' title='bbox 1970 4691 1986 4730; x_wconf 90' lang='lat'><strong>:</strong></span> <span class='ocrx_word' id='word_1_662' title='bbox 2066 4676 2159 4730; x_wconf 89' lang='lat' dir='ltr'><strong>alii</strong></span> <span class='ocrx_word' id='word_1_663' title='bbox 2222 4691 2354 4733; x_wconf 87' lang='lat' dir='ltr'><strong>vero</strong></span> <span class='ocrx_word' id='word_1_664' title='bbox 2383 4686 2710 4736; x_wconf 89' lang='lat' dir='ltr'><strong>notarentur</strong></span> <span class='ocrx_word' id='word_1_665' title='bbox 2746 4682 2996 4753; x_wconf 89' lang='lat' dir='ltr'><strong>infamia,</strong></span> <span class='ocrx_word' id='word_1_666' title='bbox 3039 4704 3143 4746; x_wconf 90' lang='lat' dir='ltr'><strong>nec</strong></span> <span class='ocrx_word' id='word_1_667' title='bbox 3186 4690 3277 4761; x_wconf 79' lang='lat' dir='ltr'><strong>jus</strong></span> <span class='ocrx_word' id='word_1_668' title='bbox 3327 4710 3541 4767; x_wconf 64' lang='lat' dir='ltr'><strong>aequum</strong></span> <span class='ocrx_word' id='word_1_669' title='bbox 3584 4702 3663 4756; x_wconf 85' lang='lat' dir='ltr'><strong>ci-</strong></span> 
     </span>
    </p>
   </div>
   <div class='ocr_carea' id='block_1_96' title="bbox 424 4748 3660 4859">
    <p class='ocr_par' dir='ltr' id='par_1_96' title="bbox 424 4748 3660 4859">
     <span class='ocr_line' id='line_1_96' title="bbox 424 4748 3660 4859; baseline 0.016 -60"><span class='ocrx_word' id='word_1_670' title='bbox 424 4748 611 4805; x_wconf 67' lang='lat' dir='ltr'><strong>vitatis</strong></span> <span class='ocrx_word' id='word_1_671' title='bbox 645 4765 769 4804; x_wconf 90' lang='lat' dir='ltr'><strong>cum</strong></span> <span class='ocrx_word' id='word_1_672' title='bbox 814 4753 1041 4823; x_wconf 89' lang='lat' dir='ltr'><strong>reliquis</strong></span> <span class='ocrx_word' id='word_1_673' title='bbox 1069 4755 1288 4810; x_wconf 89' lang='lat' dir='ltr'><strong>civibus</strong></span> <span class='ocrx_word' id='word_1_674' title='bbox 1366 4760 1737 4827; x_wconf 88' lang='lat' dir='ltr'><strong>possiderent.</strong></span> <span class='ocrx_word' id='word_1_675' title='bbox 1771 4763 1836 4817; x_wconf 85' lang='lat' dir='ltr'><strong>Et</strong></span> <span class='ocrx_word' id='word_1_676' title='bbox 1868 4782 2064 4837; x_wconf 85' lang='lat' dir='ltr'><strong>graves</strong></span> <span class='ocrx_word' id='word_1_677' title='bbox 2131 4772 2350 4842; x_wconf 90' lang='lat' dir='ltr'><strong>quidem</strong></span> <span class='ocrx_word' id='word_1_678' title='bbox 2415 4788 2609 4844; x_wconf 67' lang='lat' dir='ltr'><strong>poenas</strong></span> <span class='ocrx_word' id='word_1_679' title='bbox 2673 4778 2886 4849; x_wconf 80' lang='lat' dir='ltr'><strong>legibus</strong></span> <span class='ocrx_word' id='word_1_680' title='bbox 2938 4748 3057 4839; x_wconf 86' lang='lat' dir='ltr'><strong>suis</strong></span> <span class='ocrx_word' id='word_1_681' title='bbox 3121 4748 3427 4859; x_wconf 11' lang='lat' dir='ltr'><strong>ascripsitﬁ&#39;r</strong></span> <span class='ocrx_word' id='word_1_682' title='bbox 3482 4793 3660 4852; x_wconf 86' lang='lat' dir='ltr'><strong>haud-</strong></span> 
     </span>
    </p>
   </div>
   <div class='ocr_carea' id='block_1_97' title="bbox 425 4846 3661 4954">
    <p class='ocr_par' dir='ltr' id='par_1_97' title="bbox 425 4846 3661 4954">
     <span class='ocr_line' id='line_1_97' title="bbox 425 4846 3661 4954; baseline 0.015 -60"><span class='ocrx_word' id='word_1_683' title='bbox 425 4855 702 4910; x_wconf 85' lang='lat' dir='ltr'><strong>quaquam</strong></span> <span class='ocrx_word' id='word_1_684' title='bbox 764 4851 947 4898; x_wconf 89' lang='lat' dir='ltr'><strong>tameu</strong></span> <span class='ocrx_word' id='word_1_685' title='bbox 983 4846 1318 4902; x_wconf 82' lang='lat' dir='ltr'><strong>exsecutioni</strong></span> <span class='ocrx_word' id='word_1_686' title='bbox 1349 4850 1651 4907; x_wconf 81' lang='lat' dir='ltr'><strong>mandavit.</strong></span> <span class='ocrx_word' id='word_1_687' title='bbox 1679 4852 1867 4926; x_wconf 86' lang='lat' dir='ltr'><strong>Neque</strong></span> <span class='ocrx_word' id='word_1_688' title='bbox 1899 4860 2044 4914; x_wconf 85' lang='lat' dir='ltr'><strong>enim</strong></span> <span class='ocrx_word' id='word_1_689' title='bbox 2084 4864 2278 4932; x_wconf 89' lang='lat' dir='ltr'><strong>punire</strong></span> <span class='ocrx_word' id='word_1_690' title='bbox 2312 4866 2578 4932; x_wconf 83' lang='lat' dir='ltr'><strong>subditos,</strong></span> <span class='ocrx_word' id='word_1_691' title='bbox 2601 4872 2695 4927; x_wconf 87' lang='lat' dir='ltr'><strong>sed</strong></span> <span class='ocrx_word' id='word_1_692' title='bbox 2726 4846 2932 4930; x_wconf 80' lang='lat' dir='ltr'><strong>terrere</strong></span> <span class='ocrx_word' id='word_1_693' title='bbox 2969 4846 3345 4937; x_wconf 72' lang='lat' dir='ltr'><strong>tantummodo</strong></span> <span class='ocrx_word' id='word_1_694' title='bbox 3381 4885 3661 4954; x_wconf 86' lang='lat' dir='ltr'><strong>studebat,</strong></span> 
     </span>
     <span class='ocr_line' id='line_1_98' title="bbox 427 4932 2031 4954; baseline 0 0"><span class='ocrx_word' id='word_1_695' title='bbox 513 4932 648 4954; x_wconf 47' lang='grc' dir='ltr'>ειη-</span> <span class='ocrx_word' id='word_1_696' title='bbox 698 4949 806 4954; x_wconf 45' lang='grc' dir='ltr'><strong>---μ</strong></span> <span class='ocrx_word' id='word_1_697' title='bbox 851 4936 959 4954; x_wconf 37' lang='grc' dir='ltr'><strong>,μη</strong></span> <span class='ocrx_word' id='word_1_698' title='bbox 1011 4937 1052 4954; x_wconf 62' lang='lat'><strong>.,</strong></span> <span class='ocrx_word' id='word_1_699' title='bbox 1101 4938 1156 4954; x_wconf 50' lang='grc'><strong>...</strong></span> <span class='ocrx_word' id='word_1_700' title='bbox 1201 4940 1212 4951; x_wconf 94' lang='grc'><strong>.</strong></span> <span class='ocrx_word' id='word_1_701' title='bbox 1261 4941 1294 4954; x_wconf 84' lang='grc'>.-</span> <span class='ocrx_word' id='word_1_702' title='bbox 1343 4949 1352 4954; x_wconf 83' lang='grc'><strong>-</strong></span> <span class='ocrx_word' id='word_1_703' title='bbox 1525 4945 1555 4954; x_wconf 21' lang='grc' dir='ltr'>Α.</span> <span class='ocrx_word' id='word_1_704' title='bbox 1673 4953 1677 4954; x_wconf 30' lang='grc' dir='ltr'><em>ν</em></span> <span class='ocrx_word' id='word_1_705' title='bbox 1743 4946 1786 4954; x_wconf 89' lang='grc'>-.</span> <span class='ocrx_word' id='word_1_706' title='bbox 2022 4952 2031 4954; x_wconf 76' lang='lat'><strong><em>_</em></strong></span> 
     </span>
    </p>
   </div>
   <div class='ocr_carea' id='block_1_98' title="bbox 427 4932 3468 5037">
    <p class='ocr_par' dir='ltr' id='par_1_98' title="bbox 427 4932 3468 5037">
     <span class='ocr_line' id='line_1_99' title="bbox 427 4932 3468 5037; baseline 0.015 -51"><span class='ocrx_word' id='word_1_707' title='bbox 427 4943 484 4987; x_wconf 88' lang='lat' dir='ltr'><strong>ut</strong></span> <span class='ocrx_word' id='word_1_708' title='bbox 513 4932 654 4988; x_wconf 86' lang='lat' dir='ltr'><strong>idem</strong></span> <span class='ocrx_word' id='word_1_709' title='bbox 690 4949 811 4989; x_wconf 89' lang='lat' dir='ltr'><strong>cum</strong></span> <span class='ocrx_word' id='word_1_710' title='bbox 850 4936 1064 5013; x_wconf 73' lang='lat' dir='ltr'><strong>ipsode</strong></span> <span class='ocrx_word' id='word_1_711' title='bbox 1098 4938 1708 5000; x_wconf 76' lang='lat' dir='ltr'><strong>Divinitatesentirent.</strong></span> <span class='ocrx_word' id='word_1_712' title='bbox 1743 4946 1878 5003; x_wconf 85' lang='lat' dir='ltr'><strong>Nam</strong></span> <span class='ocrx_word' id='word_1_713' title='bbox 1925 4959 1982 5007; x_wconf 76' lang='lat' dir='ltr'><strong>et</strong></span> <span class='ocrx_word' id='word_1_714' title='bbox 2019 4952 2143 5010; x_wconf 90' lang='lat' dir='ltr'><strong>illos</strong></span> <span class='ocrx_word' id='word_1_715' title='bbox 2176 4955 2452 5026; x_wconf 88' lang='lat' dir='ltr'><strong>laudabat,</strong></span> <span class='ocrx_word' id='word_1_716' title='bbox 2484 4964 2577 5034; x_wconf 91' lang='lat' dir='ltr'><strong>qui</strong></span> <span class='ocrx_word' id='word_1_717' title='bbox 2639 4981 2736 5021; x_wconf 89' lang='lat' dir='ltr'><strong>sua</strong></span> <span class='ocrx_word' id='word_1_718' title='bbox 2773 4975 2967 5037; x_wconf 83' lang='lat' dir='ltr'><strong>sponte</strong></span> <span class='ocrx_word' id='word_1_719' title='bbox 2997 4981 3468 5033; x_wconf 88' lang='lat' dir='ltr'><strong>converterentur.</strong></span> 
     </span>
    </p>
   </div>
   <div class='ocr_carea' id='block_1_99' title="bbox 1566 5100 2425 5174">
    <p class='ocr_par' dir='ltr' id='par_1_99' title="bbox 1566 5100 2425 5174">
     <span class='ocr_line' id='line_1_100' title="bbox 1566 5100 2425 5174; baseline 0.023 -20"><span class='ocrx_word' id='word_1_720' title='bbox 1566 5100 1838 5158; x_wconf 75' lang='lat' dir='ltr'><strong>VALESII</strong></span> <span class='ocrx_word' id='word_1_721' title='bbox 1874 5107 2425 5174; x_wconf 82' lang='lat' dir='ltr'><strong>ANNOTATIONES.</strong></span> 
     </span>
    </p>
   </div>
   <div class='ocr_carea' id='block_1_100' title="bbox 498 5198 2010 5319">
    <p class='ocr_par' dir='ltr' id='par_1_100' title="bbox 498 5198 1984 5319">
     <span class='ocr_line' id='line_1_101' title="bbox 498 5198 1984 5287; baseline 0.01 -27"><span class='ocrx_word' id='word_1_722' title='bbox 498 5198 572 5266; x_wconf 85' lang='grc'><strong>(7)</strong></span> <span class='ocrx_word' id='word_1_723' title='bbox 615 5198 676 5250; x_wconf 80' lang='grc' dir='ltr'>Ὀ</span> <span class='ocrx_word' id='word_1_724' title='bbox 704 5200 771 5251; x_wconf 82' lang='grc' dir='ltr'>δὲ</span> <span class='ocrx_word' id='word_1_725' title='bbox 803 5202 1102 5271; x_wconf 78' lang='grc' dir='ltr'>βασιλεὺς</span> <span class='ocrx_word' id='word_1_726' title='bbox 1134 5209 1482 5278; x_wconf 78' lang='grc' dir='ltr'>νομοθετῶν.</span> <span class='ocrx_word' id='word_1_727' title='bbox 1517 5214 1769 5287; x_wconf 82' lang='lat' dir='ltr'><strong>lnlelligit</strong></span> <span class='ocrx_word' id='word_1_728' title='bbox 1811 5218 1984 5275; x_wconf 82' lang='lat' dir='ltr'><strong>Sozo-</strong></span> 
     </span>
     <span class='ocr_line' id='line_1_102' title="bbox 498 5270 1983 5319; baseline 0 0"><span class='ocrx_word' id='word_1_729' title='bbox 498 5282 618 5319; x_wconf 65' lang='lat' dir='ltr'><strong>anus</strong></span> <span class='ocrx_word' id='word_1_730' title='bbox 652 5270 820 5319; x_wconf 62' lang='lat' dir='ltr'><strong>lenem</strong></span> <span class='ocrx_word' id='word_1_731' title='bbox 854 5285 1080 5319; x_wconf 72' lang='lat' dir='ltr'><strong>sextam-</strong></span> <span class='ocrx_word' id='word_1_732' title='bbox 1126 5281 1407 5319; x_wconf 72' lang='lat' dir='ltr'><strong>cnnlinmrn</strong></span> <span class='ocrx_word' id='word_1_733' title='bbox 1457 5289 1503 5319; x_wconf 71' lang='lat' dir='ltr'><strong>nl</strong></span> <span class='ocrx_word' id='word_1_734' title='bbox 1542 5299 1827 5319; x_wconf 52' lang='lat' dir='ltr'><strong>unum&quot;...</strong></span> <span class='ocrx_word' id='word_1_735' title='bbox 1865 5307 1983 5319; x_wconf 61' lang='grc' dir='ltr'>...μη</span> 
     </span>
    </p>
   </div>
   <div class='ocr_carea' id='block_1_101' title="bbox 2109 5198 3656 5319">
    <p class='ocr_par' dir='ltr' id='par_1_101' title="bbox 2109 5227 3656 5319">
     <span class='ocr_line' id='line_1_103' title="bbox 2109 5227 3656 5319; baseline 0.017 -38"><span class='ocrx_word' id='word_1_736' title='bbox 2109 5227 2157 5283; x_wconf 64' lang='lat' dir='ltr'><strong>:li</strong></span> <span class='ocrx_word' id='word_1_737' title='bbox 2192 5233 2335 5319; x_wconf 77' lang='lat' dir='ltr'><strong>enim</strong></span> <span class='ocrx_word' id='word_1_738' title='bbox 2363 5251 2471 5304; x_wconf 86' lang='lat' dir='ltr'><strong>prae</strong></span> <span class='ocrx_word' id='word_1_739' title='bbox 2494 5242 2707 5319; x_wconf 64' lang='lat' dir='ltr'><strong>caeteris</strong></span> <span class='ocrx_word' id='word_1_740' title='bbox 2732 5243 2965 5319; x_wconf 68' lang='lat' dir='ltr'><strong>infames</strong></span> <span class='ocrx_word' id='word_1_741' title='bbox 2988 5263 3110 5304; x_wconf 91' lang='lat' dir='ltr'><strong>esse</strong></span> <span class='ocrx_word' id='word_1_742' title='bbox 3141 5250 3406 5319; x_wconf 81' lang='lat' dir='ltr'><strong>jubentur</strong></span> <span class='ocrx_word' id='word_1_743' title='bbox 3440 5271 3453 5306; x_wconf 89' lang='lat'><strong>:</strong></span> <span class='ocrx_word' id='word_1_744' title='bbox 3490 5251 3558 5306; x_wconf 86' lang='lat' dir='ltr'><strong>ita</strong></span> <span class='ocrx_word' id='word_1_745' title='bbox 3599 5263 3656 5309; x_wconf 89' lang='lat' dir='ltr'><strong>ut</strong></span> 
     </span>
    </p>
   </div>
   <div class='ocr_carea' id='block_1_102' title="bbox 426 5270 3655 5377">
    <p class='ocr_par' dir='ltr' id='par_1_102' title="bbox 426 5270 3655 5377">
     <span class='ocr_line' id='line_1_104' title="bbox 1084 5270 3655 5319; baseline 0.014 -48"><span class='ocrx_word' id='word_1_746' title='bbox 1084 5270 1089 5271; x_wconf 62' lang='lat'><strong><em>,</em></strong></span> <span class='ocrx_word' id='word_1_747' title='bbox 1204 5270 1218 5278; x_wconf 82' lang='lat'>_</span> <span class='ocrx_word' id='word_1_748' title='bbox 1250 5281 1261 5291; x_wconf 46' lang='grc'><strong>,</strong></span> <span class='ocrx_word' id='word_1_749' title='bbox 1693 5270 1723 5287; x_wconf 79' lang='grc' dir='ltr'><strong>υ</strong></span> <span class='ocrx_word' id='word_1_750' title='bbox 1754 5270 1761 5272; x_wconf 20' lang='grc' dir='ltr'>ξ</span> <span class='ocrx_word' id='word_1_751' title='bbox 1824 5270 1946 5275; x_wconf 69' lang='grc' dir='ltr'><strong>-ν--</strong></span> <span class='ocrx_word' id='word_1_752' title='bbox 2092 5270 2157 5283; x_wconf 89' lang='grc'><strong>...</strong></span> <span class='ocrx_word' id='word_1_753' title='bbox 2192 5270 2335 5286; x_wconf 61' lang='lat' dir='ltr'><strong>mu...</strong></span> <span class='ocrx_word' id='word_1_754' title='bbox 2363 5270 2471 5304; x_wconf 74' lang='grc' dir='ltr'><strong>μιω</strong></span> <span class='ocrx_word' id='word_1_755' title='bbox 2494 5270 2707 5297; x_wconf 69' lang='grc' dir='ltr'><strong>ιιαῖιῦιιδ</strong></span> <span class='ocrx_word' id='word_1_756' title='bbox 2732 5270 2965 5304; x_wconf 77' lang='lat' dir='ltr'><strong>&quot;names</strong></span> <span class='ocrx_word' id='word_1_757' title='bbox 2988 5270 3110 5304; x_wconf 84' lang='lat' dir='ltr'><strong>esse</strong></span> <span class='ocrx_word' id='word_1_758' title='bbox 3141 5270 3406 5319; x_wconf 66' lang='lat' dir='ltr'><strong>jltDentur</strong></span> <span class='ocrx_word' id='word_1_759' title='bbox 3440 5271 3453 5306; x_wconf 86' lang='lat'><strong>:</strong></span> <span class='ocrx_word' id='word_1_760' title='bbox 3490 5270 3558 5306; x_wconf 82' lang='lat' dir='ltr'><strong>lla</strong></span> <span class='ocrx_word' id='word_1_761' title='bbox 3599 5270 3655 5309; x_wconf 85' lang='grc' dir='ltr'><strong>ιιι</strong></span> 
     </span>
     <span class='ocr_line' id='line_1_105' title="bbox 426 5270 3655 5377; baseline -0 0"><span class='ocrx_word' id='word_1_762' title='bbox 426 5270 1828 5377; x_wconf 49' lang='grc' dir='ltr'><strong>ἲῖἲῒῖῑῖξΐὲ,ξῗεξέἲ¹ιὶῗῗξέ¹έ¹¹τιςέἴέἕὲἓέὶῗὲἑὶξΑθξιξῖειέηῖῑιέεὲ</strong></span> <span class='ocrx_word' id='word_1_763' title='bbox 1854 5307 1983 5377; x_wconf 25' lang='grc' dir='ltr'>ίίιιιεε</span> <span class='ocrx_word' id='word_1_764' title='bbox 2092 5313 2194 5377; x_wconf 66' lang='grc' dir='ltr'><strong>προ</strong></span> <span class='ocrx_word' id='word_1_765' title='bbox 2231 5310 2539 5377; x_wconf 56' lang='lat' dir='ltr'><strong>testamenti</strong></span> <span class='ocrx_word' id='word_1_766' title='bbox 2577 5310 2833 5377; x_wconf 76' lang='lat' dir='ltr'><strong>faciendi.</strong></span> <span class='ocrx_word' id='word_1_767' title='bbox 2897 5333 2997 5372; x_wconf 70' lang='lat' dir='ltr'><strong>nec</strong></span> <span class='ocrx_word' id='word_1_768' title='bbox 3049 5336 3115 5374; x_wconf 79' lang='lat' dir='ltr'><strong>ex</strong></span> <span class='ocrx_word' id='word_1_769' title='bbox 3173 5328 3497 5376; x_wconf 80' lang='lat' dir='ltr'><strong>testamento</strong></span> <span class='ocrx_word' id='word_1_770' title='bbox 3560 5340 3655 5376; x_wconf 76' lang='lat' dir='ltr'><strong>ra-</strong></span> 
     </span>
    </p>
   </div>
   <div class='ocr_carea' id='block_1_103' title="bbox 426 5336 3652 5462">
    <p class='ocr_par' dir='ltr' id='par_1_103' title="bbox 426 5336 3652 5462">
     <span class='ocr_line' id='line_1_106' title="bbox 426 5336 3652 5462; baseline 0.018 -72"><span class='ocrx_word' id='word_1_771' title='bbox 426 5336 725 5462; x_wconf 48' lang='lat' dir='ltr'><strong>:tiagiseutur&#39;</strong></span> <span class='ocrx_word' id='word_1_772' title='bbox 748 5339 801 5392; x_wconf 89' lang='lat' dir='ltr'><strong>in</strong></span> <span class='ocrx_word' id='word_1_773' title='bbox 827 5340 1026 5399; x_wconf 79' lang='lat' dir='ltr'><strong>Codice</strong></span> <span class='ocrx_word' id='word_1_774' title='bbox 1068 5336 1472 5415; x_wconf 74' lang='lat' dir='ltr'><strong>Theodosiauo,</strong></span> <span class='ocrx_word' id='word_1_775' title='bbox 1501 5336 1660 5409; x_wconf 57' lang='lat' dir='ltr'><strong>titul&#39;o</strong></span> <span class='ocrx_word' id='word_1_776' title='bbox 1696 5359 1769 5412; x_wconf 83' lang='lat' dir='ltr'><strong>De</strong></span> <span class='ocrx_word' id='word_1_777' title='bbox 1807 5336 1981 5417; x_wconf 55' lang='lat' dir='ltr'><strong>htelre-</strong></span> <span class='ocrx_word' id='word_1_778' title='bbox 3132 5336 3652 5462; x_wconf 50' lang='grc' dir='ltr'><strong>υἷῗῗὶιίὶέξέῒριίἙθ</strong></span> 
     </span>
    </p>
   </div>
   <div class='ocr_carea' id='block_1_104' title="bbox 427 5406 2498 5501">
    <p class='ocr_par' dir='ltr' id='par_1_104' title="bbox 427 5406 2498 5501">
     <span class='ocr_line' id='line_1_107' title="bbox 453 5406 2498 5437; baseline -0.001 -14"><span class='ocrx_word' id='word_1_779' title='bbox 453 5410 462 5419; x_wconf 96' lang='grc'><strong>.</strong></span> <span class='ocrx_word' id='word_1_780' title='bbox 504 5406 515 5416; x_wconf 86' lang='grc'><strong>.</strong></span> <span class='ocrx_word' id='word_1_781' title='bbox 1460 5406 1470 5415; x_wconf 83' lang='grc'><strong>.</strong></span> <span class='ocrx_word' id='word_1_782' title='bbox 1697 5406 1766 5412; x_wconf 64' lang='grc' dir='ltr'>η</span> <span class='ocrx_word' id='word_1_783' title='bbox 1807 5406 1949 5417; x_wconf 71' lang='grc' dir='ltr'><strong>--.--ν</strong></span> <span class='ocrx_word' id='word_1_784' title='bbox 2090 5406 2274 5437; x_wconf 59' lang='lat' dir='ltr'><strong>pm...</strong></span> <span class='ocrx_word' id='word_1_785' title='bbox 2304 5406 2498 5430; x_wconf 61' lang='lat' dir='ltr'><strong>“um...</strong></span> 
     </span>
     <span class='ocr_line' id='line_1_108' title="bbox 427 5420 2498 5501; baseline 0 0"><span class='ocrx_word' id='word_1_786' title='bbox 427 5420 568 5501; x_wconf 41' lang='lat'><strong>“2&#39;3:</strong></span> <span class='ocrx_word' id='word_1_787' title='bbox 778 5479 833 5501; x_wconf 58' lang='grc' dir='ltr'>ο.</span> <span class='ocrx_word' id='word_1_788' title='bbox 898 5484 910 5499; x_wconf 89' lang='grc'><strong>.</strong></span> <span class='ocrx_word' id='word_1_789' title='bbox 965 5484 974 5501; x_wconf 81' lang='grc'><strong><em>,</em></strong></span> <span class='ocrx_word' id='word_1_790' title='bbox 1174 5482 1200 5501; x_wconf 73' lang='lat'><strong>.</strong></span> <span class='ocrx_word' id='word_1_791' title='bbox 1347 5491 1391 5501; x_wconf 87' lang='lat'><strong>..</strong></span> <span class='ocrx_word' id='word_1_792' title='bbox 1473 5493 1483 5501; x_wconf 88' lang='lat'><strong>.</strong></span> <span class='ocrx_word' id='word_1_793' title='bbox 1527 5496 1537 5501; x_wconf 91' lang='lat'><strong>_</strong></span> <span class='ocrx_word' id='word_1_794' title='bbox 1698 5496 1707 5501; x_wconf 87' lang='lat'>_</span> <span class='ocrx_word' id='word_1_795' title='bbox 1920 5500 1923 5501; x_wconf 24' lang='grc' dir='ltr'><strong>ν</strong></span> <span class='ocrx_word' id='word_1_796' title='bbox 2086 5440 2273 5499; x_wconf 87' lang='lat' dir='ltr'><strong>codice</strong></span> <span class='ocrx_word' id='word_1_797' title='bbox 2310 5444 2498 5501; x_wconf 88' lang='lat' dir='ltr'><strong>citato.</strong></span> 
     </span>
    </p>
   </div>
   <div class='ocr_carea' id='block_1_105' title="bbox 492 5474 1973 5571">
    <p class='ocr_par' dir='ltr' id='par_1_105' title="bbox 492 5474 1973 5571">
     <span class='ocr_line' id='line_1_109' title="bbox 492 5474 1973 5571; baseline 0.016 -40"><span class='ocrx_word' id='word_1_798' title='bbox 492 5474 568 5549; x_wconf 76' lang='grc'><strong>(8)</strong></span> <span class='ocrx_word' id='word_1_799' title='bbox 608 5477 749 5544; x_wconf 80' lang='grc' dir='ltr'>Τοὺς</span> <span class='ocrx_word' id='word_1_800' title='bbox 770 5479 855 5544; x_wconf 82' lang='grc' dir='ltr'>δὲ,</span> <span class='ocrx_word' id='word_1_801' title='bbox 879 5484 1124 5553; x_wconf 80' lang='grc' dir='ltr'>ἀτίμους</span> <span class='ocrx_word' id='word_1_802' title='bbox 1143 5482 1312 5544; x_wconf 75' lang='grc' dir='ltr'>εἶναι.</span> <span class='ocrx_word' id='word_1_803' title='bbox 1345 5491 1669 5551; x_wconf 78' lang='lat' dir='ltr'><strong>Manichaeos</strong></span> <span class='ocrx_word' id='word_1_804' title='bbox 1696 5496 1973 5571; x_wconf 83' lang='lat' dir='ltr'><strong>intelligit.</strong></span> 
     </span>
    </p>
   </div>
  </div>
