4066 6338
334 399 357 458 Ι
368 399 474 458 «MO

1251 385 1582 446 HISTORIA
1622 376 2190 444 ECCLESIASTICA.
2224 379 2444 435 --LIB.
2479 375 2592 435 νιι.

3447 379 3466 431 I
3481 374 3585 432 £50

330 514 468 585 μήτε
505 508 748 582 μείζονος
792 507 1200 580 μεταποιεῖσθαι
1240 507 1417 578 φήσας
1457 505 1550 559 ἐπὶ
1585 503 1761 576 μισθῷ
1785 503 1910 556 ἀσε-

2017 497 2221 569 gradus
2279 496 2688 566 pollicitatione-
2726 495 3070 558 demulcens,
3129 495 3296 566 coepit
3351 495 3587 549 hortari.

326 605 495 667 σεὶας.
532 605 683 656 Ἐπεὶ
703 599 795 655 οὖν
827 601 1014 670 ἐνέστη
1049 602 1123 672 μή
1159 616 1286 654 ποτε
1320 599 1478 652 τοῦτο
1495 595 1912 668 διαπράξασθαι,

326 694 504 764 ἱτεροι
533 695 924 762 διηκονήσαντο
953 690 1091 760 πρὸς
1136 689 1234 760 τὴν
1266 689 1412 742 θέσιν
1438 688 1531 742 τοῦ
1558 687 1800 741 τοιούτου
1825 687 1912 740 νό-

331 805 455 858 μου.
524 783 926 856 Παρεκελεύετο
983 783 1042 836 δὲ
1076 782 1245 845 ἀδεῶς
1271 783 1511 835 συνιέναι
1554 783 1680 843 τοὺς
1714 779 1916 850 ὁμοίως

324 877 646 944 δοξάζοντας
697 879 809 938 τοῖς
854 877 911 930 ὲν
981 874 1264 946 Ἀριμίνῳ,
1327 876 1420 927 καὶ
1464 873 1602 944 μετὰ
1646 873 1819 925 ταῦτα
1855 871 1913 924 ἑν

331 968 902 1021 Κωνσταντινουπόλει
939 966 1356 1036 συνεληλυθόσιδ
1402 967 1525 1029 τοὺς
1559 966 1616 1019 δὲ
1663 961 1912 1035 ἐμποδὼν

330 1061 676 1130 γενομένους,
737 1059 770 1130 ἦ
823 1058 1039 1112 ἐναντία
1098 1056 1176 1128 τῷ
1216 1059 1364 1128 νόμῳ
1417 1057 1681 1128 βασιλέως
1727 1055 1914 1126 δεομέ-

330 1168 454 1215 νους
483 1151 617 1220 (12),
649 1150 863 1220 θανάτῳ
893 1147 1237 1220 ζημιοῦσθαι.
1269 1149 1456 1202 Ταῦτα
1504 1145 1911 1217 σπουδαζούσης

329 1248 428 1316 ’τῆς
473 1242 567 1298 τοῦ
621 1243 886 1313 βασιλέως
939 1242 1163 1313 μητρὸς,
1189 1241 1402 1295 καὶτὸν
1439 1241 1603 1311 νόμον
1643 1242 1722 1303 εἰς
1752 1238 1912 1310 ἔργον

328 1339 486 1406 ἄγειν
509 1335 962 1406 κατεπειγούσης,
996 1335 1320 1403 ἀγγέλλεται
1345 1333 1481 1401 δόλῳ
1495 1331 1904 1404 Ἀνδραγαθίου,

324 1429 387 1492 ὃς
409 1427 712 1499 στρατηγὸς
786 1423 856 1497 ἦν
897 1425 1186 1496 Μαξίμου,
1244 1425 1540 1495 Γρατιανὸν
1583 1422 1904 1495 ἀνῃρῆσθαι.

341 1522 456 1591 Ἐφ’
478 1519 812 1592 ἁρμαμάξης
832 1520 940 1590 γὰρ
955 1518 1239 1589 βασιλικῆς
1262 1517 1388 1588 ὀχού
1397 1534 1575 1587 μενος,
1596 1515 1905 1588 ἁπεκρύϐη·

328 1615 424 1668 καὶ⁵
455 1613 530 1676 ὼς
563 1612 656 1666 τοῦ
707 1611 970 1682 βασιλέως
1015 1611 1102 1680 εἴη
1154 1610 1391 1681 γαμετὴ,
1426 1611 1540 1672 τοῖς
1582 1609 1908 1679 ἡγουμένοις

326 1704 612 1773 ἀγγέλλειν
643 1703 942 1757 ’ὲκέλευεν.
1015 1701 1456 1772 ’Δπερισκὲπτως
1511 1701 1568 1754 δὲ
1615 1699 1907 1771 Γρατιανὺς

257 1799 264 1803 ’
325 1795 418 1848 τὸν
475 1794 601 1866 τῇδε
657 1794 900 1864 ποταμὸν
953 1793 1166 1858 διαϐὰς,
1203 1792 1279 1856 ὡς
1309 1792 1534 1863 ἔναγχος
1569 1793 1776 1863 γήμας,
1814 1791 1908 1844 καὶ

325 1885 444 1949 νέος
475 1884 570 1948 ὢν,
607 1886 700 1938 καὶ
732 1884 1011 1956 ἐρωτικῶς
1057 1885 1193 1956 πρὸς
1233 1886 1331 1956 τὴν
1364 1887 1598 1952 γυναῖκα
1621 1883 1906 1947 διατεθεὶς,

327 1974 433 2028 ὑπὸ
468 1973 777 2045 προθυμίας
821 1974 918 2028 τοῦ
973 1974 1272 2027 θεάσασθαι
1305 1975 1472 2044 αὐτὴν
1505 1974 1670 2045 μηδὲν
1696 1973 1908 2044 προϊδό-

328 2080 511 2134 μενος,
543 2066 621 2127 εἱς
664 2064 764 2127 τὰς
809 2063 1194 2134 Ἀνδραγαθίου
1252 2065 1477 2117 ἐνέπεσε
1533 2067 1740 2134 χεῖρας.
1800 2063 1909 2116 Καὶ

327 2157 677 2228 συλληφθεὶς,
709 2157 808 2210 ούκ
841 2158 920 2219 είς
958 2156 1176 2226 μακρὰν
1213 2157 1476 2228 ἀνῃρέθη,
1506 2156 1600 2226 ἔτη
1635 2158 1732 2226 μὲν
1766 2158 1909 2228 ἀμφὶ

323 2250 394 2302 τὰ
416 2249 830 2320 εἰκοσιτέσσαρα
859 2247 1122 2317 γεγονὼς,
1155 2248 1287 2302 δέκα
1336 2249 1393 2303 δὲ
1435 2250 1530 2303 καὶ
1569 2250 1728 2303 πέντε
1759 2249 1910 2320 βασι-

323 2342 544 2405 λεύσας.
584 2343 674 2404 Ὠς
730 2341 1122 2412 ἐπιγενομένης
1177 2341 1233 2394 δὲ
1286 2341 1558 2412 τοσαύτης
1598 2341 1906 2412 συμφορᾶς,

324 2435 606 2489 ἐπαύσατο
643 2434 908 2488 Ἰουστίνα
933 2434 1033 2503 τῆς
1066 2435 1208 2487 κατὰ
1247 2434 1574 2506 ’Λμϐροσίου
1597 2434 1786 2506 ὀργῆς.
1822 2435 1910 2488 Ἐν

323 2523 500 2593 τούτῳ
527 2522 584 2576 δὲ
626 2523 876 2593 Μάξιμος
921 2523 1182 2592 πλείστην
1206 2524 1432 2594 ἀγείρας
1468 2525 1727 2596 στρατιὰν
1777 2524 1910 2596 Βρε⁸

321 2615 501 2668 τανῶν
523 2615 752 2685 ἀνδρῶν,
771 2616 865 2669 καὶ
879 2616 987 2668 τῶν
1018 2616 1236 2686 ὁμόρων
1257 2616 1529 2676 Γαλατῶν,
1556 2617 1650 2670 καὶ
1667 2615 1906 2682 Κελτῶν,

326 2705 543 2758 καὶτῶν
578 2706 704 2776 τῇδε
727 2705 920 2768 ἐθνῶν,
953 2706 1045 2758 ἐπὶ
1073 2706 1174 2776 τὴν
1217 2705 1449 2759 Ἰταλίαν
1485 2706 1603 2777 ᾖεν
1635 2707 1911 2778 πρόφασιν

325 2797 430 2867 μὲν
465 2797 541 2860 ὡς
582 2798 682 2851 ούκ
733 2797 1058 2868 ἀνεξόμενος
1090 2796 1354 2868 νεώτερόν
1392 2815 1446 2850 τι
1497 2798 1750 2866 γενέσθαι
1784 2799 1912 2869 περὶ

323 2891 424 2954 τὴν
461 2890 691 2960 πάτριον
738 2891 942 2953 πίστιν,
995 2891 1090 2945 καὶ
1120 2891 1220 2960 τὴν
1250 2889 1708 2961 ὲκκλησιαστικὴν
1737 2891 1910 2955 τάξιν.

324 2979 402 3032 Τὸ
436 2980 494 3033 δὲ
545 2981 764 3050 ἀληθὲς,
834 2982 1100 3052 τυράννου
1155 2981 1312 3048 δόξης
1367 2980 1558 3034 ἑαυτὸν
1592 2981 1870 3052 καθαίρων
1895 3023 1910 3049 ,

324 3073 465 3143 πρὸς
485 3073 542 3126 δὲ
570 3074 665 3144 τὴν
684 3073 959 3144 βασιλείαν
989 3073 1223 3144 βλέπων,
1257 3074 1350 3128 καὶ
1367 3074 1909 3144 πραγματευόμενος,

323 3163 381 3217 εῐ
415 3181 489 3234 πη
533 3165 641 3235 ἄρα
693 3164 910 3218 δύναιτο
961 3163 1111 3229 δόξαι
1145 3164 1315 3234 νόμῳ,
1359 3165 1419 3216 οὐ
1466 3163 1577 3234 βίᾳ,
1612 3163 1710 3234 τὴν
1736 3162 1910 3232 ἀρχὴν
1937 3199 1979 3256 C

336 3252 625 3325 Ῥωμαίων
651 3255 831 3326 ἑαυτῷ
885 3258 1213 3327 περιποιεῖν.
1242 3254 1680 3318 Οὐαλεντινιανὺς
1717 3254 1772 3307 δὲ
1806 3253 1910 3306 ὑπὸ

323 3344 420 3397 τοῦ
455 3344 648 3414 καιροῦ
677 3345 939 3416 βιασθεὶς,
971 3345 1190 3411 ἐδέξατο
1233 3344 1301 3397 τὰ
1340 3343 1402 3396 σύ
1413 3344 1584 3414 μϐολα
1613 3343 1714 3412 τῆς
1743 3343 1907 3396 αὐτοῦ

324 3435 627 3505 βασιλείας.
689 3436 884 3500 Δείσας
915 3436 972 3490 δὲ
1004 3437 1077 3506 μή
1107 3453 1160 3488 τι
1209 3434 1393 3498 πάθοι,
1417 3433 1634 3503 φεύγων
1672 3435 1732 3498 ἐξ
1771 3436 1908 3486 Ἰτα-

325 3527 468 3589 λίας,
502 3527 584 3590 είς
607 3526 1010 3597 Θεσσαλονίκην
1035 3523 1138 3599 ἧκε
1159 3541 1171 3555 ‘
1213 3527 1309 3580 σὺν
1335 3525 1484 3596 αὐτῷ
1513 3526 1569 3579 δὲ
1602 3526 1696 3579 καὶ
1720 3528 1753 3596 ἡ
1800 3527 1909 3598 μή·

322 3632 451 3687 τηρ.
493 3618 586 3670 καὶ
608 3619 816 3690 Πρόϐος
841 3621 870 3672 ὁ
896 3619 1160 3691 ὕπαρχος.

2015 586 2126 643 Nec
2160 595 2345 641 tamen
2398 586 2448 641 ei
2496 585 2828 656 persuadere
2872 585 3071 656 potuit.
3117 583 3254 638 Nam
3296 585 3590 639 Benivolus

2014 681 2324 736 detractum
2355 679 2464 733 sibi
2506 680 2784 750 cingulum
2832 687 2960 734 ante
2997 678 3166 748 pedes
3196 678 3400 748 regina:
3441 677 3592 746 abjc-

2013 774 2124 838 cit,
2175 787 2276 828 nec
2306 780 2632 842 praesentem
2674 771 3018 842 dignitatem,
3059 786 3160 825 nec
3209 771 3374 828 ullam
3424 771 3587 822 aliam

2015 867 2304 935 majorem,
2357 879 2459 935 pro
2491 865 2741 920 mercede
2787 863 3089 932 impietatis
3138 879 3197 919 se
3225 863 3365 917 velle
3407 865 3590 917 susci-

2013 972 2142 1026 pere
2171 955 2472 1010 aﬂirmans.
2507 954 2643 1010 Cum
2672 969 2805 1025 ergo
2850 955 2956 1009 iste
3004 969 3285 1023 nunquam
3320 953 3374 1008 id
3421 969 3478 1008 se
3512 954 3594 1005 fa-

2011 1056 2233 1102 cturum
2276 1054 2599 1103 constanter
2640 1053 3003 1110 asseveraret,
3053 1046 3287 1102 adhibiti
3329 1055 3460 1102 sunt
3494 1048 3590 1115 qui

2012 1139 2156 1193 hanc
2187 1140 2360 1210 legem
2406 1139 2702 1195 dictarent.
2750 1137 3111 1210 Prwcipiebat
3150 1149 3332 1194 autem
3379 1153 3446 1194 ea
3481 1139 3588 1201 lex,

2013 1241 2073 1286 ut
2106 1209 2422 1302 quicunque
2450 1230 2700 1286 eamdem
2743 1209 2902 1285 Iidem
2945 1239 3196 1286 tenerent
3227 1245 3390 1300 quam
3428 1230 3464 1283 ii
3494 1231 3591 1299 qui

2009 1325 2141 1378 olim
2183 1323 2446 1391 Arimini,
2493 1339 2558 1380 ac
2609 1331 2804 1396 postea
2841 1323 3323 1394 Constantinopoli
3368 1323 3592 1377 Inerant

2009 1415 2370 1485 congregati,
2427 1414 2600 1470 libere
2657 1414 2712 1468 in
2763 1414 3036 1469 ecclesias
3087 1413 3506 1468 convenirent:
3541 1413 3590 1467 si

2008 1509 2104 1577 qui
2129 1521 2259 1561 vero
2301 1507 2659 1570 obsisterent,
2693 1515 2788 1560 aut
2835 1506 3119 1560 contraria
3176 1507 3308 1560 huic
3353 1505 3456 1575 legi
3492 1520 3593 1574 po-

2009 1601 2306 1665 stularent,
2365 1600 2548 1669 capite
2597 1599 2988 1669 plecterentur.
3041 1599 3180 1652 Dum
3237 1598 3589 1666 imperatoris

2010 1702 2189 1747 mater
2232 1692 2337 1748 ista
2371 1692 2618 1755 molitur,
2659 1703 2715 1746 et
2749 1692 2920 1762 legem
2951 1692 3296 1746 exsecutioni
3326 1691 3592 1745 mandare

2011 1783 2218 1849 studet,
2254 1781 2483 1838 aﬂ‘ertur
2523 1783 2774 1845 nuntius,
2806 1781 3128 1836 Gratianum
3164 1781 3357 1836 fraude
3380 1781 3592 1835 Andra—

1943 1865 1984 1920 Β
2012 1875 2185 1944 gathii
2224 1875 2317 1944 qui
2365 1889 2552 1930 comes
2601 1880 2722 1929 erat
2764 1872 3008 1937 Maximi,
3043 1871 3396 1928 interfectum
3441 1887 3588 1927 esse.

2009 1966 2112 2022 Hic
2159 1968 2342 2032 enim,
2395 1982 2522 2022 cum
2582 1967 2854 2036 imperiali
2906 1978 3173 2035 carpento
3202 1964 3365 2035 295
3397 1973 3593 2019 vectus

2009 2058 2380 2120 delitesceret,
2411 2057 2851 2128 praecursoribus
2877 2056 3234 2110 mandaverat
3255 2063 3320 2108 ut
3353 2054 3592 2123 impera-

2012 2149 2146 2204 toris
2211 2149 2506 2219 conjngem
2561 2148 2825 2203 advenire
2886 2147 3226 2203 nuntiarent.
3293 2136 3592 2203 Gratianus

2010 2257 2161 2309 vero,
2193 2250 2380 2312 utpote
2415 2240 2508 2312 qui
2548 2255 2742 2296 recens
2776 2255 3002 2296 uxorem
3028 2240 3284 2306 duxerat,
3318 2249 3375 2294 et
3410 2239 3596 2294 adhuc

2007 2333 2230 2403 juvenis
2263 2334 2469 2403 ingenti
2499 2331 2622 2402 ejus
2653 2347 2844 2386 amore
2871 2331 3156 2403 ﬂagrabat,
3186 2333 3308 2401 ejus
3342 2331 3596 2386 videndtn

2012 2427 2219 2488 studio,
2267 2425 2404 2479 nihil
2443 2425 2553 2480 doli
2592 2425 2928 2494 suspicatus,
2981 2423 3207 2480 [luvium
3255 2426 3596 2480 interlaben-

2012 2527 2120 2573 tem
2187 2517 2491 2586 improvide
2555 2524 2943 2588 transgressus
2997 2526 3104 2582 est,
3173 2525 3337 2588 atque
3404 2519 3478 2572 ita
3539 2521 3598 2572 in

2013 2623 2210 2663 manus
2231 2607 2589 2678 Andragathii
2623 2609 2838 2663 incidit.
2869 2607 3209 2678 Captusque,
3247 2609 3390 2664 haud
3421 2611 3596 2664 multo

2015 2708 2140 2772 post
2180 2701 2512 2761 trucidatur.
2553 2716 2678 2756 eum
2715 2701 2949 2756 vixisset
3000 2716 3175 2756 annos
3206 2702 3426 2756 circiter
3460 2717 3596 2770 qua~

2015 2798 2142 2843 tuor
2181 2797 2234 2843 et
2267 2789 2480 2860 viginti,
2540 2789 2869 2858 imperasset
2917 2798 3099 2844 autem
3135 2790 3474 2860 quindecim.
3512 2790 3595 2845 0h

2013 2889 2218 2936 tantam
2252 2881 2422 2950 igitur
2468 2880 2833 2935 calamitatem
2869 2897 2992 2951 qua:
3032 2883 3335 2947 acciderat,
3375 2881 3597 2938 Iustina

2013 2972 2153 3026 iram
2189 2973 2455 3029 adversus
2495 2973 2850 3028 Ambrosium
2889 2973 3118 3042 abjecit.
3164 2973 3376 3029 Interea
3427 2973 3598 3027 Maxi-

2015 3079 2160 3127 mus,
2192 3063 2427 3118 collecto
2462 3080 2530 3118 ex
2585 3063 2870 3117 Britannia
2934 3073 2991 3119 et
3055 3065 3258 3120 vicinis
3286 3065 3502 3129 Galliis,
3539 3072 3597 3117 et

2012 3152 2188 3209 Celtis
2266 3169 2332 3208 ac
2402 3155 2654 3210 ﬁnitimis
2728 3156 2992 3226 gentibus
3068 3171 3367 3211 numeroso
3435 3172 3598 3211 eser-

2015 3249 2150 3310 citu,
2198 3246 2254 3301 in
2313 3245 2520 3301 Italiam
2586 3247 2870 3317 profectus
2934 3257 3021 3304 est
3062 3249 3296 3318 :specie
3347 3248 3594 3318 quidem,

2015 3340 2174 3410 quasi
2216 3355 2322 3393 non
2364 3355 2632 3409 passurus
2695 3348 2754 3393 ut
2805 3341 2952 3395 circa
3015 3339 3174 3396 [idem
3221 3341 3494 3411 majorum
3540 3351 3599 3395 et.

2017 3433 2071 3486 in
2100 3432 2477 3487 ecclesiastica
2511 3431 2806 3501 disciplina
2842 3433 3143 3502 quidquam
3182 3434 3545 3489 innovaretur
3578 3450 3592 3487 :

2017 3538 2077 3577 re
2108 3531 2292 3577 autem
2325 3523 2444 3594 ipsa
2480 3532 2541 3578 ut
2580 3524 2953 3593 suspicionem
2999 3524 3313 3596 tyrannidis
3343 3525 3533 3594 procul
3563 3539 3596 3576 a

2017 3630 2079 3670 se
2112 3615 2450 3685 depelleret;
2493 3623 2684 3687 utpote
2731 3617 3103 3688 principatum
3147 3617 3434 3682 aﬂeetans,
3473 3632 3594 3671 om-

328 3708 500 3777 nique
538 3716 657 3761 arte
711 3708 943 3762 studens
993 3716 1054 3762 ut
1100 3709 1391 3778 imperium
1447 3707 1754 3762 Romanum
1796 3721 1904 3761 non
1978 3707 2053 3774 vi,
2102 3705 2199 3762 sed
2237 3706 2363 3776 jure
2410 3706 2516 3762 sibi
2552 3707 2838 3762 vindicare
2880 3707 3182 3763 videretur.
3254 3706 3596 3763 Valentinia-

326 3812 437 3853 nus
468 3813 599 3852 vero
648 3798 978 3853 necessitate
1013 3805 1318 3868 temporum
1374 3807 1622 3857 coactus,
1665 3798 1903 3868 insignia
1947 3797 2166 3867 imperii
2204 3796 2358 3852 illius
2392 3797 2632 3853 admisit.
2668 3799 2775 3854 Sed
2808 3806 2992 3855 tamen
3037 3800 3250 3857 veritus
3321 3817 3388 3855 ne
3461 3800 3596 3870 quid

274 3884 280 3889 ’
327 3891 460 3946 mali
498 3897 797 3960 pateretur,
835 3889 1027 3943 relicta
1072 3889 1228 3944 Italia
1277 3889 1731 3956 Thessalonicam
1775 3887 2044 3960 profugit,
2075 3903 2185 3944 una
2235 3904 2361 3944 cum
2393 3897 2589 3955 matre,
2623 3897 2676 3945 et
2709 3888 2895 3946 Probo
2923 3892 3184 3962 prazfecto
3224 3894 3485 3962 praetorii.

934 4004 1186 4058 ΚΕΦΑΛ.
1211 4005 1308 4058 1Δ’.

328 4119 472 4187 Περὶ
523 4114 634 4184 τῆς
673 4116 965 4187 γενέσεῳς
994 4117 1330 4187 ,Ὀγωρίριη
1366 4117 1463 4171 καὶ
1509 4117 1598 4170 ὅτι
1632 4117 1707 4184 τῇ
1746 4119 1908 4169 Κων-

401 4185 727 4243 ὸ-ταντίνου
789 4185 984 4239 λιπὼν
1069 4185 1418 4253 Ἀρκάδων,
1485 4190 1572 4251 εὶς
1652 4188 1907 4239 Ἰταλίαν

400 4260 656 4324 ἔρχεται.
701 4257 813 4310 Καὶ
841 4256 975 4322 περὶ
1001 4254 1112 4322 τῆς
1138 4255 1426 4324 διαδοχῆς
1472 4255 1591 4309 τῶν
1610 4258 1905 4309 Ναυατια-

403 4327 548 4388 νῶν,
577 4327 673 4378 καὶ
698 4325 815 4378 τῶν
837 4327 1040 4380 ἄλλων
1065 4326 1443 4394 πατριαρχῶν
1465 4343 1479 4357 υ
1515 4325 1610 4378 καὶ
1637 4327 1767 4394 περὶ
1799 4324 1906 4379 τοῦ

401 4396 669 4464 θράσους
711 4395 830 4448 τῶν
877 4395 1186 4462 Ἀρειανῶν
1217 4413 1230 4425 ·
1269 4396 1365 4448 καὶ
1405 4397 1485 4461 ὡς
1537 4396 1770 4449 ἀνελὼν
1799 4395 1906 4447 τὸν

400 4469 699 4532 τύραννον
723 4465 1062 4530 Θεοδόσιος,
1077 4466 1506 4535 μεγαλοπρεπῆ
1531 4467 1816 4534 θρίαμϐον
1834 4465 1905 4518 ἐν

415 4536 606 4604 Ῥώμῃ
637 4535 810 4588 ποιεῖ.

2628 4002 2783 4059 CAP.
2840 4003 2982 4060 XIV.

2014 4113 2249 4186 Deiorlu
2286 4116 2557 4170 Honorii:
2592 4127 2642 4171 et
2693 4121 2958 4186 quomodo
3013 4120 3358 4186 Theodosius,
3407 4125 3593 4178 relicto

2086 4185 2548 4262 Constantinopoli
2604 4185 2972 4262 Arcadiotjn
3039 4190 3262 4244 Italiam
3325 4185 3591 4262 profectus

2083 4265 2182 4309 est.
2222 4256 2356 4310 Item
2387 4257 2450 4310 de
2491 4259 2820 4312 successione
2864 4256 3334 4326 Novatianomm,
3359 4256 3432 4317 et.
3458 4268 3591 4319 reli-

2080 4343 2304 4395 quorum
2332 4328 2766 4395 patriarcharum
2797 4346 2815 4382 .'
2834 4340 2883 4382 et
2904 4330 2968 4384 de
2993 4333 3317 4385 Arianorum
3335 4335 3588 4392 audacia.

2085 4397 2154 4450 Et
2181 4401 2440 4477 quomodo
2484 4398 2808 4477 Theodosius
2843 4403 3014 4477 occiso
3060 4413 3286 4472 tyranno
3337 4410 3592 4477 magni/i-

2089 4467 2208 4521 cnm
2242 4467 2423 4522 Roma:
2458 4470 2780 4536 triumphum
2826 4473 2952 4541 egit.

414 4627 506 4678 Ἐν
527 4624 702 4695 τούτῳ
722 4625 800 4689 δὲ,
834 4624 1374 4696 παρασκευαζομένῳ
1415 4625 1679 4696 Θεοδοσίῳ
1708 4627 1792 4689 εἰς
1813 4625 1904 4678 τὸν

2078 4625 2281 4682 Eodem
2308 4634 2568 4696 tempore,
2597 4644 2722 4683 cum
2758 4627 3098 4685 Theodosius
3122 4631 3389 4688 adversus
3419 4632 3591 4689 Maxi-

328 4715 470 4788 πρὸς
497 4715 748 4784 Μάξιμον
775 4715 1273 4784 πόλεμον,.γίνεται
1305 4718 1434 4778 ’παῖς
1483 4716 1756 4787 Ὀνὼριος.
1821 4717 1911 4778 Ὠς

324 4809 388 4862 δὲ
411 4807 560 4878 αὐτῷ
603 4807 670 4860 τὰ
706 4808 832 4877 περὶ
856 4807 953 4878 τὴν
985 4807 1244 4878 στρατιὰν
1269 4807 1602 4878 ηὐτρέπιστο
1633 4849 1647 4872 ,
1692 4808 1912 4861 καταλι-

329 4901 451 4954 πὼν
503 4903 562 4955 ὲν
615 4900 1178 4955 Κωνσταντινουπόλει
1239 4899 1590 4970 βασιλεύοντα
1631 4901 1912 4971 Ἀρκάδων

325 4994 421 5048 τὸν
448 4993 561 5047 υἱὸν
579 5036 594 5059 ,
627 4992 1034 5063 καταλαμϐάνει
1063 4993 1120 5043 ὲν
1140 4991 1506 5064 Θεσσαλονίκῃ
1535 4993 1912 5046 Ούαλεντινια-

327 5086 440 5141 νόν.
501 5087 612 5140 Καὶ
666 5087 791 5147 τοὺς
844 5085 942 5154 μὲν
1000 5083 1401 5148 ἀποσταλέντας
1453 5085 1602 5154 παρὰ
1651 5084 1902 5153 Μαξίμου

328 5179 612 5248 πρέσϐεις,
662 5176 785 5230 οὔτε
833 5179 1158 5247 ἀπέπεμπεν
1209 5178 1290 5239 εἰς
1329 5177 1389 5230 τὸ
1441 5182 1735 5248 προφανὲς,
1781 5177 1903 5231 οὔτε

441 5337 456 5365 ί
495 5333 652 5389 Socr.
697 5333 792 5388 lib.
829 5351 882 5395 v,
917 5347 1042 5402 cap.
1076 5331 1164 5386 12.
1193 5332 1280 5399 I5,
1321 5333 1408 5387 14.

2009 4735 2158 4773 mum
2194 4719 2599 4790 expeditionem
2648 4730 2888 4790 pararet,
2920 4722 3201 4779 Honorius
3239 4725 3287 4779 ci
3324 4726 3465 4782 ﬁlius
3492 4744 3591 4781 na—

2008 4812 2187 4866 scitur
2223 4811 2263 4867 ¹.
2313 4810 2556 4867 Tandem
2589 4828 2721 4867 vero
2771 4815 2978 4883 paratis
3022 4815 3133 4884 jam
3170 4817 3428 4873 omnibus
3467 4835 3591 4888 quae

2009 4903 2076 4957 ad
2108 4905 2310 4958 bellum
2348 4906 2665 4960 necessaria
2710 4915 2884 4967 erant,
2937 4907 3054 4976 ipse
3103 4907 3588 4980 Constantinopoli

2009 4995 2300 5060 excedens,
2345 4996 2642 5049 Arcadium
2691 4998 3001 5068 Augustum
3040 4999 3208 5052 [ilium
3259 5016 3418 5055 suum
3475 5001 3588 5054 illic

2013 5088 2258 5156 reliquit,
2290 5102 2355 5141 ac
2402 5087 2853 5144 Thessalonicam
2909 5090 3216 5161 profectus,
3251 5093 3586 5149 Valentinia-

2013 5195 2144 5232 num
2193 5180 2268 5234 ibi
2313 5180 2560 5236 oll‘cndit.
2600 5181 2664 5234 Et
2694 5181 2907 5252 legatos
2936 5185 3030 5253 qui
3085 5201 3113 5238 a
3158 5186 3397 5241 Maximo
3427 5187 3587 5241 missi

1529 5489 1795 5545 VALESII
1833 5489 2380 5549 ANNOTATIONES.

401 5653 513 5723 (ίῖ)
567 5653 642 5707 ’Ἠ
708 5653 952 5705 ἐναντία
1016 5651 1095 5716 τῷ
1124 5653 1284 5719 νόμῳ
1334 5651 1640 5717 βασιλέως
1702 5652 1903 5721 δεομέ-

323 5744 495 5789 νους.
537 5723 695 5777 Certe
727 5725 790 5775 ad
821 5725 1025 5775 (ξιιμ-ειη
1066 5725 1200 5789 legis
1233 5724 1344 5776 haec
1379 5724 1612 5774 habetur
1671 5726 1902 5776 commi-

325 5795 482 5850 natio
513 5812 524 5847 :
555 5792 802 5846 Manente
835 5793 1178 5844 nihilominus
1204 5808 1288 5843 eos
1312 5793 1583 5859 supplicio.
1609 5794 1696 5863 qui
1718 5804 1902 5844 contra

326 5870 467 5918 hunc
496 5863 888 5928 dispositionem
927 5873 1160 5913 nostram
1211 5863 1487 5927 obreplirc,
1519 5872 1607 5913 ant
1662 5864 1902 5914 rlanrnlo

616 5959 889 6017 Parnm.
936 5957 1051 6017 Gn.
1085 5958 1336 6019 LXV”.

2004 5655 2302 5722 supplicare
2353 5658 2688 5711 tentawrint.
2743 5659 2874 5724 Qum
2935 5657 3094 5711 verba
3151 5673 3274 5712 cum
3324 5657 3585 5722 superius

2005 5730 2214 5780 omissa
2250 5728 2362 5779 sint
2394 5743 2421 5778 a
2457 5729 2634 5789 nobis,
2689 5729 2778 5782 hic
2818 5731 3070 5783 consulto
3108 5729 3415 5786 retulimus,
3453 5730 3582 5793 quia

2006 5795 2346 5850 Sozomcntts
2402 5804 2588 5849 noster
2619 5799 2682 5850 ad
2723 5815 2785 5851 ea
2833 5801 3091 5865 respexit,
3135 5808 3187 5852 et
3250 5799 3581 5863 interpretes

2007 5881 2227 5919 sensum
2256 5869 2372 5934 ejus
2406 5868 2830 5936 haudquaquam
2855 5881 3135 5936 ceperunt.

3097 5961 3171 6023 ἰιϐ
