4066 6338
585 401 717 458 1451

2047 386 2391 448 SOZOMENI

3638 397 3739 453 H32

592 529 772 598 erant,
792 530 892 571 nec
916 512 1118 583 repulit
1139 517 1348 580 aperte,
1374 525 1474 564 nec
1497 507 1742 573 admisit,
1760 508 1855 565 sed
1886 517 2167 579 assumpto

2199 520 2243 575 Α
2275 511 2528 583 προσίετο
2560 526 2573 541 ·
2614 507 2896 564 ἀναλαϐὼν
2945 507 3001 560 δὲ
3046 507 3168 570 τοὺς
3208 506 3533 578 στρατιώτας,
3570 514 3643 565 ιτς.
3673 512 3743 581 τὴν

583 594 852 672 exercitu,
890 594 945 658 in
1009 602 1220 657 Italiam
1267 600 1572 657 contendit.
1611 600 1727 655 Sub
1768 599 1910 655 idem
1953 608 2174 671 tempus

584 698 809 770 Agelius
843 695 1274 751 Novatianorum
1308 694 1453 764 apud
1490 691 2029 761 Constantinopolim
2061 694 2177 762 epi-

591 804 818 861 scopus,
848 788 963 843 fato
991 786 1258 853 instante,
1299 784 1563 847 Sisinium
1592 798 1760 840 unum
1789 798 1854 838 ex
1892 782 2177 854 presbyte-

595 882 674 936 ris
707 879 848 943 suis,
884 890 1264 932 successorem
1300 874 1405 931 sibi
1436 871 1767 943 designavit.
1789 871 2174 941 Conquerente

577 982 760 1026 autem
810 968 970 1040 plebe
1014 967 1163 1038 quod
1223 981 1334 1021 non
1366 966 1550 1037 p0tius
1584 963 1900 1019 ordinasset
1946 962 2175 1018 Marcia-

575 1078 732 1126 num,
772 1060 951 1115 virum
984 1059 1276 1129 religionis
1325 1072 1493 1113 causa
1526 1056 1996 1116 celeberrimum,
2043 1068 2170 1109 cum

573 1162 690 1233 jam
724 1152 922 1209 melius
953 1167 1013 1208 se
1061 1151 1267 1207 habere
1295 1149 1593 1213 videretur,
1640 1147 1975 1202 Marcianum
2019 1145 2172 1201 ordi-

590 1247 780 1314 navit,
825 1253 881 1303 et
935 1245 1199 1316 populum
1246 1245 1300 1298 in
1347 1242 1581 1299 ecclesia
1638 1241 1910 1296 allocutus
1952 1247 2036 1294 est
2085 1238 2171 1295 bis

576 1339 806 1395 verbis:
841 1335 975 1393 Post
1012 1351 1101 1391 me
1131 1334 1445 1390 Marcianus
1491 1335 1565 1389 sit
1596 1341 1775 1389 vester
1831 1333 2164 1402 episcopus;

578 1440 705 1504 post
736 1431 890 1486 illum
925 1443 1058 1485 vero
1087 1427 1354 1485 Sisinius.
1389 1428 1522 1494 Quae
1564 1441 1690 1481 cum
1722 1424 1974 1488 dixisset,
2022 1423 2169 1479 battd

576 1522 752 1576 multo
780 1526 904 1590 post
932 1535 997 1575 ex
1025 1520 1130 1573 hac
1163 1519 1273 1573 vita
1302 1517 1578 1588 migravit,
1608 1530 1706 1587 per
1732 1529 1909 1570 annos
1934 1513 2169 1584 quadra-

578 1616 727 1684 ginta
758 1612 1059 1683 praesulatu
1088 1619 1253 1668 sectae
1290 1625 1404 1665 sum
1440 1624 1639 1680 magna
1677 1624 1803 1663 cum
1839 1608 2002 1662 laude
2044 1622 2166 1677 per-

577 1705 821 1761 functus.
840 1704 974 1760 sNec
1004 1703 1229 1767 desunt,
1280 1704 1374 1773 qui
1407 1716 1536 1757 eum
1596 1700 1773 1756 virum
1825 1699 2166 1770 persecutio-

2289 601 2515 657 Ἰταλίαν
2552 600 2766 672 ἐχώρει.
2819 599 2953 670 Περὶ
2996 599 3055 653 δέ
3075 599 3263 652 τοῦτον
3293 600 3378 652 τὸν
3399 602 3562 671 χρόνον
3591 605 3743 673 μέλλων

2272 693 2525 765 τελευτᾷν
2553 692 2792 761 Ἀγέλιος
2818 692 2848 744 ὁ
2870 694 2928 747 ἐν
2945 692 3588 747 Κωνσταντινουπόλειτῶν
3612 697 3745 751 Ναυα-

2271 783 2471 838 τιανῶν
2518 785 2839 850 ἐπίσκοπος,
2886 783 3190 854 ἐψηφίσατο
3222 782 3337 835 ἀντ’
3388 784 3532 838 aii-:05
3574 788 3747 844 Σισίνιον

2273 868 2645 949 πρεσϐύτερον
2687 877 2795 931 τῶν
2847 878 2939 930 ὑπ’
2996 876 3177 930 αὐτόν.
3231 877 3565 946 Μεμφομένου
3610 881 3655 933 δὲ
3682 881 3748 935 τοῦ

2272 967 2528 1040 πλήθους,
2562 969 2643 1023 ὅτι
2678 969 2752 1040 μὴ
2781 967 3100 1040 Μαρκιανδν
3133 969 3227 1021 ετιι
3262 968 3499 1040 εὐλαϐείᾳ
3527 973 3747 1043 ἐπίσημον,

2274 1062 2404 1133 ῥᾷον
2426 1060 2569 1132 ἐχειν
2597 1060 2773 1128 δόξας,
2800 1061 3169 1132 ἐχειροτόνησε
3201 1061 3500 1133 Μαρκιανόν
3528 1077 3542 1093 ε
3587 1065 3663 1117 καὶ
3697 1067 3753 1137 τῷ

2271 1150 2386 1222 λαῷ
2434 1153 2492 1206 ἐν
2543 1154 2612 1223 τῇ
2676 1153 2943 1223 ἐκκλησίᾳ
2996 1140 3412 1223 προσεφώνησε,
3435 1152 3551 1206 Μετ’
3574 1154 3752 1223 Ep.th-

2270 1256 2405 1313 γων,
2445 1245 2765 1315 Μαρκιανὸν
2797 1243 2948 1315 ἔχετε
2984 1260 3001 1278 ο
3050 1245 3189 1314 μετὰ
3228 1243 3289 1297 δέ
3314 1242 3504 1329 tofi-1:03,
3547 1246 3752 1301 Σισίνισν.

2270 1336 2383 1390 Καὶ
2418 1339 2447 1390 ό
2476 1336 2731 1407 μὲν¹τάδε
2755 1336 2944 1401 εἰπὼν,
2975 1336 3075 1389 οὐκ
3105 1337 3184 1399 είς
3219 1336 3428 1407 μακρὰν
3451 1336 3752 1409 ἐτελεύτησεν.

2270 1428 2363 1481 ἐπὶ
2389 1428 2797 1499 τεσσαράκοντα
2824 1427 2999 1482 ἐτεσιν
3020 1426 3323 1497 εὐδοκίμως
3347 1428 3439 1497 τῆς
3457 1428 3631 1492 οἰκείας
3648 1429 3757 1499 alpi-

2270 1537 2406 1585 σεως
2442 1521 2702 1592 προστάς.
2716 1520 2838 1574 Εἰσὶ
2856 1519 2911 1574 δὲ
2935 1519 2986 1574 οἶ
3010 1522 3104 1574 καὶ
3119 1519 3446 1591 όμολογητὴν
3469 1519 3757 1591 ἰσχυρίζονται

2266 1613 2457 1668 τοῦτον
2494 1613 2585 1667 τὸν
2632 1613 2800 1683 ἄνδρα
2832 1616 2891 1668 ἐν
2944 1612 3278 1681 Ἑλληνικοῖς
3312 1615 3509 1682 καιροῖς
3549 1613 3759 1680 γενέσθαι.

2267 1706 2344 1759 Οὺ
2395 1705 2574 1776 πολλῷ
2606 1705 2663 1759 δὲ
2708 1705 2955 1775 ὕστερον,
3006 1704 3275 1774 Τιμοθέου
3307 1705 3397 1758 καὶ
3439 1704 3668 1775 Κυρίλλου
3695 1705 3761 1758 τὸν

576 1815 710 1855 num
735 1797 1079 1867 temporibus
1105 1795 1482 1850 confessorem
1499 1793 1672 1848 fuisse
1694 1792 1983 1847 allirment.
2007 1789 2164 1846 Haud

2197 1857 2237 1875 ﬁ
2271 1798 2384 1868 βίον
2446 1796 2910 1869 μεταλλαξάντων,
2963 1797 3268 1875 διαδέχεται
3315 1796 3405 1850 τὸν
3447 1795 3763 1866 Ἀλεξανδρέων

576 1887 754 1942 multo
791 1857 914 1956 post
946 1883 1239 1939 Timotheo
1272 1891 1327 1938 et
1354 1883 1559 1954 Cyrillo
1582 1897 1646 1936 ex
1681 1882 1786 1937 hac
1818 1882 1941 1936 luce
1975 1881 2165 1937 subla-

2197 1857 2239 1911 B
2269 1857 2458 1963 θρόνον
2499 1857 2777 1958 Θεόφιλος
2824 1857 2932 1943 τῶν
2989 1889 3046 1942 δὲ
3089 1857 3498 1961 ’ίέροσολύμων,
3547 1857 3760 1960 ’ίωάννης

578 1980 675 2041 tis,
698 1975 1128 2032 Alexandrinam
1160 1974 1379 2045 quidem
1423 1974 1607 2029 sedem
1641 1972 1998 2049 Theophilus,
2036 1970 2165 2027 Hie-

577 2069 1033 2141 rosolymitanam
1078 2082 1210 2123 vero
1255 2065 1496 2122 Joannes
1534 2065 1804 2136 suscepit.
1849 2063 2167 2121 Constanti-

578 2163 765 2232 nopoli
795 2174 1039 2231 quoque,
1086 2158 1445 2230 Demophilus
1491 2157 1712 2212 Arianae
1745 2164 1910 2213 sectas
1949 2155 2167 2226 episco-

583 2269 686 2323 pus
717 2261 1021 2309 extremum
1070 2250 1235 2321 296
1282 2248 1428 2305 diem
1465 2249 1624 2305 obiit.
1675 2246 1851 2317 Cujus
1892 2247 1949 2301 in
1984 2247 2164 2301 locum

580 2344 829 2400 Marlnus
855 2341 1079 2412 quidam
1126 2357 1191 2396 ex
1237 2338 1475 2395 Thracia
1500 2347 1585 2395 est
1634 2338 2000 2394 substitutus.
2058 2335 2166 2392 Sed

579 2452 705 2492 cum
739 2435 1049 2491 Dorotheus
1088 2433 1384 2489 Antiochia
1442 2431 1617 2504 Syriae
1666 2432 2004 2495 advenisset,
2046 2436 2163 2484 tan-

579 2543 743 2599 quam
788 2526 963 2597 magis
1004 2525 1259 2592 idoneus,
1296 2524 1625 2579 Arianorum
1666 2531 1830 2579 secta:
1874 2522 1988 2577 illic
2006 2535 2165 2591 .prae-

586 2617 716 2673 fuit.
738 2620 956 2673 Interea
975 2617 1244 2686 temporis
1265 2613 1580 2669 Theodosio
1599 2613 1653 2667 in
1668 2612 1876 2667 Italiam
1892 2611 2164 2683 ingresso,

578 2708 718 2764 varii
748 2721 848 2778 pro
877 2706 1151 2775 cujusque
1180 2703 1413 2759 libidine
1438 2716 1694 2757 rumores
1713 2701 1781 2756 de
1811 2700 1956 2755 bello
1978 2700 2164 2755 incre-

579 2800 770 2854 buere.
840 2796 1002 2867 Apud
1056 2794 1300 2848 Arianos
1362 2792 1585 2862 quidem
1644 2789 1958 2856 ferebatur,
2018 2788 2166 2859 quod

592 2890 783 2944 multis
820 2889 872 2943 in
906 2887 1104 2958 proelio
1138 2884 1359 2949 occisis,
1396 2883 1691 2953 imperator
1734 2880 1790 2935 in
1823 2882 2038 2952 tyranni
2074 2895 2168 2948 po-

580 2985 833 3035 testatem
877 2977 1143 3031 venisset.
1201 2972 1305 3039 Qui
1358 2986 1469 3027 nou
1510 2971 1670 3025 aliter
1730 2984 1795 3025 ac
1842 2972 1889 3025 si
1941 2985 2002 3025 re
2051 2970 2166 3036 ipsa

580 3070 853 3141 completa
881 3074 1066 3124 essent
1105 3081 1228 3137 quae
1266 3067 1407 3119 inter
1449 3078 1508 3119 se
1533 3063 1918 3125 susurrabant,
1954 3061 2168 3116 animos

580 3168 983 3233 sumpserunt:
1040 3165 1093 3213 et
1145 3158 1354 3227 impetu
1414 3154 1581 3219 facto,
1633 3152 1875 3209 Nectarii
1920 3152 2163 3222 episcOpi

581 3255 804 3311 domum
835 3251 1213 3314 incenderunt,
1253 3264 1396 3319 aegre
1427 3247 1666 3303 ferentes
1705 3246 1851 3315 quod
1896 3244 2163 3300 ecclesias

581 3346 877 3401 obtineret.
912 3340 1115 3395 Verum
1146 3340 1450 3409 imperator
1476 3354 1541 3393 ex
1569 3336 1736 3391 animi
1771 3336 1855 3390 sui
1890 3335 2164 3391 sententia

2279 1981 2403 2036 Ἐπὶ
2424 1979 2482 2034 δὲ
2511 1979 2611 2049 τῆς
2644 1978 3288 2043 Κωνσταντινουπόλεως,
3335 1978 3429 2032 καὶ
3469 1979 3721 2050 Ᾱημόφιλος
3745 1982 3767 2032 ὁ

2264 2071 2365 2141 τῆς
2405 2069 2614 2142 ’Δρείου
2667 2070 2930 2140 αἱρέσεως
2984 2069 3290 2139 ἡγούμενος
3339 2069 3647 2139 ἐτελεύτησε.
3677 2071 3767 2124 Ila-

2271 2165 2414 2234 ρϊνος
2455 2163 2512 2217 δέ
2550 2179 2636 2226 τις
2664 2164 2729 2217 ἐκ
2772 2162 2995 2234 Θρᾴκης
3047 2162 3438 2233 μετακληθεὶς,
3483 2162 3770 2232 ἐπιτρέπεται

2264 2255 2365 2325 τὴν
2393 2252 2558 2308 αὐτοῦ
2580 2254 2847 2324 διαδοχήν.
2896 2254 2985 2318 Ὠς
3012 2254 3446 2326 ἐπιτηδειότερος
3482 2254 3535 2308 δὲ
3555 2253 3770 2324 Δωρόθεος

2265 2345 2332 2399 ἐκ
2377 2346 2479 2416 τῆς
2537 2344 2691 2418 παρὰ
2741 2345 2935 2416 Σύροις
2962 2346 3311 2417 ,Ἀντιοχείας
3336 2346 3518 2413 ἐλθὼν,
3541 2347 3772 2417 προΐσταται

2265 2436 2365 2508 τῆς
2418 2437 2700 2508 αἱρέσεως.
2751 2438 2838 2491 Ἐν
2872 2438 3049 2510 τούτῳ
3075 2438 3132 2492 δέ
3161 2439 3444 2493 Θεοδοσίου
3496 2441 3569 2503 είς
3598 2438 3773 2492 Ἰταλίαν

2266 2525 2621 2597 ἀφικομένου,
2660 2526 2839 2597 φῆμαι
2868 2528 2999 2598 περὶ
3025 2527 3121 2581 τοῦ
3168 2527 3415 2598 πολέμου
3445 2526 3571 2598 πρὸς
3600 2525 3652 2579 τδ
3676 2524 3773 2579 ἐκά-

2267 2638 2379 2692 στῳ
2412 2619 2602 2675 δοκοῦν
2634 2622 2897 2694 ἐκράτουν
2929 2637 2944 2652 ο
2987 2622 3142 2693 παρὰ
3184 2621 3241 2676 δὲ
3271 2625 3385 2686 τοῖς
3429 2619 3775 2692 ’Δρειανοίς,ὦς

2266 2714 2476 2768 πολλῶν
2505 2715 2563 2769 ἐν
2591 2715 2658 2785 τῇ
2698 2714 2844 2787 μάχῃ
2897 2715 3195 2780 πεσόντων,
3253 2715 3362 2768 ὑπὸ
3406 2713 3495 2769 τὸν
3533 2713 3777 2786 τύραννωὸ

2269 2802 2521 2874 βασιλεὺς
2551 2803 2787 2871 ἐγένετο.
2819 2804 2927 2856 Καὶ
2953 2804 3028 2868 ὡς
3056 2806 3469 2877 ἐπιχενομένοις
3506 2806 3605 2875 (13)
3623 2798 3777 2874 ἠδηοῖς

2267 2892 2629 2961 ἐλογοποίουν,
2652 2892 2860 2965 ἐθάῤῥη
2869 2909 2987 2947 σαψ
3023 2894 3117 2946 καὶ
3141 2895 3595 2966 καταδραμόντες,
3614 2893 3776 2946 Νεκτα-

2272 2983 2387 3054 ρίου
2423 2982 2518 3037 τοῦ
2547 2984 2846 3038 ἐπισκόπου
2876 2984 2975 3054 τὴν
3001 2984 3178 3038 οἰκίαν
3214 2986 3545 3056 ἐνέπρησαν,
3584 2981 3780 3054 χαλεπαί-

2268 3091 2472 3138 νοντες,
2502 3076 2585 3128 ὅτι
2613 3073 2721 3127 τῶν
2765 3074 3104 3144 Ἐκκλησιῶν
3148 3075 3396 3145 ἐκράτει.
3430 3074 3517 3145 Τῷ
3546 3074 3594 3127 δὲ
3621 3072 3782 3142 βασιλεῖ

2192 3202 2234 3260 c
2270 3163 2338 3221 τὰ
2366 3163 2494 3234 περὶ
2542 3162 2635 3215 τὸν
2667 3162 2901 3234 πόλεμον
2931 3162 3074 3216 κατὰ
3116 3163 3351 3235 γνώμην
3405 3165 3595 3234 ἀπέϐη.
3629 3165 3682 3217 Οί
3706 3162 3785 3229 γὰρ

2270 3254 2375 3307 ὑπὸ
2413 3253 2652 3324 Μαξίμῳ
2705 3253 3054 3325 στρατιῶται,
3098 3253 3132 3325 ἣ
3174 3256 3333 3327 φόϐῳ
3381 3259 3480 3327 τῆς
3510 3255 3589 3308 ἐπ’
3634 3251 3784 3313 αὐτοὺς

2271 3344 2641 3414 παρασκευῆς,
2668 3341 2702 3414 ἢ
2725 3342 3003 3415 προδοσίᾳ,
3045 3344 3439 3416 συλλαϐόμενοι
3471 3345 3557 3398 τὸν
3580 3343 3787 3415 τύραννον

581 3437 784 3492 bellum
825 3431 1086 3488 confecit.
1120 3430 1336 3483 Etenim
1371 3429 1577 3483 milites
1612 3426 1854 3490 Maximi,
1887 3440 1985 3481 seu
2016 3431 2165 3480 metu

2271 3433 2502 3488 ἀνεῖλον.
2569 3431 2956 3505 Ἀνδραγάθιος
3001 3434 3060 3488 δέ
3103 3438 3133 3489 ό
3172 3434 3478 3506 Γρατιανὸν
3518 3434 3710 3499 ἀνελὼν,
3731 3432 3787 3494 ὡς

581 3526 765 3582 bellici
807 3530 1105 3595 apparatus
1151 3535 1315 3590 quem
1348 3518 1691 3575 Theodosius
1720 3518 1986 3573 adversus
2018 3518 2167 3589 ipsos

2272 3522 2398 3577 τάδε
2432 3522 2591 3590 ἔγνω,
2631 3522 2729 3576 σὺν
2772 3524 2957 3588 αὐτοῖς
3001 3524 3184 3589 ὅπλοις
3211 3530 3301 3592 είς
3356 3527 3588 3599 ποταμὸν
3623 3526 3789 3596 mpud-

582 3625 958 3682 contraxerat,
991 3630 1089 3670 seu
1134 3612 1445 3684 proditione
1477 3612 1651 3676 ducti,
1684 3618 1976 3681 tyrannum
2024 3625 2167 3665 com-

2276 3613 2466 3683 ῥέοντα
2498 3613 2688 3685 ἥλατο,
2719 3615 2813 3668 καὶ
2848 3615 3131 3688 διεφθάρη.
3166 3618 3279 3672 Τοῦ
3311 3619 3372 3673 δὲ
3399 3619 3621 3689 πολέμου
3645 3615 3788 3669 τοῦτον

584 3709 918 3779 prehensum
975 3706 1393 3760 interemerunt.
1448 3702 1857 3774 Audragathius
1912 3716 2066 3765 vero,
2119 3701 2167 3758 is

2268 3702 2610 3768 διαλυθέντος
2633 3706 2724 3759 τὸν
2749 3707 2969 3778 τρόπον,
2996 3708 3187 3762 ἔπειτα
3214 3711 3411 3765 εἰκότα
3437 3711 3545 3783 (14)
3566 3704 3791 3781 Γρατιανῷ

586 3799 679 3869 qui
705 3797 1029 3852 Gratianum
1059 3801 1377 3857 necaverat,
1406 3792 1492 3849 his
1518 3793 1686 3848 rebus
1723 3791 2041 3861 compertis,
2077 3804 2167 3845 ar-

2270 3797 2609 3866 τιμωρήσας,
2639 3792 2775 3869 ἧκεν
2815 3799 2899 3862 εἰς
2941 3799 3158 3871 Ῥώμην
3201 3804 3305 3855 καὶ
3340 3802 3595 3856 ἐπινίκιον
3618 3797 3790 3869 πομπὴν

584 3900 766 3945 matus
793 3897 853 3944 ut
878 3897 1022 3954 erat,
1062 3903 1186 3943 sese
1215 3886 1272 3940 in
1299 3884 1672 3955 praefluentem
1715 3883 1943 3938 ﬂuvium
1973 3883 2167 3954 praeci-

2269 3884 2388 3955 ἅμα
2439 3885 2868 3957 Οὐαλςντινιανῷ
2902 3887 3211 3951 ἐπετέλεσε,
3240 3888 3343 3943 καὶ
3389 3888 3458 3943 τὰ
3492 3888 3614 3959 περὶ
3641 3885 3722 3955 τῆς
3750 3885 3790 3935 δν

581 3981 794 4053 pitavit,
831 3989 997 4050 atque
1045 3980 1119 4032 ita
1149 3977 1453 4032 exstinctus
1496 3982 1599 4030 est.
1651 3973 1806 4028 IIunc
1853 3974 1907 4027 in
1940 3973 2163 4028 modum

2281 3972 2481 4046 Ἰταλίᾳ.
2530 3975 2855 4046 Ἐκκλησίας
2871 3971 2930 4030 εὖ
2954 3976 3191 4057 διέθηκε.
3220 3977 3435 4049 Συνέϐη
3461 3977 3565 4048 γὰρ
3584 3974 3664 4030 καὶ
3697 3973 3791 4026 Ἰου-

583 4073 737 4128 linito
769 4073 935 4136 bello,
979 4086 1104 4126 cum
1155 4069 1451 4139 imperator
1483 4064 1826 4128 Gratianum,
1872 4064 2034 4119 sicuti
2066 4078 2167 4134 par

2272 4066 2455 4119 στίναν
2487 4068 2801 4121 ἀποθανεῖν.

582 4173 719 4228 erat,
750 4164 919 4226 ultus,
958 4162 1185 4217 Romam
1231 4159 1500 4223 venisset,
1545 4165 1599 4212 et
1634 4172 1741 4212 una
1819 4171 1942 4212 cum
2013 4153 2398 4211 Valentiniano
2456 4158 2726 4230 insignem
2790 4159 3152 4231 triumpbum‘
3182 4161 3421 4233 egisset,
3475 4176 3561 4217 res
3624 4167 3791 4229 quoque

583 4260 992 4319 ecclesiasticas
1027 4257 1081 4311 in
1110 4256 1265 4312 Italia
1289 4263 1440 4311 recte
1465 4253 1764 4308 ordinavit.
1790 4250 2150 4306 Commodum
2191 4254 2338 4311 enim
2364 4251 2580 4309 Justina
2602 4270 2635 4311 e
2672 4255 2812 4311 vivis
2838 4262 3175 4311 excesserat.

1212 4364 1366 4420 CAP.
1421 4362 1539 4418 XV.

2620 4366 2627 4373 ’
2866 4366 3115 4420 ΚΕΦΑΛ.
3143 4367 3245 4421 ΙΕι.

581 4483 663 4539 De
694 4481 956 4535 Flaviano
1001 4487 1051 4532 et
1102 4477 1349 4547 Evagrio
1378 4464 1716 4528 Antiochenis
1763 4472 2021 4547 episcopis
2051 4488 2071 4547 _:
2110 4481 2162 4527 et

2270 4476 2406 4547 ὍτιΔ
2426 4475 2557 4542 περὶ
2586 4475 2946 4547 Φλαϐιαζνοῆ,
2983 4475 3083 4529 καὶ
3128 4474 3440 4545 Etiame
3473 4477 3587 4531 τῶν
3624 4475 3793 4547 Ἀντιο-

654 4553 719 4607 de
763 4552 844 4604 his
897 4565 1015 4620 qua:
1060 4539 1400 4620 Alexandria:
1449 4555 1598 4614 gesta
1638 4553 1762 4620 sunt
1793 4539 1860 4596 'in
1900 4539 2163 4620 euersione

2198 4584 2241 4620 η
2338 4539 2525 4620 χέωνξ
2564 4544 2662 4620 καὶ
2693 4545 2826 4620 ,περὶ
2850 4544 2984 4620 Δτῶν
3010 4548 3102 4620 είς
3135 4539 3590 4620 Ἀλεξανδρείῳ

655 4584 718 4607 ιισ
763 4584 844 4604 ιηο
936 4584 1012 4603 uw
1060 4584 1397 4601 Πιιυυιιιιιιιινυ
1449 4584 1598 4597 ινυιισ
1638 4584 1762 4598 νυν-ν
1808 4584 1860 4596 -σν
1900 4584 2162 4597 ννυυν-ν-ιν

655 4623 836 4690 templi
882 4584 1082 4674 gracchi
1113 4632 1130 4671 :
1161 4628 1225 4690 get
1255 4615 1319 4670 de
1348 4584 1598 4685 δενίῳεο,
1645 4613 1869 4684 aliisque
1899 4612 2167 4667 idolorum

2198 4584 2241 4639 θ
2489 4615 2609 4690 ἐπὶῷ
2622 4584 2960 4690 κᾳθῶρεξσει
2998 4584 3114 4690 τοί)-
3142 4584 3308 4690 lego?)
3358 4584 3642 4671 4.3150013
3667 4628 3693 4690 ,υ
3717 4584 3793 4663 ῖαι

658 4682 865 4760 templis
912 4687 1200 4744 destructis
1482 4682 1490 4685 ⁷
1784 4682 1791 4684 ⁷

2342 4684 2475 4760 περὶ
2508 4685 2622 4760 τοῦ.
2637 4686 2935 4760 Σεραεζίου
2955 4725 2970 4745 ,
2999 4686 3120 4760 *καὶ
3156 4685 3278 4740 τῶν
3313 4682 3795 4756 καταστραφέντων

2342 4754 2550 4808 ἄλλων
2572 4754 2895 4808 είδωλικῶν
2918 4753 3101 4808 νεῶν.¹
3488 4764 3511 4779 ‘

653 4841 763 4898 Per
804 4842 946 4897 idem
977 4848 1195 4909 tempus
1225 4846 1441 4893 mortuo
1477 4836 1782 4891 Antiochia:
1818 4835 2071 4900 Paulino,
2115 4825 2167 4891 hi

2354 4843 2442 4895 ’Ev
2469 4842 2526 4895 δὲ
2547 4841 2621 4912 τῷ
2642 4841 2762 4895 τότε
2784 4841 3046 4895 Παυλίνου
3074 4843 3133 4896 ἐν
3170 4843 3481 4915 Ἀντιοχείᾳ
3501 4838 3797 4908 τελευτήσει*

587 4941 683 5012 qui
710 4939 814 4996 sub
831 4940 925 4994 illo
950 4939 1007 4992 in
1046 4935 1283 4991 ecclesia
1307 4933 1807 5006 congregabantur,
1824 4930 2167 4997 Flavianum,

2269 4948 2381 4996 τος,
2408 4931 2677 5003 διέμειναν
2708 4933 2757 4984 οἱ
2777 4933 2867 4984 ὑπ’
2887 4930 3034 5002 αὐτῷ
3064 4931 3544 5002 ἐκκλησιάζοντες,
3568 4928 3638 4990 ὡς
3658 4937 3794 4993 παρα·

588 5040 780 5109 utpote
805 5030 897 5103 qui
929 5026 1292 5101 iurisiurandi
1319 5026 1422 5083 sub
1455 5024 1675 5080 Meletio
1726 5025 1957 5093 praestiti
2005 5022 2167 5079 fidem

2270 5024 2441 5078 ϐάντα
2479 5024 2604 5084 τοὺς
2635 5024 2727 5077 ἐπὶ
2773 5024 3034 5077 Μελετίου
3064 5023 3323 5087 δοθέντας
3361 5024 3557 5093 ὅρκους
3579 5022 3797 5085 ἀποστρε-

587 5123 871 5188 violasset,
902 5119 1144 5176 aversari
1176 5125 1687 5189 perseveraverant,
1721 5117 1848 5172 licet
1873 5117 1928 5170 in
1954 5115 2162 5171 doctri-

2268 5121 2491 5191 φόμενοι
2556 5119 2854 5175 Φλαϐιανὸν
2880 5158 2897 5185 ,
2937 5120 3141 5192 καίπερ
3195 5119 3357 5173 οὐδὲν
3411 5117 3539 5189 περὶ
3561 5115 3619 5167 τὸ
3666 5107 3796 5175 δόγμα

1755 5251 2019 5311 VALESII
2058 5250 2615 5311 ANNOTATIONES.

662 5374 773 5442 (15)
801 5370 909 5427 Kal
936 5372 1017 5435 ὡς
1040 5370 1500 5442 ἐπιγενομένοις.
1527 5370 1888 5442 Scribendum
1910 5376 1995 5424 est
2027 5383 2155 5442 pro-
2263 5387 2386 5442 sum
2428 5378 2672 5442 secutus.
2701 5368 2932 5441 Vulgata
2957 5379 3104 5426 certe
3128 5369 3297 5442 lectio
3340 5367 3478 5442 ferri
3495 5381 3619 5442 non
3643 5367 3797 5442 potest

588 5433 679 5501 cui
708 5433 875 5498 dubio
898 5433 1383 5498 diductis'voci'bus
1406 5433 1499 5494 ἐπὶ
1523 5441 1980 5511 γενομένοις,ιιιιο
1994 5433 2156 5493 modo

2261 5440 2450 5511 Neque
2472 5441 2616 5495 enim
2658 5433 2954 5511 bello'jam
2992 5442 3166 5504 finito,
3220 5437 3597 5511 Theodosius
3623 5433 3801 5511 posthac

586 5498 752 5571 etiam
789 5512 1100 5567 Saviliusin
1128 5527 1229 5567 suo
1265 5513 1451 5567 codice
1478 5498 1853 5566 emendavit."
1886 5498 1903 5510 ”
1956 5579 1965 5580 7
2262 5498 2585 5565 Gratianum
2630 5511 2775 5567 ultus
2802 5498 2905 5567 est.
2938 5511 3044 5566 Sed
3069 5512 3123 5565 in
3154 5498 3276 5580 ipso
3311 5509 3461 5580 bello
3492 5498 3676 5580 eadem
3700 5498 3802 5580 Graf

661 5585 774 5654 (14)
808 5588 1052 5654 Ἔπειτα
1074 5583 1291 5654 εἰκότα.
1310 5582 1425 5654 illic
1456 5596 1673 5654 quoque
1702 5579 2003 5654 separanda
2029 5586 2157 5654 sunt

2261 5581 2414 5654 tianig
2463 5581 2781 5654 vindicavit,
2820 5590 3043 5653 sumpto
3094 5574 3469 5638 tle—Maximo
3502 5574 3803 5634 interfecmw

588 5648 852 5708 vocabula
895 5652 997 5707 hoc
1041 5652 1203 5722 modo
1235 5670 1249 5706 ι
1289 5653 1441 5705 Ἐπεὶ
1473 5648 1805 5705 ’τὰὀείκότα
1863 5648 2156 5719 Γρατιανὸν

2265 5651 2511 5707 Gratiani
2540 5651 2830 5722 supplicio.

591 5723 931 5796 τιμωρήσας,
950 5731 1055 5780 etc.
1081 5721 1253 5788 Quam
1290 5724 1618 5793 scripturam
1652 5724 1705 5776 in
1757 5724 2013 5776 versione
2042 5732 2161 5773 mea
