4066 6338
318 357 451 415 H37

1231 347 1565 406 HISTORIA
1606 345 2169 403 ECCLESIASTICA.
2207 378 2274 386 —
2308 346 2437 401 LIB.
2465 347 2575 403 Vll.

3423 356 3571 417 1άῦεὲ

310 475 447 526 πολὺ
485 473 565 535 εἰς
614 469 910 540 ἐκκλησίαν
954 468 1362 538 μετεσκεαάςθη
1391 508 1405 533 ,
1463 427 1749 536 Ἀρέιαδίου
1790 462 1884 517 τοῦ

2001 464 2115 519 lum
2179 464 2283 519 hoc
2354 466 2612 537 templum
2695 472 3068 531 everteretur,
3135 467 3290 523 aiunt
3353 470 3581 527 litteras.

301 560 577 634 ’βασιλέως
603 558 929 629 ἐπώνυμον.
972 557 1152 611 Είσέτι
1204 556 1262 611 δέ
1308 554 1451 611 κατὰ
1496 556 1679 619 πόλεις
1734 553 1889 619 τινὰς

312 653 608 725 προθύμως
628 650 1038 723 ὑπερεμάχοντο
1077 648 1187 702 τῶν
1233 648 1377 702 ναῶν
1417 650 1466 703 οἱ
1507 648 1850 720 Ἑλληνισταί
1873 666 1885 679 ·

314 745 464 818 παρᾶ
487 746 584 817 μὲν
614 743 908 815 Ἀραϐίοις,
928 744 1184 814 Πετραῐοι
1224 740 1323 796 καὶ
1351 741 1724 811 ’Δρεοπολῖται
1742 738 1855 813 (20)
1874 758 1888 774 °

314 838 465 908 παρὰ
521 836 579 890 δέ
632 838 1044 900 Παλαισπνοίς,
1106 832 1408 904 Ῥαφιῶται
1467 834 1563 887 καὶ
1630 832 1888 898 Γαζαῖοι³

314 929 468 1000 παρὰ
508 928 568 982 δὲ
608 926 870 993 1Ιθοίνιξιν,
927 929 978 981 οἱ
1037 927 1137 997 τὴν
1205 924 1543 979 Ἡλιούπολιν
1592 924 1889 989 οἰκοῦντες.

315 1005 505 1092 ξύρων
540 1021 596 1075 δὲ
633 1020 867 1092 μάλιστα
892 1020 943 1074 σί
979 1018 1075 1074 τοῦ
1105 1017 1234 1073 ναοῦ
1281 1017 1584 1089 Ἀπαμείας
1614 1019 1716 1088 τῆς
1756 1017 1893 1088 πρὸς
1924 1020 1929 1021 ⁷

313 1115 394 1184 τῷ
454 1111 612 1181 ’Λείᾳ
665 1111 937 1183 ποταμῷ·
995 1110 1089 1175 οὓς
1146 1110 1427 1180 ἐπυθόμην
1499 1108 1593 1162 ἐπὶ
1676 1107 1891 1180 φυλακῇ

315 1205 426 1259 τῶν
493 1205 626 1275 παρ’
692 1204 877 1267 αὐτοῖς
951 1202 1116 1265 ναῶν,
1195 1199 1533 1277 συμμαχίαις
1589 1201 1893 1272 χρήσασθαι

316 1295 580 1359 πολλάκις
610 1295 908 1351 Γαλιλαίων
941 1293 1175 1366 ἀνδρῶν,
1231 1293 1325 1346 καὶ
1362 1290 1472 1344 τῶν
1508 1290 1639 1361 περὶ
1678 1290 1770 1345 τδν
1801 1290 1896 1344 Λί-

317 1389 483 1441 ϐανον
518 1385 743 1457 κωμῶν.
785 1384 859 1440 Τὸ
888 1384 947 1439 δέ
988 1384 1295 1438 τελευταῖον
1327 1381 1419 1435 ἐπὶ
1461 1380 1719 1436 τοσοῦτον
1761 1390 1894 1453 προσ

316 1480 492 1534 ελθεϊν
535 1477 774 1551 τόλμης,
805 1476 884 1541 ὡς
928 1475 1247 1547 Μάρκελλον
1284 1470 1376 1528 τὸν
1414 1474 1547 1545 τῇδε
1596 1473 1895 1528 ἐπίσκοπον

318 1573 568 1628 ἀνελεῖν.·
617 1570 993 1642 Λογισάμενος
1043 1570 1151 1640 γὰρ
1204 1568 1281 1632 ὼς
1339 1568 1441 1622 οὐκ
1489 1567 1663 1631 ἄλλως
1712 1567 1895 1632 αὐτοῖς

319 1664 500 1736 ῥᾴδιον
532 1661 892 1735 μετατεθῆναι
933 1661 1032 1735 τῆς
1073 1657 1348 1730 προτέρας
1385 1657 1716 1729 θρησκείας,
1764 1657 1895 1722 τοὺς

315 1754 423 1810 ἀνὰ
453 1754 553 1826 τὴν
580 1753 736 1806 πόλιν
774 1752 868 1806 καὶ
896 1752 997 1815 τὰς
1037 1750 1232 1821 κώμας
1261 1749 1424 1814 ναοὺς
1464 1747 1890 1820 κατεστρέψατο.

1991 552 2258 623 quasdam
2329 569 2473 625 quas
2534 550 2975 627 hieroglyphicas
3035 556 3351 627 appellant,
3408 561 3568 631 signo

1991 645 2177 701 crucis
2225 644 2469 711 similes,
2525 646 2800 719 lapidibus
2862 646 3075 703 incisas
3126 632 3458 725 apparuisse
3491 654 3509 685 ί
3548 672 3567 711 :

1992 750 2132 806 quas
2165 752 2289 793 cum
2338 737 2441 792 viri
2482 754 2670 795 earum
2706 755 2889 795 rerum
2932 741 3089 811 periti
3138 743 3570 814 interpretaren-

1994 837 2106 895 tur,
2147 828 2463 901 signiﬁcare
2509 829 2771 887 dixerunt
2803 834 2972 888 vitam
3024 843 3335 893 venturam.
3390 837 3593 909 Atque,

1993 920 2065 976 ab
2088 920 2231 976 hanc
2261 936 2485 978 causam
2509 923 2711 980 multos
2736 939 3072 997 paganorum
3105 927 3175 981 ad
3198 927 3569 985 Christianam

1994 1010 2313 1083 religionem
2338 1029 2637 1073 conversos
2667 1032 2787 1073 esse
2813 1016 3023 1083 dicunt,
3051 1034 3177 1074 cum
3211 1020 3331 1076 aliae
3351 1036 3572 1095 quoque

1996 1102 2191 1159 litterae.
2231 1103 2631 1176 signiﬁcarent,
2682 1107 2943 1181 templum
3000 1109 3136 1169 illud
3181 1118 3313 1167 tunc
3353 1112 3591 1183 destru-g

1994 1201 2145 1249 ctum
2169 1195 2261 1260 iri,
2296 1209 2423 1251 cum
2454 1196 2572 1253 haec
2609 1198 2739 1252 nota
2780 1199 2930 1255 cruci
2974 1200 3174 1259 similis
3202 1184 3570 1273 apparuisset.

1996 1283 2062 1340 Et
2090 1283 2380 1358 Serapium
2422 1288 2643 1360 quidem
2689 1290 2793 1345 hoc
2825 1291 2988 1348 modo
3016 1301 3240 1364 captum
3271 1303 3438 1369 atque
3473 1308 3572 1352 ex-

1995 1386 2320 1449 pugnatum,
2352 1395 2456 1435 nec
2499 1382 2673 1437 multo
2719 1393 2844 1454 post
2889 1385 2942 1439 in
3002 1385 3292 1442 ecclesiam
3338 1386 3595 1451 Arcadio,

1996 1469 2315 1539 imperatori
2370 1472 2759 1542 cognominem
2824 1474 3168 1530 immutatum
3224 1484 3329 1532 est.
3380 1477 3575 1535 Adhuc

1994 1568 2177 1617 tamen
2207 1562 2261 1617 in
2303 1562 2514 1634 aliquot
2544 1565 2799 1630 urbibus,
2830 1551 3036 1639 pagani
3062 1582 3159 1638 pro
3195 1569 3414 1639 templis
3457 1568 3576 1625 suis

1997 1655 2197 1709 acriter
2222 1656 2616 1713 dimicabant:
2669 1657 2724 1712 in
2773 1658 2975 1713 Arabia
3021 1659 3241 1729 quidem
3290 1659 3486 1716 Petraei
3521 1669 3577 1715 et

1996 1748 2328 1817 Areopolita:
2363 1771 2377 1805 :
2428 1750 2484 1805 in
2518 1748 2815 1806 Palaestina
2866 1748 3212 1821 Rapbienses
3251 1758 3306 1807 et
3334 1751 3516 1806 Gazaai
3558 1770 3573 1806 :

318 1846 630 1918 Πυθόμενος
666 1844 725 1898 δέ
781 1843 1035 1915 μέγιστον
1083 1837 1225 1895 εῖναι
1268 1840 1394 1915 ναὸν
1440 1842 1498 1894 ἐν
1547 1839 1627 1911 τῷ
1663 1837 1892 1902 Αὐλῶνι,

2003 1842 2060 1897 iu
2095 1840 2359 1899 Phoenice
2412 1857 2545 1898 vero
2582 1841 2951 1914 lleliopolitre.
2991 1842 3149 1913 Apud
3207 1844 3377 1915 Syros
3426 1842 3581 1898 deni-

318 1936 490 2007 κλῖμα
519 1935 577 1989 δέ
606 1934 764 1989 τοῦτο
793 1932 892 2003 τῆς
948 1929 1242 2003 Ἀπαμέων
1292 1929 1474 2002 χώρας
1495 1968 1512 1993 ,
1561 1927 1896 1999 στρατιώτας

314 2029 472 2094 τινὰς
514 2028 610 2083 καὶ
658 2025 998 2098 μονομάχους
1048 2023 1378 2094 παραλαϐὼν
1398 2064 1414 2089 ,
1449 2023 1541 2076 ἐπὶ
1576 2019 1736 2074 τοῦτο
1785 2020 1891 2092 ᾔει.

320 2121 556 2193 Πλησίον
588 2118 646 2175 δὲ
683 2118 1012 2189 γενόμενος,
1060 2114 1166 2182 ἔξω
1201 2113 1371 2185 βελῶν
1413 2112 1756 2184 περιέμενεν.
1785 2106 1894 2164 Ἦν

317 2213 429 2284 γὰρ
458 2209 763 2287 ποδαλγόςς
805 2209 903 2262 καὶ
945 2205 1069 2261 οὔτε
1103 2204 1408 2276 μάχεσθαι,
1458 2202 1581 2259 οὔτε
1609 2202 1826 2258 διώκειν
1859 2200 1894 2270 ἢ

320 2303 545 2374 φεύγειν
567 2301 821 2373 ἠδύνατο.
862 2298 1096 2370 Ἦσχολη
1106 2297 1282 2368 μένων
1324 2296 1383 2349 δέ
1406 2293 1518 2349 τῶν
1547 2293 1895 2365 στρατιωτῶν

320 2396 418 2450 καὶ
439 2393 761 2465 μονομάχων
793 2391 924 2464 περὶ
951 2390 1012 2443 τὸ
1045 2391 1185 2444 ἑλεῖν
1216 2388 1309 2449 τὸν
1327 2388 1476 2455 ναὸν,
1513 2385 1776 2458 μαθόντες
1802 2385 1895 2438 αύ-

317 2488 411 2540 τόν
430 2502 574 2549 τινες
594 2484 704 2540 τῶν
739 2481 1101 2555 Ἑλληνιστῶν
1141 2478 1512 2553 μεμονῶσθαι,
1532 2477 1655 2533 καθ’
1678 2477 1707 2532 ὃ
1732 2477 1897 2549 μέρος

321 2577 604 2648 ἐλεύθερον
646 2571 716 2647 ἧν
763 2574 946 2647 μάχης
974 2574 1037 2628 τὸ
1072 2573 1293 2646 χωρίον,
1343 2570 1599 2643 ἐξῆλθον,
1634 2569 1898 2641 ἐξαπίνης

321 2686 384 2723 τε
425 2668 778 2733 ἐπιστάντες,
822 2666 1114 2722 συνέλαϐον
1144 2665 1346 2731 αὑτὸν,
1383 2665 1481 2718 καὶ
1532 2666 1681 2737 πυρᾷ
1723 2662 1898 2735 ἐμῦα-

321 2759 508 2822 λόντες
535 2759 765 2818 ἀνεῖλον.
802 2759 913 2813 Καὶ
943 2758 1080 2828 πρὸς
1118 2756 1178 2811 τδ
1206 2755 1379 2828 παρὸν
1408 2754 1616 2809 ἔλαθον.
1658 2754 1812 2807 Ἐπεὶ
1840 2752 1899 2807 δὲ

1996 1948 2132 2004 que,
2179 1934 2333 1989 cives
2363 1933 2517 1988 urbis
2565 1934 2820 2003 Apameae
2856 1949 2975 2005 quae
3012 1933 3078 1988 ad
3115 1933 3316 1991 Axium
3352 1933 3581 1992 ﬂuvium

1997 2020 2103 2073 sita
2129 2027 2214 2075 est
2249 2039 2265 2076 :
2299 2037 2437 2092 quos
2466 2023 2687 2095 quidem
2718 2026 2930 2098 accepi,
2962 2025 3029 2081 ad
3062 2025 3291 2081 tutelam
3341 2024 3580 2095 templo—

1994 2126 2118 2166 rum
2154 2126 2380 2169 suorum
2423 2129 2809 2187 saepenumero.
2838 2134 2969 2175 usos
2999 2134 3121 2176 esse
3148 2116 3404 2189 praesidio
3430 2115 3585 2172 Gali-

1996 2202 2244 2272 laeorum,
2270 2212 2328 2260 et
2364 2208 2702 2264 rusticorum
2733 2207 3022 2265 hominum
3063 2226 3131 2267 ex
3159 2210 3297 2266 vicis
3328 2209 3423 2281 qui
3454 2215 3585 2266 sunt

1996 2293 2144 2349 circa
2171 2293 2476 2354 Libanum:
2517 2300 2847 2373 tandemque
2876 2316 2944 2359 eo
2974 2302 3217 2359 audacia:
3241 2301 3605 2374 prorupisse.,

1999 2396 2059 2441 ut
2100 2386 2416 2447 Marcellum
2461 2394 2585 2463 ejus
2631 2393 2738 2450 loci
2798 2395 3117 2465 episcopum
3173 2392 3573 2451 interfecerint.

1995 2480 2133 2536 Nam
2161 2494 2287 2535 cum
2319 2481 2410 2538 hic
2450 2483 2783 2557 intelligeret
2815 2484 2940 2542 illos
2991 2501 3113 2563 non,
3142 2486 3299 2542 aliter
3330 2500 3361 2540 a
3404 2484 3586 2556 priori

2009 2573 2411 2643 superstitione
2460 2573 2619 2631 facile
2670 2574 2920 2637 converti
2949 2590 3136 2646 posse,
3184 2574 3311 2630 fana
3364 2590 3488 2647 quae
3526 2577 3583 2631 iu

1997 2666 2134 2723 urbe
2175 2673 2231 2720 et
2262 2665 2319 2720 in
2350 2665 2505 2736 pagis
2535 2672 2697 2720 erant
2726 2666 3020 2722 subvertit.
3042 2665 3297 2737 Cumque
3313 2666 3582 2724 audiisset

1997 2755 2300 2812 maximum
2329 2756 2595 2827 templum
2642 2771 2768 2813 esse
2795 2757 2849 2811 in
2883 2756 3094 2812 Aulone
3126 2757 3222 2828 qui
3257 2764 3472 2814 tractus
3495 2764 3584 2813 est

319 2851 404 2921 τῷ
449 2851 628 2924 χρόνῳ
672 2849 1065 2922 ἐφωράθησαν,
1103 2850 1150 2902 oi
1207 2848 1304 2919 μὲν
1349 2846 1670 2917 Μαρκέλλου
1710 2845 1903 2910 παῖδες

320 2942 589 3014 τιμωρεῖν
627 2940 707 3011 τῷ
739 2940 908 3012 πατρὶ
936 2936 1269 3003 ἐσπούδαζον
1297 2952 1310 2966 '
1364 2937 1397 3005 ἡ
1432 2935 1488 2989 δὲ
1522 2934 1628 2999 ἀνὰ
1653 2937 1716 2988 τδ
1749 2933 1897 2998 ἔθνος

2001 2945 2053 2994 et
2075 2937 2501 3009 gladiatoribus,
2550 2954 2618 2996 eo
2648 2941 2912 3011 perrexit.
2950 2938 3021 2995 Et
3056 2955 3181 2996 cum
3224 2939 3456 3012 propius
3487 2952 3584 2997 ac-

325 3030 544 3095 σύνοδος
579 3030 871 3085 διεκώλυσε
896 3070 912 3095 ,
973 3028 1050 3100 μὴ
1088 3028 1296 3082 δίκαιον
1341 3025 1614 3098 νομίσασα
1643 3024 1897 3093 τοιαύτης

2001 3018 2284 3095 cessisset,
2314 3029 2433 3101 ipse
2460 3029 2681 3100 quidem
2702 3040 2859 3088 extra
2878 3031 3113 3088 telorum
3132 3030 3340 3102 iactum
3363 3044 3608 3086 renisu--

322 3125 583 3195 τελευτῆς
618 3123 893 3195 τιμωρίαν
920 3122 1240 3193 λαμϐάνειν,
1272 3119 1357 3189 ἐφ’
1461 3118 1705 3190 προσῆκε
1740 3118 1897 3190 χάριν

2002 3118 2094 3174 sit.
2130 3117 2260 3175 Erat
2306 3119 2457 3178 enim
2506 3121 2741 3192 pedibus
2798 3136 2962 3193 aeger,
2996 3130 3056 3178 et
3091 3137 3271 3194 neque
3313 3136 3577 3195 pugnare,

1269 3172 1364 3263 καὶ
1392 3172 1572 3277 ἰκένος
1612 3172 1782 3262 αὐτοὶ
1810 3172 1897 3260 καὶ

2002 3226 2111 3268 nec
2138 3213 2395 3282 persequi
2433 3172 2535 3269 an:
2560 3213 2755 3286 fugere
2792 3172 3029 3286 peierat.
3075 3172 3343 3273 Militibus
3371 3172 3504 3271 trer
3530 3172 3587 3269 et

324 3307 535 3378 φίλους,
565 3305 640 3371 ὡς
670 3306 810 3377 ὑπὲρ
851 3303 989 3359 θεοῦ
1032 3302 1324 3357 ἀποθανεῖν
1345 3299 1649 3372 ἠξιωμένου
1668 3315 1683 3330 ·
1716 3299 1897 3353 καὶτὰ

2009 3302 2410 3374 gladiatoribus
2457 3305 2515 3365 in
2566 3308 2976 3378 expugnatione
3029 3308 3222 3379 templi
3262 3306 3592 3377 occupatis,

330 3399 433 3471 μὲν
463 3398 640 3462 οὓτως
670 3397 849 3468 ἔσχεν.

2009 3394 2176 3466 299
2204 3396 2429 3466 quidam
2460 3412 2527 3453 ex
2562 3399 2791 3469 paganis
2820 3414 2947 3456 eum
2978 3400 3095 3455 illic
3123 3398 3301 3459 solum
3329 3399 3589 3454 relictum

323 3505 451 3545 esse
502 3504 629 3545 cum
700 3485 1126 3557 cognovissent,
1179 3498 1289 3554 qua
1334 3491 1494 3554 parte
1545 3485 1702 3539 locus
1752 3498 1934 3555 pugna
1972 3487 2219 3573 vacabat
2267 3490 2481 3559 egressi
2531 3500 2700 3557 sunt,
2751 3498 2807 3547 et
2851 3507 2915 3548 ex
2971 3492 3275 3565 improviso
3325 3506 3588 3564 superve-

326 3582 568 3648 nientes,
622 3597 748 3638 eum
784 3580 1116 3652 corripiunt,
1172 3578 1548 3651 iniectumque
1598 3579 1654 3633 in
1716 3593 1909 3651 rogum
1948 3580 2308 3640 interﬁciunt.
2356 3585 2422 3643 Et
2456 3587 2512 3641 in
2553 3589 2812 3657 presenti
2857 3588 3104 3659 quidem,
3170 3587 3397 3658 quinam
3459 3587 3598 3642 fuis-

326 3686 456 3735 sent
502 3687 764 3735 auctores
801 3675 991 3738 caulis.
1049 3674 1228 3731 latuit.
1274 3673 1576 3744 Postquam
1607 3689 1739 3730 vero
1773 3689 2041 3746 processu
2104 3680 2378 3750 temporis
2417 3682 2621 3739 detecti
2692 3690 2846 3749 sunt,
2914 3683 3008 3738 ﬁlii
3070 3681 3293 3754 quidem
3358 3680 3594 3737 Marcelli

328 3782 565 3831 mortem
593 3771 768 3844 patris
802 3771 995 3826 ulcisci
1028 3769 1344 3842 cupiebant.
1385 3769 1587 3824 Verum
1633 3770 1928 3839 provinciae
1985 3774 2236 3844 synodus
2284 3776 2340 3832 id
2410 3777 2716 3849 prohibuit,
2759 3792 2975 3848 aequum
3027 3792 3139 3832 non
3192 3790 3317 3832 esse
3360 3789 3597 3830 censens

327 3876 453 3920 eam
525 3864 715 3920 ulcisci
760 3872 1016 3930 mortem,
1060 3860 1131 3916 ob
1174 3876 1338 3932 quam
1380 3861 1587 3932 gratias
1654 3859 1767 3917 Deo
1820 3876 1982 3932 agere
2020 3873 2323 3934 dporteret,
2364 3875 2479 3922 tum
2532 3869 2715 3939 ipsqu
2750 3877 3056 3933 mortuum,
3101 3874 3217 3920 tum
3272 3866 3413 3920 ﬁlios
3466 3863 3589 3933 ejus

329 3966 499 4027 atque
545 3957 753 4012 amicos
794 3973 810 4009 :
850 3953 1053 4025 quippe
1092 3953 1188 4023 qui
1232 3952 1434 4023 dignus
1481 3953 1705 4009 habitus
1764 3962 1914 4009 esset
1954 3956 2047 4026 qui
2080 3973 2181 4027 pro
2215 3957 2324 4014 Deo
2352 3969 2684 4016 moreretur.
2718 3961 2895 4032 Atque
2933 3960 3051 4014 haec
3079 3957 3300 4029 quidem
3366 3956 3440 4011 ita
3502 3969 3597 4027 ge-

330 4057 421 4107 sta
455 4055 605 4104 ειωι.

1998 2845 2241 2917 regionis
2270 2846 2702 2916 Apamenorum,
2735 2847 3038 2919 assmnptis
3073 2854 3258 2903 secum
3309 2844 3580 2901 militibus

929 4135 1176 4188 ΚΕΦΛΛ.
1207 4136 1323 4202 ις’.

332 4231 529 4296 Ὅπως
559 4229 661 4285 καί
699 4229 772 4283 δι’
817 4226 898 4295 ἢν
928 4228 1125 4282 αἰτίαν
1161 4228 1468 4294 ἀνεπαύθη
1508 4230 1541 4281 ὀ
1572 4227 1642 4281 ἐν
1680 4229 1914 4294 Ἐκκλη-

406 4302 513 4368 aia
549 4300 669 4354 τῶν
711 4298 1164 4367 μετανοούντων
1205 4298 1639 4368 πρεσϐύτερος·
1679 4300 1777 4352 καὶ
1812 4300 1915 4351 ἐπ-

406 4367 726 4439 εξεργασία
759 4368 893 4437 περὶ
925 4369 1147 4437 τρόπου
1171 4367 1511 4435 μετανοίας.

408 4465 497 4516 Ἐν
528 4462 702 4533 τούτῳ
730 4461 806 4527 δέ,
823 4462 932 4515 τῶν
961 4458 1181 4514 ἐπὶτῶν
1217 4459 1615 4528 μετανοούντων
1643 4460 1912 4529 τεταγμέ-

2637 4134 2786 4193 CAP.
2831 4134 2972 4192 XVI.

2024 4226 2297 4292 Quomodo
2336 4236 2386 4282 et
2416 4226 2479 4283 ob
2505 4244 2665 4298 quam
2689 4244 2910 4282 causam
2942 4230 3188 4283 sublatus
3215 4238 3293 4284 est
3321 4230 3376 4283 in
3411 4230 3595 4287 Eccle-

2092 4298 2174 4350 sia
2215 4298 2509 4367 presbyter,
2549 4299 2640 4366 qui
2684 4299 3053 4366 pamitentibus
3088 4310 3313 4364 prwerat
3340 4316 3359 4354 :
3392 4310 3443 4356 et
3470 4318 3597 4356 nar-

2092 4369 2229 4421 ratio
2252 4367 2317 4422 de
2346 4367 2502 4422 modo
2545 4385 2608 4423 ac
2635 4371 2841 4423 ratione
2867 4369 3207 4438 paenitentiae.

2090 4460 2195 4516 Per
2221 4461 2361 4516 idem
2385 4469 2603 4532 tempus
2629 4461 2918 4519 Nectar-ius
2951 4461 3597 4535 Cunstantinopolilanus
3658 4534 3659 4537 η

334 4574 429 4609 νον
474 4553 841 4626 πρεσϐύτερον
876 4553 1060 4606 οὐκέτι
1096 4550 1471 4622 συνεχώρησεν
1512 4547 1651 4605 εἶναι
1703 4552 1897 4622 πρῶτα

2021 4552 2314 4624 episcopus
2368 4554 2749 4625 presbyterum
2786 4554 2939 4609 illum
2985 4554 3077 4624 qui
3119 4556 3449 4624 pra'positus
3481 4567 3600 4612 erat

334 4648 672 4717 Νεκτὰριος,
704 4645 733 4698 ό
787 4644 885 4716 τὴν
946 4644 1238 4714 ἐκκλησίαν
1296 4641 1897 4703 Κωνσταντινουπόλεως

2025 4646 2447 4715 paenitentibus,
2481 4646 2696 4718 primus
2720 4662 2789 4701 ex
2820 4646 3052 4703 ecclesia
3088 4647 3312 4702 sustulit
3339 4648 3383 4704 ³.
3425 4646 3597 4717 Cujus

338 4737 736 4809 ἐπιτροπεύων.
781 4736 1255 4807 Ἐπηκολούθησαν
1272 4735 1328 4789 δὲ
1359 4735 1543 4806 σχεδὸν
1562 4736 1610 4788 οἱ
1641 4735 1897 4806 πανταχοῖ

2022 4739 2330 4808 exemplum
2363 4752 2556 4794 omnes
2590 4737 2706 4794 fere
2730 4738 2976 4809 episcopi
3012 4746 3202 4809 postea
3230 4747 3359 4793 sunt
3388 4739 3592 4794 secuti.

338 4833 647 4887 ἐπίσκοποι.
683 4827 852 4882 Τοῦτο
879 4828 936 4881 δέ
972 4829 1025 4882 τί
1058 4829 1188 4882 ποτέ
1215 4830 1352 4894 ἐστι,
1377 4828 1409 4898 ῆ
1445 4826 1607 4881 πόθεν
1632 4828 1852 4899 ἧρξατο,
1880 4830 1897 4881 i

2023 4829 2165 4897 Quid
2189 4839 2372 4886 autem
2399 4830 2505 4886 hoc
2527 4831 2621 4896 sit,
2643 4838 2698 4886 et
2728 4830 2873 4886 unde
2890 4831 3159 4901 originem
3185 4830 3510 4901 sumpserit,
3544 4839 3599 4887 et

339 4924 483 4979 κατὰ
512 4922 669 4977 ποίαν
717 4923 895 4975 αἰτίαν
935 4921 1227 4988 ἐπαύσατο,
1260 4921 1407 4976 ἄλλοι
1455 4922 1549 4991 μὲν
1586 4922 1714 4985 ἴσως
1744 4921 1897 4985 ἄλλως

2021 4939 2186 4995 quam
2217 4925 2290 4984 ob
2330 4939 2552 4981 causam
2582 4924 2860 4982 sublatura
2900 4925 2995 4990 sit,
3030 4924 3125 4980 alii
3168 4924 3391 4996 quidem
3439 4924 3600 4980 aliter

413 5039 430 5071 ¹
458 5037 638 5103 Socr.,
669 5036 763 5090 lib.
799 5052 848 5099 v,
875 5053 925 5091 c.
965 5038 1047 5091 ΓΙ.
1125 5039 1145 5068 ²
1180 5036 1309 5091 ibid.
1345 5052 1395 5091 c.
1421 5035 1506 5089 i9.

1550 5197 1826 5253 VALESII
1885 5195 2437 5253 ANNOTATIONES.

412 5292 980 5365 (20)")lspoaoliraz.
1022 5289 1173 5344 lluuc
1201 5289 1379 5365 locum
1421 5288 1763 5365 correxihex
1820 5301 1911 5339 ro-
2020 5289 2182 5365 etiam
2222 5288 2386 5365 hujus
2411 5288 3078 5365 oppidi‘llieronymusis
3110 5301 3273 5365 caput
3320 5307 3388 5344 xv
3438 5292 3594 5365 Isaiae

339 5347 857 5425 (liceV'Fuketiano,
918 5364 969 5415 in
1022 5377 1132 5428 quo
1183 5361 1444 5429 scriptum
1497 5365 1585 5411 est
1652 5357 1904 5429 ’Λρεοποο
2020 5356 2105 5410 his
2128 5347 2312 5412 verbis
2359 5378 2371 5413 :
2420 5347 2615 5413 Adda:
2663 5347 2939 5426 quemdam
2986 5347 3382 5429 Areopolitam;
3412 5361 3499 5414 sed
3546 5370 3595 5414 et

339 5437 505 5488 λῖται.
549 5433 722 5499 Hujus
777 5433 929 5486 urbis
961 5427 1206 5484 meminit
1255 5428 1614 5499 Hieronymus
1668 5429 1721 5479 in
1774 5427 1913 5499 libro
2021 5429 2189 5499 cumis
2215 5430 2401 5483 civitas
2448 5432 2594 5482 testis
2625 5439 2727 5493 .est,
2784 5439 2929 5483 motu
2963 5427 3338 5498 terraa'magno
3391 5431 3445 5483 in
3476 5446 3591 5484 mea

340 5506 422 5560 De
451 5505 580 5559 locis
613 5495 911 5560 Hebraicis,
947 5502 1022 5552 ita
1043 5500 1290 5554 scribens
1325 5516 1336 5549 :
1372 5495 1524 5550 Moab
1554 5496 1617 5569 ab
1641 5512 1743 5549 uno
1772 5495 1913 5565 [ilio-
2020 5498 2270 5565 infantia,
2310 5500 2525 5569 quando
2548 5500 2711 5556 totius
2752 5499 2895 5554 orbis
2923 5501 3076 5555 littits
3114 5495 3441 5568 tranSgressa
3470 5509 3593 5553 sunt

339 5593 461 5629 rum
487 5573 644 5635 Loth,
674 5574 763 5641 qui
797 5573 1080 5633 vocabatur
1108 5570 1286 5629 Moab,
1320 5569 1503 5620 civitas
1551 5566 1777 5641 4_rahia2,
1799 5583 1897 5637 qua

2022 5569 2216 5641 Μαι-ἔα.
2246 5566 2425 5641 eadem
2457 5579 2605 5624 nocte
2633 5587 2808 5623 muros
2837 5570 2984 5625 illius
3018 5566 3463 5641 corruissé._Erat
3499 5582 3589 5621 au~

339 5660 480 5698 nunc
510 5637 779 5710 Areopolis
820 5642 1033 5700 dicitur,
1072 5640 1145 5691 sic
1181 5645 1486 5710 vocatarest,
1515 5637 1694 5710 cuius
1723 5646 1771 5710 et
1828 5652 1915 5710 stt-

339 5733 441 5785 pra
473 5707 824 5767 meminimus.
859 5711 1000 5764 Idem
1038 5710 1194 5785 habet
1228 5707 1827 5785 Eusebitis-Pamphilus
1854 5708 1909 5785 in

340 5777 487 5841 libro
517 5784 595 5841 De
642 5783 782 5839 locis
853 5795 1012 5851 quem
1058 5780 1224 5834 edidit
1271 5777 1609 5834 Bunﬁ'crius.
1670 5777 1912 5833 Meminit

2024 5647 2128 5697 tem
2183 5639 2236 5691 in
2281 5639 2382 5692 hac
2430 5641 2563 5695 urbe
2608 5641 2923 5708 praesidium
2981 5644 3223 5708 equitum
3269 5638 3588 5708 Maurorum

2020 5708 2475 5781 Illyricianerum,
2511 5718 2569 5765 ut
2594 5706 2751 5768 docet
2783 5711 2988 5766 Notitia
3021 5706 3230 5779 imperii
3264 5706 3516 5765 Runiani.
