4066 6338
331 353 467 415 "6!

1300 355 1629 413 msroma
1666 355 2222 414 ECCLESlASTlCA.
2260 389 2331 399 -
2368 359 2498 414 LlB.
2542 338 2667 414 vu.’

3444 356 3585 412 “6?.

328 467 427 522 τοῦ
458 467 686 537 ἐδάφους
716 465 905 520 πίπτει
926 466 1038 539 (26)
1061 486 1074 500 ο
1095 466 1192 521 σὺν
1210 466 1436 539 ὀλολυγῇ
1463 469 1574 539 (27)
1599 468 1693 522 καὶ
1715 469 1775 522 τδ
1807 470 1915 523 πᾶν

2031 470 2405 526 :ommunione
2432 483 2720 527 sacrorum
2764 483 2889 539 qua:
2929 466 3161 525 initiatis
3197 469 3433 541 prazberi
3467 462 3603 526 mos

329 560 433 630 τῆς
495 558 817 628 Ἐκκλησίας
873 557 1077 628 πλῆθος
1133 558 1385 632 δακρύων
1440 558 1796 630 ἐμπίπλαται.
1835 559 1909 612 Τὸ

336 650 476 721 μετὰ
529 648 686 704 τοῦτο
742 648 840 715 δὲ,
912 649 1129 721 πρῶτος
1190 651 1219 705 ό
1271 651 1567 715 ἐπίσκοπος
1622 649 1909 715 ἐξανίστα-

331 760 454 809 ται,
507 741 603 796 καὶ
641 741 770 806 τοὺς
830 741 1119 811 κειμένους
1165 741 1453 814 ἀνίστησιο
1502 742 1595 796 καί⁷
1743 758 1913 813 προσ-

333 831 470 901 ῆκεν
528 830 668 902 ὑπὲρ
749 832 1154 903 ἡμαρτηκότων
1241 832 1730 904 μεταμελονμένων
1819 835 1913 888 εὖ·

337 921 589 995 ξάμενος,
618 923 955 995 ἀποπέμπει.
978 923 1118 978 Καθ’
1139 924 1328 979 ἑαυτὸν
1352 924 1408 979 δὲ
1437 925 1616 979 ἑκοντὶ
1638 924 1914 979 ταλαιπω-

341 1014 601 1087 ρούμενος
622 1014 926 1088 ἓκαστος,ἢ
953 1016 1295 1088 νηστείαις,ἧ
1314 1016 1657 1088 ἀλουσίαις,ἢ
1679 1016 1913 1088 ἐδεσμά-

337 1122 448 1162 των
487 1107 696 1178 ἀποχῇ,
721 1106 755 1178 ἢ
778 1107 986 1178 ἑτέροις
1033 1101 1114 1171 οἷς
1161 1110 1595 1180 προστέτακται,
1631 1096 1914 1181 περίμένει

339 1197 434 1251 τὸν
465 1198 688 1269 χρόνον,
720 1199 799 1262 είς
827 1197 951 1251 ὅσον
981 1196 1131 1268 αύτῷ
1166 1197 1393 1269 τέταχεν
1425 1200 1454 1252 ό
1486 1199 1803 1262 ἐπίσκοπος.
1834 1200 1913 1270 Τῇ

338 1287 399 1343 δὲ
423 1286 763 1360 προθεσμίᾳ,
789 1287 978 1359 ὥσπερ
1001 1306 1054 1341 τι
1083 1288 1304 1359 δφλημα
1333 1287 1590 1352 διαλύσας
1620 1287 1716 1360 τὴν
1744 1306 1917 1360 τιμω-

343 1377 485 1450 ρίαν,
514 1380 616 1449 τῆς
661 1377 935 1450 ἁμαρτίας
963 1376 1170 1431 ἀνίεται
1204 1376 1316 1448 (28)
1333 1416 1349 1442 ,
1378 1378 1474 1431 καὶ
1503 1377 1641 1447 μετά
1668 1376 1762 1431 τοῦ
1787 1376 1916 1431 λαοῦ

340 1470 713 1541 ἐκκλησιάζει.
758 1470 897 1524 Τάδε
930 1470 1031 1540 μὲν
1074 1468 1313 1541 ἀρχῆθεν
1348 1470 1399 1522 οί
1443 1467 1727 1540 Ῥωμαίων
1757 1469 1919 1540 ἱερεῖς

341 1560 469 1633 ἄχρι
499 1562 593 1616 καὶ
617 1563 697 1625 είς
727 1562 873 1632 ἡμᾶς
902 1563 1277 1632 φυλάττουσιν.
1317 1561 1405 1615 Ἐν
1428 1559 1487 1615 δὲ
1526 1563 1595 1631 τῇ
1626 1561 1918 1614 Κωνσταν-

342 1649 648 1704 τινουπόλει
690 1651 1006 1723 Ἐκκλησία,
1027 1652 1056 1703 ὁ
1083 1652 1176 1704 ἐπὶ
1202 1649 1313 1704 τῶν
1337 1649 1735 1721 μετανοούντων
1764 1665 1921 1703 τετα-

2014 571 2118 628 est,
2149 576 2275 616 cum
2309 562 2513 633 gemitu
2553 576 2615 618 ac
2648 561 2906 617 lamentis
2937 576 3145 632 pronos
3185 576 3245 618 se
3279 562 3335 617 in
3382 560 3605 618 terram

2018 651 2300 722 abjiciunt.
2330 651 2466 707 Tum
2484 644 2776 723 epis‘copus
2813 665 2937 706 cum
2968 650 3227 722 lacrymis
3261 664 3326 705 ex
3356 648 3590 705 adverso

2016 759 2337 810 occurrens,
2372 745 2583 816 pariter
2615 743 2736 814 ipse
2765 744 2913 798 humi
2944 742 3284 813 provolvitur
3313 760 3329 800 :
3369 749 3424 798 et
3466 742 3593 796 uni-

2016 851 2176 892 versa
2217 835 2479 892 Ecclesia:
2513 832 2808 889 multitudo
2865 832 3030 889 simul
3078 831 3369 897 contltens,
3400 830 3590 902 ,lacry-

2019 928 2125 984 mis
2164 926 2536 999 perfunditur.
2576 926 2828 983 Postlncc
2877 940 3009 981 vero
3081 924 3292 996 primus
3345 923 3594 994 exsurgit

2018 1020 2332 1091 episcopus,
2357 1034 2419 1074 ac
2444 1025 2753 1091 prostratos
2778 1016 2975 1088 erigit:
3007 1014 3283 1086 factaque,
3320 1022 3380 1070 ut
3410 1014 3590 1079 decet,

2020 1110 2341 1182 precatione
2378 1125 2476 1181 pro
2525 1108 2909 1180 peccatoribus
2959 1106 3339 1178 pmnitentiam
3385 1103 3596 1175 agenti-

2021 1201 2148 1265 bus,
2176 1216 2272 1257 eos
2303 1195 2547 1256 dimittit.
2572 1199 2832 1254 Privatim
2866 1205 3047 1254 autem
3081 1196 3463 1267 unusquisque
3493 1210 3594 1251 sua

2024 1299 2222 1362 sponte
2251 1306 2313 1347 se
2349 1296 2657 1353 macerans,
2701 1296 2797 1345 aut
2834 1288 3084 1360 jejuniis,
3126 1296 3222 1342 aut
3255 1286 3461 1348 illuvie,
3500 1291 3595 1339 aut

2023 1382 2272 1438 ciborum
2315 1380 2668 1448 abstinentia,
2714 1381 2800 1435 vel
2849 1379 2976 1434 aliis
3025 1379 3227 1449 quibus
3277 1378 3466 1447 jussus
3508 1384 3596 1431 est

2024 1471 2221 1537 modis,
2268 1482 2483 1542 tempus
2526 1479 3013 1542 quantumcunque
3066 1469 3168 1540 ipsi
3223 1468 3292 1523 ab
3334 1468 3597 1538 episcopo

2024 1566 2387 1624 constitutum
2420 1571 2528 1631 est,
2576 1570 2875 1632 exspectat.
2938 1561 3043 1618 Ubi
3087 1576 3217 1618 vero
3258 1560 3597 1631 praestitutus

2027 1657 2147 1714 dies
2172 1657 2413 1724 advenit,
2447 1662 2711 1725 tanquam
2752 1653 2939 1709 debito
2965 1652 3203 1724 quodam
3233 1652 3535 1723 persoluto,
3566 1666 3598 1704 a

346 1740 546 1811 γμένος
572 1742 943 1814 πρεσϐύτερος
973 1742 1332 1796 ἐπολιτεύετο.
1360 1742 1547 1795 Είσότε
1579 1740 1644 1811 δὴ
1671 1741 1805 1812 γυνή
1837 1757 1922 1802 τις

2031 1765 2190 1822 poena
2234 1749 2515 1805 commissi
2551 1748 2776 1804 sceleris
2813 1746 3101 1813 liberatur,
3152 1753 3206 1800 et
3240 1745 3454 1814 reliquo
3499 1742 3600 1797 Ec-

345 1832 453 1886 τῶν
468 1833 825 1905 εὐπατριδῶν,
838 1834 932 1887 ἐπὶ
946 1834 1243 1906 ἁμαρτίαις
1258 1827 1346 1898 αἷς
1368 1832 1751 1904 προσήγγειλε,
1766 1848 1927 1902 προσ-

2031 1844 2206 1901 clesia:
2233 1842 2435 1914 populo
2467 1840 2731 1898 sociatur.
2769 1838 2896 1895 llaec
2922 1837 3161 1909 episcopi
3194 1836 3349 1892 urbis
3389 1835 3596 1901 Romae,

344 1926 604 1996 ταχθεῖσα
647 1927 797 1999 παρά
833 1926 1024 1981 τούτου
1064 1927 1157 1980 τοῦ
1201 1926 1572 1999 πρεσϐυτέρου
1615 1924 1916 1997 νηστεύειν,

2031 1937 2129 2002 iam
2184 1935 2311 1991 inde
2360 1934 2430 1990 ab
2463 1933 2659 1989 ultima
2697 1937 2971 1986 vetustate
3015 1927 3083 1983 ad
3120 1935 3370 1983 nostram
3425 1943 3601 1996 usque

346 2019 440 2071 καὶ
467 2019 558 2072 τὸν
585 2018 719 2072 Θεὸν
755 2018 1037 2083 ἱκετεύειν,
1069 2018 1259 2072 τούτου
1290 2020 1448 2091 χάριν
1474 2020 1532 2074 ὲν
1562 2021 1627 2090 τῇ
1652 2018 1920 2091 ἐκκλησία

2031 2036 2232 2082 aetatem
2268 2023 2613 2082 custodiunt.
2658 2021 2719 2076 ln
2766 2017 3379 2088 Constantinopolitana
3419 2023 3601 2070 autem

346 2109 732 2181 διατρίϐουσα,
763 2109 1227 2180 ὲκπεπορνεῦσθαι
1278 2109 1408 2182 παρ’
1449 2109 1640 2180 ἀνδρὸς
1673 2109 1919 2166 διακόνου

349 2202 743 2272 κατεμήνυσεν.
792 2203 906 2271 Ἐφ’
939 2195 984 2270 ᾧ
1020 2201 1082 2254 τὸ
1113 2201 1317 2272 πλῆθος
1351 2201 1539 2273 μαθὺν,
1571 2201 1923 2272 ἐχαλέπαινεν

349 2289 426 2353 ὡς
469 2290 569 2360 τῆς
602 2291 894 2361 ἐκκλησίας
931 2291 1284 2363 ὑϐρισμένης.
1325 2292 1574 2363 Μεγίστη
1608 2292 1666 2345 δὲ
1701 2291 1924 2363 διαϐολὴ

350 2382 477 2445 τοὺς
526 2383 853 2454 ίερωμένους
906 2378 1072 2455 εἶχεν.
1115 2382 1363 2455 ’Λπορῶν
1411 2384 1468 2437 δὲ
1509 2383 1539 2437 ὅ
1570 2401 1624 2438 τι
1661 2385 1927 2456 χρήσαιτο

349 2473 430 2547 τῷ
458 2474 825 2546 συμϐεϐηκότι
853 2476 1191 2547 Νεκτόιριος,
1222 2476 1474 2546 ἀφείλετο
1510 2478 1610 2547 τῆς
1651 2474 1927 2539 διακονίας

349 2567 442 2621 τὸν
479 2567 833 2639 ἡταιρηκότα.
876 2566 1403 2636 Συμϐουλευσάντων
1434 2566 1491 2619 δέ
1518 2584 1693 2619 τινων
1711 2583 1929 2636 συγχω-

354 2661 469 2732 ρεῖν
500 2659 748 2723 ἑκαστον,
779 2659 854 2723 ὡς
897 2658 965 2714 ἂν
1014 2660 1194 2732 ἑαυτῷ
1250 2660 1516 2731 συνειδείη
1564 2660 1660 2714 καὶ
1707 2659 1929 2733 θαρρεῖν

350 2750 587 2817 δύναιτο,
631 2753 906 2806 κοινωνεῖν
942 2753 1050 2806 τῶν
1104 2752 1435 2823 μυστηρίων,
1465 2751 1670 2805 ἔπαυσε
1696 2753 1785 2805 τὸν
1837 2752 1930 2806 ἐπὶ

352 2842 451 2912 τῆς
509 2840 795 2909 μετανοίας
844 2840 1235 2913 πρεσϐύτερον.
1272 2841 1383 2895 Καὶ
1429 2838 1490 2905 ἐξ
1522 2840 1730 2893 ἐκείνου
1772 2838 1932 2893 τοῦτο

353 2932 589 3003 κρατοῦν
619 2931 884 3003 διέμεινεν
913 2950 927 2963 ’
958 2933 1061 3003 ἦδη
1100 2933 1204 3004 τῆς
1231 2933 1606 3004 ἀρχαιότητος,
1633 2929 1805 3004 οἶμαι,
1839 2934 1932 2988 καὶ

353 3024 451 3095 τῆς
477 3027 596 3078 κατ’
620 3025 789 3095 αὐτὴν
815 3023 1141 3094 σεμνότητος
1165 3026 1260 3078 καὶ
1289 3024 1591 3095 ἀκριϐείας,
1613 3026 1692 3088 είς
1710 3025 1932 3094 ἀδιάφο-

359 3131 451 3185 ρον
474 3116 568 3169 καὶ
595 3115 940 3187 ἠμελημένον
985 3111 1118 3186 ἦθος
1145 3117 1286 3171 κατὰ
1324 3117 1517 3187 μικρὸν
1558 3117 1931 3171 διολισθαίνειν

356 3205 686 3278 ἀρξαμένης.
745 3207 897 3261 Ἐπεὶ
949 3208 1243 3279 πρότερον,
1278 3208 1353 3271 ὡς
1380 3207 1641 3279 ἠγοῦμαι,
1679 3209 1815 3280 μείω
1863 3208 1932 3263 τὰ

357 3299 728 3369 ἁμαρτήματα
774 3294 863 3369 ἦν,
900 3298 1004 3352 ὑπό
1034 3316 1093 3353 τε
1131 3298 1313 3363 αίδοῦς
1356 3299 1465 3352 τῶν
1501 3297 1934 3370 ἐξαγγελλόντων

354 3392 456 3454 τὰς
508 3389 657 3460 σφῶν
703 3391 883 3445 αὐτῶν
926 3391 1345 3463 πλημμελείας,
1381 3393 1613 3461 autem
1646 3393 1936 3464 ἀκριϐείας

355 3479 465 3535 τῶν
494 3481 587 3535 ἐπὶ
633 3480 807 3552 τούτῳ
843 3481 1194 3551 τεταγμένων
1240 3481 1461 3553 κριτῶν.
1510 3482 1604 3536 Ἐκ
1640 3482 1843 3553 ταύτης
1877 3482 1935 3536 δὲ

355 3570 456 3641 τῆς
494 3569 674 3632 αἰτίας
713 3569 1043 3640 συμϐάλλω,
1092 3572 1186 3624 καὶ
1237 3570 1513 3625 Θεοδόσιον
1564 3572 1655 3626 τὸν
1713 3572 1935 3642 βασιλέα

357 3659 752 3733 προνοούμενον
792 3660 891 3732 τῆς
921 3661 1029 3715 τῶν
1077 3661 1411 3732 Ἐκκλησιῶν
1451 3662 1699 3727 εὐκλείας
1736 3680 1795 3715 τε
1838 3664 1933 3717 καὶ

361 3752 689 3823 σεμνότητος
757 3751 1117 3822 νομοθετῆσαι
1171 3753 1269 3815 τὰς
1315 3755 1580 3820 γυναῖκας
1624 3752 1754 3828 (29),
1777 3755 1825 3806 εί
1857 3755 1932 3829 μὴ

360 3843 557 3908 παῖδας
593 3845 790 3915 ἔχοιεν,
809 3844 903 3897 καὶ
939 3843 1080 3914 ὑπὲρ
1111 3841 1376 3913 ἐξήκοντα
1411 3842 1507 3913 ἐτη
1535 3843 1795 3911 γένοιντο,
1822 3843 1931 3898 δια-

361 3933 547 3990 κονίαν
587 3933 721 3989 Θεοῦ
755 3934 833 4008 μὴ
884 3936 1279 4007 ἐπιτρέπεσθαι
1325 3935 1368 4001 ι,
1404 3937 1499 3990 καὶ
1527 3937 1588 3990 τὸ
1637 3938 1935 3993 ἀποστόλου

2022 2119 2303 2184 Ecclesia,
2363 2126 2546 2173 certus
2608 2114 2895 2186 presbyter
2954 2111 3289 2167 constitutus
3332 2115 3454 2163 erat
3507 2109 3601 2177 qui

2021 2210 2418 2282 paenitentibus
2470 2214 2751 2279 praeesset.
2802 2205 2984 2261 Donec
3024 2193 3292 2275 fmatrona
3352 2200 3603 2271 quaedam

2023 2303 2248 2365 nobilis.
2284 2302 2355 2357 ob
2384 2308 2610 2372 peccata
2640 2314 2762 2369 quae
2798 2296 3053 2355 confessa
3100 2294 3298 2361 fuerat,
3338 2293 3495 2365 jussa
3537 2293 3606 2346 ab

2022 2395 2129 2451 hoc
2186 2395 2507 2465 presbytero
2564 2392 2846 2462 jejunare,
2912 2405 2977 2445 ac
3052 2387 3221 2444 Deum
3282 2383 3605 2456 suppliciter

2026 2500 2222 2550 orare;
2275 2482 2404 2537 dum
2441 2480 2605 2552 hujus
2643 2481 2724 2535 rei
2764 2493 2930 2535 causa
2979 2478 3037 2533 in
3076 2477 3309 2533 ecclesia
3357 2489 3605 2531 morare-

2026 2583 2139 2642 tur,
2190 2590 2219 2627 a
2250 2572 2484 2627 diacono
2530 2586 2590 2627 se
2639 2576 2944 2641 stupratam
3007 2582 3132 2623 esse
3166 2565 3427 2637 prodidit.
3484 2564 3608 2630 Quo

2028 2667 2269 2738 cognito,
2312 2664 2467 2735 plebs
2518 2662 2700 2718 omnis
2759 2660 3112 2716 vehementer
3153 2657 3493 2723 succensuit,
3540 2671 3607 2711 eo

2031 2759 2174 2830 quod
2210 2755 2551 2813 contumelia
2585 2755 2738 2808 illata
2766 2759 2912 2808 esset
2938 2749 3226 2806 ecclesiae:
3264 2762 3365 2804 nec
3402 2746 3610 2803 medio-

2031 2852 2107 2907 cri
2154 2850 2357 2920 probro
2398 2844 2634 2917 expositi
2681 2852 2840 2899 erant
2889 2842 3034 2898 sacri
3083 2840 3294 2897 ordinis
3337 2839 3464 2896 viri.
3503 2837 3610 2894 Ne-

2032 2942 2240 2997 ctarius
2267 2953 2427 3003 vero,
2461 2952 2583 2993 cum
2613 2935 2706 2991 diu
2739 2935 3083 3006 multumque
3109 2932 3420 2989 dubitasset
3448 2931 3611 3002 quid-

2034 3047 2158 3087 nam
2202 3031 2258 3084 in
2301 3029 2406 3084 hoc
2440 3029 2658 3098 negotio
2686 3024 2953 3097 agendum
2990 3030 3161 3089 esset,
3197 3038 3324 3079 eum
3359 3023 3452 3093 qui
3489 3028 3611 3077 stu-

1958 3155 2003 3216 c
2034 3138 2192 3194 prum
2232 3120 2554 3183 admiserat,
2603 3118 2896 3173 diaconatu
2951 3116 3125 3172 exuit.
3179 3114 3430 3185 Cumque
3477 3128 3613 3168 non-

2035 3215 2167 3268 nulli
2202 3212 2490 3267 consilium
2534 3208 2583 3266 ei
2626 3208 2931 3273 dedissent,
2978 3217 3039 3263 ut
3087 3206 3406 3277 unicuique,
3448 3210 3613 3276 prout

2034 3303 2136 3359 sibi
2183 3301 2448 3357 conscius
2498 3305 2665 3363 esset,
2722 3312 2787 3353 ac
2835 3297 3088 3353 ﬁduciam
3125 3296 3211 3353 sui
3264 3296 3510 3360 haberet,
3545 3296 3614 3350 ad

2033 3410 2318 3451 sacrorum
2368 3391 2757 3466 mysteriorum
2809 3391 3258 3446 communionem
3311 3389 3612 3445 accedendi

2030 3488 2256 3542 liberam
2286 3485 2491 3540 faceret
2520 3491 2844 3555 potestatem
2865 3523 2879 3548 ,
2909 3482 3287 3553 presbyterum
3315 3481 3409 3554 qui
3446 3496 3611 3552 agen-

2036 3580 2121 3635 dae
2160 3578 2500 3649 pmnitentiae
2523 3575 2854 3647 praepositus
2881 3583 3020 3640 erat,
3053 3574 3310 3629 abolevit.
3344 3573 3522 3647 Atque
3544 3589 3613 3629 ex

2038 3685 2106 3725 eo
2137 3677 2384 3739 tempore
2418 3667 2471 3722 id
2499 3667 2715 3722 ﬁrmum
2751 3679 2815 3719 ac
2855 3664 3051 3721 stabile
3085 3665 3241 3734 301
3276 3666 3610 3735 permansit;

2038 3767 2343 3825 vetustate,
2384 3758 2543 3829 eique
2588 3757 2850 3827 adjuncta
2891 3756 3160 3826 gravitate
3193 3770 3258 3810 ac
3298 3757 3611 3821 severitate,

2035 3851 2149 3922 jam
2194 3859 2332 3916 tum,
2366 3858 2425 3904 ut
2465 3850 2683 3920 Opinor,
2730 3849 2785 3904 in
2838 3848 3019 3903 laxam
3065 3863 3131 3901 ac
3171 3848 3494 3903 dissolutam
3528 3849 3612 3903 vi-

2043 3941 2215 3998 vendi
2247 3942 2519 3995 rationem
2555 3940 2820 4012 paulatim
2860 3940 3105 4009 delapsa.
3148 3937 3284 3992 Nam
3335 3948 3515 4008 antea,
3557 3948 3617 3995 ttt

1567 4057 1837 4127 VALESI!
1877 4058 2428 4127 ANNOTATIONES.

434 4150 546 4222 (26)
562 4151 806 4219 Ὁμοίως
841 4150 936 4204 ἐπὶ
972 4148 1079 4203 τοῦ
1114 4147 1376 4222 ἐδάφους
1416 4149 1635 4203 πίπτει.
1676 4149 1775 4204 Hic
1822 4167 1940 4206 mos

362 4219 484 4279 erat
534 4223 788 4277 Ecclesia:
842 4222 1120 4280 Romana}.
1172 4229 1232 4272 ut
1283 4219 1746 4288 episcopus,sese
1788 4222 1936 4276 hutni

367 4301 737 4363 prosterneret
770 4307 953 4363 coram
987 4289 1568 4363 pmttitentibtts,_tunc
1600 4306 1723 4345 cum
1764 4290 1940 4363 ptcni-

366 4360 590 4417 ientiam
619 4362 802 4416 dabat.
834 4361 1027 4417 Postea
1070 4374 1216 4420 vero,
1242 4360 1461 4427 quando
1484 4374 1578 4413 eos
1620 4361 1941 4414 reconcilia-

367 4436 480 4495 bat,
510 4433 762 4486 similiter
796 4448 853 4487 se
906 4429 1310 4495 prosternebat,
1357 4438 1417 4482 ut
1450 4430 1608 4484 docet
1661 4430 1807 4484 Ordo
1843 4429 1942 4483 lio-

366 4518 577 4564 manus,
606 4504 658 4555 in
697 4501 864 4556 Cmna
894 4498 1130 4554 Domini.
1165 4498 1267 4565 Qui
1301 4500 1438 4552 liber
1488 4500 1614 4554 licet
1643 4501 1813 4555 multo
1855 4517 1935 4554 re-

2042 4153 2117 4205 ita
2155 4152 2348 4206 scribit
2386 4149 2534 4206 Ordo
2564 4147 2847 4203 Romanus
2884 4165 2897 4201 :
2934 4145 3035 4201 Hic
3055 4162 3175 4216 ergo
3203 4144 3329 4198 dum
3360 4144 3618 4216 adipwni‘

2047 4222 2248 4275 tudinis
2278 4222 2537 4275 actionem
2568 4219 2729 4271 tantis
2757 4217 3022 4270 excitatur
3053 4215 3329 4283 exemplis,
3361 4215 3455 4269 sub
3487 4233 3614 4270 con-

2048 4302 2226 4360 spectu
2273 4290 2659 4360 ingentiscentis
2706 4286 2979 4360 Ecclesia,
3024 4286 3335 4342 venerabilis
3378 4288 3615 4355 pontifex

2041 4357 2364 4431 protestetur
2403 4370 2453 4414 et
2502 4359 2682 4414 dicit:
2731 4357 3049 4428 Iniquitates
3101 4373 3245 4410 meas
3279 4371 3372 4424 ego
3421 4372 3612 4427 cogno-

2043 4440 2368 4571 εαξέἧιέὖν
2435 4498 2723 4570 ὀλολυγῇ.
2758 4498 2948 4571 Magis
2977 4498 3155 4571 placet
3202 4496 3473 4566 scriptura
3525 4510 3616 4571 co-

366 4574 581 4648 cent_io_r
615 4573 684 4628 sit
708 4588 869 4648 quam
894 4570 1254 4648 Sozotnenus,
1287 4570 1520 4648 plurima
1553 4576 1730 4648 tamen
1760 4581 1942 4626 servat
1975 4587 2023 4648 ι)
2045 4567 2183 4648 dicis
2210 4567 2517 4648 Fttketiani,
2554 4567 2924 4648 συνομολογεῖ,
2956 4577 3064 4624 etc.
3096 4567 3292 4624 Decsse
3317 4577 3499 4620 tamen
3533 4567 3616 4620 vi-

371 4643 593 4711 vestigia
621 4637 964 4712 antiquitatis
1004 4642 1148 4695 illius
1174 4637 1337 4709 quain
1388 4639 1555 4694 refert
1582 4637 1936 4712 Sozomenus.

368 4710 553 4767 Primo
576 4713 722 4768 enim
760 4710 918 4779 ‘qttod
976 4712 1053 4765 ait
1100 4712 1464 4770 Sozomenus,
1497 4710 1834 4780 _episcopum
1874 4727 1939 4765 ex

370 4783 602 4852 adverso
659 4777 1039 4852 poenitentium
1087 4795 1401 4852 occurrere,
1461 4777 1513 4832 id
1541 4777 1759 4852 diserte
1811 4781 1943 4852 dicit

372 4851 517 4907 Ordo
542 4849 807 4908 Romanus
846 4852 931 4906 ltis
952 4852 1132 4906 verbis
1167 4869 1178 4904 :
1218 4849 1365 4904 Tunc
1397 4850 1662 4920 egreditur
1694 4851 1943 4917 paenitens

368 4922 434 4975 de
468 4922 581 4975 loco
610 4923 700 4975 ubi
733 4923 1090 4990 paenitentiam
1123 4922 1300 4991 gessit,
1348 4929 1405 4973 ut
1442 4922 1638 4987 gremio
1666 4931 1946 4988 prasente-

372 5002 462 5044 tur
519 4991 786 5048 Erclesitv.
828 4992 1049 5048 Sedente
1091 5002 1267 5045 autem
1310 4992 1555 5059 pontiﬁce
1603 5008 1697 5061 pro
1742 4991 1945 5058 [oribus

368 5064 621 5125 ecrlesiw,
646 5064 1010 5128 paenitentibus
1052 5064 1104 5115 in
1137 5062 1274 5116 atrio
1317 5061 1548 5115 ecclesitc
1579 5063 1782 5115 eminus
1829 5078 1947 5114 cum

371 5132 748 5186 archidiacono
791 5134 1006 5201 jussum
1055 5133 1201 5186 illius
1245 5132 1679 5200 pra'stolantibus
1738 5148 1756 5184 :
1797 5141 1945 5186 ante-

370 5220 526 5264 quam
564 5220 649 5256 eos
680 5205 889 5273 o/ferut,
922 5204 1153 5269 postulat
1204 5202 1607 5255 archidiaconus
1641 5201 1722 5254 Itis
1753 5201 1940 5254 verbis.

372 5273 478 5327 Ubi
523 5274 699 5326 obitur
756 5276 993 5336 notabis,
1027 5274 1274 5338 singulos
1312 5274 1641 5340 pmnilcntcs
1692 5285 1939 5327 seorsum

370 5344 518 5395 domi
568 5344 944 5410 pmnitentiant
995 5345 1192 5411 egisse.
1236 5342 1286 5395 id
1328 5343 1473 5409 quod
1513 5343 1674 5394 ιιιίιιιιι
1709 5357 1737 5411 a
1778 5340 1944 5393 Snzo-

372 5429 534 5467 meno
573 5413 659 5469 hic
682 5415 900 5470 dicitur.
933 5415 1002 5469 De
1025 5410 1223 5485 gemitu
1254 5427 1470 5482 quoque
1497 5413 1664 5467 totius
1690 5410 1946 5467 Ecclesiae

2045 4644 2207 4699 detur
2241 4642 2506 4713 particula
2529 4641 2900 4710 coniunctiva.

2118 4705 2559 4782 (28)'Ata.1290'gc
2574 4705 2698 4782 ᾲτῆν
2721 4709 3004 4780 τιμωρίαν
3020 4705 3131 4776 τῆς
3152 4706 3438 4782 ἁμαρτίας
3462 4707 3619 4760 ἀνίε-

2047 4776 2161 4838 ται.
2195 4776 2251 4839 ln
2280 4783 2469 4837 codice
2492 4776 2789 4837 Fuketiano
2830 4776 2952 4849 pust
2985 4793 3171 4849 vocem
3216 4776 3483 4849 τιμωρίαν
3523 4791 3622 4844 ap-

2049 4854 2225 4923 posita
2242 4864 2325 4909 est
2345 4854 2574 4923 virgula.
2603 4846 3095 4923 Eatndetnquoqtte
3123 4846 3620 4923 interpttnctionetn

2051 4916 2337 4979 conﬁrmat
2372 4916 2711 4993 Nicepltortts
2741 4921 2794 4993 in
2832 4916 2969 4971 libro
2986 4917 3336 4993 duodecimo,
3369 4931 3489 4993 cap.
3526 4916 3617 4969 ‘28.

2124 4995 2234 5064 (29)
2277 4986 2688 5064 Νυμορετῆσαι
2706 4991 2810 5064 τὰς
2831 4989 3137 5064 γυναῖκας.
3164 4986 3424 5064 I_ntelligit_
3449 4988 3620 5064 legent

2052 5056 2382 5118 Ξτϐοειίυἰε
2421 5056 2808 5123 Tltcndosiaui,
2840 5056 2928 5112 De
2957 5057 3228 5127 episcopis
3274 5065 3327 5110 et
3380 5056 3620 5117 clericis,

2049 5149 2170 5204 qua}
2197 5134 2276 5188 sit:
2304 5134 2464 5204 habet
2494 5130 2706 5204 :Nulla
2739 5130 2849 5204 nisi
2874 5129 3099 5182 emensis
3131 5127 3404 5204 sexaginta
3438 5127 3620 5190 annis,

2050 5199 2134 5257 cui
2180 5205 2348 5258 votiva
2394 5203 2537 5255 domi
2586 5200 2755 5268 proles
2803 5199 2913 5263 sit,
2973 5201 3256 5251 secundum
3305 5205 3622 5268 pravceptutn

2051 5272 2313 5339 Apostoli,
2364 5273 2430 5326 ad
2470 5266 2896 5326 diaconissarum
2959 5269 3282 5321 consortium
3327 5266 3620 5336 transfera—

2055 5355 2162 5409 tur,
2192 5353 2297 5399 etc.

1814 5512 2197 5573 VAliiORUM.

451 5610 469 5651 ι
515 5614 833 5666 Διακονίαν
881 5612 1027 5666 Θεοῦ
1063 5611 1147 5681 μὴ
1191 5611 1629 5679 ἐπιτρέπεσθαι.
1669 5609 1938 5665 Jttstittia-

376 5699 504 5745 nus,
536 5683 740 5737 Novell.
786 5683 908 5745 4‘25,
955 5698 1077 5750 t-ap.
1121 5685 1220 5741 l5,
1276 5683 1526 5750 praecipit
1570 5682 1939 5735 diaconissam

376 5768 487 5807 non
522 5754 761 5806 ordinari
815 5754 865 5805 in
918 5763 1103 5805 sancta
1155 5753 1432 5815 Ecclesia,
1483 5768 1600 5818 qua:
1642 5752 1817 5803 minor
1860 5757 1944 5803 est

378 5838 648 5875 annorum
703 5822 1099 5891 quadraginta,
1147 5831 1241 5875 aut
1282 5823 1347 5875 ad
1400 5820 1668 5875 set-undas
1723 5819 1942 5891 nuptias

379 5893 610 5949 vcacrit.
648 5890 729 5948 De
749 5890 1090 5953 ordinatione
1129 5910 1222 5949 scu
1265 5892 1642 5949 benedictione
1682 5890 1950 5945 tlittcutt'tsv

2048 5624 2254 5672 sarum,
2296 5609 2471 5677 deque
2511 5606 2681 5661 variis
2715 5612 2769 5662 et
2803 5599 3198 5677 multiplicibus
3229 5611 3417 5677 earum
3456 5596 3623 5650 mini-

2051 5665 2253 5745 steriis,
2285 5665 2456 5733 muita
2486 5677 2691 5748 profert
2715 5665 3061 5748 erantin-uis
3100 5666 3353 5748 Patrilnts
3374 5665 3619 5721 Joannes

2053 5738 2334 5848 ltlnrint'ts,3
2382 5750 2453 5803 De
2486 5738 2671 5802 'sacris
2704 5738 3158 5803 ordinatibnibus,
3210 5744 3347 5803 part.
3388 5752 3462 5801 ιη,
3499 5752 3618 5808 pag.

2057 5823 2074 5848 Ι
2098 5822 2154 5848 ιτ
2219 5824 2232 5848 Ι
2255 5820 2315 5848 ΑΟ

2056 5822 2178 5881 M7,
2219 5820 2334 5873 MOE
