4066 6338
570 378 706 436 U67

2024 380 2368 439 SOZOMENI

3607 381 3703 440 ΗΕΒ

563 511 733 569 quam
771 497 982 570 peritus
1020 498 1146 555 sim.
1185 496 1291 555 Per
1342 499 1488 554 idem
1540 498 1659 556 fere
1709 507 1955 572 tempus,
2003 501 2144 558 inter

2255 503 2501 576 διάφορος
2550 498 2659 575 ἦν,
2716 500 3065 574 προκριθέντι
3120 496 3424 569 προεστάναι
3468 498 3550 568 τῆς
3583 501 3710 555 αὑτῶν

563 589 802 646 Arianos
848 605 1068 660 quoque
1097 589 1574 659 Constantinopoli
1613 590 1876 661 degentes
1914 591 2148 664 quaestio

565 687 758 736 exorta
788 686 874 735 est
919 688 1126 744 utrum,
1162 688 1460 750 antequam
1515 677 1691 736 Filius
1737 689 1918 748 esset,
1972 680 2148 751 siqui-

564 771 690 827 dem
721 771 874 826 illum
901 785 970 827 ex
1000 770 1172 825 nihilo
1201 779 1384 826 ortum
1413 787 1537 828 esse
1561 772 1833 826 allii-ruant
1854 810 1870 835 ,
1902 771 2148 841 potuerit

565 859 714 915 Deus
751 860 1015 931 appellari
1064 860 1246 916 Pater.
1288 861 1368 917 Ac
1405 861 1715 919 Dorotheus
1752 863 2009 933 quidem,
2048 863 2144 934 qui

564 949 861 1005 Antiochia
893 951 1105 1009 accitus
1138 954 1194 1008 in
1226 954 1406 1009 locum
1438 954 1669 1018 Marini,
1699 955 1920 1011 Arianis
1950 956 2142 1026 praesi-

565 1039 762 1106 debat,
789 1055 915 1096 cum
952 1057 1152 1098 nomen
1187 1043 1332 1099 istud
1366 1045 1654 1100 relativum
1691 1046 1800 1112 sit,
1839 1053 2140 1116 antequam

566 1130 742 1189 Filius
781 1133 1146 1200 subsisteret,
1191 1136 1360 1192 Deum
1392 1153 1501 1192 non
1534 1138 1786 1208 potuisse
1817 1139 2001 1193 vocari
2037 1137 2143 1192 Pa-

567 1231 707 1280 trem
737 1226 1135 1295 pronuntiavit.
1172 1225 1420 1283 Marinus
1448 1243 1578 1282 vero
1612 1231 1958 1284 contrarium
1989 1243 2146 1285 asse-

561 1313 710 1382 ruit,
741 1323 795 1370 et
824 1315 1043 1371 Patrem
1072 1333 1293 1389 semper
1325 1333 1446 1375 esse
1491 1319 1706 1375 Patrem
1730 1360 1745 1383 ,
1791 1321 1956 1375 etiam
2007 1321 2145 1375 Filio

561 1423 674 1463 non
725 1409 1087 1474 subsistente,
1139 1413 1358 1466 censuit
1403 1431 1418 1467 :
1471 1428 1571 1469 seu
1629 1413 1774 1482 quod
1827 1427 2018 1468 revera
2069 1413 2144 1468 ita

562 1501 828 1565 sentiret,
869 1517 966 1557 seu
998 1503 1127 1571 quia
1167 1503 1416 1559 infensus
1453 1514 1575 1559 erat
1615 1504 1926 1570 Dorotheo,
1958 1507 2051 1574 qui
2089 1506 2144 1562 in

563 1593 917 1665 gubernanda
955 1595 1283 1651 Arianorum
1319 1596 1567 1652 Ecclesia
1615 1597 1721 1667 ipsi
1762 1599 2028 1668 praelatus
2058 1615 2146 1655 es-

563 1690 670 1740 set.
701 1681 856 1739 Hanc
890 1685 961 1740 ob
1015 1699 1241 1741 causam
1297 1686 1451 1756 plebs
1504 1684 1843 1741 Arianorum
1899 1688 1956 1742 in
2005 1689 2143 1745 duas

564 1785 750 1846 partes
781 1779 960 1834 divisa
993 1785 1100 1834 est.
1132 1777 1383 1846 Cumque
1412 1778 1721 1834 Dorotheus
1753 1795 1860 1834 una
1894 1795 2022 1834 cum
2057 1796 2145 1836 se-

563 1868 868 1924 ctatoribus
910 1869 1065 1930 suis.
1121 1868 1176 1922 in
1229 1869 1480 1924 ecclesiis
1547 1883 1689 1938 quas
1761 1879 2136 1942 occupaverat
2173 1846 2216 1899 Β

563 1967 944 2028 permaneret,
972 1958 1026 2014 hi
1055 1959 1150 2030 qui
1181 1973 1308 2013 cum
1340 1957 1552 2014 Marino
1578 1968 1769 2027 erant,
1801 1961 2140 2018 constructis

565 2049 691 2104 aliis
739 2050 1023 2114 ecclesiis,
1064 2051 1366 2122 separatim
1399 2060 1710 2107 conventus
1742 2062 1996 2123 egerunt.
2031 2053 2142 2109 Vo-

567 2140 842 2196 cabantur
869 2149 1056 2197 autem
1099 2142 1192 2198 isti
1236 2142 1626 2214 Psathyriani,
1680 2144 1766 2200 vel
1814 2142 2138 2202 Gothorum.

563 2230 907 2304 Psathyriani
941 2234 1200 2303 quidem,
1251 2243 1550 2306 propterea
1593 2235 1742 2307 quod
1788 2234 2141 2294 Theoctistus

561 2323 788 2394 quidam
822 2323 1248 2396 Psathyropola,
1296 2334 1381 2382 est
1413 2327 1518 2382 hoc
1546 2327 1754 2397 Popani
1802 2343 2005 2399 genus,
2040 2345 2142 2399 pro

565 2417 668 2472 hac
709 2417 969 2486 opinione
1014 2418 1215 2474 acriter
1243 2419 1584 2488 decertaret;
1625 2419 1930 2477 Gothorum
1972 2438 2138 2490 vero,

561 2520 628 2558 eo
656 2504 804 2574 quod
847 2503 1034 2559 Selina
1083 2505 1389 2563 Gothorum
1429 2509 1767 2580 episcopus,
1819 2510 1964 2566 idem
2015 2527 2140 2568 cum

563 2596 696 2664 ipsis
731 2598 982 2654 sentiret.
1016 2596 1220 2656 Omnes
1270 2601 1416 2656 enim
1468 2603 1864 2672 propemodum
1917 2605 2141 2662 barbari

563 2687 711 2742 hunc
741 2701 1071 2758 sequentes,
1103 2706 1228 2745 cum
1274 2691 1397 2748 istis
1447 2693 1712 2749 collectas
1757 2694 2138 2753 celebrabant.

565 2781 763 2835 Selium
793 2784 1310 2854 quippe-parebant
1359 2785 1756 2852 libentissime,
1802 2796 1996 2858 utpote
2040 2789 2137 2860 qui

561 2877 917 2935 amanuensis
963 2890 1018 2932 et
1074 2889 1370 2935 successor
1400 2876 1596 2932 fuisset
1626 2875 1858 2950 Ulphila:
1894 2880 2140 2950 ipsorum

560 2971 836 3042 quondam
873 2973 1117 3042 episc0pi
1138 3015 1154 3036 ,
1193 2982 1249 3028 et
1283 2972 1515 3028 idoneus
1553 2981 1701 3028 esset
1734 2973 1798 3027 ad
1831 2973 2138 3029 docendum

562 3063 822 3131 populum
856 3062 911 3117 in
963 3062 1239 3130 ecclesia,
1292 3077 1404 3117 non
1451 3063 1631 3118 solum
1677 3063 1852 3133 patria
1895 3065 2138 3135 ipsorum

2247 595 2599 664 Ἐκκλησίας.
2630 593 2726 648 Ἐκ
2766 592 2972 662 ταύτης
3001 591 3058 644 δέ
3088 589 3184 659 τῆς
3215 588 3405 653 αίτίας,
3429 589 3493 652 είς
3521 590 3709 661 ἑκάτερον

2245 685 2487 758 διεκρίθη
2517 686 2579 739 τὸ
2608 686 2828 756 πλῆθος.
2865 683 3140 755 Δωροθέου
3175 682 3232 735 δὲ
3259 681 3347 734 σὺν
3371 682 3467 743 τοῖς
3496 680 3613 749 αὺτῷ
3635 698 3719 739 πει..

2247 777 2495 848 θομένοις
2512 778 2596 848 ἐφ’
2625 771 2700 832 ὧν
2723 778 2975 846 κατεῖχεν
2993 774 3290 844 εὐκτηρίων
3323 771 3468 824 οἴκων
3487 772 3714 841 μείναντος,

2245 867 2464 939 ἐτέρους
2498 868 2952 939 οἰκοδομήσαντες
2988 867 3038 920 οί
3090 863 3234 934 ἀμφὶ
3269 864 3511 932 Μαρῖνον,
3537 862 3620 932 ἰδίᾳ
3651 864 3717 916 ἐκ·

2244 957 2558 1027 κλησίαζον.
2606 956 3052 1030 Ἐπωνομάζοντο
3097 955 3156 1008 δέ
3183 953 3486 1024 ψαθύριανοὶ
3513 954 3607 1023 ἢτοι
3643 955 3719 1005 τῶν

2244 1049 2458 1106 Γότθων
2489 1067 2503 1080 ⁸
2537 1051 2600 1104 τδ
2636 1052 2734 1121 μὲν
2783 1052 2864 1105 ὅτι
2909 1047 3228 1109 Θεόκτιστός
3282 1063 3360 1109 τις
3397 1043 3721 1116 Ψαθυροπώλτ,ς

2244 1143 2490 1196 ποπάνου
2515 1144 2572 1197 δὲ
2595 1143 2754 1197 τοῦτο
2779 1143 2842 1196 τὸ
2874 1139 3059 1210 εἶδος),
3082 1137 3366 1211 προθύμως
3386 1137 3534 1207 ταύτῃ
3553 1141 3606 1205 τῇ
3631 1137 3722 1207 δέξῃ

2247 1235 2551 1289 συνίστατο.
2585 1235 2794 1290 Γότθων
2829 1234 2908 1296 δὲ,
2957 1232 3144 1286 καθότι
3176 1232 3266 1283 καὶ
3314 1229 3506 1291 Σελίνας
3528 1230 3552 1280 ὁ
3572 1228 3724 1280 τούτων

2247 1327 2564 1392 ἐπίσκοπος,
2598 1327 2800 1398 ὁμοίως
2858 1324 3130 1389 ἐδόξαζεν.
3170 1321 3662 1390 Ἔπακολουθήσαντες
3686 1318 3728 1372 δὲ

2243 1417 2416 1486 τούτῳ
2439 1418 2624 1486 σχεδὸν
2650 1418 2847 1479 πάντες
2882 1415 3168 1487 βάρϐαροι,
3194 1413 3288 1466 σὺν
3316 1412 3476 1474 αὐτοῖς
3502 1409 3727 1478 ἐκκλησία-

2245 1506 2357 1571 ζον.
2390 1507 2664 1578 Πειθήνιοι
2694 1507 2802 1578 γάρ
2829 1508 2887 1569 ἐς
2914 1505 2982 1560 τὰ
3015 1505 3252 1576 μάλιστα
3271 1502 3344 1571 τῷ
3365 1499 3536 1568 Σελίνῳ
3558 1499 3730 1567 ἐτύγχα-

2244 1617 2356 1662 νον,
2381 1600 2689 1671 ύπογραφεῖ
2711 1616 2771 1651 τε
2802 1597 3080 1668 γενομένῳ
3105 1597 3200 1650 καὶ
3223 1592 3433 1662 διαδόχῳ
3451 1590 3646 1660 Οὺλφίλα
3661 1589 3731 1642 τοῦ

2247 1689 2378 1760 παρ’
2439 1690 2623 1753 αὐτοῖς
2679 1689 3152 1757 ἐπισκοπήσαντος
3177 1728 3194 1752 ,
3246 1685 3335 1738 καὶ
3381 1683 3465 1736 ἐπὶ
3510 1681 3736 1750 ἐκκλησίας

2249 1777 2416 1849 ἱκανῷ
2462 1778 2754 1842 διδάσκειν,
2788 1779 2849 1831 οὐ
2893 1778 3052 1848 μόνον
3080 1775 3224 1830 κατὰ
3269 1774 3361 1845 τὴν
3391 1774 3585 1844 πάτριον
3605 1770 3736 1823 αὐτῶν

2247 1867 2450 1937 φωνὴν,
2481 1867 2616 1922 ἀλλὰ
2663 1867 2768 1938 γὰρ
2822 1867 2916 1920 καὶ
2957 1866 3057 1938 τὴν
3106 1864 3392 1936 Ἑλλήνων.
3427 1863 3492 1916 Οὐ
3536 1858 3675 1927 πολλῷ
3700 1859 3741 1914 δὲ

2248 1959 2472 2030 ὕστερον
2509 1959 2773 2029 διαφορᾶς
2794 1961 2923 2030 περὶ
2952 1957 3245 2030 προεδρίας
3277 1955 3548 2026 γενομένης
3566 1950 3740 2023 Μαρίνῳ

2247 2051 2383 2123 πρὸς
2424 2052 2706 2119 Ἀγάπιον,
2733 2053 2792 2105 ὃν
2831 2052 3127 2104 ἐπίσκοπον
3164 2048 3275 2102 τῶν
3312 2049 3366 2099 ἐν
3405 2045 3588 2114 Ἐφέσῳ
3606 2041 3743 2112 ὁμοδό-

2247 2143 2354 2211 ξων
2386 2144 2760 2216 ἐχειροτόνησε
2783 2184 2798 2206 ,
2831 2141 3206 2214 διακριθέντες
3251 2139 3499 2210 ἀλλήλων,
3530 2133 3746 2206 μονονουχὶ

2246 2235 2382 2304 πρὸς
2431 2237 2572 2304 σφᾶς
2623 2235 2944 2305 ἐπολέμουν,
2977 2233 3366 2305 ἐπαμυνόντων
3413 2226 3627 2297 Ἀγαπίῳ
3669 2225 3746 2278 τῶν

2245 2326 2480 2380 Γότθων.
2515 2327 2610 2380 Ἐκ
2634 2327 2840 2398 ταύτης
2867 2325 2925 2379 δὲ
2957 2325 3058 2396 τῆς
3097 2323 3296 2387 αἰτίας,
3326 2320 3530 2389 λέγεται
3577 2315 3746 2375 πολλοὺς

2245 2417 2355 2470 τῶν
2375 2416 2562 2470 ἐνθάδε
2591 2416 2889 2489 κληρικῶν,
2921 2413 3302 2486 μεμφομένους
3325 2412 3419 2482 τὴν
3443 2409 3543 2463 τῶν
3570 2403 3750 2477 ἡγουμέ-

2245 2525 2352 2562 νων
2410 2507 2748 2578 φιλοτιμίαν,
2801 2509 2866 2577 τῇ
2928 2505 3156 2559 καθόλου
3230 2499 3513 2569 Ἐκκλησία
3548 2497 3750 2563 κοινωνῆ-

2248 2615 2358 2650 σαι.
2387 2591 2517 2651 ΊΓΩδε
2552 2596 2648 2667 μὲν
2681 2596 2952 2668 Ἀρειανοὶ
2977 2595 3075 2667 τὴν
3102 2593 3280 2667 ἀρχὴν
3312 2589 3666 2663 ἐχωρίσθησαν,
3685 2585 3754 2638 καὶ

2247 2692 2414 2746 εἰσέτι
2437 2689 2531 2744 νῦν
2559 2691 2616 2743 ἐν
2646 2685 2736 2753 αἷς
2775 2691 2880 2741 είσι
2921 2687 3182 2757 πόλεσιν,
3225 2685 3330 2755 ἰδία
3368 2677 3748 2750 ἐκκλησιάζουσιι

2245 2786 2372 2848 τοὺς
2424 2784 2482 2838 δὲ
2526 2783 2583 2837 ἐν
2631 2779 3232 2841 Κωνσταντινουπόλει,
3258 2777 3350 2830 ἐπὶ
3397 2775 3655 2844 τριάκοντα
3689 2765 3756 2820 καὶ

2249 2875 2408 2928 πέντε
2453 2872 2596 2926 ἔτεσι
2627 2871 2999 2942 διενεχθέντας
3045 2870 3184 2941 πρὸς
3242 2869 3409 2938 σφᾶς,
3439 2867 3523 2929 ἐἰς
3562 2862 3757 2932 ὁμόνοιαν

2249 2964 2475 3036 ὕστερον
2511 2963 2748 3033 συνῆψεν
2797 2963 3055 3033 ὁμόδοξος
3099 2962 3178 3016 ὢν
3222 2961 3406 3023 αὐτοῖς
3430 2951 3760 3021 Πλινθᾶςῶὸλι

2249 3058 2388 3128 ἀνὴρ
2420 3055 2683 3118 ὑπατικὸς
2703 3055 2868 3107 ἵππου
2895 3071 2954 3106 τε
2985 3054 3078 3108 καὶ
3112 3054 3285 3124 πεζῆς
3317 3051 3557 3122 στρατιᾶς
3573 3042 3760 3116 ἡγεμὼν,

562 3156 744 3224 lingua
767 3193 782 3218 ,
815 3169 1007 3209 verum
1035 3155 1199 3209 etiam
1227 3153 1440 3210 Graeca.
1468 3155 1742 3210 Caeterum
1781 3155 1927 3210 haud
1969 3159 2140 3213 multo

2255 3151 2618 3211 δυνατώτατος
2657 3147 2776 3200 τότε
2816 3147 2874 3200 ἐν
2922 3147 3036 3209 τοῖς
3089 3144 3384 3216 βασιλείοις
3420 3137 3650 3210 γεγονώς.
3681 3135 3765 3188 Καὶ

563 3253 686 3314 post
716 3253 837 3300 orta
869 3245 937 3300 de
968 3245 1204 3316 primatu
1241 3247 1622 3301 controversia
1674 3246 1818 3302 inter
1866 3246 2140 3302 Marinum

561 3345 616 3391 et
649 3336 916 3406 Agapium
939 3375 954 3400 ,
986 3351 1149 3406 quem
1181 3335 1429 3392 Marinus
1457 3346 1619 3392 sectae
1649 3352 1764 3392 suae
1789 3337 1932 3406 apud
1967 3337 2147 3408 Ephe-

563 3443 686 3481 sum
716 3429 1034 3498 episcopum
1070 3428 1465 3494 ordinaverat;
1511 3443 1543 3482 a
1587 3444 1648 3484 se
1677 3429 1912 3483 invicem
1958 3445 2148 3498 segre-

2245 3247 2326 3307 είς
2356 3242 2553 3296 ταύτὸν
2590 3240 2950 3303 συνελθόντες,
2992 3239 3332 3308 ἐψηφίσαντο
3361 3237 3432 3307 μή
3469 3249 3584 3287 ποτε
3610 3228 3765 3295 ταύτην

2247 3336 2346 3406 τὴν
2379 3334 2604 3404 ζήτησιν
2639 3332 2718 3394 είς
2748 3329 2979 3394 διάλεξιν
3007 3330 3183 3398 ἄγειν.
3221 3330 3333 3384 Καὶ
3364 3327 3431 3380 τὰ
3460 3326 3568 3396 μὲν,
3592 3319 3766 3388 ὕστερον

2252 3420 2354 3480 ὧδε
2381 3423 2584 3494 ἀπέϐη.

3907 2246 3909 2392 l

562 3519 708 3588 gati,
741 3519 944 3574 bellum
1002 3519 1414 3589 quodammodo
1482 3519 1628 3575 inter
1677 3534 1737 3576 se
1779 3531 2111 3591 gesserunt,
2173 3519 2364 3577 Gothis
2417 3515 2624 3586 Agapio
2666 3513 2933 3568 auxilium
2989 3510 3327 3567 ferentibus.
3379 3509 3495 3576 Qua
3544 3505 3603 3561 de
3641 3509 3769 3554 causa

563 3613 769 3668 multos
799 3614 892 3681 qui
939 3613 1052 3668 illic
1090 3591 1251 3668 erant
1306 3614 1560 3680 clericos,
1619 3615 1916 3684 praesulum
1981 3631 2208 3672 suorum
2249 3610 3020 3674 ambiionem'damnantes,
3097 3606 3167 3662 ad
3224 3605 3487 3662 Ecclesiae
3547 3596 3772 3656 catholiw

563 3704 1001 3758 communionem
1046 3705 1335 3761 transiisse
1386 3705 1591 3761 ferunt.
1657 3706 1814 3764 Hunc
1869 3708 1924 3762 in
1977 3709 2197 3763 modum
2224 3705 2412 3762 Ariani
2475 3705 2621 3758 inter
2655 3717 2714 3757 se
2772 3703 3010 3772 primum
3061 3699 3229 3756 divisi
3272 3706 3436 3780 sunt,
3481 3705 3534 3751 et
3566 3693 3625 3748 ad
3663 3689 3772 3785 inille

563 3808 736 3863 usque
767 3795 912 3850 diem
983 3795 1038 3851 in
1081 3797 1149 3852 iis
1180 3813 1319 3867 quas
1368 3798 1618 3853 incolunt
1659 3797 1977 3857 civitatibus
2014 3799 2305 3870 separatim
2337 3797 2693 3865 colliguntur.
2729 3793 2836 3848 Eos
2871 3808 3000 3848 vero
3026 3792 3122 3862 qui
3167 3800 3303 3849 sunt
3333 3777 3772 3876 Constantinopoli.

563 3902 688 3942 cum
745 3888 989 3958 quinque
1034 3904 1100 3943 ac
1169 3889 1395 3960 triginta
1447 3905 1718 3946 annorum
1773 3892 1953 3962 spatio
2027 3893 2171 3947 inter
2227 3905 2287 3946 se
2349 3887 2780 3949 dissensissent,
2835 3885 2891 3940 in
2950 3883 3307 3940 concordiam
3374 3888 3556 3954 postea
3608 3871 3775 3930 reduxil

563 3975 802 4042 Plintha,
851 3994 919 4034 ex
982 3979 1249 4044 consule,
1305 3981 1567 4050 magister
1633 3983 1923 4052 utriusque
1985 3981 2215 4045 militiai,
2253 3979 2347 4051 qui
2393 3988 2509 4034 tum
2560 3976 2824 4046 temporis
2875 3976 2931 4030 in
2993 3975 3200 4046 palatio
3253 3975 3544 4044 plurimum
3590 3970 3774 4040 poterat.

561 4072 739 4142 Atque
799 4073 878 4129 illi
943 4089 1071 4130 mox
1125 4074 1179 4128 in
1233 4088 1405 4130 unum
1457 4077 1806 4146 congregati,
1858 4076 2222 4133 decreverunt
2301 4073 2584 4129 communi
2651 4069 2948 4142 sullragio,
3010 4085 3080 4125 ne
3144 4071 3278 4140 quis
3321 4081 3555 4139 unquam
3611 4061 3668 4117 dc
3702 4057 3776 4111 hac

561 4169 862 4242 quastione
909 4169 1235 4241 disputaret.
1293 4170 1360 4226 Et
1406 4171 1522 4226 haec
1561 4171 1784 4242 quidem
1834 4180 2025 4244 postea
2055 4173 2201 4228 hunc
2239 4169 2447 4226 exitum
2488 4166 2824 4222 habuerunt.

1076 4282 1241 4356 θοι
1277 4283 1432 4340 CAP.
1460 4283 1628 4342 xvu.

567 4396 844 4465 Quomodo
878 4395 1170 4450 Novatiani
1194 4397 1358 4449 aliam
1386 4397 1661 4461 hwresim,
1689 4396 2143 4451 Sabbatianorum

635 4467 871 4531 scilicet,
898 4467 1220 4538 con/larunt.
1265 4466 1397 4538 Item
1421 4468 1483 4538 de
1513 4467 1712 4538 synodo
1743 4468 1892 4538 Aapud
1936 4466 2147 4538 Sanga-

637 4553 780 4603 mm,
813 4547 862 4591 et
899 4537 962 4590 de
1013 4538 1146 4605 festo
1172 4536 1256 4590 die
1283 4536 1509 4592 Pascha:
1531 4536 1688 4608 longa
1717 4536 1999 4610 digressio.

681 4733 938 4804 Ejusdem
1007 4732 1362 4802 imperatoris
1435 4734 1776 4804 temporibus
1848 4734 2141 4793 Novatiani

564 4840 785 4895 quoque
812 4825 878 4879 de
909 4823 1162 4880 Paschali
1208 4823 1350 4880 festo
1397 4824 1542 4878 inter
1587 4840 1649 4880 se
1687 4825 2021 4882 dissidentes
2045 4827 2127 4881 al-

563 4927 738 4974 teram
776 4926 1004 4986 sectam,
1058 4933 1252 4973 eorum
1312 4917 1408 4989 qui
1481 4917 1805 4974 Sabbatiani
1857 4919 2141 4989 dicuntur,

2176 4614 2223 4671 ι)
2321 4601 2807 4673 διεξοδικώτερον
2850 4601 3151 4673 διήγησις.

2834 4277 3083 4333 ΚΕΦΑΛ.
3135 4277 3248 4331 1Η’.

2249 4395 2374 4450 Ὅτι
2415 4394 2513 4467 καὶ
2557 4393 2916 4467 Ναυατιιικοὶ
2946 4392 3155 4459 ἑτέραν
3201 4393 3444 4467 αἵρεσιν
3475 4381 3779 4467 ῑίῶνθΣαξῖα·

2321 4464 2542 4520 nar-(Br
2590 4455 3087 4529 avreaniaarto'
3120 4463 3218 4515 καὶ
3260 4455 3406 4528 lupi
3447 4455 3781 4529 tﬁC_é’:_f‘-‘GT'

2320 4536 2480 4606 γάρῳ
2502 4534 2778 4606 ,συνόδου
2799 4551 2812 4564 ο
2838 4523 2944 4606 καὶ.
2961 4533 3091 4600 περὶ
3115 4531 3225 4601 τῆς
3256 4523 3474 4600 ἑορτῆς
3495 4523 3592 4582 τοῦ
3618 4523 3783 4588 Πάσχα

2335 4743 2458 4795 Ἐπὶ
2495 4741 2552 4794 δὲ
2583 4741 2684 4812 τῆς
2726 4739 3008 4811 παρούσης
3029 4739 3355 4810 ⁴ἡγεμονίας,
3386 4737 3483 4792 καὶ
3512 4726 3785 4829 Ναυατιανοὶ

2251 4833 2391 4904 πρὸς
2414 4835 2554 4902 σφᾶς
2581 4832 2945 4903 διενεχθέντες
2985 4833 3114 4903 περὶ
3145 4832 3246 4903 τῆς
3288 4827 3599 4901 Πασχαλίας
3621 4825 3786 4892 ἑορτῆς.

2251 4925 2443 4997 ἐτέραν
2491 4924 2702 4996 αἵρεσιν
2751 4923 2859 4978 τῶν
2905 4923 3263 4997 καλουμένων
3306 4917 3677 4977 Σαϐσατιανῶν
3700 4928 3790 4964 συν·

1756 5101 2027 5158 VALESII
2064 5101 2617 5160 ANNOTATIONES.

640 5275 762 5348 (35)
804 5279 1088 5345 Πλινθᾶς.
1135 5278 1236 5335 Hic
1266 5288 1349 5335 est
1386 5278 1630 5349 quicum
1675 5277 1927 5334 Monaxio
1950 5278 2146 5334 consul

570 5347 672 5402 fuit
705 5365 852 5404 anno
882 5351 1090 5406 Natalis
1144 5347 1417 5405 Dominiei
1447 5351 1571 5405 M9.
1629 5349 1828 5405 Nescio
1886 5365 1955 5403 an
2003 5349 2145 5405 idem

568 5419 658 5473 ille
701 5423 808 5482 sit,
853 5423 918 5475 de
961 5437 1070 5489 quo
1113 5420 1463 5476 Marcellinus
1506 5419 1707 5474 Comes
1759 5421 1812 5474 in
1861 5419 2146 5486 Chronico,

569 5504 714 5543 anno
743 5491 948 5546 Christi
983 5491 1108 5553 M8,
1134 5493 1207 5544 ita
1237 5491 1428 5544 scribit
1465 5508 1480 5545 :
1525 5490 1746 5544 Plintha
1777 5506 1950 5544 comes
1982 5491 2149 5543 idem-

569 5575 666 5626 que
697 5559 944 5624 rebellio,
989 5565 1126 5627 apud
1164 5561 1510 5615 Palwstiuam
1563 5563 1888 5626 provinciam
1952 5560 2148 5614 delatus

569 5638 674 5684 est.
720 5631 1005 5696 Quomodo
1054 5633 1199 5686 enim
1237 5632 1430 5701 consul
1475 5647 1596 5686 esse
1626 5633 1799 5701 potuit
1845 5646 1992 5684 anno
2025 5631 2145 5701 illi,

571 5701 618 5772 si
665 5702 950 5772 superiore
982 5716 1126 5755 anno
1167 5701 1380 5757 deletus
1414 5700 1588 5772 fuerat
1624 5700 1784 5772 atque
1815 5700 2148 5772 oppressus?

575 5767 683 5840 ᾼιιι
717 5767 888 5836 igitur
931 5773 1222 5826 dicendum
1267 5779 1350 5826 est
1408 5767 1901 5825 Plintham'illniir
1943 5771 2035 5839 qui
2088 5769 2142 5822 in

578 5835 867 5894 Palaestina
907 5858 993 5898 res
1022 5858 1188 5901 novas
1219 5842 1439 5899 molitus
1482 5850 1565 5899 est
1613 5857 1756 5897 anno
1796 5841 1922 5908 .ll8,
1963 5835 2142 5896 diver-

2256 5299 2375 5354 sum
2431 5298 2554 5338 esse
2611 5298 2642 5336 a
2697 5280 2922 5354 Plintha
2971 5276 3201 5334 consule
3246 5290 3264 5326 :
3301 5280 3425 5354 "aut
3469 5265 3789 5354 Μοτςεμξιξξιξξξ

2256 5334 2642 5408 defectionem
2680 5334 2804 5419 eius
2830 5334 3124 5422 perperam
3170 5345 3611 5422 rclulisseﬁlffm
3635 5334 3791 5422 (ξδξίξβ

2256 5423 2382 5494 418.
2423 5424 2540 5494 Nisi
2575 5410 3329 5494 forte,(licamus__Pl_inthanl
3391 5410 3681 5494 rebellﬁSS§

2259 5493 2379 5547 dem
2409 5494 2465 5564 in
2496 5492 2787 5564 Palgrstinu
2812 5507 2956 5564 anno
2978 5487 3188 5564 Chriin
3218 5483 3354 5564 -il§,
3386 5480 3796 5564 victurnlqllgnt’ji‘c

2260 5540 2923 5626 avi-lucibus-vll‘licodosii;
2960 5559 3054 5615 sed
3101 5572 3222 5611 cum
3270 5553 3423 5606 vires
3457 5553 3645 5626 iterum
3664 5540 3793 5626 rolle-

2260 5615 2835 5703 gissctppaceni'cum
2853 5615 2930 5686 eo,
2959 5630 3183 5703 factum,
3229 5633 3288 5679 et
3317 5615 3791 5703 consulatus-bouis

2259 5689 2370 5756 rem
2409 5689 2457 5757 ci
2487 5689 2746 5757 'delatum
2783 5716 2906 5758 esse
2936 5717 2965 5754 a
2999 5689 3270 5769 principe.
3313 5693 3505 5764 Atque
3542 5689 3673 5744 banc
3701 5694 3798 5737 scn-

2258 5773 2485 5828 tentiam
2518 5775 2789 5830 veriorem
2827 5780 2984 5844 puto.
