4066 6338
333 384 457 444 li”

1232 379 1565 440 HISTORIA
1601 375 2164 470 EC’CLESIASTICA.
2205 410 2276 423 -ι-
2314 380 2447 437 LIB.
2488 382 2605 440 Vl].

3424 358 3574 493 mg

323 506 622 577 ιστήσαντο.
647 500 946 566 Σαϐϐάτιος
959 500 1069 573 γὰρ
1108 502 1480 575 πρεσϐύτερος
1502 501 1608 557 ὑπὸ
1630 502 1887 572 Μαρκια-

1997 499 2414 559 condiderunt‘.
2432 501 2571 559 Nam
2605 502 2902 560 Sabhatius
2920 503 3016 577 qui
3041 518 3071 558 a
3090 502 3376 560 Marciano
3408 501 3569 576 pres;

324 595 400 651 νοῦ
428 586 847 666 χειροτονηθεὶς,
877 592 997 664 ἅμα
1020 593 1328 663 Θεοκτίστῳ
1355 595 1451 648 καὶ
1475 590 1749 663 Μακαρίῳ
1774 592 1889 655 τοῖς

324 684 813 757 συμπρεσϐυτέροις
851 683 1117 753 ἑπόμενος
1152 687 1267 750 τοῖς
1300 687 1359 740 ἐν
1390 684 1740 756 Παζουκώμῃ
1765 700 1892 738 συν·

323 777 624 850 ιληλυθόσιν
652 776 746 830 ἐπὶ
778 776 882 845 τῆς
905 775 1204 841 Οὐάλεντος
1244 776 1542 848 βασιλείας,
1558 776 1745 847 ηξίουν
1773 774 1891 846 ἅμα

321 872 418 934 τοῖς
451 868 726 933 Ἰουδαίοις
746 867 860 938 (‘56)
892 868 993 939 τὴν
1019 867 1111 922 τοῦ
1150 869 1344 939 Πάσχα
1380 869 1576 942 ἑορτὴν
1598 868 1888 923 ἐπιτελεῖν.

332 959 586 1024 Ἀποστὰς
621 960 681 1013 δὲ
717 960 818 1029 τῆς
854 958 1201 1030 Ἐκκλησίας,
1225 959 1294 1015 τά
1327 960 1426 1031 μὲν
1454 960 1667 1034 πρῶτα,
1688 960 1766 1032 πῆ
1793 960 1892 1031 μὲν

320 1051 589 1120 ἀσκήσεως
610 1047 796 1112 ἕνεκα,
826 1048 1026 1120 ἄριστα
1054 1049 1164 1121 γάρ
1187 1049 1359 1115 ἐϐίου,
1382 1050 1462 1121 πῆ
1490 1048 1548 1103 δέ
1571 1065 1727 1113 τινας
1751 1049 1893 1102 ὑπο-

321 1142 445 1194 νοεῖν
476 1136 729 1203 ἀναξίους
762 1137 1046 1203 κοινωνίας
1088 1140 1423 1211 μυστηρίων,
1456 1140 1783 1211 ἐσκήπτετο.
1800 1138 1895 1202 Ὠς

320 1232 370 1287 δὲ
397 1231 636 1301 ἐγεγόνει
683 1229 843 1300 δῆλος
874 1228 1215 1302 νεωτερίζων
1235 1271 1252 1296 ,
1280 1229 1559 1302 ἐμέμφετο
1591 1230 1691 1301 μὲν
1728 1230 1896 1298 Μαρ-

321 1323 490 1386 κιανὸς
522 1322 622 1393 τὴν
655 1322 739 1375 ἐπ’
768 1319 916 1392 αὐτῷ
949 1321 1310 1392 χειροτονίαν·
1341 1320 1566 1391 ἄμεινόν
1600 1337 1661 1374 τε
1702 1315 1771 1392 ἦν
1799 1321 1893 1376 ἐπὶ

321 1412 550 1476 ἀκάνθας
576 1411 893 1483 ἐπιτεθῆναι
936 1411 1037 1476 τὰς
1063 1414 1252 1483 χεῖρας
1271 1452 1286 1473 ,
1304 1411 1339 1482 ἢ
1375 1412 1462 1465 ἐπ’
1491 1411 1673 1477 αὐτὸν,
1691 1411 1893 1466 πολλά-

322 1522 418 1569 κις,
438 1503 621 1574 φησιν,
640 1501 855 1556 ἀνεϐόα.
872 1502 1306 1573 Διατεμνομένην
1332 1502 1389 1556 δὲ
1406 1500 1554 1573 αὐτῷ
1582 1503 1683 1574 τὴν
1695 1502 1896 1574 ἐκκλη-

323 1591 429 1645 σίαν
468 1592 547 1654 είς
571 1588 758 1661 ἓτερον
785 1588 986 1660 πλῆθος
1028 1589 1189 1662 ὀρῶν,
1214 1590 1571 1645 συνεκάλεσεν
1605 1591 1894 1662 ὁμοδόξους

320 1680 641 1744 ἐπισκόπους
663 1682 743 1745 είς
774 1681 1078 1752 Σάγγαρον.
1109 1682 1324 1753 Χωρίον
1343 1681 1401 1736 δὲ
1432 1680 1590 1736 τοῦτο
1617 1682 1890 1748 Βιθυνίας,

320 1773 410 1827 οὐκ
441 1772 554 1827 ἀπὸ
604 1771 801 1826 πολλοῦ
861 1772 1284 1839 Ἐλενουπόλεως
1330 1774 1423 1827 ἐπὶ
1468 1776 1570 1846 τῆς
1616 1773 1894 1846 θαλάσσης

320 1865 580 1936 κείμενον.
622 1864 789 1918 Ἔνθα
819 1864 884 1935 δὴ
916 1864 1279 1931 συνελθόντες,
1303 1866 1730 1939 μετεκαλέσαντο
1750 1866 1893 1921 Σαϐ-

322 1954 515 2009 ϐάτιον.
572 1953 724 2007 Ἐπεὶ
766 1953 823 2006 δὲ
863 1954 963 2024 τῆς
1001 1953 1176 2026 λύπης
1219 1956 1321 2027 τὴν
1356 1957 1536 2011 αἰτίαν
1570 1956 1893 2028 ἀπαιτηθεὶς

322 2046 513 2115 λέγειν,
542 2047 802 2118 ἐπῃτιᾶτο
832 2046 929 2116 τῆς
950 2047 1139 2118 ἑορτῆς
1175 2047 1238 2100 τὸ
1259 2048 1531 2119 διάφορον,
1561 2048 1895 2119 ὑπονοήσανο

321 2154 406 2201 τες
447 2137 615 2210 ἔρωτι
657 2137 950 2209 προεδρίας
983 2137 1109 2191 τάδε
1143 2138 1304 2191 αὐτὸν
1341 2138 1696 2209 σκήπτεσθαι,
1731 2137 1894 2210 ὅρκον

322 2230 600 2302 άπῄτησαν
649 2230 726 2293 ὡς
779 2228 1088 2300 ἐπισκοπὴν
1130 2229 1231 2282 οὐκ
1269 2228 1335 2283 ἂν
1379 2228 1549 2283 ἓλοιτό
1600 2246 1752 2285 ποτε.
1784 2230 1892 2284 Τοῦ

319 2320 373 2374 δὲ
412 2320 535 2374 τάδε
583 2320 874 2390 ἐνωμότως
928 2319 1387 2391 ὁμολογήσαντος,
1418 2319 1766 2392 λογισάμενοι
1816 2320 1894 2393 μὴ

321 2411 609 2482 ἀξιόχρεων
639 2406 780 2465 εἶναι
813 2410 1021 2481 ταύτην
1047 2409 1146 2479 τὴν
1166 2409 1343 2464 αἰτίαν
1373 2411 1454 2473 είς
1480 2409 1756 2480 χωρισμὸν
1782 2426 1896 2462 κοι-

320 2503 527 2567 νωνίας,
548 2504 794 2566 ἅπαντας
836 2502 935 2572 μὲν
963 2503 1212 2571 ὁμονοεῖν
1238 2502 1333 2555 καὶ
1364 2502 1480 2569 ἅμα
1509 2499 1893 2571 ἐκκλησιάζειν

323 2595 679 2666 ἐψηφίσαντο·
715 2594 947 2649 ῑκαστον
995 2594 1053 2646 δὲ
1176 2592 1242 2647 ἂν
1299 2592 1448 2664 αὐτῷ
1496 2593 1662 2665 δοκῇ,
1690 2593 1894 2665 ταύτην

319 2689 414 2753 τὴν
441 2688 633 2759 ἑορτὴν
654 2688 940 2743 ἐπιτελεῖν.
957 2687 1066 2741 Καὶ
1097 2687 1296 2742 κανόνα
1325 2687 1451 2756 περὶ
1479 2686 1667 2740 τούτου
1691 2685 1890 2752 ἔθεντο,

317 2781 375 2835 ὃν
393 2778 679 2846 ἀδιάφορον
707 2779 1088 2849 ἐπωνόμασαν.
1118 2778 1229 2831 Καὶ
1251 2778 1319 2831 τὰ
1343 2777 1445 2847 μὲν
1472 2771 1575 2831 ὧδε
1606 2776 1751 2841 ἔδοξε
1780 2778 1896 2841 τοῖς
1930 2842 1935 2847 _

317 2873 376 2926 ἐν
419 2873 686 2941 Σαγγάρφ
731 2869 1095 2924 συνελθοῦσιν.
1139 2868 1231 2934 Ἐξ
1273 2868 1481 2923 ἐκείνου
1508 2868 1564 2923 δέ
1596 2868 1896 2933 Σαϐϐάτιος

318 2966 425 3027 τοῖς
459 2962 730 3025 Ἰουδαίοις
746 2961 1028 3031 ἑπόμενος,
1048 2963 1097 3015 εί
1120 2962 1195 3032 μὴ
1213 2960 1353 3015 κατὰ
1373 2961 1569 3015 ταύτὸν
1595 2961 1894 3032 συνηνέχθη

317 3056 524 3118 πάντας
551 3054 703 3121 ἄγειν
737 3053 836 3124 τὴν
866 3053 1080 3125 ἑορτὴν,
1111 3053 1328 3122 φθάνων
1349 3054 1426 3116 ὡς
1455 3052 1573 3117 ἔθος
1602 3053 1858 3123 ἐνήστευε
1876 3092 1892 3116 ,

1993 597 2149 668 hyter
2189 599 2476 656 ordinatus
2529 598 2730 665 fuerat,
2781 614 2888 655 una
2943 615 3068 655 cum
3126 594 3445 656 'l‘lieoctisto
3511 606 3569 656 et

1991 685 2234 743 Macario
2267 691 2732 763 compresbyteris
2755 732 2770 756 ,
2801 704 3040 761 sequens
3070 691 3349 747 decretum
3375 705 3569 746 eorum

1993 778 2086 848 qui
2119 778 2365 851 Yalentis
2402 782 2711 853 principatu
2758 783 2816 836 in
2842 781 3148 838 Pazucome
3174 788 3567 849 convenerant,

1993 869 2195 927 festum
2208 869 2436 927 Pascha:
2464 872 2608 928 diem
2633 887 2758 928 cum
2785 871 2990 930 Iudaeis
3025 872 3418 929 celebrandum
3444 888 3571 930 esse

1991 961 2383 1025 contendebat.
2423 961 2670 1033 Cumque
2691 962 2761 1017 ab
2810 962 3056 1019 Ecclesia
3087 964 3434 1029 recessisset,
3463 964 3570 1019 ini-

1993 1050 2073 1106 tio
2110 1051 2332 1122 quidem
2405 1053 2757 1110 abstinentia:
2820 1062 2876 1111 et
2942 1055 3202 1111 aretioris
3263 1055 3572 1124 disciplinae

1993 1158 2203 1210 causa,
2247 1145 2463 1201 vivebat
2515 1150 2664 1202 enim
2719 1147 3116 1214 sanctissime,
3166 1153 3223 1202 ct
3279 1158 3569 1217 propterea
3640 1170 3643 1173 ·

1993 1235 2143 1308 quod
2168 1237 2550 1308 suspicaretur
2581 1238 2852 1309 quosdam
2891 1239 3287 1294 communione
3311 1239 3571 1309 indignos
3665 1272 3671 1277 -

1993 1322 2139 1390 esse,
2169 1326 2581 1382 seabscessisse
2615 1326 2932 1382 simulabat.
2975 1325 3078 1382 Ubi
3109 1342 3242 1383 vero
3261 1327 3571 1399 deprehen-

1993 1431 2117 1473 sum
2144 1423 2233 1471 est
2257 1430 2381 1471 eum
2417 1431 2509 1472 res
2533 1431 2701 1473 novas
2726 1417 2958 1489 agitare,
2990 1418 3307 1476 Marcianus
3345 1419 3568 1489 quidem

1993 1509 2065 1564 de
2082 1507 2432 1562 ordinatione
2462 1507 2614 1564 illius
2645 1509 3010 1577 querebatur.
3062 1510 3142 1566 Ac
3167 1525 3567 1581 saepenumero,

1993 1604 2056 1654 ut
2077 1597 2268 1661 aiunt,
2303 1596 2617 1651 exclamare
2652 1596 2853 1654 solitus
2892 1607 3046 1666 erat,
3088 1601 3269 1656 satius
3302 1599 3477 1656 fuisse
3510 1607 3572 1654 ut

1994 1701 2163 1757 super
2191 1685 2405 1757 spinas,
2435 1699 2602 1755 quam
2654 1693 2714 1740 ut
2742 1700 2909 1756 super
2953 1695 3119 1759 caput
3145 1689 3295 1745 illius
3327 1727 3344 1755 ,
3373 1704 3571 1744 manus

1993 1778 2321 1849 imponeret.
2377 1775 2518 1831 Cum
2564 1782 2748 1832 autem
2775 1776 3040 1835 Ecclesiae
3088 1794 3201 1835 sum
3228 1781 3487 1852 populum
3514 1780 3571 1835 in

1993 1869 2131 1926 duas
2152 1878 2339 1940 partes
2360 1867 2608 1923 divisum
2635 1867 2884 1932 videret,
2936 1877 3101 1925 sectae
3129 1885 3245 1925 sua:
3275 1872 3571 1940 episcopos

1995 1958 2300 2032 Sangarum
2321 1958 2671 2015 cenvocavit.
2706 1958 2805 2015 Est
2852 1959 2947 2014 hic
2995 1960 3155 2016 locus
3187 1960 3243 2015 in
3292 1959 3569 2032 Bithynia,

1993 2051 2062 2106 ad
2091 2064 2242 2106 mare
2272 2052 2415 2106 situs
2449 2048 2596 2104 haud
2623 2050 2816 2119 procul
2864 2047 3207 2120 Helenopoli.
3252 2051 3371 2105 Illic
3401 2051 3577 2122 igitur

1994 2141 2339 2211 congregati,
2376 2138 2697 2194 Sabbatium
2733 2145 3053 2193 accersunt.
3087 2137 3412 2205 Quijussus
3434 2152 3575 2193 cau-

1993 2245 2110 2287 sam
2149 2230 2358 2286 doloris
2406 2230 2495 2287 sui
2537 2229 2748 2293 dicere,
2788 2243 2916 2284 cum
2956 2227 3395 2298 discrepantiam
3443 2227 3573 2284 festi

1994 2323 2278 2392 allegaret,
2304 2320 2573 2391 suspicati
2627 2320 2875 2391 episcopi
2906 2334 3037 2375 eum
3082 2318 3440 2391 episcopatus
3469 2335 3575 2374 cu-

1995 2414 2227 2486 piditate
2260 2414 2491 2471 ductum
2538 2414 2649 2471 ista
2696 2420 3021 2485 praetexere,
3057 2411 3451 2483 jusjurandum
3503 2410 3575 2467 ab

1994 2504 2090 2560 illo
2116 2511 2434 2575 exegerunt,
2456 2503 2608 2573 quod
2633 2502 3017 2572 episcopatum
3067 2514 3355 2571 nunquam
3383 2514 3579 2555 susce-

1994 2604 2192 2668 pturus
2223 2603 2393 2652 esset.
2440 2594 2501 2650 Id
2551 2609 2678 2650 cum
2731 2594 2825 2650 ille
2868 2593 3197 2663 interposita
3242 2590 3576 2647 sacramenti

1995 2686 2104 2743 ﬁde
2132 2685 2498 2756 promisisset,
2532 2684 2616 2740 illi
2664 2697 2888 2740 causam
2928 2683 3073 2753 hanc
3121 2696 3232 2736 non
3268 2674 3417 2737 satis
3461 2679 3580 2737 ido-

1994 2790 2154 2831 neam
2189 2788 2315 2831 esse
2336 2772 2592 2829 arbitrati
2631 2772 2702 2828 ob
2731 2786 2895 2844 quam
2928 2771 3250 2826 communio
3284 2770 3578 2826 divellere-

1997 2875 2107 2932 tur,
2154 2865 2518 2923 decreverunt
2558 2872 2621 2920 ut
2659 2878 2854 2920 omnes
2897 2863 3118 2934 quidem
3160 2862 3304 2918 inter
3334 2877 3397 2918 se
3443 2875 3580 2917 con-

1995 2959 2284 3025 sentirent,
2307 2964 2363 3014 et
2390 2957 2654 3012 collectas
2686 2969 2797 3011 una
2841 2955 3225 3021 celebrarent,
3254 2952 3562 3023 unusquis-

1995 3065 2104 3121 que
2123 3064 2254 3106 vero
2282 3063 2386 3120 pro
2415 3062 2520 3104 suo
2548 3046 2823 3102 arbitratu
2855 3043 3057 3101 festum
3086 3044 3232 3100 diem
3268 3047 3576 3113 perageret.

316 3148 410 3200 καὶ
442 3145 561 3199 καθ’
598 3144 788 3198 ἑαυτὸν
834 3144 925 3198 διὰ
950 3143 1062 3197 τῶν
1103 3144 1502 3215 νενομισμένων
1555 3144 1798 3199 ἐπετέλει
1832 3143 1894 3198 τὸ

1997 3145 2180 3214 anue
2215 3140 2282 3199 de
2314 3157 2374 3198 re
2405 3155 2675 3196 canonem
2706 3137 3080 3209 scripserunt,
3108 3151 3277 3207 quem
3316 3133 3580 3205 adiapho-

317 3236 528 3304 Πάσχα.
558 3234 647 3305 Τῷ
690 3235 746 3287 δὲ
780 3234 1046 3309 Σαϐϐάτῳ
1077 3234 1168 3303 ἀφ’
1204 3234 1439 3306 ἑσπέρας
1465 3234 1560 3288 ἐπὶ
1589 3234 1680 3289 τὸν
1709 3233 1895 3288 δέοντα

316 3327 504 3397 καιρὸν
545 3328 603 3381 ἐν
655 3326 931 3397 ἀγρυπνίᾳ
979 3326 1076 3379 καὶ
1105 3328 1226 3390 ταῖς
1267 3327 1670 3397 προσηκούσαις
1709 3328 1895 3398 εὐχαῖς

314 3418 707 3488 διαγινόμενος,
730 3420 796 3487 τῇ
828 3417 956 3488 ἑξῆς
985 3417 1168 3490 ἡμέρᾳ
1194 3421 1347 3488 κοινῇ
1368 3420 1532 3472 πᾶσιν
1548 3419 1893 3488 ἐκκλησίαζε,

315 3508 410 3560 καὶ
441 3508 550 3561 τῶν
584 3510 898 3578 μυστηρίων
946 3510 1183 3578 μετεῖχε.
1218 3509 1328 3562 Καὶ
1363 3509 1432 3562 τὰ
1469 3510 1565 3579 μὲν
1597 3510 1812 3581 πρῶτα,
1835 3510 1896 3563 τὸ

314 3598 520 3669 πλῆθος
553 3597 838 3652 ἐλάνθανεν
869 3614 882 3627 ·
921 3597 997 3660 ὡς
1025 3596 1085 3652 δὲ
1111 3598 1190 3668 τῷ
1223 3600 1399 3669 χρόνῳ
1434 3599 1681 3653 ἐντεῦθεν
1710 3599 1899 3669 ἐπίση-

318 3705 421 3759 μος
476 3688 730 3756 ἐγένετο,
791 3688 1018 3753 πολλοὺς
1066 3691 1190 3753 τοὺς
1248 3690 1539 3761 ζηλοῦντας
1593 3690 1752 3761 ἔσχε,
1802 3691 1899 3744 καὶ

318 3777 559 3847 μάλιστα
616 3776 835 3848 Φρύγας
897 3780 993 3831 καὶ
1046 3779 1292 3844 Γαλάτας
1315 3820 1331 3844 ,
1368 3775 1447 3844 οἷς
1516 3780 1743 3850 πάτριον
1795 3774 1897 3833 ὧδε

309 3866 414 3938 τὴν
470 3869 660 3940 ἑορτὴν
714 3869 916 3939 ταύτην
970 3870 1257 3925 ἐπιτελεῖν.
1290 3871 1554 3943 ’Ὕστερον
1601 3873 1657 3926 δὲ
1712 3874 1791 3935 είς
1837 3871 1899 3923 τὸ

313 3959 594 4029 προφανὲς
633 3960 896 4024 ἀποστὰς,
930 3961 1037 4015 τῶν
1084 3960 1234 4032 αὐτῷ
1265 3963 1614 4034 πειθομένων
1644 3964 1741 4034 τὴν
1776 3965 1899 4016 ἐπι-

314 4051 533 4123 σκοπὴν
588 4052 904 4122 ἀνεδέξατο,
938 4054 1014 4118 ὡς
1057 4056 1117 4109 ὲν
1174 4055 1352 4126 καιρῷ
1404 4054 1693 4121 λελέξεται.
1744 4057 1900 4125 Ἐμοὶ

310 4143 372 4196 δέ
435 4142 732 4213 θαυμάζειν
785 4143 963 4198 ἔπεισι
1012 4145 1168 4199 τοῦδε
1223 4145 1318 4200 τοῦ
1375 4146 1603 4218 ἀνδρὸς,
1640 4147 1733 4202 καὶ
1792 4145 1901 4200 τῶν

310 4234 603 4304 ἑπομένων
658 4235 842 4304 αὐτῷ,
882 4236 965 4288 ὅτι
1010 4237 1137 4290 τάδε
1184 4238 1541 4308 ἐνεωτέρισαν
1570 4255 1584 4269 ο
1637 4239 1902 4310 Ἐϐραίων

308 4324 430 4381 τῶν
458 4324 662 4389 πάλαι,
700 4324 775 4388 ὠς
808 4327 1011 4398 ἱστορεῖ
1036 4327 1294 4391 Εὐσέϐιος
1324 4329 1436 4398 (57)
1459 4370 1473 4393 ,
1510 4328 1616 4383 ὑπὸ
1665 4330 1901 4401 μάρτυσι

307 4431 374 4467 τε
404 4413 599 4467 Φίλωνι
628 4415 723 4468 καὶ
758 4415 1006 4485 Ἰωσήπῳ
1033 4455 1047 4480 ,
1083 4416 1177 4469 καὶ
1218 4416 1631 4487 Ἀριστοϐούλῳ,
1662 4418 1755 4471 καὶ
1783 4417 1900 4470 ἐτέ-

1996 3251 2099 3291 ron
2136 3234 2502 3306 appellarunt.
2543 3230 2611 3287 Et
2638 3230 2759 3286 haec
2801 3229 3027 3300 quidem
3060 3228 3286 3284 decreta
3334 3234 3466 3281 sunt
3507 3224 3580 3280 ab

1995 3328 2107 3384 illis
2133 3327 2225 3398 qui
2273 3335 2389 3381 tum
2443 3321 2675 3395 Sangari
2732 3326 3128 3377 convenerant.
3184 3315 3400 3372 Exinde
3445 3327 3583 3371 vero

1998 3418 2297 3476 Sabbatius
2336 3416 2558 3473 Judaeos
2599 3421 2843 3481 secutus,
2896 3412 3005 3468 nisi
3054 3410 3201 3467 forte
3256 3406 3583 3479 contigisset

1997 3519 2057 3567 ut
2084 3526 2277 3567 omnes
2317 3509 2510 3566 eodem
2552 3514 2802 3578 tempore
2844 3505 3011 3563 simul
3062 3502 3277 3559 Pascha
3327 3500 3584 3558 celebra-

1997 3611 2142 3668 rent,
2186 3604 2303 3674 ipse
2333 3600 2699 3674 praeveniens,
2731 3606 2792 3655 ut
2824 3597 2997 3655 moris
3040 3602 3148 3662 est,
3179 3592 3490 3665 ieiunabat,
3526 3595 3585 3646 et

1997 3696 2252 3767 privatim
2302 3693 2571 3750 solemnia
2625 3691 2881 3749 Mosaicae
2923 3689 3063 3761 legis
3096 3686 3426 3751 observans,
3479 3681 3586 3738 Pa-

1999 3788 2130 3844 scha
2179 3786 2491 3857 peragebat.
2553 3782 2653 3838 Die
2700 3797 2833 3839 vero
2887 3779 3135 3843 Sabbati,
3176 3793 3209 3833 a
3253 3789 3483 3848 vespere
3514 3772 3585 3829 ad

2000 3884 2266 3934 statutum
2307 3889 2486 3945 usque
2516 3880 2755 3943 tempus,
2791 3868 2998 3940 vigiliis
3026 3875 3083 3924 ct
3108 3865 3290 3923 solitis
3318 3861 3586 3920 orationi-

2000 3968 2104 4023 bus
2132 3980 2355 4025 vacans.
2397 3963 2646 4033 sequenti
2695 3961 2786 4017 die
2825 3959 2992 4017 simul
3022 3971 3152 4013 cum
3188 3955 3420 4025 reliquis
3462 3967 3585 4007 om-

2000 4056 2166 4110 nibus
2200 4055 2256 4109 in
2291 4052 2584 4109 ecclesiam
2614 4049 3007 4113 conveniebat,
3035 4052 3091 4102 et
3119 4059 3278 4101 sacra
3317 4041 3580 4114 mysteria

2001 4145 2361 4218 percipiebat.
2411 4142 2478 4198 Et
2526 4141 2687 4197 initio
2749 4138 2993 4211 quidem,
3043 4133 3453 4191 multitudinem
3506 4133 3586 4186 la-

2002 4239 2109 4296 tuit
2147 4255 2162 4294 :
2200 4249 2497 4308 progressu
2540 4247 2675 4290 vero
2719 4228 3008 4302 temporis,
3042 4242 3167 4315 cum
3209 4240 3278 4282 ea
3317 4224 3385 4281 de
3415 4237 3585 4280 causa

2010 4330 2247 4402 insignis
2274 4336 2441 4396 esset,
2488 4327 2694 4382 multos
2737 4324 3052 4379 imitatores
3090 4318 3307 4383 habuit,
3342 4330 3406 4373 ac
3447 4329 3586 4387 prae-

2006 4425 2196 4482 sertim
2227 4422 2475 4493 Phrygas
2506 4427 2561 4476 et
2587 4418 2835 4477 Galatas.
2864 4414 3065 4486 quibus
3099 4410 3313 4481 patrius
3350 4422 3470 4463 mos
3500 4417 3586 4464 est

311 4524 438 4578 ροις
473 4508 745 4572 πλείστοις
769 4550 784 4573 ,
819 4509 960 4580 μετὰ
990 4509 1208 4578 ἐαρινὴν
1246 4509 1531 4580 ἰσημερίαν
1555 4509 1623 4564 τὰ
1650 4509 1897 4583 διαϐατή-

2008 4516 2207 4572 festum
2244 4492 2474 4570 Pascha:
2508 4514 2582 4566 ita
2611 4510 2915 4566 celebrare.
2963 4503 3206 4560 Tandem
3245 4516 3380 4558 vero
3404 4500 3584 4572 palam

311 4620 415 4673 ρια
445 4601 701 4663 θυόντων,
717 4602 866 4674 ήλίου
887 4602 950 4655 τὸ
974 4600 1190 4671 πρῶτον
1217 4601 1686 4674 δωδεκατημόριον
1705 4603 1903 4674 τμῆμα

305 4692 617 4755 ὁδεύοντος,
633 4693 660 4745 ὃ
685 4694 836 4765 κριὸν
854 4694 1111 4765 Ἕλληνες
1137 4693 1488 4763 ὀνομάζουσιν
1507 4708 1520 4722 ·
1544 4696 1602 4749 ὲν
1628 4692 1903 4767 διαμέτρῳ

306 4784 372 4836 δὲ
417 4785 514 4852 τῆς
574 4784 801 4853 σελήνης
833 4785 1490 4854 τεσσαρεσκαιδεκαταίας
1537 4784 1636 4855 τὴν
1675 4785 1903 4857 πορείαν

309 4875 675 4944 ποιουμένης.
695 4875 846 4927 Ἐπεὶ
872 4875 966 4928 καὶ
993 4875 1146 4928 αὐτοὶ
1166 4876 1493 4928 Ναυατιανοὶ
1518 4871 1598 4939 οἷς
1620 4876 1903 4947 ἀκριϐείας

309 4964 503 5033 μέλει,
531 4965 914 5036 ἰσχυρίζονται,
942 4966 1019 5030 ὡς
1045 4965 1166 5019 οὔτε
1196 4967 1396 5030 αὐτοῖς,
1422 4964 1543 5019 οὔτε
1570 4966 1647 5039 τῷ
1676 4968 1904 5040 ἀρχηγῷ

302 5056 420 5123 τῆς
456 5056 754 5125 αἱρέσεως,
802 5057 961 5111 τοῦτο
1012 5058 1275 5128 πρότερον
1329 5054 1395 5129 ἦν
1437 5058 1592 5123 ἔθυς’
1642 5060 1758 5114 ἀλλ’
1800 5062 1905 5115 ὑπὸ

302 5145 436 5197 τῶν
506 5149 562 5198 ἐν
615 5147 958 5219 Παζουκώμῃ
1016 5150 1447 5219 συνεληλυθότων
1503 5152 1902 5224 ἐνεωτερίσθη·

306 5236 497 5291 είσέτι
524 5254 580 5288 τε
615 5239 706 5291 καὶ
751 5238 844 5291 νῦν
888 5242 944 5291 ἐν
981 5244 1047 5310 τῇ
1081 5243 1427 5314 πρεσϐυτέρᾳ
1461 5244 1648 5317 Ῥώμῃ
1669 5285 1682 5310 ,
1716 5246 1905 5316 ὁμοδόο

449 5350 607 5407 Socr.
632 5352 727 5408 lib.
770 5370 823 5418 ν,
854 5370 904 5410 c.
938 5353 1028 5420 21,
1052 5353 1144 5412 22.

2002 4607 2288 4673 deficiens,
2332 4619 2522 4661 eorum
2556 4601 2653 4674 qui
2695 4597 3029 4657 sententiam
3076 4595 3254 4666 ipsius
3287 4592 3589 4663 sequeban-

2002 4707 2116 4766 tur,
2148 4697 2531 4768 episcopatum
2565 4690 2826 4761 suscepit,
2855 4688 3001 4745 sicut
3022 4700 3126 4742 suo
3156 4684 3280 4739 loco
3314 4683 3585 4738 dicemus.

2004 4789 2134 4847 Mihi
2172 4802 2304 4844 vero
2333 4786 2521 4842 mirari
2560 4783 2708 4840 subit
2749 4789 2863 4836 tum
2918 4777 3192 4832 hominem
3238 4774 3422 4839 istum,
3473 4782 3588 4826 tum

2006 4898 2102 4940 eos
2124 4881 2219 4953 qui
2257 4879 2405 4936 illum
2465 4874 2658 4934 sectati
2690 4880 2838 4936 sunt,
2873 4884 2973 4924 cur
3010 4868 3153 4922 hanc
3179 4865 3472 4920 novitatem
3492 4863 3590 4953 in-

2009 4952 2300 5033 duxerint:
2330 4987 2455 5027 cum
2492 4978 2706 5025 veteres
2741 4962 2972 5026 Hebraei,
3005 4958 3166 5031 305
3191 4964 3254 5013 ut
3293 4954 3464 5011 refert
3488 4952 3599 5007 Eu-

2011 5069 2212 5132 sebius,
2269 5063 2534 5126 Philonis,
2587 5056 2832 5128 Josephi,
2882 5049 3202 5117 Aristobuli,
3250 5047 3590 5112 alioruinquo

2011 5154 2373 5225 complurium
2422 5150 2703 5206 adducens
2752 5142 3148 5205 testimonium,
3192 5147 3317 5209 post
3362 5148 3589 5225 vernum

2013 5221 2400 5319 aequinoctium
2452 5240 2677 5313 Pascha
2735 5234 3164 5298 immolaverint,
3221 5225 3444 5299 quando
3507 5221 3588 5279 sol

1466 5510 1843 5569 VARIORUM’
1870 5511 2429 5570 ANNOTATIONES.

400 5650 536 5722 (36)
568 5648 814 5713 Ἦξίωυν
854 5648 973 5715 ἅμα
1007 5647 1131 5714 τοῖς
1173 5646 1496 5712 Ἰουδαίοις.
1536 5645 1902 5703 Scribendltm

303 5719 422 5782 est
450 5719 622 5787 ἠξίου,
658 5730 714 5773 ιιι
750 5730 987 5786 ΩιηιξὶΓιιι.

448 5784 561 5859 (Si)
596 5791 690 5855 ’.Ως
713 5784 931 5858 maps;
960 5789 1265 5855 Εἰρσέϐιης.
1289 5787 1398 5842 lmo
1433 5786 1717 5842 Anatolius
1745 5784 1888 5854 apud

2018 5649 2314 5703 Eusebium
2355 5648 2411 5703 in
2443 5646 2581 5702 libro
2611 5644 2847 5715 septimo
2878 5635 3135 5693 Historia:
3164 5627 3577 5692 ecclesiastica.

2010 5736 2132 5791 cap.
2162 5721 2251 5775 5‘2.
