4066 6338
565 355 718 436 Ξειη

2045 347 2390 407 SOZOMENI

3633 369 3730 424 me

555 470 816 544 primum
884 469 1096 541 signum
1156 467 1378 522 Zodiaci
1452 467 1740 536 percurrit,
1793 467 1937 536 quod
1982 468 2152 522 Graeci

2266 467 2382 534 Ξους
2425 469 2608 532 αὐτοῖς
2665 471 2760 524 σὺν
2817 472 2927 534 τοῖς
2970 471 3148 535 ἄλλοις
3184 472 3456 544 Ῥωμαίοις
3503 477 3733 548 ἑορτάζειν.
3840 477 3846 484 ’

580 563 821 626 Arietem
855 571 1071 625 vocant,
1104 560 1232 614 luna
1261 575 1390 614 vero
1422 559 1854 630 quartadecima,
1888 575 1952 614 cx
1989 576 2157 629 oppo-

581 656 688 710 sito
719 669 939 716 cursum
980 667 1140 708 suum
1193 652 1420 722 peragit.
1465 650 1570 706 Sed
1617 659 1670 706 et
1699 651 1802 721 ipsi
1841 650 2155 718 Novatiani,

580 748 671 824 qui
709 754 837 808 sunt
870 745 1071 815 alioqui
1121 744 1485 798 exactissima:
1519 742 1836 814 diligentiae,
1883 744 2156 800 allirmant

578 851 680 894 nec
708 837 812 891 sibi
835 837 998 907 ipsis,
1040 851 1138 890 nec
1165 837 1376 890 auctori
1403 845 1567 891 sectae
1603 851 1737 898 suae,
1768 835 1913 890 hunc
1949 852 2154 894 morem

579 932 648 995 ab
696 930 850 985 initio
897 929 1104 984 fuisse:
1141 945 1329 984 verum
1378 931 1448 985 ab
1502 930 1570 985 iis
1605 931 1699 1000 qui
1749 930 1804 984 in
1853 931 2156 988 Pazucome

578 1030 987 1086 convenerunt,
1037 1020 1089 1074 id
1126 1021 1378 1090 primitus
1423 1022 1739 1077 innovatum
1763 1063 1777 1087 ,
1817 1033 1871 1078 et
1907 1024 1960 1076 in
2008 1023 2156 1082 hunc

578 1131 754 1184 usque
802 1115 975 1179 diem,
1027 1123 1312 1170 consortes
1361 1114 1601 1185 ipsorum
1637 1116 1730 1186 qui
1767 1125 1896 1172 sunt
1935 1117 1988 1172 in
2021 1118 2156 1174 urbe

576 1202 750 1268 Roma
773 1245 790 1270 ,
821 1207 984 1262 simul
1012 1221 1138 1261 cum
1179 1207 1404 1278 reliquis
1437 1207 1701 1263 Romanis
1748 1208 1800 1263 id
1835 1207 2033 1265 festum
2063 1224 2154 1266 ce-

576 1298 810 1357 lebrare.
843 1299 947 1365 Qui
981 1299 1198 1369 quidem
1235 1315 1515 1369 nunquam
1546 1299 1702 1355 aliter
1729 1301 2037 1357 celebrasse
2063 1309 2156 1358 su-

577 1390 784 1461 periori
837 1400 1076 1458 tempore
1103 1391 1426 1460 deprehensi
1453 1399 1601 1455 sunt,
1625 1407 1751 1446 cum
1785 1393 2151 1461 apostolorum

577 1479 726 1536 Petri
781 1495 848 1535 ac
885 1478 1038 1534 Pauli
1094 1481 1482 1537 traditionibus
1532 1489 1836 1538 uterentur.
1887 1483 2156 1540 Prasterea

580 1571 932 1639 Samaritani,
984 1573 1081 1644 qui
1111 1571 1362 1628 Mosaica:
1419 1573 1554 1644 legis
1594 1575 1974 1631 observatores
2026 1583 2155 1632 sunt

579 1663 993 1731 studiosissimi,
1025 1663 1129 1719 hoc
1152 1661 1350 1719 festum
1385 1680 1667 1735 nunquam
1692 1666 1846 1737 prius
1877 1667 2156 1724 celebrare

578 1757 871 1820 sustinent,
902 1771 1066 1825 quam
1109 1772 1262 1812 novae
1301 1757 1486 1828 fruges
1523 1759 1588 1812 ad
1617 1762 1986 1817 maturitatem
2023 1777 2150 1833 per-

577 1848 846 1903 venerint.
902 1845 1028 1904 Haec
1080 1849 1226 1902 enim
1281 1847 1548 1905 festivitas
1605 1849 1880 1908 Novorum
1936 1855 1992 1908 iu
2030 1855 2150 1924 lege

577 1938 798 2005 dicitur,
834 1954 1005 2010 quare
1036 1940 1192 1996 novis
1225 1940 1494 1997 fructibus
1523 1944 1764 1998 nondum
1796 1945 1953 2012 visis,
1995 1947 2152 2003 nefas

574 2037 662 2085 est
695 2029 892 2086 festum
939 2044 1218 2101 peragere.
1257 2030 1412 2087 Unde
1454 2049 1683 2104 prorsus
1713 2051 1940 2095 necesse
1978 2045 2066 2093 est
2094 2045 2154 2093 ut

573 2121 965 2189 mquinoctium
995 2137 1223 2176 vernum
1280 2126 1638 2192 praecesserit.
1697 2127 1760 2181 Et
1807 2142 1901 2184 eos
1932 2130 2150 2199 quidem

575 2212 670 2282 qui
700 2211 801 2270 hac
836 2212 890 2266 in
924 2227 984 2268 re
1011 2211 1228 2269 Iudaeos
1276 2215 1579 2282 imitantur,
1613 2233 1944 2290 magnopere
1977 2223 2154 2277 admi-

575 2317 689 2366 ror,
717 2303 858 2373 quod
906 2321 1014 2358 non
1065 2307 1247 2376 potius
1276 2316 1551 2362 vetustum
1588 2312 1730 2379 apud
1781 2312 1903 2367 illos
1945 2329 2150 2371 morem

575 2397 936 2467 praetulerint.
973 2397 1143 2452 Porro
1194 2407 1392 2468 praeter
1427 2402 1567 2458 istos
1601 2413 1652 2456 et
1682 2418 1779 2460 eos
1809 2407 1903 2476 qui
1929 2406 1982 2461 in
2023 2407 2153 2465 Asia

573 2489 1049 2554 Quartodecimani
1072 2492 1354 2559 dicuntur,
1378 2495 1604 2565 reliqua:
1620 2511 1831 2563 omnes,
1850 2508 1909 2553 ut
1928 2501 2150 2570 opinor.

576 2581 816 2636 haereses
844 2582 990 2638 hunc
1019 2583 1165 2638 diem
1192 2585 1391 2641 festum
1430 2598 1601 2658 agunt
1624 2593 1814 2647 eodem
1843 2593 2011 2647 modo
2044 2610 2154 2665 quo

574 2671 811 2727 Romani
834 2682 1000 2744 atque
1019 2675 1281 2748 Egyplii.
1313 2677 1512 2734 Verum
1533 2681 2011 2748 Quartodecimani
2030 2689 2154 2757 qui-

573 2761 722 2827 dem,
750 2767 1156 2833 quartadecima
1187 2769 1274 2822 die
1299 2769 1459 2823 simul
1495 2787 1620 2825 cum
1649 2772 1852 2830 Judmis
1891 2777 2154 2834 festivita-

573 2861 684 2909 tem
741 2856 1020 2912 celebrant
1063 2875 1077 2912 :
1124 2859 1270 2914 unde
1324 2861 1490 2916 etiam
1545 2862 1686 2919 hanc
1735 2868 2152 2936 appellationem

574 2948 754 3003 sortiti
798 2958 947 3003 sunt.
996 2949 1280 3005 Novatiani
1337 2969 1486 3018 vero,
1539 2960 1954 3016 resurrectionis
2009 2963 2150 3019 diem

573 3039 868 3095 celebrant.
905 3041 1124 3100 Judaeos
1164 3053 1343 3100 tamen
1369 3047 1471 3116 ipsi
1506 3064 1724 3119 quoque
1753 3064 2075 3122 sequuntur,
2100 3066 2154 3112 et

2256 558 2363 622 Οὓς
2430 558 2626 612 οὔποτε
2685 561 2860 624 ἄλλως
2913 563 3169 632 ἑορτάσαι
3227 566 3256 617 ὁ
3305 565 3557 635 παρελθὼν
3595 571 3737 640 χρόνος

2254 651 2469 721 ἤλεγξε,
2497 652 2702 725 Πέτρου
2733 655 2828 708 καὶ
2848 654 3059 708 Παύλου
3085 653 3191 707 τῶν
3217 654 3504 710 ἀποστόλων
3525 661 3581 729 τῇ
3605 678 3738 732 παρα-

2253 743 2397 797 δόσει
2425 745 2761 815 χρωμένους.
2791 744 3024 816 Προσέτι
3049 745 3106 798 δὲ
3133 747 3226 800 καὶ
3255 745 3572 816 Σαμαρεῖται,
3603 750 3642 802 οἶ
3670 753 3739 805 τοῦ

2254 836 2498 898 Μωσέως
2524 837 2688 907 νόμου
2713 837 2781 890 τὰ
2807 838 3039 907 μάλιστα
3069 837 3302 906 ζηλωταὶ
3326 839 3742 913 τυγχάνουσι,πρὶν

2253 927 2343 980 τὸν
2371 927 2489 980 νέον
2509 928 2948 1001 τελεσφορεῖσοαι
2979 930 3186 1001 καρπὸν
3209 969 3225 996 ,
3251 930 3348 983 οὐκ
3380 931 3624 1001 ἀνέχονται
3647 933 3743 987 ταύο

2254 1035 2353 1090 την
2381 1020 2649 1075 ἐπιτελεῖν
2685 1021 2782 1092 τὴν
2813 1023 3026 1092 ἑορτήν.
3059 1021 3215 1076 Νέων
3242 1024 3346 1093 γὰρ
3368 1063 3384 1086 ,
3412 1024 3554 1092 φασιν
3572 1065 3584 1088 ,
3617 1026 3745 1095 αὐτὴν

2255 1109 2447 1180 ἑορτὴν
2467 1111 2495 1163 ὁ
2518 1110 2684 1179 νόμος
2708 1110 2880 1172 καλεῖ.
2899 1112 2989 1181 Μή
3022 1127 3152 1165 ποτε
3174 1110 3373 1164 τούτων
3394 1113 3743 1181 φανέντων(58>,

2256 1201 2536 1271 ἑορτάζειν
2581 1201 2644 1255 ού
2675 1202 2865 1272 θέμις·
2897 1202 2971 1264 ὼς
3004 1201 3064 1266 ἐξ
3092 1203 3338 1272 ἀνάγκης
3371 1201 3572 1271 φθάνειν
3601 1204 3678 1271 τὴν
3704 1207 3746 1258 ὲν

2254 1293 2333 1364 τῷ
2355 1289 2450 1364 ἦρι
2486 1294 2776 1364 ἰσημερίαν
2805 1304 2853 1347 η.
2888 1293 3028 1358 Τοὺς
3052 1293 3158 1365 μὲν
3201 1293 3474 1357 Ἰουδαίους
3503 1295 3610 1364 περὶ
3630 1295 3748 1348 τοῦτο

2259 1383 2664 1454 μιμουμένους,
2709 1383 3018 1453 θαυμαστὸν
3065 1385 3149 1436 ὅτι
3199 1384 3274 1453 μὴ
3324 1384 3418 1452 τὴν
3453 1384 3568 1453 παρ’
3609 1383 3749 1447 αὐτοῖς

2256 1477 2590 1550 ἀρχαιότητα
2641 1476 2840 1547 μᾶλλον
2891 1475 3182 1547 ἐπῄνεσαν.
3245 1477 3329 1538 Ὧς
3380 1475 3509 1528 ἔοικε
3556 1475 3606 1528 δὲ
3647 1475 3750 1545 πλὴν

2254 1569 2460 1624 τούτων
2491 1569 2583 1622 καὶ
2619 1567 2730 1622 τῶν
2764 1569 2858 1622 ἐπὶ
2884 1568 2985 1638 τῆς
3028 1567 3216 1631 Ἀσίας
3247 1551 3567 1636 καλουμένων
3595 1584 3750 1620 τεσσα-

2261 1659 2768 1732 ρεσκαιδεκατιτῶν,
2799 1658 2999 1729 ὁμοίως
3035 1657 3325 1730 Ῥωμαίοις
3360 1660 3448 1711 καὶ
3478 1659 3752 1727 Αἰγυπτίοις,

2257 1754 2352 1807 καὶ
2387 1753 2438 1806 οἱ
2471 1752 2579 1806 ἀπὸ
2607 1751 2716 1805 τῶν
2754 1751 2929 1805 ἄλλων
2968 1750 3235 1822 αἱρέσεων
3277 1749 3471 1820 ταύτην
3495 1749 3581 1820 τὴν
3607 1751 3756 1819 ἑορτὴν

2254 1847 2476 1915 ἄγουσιν
2498 1861 2511 1873 ⁸
2552 1844 2665 1898 ἀλλ’
2688 1844 2740 1896 οἱ
2784 1844 2882 1914 μὲν
2907 1885 2922 1910 ,
2954 1844 3012 1896 ὲν
3041 1843 3180 1913 αὐτῇ
3205 1844 3272 1912 τῇ
3306 1843 3756 1912 τεσσαρεσκαιδεκα-

2252 1938 2384 2008 ταία
2414 1937 2511 1992 σὺν
2543 1939 2656 2000 τοῖς
2695 1935 2970 1998 Ἰουδαίοις
3007 1935 3388 2006 ἑορτάζουσινσ
3420 1933 3530 1988 ὃθεν
3560 1929 3645 1987 ὦδε
3672 1935 3759 1986 ὀνο-

2256 2029 2535 2100 μάζονται.
2565 2029 2631 2082 Oi
2652 2027 2710 2080 δὲ
2741 2026 3094 2088 Ναυατιανοὶ,
3109 2025 3209 2097 τὴν
3229 2025 3576 2096 ἀναστάσιμον
3595 2025 3760 2096 ἡμέραν

2252 2120 2612 2176 ἐπιτελοῦσιν.
2649 2119 2924 2182 Ἰουδαίοις
2949 2117 3008 2171 δὲ
3055 2118 3151 2172 καὶ
3178 2113 3322 2174 οὗτοι
3349 2117 3556 2171 ἕπονται
3573 2158 3586 2180 ,
3610 2118 3685 2169 καὶ
3703 2117 3760 2178 είς

2249 2215 2416 2268 ταὺτὸ
2474 2216 2587 2278 τοῖς
2632 2210 3324 2283 Τεσσαρεσκαιδεκατίταις
3375 2209 3760 2280 καταστρέφουσι,

2254 2307 2394 2378 πλὴν
2415 2308 2463 2360 εί
2495 2306 2570 2377 μὴ
2601 2305 2756 2375 τύχοι
2779 2306 2844 2375 τῇ
2870 2303 3435 2373 τεσσαρεσκαιδεκάτῃ
3462 2301 3554 2372 τῆς
3585 2301 3762 2370 σελήνης

2251 2404 2286 2470 ἡ
2313 2397 2503 2469 πρώτη
2539 2396 2638 2452 τοῦ
2673 2396 2952 2451 Σαὸϐἀτου
2979 2395 3162 2470 ἡμέρα
3186 2395 3552 2466 συμπεσοῦσα,
3586 2392 3766 2447 κατόπιν

2252 2493 2492 2564 γίνονται
2523 2491 2632 2546 τῶν
2674 2491 2964 2558 Ἰουδαίων,
2994 2492 3148 2555 ὅσαις
3199 2489 3268 2544 ἂν
3307 2488 3532 2560 ἡμέραις
3577 2483 3764 2557 συμϐαίη

2251 2588 2350 2660 τὴν
2378 2576 2676 2659 ἐρχομένην
2705 2585 2818 2657 ('59)
2863 2582 3150 2655 Κυριακὴν
3188 2581 3487 2654 ὑστερίζειν
3531 2593 3770 2649 τεσσαρεσ-

2254 2679 2638 2746 καιδεκαταίας
2708 2680 2809 2748 τῆς
2879 2679 3130 2750 σελήνης.
3186 2674 3545 2758 Μοντανισταὶ
3584 2673 3664 2737 δὲ,
3700 2670 3768 2733 οὓς

2253 2769 2594 2836 Πεπουζίτας
2622 2771 2717 2823 καὶ
2743 2769 2961 2840 Φρύγας
2985 2767 3340 2838 ὀνομάζουσι,
3375 2767 3525 2837 ξένην
3541 2764 3646 2818 τινὰ
3675 2761 3770 2834 μέθ-

2253 2865 2370 2938 οδον
2398 2862 2785 2932 εἰσαγαγόντες
2812 2903 2828 2927 ,
2876 2860 3017 2915 κατὰ
3065 2860 3277 2932 ταύτην
3314 2860 3374 2914 τὸ
3403 2859 3580 2927 Πάσχα
3604 2857 3769 2925 ἄγουσι.

2253 2957 2382 3019 Τοῖς
2405 2955 2504 3026 μὲν
2535 2955 2645 3024 γὰρ
2671 2953 2764 3009 ἐπὶ
2793 2954 2971 3024 τούτῳ
3008 2953 3100 3006 τὸν
3129 2953 3233 3023 τῆς
3256 2951 3485 3022 σελήνης
3514 2950 3683 3020 δρόμον
3704 2963 3774 2999 πο-

2252 3047 2698 3121 λυπραγμονοῦσι
2737 3047 3213 3118 καταμέμφονται.
3248 3043 3386 3098 Φασὶ
3426 3042 3481 3096 δὲ
3514 3041 3680 3113 χρῆναι
3705 3037 3773 3107 μό.

575 3131 631 3186 in
675 3132 814 3188 idem
847 3133 1097 3188 recidunt
1127 3151 1250 3190 cum
1290 3137 1822 3203 Quartodecimanis.
1857 3143 1970 3202 Nisi
2010 3152 2154 3219 quod

2266 3161 2371 3220 νοις
2399 3145 2514 3204 τοῖς
2539 3141 2787 3212 ὴλιακοῖς
2810 3138 3036 3220 ἕπεσθαι
3062 3138 3291 3203 κύκλοις
3313 3141 3438 3204 τοὺς
3463 3138 3624 3210 ὀρθῶς
3642 3135 3774 3190 ταῦτα

572 3227 790 3294 quoties
832 3228 1242 3296 quartadecima
1292 3231 1417 3284 luna
1443 3247 1552 3286 non
1586 3233 1775 3291 incidit
1827 3237 1879 3290 in
1928 3241 2155 3307 primam

576 3319 821 3384 Sabbati,
861 3319 1064 3376 ludatis
1097 3323 1430 3391 posteriores
1472 3325 1607 3380 liunt
1652 3337 1733 3384 tot
1787 3329 2002 3395 diebus,
2029 3345 2162 3403 quot

575 3412 912 3468 Dominicam
971 3415 1113 3469 diem
1178 3417 1583 3483 quartadecima
1633 3422 1757 3473 luna
1803 3425 2158 3491 posteriorem

574 3519 700 3560 esse
730 3507 1040 3573 contigerit.
1076 3509 1145 3560 At
1187 3506 1547 3572 Montanistae,
1591 3525 1728 3580 quos
1771 3514 2076 3584 Pepnzitas,
2109 3524 2163 3572 et

575 3595 820 3668 Phrygas
861 3597 1024 3674 vulgo
1078 3597 1399 3660 nominant.
1461 3602 1799 3669 peregrinam
1865 3607 2157 3674 quamdam

576 3688 894 3745 methodum
923 3669 1243 3753 commenti,
1263 3690 1417 3759 juxta
1449 3692 1596 3746 illam
1627 3693 1834 3750 Pascha
1863 3669 2160 3755 celebrant.

576 3781 688 3838 Eos
708 3781 853 3838 enim
882 3781 1305 3850 reprehendunt,
1341 3783 1434 3852 qui
1463 3784 1516 3838 in
1547 3784 1648 3838 hac
1673 3801 1732 3840 re
1760 3787 1904 3842 lunae
1938 3805 2160 3846 cursum

576 3875 852 3932 curiosius
895 3875 1230 3930 observant:
1279 3877 1428 3932 solos
1473 3893 1604 3934 vero
1654 3879 1786 3935 solis
1829 3882 2067 3936 circulos
2096 3883 2162 3938 iis

577 3970 670 4040 qui
703 3970 805 4024 ista
832 3979 977 4024 recte
1003 3969 1240 4039 dirigere
1277 3974 1488 4037 volunt,
1523 3972 1834 4041 sequendos
1866 3989 1989 4027 esse
2020 3972 2163 4026 ailir-

576 4070 750 4116 mant.
792 4062 868 4115 Ac
895 4061 1142 4132 singulos
1184 4059 1403 4130 quidem
1431 4077 1649 4116 menses
1679 4063 1902 4132 triginta
1947 4062 2160 4117 dierum

574 4170 697 4209 esse
726 4154 1012 4209 deﬁniunt.
1068 4152 1313 4209 Primum
1369 4164 1549 4210 autem
1603 4154 1744 4208 diem
1801 4154 2036 4224 cmpisse
2094 4155 2164 4209 ab

576 4246 906 4315 aequinoctio
940 4261 1131 4307 verno.
1163 4247 1256 4317 qui
1291 4247 1407 4302 dies
1438 4247 1593 4313 juxta
1635 4246 1910 4302 Romanos
1948 4246 2159 4302 dicere-

576 4344 672 4388 tur
713 4345 837 4391 ante
860 4351 1064 4390 nonum
1093 4335 1365 4390 Kalendas
1397 4339 1622 4404 Aprilis.
1669 4337 1748 4392 Eo
1783 4339 1928 4392 enim
1951 4339 2058 4404 die,
2103 4346 2161 4390 ut

577 4429 754 4494 aiunt,
804 4427 952 4483 facta
995 4435 1127 4483 sunt
1161 4429 1270 4484 duo
1305 4429 1622 4496 luminaria,
1657 4413 1862 4500 quibus
1918 4421 2161 4500 tempora

2258 3217 2638 3295 κανονίζοντας
2662 3247 2676 3260 ·
2717 3231 2813 3282 καὶ
2835 3217 2840 3220 ’
2863 3229 3007 3299 μῆνα
3041 3229 3139 3299 μὲν
3172 3229 3406 3283 ἕκαστον
3448 3229 3574 3282 εἶναι
3605 3224 3774 3297 ἡμερῶν

2259 3325 2553 3396 τριάκοντα
2585 3322 2697 3390 (40)
2729 3320 3023 3394 ὁρίζουσιν.
3051 3321 3359 3392 ’Ᾱρχεσθαι
3397 3320 3454 3375 δὲ
3487 3321 3577 3392 τὴν
3607 3317 3778 3389 πρώτην

2261 3417 2370 3472 ἀπὸ
2395 3417 2498 3488 τῆς
2524 3414 2746 3487 ἐαρινῆς
2777 3413 3066 3486 ἰσημερίας
3087 3455 3102 3480 ,
3131 3414 3166 3486 ᾗ
3203 3415 3398 3486 ῥηθείη
3431 3415 3494 3469 ἂν
3529 3414 3650 3467 κατὰ
3678 3412 3775 3463 Ῥω-

2265 3510 2477 3583 μαίους,
2493 3508 2598 3579 πρὸ
2621 3507 2777 3561 ἐννέα
2792 3506 3072 3560 καλανδῶν
3099 3507 3430 3576 Ἀπριλλίων
3451 3506 3587 3578 (41)·
3613 3503 3774 3570 ἐπειδὴ.

2262 3603 2448 3671 φασὶν,
2477 3603 2526 3654 οἱ
2556 3601 2649 3653 δύο
2686 3593 2975 3670 φωστῆρες
3003 3601 3122 3652 τότε
3158 3600 3436 3666 ἐγένοντο,
3465 3593 3542 3663 οἷς
3565 3600 3607 3652 οί
3641 3597 3777 3666 χρόνοι

2263 3677 2357 3749 καὶ
2385 3695 2434 3747 οἱ
2477 3693 2712 3747 ἐνιαυτοὶ
2744 3688 3048 3762 δηλοῦνται.
3103 3693 3218 3744 Καὶ
3263 3691 3426 3746 τοῦτο
3469 3691 3708 3745 δείκνυται
3739 3686 3781 3739 τὺ

2261 3787 2362 3856 τὴν
2397 3784 2628 3855 σελήνην
2660 3783 2748 3836 διὰ
2774 3782 3155 3854 ὀκταετηρίδος
3184 3783 3265 3853 τῷ
3293 3784 3433 3854 ἡλίῳ
3458 3783 3686 3842 συνιέναι,
3713 3778 3780 3830 καὶ

2263 3878 2465 3948 ἀμφοῖν
2495 3875 2638 3930 κατὰ
2672 3873 2868 3928 ταύτὸν
2905 3875 3201 3946 νουμηνίαν
3257 3875 3591 3947 συμϐαίνειν.
3625 3871 3782 3926 Καθότι

2261 3971 2294 4039 ὴ
2353 3966 2680 4037 ὁκταετηρὶς
2735 3965 2829 4018 τοῦ
2891 3965 3214 4034 σεληνιακοῦ
3273 3968 3477 4039 δρόμου
3540 3963 3781 4035 πληροῦται

2263 4055 2418 4112 ἐννέα
2447 4054 2542 4108 καὶ
2570 4055 2894 4125 ἐνενήκοντα
2931 4055 3095 4124 μησὶν
3119 4097 3133 4119 ,
3166 4057 3408 4128 ἡμέραις
3458 4056 3514 4110 δὲ
3555 4052 3782 4124 δισχιλίαις

2261 4146 2599 4210 ἑννακοσίαις
2652 4146 2823 4199 εῐκοσι
2871 4145 2996 4199 δύοο
3031 4150 3090 4199 ὲν
3136 4142 3228 4211 αἷς
3279 4151 3309 4202 ὁ
3337 4149 3489 4217 ἥλιος
3524 4149 3636 4208 τοὺς
3677 4141 3782 4197 ὀκτὼ

2261 4240 2493 4310 δρόμους
2520 4237 2693 4304 ἀνύει,
2727 4237 3092 4308 λογιζομένων
3128 4239 3351 4311 ἑκάστῳ
3380 4240 3488 4294 ἔτει
3519 4235 3784 4311 τριακοσίων

2262 4332 2526 4402 ἑξήκοντα
2551 4328 2659 4398 (42)
2692 4329 2938 4400 ἡμερῶν,
2955 4328 3050 4383 καὶ
3083 4331 3313 4400 προσέτι
3341 4331 3594 4404 τετάρτου
3619 4327 3784 4400 ἡμέρας

2267 4426 2418 4497 μιᾶς.
2611 4422 2721 4494 γὰρ
2753 4421 2852 4492 τῆς
2881 4422 2987 4494 πρὸ
3016 4423 3170 4478 ἐννέα
3193 4423 3476 4479 καλανδῶν
3504 4421 3785 4496 Ἀπριλλίων,

1776 4544 2045 4600 VALESII
2085 4539 2641 4600 ANNOTATIONES.

652 4636 763 4719 (58)
793 4636 899 4719 ,Μή
941 4653 1112 4719 ςςοτε⁸
1137 4638 1365 4719 τούτων
1409 4639 1738 4719 φᾳγέντων.
1787 4639 2154 4719 Scribendum

2307 4635 2476 4719 .(ML
2492 4635 2609 4719 ηριξ
2634 4635 2815 4719 errr-ea
2847 4638 3171 4719 καλανδῶνί
3197 4641 3570 4719 ﬂammida»?
3603 4637 3788 4719 Epipha-

583 4716 713 4775 pnto
741 4713 905 4776 μήπω
937 4707 993 4760 δὲ
1022 4707 1249 4776 τούτων,
1291 4707 1423 4763 (διαί
1457 4709 1515 4762 Id
1560 4720 1678 4773 est,
1734 4711 1967 4764 nondum
2006 4711 2156 4764 novis

583 4777 825 4849 frugibus
884 4778 1050 4849 uisis,
1105 4789 1213 4833 etc.
1263 4781 1333 4832 At
1383 4781 1594 4849 μήποτε
1644 4781 1896 4836 eumdem
1931 4795 2157 4837 sensum

583 4863 691 4902 non
722 4847 914 4918 habet,
960 4848 1054 4902 sed
1083 4850 1358 4916 signiﬁcat
1386 4847 1678 4918 nunquam.

655 4917 768 4988 (59)
809 4919 1074 4987 Συμϐαιη
1114 4919 1229 4985 τὴν
1267 4917 1616 4988 ἐρχομένην.
1666 4919 1850 4976 Codex
1905 4919 2160 4975 Fukelia-

586 5003 693 5061 nus
728 4992 1016 5061 scriptum
1083 4990 1249 5044 habet
1305 4991 1592 5061 συμϐαίνει
1647 4991 1752 5046 levi
1785 4991 2159 5061 discrimine.

584 5055 1149 5134 Apudeccphorum
1200 5055 1388 5134 autem
1417 5061 1620 5134 legitur
1650 5060 1949 5134 συμϐαίνῃ.

657 5128 771 5196 (ιο)
824 5129 1078 5199 Ἡμερῶν
1118 5128 1750 5198 τριάκοντα.’];ι‹;οι›ιιε
1804 5128 2064 5188 Usserius
2106 5132 2164 5189 in

587 5195 991 5254 DiSsertatibue
1027 5203 1095 5256 de
1128 5195 1274 5256 anno
1311 5202 1480 5256 solari
1519 5201 1878 5258 Macedonum
1911 5209 1966 5257 et
2005 5202 2163 5257 Asia-

587 5284 806 5340 norum,
841 5286 962 5340 cap.
998 5271 1054 5337 2,
1103 5270 1473 5327 Sozomenum
1525 5271 1640 5326 falli
1679 5272 1896 5328 scribit.
1947 5272 2164 5327 Monta-

587 5339 768 5396 nistas
843 5339 990 5396 enim
1070 5343 1403 5397 Asianorum
1481 5343 1767 5398 mensibus
1834 5358 1966 5397 usos
2039 5357 2166 5398 esse

587 5412 892 5476 contendit,
936 5427 1170 5484 quorum
1201 5412 1290 5466 alii
1319 5411 1546 5484 triginta
1579 5413 1698 5469 dies
1730 5413 2027 5478 habebant,
2066 5413 2162 5468 alii

588 5494 759 5536 unum
791 5484 1030 5553 amplius
1059 5481 1223 5538 diem.

2265 4707 2393 4784 nius
2432 4706 2822 4784 ’Scholastieus
2848 4709 3073 4784 _|egisse
3122 4706 3349 4784 videtur
3387 4713 3494 4784 πρδ
3538 4706 3698 4784 ὀκτῴέ
3723 4706 3788 4783 Sic

2265 4781 2416 4832 enim
2462 4776 2674 4847 vestit:
2723 4777 2790 4830 Et
2842 4779 3091 4832 inchoare
3128 4783 3367 4844 primunt
3425 4776 3488 4834 ob
3534 4776 3788 4847 (coniunctio

2265 4847 2494 4910 vernali,
2522 4845 2660 4915 quod
2684 4857 2761 4902 est
2787 4851 3075 4903 secundum
3109 4850 3378 4906 Romanos
3413 4845 3595 4907 octavo
3611 4845 3789 4904 Kalend.

2267 4917 3073 4996 Apr_il‘iAs._Ncephorustamen
3118 4921 3250 4975 nihil
3297 4932 3500 4996 inruat.
3581 4990 3620 4996 __
3731 4986 3740 4996 _

2341 4989 2454 5058 (Η)
2501 4990 2866 5056 Τριακοσίων
2909 4989 3231 5055 ἐξήκοντα.
3287 4990 3536 5049 Iacobus
3581 4989 3793 5045 ilsscrius

2264 5061 2318 5114 iu
2357 5062 2478 5113 loco
2515 5074 2682 5127 supra
2723 5061 2892 5113 citato
2921 5061 3250 5128 jampridem
3283 5065 3503 5116 monuit
3537 5058 3791 5116 addendum

2264 5145 2390 5186 esse
2423 5129 2750 5184 vocabulum
2781 5131 2943 5184 πέντε
2973 5147 2985 5181 :
3016 5140 3071 5185 et
3097 5132 3242 5186 hunc
3275 5148 3524 5188 errorem
3547 5147 3643 5185 non
3666 5129 3794 5181 Sora.

2266 5202 2411 5255 meni
2447 5215 2593 5261 esse,
2625 5199 2725 5271 _s_ed
2757 5199 3106 5271 librariorum
3137 5203 3226 5271 qui
3258 5219 3387 5257 eam
3429 5219 3611 5258 vocem
3637 5198 3797 5271 omisej

2265 5271 2400 5343 rint.
2430 5271 2590 5343 certe
2624 5268 2968 5343 Nicephorius
3001 5272 3055 5325 in
3095 5268 3340 5343 Iibrokn
3379 5275 3525 5328 hunc
3557 5268 3791 5343 solomcni

2265 5340 2442 5394 locum
2476 5340 2820 5401 describens.
2853 5357 3045 5396 vocem
3077 5341 3237 5395 πέντε
3273 5343 3468 5399 habet.
3504 5342 3605 5398 Sed
3633 5349 3680 5395 et
3713 5340 3787 5405 cpi-

2270 5411 2534 5475 logismus
2560 5411 2772 5464 dierum
2811 5409 3620 5478 Octaeter'nlls’satis.indicat,
3649 5422 3793 5465 vocem

2269 5479 2427 5534 πέντε
2466 5480 2557 5534 hie
2587 5483 2907 5538 necessario
2943 5483 3247 5538 addendam
3280 5500 3429 5541 esse.

2022 5589 2406 5646 VARIORUM.

666 5692 691 5720 ι’
737 5681 832 5748 Ὠς
860 5684 926 5746 ἐξ
967 5684 1238 5753 ἀνάγκης
1270 5683 1518 5753 φθάνειν
1549 5684 1662 5753 τὴν
1688 5683 1757 5736 ἑν
1795 5682 1871 5747 τῷ
1900 5679 1990 5753 ἦρι
2029 5685 2160 5747 ἰση-

591 5753 823 5823 μερίαν.
873 5754 1031 5808 Forte
1063 5752 1347 5826 legendum
1398 5754 1472 5817 ὡς
1518 5752 1575 5816 ἐξ
1625 5756 1868 5826 ἀνάγκης
1907 5752 1978 5822 μὴ
2029 5753 2162 5826 φοὰτ

596 5837 730 5884 ναί-νο
765 5831 893 5892 eux,
947 5842 1067 5896 qua:
1117 5823 1274 5883 lectio
1311 5826 1566 5881 comcnil
1602 5841 1724 5879 cum
1771 5824 2034 5888 δύσιος,
2070 5823 2163 5892 qui

2270 5684 2562 5761 deeadem
2602 5700 2660 5738 re
2697 5701 2862 5761 agens
2893 5691 3002 5761 ait,
3034 5689 3131 5751 lib.
3163 5706 3226 5752 v,
3264 5705 3391 5761 cap.
3439 5689 3543 5743 29.:
3579 5685 3797 5761 Σαμαρεῖς

2270 5754 2358 5876 αἱ).
2395 5754 2511 5878 μετ’
2551 5757 2839 5828 ἰσημερίαν
2888 5759 2986 5831 τὴν
3016 5761 3205 5831 ἑορτὴν
3249 5760 3464 5832 ταύτην
3496 5754 3798 5814 ἐπιτελοῦσιν.

2351 5866 2362 5878 .
2441 5840 2620 5878 uww.

2351 5866 2362 5881 ο
2397 5841 2551 5878 ιιυψι
2566 5841 2620 5878 υ.

3923 4169 3925 4293 l

3922 4359 3923 4440 ι
