4066 6338
334 385 470 441 M77

1255 385 1582 442 HISTORIA
1624 383 2196 443 ECCLESIASTICA.
2220 383 2424 438 -—LIB.
2453 382 2565 439 VII.

3461 381 3484 438 I
3495 385 3600 442 478

333 501 704 573 πρεσϐύτερος
755 501 830 554 ὢν
857 541 872 566 ,
910 504 1038 573 περὶ
1077 502 1171 556 τοῦ
1217 504 1490 575 δόγματος
1542 505 1911 576 διαλεγόμενος

2027 502 2186 565 urLc,
2206 517 2305 557 nec
2325 503 2638 572 episcopus,
2671 513 2772 554 nec
2794 498 2934 554 alios
2953 498 3255 569 quisquam
3285 499 3340 556 in
3367 502 3600 557 ecclesia

335 593 673 665 ἐνεωτέρισε.
725 594 888 648 Ξένον
929 595 986 648 δὲ
1042 597 1260 648 κάκεῖνο
1295 598 1448 667 παρὰ
1507 595 1913 665 Ἀλεξανδρεῦσι

333 683 564 747 τούτοις.
621 685 1172 756 ’Δναγινωσκομένων
1225 687 1336 757 γὰρ
1379 687 1487 740 τῶν
1542 687 1912 755 Εὐαγγελίων,

332 775 435 829 οὐκ
480 759 838 829 ἐπανίσταται
874 776 903 828 6
940 776 1240 841 ἐπίσκοπος
1264 795 1278 810 ο
1334 777 1363 830 ὃ
1415 777 1544 848 παρ’
1582 777 1759 839 ἄλλοις
1801 775 1914 829 οὐτ’

335 863 529 934 ἔγνων,
553 863 665 918 οὐτ’
681 867 918 936 ἀκήκοα.
945 867 1161 937 Ταύτην
1187 868 1244 922 δὲ
1269 869 1367 938 τὴν
1399 867 1550 938 ἱερὰν
1575 867 1755 937 βίϐλον
1781 868 1913 921 ἀνα-

335 957 593 1025 γινώσκει
637 957 824 1011 ὲνθάδε
868 958 1028 1029 μόνος
1073 961 1102 1012 6
1143 959 1519 1030 ἁρχιδιάκονος
1549 968 1572 998 ι·
1610 976 1626 991 ⁸
1674 958 1828 1030 παρὰ
1858 959 1915 1013 δὲ

334 1049 515 1112 ἄλλοις
541 1087 556 1112 ,
607 1049 846 1103 διάκονοι
869 1064 885 1081 ⁶
938 1050 996 1102 ὲν
1046 1049 1266 1113 πολλαῖς
1318 1051 1376 1105 δὲ
1435 1051 1784 1123 Ἐκκλησίαις
1805 1091 1822 1115 ,
1862 1052 1913 1105 οἱ

338 1142 501 1213 ἱερεῖς
533 1139 703 1212 μόνοι.
752 1142 842 1193 Ἐν
871 1140 930 1194 δὲ
962 1141 1259 1213 ἐπισήμοις
1293 1142 1529 1214 ἡμέραις
1551 1183 1566 1207 ,
1602 1144 1910 1209 ἐπίσκοποι,

333 1231 411 1294 ὡς
444 1231 501 1283 ὲν
531 1232 1102 1285 Κωνσταντινουπόλει
1140 1232 1280 1285 κατὰ
1309 1233 1407 1303 τὴν
1446 1233 1668 1305 πρώτην
1699 1233 1914 1304 ἡμέραν

331 1323 435 1394 τῆς
466 1323 838 1394 ἀναστασίμου
880 1324 991 1393 (49)
1025 1324 1240 1394 ἑορτῆς.
1271 1326 1383 1378 Καὶ
1428 1325 1527 1396 τὴν
1570 1326 1682 1398 πρὸ
1711 1326 1915 1394 ταύτης

332 1413 391 1466 δὲ
441 1413 783 1485 καλουμένην
842 1414 1324 1487 τεσσαρακοστὴν,
1358 1417 1416 1470 ὲν
1551 1416 1801 1488 νηστεύει
1851 1415 1914 1469 τὸ

335 1502 540 1574 πλῆθος
557 1544 573 1570 ,
600 1505 649 1556 οἱ
682 1503 781 1574 μὲν
808 1504 888 1568 είς
928 1503 986 1570 ἒξ
1019 1503 1320 1574 ἑϐδομάδας
1341 1506 1562 1576 ἡμερῶν
1587 1505 1910 1574 λογίζονται,

333 1592 411 1657 ὡς
456 1593 703 1664 Ἰλλυριοὶ
735 1594 830 1647 καὶ
862 1595 910 1647 οί
949 1595 1086 1664 πρὸς
1112 1594 1266 1648 δύσιν
1288 1635 1304 1660 ,
1333 1595 1508 1667 Λιϐύη
1541 1613 1600 1649 τε
1631 1600 1783 1650 πᾶσα
1817 1597 1912 1650 καὶ

333 1682 608 1751 Αἴγυπτος
636 1683 734 1736 σὺν
752 1685 866 1746 τοῖς
891 1683 1289 1748 Παλαιστινοῖς.
1319 1685 1382 1738 Οἱ
1420 1684 1498 1750 δὲ,
1538 1686 1676 1739 ἑπτὰ
1697 1727 1712 1751 ,
1735 1687 1810 1750 ὡς
1851 1688 1911 1741 ὲν

328 1775 928 1839 Κωνσταντινουπόλει,
972 1777 1064 1830 καὶ
1109 1779 1222 1842 τοῖς
1273 1777 1436 1848 πέριξ
1487 1777 1700 1842 ἔθνεσι,
1744 1778 1909 1849 μέχρι

329 1867 612 1920 Φοινίκων.
650 1867 834 1920 Ἀλλοι
863 1867 921 1921 δὲ
943 1907 958 1932 ,
1013 1872 1161 1940 τρεῖς
1201 1869 1476 1940 σποράδην
1527 1871 1586 1924 ὲν
1633 1871 1752 1932 ταῖς
1775 1868 1836 1933 ἒξ
1869 1869 1902 1941 ἢ

2021 591 2282 661 populum
2313 591 2490 645 docet.
2536 589 2642 645 Sed
2680 590 2822 659 apud
2851 589 3250 647 Alexandrinos
3282 591 3434 647 solus
3462 592 3598 646 civi.

2017 681 2152 735 tatis
2196 679 2579 735 Alexandrina:
2635 681 2930 750 episcopus
2990 681 3366 736 concionatur.
3426 681 3597 748 Quam

2014 771 2490 835 consuetudinem,
2515 786 2639 826 cum
2664 779 2822 827 antea
2848 787 2956 825 non
2981 771 3196 832 fuisset.
3230 773 3595 826 introductam

2012 877 2138 918 esse
2185 861 2390 929 ferunt,
2438 877 2503 918 ex
2545 875 2655 932 quo
2703 863 2868 916 Arius
2917 862 3201 932 presbyter
3241 860 3308 917 de
3347 861 3596 916 doctrina

2013 952 2138 1008 fidei
2168 953 2470 1018 disserens,
2524 967 2668 1007 nova
2718 951 2973 1022 dogmata
3006 951 3232 1007 invexit.
3288 953 3387 1008 Est
3431 954 3595 1010 etiam

2012 1045 2158 1115 apud
2203 1044 2609 1100 Alexandrinos
2665 1044 2770 1099 hoc
2837 1059 3040 1098 novum
3098 1054 3264 1114 atque
3329 1046 3592 1101 insolens.

2013 1132 2150 1187 Dum
2185 1134 2331 1188 enim
2367 1134 2621 1204 leguntur
2666 1135 2982 1205 Evangelia,
3033 1150 3145 1189 non
3201 1138 3444 1207 assurgit
3484 1137 3599 1206 epi-
3675 1151 3694 1175 ι

2013 1239 2261 1294 sc0pus:
2324 1225 2492 1296 308
2542 1225 2689 1296 quod
2737 1233 2919 1282 tamen
2983 1227 3116 1281 alibi
3157 1243 3387 1297 usquam
3454 1228 3595 1293 fieri,

2011 1330 2189 1385 neque
2239 1315 2370 1381 vidi,
2428 1332 2608 1386 neque
2645 1317 2846 1371 audivi.
2891 1315 2958 1370 Et
3009 1317 3124 1373 illic
3173 1319 3394 1387 quidem
3445 1321 3598 1374 solus

2011 1407 2432 1482 archidiaconus
2484 1423 2701 1463 sacrum
2753 1409 2905 1462 illum
2963 1408 3206 1464 codicem
3257 1410 3426 1480 legit:
3468 1411 3596 1465 alibi

2010 1515 2161 1562 vero,
2193 1499 2450 1567 diaconi;
2484 1499 2538 1553 in
2574 1500 2762 1554 multis
2791 1509 2971 1555 autem
3011 1499 3292 1564 Eeclesiis,
3325 1503 3423 1556 soli
3453 1501 3595 1556 dun-

2013 1599 2162 1646 taxat
2193 1589 2522 1662 presbyteri.
2559 1591 2772 1645 Alicubi
2805 1591 2858 1644 in
2887 1592 3177 1661 praecipuis
3206 1593 3596 1647 festivitatibus

2010 1681 2255 1751 episCOpi
2299 1681 2484 1749 legunt
2512 1698 2526 1747 ;
2582 1688 2642 1734 ut
2671 1679 3144 1751 Constantinopoli
3176 1685 3352 1754 primo
3376 1685 3463 1738 die
3497 1684 3599 1739 Pa-

2011 1772 2212 1828 schalis
2247 1769 2584 1826 festivitatis.
2637 1771 3126 1841 Quadragesimam
3168 1789 3298 1829 vero
3339 1791 3460 1844 quae
3495 1776 3600 1830 hoc

2012 1861 2212 1918 festum
2235 1863 2482 1932 proxime
2509 1863 2804 1928 antecedit,
2846 1864 2902 1917 in
2944 1879 3051 1933 qua
3082 1865 3317 1935 populus
3348 1867 3600 1936 jejunare
3677 1927 3686 1946 Χ

330 1958 473 2011 ἑπτὰ
495 1957 866 2029 νηστεύουσιν.
906 1927 967 2013 0Ιὶ
997 1927 1075 2023 δὲ’,
1110 1927 1227 2031 ἅμα
1267 1927 1550 2032 τρεῖςιπρδ
1585 1961 1684 2031 τῆς
1711 1927 1905 2031 ὲόρέῆξ

2014 1955 2174 2021 solet,
2216 1927 2308 2008 alii
2339 1954 2563 2023 quidem
2618 1971 2712 2011 sex
2748 1927 2978 2010 dierum—
3009 1927 3333 2026 septimanis
3366 1927 3597 2028 compu-

331 2049 695 2104 συνάπτουσιν
716 2067 729 2079 ·
760 2053 808 2103 οί
829 2051 907 2116 δὲ,
937 2051 1048 2116 δύο,
1079 2052 1156 2116 ὡς
1174 2053 1223 2106 oi
1252 2052 1320 2105 τὰ
1344 2051 1624 2106 Μοντανοῦ
1646 2050 1908 2121 φρονοῦν-

329 2157 444 2204 τες.
472 2140 546 2193 Οὐ
584 2141 690 2211 μὴν
711 2141 846 2196 ἀλλὰ
878 2143 973 2196 καὶ
1009 2143 1106 2196 τοῦ
1141 2142 1525 2213 ἐκκλησιάζειν
1561 2143 1660 2214 οὐχ
1684 2144 1714 2196 6
1744 2141 1908 2204 αὐτὸς

330 2229 483 2301 παρὰ
511 2233 648 2285 πᾶσι
689 2233 879 2304 καιρὸς
910 2234 943 2304 ἢ
975 2236 1194 2305 τρόπος.
1239 2233 1456 2304 Ἀμέλει
1492 2235 1540 2286 oi
1575 2233 1674 2304 μὲν
1706 2235 1801 2288 καὶ
1828 2233 1907 2306 τῷ

328 2322 615 2393 Σαϐϐάτῳ,
646 2323 848 2394 ὁμοίως
879 2328 945 2395 τῇ
983 2327 1082 2395 μιᾷ
1121 2324 1400 2379 Σαϐϐἀτου
1429 2325 1904 2396 ἐκκλησιάζουσιν,

326 2414 404 2477 ὡς
437 2417 492 2468 ὲν
520 2416 1120 2483 Κωνσταντινουπόλει,
1145 2418 1240 2471 καὶ
1271 2418 1457 2488 σχεδὸν
1483 2417 1760 2488 πανταχοῦ
1784 2434 1799 2449 ο
1848 2419 1906 2472 ὲν

338 2505 531 2580 Ῥώμῃ
565 2507 622 2560 δὲ
654 2507 749 2560 καὶ
797 2507 1174 2580 Ἀλεξανδρείᾳ
1193 2547 1207 2571 ,
1239 2508 1422 2562 οὐκέτι
1444 2524 1458 2539 '
1483 2509 1632 2580 παρὰ
1657 2509 1714 2562 δὲ
1741 2510 1906 2576 Αἰγυ-

329 2596 508 2661 πτίοις
531 2598 587 2650 ἐν
619 2598 841 2659 ποπλαῖς
867 2599 1055 2652 πόλεσι
1083 2599 1176 2652 καὶ
1201 2599 1448 2670 κώμαις,
1475 2599 1628 2670 παρὰ
1654 2600 1718 2652 τὸ
1751 2601 1905 2670 κοινῇ

328 2688 466 2739 πᾶσι
503 2689 909 2758 νενομισμένον,
940 2689 1076 2760 πρὸς
1107 2689 1347 2760 ἑσπέραν
1377 2689 1453 2760 τῷ
1481 2690 1746 2758 Σαϐϐάτῳ
1781 2706 1907 2742 συν-

330 2774 540 2838 ιὸντες,
591 2778 949 2846 ἠριστηκότες
1006 2779 1143 2848 ἤδη,
1225 2779 1540 2849 μυστηρίων
1599 2777 1905 2849 μετέχουσι.

325 2867 442 2919 Καὶ
481 2867 669 2938 εὐχαῖς
701 2869 757 2922 δὲ
806 2871 902 2923 καὶ
957 2870 1296 2941 ψαλμῳδίαις
1339 2874 1456 2934 ταῖς
1485 2871 1733 2941 αὐταῖςῆ
1776 2871 1908 2924 ἁνα-

329 2957 618 3028 γνώσμασι
645 3001 660 3025 ,
699 2961 841 3014 κατὰ
871 2962 962 3014 τὸν
1010 2963 1170 3015 αὐτὸν
1212 2961 1402 3032 καιρὸν
1434 2962 1544 3031 (50)
1573 3001 1586 3024 ,
1617 2963 1676 3014 οὐ
1703 2962 1910 3026 πάντας

330 3049 707 3118 κεχρημένους
732 3051 912 3120 εὑρεῖν
957 3051 1128 3104 ἔστιν.
1168 3051 1322 3104 Οὕτω
1365 3051 1495 3121 γοῦν
1519 3051 1618 3122 τὴν
1646 3051 1910 3121 καλουμέ-

329 3156 430 3207 νην
472 3139 839 3212 ’Λποκάλυψιν
865 3140 1098 3212 Πέτρου,
1139 3142 1215 3205 ὼς
1258 3141 1409 3195 νόθον
1449 3140 1725 3205 παντελῶς
1770 3141 1906 3212 πρὸς

2007 2055 2149 2114 tant,
2189 2057 2248 2103 ut
2295 2048 2466 2120 Illyrii
2505 2057 2562 2104 et
2600 2045 3005 2126 Occidentales,
3060 2054 3286 2120 totaque
3317 2049 3504 2105 Africa
3543 2056 3600 2105 et

2007 2137 2280 2209 Egyptus
2313 2153 2376 2192 ac
2429 2137 2736 2194 Palaestina.
2789 2138 2900 2193 Alii
2947 2149 3076 2194 Vero
3131 2151 3336 2210 septem
3394 2140 3601 2197 hebdo-

2009 2230 2199 2287 madas
2229 2238 2584 2302 computant,
2627 2238 2684 2284 ut
2713 2230 3194 2302 Constantinopoli
3234 2241 3290 2288 et
3319 2249 3418 2303 per
3459 2249 3596 2290 cun-

2007 2329 2126 2378 ctas
2155 2323 2212 2377 in
2243 2321 2481 2377 circuitu
2548 2321 2861 2391 provincias
2923 2337 3098 2392 usque
3149 2323 3218 2378 ad
3277 2321 3595 2381 Phoenicen.
3690 2310 3704 2322 ’

2008 2412 2274 2468 Nonnulli
2319 2429 2348 2468 e
2383 2427 2502 2492 say
2518 2419 2611 2464 aut
2656 2420 2864 2482 septem
2901 2412 3013 2467 illis
3054 2413 3445 2479 hebdomadis,
3483 2422 3597 2471 tres

2011 2519 2109 2575 per
2133 2503 2422 2560 intervalla
2451 2501 2737 2572 jejunant;
2766 2503 2863 2556 alii
2889 2511 3004 2559 tres
3029 2505 3193 2559 simul
3217 2505 3594 2562 hebdomadas

2012 2593 2288 2648 Paschale
2349 2593 2552 2649 festum
2627 2592 2880 2662 proxime
2944 2594 3337 2651 antecedentes
3411 2599 3596 2650 conti-

2012 2692 2238 2750 nuant;
2274 2683 2498 2754 quidam
2531 2680 2673 2736 duas
2705 2688 2945 2747 tantum,
2980 2690 3040 2736 ut
3082 2682 3446 2739 Montanistae.
3490 2684 3597 2739 Sed

2009 2791 2189 2846 neque
2229 2790 2422 2830 omnes
2448 2774 2640 2828 eodem
2673 2781 2945 2844 tempore,
2968 2783 3062 2829 aut
3091 2777 3280 2831 eodem
3325 2777 3509 2843 modo,
3539 2781 3596 2832 in

2012 2868 2313 2924 ecclesiam
2356 2867 2720 2921 conveniunt.
2753 2867 2862 2920 Alii
2896 2869 3042 2921 enim
3069 2868 3335 2932 Sabbato,
3370 2869 3599 2940 perinde

2012 2972 2078 3011 ac
2109 2957 2402 3011 Dominico
2437 2956 2546 3016 die,
2583 2963 2891 3011 conventus
2937 2965 3141 3026 agunt;
3189 2967 3249 3011 ut
3285 2959 3602 3017 Constanti-

2011 3047 2220 3116 nopoli,
2260 3062 2324 3101 ac
2352 3046 2467 3101 fere
2493 3047 2721 3116 ubique.
2757 3046 2945 3102 Romae
2975 3063 3107 3102 vero
3141 3056 3197 3103 et
3223 3049 3596 3119 Alexandriae,

2013 3153 2121 3192 non
2161 3139 2317 3192 item.
2347 3136 2408 3191 In
2438 3138 2626 3193 multis
2656 3145 2842 3192 autem
2874 3139 3108 3194 urbibus
3140 3154 3204 3194 ac
3251 3142 3388 3197 vicis
3429 3142 3598 3214 Egy-

328 3230 440 3283 τῶν
485 3231 726 3301 ἀρχαίων
774 3233 1225 3304 δοκιμασθεῖσαν,
1275 3232 1332 3286 ἕν
1370 3249 1512 3286 τισιν
1565 3232 1910 3303 Ἐκκλησίαις

2014 3231 2117 3300 pti,
2148 3237 2343 3282 contra
2375 3238 2655 3298 receptam
2701 3231 2943 3284 oumium
2978 3232 3461 3297 consuetudinem,
3507 3235 3599 3291 die

329 3323 431 3390 τῆς
456 3325 820 3394 Παλαιστίνης
849 3327 1014 3378 εἰσέτι
1045 3326 1139 3379 νῦν
1164 3325 1310 3389 ἅπαξ
1337 3326 1565 3379 ἑκάστου
1597 3323 1747 3388 ἔτους
1775 3325 1906 3378 ἀνα-

330 3415 745 3486 γινωσκομένην
780 3415 1026 3487 ἔγνωμεν
1055 3457 1070 3480 ,
1103 3417 1160 3469 ἐν
1190 3419 1255 3487 τῇ
1298 3415 1483 3487 ἡμέρᾳ
1521 3416 1906 3485 Παρασκευῆς,

331 3504 401 3576 ἢν
438 3504 680 3569 εὐλαϐῶς
714 3505 850 3575 ἄγαν
879 3507 907 3560 6
937 3506 1062 3571 λαὸς
1089 3505 1337 3576 νηστεύει
1369 3507 1460 3558 ἐπὶ
1486 3506 1787 3576 ἀναμνήσει
1813 3504 1906 3558 τοῦ

331 3597 608 3667 Σωτηρίου
640 3599 846 3663 πάθους
873 3615 884 3629 ·
928 3598 1026 3669 τὴν
1070 3599 1126 3651 δὲ
1155 3597 1249 3651 νῦν
1277 3598 1352 3663 ὡς
1392 3597 1757 3664 Ἀποκάλυψιν
1796 3598 1909 3667 (51)

332 3687 548 3741 Παύλου
599 3689 692 3742 τοῦ
730 3689 1025 3743 ἀποστόλου
1073 3689 1412 3760 φερομένην,
1469 3690 1536 3760 ἣν
1592 3689 1767 3752 οὐδεὶς
1815 3689 1915 3760 ἀρ-

332 3778 504 3849 χαίων
522 3775 652 3846 εἶδε,
671 3779 910 3834 πλεῖστοι
931 3778 1180 3851 μοναχῶν
1211 3779 1546 3834 ἐπαινοῦσιν.
1576 3779 1696 3833 Ἐπὶ
1710 3778 1914 3851 ταύτης

2018 3321 2250 3375 Sabbati
2286 3321 2393 3375 sub
2439 3337 2732 3392 vesperam
2777 3324 3193 3392 convenientes,
3225 3325 3338 3396 jam
3383 3330 3595 3397 pransi,

2015 3427 2173 3467 sacra
2235 3411 2497 3482 mysteria
2554 3412 2893 3481 percipiunt.
2953 3412 3215 3470 Precibus
3273 3431 3495 3487 quoque
3541 3427 3598 3474 et

2013 3501 2246 3572 psalmis
2297 3515 2363 3555 ac
2416 3500 2774 3567 lectionibus,
2831 3518 2934 3558 nec
2986 3504 3180 3560 iisdem
3230 3522 3446 3573 omnes,
3493 3526 3598 3564 nec

2013 3592 2204 3647 eodem
2247 3599 2492 3662 tempore
2527 3595 2605 3647 uti
2637 3594 2905 3663 reperies.
2935 3595 3026 3650 Sic
3056 3597 3464 3654 Revelationem
3497 3601 3600 3656 Pc-

2013 3682 2111 3747 tri,
2145 3698 2270 3753 quae
2312 3690 2372 3735 ut
2419 3681 2733 3736 adulterina
2781 3698 2810 3737 a
2845 3686 3130 3742 veteribus
3166 3690 3450 3758 repudiata
3477 3701 3584 3756 est,

2014 3781 2072 3837 in
2102 3775 2438 3849 quibusdam
2461 3774 2729 3832 Ecclesiis
2757 3776 3066 3835 Palaestinae
3097 3783 3269 3838 semel
3291 3787 3595 3854 quotannis

1523 3953 1800 4010 V'ALESII
1816 3955 2389 4019 'ANNOTATIONES.

333 4037 566 4111 nitatem
600 4039 656 4094 in
707 4040 939 4096 ecclesia
962 4041 1380 4111 profitebantur.
1414 4043 1584 4111 Quem
1611 4054 1906 4101 tractatuum

331 4109 661 4180 Ambrosius
713 4120 887 4165 totum
923 4109 1218 4180 descripsit
1251 4114 1305 4166 in
1343 4109 1516 4168 libfut
1552 4115 1630 4169 De
1664 4117 1898 4170 vetandis

335 4179 652 4246 virginibus.
713 4181 812 4234 Sed
857 4179 1188 4252 responderi
1255 4192 1437 4252 potest
1505 4185 1651 4240 hunc
1699 4185 1909 4240 Liberii

334 4263 650 4321 sermonem
701 4267 805 4306 non
848 4250 1018 4305 fuisse
1053 4251 1119 4304 ad
1169 4250 1432 4321 populum
1461 4293 1474 4316 ,
1512 4256 1606 4308 sed
1654 4256 1913 4309 exhorta-

333 4317 541 4370 tionem
579 4320 879 4381 duntaxat,
930 4327 984 4374 et
1023 4317 1410 4376 allocutionem
1439 4324 1504 4376 ad
1537 4323 1910 4378 Mareellinam

333 4387 627 4459 virginem.
672 4391 835 4459 Atqui
870 4389 1209 4445 Sozomenus
1242 4391 1344 4445 hoc
1373 4393 1494 4447 loco
1537 4394 1602 4448 de
1635 4395 1910 4448 sermoni-

2012 4051 2180 4121 Addit
2208 4063 2470 4121 praeterea
2497 4095 2510 4119 ,
2565 4069 2673 4108 non
2719 4053 2894 4107 solum
2928 4053 3016 4106 die
3050 4050 3292 4121 Pascltte,
3312 4051 3404 4106 sed
3430 4051 3596 4106 etiam

2014 4120 2069 4173 in
2095 4119 2398 4192 principio
2453 4125 2581 4177 anni
2606 4164 2621 4188 ,
2655 4123 2729 4192 id
2760 4131 2846 4176 est
2899 4119 3452 4192 Kalendisilanuarii
3479 4159 3496 4183 ,
3539 4131 3598 4175 ut

2014 4191 2212 4263 opinor
2232 4231 2246 4256 ,
2305 4191 2678 4263 patriarcham
2711 4191 3384 4263 Constantinopolitanum
3414 4192 3598 4263 Evan-

2015 4261 2214 4328 gelium
2264 4261 2319 4316 in
2381 4264 2615 4318 ecclesia
2670 4261 2851 4328 legere
2905 4262 3128 4316 solitum
3181 4278 3194 4312 :
3256 4267 3420 4328 atque
3453 4262 3597 4316 hanc

2019 4331 2305 4384 lectionem
2342 4331 2638 4401 dupliciter
2669 4331 2786 4386 fieri
2829 4349 2842 4384 :
2879 4339 3146 4398 qnantum
3203 4332 3347 4386 enim
3404 4333 3597 4398 recitat

2018 4401 2338 4470 episcopus,
2381 4402 2722 4456 tantumdem
2753 4401 2985 4456 subinde
3015 4402 3231 4456 recitari
3268 4416 3296 4452 a
3336 4402 3595 4458 diacono.

333 4457 438 4511 bus
477 4457 739 4541 loquitur,
763 4457 868 4530 ‘qui
907 4461 1102 4541 fiebant
1141 4460 1206 4541 ad
1244 4464 1503 4541 populum
1550 4465 1689 4518 inter
1714 4463 1913 4541 M‘issa-
1945 4462 1990 4517 D
2019 4457 2409 4541 Hujus-autem
2457 4474 2531 4527 rei
2568 4473 2752 4541 plures
2779 4486 2976 4526 causas
3005 4472 3206 4525 ibidem
3248 4470 3406 4525 aliert
3435 4457 3597 4527 Nice4

336 4541 461 4602 rum
508 4529 812 4602 solemnia,
846 4545 983 4600 quas
1016 4529 1189 4602 Graeci
1222 4529 1456 4602 76pm“
1503 4542 1719 4588 vocant.
1753 4536 1914 4589 (lerle

334 4596 566 4669 verbum
593 4596 1107 4669 6t6daxatv'proprie
1131 4601 1198 4655 de
1220 4596 1287 4655 iis
1313 4605 1661 4658 sermonibus
1682 4603 1910 4659 dicitur.

335 4664 609 4720 Praeterea
659 4671 761 4723 etsi
809 4664 1180 4724 concedamus
1230 4686 1539 4727 sermonem
1596 4683 1727 4727 tunc
1760 4689 1789 4726 a
1822 4673 1914 4728 Li-

335 4735 493 4788 berio
555 4737 801 4793 habitum
865 4754 1031 4804 esse,
1091 4740 1230 4794 nihil
1296 4741 1402 4796 hoc
1467 4742 1595 4796 facit
1649 4743 1913 4798 adversus

338 4803 729 4862 Sozomenum.
760 4809 815 4861 ld
850 4809 995 4861 enim
1019 4803 1184 4862 extra
1231 4810 1480 4865 ordinem
1529 4812 1734 4868 factum
1766 4821 1848 4867 est
1881 4829 1911 4867 a

335 4871 561 4948 _Libe_rio
611 4877 668 4948 in
714 4882 944 4948 gratiam
997 4877 1348 4934 Mareellinae.
1397 4880 1736 4937 Sozomenus
1786 4898 1915 4937 vero

334 4945 583 5067 igquitur
614 4947 683 5002 de
714 4945 867 5002 more
896 4955 1120 5021 recepto
1157 4957 1325 5020 atque
1356 4951 1561 5007 usitato
1587 4954 1643 5006 in
1667 4951 1915 5007 Ecclesia

388 5029 612 5067 omana.

388 5029 612 5068 Ornana.

319 5103 326 5148 ς
399 5084 520 5158 Δ(49)
555 5085 716 5158 Κατὰ
765 5085 882 5158 τὴν
924 5085 1168 5157 πρώτην
1215 5086 1446 5156 ἡμέραν
1481 5087 1592 5158 τῆς
1636 5092 1918 5147 ἀναστα-

334 5154 547 5232 ᾳίμου.
597 5154 940 5228 Nicephorus
967 5154 1237 5214 Callistus
1281 5154 1339 5213 in
1387 5160 1482 5216 lib.
1527 5154 1627 5228 iit,
1667 5179 1790 5232 cap.
1822 5165 1915 5229 34,

341 5225 493 5280 hunc
537 5225 750 5285 morem
788 5232 967 5287 adhuc
1023 5249 1122 5287 sua
1172 5240 1334 5291 aetate
1379 5225 1652 5289 mansisse
1688 5225 1903 5289 scribit.

2018 4540 2248 4610 phorus,
2282 4557 2422 4610 quas
2450 4540 2734 4597 studiosus
2773 4542 2944 4595 lector
2974 4542 3082 4595 illic
3113 4543 3373 4595 inveniet.

2093 4610 2205 4681 (50)
2241 4613 2405 4667 Κατὰ
2444 4612 2553 4665 τὸν
2603 4613 2792 4665 αὐτὸν
2830 4613 3055 4678 καιρόν.
3111 4611 3425 4681 Supplcnda
3462 4613 3594 4666 mihi

2016 4680 2237 4734 videtur
2286 4683 2549 4741 particula
2592 4683 2694 4735 hoc
2738 4681 2936 4741 modo,
2985 4682 3078 4733 καὶ
3121 4680 3261 4734 κατὰ
3305 4682 3399 4734 τὸν
3434 4683 3597 4734 αὐτὸν

2019 4750 2231 4818 καιρόν,
2285 4750 2562 4822 Dupliccm
2605 4751 2769 4822 enim
2797 4757 2950 4822 notat
2998 4752 3358 4806 differentiam
3385 4791 3399 4812 ,
3447 4754 3594 4820 quod

2019 4834 2199 4888 neque
2246 4820 2448 4877 eaedem
2491 4831 2679 4876 essent
2721 4820 2923 4888 ubique
2959 4835 3151 4890 preces
3192 4829 3246 4875 et
3296 4822 3594 4889 lectiones;

2019 4904 2197 4972 neque
2243 4893 2444 4972 eodeni
2461 4900 2714 4972 tempore
2751 4889 3120 4972 fierent’ap'ud
3160 4905 3380 4972 omnes.

2088 4960 2202 5029 (51)
2247 4961 2367 5029 Τὴν
2409 4961 2479 5014 δὲ
2526 4960 2642 5016 νῦν
2683 4960 2763 5026 ὠς
2831 4960 3264 5029 Ἀποκάλυψιη
3315 4961 3374 5015 111
3407 4963 3598 5020 codice

2017 5025 2324 5103 Fultetiano
2377 5032 2645 5102 scriptum
2679 5025 2763 5086 est
2800 5031 2901 5100 τὴν
2950 5029 3007 5083 δὲ
3056 5025 3183 5103 μήν.
3237 5027 3498 5096 Rectius,
3537 5045 3596 5088 ut

2019 5101 2238 5170 opinor.
2269 5101 2616 5173 Nicephorus
2648 5115 2780 5158 vero
2821 5115 2942 5156 eam
2995 5101 3184 5157 vocem
3219 5104 3595 5172 praetermisit,

2019 5180 2080 5224 ut
2111 5172 2466 5240 superfluam.

1790 5410 2180 5469 VARIORUM.

413 5508 447 5574 ξ
484 5501 712 5574 Ταύτην
735 5501 802 5555 δὲ
829 5502 942 5574 τὴν
967 5504 1129 5574 ίερᾼὰν
1150 5503 1371 5566 ,βίϐλον
1405 5504 1798 5574 ἀναγινώσκει
1818 5507 1915 5558 ἐν·

319 5567 484 5644 ςθάδε
521 5567 708 5638 μόνος
746 5576 779 5627 ό
825 5567 1262 5644 ἀρχιδέάκοίνος.
1327 5603 1397 5613 --
1455 5567 1574 5644 Syri
1614 5575 1912 5642 Maronilte,

320 5641 637 5712 ςιιιιειηῑυιιιΔ
675 5659 740 5695 ex
790 5657 996 5712 eorum
1050 5643 1394 5712 ordinatione
1459 5641 1645 5711 colligi
1708 5641 1908 5712 potest,

319 5708 746 5783 lAlexandrinos
769 5711 986 5783 imitari
1023 5711 1299 5783 videnlur.
1351 5712 1484 5765 Nam
1519 5708 1756 5767 dia'con'o
1790 5708 1911 5783 post

321 5787 510 5850 prtam
539 5779 942 5850 ordinationem
992 5781 1229 5835 traditur
1271 5784 1588 5850 Apostolus,
1634 5798 1728 5837 seu
1773 5779 1912 5839 liber

321 5847 744 5921 iEpistolarum;
796 5851 1184 5906 archidiacono
1232 5847 1358 5908 vero
1398 5855 1537 5910 liber
1581 5852 1969 5937 liv-angelie—w

2024 5503 2406 5577 rum,__cujus
2467 5507 2754 5577 pericopen
2807 5512 2951 5563 inter
2989 5509 3278 5563 missarum
3327 5505 3592 5562 solemnia

2023 5577 2171 5645 legit.
2201 5574 2512 5631 Nestoriani
2541 5574 2670 5632 vero
2695 5580 2966 5633 secundos
2997 5580 3121 5632 illos
3151 5579 3431 5630 imitantur
3454 5592 3593 5645 quos

2023 5643 2364 5700 SOzoutenus
2405 5657 2816 5712 commemorat.
2852 5649 3012 5702 Juxta
3051 5651 3194 5702 enim
3235 5643 3593 5701 Nestoriano-

2021 5730 2142 5785 rum
2177 5715 2342 5768 ritum
2373 5717 2608 5770 diacono
2641 5733 2748 5771 non
2779 5717 2942 5770 datur
2979 5718 3114 5772 liber
3147 5716 3589 5785 Evangeliorum,

2020 5784 2114 5838 sed
2147 5785 2553 5852 Epistolarum,
2594 5788 2785 5841 lectori
2827 5802 2955 5840 vero
2990 5784 3442 5854 Testamentum;
3494 5789 3588 5842 sed

2019 5855 2340 5926 presbytero
2390 5857 2528 5924 soli,
2575 5873 2700 5913 cum
2736 5857 3054 5924 ordinatur,
3102 5857 3241 5913 liber
3268 5856 3591 5929 Evangelio-
