  <div class='ocr_page' id='page_1' title='image "/cluster/home/n/w/nwhite01/storage/ocr_20150623/67/mdp.39015018620115/747.png"; bbox 0 0 4066 6338; ppageno 0'>
   <div class='ocr_carea' id='block_1_1' title="bbox 633 384 779 439">
    <p class='ocr_par' dir='ltr' id='par_1_1' title="bbox 633 384 779 439">
     <span class='ocr_line' id='line_1_1' title="bbox 633 384 779 439; baseline -0.007 0"><span class='ocrx_word' id='word_1_1' title='bbox 633 384 779 439; x_wconf 60' lang='grc' dir='ltr'><strong>ἲ-ωὸ</strong></span> 
     </span>
    </p>
   </div>
   <div class='ocr_carea' id='block_1_2' title="bbox 2120 377 2462 435">
    <p class='ocr_par' dir='ltr' id='par_1_2' title="bbox 2120 377 2462 435">
     <span class='ocr_line' id='line_1_2' title="bbox 2120 377 2462 435; baseline -0.006 -1"><span class='ocrx_word' id='word_1_2' title='bbox 2120 377 2462 435; x_wconf 71' lang='lat' dir='ltr'><strong>SOZOMENI</strong></span> 
     </span>
    </p>
   </div>
   <div class='ocr_carea' id='block_1_3' title="bbox 3693 398 3786 455">
    <p class='ocr_par' dir='ltr' id='par_1_3' title="bbox 3693 398 3786 455">
     <span class='ocr_line' id='line_1_3' title="bbox 3693 398 3786 455; baseline 0.022 -4"><span class='ocrx_word' id='word_1_3' title='bbox 3693 398 3786 455; x_wconf 71' lang='lat' dir='ltr'><strong>H8&quot;</strong></span> 
     </span>
    </p>
   </div>
   <div class='ocr_carea' id='block_1_4' title="bbox 638 495 2205 578">
    <p class='ocr_par' dir='ltr' id='par_1_4' title="bbox 638 498 2205 573">
     <span class='ocr_line' id='line_1_4' title="bbox 638 498 2205 573; baseline -0.001 -17"><span class='ocrx_word' id='word_1_4' title='bbox 638 505 953 573; x_wconf 89' lang='lat' dir='ltr'><strong>impositum</strong></span> <span class='ocrx_word' id='word_1_5' title='bbox 1003 502 1304 557; x_wconf 76' lang='lat' dir='ltr'><strong>transferre</strong></span> <span class='ocrx_word' id='word_1_6' title='bbox 1354 507 1662 570; x_wconf 76' lang='lat' dir='ltr'><strong>emperunt.</strong></span> <span class='ocrx_word' id='word_1_7' title='bbox 1710 498 1816 555; x_wconf 85' lang='lat' dir='ltr'><strong>Sed</strong></span> <span class='ocrx_word' id='word_1_8' title='bbox 1860 513 1986 553; x_wconf 87' lang='lat' dir='ltr'><strong>cum</strong></span> <span class='ocrx_word' id='word_1_9' title='bbox 2031 498 2205 554; x_wconf 88' lang='lat' dir='ltr'><strong>venis-</strong></span> 
     </span>
    </p>
   </div>
   <div class='ocr_carea' id='block_1_5' title="bbox 2292 495 3790 578">
    <p class='ocr_par' dir='ltr' id='par_1_5' title="bbox 2327 495 3790 578">
     <span class='ocr_line' id='line_1_5' title="bbox 2327 495 3790 578; baseline 0.003 -24"><span class='ocrx_word' id='word_1_10' title='bbox 2327 495 2481 570; x_wconf 77' lang='grc' dir='ltr'>ἦγον.</span> <span class='ocrx_word' id='word_1_11' title='bbox 2500 500 2588 564; x_wconf 81' lang='grc' dir='ltr'>Ὠς</span> <span class='ocrx_word' id='word_1_12' title='bbox 2617 500 2673 554; x_wconf 77' lang='grc' dir='ltr'>δὲ</span> <span class='ocrx_word' id='word_1_13' title='bbox 2713 502 2792 564; x_wconf 88' lang='grc' dir='ltr'><strong>είς</strong></span> <span class='ocrx_word' id='word_1_14' title='bbox 2816 501 2877 555; x_wconf 79' lang='grc' dir='ltr'>τὸ</span> <span class='ocrx_word' id='word_1_15' title='bbox 2906 500 3224 573; x_wconf 85' lang='grc' dir='ltr'>Παντείχιον</span> <span class='ocrx_word' id='word_1_16' title='bbox 3252 497 3398 575; x_wconf 79' lang='grc' dir='ltr'>ἧκον,</span> <span class='ocrx_word' id='word_1_17' title='bbox 3421 508 3590 578; x_wconf 84' lang='grc' dir='ltr'>χωρίον</span> <span class='ocrx_word' id='word_1_18' title='bbox 3611 511 3655 566; x_wconf 67' lang='grc' dir='ltr'>δὲ</span> <span class='ocrx_word' id='word_1_19' title='bbox 3682 515 3790 569; x_wconf 62' lang='grc' dir='ltr'>τούτο</span> 
     </span>
    </p>
   </div>
   <div class='ocr_carea' id='block_1_6' title="bbox 635 589 2228 662">
    <p class='ocr_par' dir='ltr' id='par_1_6' title="bbox 635 589 2228 662">
     <span class='ocr_line' id='line_1_6' title="bbox 635 589 2228 662; baseline -0.002 -14"><span class='ocrx_word' id='word_1_20' title='bbox 635 604 758 650; x_wconf 91' lang='lat' dir='ltr'><strong>sent</strong></span> <span class='ocrx_word' id='word_1_21' title='bbox 805 594 1175 658; x_wconf 85' lang='lat' dir='ltr'><strong>Pantichium,</strong></span> <span class='ocrx_word' id='word_1_22' title='bbox 1213 593 1308 662; x_wconf 87' lang='lat' dir='ltr'><strong>qui</strong></span> <span class='ocrx_word' id='word_1_23' title='bbox 1363 593 1518 648; x_wconf 89' lang='lat' dir='ltr'><strong>locus</strong></span> <span class='ocrx_word' id='word_1_24' title='bbox 1550 600 1635 647; x_wconf 87' lang='lat' dir='ltr'><strong>est</strong></span> <span class='ocrx_word' id='word_1_25' title='bbox 1666 593 1721 647; x_wconf 89' lang='lat' dir='ltr'><strong>in</strong></span> <span class='ocrx_word' id='word_1_26' title='bbox 1755 606 1888 662; x_wconf 90' lang='lat' dir='ltr'><strong>agro</strong></span> <span class='ocrx_word' id='word_1_27' title='bbox 1923 589 2228 646; x_wconf 84' lang='lat' dir='ltr'><strong>Chalcedo-</strong></span> 
     </span>
    </p>
   </div>
   <div class='ocr_carea' id='block_1_7' title="bbox 635 684 2230 756">
    <p class='ocr_par' dir='ltr' id='par_1_7' title="bbox 635 684 2230 756">
     <span class='ocr_line' id='line_1_7' title="bbox 635 684 2230 756; baseline 0 -16"><span class='ocrx_word' id='word_1_28' title='bbox 635 687 913 750; x_wconf 91' lang='lat' dir='ltr'><strong>nensium,</strong></span> <span class='ocrx_word' id='word_1_29' title='bbox 951 686 1115 741; x_wconf 70' lang='lat' dir='ltr'><strong>mula:</strong></span> <span class='ocrx_word' id='word_1_30' title='bbox 1148 701 1273 756; x_wconf 72' lang='lat' dir='ltr'><strong>qua:</strong></span> <span class='ocrx_word' id='word_1_31' title='bbox 1305 685 1616 739; x_wconf 79' lang='lat' dir='ltr'><strong>vehiculum</strong></span> <span class='ocrx_word' id='word_1_32' title='bbox 1655 685 1970 749; x_wconf 92' lang='lat' dir='ltr'><strong>trahebant,</strong></span> <span class='ocrx_word' id='word_1_33' title='bbox 1994 684 2230 740; x_wconf 84' lang='lat' dir='ltr'><strong>ulterius</strong></span> 
     </span>
    </p>
   </div>
   <div class='ocr_carea' id='block_1_8' title="bbox 634 775 2228 848">
    <p class='ocr_par' dir='ltr' id='par_1_8' title="bbox 634 775 2228 848">
     <span class='ocr_line' id='line_1_8' title="bbox 634 775 2228 848; baseline 0.001 -18"><span class='ocrx_word' id='word_1_34' title='bbox 634 779 891 848; x_wconf 77' lang='lat' dir='ltr'><strong>progredi</strong></span> <span class='ocrx_word' id='word_1_35' title='bbox 923 779 1334 843; x_wconf 88' lang='lat' dir='ltr'><strong>detrectarunt;</strong></span> <span class='ocrx_word' id='word_1_36' title='bbox 1372 777 1536 846; x_wconf 88' lang='lat' dir='ltr'><strong>idque</strong></span> <span class='ocrx_word' id='word_1_37' title='bbox 1569 777 1696 830; x_wconf 88' lang='lat' dir='ltr'><strong>licet</strong></span> <span class='ocrx_word' id='word_1_38' title='bbox 1721 776 2017 846; x_wconf 91' lang='lat' dir='ltr'><strong>equisones</strong></span> <span class='ocrx_word' id='word_1_39' title='bbox 2049 775 2228 831; x_wconf 91' lang='lat' dir='ltr'><strong>minas</strong></span> 
     </span>
    </p>
   </div>
   <div class='ocr_carea' id='block_1_9' title="bbox 635 868 2227 940">
    <p class='ocr_par' dir='ltr' id='par_1_9' title="bbox 635 868 2227 940">
     <span class='ocr_line' id='line_1_9' title="bbox 635 868 2227 940; baseline 0.001 -16"><span class='ocrx_word' id='word_1_40' title='bbox 635 871 769 940; x_wconf 86' lang='lat' dir='ltr'><strong>ipsis</strong></span> <span class='ocrx_word' id='word_1_41' title='bbox 808 870 1170 935; x_wconf 81' lang='lat' dir='ltr'><strong>intentarent,</strong></span> <span class='ocrx_word' id='word_1_42' title='bbox 1221 877 1275 924; x_wconf 89' lang='lat' dir='ltr'><strong>et</strong></span> <span class='ocrx_word' id='word_1_43' title='bbox 1327 870 1518 939; x_wconf 80' lang='lat' dir='ltr'><strong>auriga</strong></span> <span class='ocrx_word' id='word_1_44' title='bbox 1578 868 1790 938; x_wconf 88' lang='lat' dir='ltr'><strong>llagello</strong></span> <span class='ocrx_word' id='word_1_45' title='bbox 1843 868 2088 938; x_wconf 88' lang='lat' dir='ltr'><strong>graviter</strong></span> <span class='ocrx_word' id='word_1_46' title='bbox 2134 884 2227 925; x_wconf 89' lang='lat' dir='ltr'><strong>eas</strong></span> 
     </span>
    </p>
   </div>
   <div class='ocr_carea' id='block_1_10' title="bbox 631 960 2226 1032">
    <p class='ocr_par' dir='ltr' id='par_1_10' title="bbox 631 960 2226 1032">
     <span class='ocr_line' id='line_1_10' title="bbox 631 960 2226 1032; baseline 0 -17"><span class='ocrx_word' id='word_1_47' title='bbox 631 961 888 1018; x_wconf 54' lang='lat' dir='ltr'><strong>taederet.</strong></span> <span class='ocrx_word' id='word_1_48' title='bbox 919 961 1026 1028; x_wconf 86' lang='lat' dir='ltr'><strong>Qui</strong></span> <span class='ocrx_word' id='word_1_49' title='bbox 1061 977 1186 1017; x_wconf 90' lang='lat' dir='ltr'><strong>cum</strong></span> <span class='ocrx_word' id='word_1_50' title='bbox 1217 960 1354 1014; x_wconf 89' lang='lat' dir='ltr'><strong>nihil</strong></span> <span class='ocrx_word' id='word_1_51' title='bbox 1391 961 1747 1032; x_wconf 80' lang='lat' dir='ltr'><strong>proﬁcerent,</strong></span> <span class='ocrx_word' id='word_1_52' title='bbox 1774 972 1827 1015; x_wconf 91' lang='lat' dir='ltr'><strong>et</strong></span> <span class='ocrx_word' id='word_1_53' title='bbox 1849 963 2069 1016; x_wconf 87' lang='lat' dir='ltr'><strong>cunctis</strong></span> <span class='ocrx_word' id='word_1_54' title='bbox 2097 961 2226 1031; x_wconf 84' lang='lat' dir='ltr'><strong>ipsi-</strong></span> 
     </span>
    </p>
   </div>
   <div class='ocr_carea' id='block_1_11' title="bbox 632 1052 2221 1124">
    <p class='ocr_par' dir='ltr' id='par_1_11' title="bbox 632 1052 2221 1124">
     <span class='ocr_line' id='line_1_11' title="bbox 632 1052 2221 1124; baseline 0.001 -16"><span class='ocrx_word' id='word_1_55' title='bbox 632 1070 737 1123; x_wconf 92' lang='lat' dir='ltr'><strong>que</strong></span> <span class='ocrx_word' id='word_1_56' title='bbox 783 1054 924 1109; x_wconf 86' lang='lat' dir='ltr'><strong>adeo</strong></span> <span class='ocrx_word' id='word_1_57' title='bbox 973 1053 1292 1124; x_wconf 87' lang='lat' dir='ltr'><strong>imperatori</strong></span> <span class='ocrx_word' id='word_1_58' title='bbox 1325 1067 1391 1108; x_wconf 88' lang='lat' dir='ltr'><strong>ea</strong></span> <span class='ocrx_word' id='word_1_59' title='bbox 1427 1068 1516 1108; x_wconf 88' lang='lat' dir='ltr'><strong>res</strong></span> <span class='ocrx_word' id='word_1_60' title='bbox 1558 1052 1832 1123; x_wconf 89' lang='lat' dir='ltr'><strong>stupenda</strong></span> <span class='ocrx_word' id='word_1_61' title='bbox 1878 1067 1942 1108; x_wconf 88' lang='lat' dir='ltr'><strong>ac</strong></span> <span class='ocrx_word' id='word_1_62' title='bbox 1989 1063 2221 1124; x_wconf 85' lang='lat' dir='ltr'><strong>prorsus</strong></span> 
     </span>
    </p>
   </div>
   <div class='ocr_carea' id='block_1_12' title="bbox 629 1143 2225 1209">
    <p class='ocr_par' dir='ltr' id='par_1_12' title="bbox 629 1143 2225 1209">
     <span class='ocr_line' id='line_1_12' title="bbox 629 1143 2225 1209; baseline 0.001 -9"><span class='ocrx_word' id='word_1_63' title='bbox 629 1146 819 1202; x_wconf 89' lang='lat' dir='ltr'><strong>divina</strong></span> <span class='ocrx_word' id='word_1_64' title='bbox 854 1146 1158 1209; x_wconf 81' lang='lat' dir='ltr'><strong>videretur,</strong></span> <span class='ocrx_word' id='word_1_65' title='bbox 1198 1145 1253 1200; x_wconf 95' lang='lat' dir='ltr'><strong>in</strong></span> <span class='ocrx_word' id='word_1_66' title='bbox 1285 1143 1406 1198; x_wconf 83' lang='lat' dir='ltr'><strong>vico</strong></span> <span class='ocrx_word' id='word_1_67' title='bbox 1455 1144 1664 1199; x_wconf 86' lang='lat' dir='ltr'><strong>Cosilai</strong></span> <span class='ocrx_word' id='word_1_68' title='bbox 1705 1159 1932 1200; x_wconf 90' lang='lat' dir='ltr'><strong>sacrum</strong></span> <span class='ocrx_word' id='word_1_69' title='bbox 1963 1144 2099 1200; x_wconf 91' lang='lat' dir='ltr'><strong>illud</strong></span> <span class='ocrx_word' id='word_1_70' title='bbox 2129 1161 2225 1201; x_wconf 83' lang='lat' dir='ltr'><strong>ca-</strong></span> 
     </span>
    </p>
   </div>
   <div class='ocr_carea' id='block_1_13' title="bbox 629 1234 2220 1308">
    <p class='ocr_par' dir='ltr' id='par_1_13' title="bbox 629 1234 2220 1308">
     <span class='ocr_line' id='line_1_13' title="bbox 629 1234 2220 1308; baseline -0.001 -18"><span class='ocrx_word' id='word_1_71' title='bbox 629 1247 727 1306; x_wconf 87' lang='lat' dir='ltr'><strong>put</strong></span> <span class='ocrx_word' id='word_1_72' title='bbox 756 1239 1154 1308; x_wconf 89' lang='lat' dir='ltr'><strong>deposuerunt.</strong></span> <span class='ocrx_word' id='word_1_73' title='bbox 1185 1235 1316 1290; x_wconf 85' lang='lat' dir='ltr'><strong>Erat</strong></span> <span class='ocrx_word' id='word_1_74' title='bbox 1347 1235 1496 1290; x_wconf 90' lang='lat' dir='ltr'><strong>enim</strong></span> <span class='ocrx_word' id='word_1_75' title='bbox 1531 1234 1621 1290; x_wconf 92' lang='lat' dir='ltr'><strong>hic</strong></span> <span class='ocrx_word' id='word_1_76' title='bbox 1662 1234 1820 1290; x_wconf 88' lang='lat' dir='ltr'><strong>vicus</strong></span> <span class='ocrx_word' id='word_1_77' title='bbox 1859 1236 1914 1289; x_wconf 93' lang='lat' dir='ltr'><strong>in</strong></span> <span class='ocrx_word' id='word_1_78' title='bbox 1947 1235 2220 1306; x_wconf 79' lang='lat' dir='ltr'><strong>proximo,</strong></span> 
     </span>
    </p>
   </div>
   <div class='ocr_carea' id='block_1_14' title="bbox 625 1313 2222 1400">
    <p class='ocr_par' dir='ltr' id='par_1_14' title="bbox 625 1313 2222 1400">
     <span class='ocr_line' id='line_1_14' title="bbox 625 1313 2222 1400; baseline -0.001 -15"><span class='ocrx_word' id='word_1_79' title='bbox 625 1340 681 1385; x_wconf 88' lang='lat' dir='ltr'><strong>et</strong></span> <span class='ocrx_word' id='word_1_80' title='bbox 730 1331 797 1384; x_wconf 88' lang='lat' dir='ltr'><strong>ad</strong></span> <span class='ocrx_word' id='word_1_81' title='bbox 845 1329 1230 1400; x_wconf 85' lang='lat' dir='ltr'><strong>supradictum</strong></span> <span class='ocrx_word' id='word_1_82' title='bbox 1274 1327 1622 1384; x_wconf 83' lang='lat' dir='ltr'><strong>Mardonium</strong></span> <span class='ocrx_word' id='word_1_83' title='bbox 1677 1313 2016 1399; x_wconf 79' lang='lat' dir='ltr'><strong>pertinebat.</strong></span> <span class='ocrx_word' id='word_1_84' title='bbox 2047 1327 2222 1383; x_wconf 79' lang='lat' dir='ltr'><strong>Porro</strong></span> 
     </span>
    </p>
   </div>
   <div class='ocr_carea' id='block_1_15' title="bbox 625 1419 2222 1492">
    <p class='ocr_par' dir='ltr' id='par_1_15' title="bbox 625 1419 2222 1492">
     <span class='ocr_line' id='line_1_15' title="bbox 625 1419 2222 1492; baseline -0.002 -13"><span class='ocrx_word' id='word_1_85' title='bbox 625 1426 773 1479; x_wconf 86' lang='lat' dir='ltr'><strong>circa</strong></span> <span class='ocrx_word' id='word_1_86' title='bbox 818 1425 922 1477; x_wconf 91' lang='lat' dir='ltr'><strong>hoe</strong></span> <span class='ocrx_word' id='word_1_87' title='bbox 955 1430 1196 1492; x_wconf 83' lang='lat' dir='ltr'><strong>tempus,</strong></span> <span class='ocrx_word' id='word_1_88' title='bbox 1226 1419 1346 1477; x_wconf 85' lang='lat' dir='ltr'><strong>sive</strong></span> <span class='ocrx_word' id='word_1_89' title='bbox 1392 1419 1510 1483; x_wconf 87' lang='lat' dir='ltr'><strong>Dei,</strong></span> <span class='ocrx_word' id='word_1_90' title='bbox 1554 1419 1674 1474; x_wconf 83' lang='lat' dir='ltr'><strong>sive</strong></span> <span class='ocrx_word' id='word_1_91' title='bbox 1717 1419 2004 1490; x_wconf 72' lang='lat' dir='ltr'><strong>prephelae</strong></span> <span class='ocrx_word' id='word_1_92' title='bbox 2046 1419 2222 1490; x_wconf 89' lang='lat' dir='ltr'><strong>ipsius</strong></span> 
     </span>
    </p>
   </div>
   <div class='ocr_carea' id='block_1_16' title="bbox 623 1509 2219 1587">
    <p class='ocr_par' dir='ltr' id='par_1_16' title="bbox 623 1509 2219 1587">
     <span class='ocr_line' id='line_1_16' title="bbox 623 1509 2219 1587; baseline -0.005 -13"><span class='ocrx_word' id='word_1_93' title='bbox 623 1516 892 1587; x_wconf 76' lang='lat' dir='ltr'><strong>impulsu,</strong></span> <span class='ocrx_word' id='word_1_94' title='bbox 925 1514 1226 1583; x_wconf 75' lang='lat' dir='ltr'><strong>imperator</strong></span> <span class='ocrx_word' id='word_1_95' title='bbox 1255 1510 1606 1568; x_wconf 83' lang='lat' dir='ltr'><strong>Theodosius</strong></span> <span class='ocrx_word' id='word_1_96' title='bbox 1637 1509 1707 1566; x_wconf 91' lang='lat' dir='ltr'><strong>ad</strong></span> <span class='ocrx_word' id='word_1_97' title='bbox 1734 1526 1860 1565; x_wconf 90' lang='lat' dir='ltr'><strong>eum</strong></span> <span class='ocrx_word' id='word_1_98' title='bbox 1885 1510 2066 1567; x_wconf 88' lang='lat' dir='ltr'><strong>locum</strong></span> <span class='ocrx_word' id='word_1_99' title='bbox 2094 1527 2219 1581; x_wconf 88' lang='lat' dir='ltr'><strong>per-</strong></span> 
     </span>
    </p>
   </div>
   <div class='ocr_carea' id='block_1_17' title="bbox 621 1601 2219 1676">
    <p class='ocr_par' dir='ltr' id='par_1_17' title="bbox 621 1601 2219 1676">
     <span class='ocr_line' id='line_1_17' title="bbox 621 1601 2219 1676; baseline -0.005 -12"><span class='ocrx_word' id='word_1_100' title='bbox 621 1609 788 1666; x_wconf 81' lang='lat' dir='ltr'><strong>rexit.</strong></span> <span class='ocrx_word' id='word_1_101' title='bbox 847 1607 1100 1676; x_wconf 86' lang='lat' dir='ltr'><strong>Cumque</strong></span> <span class='ocrx_word' id='word_1_102' title='bbox 1152 1603 1417 1674; x_wconf 80' lang='lat' dir='ltr'><strong>Baptistae</strong></span> <span class='ocrx_word' id='word_1_103' title='bbox 1477 1602 1747 1672; x_wconf 89' lang='lat' dir='ltr'><strong>reliquias</strong></span> <span class='ocrx_word' id='word_1_104' title='bbox 1811 1601 1940 1657; x_wconf 93' lang='lat' dir='ltr'><strong>inde</strong></span> <span class='ocrx_word' id='word_1_105' title='bbox 1998 1602 2219 1657; x_wconf 80' lang='lat' dir='ltr'><strong>auferre</strong></span> 
     </span>
    </p>
   </div>
   <div class='ocr_carea' id='block_1_18' title="bbox 621 1693 2215 1764">
    <p class='ocr_par' dir='ltr' id='par_1_18' title="bbox 621 1693 2215 1764">
     <span class='ocr_line' id='line_1_18' title="bbox 621 1693 2215 1764; baseline -0.005 -8"><span class='ocrx_word' id='word_1_106' title='bbox 621 1702 808 1763; x_wconf 86' lang='lat' dir='ltr'><strong>vellet,</strong></span> <span class='ocrx_word' id='word_1_107' title='bbox 839 1699 982 1762; x_wconf 89' lang='lat' dir='ltr'><strong>sola,</strong></span> <span class='ocrx_word' id='word_1_108' title='bbox 1015 1705 1078 1752; x_wconf 90' lang='lat' dir='ltr'><strong>ut</strong></span> <span class='ocrx_word' id='word_1_109' title='bbox 1111 1697 1292 1760; x_wconf 88' lang='lat' dir='ltr'><strong>aiunt,</strong></span> <span class='ocrx_word' id='word_1_110' title='bbox 1326 1695 1380 1750; x_wconf 89' lang='lat' dir='ltr'><strong>ei</strong></span> <span class='ocrx_word' id='word_1_111' title='bbox 1423 1694 1632 1750; x_wconf 81' lang='lat' dir='ltr'><strong>restitit</strong></span> <span class='ocrx_word' id='word_1_112' title='bbox 1668 1693 1936 1757; x_wconf 80' lang='lat' dir='ltr'><strong>Matrona,</strong></span> <span class='ocrx_word' id='word_1_113' title='bbox 1973 1709 2098 1764; x_wconf 70' lang='lat' dir='ltr'><strong>quae</strong></span> <span class='ocrx_word' id='word_1_114' title='bbox 2125 1710 2215 1750; x_wconf 90' lang='lat' dir='ltr'><strong>sa-</strong></span> 
     </span>
    </p>
   </div>
   <div class='ocr_carea' id='block_1_19' title="bbox 621 1788 2216 1865">
    <p class='ocr_par' dir='ltr' id='par_1_19' title="bbox 621 1788 2216 1865">
     <span class='ocr_line' id='line_1_19' title="bbox 621 1788 2216 1865; baseline -0.006 -14"><span class='ocrx_word' id='word_1_115' title='bbox 621 1805 774 1850; x_wconf 84' lang='lat' dir='ltr'><strong>erata</strong></span> <span class='ocrx_word' id='word_1_116' title='bbox 801 1793 1028 1865; x_wconf 87' lang='lat' dir='ltr'><strong>quidem</strong></span> <span class='ocrx_word' id='word_1_117' title='bbox 1069 1791 1223 1862; x_wconf 85' lang='lat' dir='ltr'><strong>virgo</strong></span> <span class='ocrx_word' id='word_1_118' title='bbox 1246 1798 1404 1858; x_wconf 85' lang='lat' dir='ltr'><strong>erat;</strong></span> <span class='ocrx_word' id='word_1_119' title='bbox 1431 1798 1692 1845; x_wconf 68' lang='lat' dir='ltr'><strong>caeterum</strong></span> <span class='ocrx_word' id='word_1_120' title='bbox 1733 1797 1900 1859; x_wconf 86' lang='lat' dir='ltr'><strong>caput</strong></span> <span class='ocrx_word' id='word_1_121' title='bbox 1928 1788 2065 1843; x_wconf 90' lang='lat' dir='ltr'><strong>illud</strong></span> <span class='ocrx_word' id='word_1_122' title='bbox 2094 1797 2216 1843; x_wconf 90' lang='lat' dir='ltr'><strong>tan-</strong></span> 
     </span>
    </p>
   </div>
   <div class='ocr_carea' id='block_1_20' title="bbox 2335 591 3792 674">
    <p class='ocr_par' dir='ltr' id='par_1_20' title="bbox 2335 591 3792 674">
     <span class='ocr_line' id='line_1_20' title="bbox 2335 591 3792 674; baseline 0.01 -31"><span class='ocrx_word' id='word_1_123' title='bbox 2335 591 2704 662; x_wconf 74' lang='grc' dir='ltr'><strong>Χαλκηδόνος,</strong></span> <span class='ocrx_word' id='word_1_124' title='bbox 2737 593 2920 646; x_wconf 82' lang='grc' dir='ltr'>οὐκέτι</span> <span class='ocrx_word' id='word_1_125' title='bbox 2973 593 3303 665; x_wconf 80' lang='grc' dir='ltr'><strong>προσωτέρω</strong></span> <span class='ocrx_word' id='word_1_126' title='bbox 3356 596 3559 665; x_wconf 79' lang='grc' dir='ltr'><strong>βαδίζειν</strong></span> <span class='ocrx_word' id='word_1_127' title='bbox 3585 604 3792 674; x_wconf 61' lang='grc' dir='ltr'>ἠνείχοντο</span> 
     </span>
    </p>
   </div>
   <div class='ocr_carea' id='block_1_21' title="bbox 2332 681 3792 754">
    <p class='ocr_par' dir='ltr' id='par_1_21' title="bbox 2332 681 3792 754">
     <span class='ocr_line' id='line_1_21' title="bbox 2332 681 3792 754; baseline 0.01 -20"><span class='ocrx_word' id='word_1_128' title='bbox 2332 683 2387 734; x_wconf 90' lang='grc' dir='ltr'><strong>αί</strong></span> <span class='ocrx_word' id='word_1_129' title='bbox 2419 681 2479 734; x_wconf 74' lang='grc' dir='ltr'>τὸ</span> <span class='ocrx_word' id='word_1_130' title='bbox 2521 682 2703 752; x_wconf 74' lang='grc' dir='ltr'>ὄχημα</span> <span class='ocrx_word' id='word_1_131' title='bbox 2737 683 3095 738; x_wconf 86' lang='grc' dir='ltr'>καθέλκουσαι</span> <span class='ocrx_word' id='word_1_132' title='bbox 3147 685 3394 754; x_wconf 80' lang='grc' dir='ltr'>ἡμίονοι,</span> <span class='ocrx_word' id='word_1_133' title='bbox 3431 691 3514 743; x_wconf 72' lang='grc' dir='ltr'>καὶ</span> <span class='ocrx_word' id='word_1_134' title='bbox 3550 692 3685 748; x_wconf 64' lang='grc' dir='ltr'><strong>ταῦτα⁸</strong></span> <span class='ocrx_word' id='word_1_135' title='bbox 3720 698 3792 748; x_wconf 74' lang='grc' dir='ltr'>τῶν</span> 
     </span>
    </p>
   </div>
   <div class='ocr_carea' id='block_1_22' title="bbox 2333 775 3792 854">
    <p class='ocr_par' dir='ltr' id='par_1_22' title="bbox 2333 775 3792 854">
     <span class='ocr_line' id='line_1_22' title="bbox 2333 775 3792 854; baseline 0.009 -28"><span class='ocrx_word' id='word_1_136' title='bbox 2333 775 2656 845; x_wconf 75' lang='grc' dir='ltr'><strong>ἱπποκόμων</strong></span> <span class='ocrx_word' id='word_1_137' title='bbox 2682 777 3140 842; x_wconf 79' lang='grc' dir='ltr'>ἐπαπειλοῦντων,</span> <span class='ocrx_word' id='word_1_138' title='bbox 3169 781 3261 832; x_wconf 79' lang='grc' dir='ltr'><strong>καὶ</strong></span> <span class='ocrx_word' id='word_1_139' title='bbox 3286 779 3372 832; x_wconf 84' lang='grc' dir='ltr'><strong>τοῦ</strong></span> <span class='ocrx_word' id='word_1_140' title='bbox 3400 782 3586 851; x_wconf 76' lang='grc' dir='ltr'>ἡνιόχου</span> <span class='ocrx_word' id='word_1_141' title='bbox 3610 786 3792 854; x_wconf 66' lang='grc' dir='ltr'>χαλεπῶς</span> 
     </span>
    </p>
   </div>
   <div class='ocr_carea' id='block_1_23' title="bbox 2329 869 3794 944">
    <p class='ocr_par' dir='ltr' id='par_1_23' title="bbox 2329 869 3794 944">
     <span class='ocr_line' id='line_1_23' title="bbox 2329 869 3794 944; baseline 0.009 -24"><span class='ocrx_word' id='word_1_142' title='bbox 2329 870 2393 938; x_wconf 83' lang='grc' dir='ltr'>τῇ</span> <span class='ocrx_word' id='word_1_143' title='bbox 2435 870 2661 938; x_wconf 83' lang='grc' dir='ltr'><strong>μάστιγι</strong></span> <span class='ocrx_word' id='word_1_144' title='bbox 2686 869 3022 936; x_wconf 88' lang='grc' dir='ltr'>κεντοῦντος.</span> <span class='ocrx_word' id='word_1_145' title='bbox 3062 873 3159 936; x_wconf 85' lang='grc' dir='ltr'><strong>-Ὥς</strong></span> <span class='ocrx_word' id='word_1_146' title='bbox 3206 873 3260 926; x_wconf 88' lang='grc' dir='ltr'>δὲ</span> <span class='ocrx_word' id='word_1_147' title='bbox 3299 875 3440 928; x_wconf 82' lang='grc' dir='ltr'>οὐδὲν</span> <span class='ocrx_word' id='word_1_148' title='bbox 3484 877 3794 944; x_wconf 73' lang='grc' dir='ltr'>ἧνυον,ὲδόιιει</span> 
     </span>
    </p>
   </div>
   <div class='ocr_carea' id='block_1_24' title="bbox 2327 959 3796 1036">
    <p class='ocr_par' dir='ltr' id='par_1_24' title="bbox 2327 959 3796 1036">
     <span class='ocr_line' id='line_1_24' title="bbox 2327 959 3796 1036; baseline 0.007 -24"><span class='ocrx_word' id='word_1_149' title='bbox 2327 959 2383 1012; x_wconf 86' lang='grc' dir='ltr'>δὲ</span> <span class='ocrx_word' id='word_1_150' title='bbox 2419 963 2550 1014; x_wconf 78' lang='grc' dir='ltr'>πᾶσι</span> <span class='ocrx_word' id='word_1_151' title='bbox 2599 962 2694 1015; x_wconf 76' lang='grc' dir='ltr'>καὶ</span> <span class='ocrx_word' id='word_1_152' title='bbox 2734 961 2882 1032; x_wconf 78' lang='grc' dir='ltr'>αὐτῷ</span> <span class='ocrx_word' id='word_1_153' title='bbox 2912 961 2988 1032; x_wconf 88' lang='grc' dir='ltr'>τῷ</span> <span class='ocrx_word' id='word_1_154' title='bbox 3040 962 3251 1033; x_wconf 81' lang='grc' dir='ltr'>βασιλεῖ</span> <span class='ocrx_word' id='word_1_155' title='bbox 3295 966 3567 1036; x_wconf 80' lang='grc' dir='ltr'>παράδοξον</span> <span class='ocrx_word' id='word_1_156' title='bbox 3600 965 3707 1022; x_wconf 83' lang='grc' dir='ltr'>εἷναι</span> <span class='ocrx_word' id='word_1_157' title='bbox 3733 975 3796 1024; x_wconf 68' lang='lat' dir='ltr'><strong>ut</strong></span> 
     </span>
    </p>
   </div>
   <div class='ocr_carea' id='block_1_25' title="bbox 2328 1049 3797 1132">
    <p class='ocr_par' dir='ltr' id='par_1_25' title="bbox 2328 1049 3797 1132">
     <span class='ocr_line' id='line_1_25' title="bbox 2328 1049 3797 1132; baseline 0.007 -30"><span class='ocrx_word' id='word_1_158' title='bbox 2328 1049 2470 1103; x_wconf 84' lang='grc' dir='ltr'>θεῖον</span> <span class='ocrx_word' id='word_1_159' title='bbox 2499 1049 2561 1103; x_wconf 86' lang='grc' dir='ltr'>τὸ</span> <span class='ocrx_word' id='word_1_160' title='bbox 2603 1053 2836 1122; x_wconf 80' lang='grc' dir='ltr'>πρᾶγμα</span> <span class='ocrx_word' id='word_1_161' title='bbox 2854 1092 2866 1110; x_wconf 86' lang='grc'><strong>,</strong></span> <span class='ocrx_word' id='word_1_162' title='bbox 2899 1052 3165 1107; x_wconf 82' lang='grc' dir='ltr'><strong>ἀπέθεντο</strong></span> <span class='ocrx_word' id='word_1_163' title='bbox 3191 1053 3392 1125; x_wconf 63' lang='grc' dir='ltr'>ταύτην</span> <span class='ocrx_word' id='word_1_164' title='bbox 3418 1056 3504 1126; x_wconf 76' lang='grc' dir='ltr'><strong>τὴν</strong></span> <span class='ocrx_word' id='word_1_165' title='bbox 3527 1058 3650 1128; x_wconf 72' lang='grc' dir='ltr'>ἱερὰν</span> <span class='ocrx_word' id='word_1_166' title='bbox 3676 1079 3797 1132; x_wconf 60' lang='lat' dir='ltr'><strong>mea.</strong></span> 
     </span>
    </p>
   </div>
   <div class='ocr_carea' id='block_1_26' title="bbox 2325 1142 3796 1218">
    <p class='ocr_par' dir='ltr' id='par_1_26' title="bbox 2325 1142 3796 1218">
     <span class='ocr_line' id='line_1_26' title="bbox 2325 1142 3796 1218; baseline 0.01 -24"><span class='ocrx_word' id='word_1_167' title='bbox 2325 1142 2422 1212; x_wconf 80' lang='grc' dir='ltr'><strong>λὴν</strong></span> <span class='ocrx_word' id='word_1_168' title='bbox 2461 1144 2521 1196; x_wconf 90' lang='grc' dir='ltr'><strong>ἐν</strong></span> <span class='ocrx_word' id='word_1_169' title='bbox 2557 1147 2625 1215; x_wconf 83' lang='grc' dir='ltr'>τῇ</span> <span class='ocrx_word' id='word_1_170' title='bbox 2652 1145 2922 1200; x_wconf 85' lang='grc' dir='ltr'>Κοσιλὰου</span> <span class='ocrx_word' id='word_1_171' title='bbox 2954 1145 3136 1216; x_wconf 82' lang='grc' dir='ltr'>κώμῃ.</span> <span class='ocrx_word' id='word_1_172' title='bbox 3179 1147 3373 1216; x_wconf 85' lang='grc' dir='ltr'>Ἔτυχε</span> <span class='ocrx_word' id='word_1_173' title='bbox 3394 1148 3492 1218; x_wconf 84' lang='grc' dir='ltr'>γὰρ</span> <span class='ocrx_word' id='word_1_174' title='bbox 3534 1151 3586 1203; x_wconf 83' lang='grc' dir='ltr'>ἐκ</span> <span class='ocrx_word' id='word_1_175' title='bbox 3611 1155 3796 1218; x_wconf 83' lang='grc' dir='ltr'>γειτόνων</span> 
     </span>
    </p>
   </div>
   <div class='ocr_carea' id='block_1_27' title="bbox 2323 1229 3796 1310">
    <p class='ocr_par' dir='ltr' id='par_1_27' title="bbox 2323 1229 3796 1310">
     <span class='ocr_line' id='line_1_27' title="bbox 2323 1229 3796 1310; baseline 0.007 -24"><span class='ocrx_word' id='word_1_176' title='bbox 2323 1229 2480 1298; x_wconf 77' lang='grc' dir='ltr'>οὖσα,</span> <span class='ocrx_word' id='word_1_177' title='bbox 2509 1236 2603 1288; x_wconf 75' lang='grc' dir='ltr'><strong>καὶ</strong></span> <span class='ocrx_word' id='word_1_178' title='bbox 2639 1237 2946 1308; x_wconf 80' lang='grc' dir='ltr'><strong>Μαρδονίου</strong></span> <span class='ocrx_word' id='word_1_179' title='bbox 2979 1237 3172 1290; x_wconf 76' lang='grc' dir='ltr'>τούτου</span> <span class='ocrx_word' id='word_1_180' title='bbox 3203 1240 3403 1308; x_wconf 83' lang='grc' dir='ltr'>κτῆμα.</span> <span class='ocrx_word' id='word_1_181' title='bbox 3431 1240 3551 1310; x_wconf 76' lang='grc' dir='ltr'>Περὶ</span> <span class='ocrx_word' id='word_1_182' title='bbox 3585 1241 3632 1294; x_wconf 86' lang='grc' dir='ltr'><strong>δέ</strong></span> <span class='ocrx_word' id='word_1_183' title='bbox 3664 1244 3796 1296; x_wconf 76' lang='grc' dir='ltr'>τοῦτον</span> 
     </span>
    </p>
   </div>
   <div class='ocr_carea' id='block_1_28' title="bbox 2322 1327 3798 1404">
    <p class='ocr_par' dir='ltr' id='par_1_28' title="bbox 2322 1327 3798 1404">
     <span class='ocr_line' id='line_1_28' title="bbox 2322 1327 3798 1404; baseline 0.003 -23"><span class='ocrx_word' id='word_1_184' title='bbox 2322 1327 2413 1381; x_wconf 83' lang='grc' dir='ltr'><strong>τὸν</strong></span> <span class='ocrx_word' id='word_1_185' title='bbox 2469 1330 2697 1400; x_wconf 87' lang='grc' dir='ltr'>χρόνον,</span> <span class='ocrx_word' id='word_1_186' title='bbox 2749 1329 2782 1400; x_wconf 86' lang='grc' dir='ltr'>ἢ</span> <span class='ocrx_word' id='word_1_187' title='bbox 2833 1330 2928 1382; x_wconf 76' lang='grc' dir='ltr'><strong>τοῦ</strong></span> <span class='ocrx_word' id='word_1_188' title='bbox 2975 1330 3143 1394; x_wconf 83' lang='grc' dir='ltr'>Θεοῦ,</span> <span class='ocrx_word' id='word_1_189' title='bbox 3200 1331 3233 1400; x_wconf 80' lang='grc' dir='ltr'>ἢ</span> <span class='ocrx_word' id='word_1_190' title='bbox 3274 1330 3430 1383; x_wconf 80' lang='grc' dir='ltr'>αὑτοῦ</span> <span class='ocrx_word' id='word_1_191' title='bbox 3468 1332 3551 1384; x_wconf 89' lang='grc' dir='ltr'><strong>τοῦ</strong></span> <span class='ocrx_word' id='word_1_192' title='bbox 3596 1338 3798 1404; x_wconf 73' lang='grc' dir='ltr'><strong>προφήτου</strong></span> 
     </span>
    </p>
   </div>
   <div class='ocr_carea' id='block_1_29' title="bbox 2323 1417 3797 1495">
    <p class='ocr_par' dir='ltr' id='par_1_29' title="bbox 2323 1417 3797 1495">
     <span class='ocr_line' id='line_1_29' title="bbox 2323 1417 3797 1495; baseline 0.003 -21"><span class='ocrx_word' id='word_1_193' title='bbox 2323 1417 2768 1493; x_wconf 85' lang='grc' dir='ltr'>κινοῦντος,ἦκεν</span> <span class='ocrx_word' id='word_1_194' title='bbox 2796 1424 2877 1485; x_wconf 88' lang='grc' dir='ltr'><strong>είς</strong></span> <span class='ocrx_word' id='word_1_195' title='bbox 2908 1423 3065 1494; x_wconf 81' lang='grc' dir='ltr'>τήνδε</span> <span class='ocrx_word' id='word_1_196' title='bbox 3097 1422 3197 1492; x_wconf 77' lang='grc' dir='ltr'><strong>τὴν</strong></span> <span class='ocrx_word' id='word_1_197' title='bbox 3219 1421 3408 1492; x_wconf 82' lang='grc' dir='ltr'>κώμην</span> <span class='ocrx_word' id='word_1_198' title='bbox 3437 1423 3669 1488; x_wconf 78' lang='grc' dir='ltr'>Θεοδόσιος</span> <span class='ocrx_word' id='word_1_199' title='bbox 3693 1427 3797 1495; x_wconf 70' lang='grc' dir='ltr'><strong>ὀβο-</strong></span> 
     </span>
    </p>
   </div>
   <div class='ocr_carea' id='block_1_30' title="bbox 2322 1514 3800 1587">
    <p class='ocr_par' dir='ltr' id='par_1_30' title="bbox 2322 1514 3800 1587">
     <span class='ocr_line' id='line_1_30' title="bbox 2322 1514 3800 1587; baseline 0.001 -19"><span class='ocrx_word' id='word_1_200' title='bbox 2322 1516 2522 1580; x_wconf 87' lang='grc' dir='ltr'>σιλεύς.</span> <span class='ocrx_word' id='word_1_201' title='bbox 2557 1516 2874 1586; x_wconf 82' lang='grc' dir='ltr'>Βουλομένῳ</span> <span class='ocrx_word' id='word_1_202' title='bbox 2938 1533 2997 1569; x_wconf 90' lang='grc' dir='ltr'><strong>τε</strong></span> <span class='ocrx_word' id='word_1_203' title='bbox 3046 1514 3141 1568; x_wconf 85' lang='grc' dir='ltr'><strong>τοῦ</strong></span> <span class='ocrx_word' id='word_1_204' title='bbox 3185 1516 3482 1569; x_wconf 86' lang='grc' dir='ltr'>Βαπτιστοῦ</span> <span class='ocrx_word' id='word_1_205' title='bbox 3526 1516 3576 1570; x_wconf 74' lang='grc' dir='ltr'><strong>τὺ</strong></span> <span class='ocrx_word' id='word_1_206' title='bbox 3617 1517 3800 1587; x_wconf 70' lang='grc' dir='ltr'>λείψανον</span> 
     </span>
    </p>
   </div>
   <div class='ocr_carea' id='block_1_31' title="bbox 2319 1604 3799 1676">
    <p class='ocr_par' dir='ltr' id='par_1_31' title="bbox 2319 1604 3799 1676">
     <span class='ocr_line' id='line_1_31' title="bbox 2319 1604 3799 1676; baseline 0.003 -20"><span class='ocrx_word' id='word_1_207' title='bbox 2319 1605 2522 1669; x_wconf 70' lang='grc' dir='ltr'>λαϐεῖν,</span> <span class='ocrx_word' id='word_1_208' title='bbox 2545 1606 2712 1676; x_wconf 82' lang='grc' dir='ltr'>μόνην</span> <span class='ocrx_word' id='word_1_209' title='bbox 2734 1605 2898 1674; x_wconf 77' lang='grc' dir='ltr'>φασὶν</span> <span class='ocrx_word' id='word_1_210' title='bbox 2922 1606 3195 1659; x_wconf 73' lang='grc' dir='ltr'><strong>ἀπειπεῖν</strong></span> <span class='ocrx_word' id='word_1_211' title='bbox 3212 1604 3525 1676; x_wconf 85' lang='grc' dir='ltr'>Ματρὼναν,</span> <span class='ocrx_word' id='word_1_212' title='bbox 3549 1608 3578 1674; x_wconf 81' lang='grc' dir='ltr'>ἢ</span> <span class='ocrx_word' id='word_1_213' title='bbox 3601 1608 3799 1676; x_wconf 83' lang='grc' dir='ltr'><strong>παρθένος</strong></span> 
     </span>
    </p>
   </div>
   <div class='ocr_carea' id='block_1_32' title="bbox 2323 1692 3802 1768">
    <p class='ocr_par' dir='ltr' id='par_1_32' title="bbox 2323 1692 3802 1768">
     <span class='ocr_line' id='line_1_32' title="bbox 2323 1692 3802 1768; baseline -0.001 -16"><span class='ocrx_word' id='word_1_214' title='bbox 2323 1698 2420 1768; x_wconf 90' lang='grc' dir='ltr'>μέν</span> <span class='ocrx_word' id='word_1_215' title='bbox 2446 1692 2514 1766; x_wconf 80' lang='grc' dir='ltr'><strong>ἦν</strong></span> <span class='ocrx_word' id='word_1_216' title='bbox 2552 1695 2671 1768; x_wconf 82' lang='grc' dir='ltr'>ἱερὰ</span> <span class='ocrx_word' id='word_1_217' title='bbox 2695 1736 2711 1761; x_wconf 89' lang='grc'><strong>,</strong></span> <span class='ocrx_word' id='word_1_218' title='bbox 2761 1696 2947 1750; x_wconf 76' lang='grc' dir='ltr'>εἵπετο</span> <span class='ocrx_word' id='word_1_219' title='bbox 2977 1697 3034 1749; x_wconf 81' lang='grc' dir='ltr'>δὲ</span> <span class='ocrx_word' id='word_1_220' title='bbox 3079 1697 3216 1766; x_wconf 81' lang='grc' dir='ltr'><strong>αὐτῇ</strong></span> <span class='ocrx_word' id='word_1_221' title='bbox 3267 1695 3498 1759; x_wconf 83' lang='grc' dir='ltr'>διάκονος</span> <span class='ocrx_word' id='word_1_222' title='bbox 3525 1697 3618 1766; x_wconf 84' lang='grc'>(57)</span> <span class='ocrx_word' id='word_1_223' title='bbox 3640 1698 3711 1749; x_wconf 77' lang='grc' dir='ltr'><strong>καὶ</strong></span> <span class='ocrx_word' id='word_1_224' title='bbox 3735 1699 3802 1764; x_wconf 68' lang='grc' dir='ltr'><strong>φύ-</strong></span> 
     </span>
    </p>
   </div>
   <div class='ocr_carea' id='block_1_33' title="bbox 2317 1786 3802 1859">
    <p class='ocr_par' dir='ltr' id='par_1_33' title="bbox 2317 1786 3802 1859">
     <span class='ocr_line' id='line_1_33' title="bbox 2317 1786 3802 1859; baseline -0.003 -16"><span class='ocrx_word' id='word_1_225' title='bbox 2317 1788 2438 1856; x_wconf 82' lang='grc' dir='ltr'>λαξ.</span> <span class='ocrx_word' id='word_1_226' title='bbox 2482 1787 2874 1859; x_wconf 83' lang='grc' dir='ltr'>Ἀνθισταμένη</span> <span class='ocrx_word' id='word_1_227' title='bbox 2929 1787 2985 1840; x_wconf 82' lang='grc' dir='ltr'>δὲ</span> <span class='ocrx_word' id='word_1_228' title='bbox 3041 1789 3204 1840; x_wconf 73' lang='grc' dir='ltr'>παντὶ</span> <span class='ocrx_word' id='word_1_229' title='bbox 3235 1787 3426 1850; x_wconf 84' lang='grc' dir='ltr'>σθένει,</span> <span class='ocrx_word' id='word_1_230' title='bbox 3462 1786 3704 1856; x_wconf 78' lang='grc' dir='ltr'>βιάσασθαι</span> <span class='ocrx_word' id='word_1_231' title='bbox 3734 1788 3802 1856; x_wconf 83' lang='grc' dir='ltr'><strong>οὐχ</strong></span> 
     </span>
    </p>
   </div>
   <div class='ocr_carea' id='block_1_34' title="bbox 619 1859 2205 1959">
    <p class='ocr_par' dir='ltr' id='par_1_34' title="bbox 619 1859 2205 1959">
     <span class='ocr_line' id='line_1_34' title="bbox 619 1859 2205 1959; baseline -0.007 -17"><span class='ocrx_word' id='word_1_232' title='bbox 619 1903 789 1959; x_wconf 81' lang='lat' dir='ltr'><strong>quam</strong></span> <span class='ocrx_word' id='word_1_233' title='bbox 813 1859 1068 1942; x_wconf 78' lang='lat' dir='ltr'><strong>ministra</strong></span> <span class='ocrx_word' id='word_1_234' title='bbox 1081 1892 1136 1939; x_wconf 88' lang='lat' dir='ltr'><strong>et</strong></span> <span class='ocrx_word' id='word_1_235' title='bbox 1153 1859 1343 1940; x_wconf 83' lang='lat' dir='ltr'><strong>custos</strong></span> <span class='ocrx_word' id='word_1_236' title='bbox 1359 1882 1751 1938; x_wconf 85' lang='lat' dir='ltr'><strong>comitabatur.</strong></span> <span class='ocrx_word' id='word_1_237' title='bbox 1770 1883 1907 1937; x_wconf 87' lang='lat' dir='ltr'><strong>Cum</strong></span> <span class='ocrx_word' id='word_1_238' title='bbox 1932 1882 2100 1952; x_wconf 78' lang='lat' dir='ltr'><strong>igitur</strong></span> <span class='ocrx_word' id='word_1_239' title='bbox 2125 1882 2205 1936; x_wconf 85' lang='lat' dir='ltr'><strong>illa</strong></span> 
     </span>
    </p>
   </div>
   <div class='ocr_carea' id='block_1_35' title="bbox 2292 1859 3802 1959">
    <p class='ocr_par' dir='ltr' id='par_1_35' title="bbox 2319 1879 3802 1952">
     <span class='ocr_line' id='line_1_35' title="bbox 2319 1879 3802 1952; baseline -0.003 -16"><span class='ocrx_word' id='word_1_240' title='bbox 2319 1881 2597 1952; x_wconf 79' lang='grc' dir='ltr'><strong>ἡγήσαντο</strong></span> <span class='ocrx_word' id='word_1_241' title='bbox 2621 1881 2731 1934; x_wconf 75' lang='grc' dir='ltr'>δεῖν</span> <span class='ocrx_word' id='word_1_242' title='bbox 2763 1880 2874 1950; x_wconf 85' lang='grc'><strong>(58)</strong></span> <span class='ocrx_word' id='word_1_243' title='bbox 2899 1894 2912 1910; x_wconf 75' lang='grc'><strong><em>⁸</em></strong></span> <span class='ocrx_word' id='word_1_244' title='bbox 2946 1879 3242 1934; x_wconf 75' lang='grc' dir='ltr'>ἀντιϐολῶν</span> <span class='ocrx_word' id='word_1_245' title='bbox 3267 1879 3344 1944; x_wconf 86' lang='grc' dir='ltr'><strong>δέ,</strong></span> <span class='ocrx_word' id='word_1_246' title='bbox 3374 1880 3531 1932; x_wconf 86' lang='grc' dir='ltr'>ἐδεῖτο</span> <span class='ocrx_word' id='word_1_247' title='bbox 3555 1883 3802 1950; x_wconf 76' lang='grc' dir='ltr'>συγχωρεῖν.</span> 
     </span>
    </p>
   </div>
   <div class='ocr_carea' id='block_1_36' title="bbox 621 1976 2214 2047">
    <p class='ocr_par' dir='ltr' id='par_1_36' title="bbox 621 1976 2214 2047">
     <span class='ocr_line' id='line_1_36' title="bbox 621 1976 2214 2047; baseline -0.005 -10"><span class='ocrx_word' id='word_1_248' title='bbox 621 1981 774 2038; x_wconf 90' lang='lat' dir='ltr'><strong>omni</strong></span> <span class='ocrx_word' id='word_1_249' title='bbox 809 1980 1010 2034; x_wconf 88' lang='lat' dir='ltr'><strong>virium</strong></span> <span class='ocrx_word' id='word_1_250' title='bbox 1047 1979 1174 2034; x_wconf 82' lang='lat' dir='ltr'><strong>nisu</strong></span> <span class='ocrx_word' id='word_1_251' title='bbox 1217 1978 1490 2043; x_wconf 90' lang='lat' dir='ltr'><strong>obstaret,</strong></span> <span class='ocrx_word' id='word_1_252' title='bbox 1525 1976 1829 2047; x_wconf 79' lang='lat' dir='ltr'><strong>imperator</strong></span> <span class='ocrx_word' id='word_1_253' title='bbox 1869 1991 2214 2046; x_wconf 77' lang='lat' dir='ltr'><strong>nequaquam</strong></span> 
     </span>
    </p>
   </div>
   <div class='ocr_carea' id='block_1_37' title="bbox 620 2059 2217 2135">
    <p class='ocr_par' dir='ltr' id='par_1_37' title="bbox 620 2059 2217 2135">
     <span class='ocr_line' id='line_1_37' title="bbox 620 2059 2217 2135; baseline -0.004 -14"><span class='ocrx_word' id='word_1_254' title='bbox 620 2082 745 2122; x_wconf 87' lang='lat' dir='ltr'><strong>eam</strong></span> <span class='ocrx_word' id='word_1_255' title='bbox 763 2063 1065 2135; x_wconf 79' lang='lat' dir='ltr'><strong>cogendam</strong></span> <span class='ocrx_word' id='word_1_256' title='bbox 1087 2076 1212 2118; x_wconf 91' lang='lat' dir='ltr'><strong>esse</strong></span> <span class='ocrx_word' id='word_1_257' title='bbox 1231 2061 1472 2128; x_wconf 85' lang='lat' dir='ltr'><strong>censuit,</strong></span> <span class='ocrx_word' id='word_1_258' title='bbox 1513 2062 1609 2116; x_wconf 89' lang='lat' dir='ltr'><strong>sed</strong></span> <span class='ocrx_word' id='word_1_259' title='bbox 1631 2060 1891 2132; x_wconf 87' lang='lat' dir='ltr'><strong>precibus</strong></span> <span class='ocrx_word' id='word_1_260' title='bbox 1913 2059 2217 2116; x_wconf 81' lang='lat' dir='ltr'><strong>contende-</strong></span> 
     </span>
    </p>
   </div>
   <div class='ocr_carea' id='block_1_38' title="bbox 622 2151 2212 2226">
    <p class='ocr_par' dir='ltr' id='par_1_38' title="bbox 622 2151 2212 2226">
     <span class='ocr_line' id='line_1_38' title="bbox 622 2151 2212 2226; baseline -0.006 -11"><span class='ocrx_word' id='word_1_261' title='bbox 622 2161 750 2224; x_wconf 89' lang='lat' dir='ltr'><strong>bat,</strong></span> <span class='ocrx_word' id='word_1_262' title='bbox 799 2166 858 2213; x_wconf 89' lang='lat' dir='ltr'><strong>ut</strong></span> <span class='ocrx_word' id='word_1_263' title='bbox 889 2155 1156 2226; x_wconf 87' lang='lat' dir='ltr'><strong>reliquias</strong></span> <span class='ocrx_word' id='word_1_264' title='bbox 1198 2154 1317 2210; x_wconf 89' lang='lat' dir='ltr'><strong>tolli</strong></span> <span class='ocrx_word' id='word_1_265' title='bbox 1355 2153 1726 2224; x_wconf 89' lang='lat' dir='ltr'><strong>permitteret.</strong></span> <span class='ocrx_word' id='word_1_266' title='bbox 1764 2152 1924 2220; x_wconf 81' lang='lat' dir='ltr'><strong>Quod</strong></span> <span class='ocrx_word' id='word_1_267' title='bbox 1962 2167 2087 2208; x_wconf 90' lang='lat' dir='ltr'><strong>cum</strong></span> <span class='ocrx_word' id='word_1_268' title='bbox 2122 2151 2212 2207; x_wconf 90' lang='lat' dir='ltr'><strong>illa</strong></span> 
     </span>
    </p>
   </div>
   <div class='ocr_carea' id='block_1_39' title="bbox 619 2247 2213 2327">
    <p class='ocr_par' dir='ltr' id='par_1_39' title="bbox 619 2247 2213 2327">
     <span class='ocr_line' id='line_1_39' title="bbox 619 2247 2213 2327; baseline -0.006 -16"><span class='ocrx_word' id='word_1_269' title='bbox 619 2255 780 2327; x_wconf 77' lang='lat'><strong>311</strong></span> <span class='ocrx_word' id='word_1_270' title='bbox 813 2253 905 2310; x_wconf 80' lang='lat' dir='ltr'><strong>vix</strong></span> <span class='ocrx_word' id='word_1_271' title='bbox 941 2252 1164 2306; x_wconf 88' lang='lat' dir='ltr'><strong>tandem</strong></span> <span class='ocrx_word' id='word_1_272' title='bbox 1199 2249 1604 2314; x_wconf 87' lang='lat' dir='ltr'><strong>concessisset,</strong></span> <span class='ocrx_word' id='word_1_273' title='bbox 1641 2249 1858 2304; x_wconf 88' lang='lat' dir='ltr'><strong>irritum</strong></span> <span class='ocrx_word' id='word_1_274' title='bbox 1887 2247 2007 2304; x_wconf 77' lang='lat' dir='ltr'><strong>fore</strong></span> <span class='ocrx_word' id='word_1_275' title='bbox 2041 2247 2213 2317; x_wconf 88' lang='lat' dir='ltr'><strong>impe-</strong></span> 
     </span>
    </p>
   </div>
   <div class='ocr_carea' id='block_1_40' title="bbox 621 2335 2212 2408">
    <p class='ocr_par' dir='ltr' id='par_1_40' title="bbox 621 2335 2212 2408">
     <span class='ocr_line' id='line_1_40' title="bbox 621 2335 2212 2408; baseline -0.004 -10"><span class='ocrx_word' id='word_1_276' title='bbox 621 2345 823 2398; x_wconf 85' lang='lat' dir='ltr'><strong>ratoris</strong></span> <span class='ocrx_word' id='word_1_277' title='bbox 871 2349 1130 2398; x_wconf 89' lang='lat' dir='ltr'><strong>conatum</strong></span> <span class='ocrx_word' id='word_1_278' title='bbox 1183 2338 1491 2404; x_wconf 86' lang='lat' dir='ltr'><strong>arbitrata,</strong></span> <span class='ocrx_word' id='word_1_279' title='bbox 1535 2352 1603 2393; x_wconf 78' lang='lat' dir='ltr'><strong>ex</strong></span> <span class='ocrx_word' id='word_1_280' title='bbox 1652 2351 1719 2394; x_wconf 91' lang='lat' dir='ltr'><strong>eo</strong></span> <span class='ocrx_word' id='word_1_281' title='bbox 1763 2337 1914 2408; x_wconf 82' lang='lat' dir='ltr'><strong>quod</strong></span> <span class='ocrx_word' id='word_1_282' title='bbox 1962 2335 2212 2392; x_wconf 78' lang='lat' dir='ltr'><strong>Valentis</strong></span> 
     </span>
    </p>
   </div>
   <div class='ocr_carea' id='block_1_41' title="bbox 621 2428 2212 2502">
    <p class='ocr_par' dir='ltr' id='par_1_41' title="bbox 621 2428 2212 2502">
     <span class='ocr_line' id='line_1_41' title="bbox 621 2428 2212 2502; baseline -0.003 -16"><span class='ocrx_word' id='word_1_283' title='bbox 621 2430 963 2502; x_wconf 91' lang='lat' dir='ltr'><strong>temporibus</strong></span> <span class='ocrx_word' id='word_1_284' title='bbox 1005 2428 1325 2496; x_wconf 89' lang='lat' dir='ltr'><strong>acciderat,</strong></span> <span class='ocrx_word' id='word_1_285' title='bbox 1403 2428 1702 2498; x_wconf 88' lang='lat' dir='ltr'><strong>imperator</strong></span> <span class='ocrx_word' id='word_1_286' title='bbox 1742 2428 1984 2484; x_wconf 86' lang='lat' dir='ltr'><strong>loculum</strong></span> <span class='ocrx_word' id='word_1_287' title='bbox 2017 2430 2072 2482; x_wconf 92' lang='lat' dir='ltr'><strong>in</strong></span> <span class='ocrx_word' id='word_1_288' title='bbox 2103 2441 2212 2497; x_wconf 86' lang='lat' dir='ltr'><strong>quo</strong></span> 
     </span>
    </p>
   </div>
   <div class='ocr_carea' id='block_1_42' title="bbox 619 2518 2208 2590">
    <p class='ocr_par' dir='ltr' id='par_1_42' title="bbox 619 2518 2208 2590">
     <span class='ocr_line' id='line_1_42' title="bbox 619 2518 2208 2590; baseline -0.003 -13"><span class='ocrx_word' id='word_1_289' title='bbox 619 2523 858 2578; x_wconf 62' lang='lat' dir='ltr'><strong>conditae</strong></span> <span class='ocrx_word' id='word_1_290' title='bbox 891 2531 1051 2577; x_wconf 91' lang='lat' dir='ltr'><strong>erant</strong></span> <span class='ocrx_word' id='word_1_291' title='bbox 1085 2521 1364 2590; x_wconf 66' lang='lat' dir='ltr'><strong>reliquim,</strong></span> <span class='ocrx_word' id='word_1_292' title='bbox 1402 2535 1677 2590; x_wconf 85' lang='lat' dir='ltr'><strong>purpurea</strong></span> <span class='ocrx_word' id='word_1_293' title='bbox 1713 2527 1870 2575; x_wconf 88' lang='lat' dir='ltr'><strong>veste</strong></span> <span class='ocrx_word' id='word_1_294' title='bbox 1901 2534 2012 2590; x_wconf 90' lang='lat' dir='ltr'><strong>qua</strong></span> <span class='ocrx_word' id='word_1_295' title='bbox 2047 2518 2208 2573; x_wconf 88' lang='lat' dir='ltr'><strong>indu-</strong></span> 
     </span>
    </p>
   </div>
   <div class='ocr_carea' id='block_1_43' title="bbox 619 2611 2204 2681">
    <p class='ocr_par' dir='ltr' id='par_1_43' title="bbox 619 2611 2204 2681">
     <span class='ocr_line' id='line_1_43' title="bbox 619 2611 2204 2681; baseline -0.003 -12"><span class='ocrx_word' id='word_1_296' title='bbox 619 2625 713 2671; x_wconf 89' lang='lat' dir='ltr'><strong>tus</strong></span> <span class='ocrx_word' id='word_1_297' title='bbox 751 2622 872 2670; x_wconf 89' lang='lat' dir='ltr'><strong>erat</strong></span> <span class='ocrx_word' id='word_1_298' title='bbox 920 2615 1244 2677; x_wconf 81' lang='lat' dir='ltr'><strong>involvens,</strong></span> <span class='ocrx_word' id='word_1_299' title='bbox 1286 2627 1476 2668; x_wconf 82' lang='lat' dir='ltr'><strong>secum</strong></span> <span class='ocrx_word' id='word_1_300' title='bbox 1515 2611 1754 2675; x_wconf 88' lang='lat' dir='ltr'><strong>detulit;</strong></span> <span class='ocrx_word' id='word_1_301' title='bbox 1801 2625 2204 2681; x_wconf 87' lang='lat' dir='ltr'><strong>reversusque,</strong></span> 
     </span>
    </p>
   </div>
   <div class='ocr_carea' id='block_1_44' title="bbox 619 2701 2206 2774">
    <p class='ocr_par' dir='ltr' id='par_1_44' title="bbox 619 2701 2206 2774">
     <span class='ocr_line' id='line_1_44' title="bbox 619 2701 2206 2774; baseline -0.003 -14"><span class='ocrx_word' id='word_1_302' title='bbox 619 2707 675 2761; x_wconf 89' lang='lat' dir='ltr'><strong>in</strong></span> <span class='ocrx_word' id='word_1_303' title='bbox 727 2706 1052 2763; x_wconf 87' lang='lat' dir='ltr'><strong>suburbano</strong></span> <span class='ocrx_word' id='word_1_304' title='bbox 1109 2705 1266 2760; x_wconf 87' lang='lat' dir='ltr'><strong>urbis</strong></span> <span class='ocrx_word' id='word_1_305' title='bbox 1323 2703 2003 2774; x_wconf 69' lang='lat' dir='ltr'><strong>Constantinopolitanae,</strong></span> <span class='ocrx_word' id='word_1_306' title='bbox 2059 2701 2206 2772; x_wconf 91' lang='lat' dir='ltr'><strong>quod</strong></span> 
     </span>
    </p>
   </div>
   <div class='ocr_carea' id='block_1_45' title="bbox 617 2792 2208 2867">
    <p class='ocr_par' dir='ltr' id='par_1_45' title="bbox 617 2792 2208 2867">
     <span class='ocr_line' id='line_1_45' title="bbox 617 2792 2208 2867; baseline -0.004 -14"><span class='ocrx_word' id='word_1_307' title='bbox 617 2799 912 2867; x_wconf 86' lang='lat' dir='ltr'><strong>septimum</strong></span> <span class='ocrx_word' id='word_1_308' title='bbox 960 2796 1190 2860; x_wconf 90' lang='lat' dir='ltr'><strong>dicitur,</strong></span> <span class='ocrx_word' id='word_1_309' title='bbox 1241 2794 1542 2866; x_wconf 84' lang='lat' dir='ltr'><strong>deposuit;</strong></span> <span class='ocrx_word' id='word_1_310' title='bbox 1589 2793 1932 2864; x_wconf 88' lang='lat' dir='ltr'><strong>amplissima</strong></span> <span class='ocrx_word' id='word_1_311' title='bbox 1989 2792 2102 2846; x_wconf 91' lang='lat' dir='ltr'><strong>illic</strong></span> <span class='ocrx_word' id='word_1_312' title='bbox 2153 2799 2208 2846; x_wconf 89' lang='lat' dir='ltr'><strong>ct</strong></span> 
     </span>
    </p>
   </div>
   <div class='ocr_carea' id='block_1_46' title="bbox 620 2885 2203 2959">
    <p class='ocr_par' dir='ltr' id='par_1_46' title="bbox 620 2885 2203 2959">
     <span class='ocr_line' id='line_1_46' title="bbox 620 2885 2203 2959; baseline -0.003 -17"><span class='ocrx_word' id='word_1_313' title='bbox 620 2888 992 2959; x_wconf 74' lang='lat' dir='ltr'><strong>pulcherrima</strong></span> <span class='ocrx_word' id='word_1_314' title='bbox 1034 2888 1265 2943; x_wconf 84' lang='lat' dir='ltr'><strong>basilica</strong></span> <span class='ocrx_word' id='word_1_315' title='bbox 1325 2889 1377 2940; x_wconf 88' lang='lat' dir='ltr'><strong>in</strong></span> <span class='ocrx_word' id='word_1_316' title='bbox 1422 2887 1687 2942; x_wconf 87' lang='lat' dir='ltr'><strong>honorem</strong></span> <span class='ocrx_word' id='word_1_317' title='bbox 1725 2885 1820 2941; x_wconf 90' lang='lat' dir='ltr'><strong>Dei</strong></span> <span class='ocrx_word' id='word_1_318' title='bbox 1862 2892 2203 2940; x_wconf 87' lang='lat' dir='ltr'><strong>constructa.</strong></span> 
     </span>
    </p>
   </div>
   <div class='ocr_carea' id='block_1_47' title="bbox 619 2979 2201 3050">
    <p class='ocr_par' dir='ltr' id='par_1_47' title="bbox 619 2979 2201 3050">
     <span class='ocr_line' id='line_1_47' title="bbox 619 2979 2201 3050; baseline -0.003 -15"><span class='ocrx_word' id='word_1_319' title='bbox 619 2982 922 3036; x_wconf 72' lang='lat' dir='ltr'><strong>Matronam</strong></span> <span class='ocrx_word' id='word_1_320' title='bbox 957 2997 1087 3036; x_wconf 85' lang='lat' dir='ltr'><strong>vero</strong></span> <span class='ocrx_word' id='word_1_321' title='bbox 1123 2980 1380 3050; x_wconf 84' lang='lat' dir='ltr'><strong>quamvis</strong></span> <span class='ocrx_word' id='word_1_322' title='bbox 1410 2979 1502 3034; x_wconf 87' lang='lat' dir='ltr'><strong>diu</strong></span> <span class='ocrx_word' id='word_1_323' title='bbox 1539 2979 1886 3049; x_wconf 88' lang='lat' dir='ltr'><strong>multumque</strong></span> <span class='ocrx_word' id='word_1_324' title='bbox 1917 2987 2201 3048; x_wconf 88' lang='lat' dir='ltr'><strong>precatus,</strong></span> 
     </span>
    </p>
   </div>
   <div class='ocr_carea' id='block_1_48' title="bbox 619 3070 2202 3144">
    <p class='ocr_par' dir='ltr' id='par_1_48' title="bbox 619 3070 2202 3144">
     <span class='ocr_line' id='line_1_48' title="bbox 619 3070 2202 3144; baseline -0.004 -17"><span class='ocrx_word' id='word_1_325' title='bbox 619 3088 926 3144; x_wconf 87' lang='lat' dir='ltr'><strong>magnaque</strong></span> <span class='ocrx_word' id='word_1_326' title='bbox 972 3072 1020 3127; x_wconf 93' lang='lat' dir='ltr'><strong>ei</strong></span> <span class='ocrx_word' id='word_1_327' title='bbox 1073 3086 1302 3126; x_wconf 89' lang='lat' dir='ltr'><strong>munera</strong></span> <span class='ocrx_word' id='word_1_328' title='bbox 1353 3070 1637 3141; x_wconf 85' lang='lat' dir='ltr'><strong>pollicitus</strong></span> <span class='ocrx_word' id='word_1_329' title='bbox 1689 3077 1872 3132; x_wconf 85' lang='lat' dir='ltr'><strong>esset,</strong></span> <span class='ocrx_word' id='word_1_330' title='bbox 1922 3083 2202 3138; x_wconf 86' lang='lat' dir='ltr'><strong>nunquam</strong></span> 
     </span>
    </p>
   </div>
   <div class='ocr_carea' id='block_1_49' title="bbox 2330 1966 3804 2043">
    <p class='ocr_par' dir='ltr' id='par_1_49' title="bbox 2330 1966 3804 2043">
     <span class='ocr_line' id='line_1_49' title="bbox 2330 1966 3804 2043; baseline -0.001 -18"><span class='ocrx_word' id='word_1_331' title='bbox 2330 1973 2483 2025; x_wconf 82' lang='grc' dir='ltr'>Ἐπεὶ</span> <span class='ocrx_word' id='word_1_332' title='bbox 2517 1973 2575 2026; x_wconf 88' lang='grc' dir='ltr'><strong>δέ</strong></span> <span class='ocrx_word' id='word_1_333' title='bbox 2606 1972 2760 2043; x_wconf 86' lang='grc' dir='ltr'>μόλις</span> <span class='ocrx_word' id='word_1_334' title='bbox 2797 1968 2939 2037; x_wconf 71' lang='grc' dir='ltr'>εἶξεν</span> <span class='ocrx_word' id='word_1_335' title='bbox 2959 2015 2972 2037; x_wconf 87' lang='grc'><strong>,</strong></span> <span class='ocrx_word' id='word_1_336' title='bbox 3006 1973 3288 2043; x_wconf 72' lang='grc' dir='ltr'>ξάνήνυτον</span> <span class='ocrx_word' id='word_1_337' title='bbox 3320 1966 3450 2026; x_wconf 85' lang='grc' dir='ltr'>εἴναι</span> <span class='ocrx_word' id='word_1_338' title='bbox 3487 1973 3712 2042; x_wconf 77' lang='grc' dir='ltr'><strong>νομίσασα</strong></span> <span class='ocrx_word' id='word_1_339' title='bbox 3749 1972 3804 2041; x_wconf 78' lang='grc' dir='ltr'>τῷ</span> 
     </span>
    </p>
   </div>
   <div class='ocr_carea' id='block_1_50' title="bbox 2317 2062 3808 2134">
    <p class='ocr_par' dir='ltr' id='par_1_50' title="bbox 2317 2062 3808 2134">
     <span class='ocr_line' id='line_1_50' title="bbox 2317 2062 3808 2134; baseline -0.001 -18"><span class='ocrx_word' id='word_1_340' title='bbox 2317 2062 2606 2134; x_wconf 82' lang='grc' dir='ltr'>κρατοῦντι</span> <span class='ocrx_word' id='word_1_341' title='bbox 2632 2063 2730 2134; x_wconf 82' lang='grc' dir='ltr'>τὴν</span> <span class='ocrx_word' id='word_1_342' title='bbox 2777 2063 3122 2134; x_wconf 77' lang='grc' dir='ltr'><strong>ἐπιχείρησιν</strong></span> <span class='ocrx_word' id='word_1_343' title='bbox 3149 2063 3297 2118; x_wconf 86' lang='grc' dir='ltr'><strong>κατά</strong></span> <span class='ocrx_word' id='word_1_344' title='bbox 3323 2063 3382 2117; x_wconf 84' lang='grc' dir='ltr'>τὸ</span> <span class='ocrx_word' id='word_1_345' title='bbox 3418 2063 3609 2134; x_wconf 75' lang='grc' dir='ltr'>συμϐὰν</span> <span class='ocrx_word' id='word_1_346' title='bbox 3641 2063 3808 2116; x_wconf 79' lang='grc' dir='ltr'>ἐπὶτῶν</span> 
     </span>
    </p>
   </div>
   <div class='ocr_carea' id='block_1_51' title="bbox 2314 2153 3805 2226">
    <p class='ocr_par' dir='ltr' id='par_1_51' title="bbox 2314 2153 3805 2226">
     <span class='ocr_line' id='line_1_51' title="bbox 2314 2153 3805 2226; baseline -0.003 -16"><span class='ocrx_word' id='word_1_347' title='bbox 2314 2155 2620 2219; x_wconf 77' lang='grc' dir='ltr'>Οὐάλεντος</span> <span class='ocrx_word' id='word_1_348' title='bbox 2644 2155 2875 2226; x_wconf 82' lang='grc' dir='ltr'>χρόνων,</span> <span class='ocrx_word' id='word_1_349' title='bbox 2915 2154 3228 2226; x_wconf 79' lang='grc' dir='ltr'>περιλαϐὼν</span> <span class='ocrx_word' id='word_1_350' title='bbox 3258 2157 3327 2226; x_wconf 83' lang='grc' dir='ltr'><strong>τῇ</strong></span> <span class='ocrx_word' id='word_1_351' title='bbox 3357 2154 3611 2226; x_wconf 84' lang='grc' dir='ltr'>ἁλουργίδι</span> <span class='ocrx_word' id='word_1_352' title='bbox 3643 2155 3720 2224; x_wconf 78' lang='grc' dir='ltr'>τὴν</span> <span class='ocrx_word' id='word_1_353' title='bbox 3741 2153 3805 2222; x_wconf 60' lang='lat'><strong>0+,-</strong></span> 
     </span>
    </p>
   </div>
   <div class='ocr_carea' id='block_1_52' title="bbox 2312 2240 3806 2321">
    <p class='ocr_par' dir='ltr' id='par_1_52' title="bbox 2312 2240 3806 2321">
     <span class='ocr_line' id='line_1_52' title="bbox 2312 2240 3806 2321; baseline -0.002 -21"><span class='ocrx_word' id='word_1_354' title='bbox 2312 2264 2416 2318; x_wconf 87' lang='grc' dir='ltr'><strong>κην</strong></span> <span class='ocrx_word' id='word_1_355' title='bbox 2444 2247 2503 2300; x_wconf 85' lang='grc' dir='ltr'>ἐν</span> <span class='ocrx_word' id='word_1_356' title='bbox 2589 2245 2789 2312; x_wconf 80' lang='grc' dir='ltr'>ἔκειτο,</span> <span class='ocrx_word' id='word_1_357' title='bbox 2816 2245 2955 2316; x_wconf 73' lang='grc' dir='ltr'>ἔχων</span> <span class='ocrx_word' id='word_1_358' title='bbox 2983 2245 3279 2317; x_wconf 82' lang='grc' dir='ltr'>ἐπανῆλθε.</span> <span class='ocrx_word' id='word_1_359' title='bbox 3299 2247 3406 2300; x_wconf 80' lang='grc' dir='ltr'><strong>Καὶ</strong></span> <span class='ocrx_word' id='word_1_360' title='bbox 3429 2246 3528 2318; x_wconf 77' lang='grc' dir='ltr'><strong>πρὸ</strong></span> <span class='ocrx_word' id='word_1_361' title='bbox 3551 2245 3632 2298; x_wconf 86' lang='grc' dir='ltr'><strong>τοῦ</strong></span> <span class='ocrx_word' id='word_1_362' title='bbox 3655 2247 3806 2306; x_wconf 79' lang='grc' dir='ltr'>ἄστεως</span> 
     </span>
    </p>
   </div>
   <div class='ocr_carea' id='block_1_53' title="bbox 2313 2336 3807 2408">
    <p class='ocr_par' dir='ltr' id='par_1_53' title="bbox 2313 2336 3807 2408">
     <span class='ocr_line' id='line_1_53' title="bbox 2313 2336 3807 2408; baseline -0.002 -17"><span class='ocrx_word' id='word_1_363' title='bbox 2313 2337 2942 2402; x_wconf 85' lang='grc' dir='ltr'>Κωνσταντινουπόλεως</span> <span class='ocrx_word' id='word_1_364' title='bbox 2990 2337 3144 2391; x_wconf 75' lang='grc' dir='ltr'>ἔθετο</span> <span class='ocrx_word' id='word_1_365' title='bbox 3177 2340 3236 2392; x_wconf 86' lang='grc' dir='ltr'>ἐν</span> <span class='ocrx_word' id='word_1_366' title='bbox 3269 2337 3348 2408; x_wconf 82' lang='grc' dir='ltr'>τῷ</span> <span class='ocrx_word' id='word_1_367' title='bbox 3384 2337 3669 2408; x_wconf 82' lang='grc' dir='ltr'>καλουμένῳ</span> <span class='ocrx_word' id='word_1_368' title='bbox 3704 2336 3807 2388; x_wconf 76' lang='grc' dir='ltr'>ἐϐδό-</span> 
     </span>
    </p>
   </div>
   <div class='ocr_carea' id='block_1_54' title="bbox 2313 2429 3806 2502">
    <p class='ocr_par' dir='ltr' id='par_1_54' title="bbox 2313 2429 3806 2502">
     <span class='ocr_line' id='line_1_54' title="bbox 2313 2429 3806 2502; baseline -0.001 -19"><span class='ocrx_word' id='word_1_369' title='bbox 2313 2447 2431 2501; x_wconf 78' lang='grc' dir='ltr'><strong>μῳ’</strong></span> <span class='ocrx_word' id='word_1_370' title='bbox 2471 2431 2727 2502; x_wconf 85' lang='grc' dir='ltr'>μέγιστον</span> <span class='ocrx_word' id='word_1_371' title='bbox 2761 2431 2856 2484; x_wconf 76' lang='grc' dir='ltr'>καὶ</span> <span class='ocrx_word' id='word_1_372' title='bbox 2891 2430 3389 2502; x_wconf 82' lang='grc' dir='ltr'>περικαλλέστατον</span> <span class='ocrx_word' id='word_1_373' title='bbox 3431 2430 3505 2502; x_wconf 80' lang='grc' dir='ltr'>τῷ</span> <span class='ocrx_word' id='word_1_374' title='bbox 3541 2429 3644 2500; x_wconf 86' lang='grc' dir='ltr'><strong>Θεῷ</strong></span> <span class='ocrx_word' id='word_1_375' title='bbox 3669 2430 3806 2483; x_wconf 70' lang='grc' dir='ltr'>ἐνθάδε</span> 
     </span>
    </p>
   </div>
   <div class='ocr_carea' id='block_1_55' title="bbox 2311 2521 3809 2593">
    <p class='ocr_par' dir='ltr' id='par_1_55' title="bbox 2311 2521 3809 2593">
     <span class='ocr_line' id='line_1_55' title="bbox 2311 2521 3809 2593; baseline -0.003 -17"><span class='ocrx_word' id='word_1_376' title='bbox 2311 2522 2435 2576; x_wconf 81' lang='grc' dir='ltr'>ναὸν</span> <span class='ocrx_word' id='word_1_377' title='bbox 2487 2521 2708 2591; x_wconf 82' lang='grc' dir='ltr'>ἐγείρας</span> <span class='ocrx_word' id='word_1_378' title='bbox 2737 2535 2750 2551; x_wconf 89' lang='grc'>·</span> <span class='ocrx_word' id='word_1_379' title='bbox 2800 2521 2972 2574; x_wconf 76' lang='grc' dir='ltr'>πολλὰ</span> <span class='ocrx_word' id='word_1_380' title='bbox 3021 2521 3078 2574; x_wconf 80' lang='grc' dir='ltr'>δὲ</span> <span class='ocrx_word' id='word_1_381' title='bbox 3129 2521 3396 2585; x_wconf 83' lang='grc' dir='ltr'>πολλάκις</span> <span class='ocrx_word' id='word_1_382' title='bbox 3418 2521 3692 2593; x_wconf 81' lang='grc' dir='ltr'>λιπαρήσας</span> <span class='ocrx_word' id='word_1_383' title='bbox 3727 2522 3809 2574; x_wconf 78' lang='lat' dir='ltr'><strong>Ma-</strong></span> 
     </span>
    </p>
   </div>
   <div class='ocr_carea' id='block_1_56' title="bbox 2309 2612 3810 2687">
    <p class='ocr_par' dir='ltr' id='par_1_56' title="bbox 2309 2612 3810 2687">
     <span class='ocr_line' id='line_1_56' title="bbox 2309 2612 3810 2687; baseline -0.003 -19"><span class='ocrx_word' id='word_1_384' title='bbox 2309 2615 2520 2687; x_wconf 84' lang='grc' dir='ltr'>τρώναν</span> <span class='ocrx_word' id='word_1_385' title='bbox 2568 2615 2662 2668; x_wconf 78' lang='grc' dir='ltr'><strong>καὶ</strong></span> <span class='ocrx_word' id='word_1_386' title='bbox 2691 2614 3064 2686; x_wconf 82' lang='grc' dir='ltr'>κεχαρισμένα</span> <span class='ocrx_word' id='word_1_387' title='bbox 3098 2614 3504 2686; x_wconf 84' lang='grc' dir='ltr'>ὑποσχόμενος,</span> <span class='ocrx_word' id='word_1_388' title='bbox 3545 2615 3633 2666; x_wconf 75' lang='grc' dir='ltr'><strong>οὐκ</strong></span> <span class='ocrx_word' id='word_1_389' title='bbox 3677 2612 3810 2665; x_wconf 77' lang='grc' dir='ltr'>ἔπεισι</span> 
     </span>
    </p>
   </div>
   <div class='ocr_carea' id='block_1_57' title="bbox 2311 2703 3809 2778">
    <p class='ocr_par' dir='ltr' id='par_1_57' title="bbox 2311 2703 3809 2778">
     <span class='ocr_line' id='line_1_57' title="bbox 2311 2703 3809 2778; baseline -0.005 -17"><span class='ocrx_word' id='word_1_390' title='bbox 2311 2706 2642 2778; x_wconf 80' lang='grc' dir='ltr'>μεταθέσθαι</span> <span class='ocrx_word' id='word_1_391' title='bbox 2668 2707 2768 2777; x_wconf 81' lang='grc' dir='ltr'>τῆς</span> <span class='ocrx_word' id='word_1_392' title='bbox 2793 2706 2970 2777; x_wconf 78' lang='grc' dir='ltr'>δόξης.</span> <span class='ocrx_word' id='word_1_393' title='bbox 3003 2703 3110 2759; x_wconf 82' lang='grc' dir='ltr'><strong>ἿΙν</strong></span> <span class='ocrx_word' id='word_1_394' title='bbox 3143 2705 3252 2777; x_wconf 74' lang='grc' dir='ltr'><strong>γὰρ</strong></span> <span class='ocrx_word' id='word_1_395' title='bbox 3297 2706 3398 2776; x_wconf 80' lang='grc' dir='ltr'>τῆς</span> <span class='ocrx_word' id='word_1_396' title='bbox 3431 2705 3720 2759; x_wconf 82' lang='grc' dir='ltr'>Μακεδονίου</span> <span class='ocrx_word' id='word_1_397' title='bbox 3751 2703 3809 2754; x_wconf 79' lang='grc' dir='ltr'><strong>αἱ·</strong></span> 
     </span>
    </p>
   </div>
   <div class='ocr_carea' id='block_1_58' title="bbox 2311 2792 3810 2869">
    <p class='ocr_par' dir='ltr' id='par_1_58' title="bbox 2311 2792 3810 2869">
     <span class='ocr_line' id='line_1_58' title="bbox 2311 2792 3810 2869; baseline 0.001 -18"><span class='ocrx_word' id='word_1_398' title='bbox 2311 2799 2529 2868; x_wconf 84' lang='grc' dir='ltr'>ρέσεως.</span> <span class='ocrx_word' id='word_1_399' title='bbox 2562 2797 2820 2866; x_wconf 86' lang='grc' dir='ltr'>Καίτοιγε</span> <span class='ocrx_word' id='word_1_400' title='bbox 2873 2798 3147 2861; x_wconf 85' lang='grc' dir='ltr'>Βικέντιος</span> <span class='ocrx_word' id='word_1_401' title='bbox 3192 2797 3590 2869; x_wconf 76' lang='grc' dir='ltr'>πρεσϐύτερος,</span> <span class='ocrx_word' id='word_1_402' title='bbox 3623 2792 3810 2866; x_wconf 73' lang='grc' dir='ltr'>ὁμόδοξος</span> 
     </span>
    </p>
   </div>
   <div class='ocr_carea' id='block_1_59' title="bbox 2306 2887 3808 2962">
    <p class='ocr_par' dir='ltr' id='par_1_59' title="bbox 2306 2887 3808 2962">
     <span class='ocr_line' id='line_1_59' title="bbox 2306 2887 3808 2962; baseline -0.003 -20"><span class='ocrx_word' id='word_1_403' title='bbox 2306 2890 2382 2942; x_wconf 85' lang='grc' dir='ltr'><strong>ὢν</strong></span> <span class='ocrx_word' id='word_1_404' title='bbox 2406 2891 2540 2960; x_wconf 74' lang='grc' dir='ltr'>αὐτῇ</span> <span class='ocrx_word' id='word_1_405' title='bbox 2569 2930 2582 2954; x_wconf 93' lang='grc'><strong>,</strong></span> <span class='ocrx_word' id='word_1_406' title='bbox 2615 2891 2710 2944; x_wconf 75' lang='grc' dir='ltr'>καὶ</span> <span class='ocrx_word' id='word_1_407' title='bbox 2738 2891 2837 2960; x_wconf 78' lang='grc' dir='ltr'>τὴν</span> <span class='ocrx_word' id='word_1_408' title='bbox 2871 2890 3030 2961; x_wconf 73' lang='grc' dir='ltr'>σορὸν</span> <span class='ocrx_word' id='word_1_409' title='bbox 3058 2890 3150 2943; x_wconf 85' lang='grc' dir='ltr'><strong>τοῦ</strong></span> <span class='ocrx_word' id='word_1_410' title='bbox 3189 2891 3472 2962; x_wconf 75' lang='grc' dir='ltr'>προφήτου</span> <span class='ocrx_word' id='word_1_411' title='bbox 3495 2889 3666 2958; x_wconf 77' lang='grc' dir='ltr'>ἐπίσης</span> <span class='ocrx_word' id='word_1_412' title='bbox 3695 2887 3808 2955; x_wconf 78' lang='grc' dir='ltr'>θερσ-</span> 
     </span>
    </p>
   </div>
   <div class='ocr_carea' id='block_1_60' title="bbox 2307 2977 3809 3054">
    <p class='ocr_par' dir='ltr' id='par_1_60' title="bbox 2307 2977 3809 3054">
     <span class='ocr_line' id='line_1_60' title="bbox 2307 2977 3809 3054; baseline -0.004 -20"><span class='ocrx_word' id='word_1_413' title='bbox 2307 2983 2510 3048; x_wconf 86' lang='grc' dir='ltr'>πεύων,</span> <span class='ocrx_word' id='word_1_414' title='bbox 2543 2983 2636 3036; x_wconf 76' lang='grc' dir='ltr'>καὶ</span> <span class='ocrx_word' id='word_1_415' title='bbox 2667 2982 2794 3054; x_wconf 74' lang='grc' dir='ltr'>περὶ</span> <span class='ocrx_word' id='word_1_416' title='bbox 2830 2983 3036 3054; x_wconf 73' lang='grc' dir='ltr'>ταύτην</span> <span class='ocrx_word' id='word_1_417' title='bbox 3083 2982 3382 3054; x_wconf 78' lang='grc' dir='ltr'>ἱερώμενος</span> <span class='ocrx_word' id='word_1_418' title='bbox 3414 2982 3553 3053; x_wconf 82' lang='grc'>(59),</span> <span class='ocrx_word' id='word_1_419' title='bbox 3577 2977 3809 3050; x_wconf 68' lang='grc' dir='ltr'>ἠκολούθη-</span> 
     </span>
    </p>
   </div>
   <div class='ocr_carea' id='block_1_61' title="bbox 2308 3070 3811 3145">
    <p class='ocr_par' dir='ltr' id='par_1_61' title="bbox 2308 3070 3811 3145">
     <span class='ocr_line' id='line_1_61' title="bbox 2308 3070 3811 3145; baseline -0.005 -16"><span class='ocrx_word' id='word_1_420' title='bbox 2308 3093 2397 3129; x_wconf 91' lang='grc' dir='ltr'><strong>σεν</strong></span> <span class='ocrx_word' id='word_1_421' title='bbox 2439 3075 2639 3128; x_wconf 86' lang='grc' dir='ltr'>αὐτίκα</span> <span class='ocrx_word' id='word_1_422' title='bbox 2663 3115 2678 3136; x_wconf 86' lang='grc'><strong>,</strong></span> <span class='ocrx_word' id='word_1_423' title='bbox 2729 3074 2822 3128; x_wconf 75' lang='grc' dir='ltr'>καὶ</span> <span class='ocrx_word' id='word_1_424' title='bbox 2865 3076 2978 3138; x_wconf 83' lang='grc' dir='ltr'>τοῖς</span> <span class='ocrx_word' id='word_1_425' title='bbox 3018 3074 3123 3127; x_wconf 87' lang='grc' dir='ltr'>ἀπὸ</span> <span class='ocrx_word' id='word_1_426' title='bbox 3153 3075 3252 3145; x_wconf 88' lang='grc' dir='ltr'>τῆς</span> <span class='ocrx_word' id='word_1_427' title='bbox 3307 3073 3528 3128; x_wconf 78' lang='grc' dir='ltr'>καθόλου</span> <span class='ocrx_word' id='word_1_428' title='bbox 3559 3070 3811 3141; x_wconf 73' lang='grc' dir='ltr'>Ἐκκλησίας</span> 
     </span>
    </p>
   </div>
   <div class='ocr_carea' id='block_1_62' title="bbox 616 3160 2205 3256">
    <p class='ocr_par' dir='ltr' id='par_1_62' title="bbox 616 3161 2203 3235">
     <span class='ocr_line' id='line_1_62' title="bbox 616 3161 2203 3235; baseline -0.004 -15"><span class='ocrx_word' id='word_1_429' title='bbox 616 3181 682 3220; x_wconf 87' lang='lat' dir='ltr'><strong>eo</strong></span> <span class='ocrx_word' id='word_1_430' title='bbox 724 3165 1002 3220; x_wconf 83' lang='lat' dir='ltr'><strong>adducere</strong></span> <span class='ocrx_word' id='word_1_431' title='bbox 1041 3164 1256 3235; x_wconf 91' lang='lat' dir='ltr'><strong>potuit,</strong></span> <span class='ocrx_word' id='word_1_432' title='bbox 1297 3172 1354 3217; x_wconf 93' lang='lat' dir='ltr'><strong>ut</strong></span> <span class='ocrx_word' id='word_1_433' title='bbox 1396 3162 1730 3218; x_wconf 88' lang='lat' dir='ltr'><strong>sententiam</strong></span> <span class='ocrx_word' id='word_1_434' title='bbox 1772 3169 2029 3215; x_wconf 88' lang='lat' dir='ltr'><strong>mutaret.</strong></span> <span class='ocrx_word' id='word_1_435' title='bbox 2073 3161 2203 3214; x_wconf 87' lang='lat' dir='ltr'><strong>Erat</strong></span> 
     </span>
    </p>
   </div>
   <div class='ocr_carea' id='block_1_63' title="bbox 2292 3160 3812 3256">
    <p class='ocr_par' dir='ltr' id='par_1_63' title="bbox 2306 3160 3812 3236">
     <span class='ocr_line' id='line_1_63' title="bbox 2306 3160 3812 3236; baseline -0.002 -18"><span class='ocrx_word' id='word_1_436' title='bbox 2306 3165 2687 3232; x_wconf 74' lang='grc' dir='ltr'>ἐκοινώνησεν.</span> <span class='ocrx_word' id='word_1_437' title='bbox 2745 3166 3062 3235; x_wconf 81' lang='grc' dir='ltr'>Ἀπὼμοτον</span> <span class='ocrx_word' id='word_1_438' title='bbox 3118 3166 3250 3236; x_wconf 81' lang='grc' dir='ltr'>μὲν,</span> <span class='ocrx_word' id='word_1_439' title='bbox 3305 3166 3381 3229; x_wconf 82' lang='grc' dir='ltr'>ὡς</span> <span class='ocrx_word' id='word_1_440' title='bbox 3423 3166 3648 3235; x_wconf 87' lang='grc' dir='ltr'>λέγουσιν</span> <span class='ocrx_word' id='word_1_441' title='bbox 3689 3160 3728 3214; x_wconf 73' lang='lat' dir='ltr'><strong>oi</strong></span> <span class='ocrx_word' id='word_1_442' title='bbox 3764 3164 3812 3215; x_wconf 70' lang='lat' dir='ltr'><strong>ti</strong></span> 
     </span>
    </p>
   </div>
   <div class='ocr_carea' id='block_1_64' title="bbox 617 3253 2199 3312">
    <p class='ocr_par' dir='ltr' id='par_1_64' title="bbox 617 3253 2199 3312">
     <span class='ocr_line' id='line_1_64' title="bbox 617 3253 2199 3312; baseline -0.003 -1"><span class='ocrx_word' id='word_1_443' title='bbox 617 3258 762 3311; x_wconf 84' lang='lat' dir='ltr'><strong>enim</strong></span> <span class='ocrx_word' id='word_1_444' title='bbox 793 3273 859 3312; x_wconf 82' lang='lat' dir='ltr'><strong>ex</strong></span> <span class='ocrx_word' id='word_1_445' title='bbox 896 3266 1046 3312; x_wconf 84' lang='lat' dir='ltr'><strong>secta</strong></span> <span class='ocrx_word' id='word_1_446' title='bbox 1083 3255 1626 3310; x_wconf 81' lang='lat' dir='ltr'><strong>Macedonianorum.</strong></span> <span class='ocrx_word' id='word_1_447' title='bbox 1657 3253 1983 3309; x_wconf 82' lang='lat' dir='ltr'><strong>Vincentius</strong></span> <span class='ocrx_word' id='word_1_448' title='bbox 2017 3261 2199 3307; x_wconf 89' lang='lat' dir='ltr'><strong>tamen</strong></span> 
     </span>
    </p>
   </div>
   <div class='ocr_carea' id='block_1_65' title="bbox 616 3345 2198 3421">
    <p class='ocr_par' dir='ltr' id='par_1_65' title="bbox 616 3345 2198 3421">
     <span class='ocr_line' id='line_1_65' title="bbox 616 3345 2198 3421; baseline -0.003 -18"><span class='ocrx_word' id='word_1_449' title='bbox 616 3350 927 3421; x_wconf 84' lang='lat' dir='ltr'><strong>presbyter,</strong></span> <span class='ocrx_word' id='word_1_450' title='bbox 964 3348 1060 3419; x_wconf 91' lang='lat' dir='ltr'><strong>qui</strong></span> <span class='ocrx_word' id='word_1_451' title='bbox 1100 3347 1354 3417; x_wconf 86' lang='lat' dir='ltr'><strong>ejusdem</strong></span> <span class='ocrx_word' id='word_1_452' title='bbox 1393 3357 1559 3402; x_wconf 83' lang='lat' dir='ltr'><strong>sectae</strong></span> <span class='ocrx_word' id='word_1_453' title='bbox 1591 3362 1714 3401; x_wconf 88' lang='lat' dir='ltr'><strong>cum</strong></span> <span class='ocrx_word' id='word_1_454' title='bbox 1757 3345 2004 3400; x_wconf 84' lang='lat' dir='ltr'><strong>Matrona</strong></span> <span class='ocrx_word' id='word_1_455' title='bbox 2039 3356 2198 3412; x_wconf 90' lang='lat' dir='ltr'><strong>erat,</strong></span> 
     </span>
    </p>
   </div>
   <div class='ocr_carea' id='block_1_66' title="bbox 617 3439 2197 3511">
    <p class='ocr_par' dir='ltr' id='par_1_66' title="bbox 617 3439 2197 3511">
     <span class='ocr_line' id='line_1_66' title="bbox 617 3439 2197 3511; baseline -0.003 -16"><span class='ocrx_word' id='word_1_456' title='bbox 617 3451 670 3495; x_wconf 84' lang='lat' dir='ltr'><strong>et</strong></span> <span class='ocrx_word' id='word_1_457' title='bbox 708 3440 827 3511; x_wconf 86' lang='lat' dir='ltr'><strong>pari</strong></span> <span class='ocrx_word' id='word_1_458' title='bbox 869 3455 995 3495; x_wconf 89' lang='lat' dir='ltr'><strong>cum</strong></span> <span class='ocrx_word' id='word_1_459' title='bbox 1038 3439 1129 3492; x_wconf 86' lang='lat' dir='ltr'><strong>illa</strong></span> <span class='ocrx_word' id='word_1_460' title='bbox 1169 3439 1438 3509; x_wconf 80' lang='lat' dir='ltr'><strong>obsequio</strong></span> <span class='ocrx_word' id='word_1_461' title='bbox 1480 3454 1663 3492; x_wconf 88' lang='lat' dir='ltr'><strong>aream</strong></span> <span class='ocrx_word' id='word_1_462' title='bbox 1700 3439 1978 3508; x_wconf 63' lang='lat' dir='ltr'><strong>prophetae</strong></span> <span class='ocrx_word' id='word_1_463' title='bbox 2011 3453 2197 3493; x_wconf 88' lang='lat' dir='ltr'><strong>serva-</strong></span> 
     </span>
    </p>
   </div>
   <div class='ocr_carea' id='block_1_67' title="bbox 619 3531 2187 3602">
    <p class='ocr_par' dir='ltr' id='par_1_67' title="bbox 619 3531 2187 3602">
     <span class='ocr_line' id='line_1_67' title="bbox 619 3531 2187 3602; baseline -0.003 -14"><span class='ocrx_word' id='word_1_464' title='bbox 619 3536 734 3598; x_wconf 89' lang='lat' dir='ltr'><strong>bat,</strong></span> <span class='ocrx_word' id='word_1_465' title='bbox 761 3542 814 3588; x_wconf 88' lang='lat' dir='ltr'><strong>et</strong></span> <span class='ocrx_word' id='word_1_466' title='bbox 850 3532 1010 3602; x_wconf 81' lang='lat' dir='ltr'><strong>juxta</strong></span> <span class='ocrx_word' id='word_1_467' title='bbox 1035 3533 1185 3585; x_wconf 90' lang='lat' dir='ltr'><strong>illam</strong></span> <span class='ocrx_word' id='word_1_468' title='bbox 1214 3532 1513 3586; x_wconf 88' lang='lat' dir='ltr'><strong>missarum</strong></span> <span class='ocrx_word' id='word_1_469' title='bbox 1547 3531 1820 3584; x_wconf 85' lang='lat' dir='ltr'><strong>solemnia</strong></span> <span class='ocrx_word' id='word_1_470' title='bbox 1852 3531 2187 3594; x_wconf 81' lang='lat' dir='ltr'><strong>celebrabat,</strong></span> 
     </span>
    </p>
   </div>
   <div class='ocr_carea' id='block_1_68' title="bbox 619 3622 2199 3691">
    <p class='ocr_par' dir='ltr' id='par_1_68' title="bbox 619 3622 2199 3691">
     <span class='ocr_line' id='line_1_68' title="bbox 619 3622 2199 3691; baseline -0.001 -13"><span class='ocrx_word' id='word_1_471' title='bbox 619 3623 769 3678; x_wconf 90' lang='lat' dir='ltr'><strong>illico</strong></span> <span class='ocrx_word' id='word_1_472' title='bbox 796 3628 1128 3678; x_wconf 84' lang='lat' dir='ltr'><strong>subsecutus</strong></span> <span class='ocrx_word' id='word_1_473' title='bbox 1159 3631 1278 3688; x_wconf 92' lang='lat' dir='ltr'><strong>est;</strong></span> <span class='ocrx_word' id='word_1_474' title='bbox 1317 3629 1524 3676; x_wconf 90' lang='lat' dir='ltr'><strong>et-eum</strong></span> <span class='ocrx_word' id='word_1_475' title='bbox 1552 3622 1618 3677; x_wconf 92' lang='lat' dir='ltr'><strong>iis</strong></span> <span class='ocrx_word' id='word_1_476' title='bbox 1640 3663 1654 3688; x_wconf 91' lang='lat'><strong>,</strong></span> <span class='ocrx_word' id='word_1_477' title='bbox 1687 3623 1778 3691; x_wconf 89' lang='lat' dir='ltr'><strong>qui</strong></span> <span class='ocrx_word' id='word_1_478' title='bbox 1811 3631 1967 3676; x_wconf 90' lang='lat' dir='ltr'><strong>erant</strong></span> <span class='ocrx_word' id='word_1_479' title='bbox 2001 3638 2066 3677; x_wconf 79' lang='lat' dir='ltr'><strong>ex</strong></span> <span class='ocrx_word' id='word_1_480' title='bbox 2099 3622 2199 3677; x_wconf 81' lang='lat' dir='ltr'><strong>Ec-</strong></span> 
     </span>
    </p>
   </div>
   <div class='ocr_carea' id='block_1_69' title="bbox 617 3713 2200 3780">
    <p class='ocr_par' dir='ltr' id='par_1_69' title="bbox 617 3713 2200 3780">
     <span class='ocr_line' id='line_1_69' title="bbox 617 3713 2200 3780; baseline 0 -11"><span class='ocrx_word' id='word_1_481' title='bbox 617 3714 788 3769; x_wconf 87' lang='lat' dir='ltr'><strong>clesia</strong></span> <span class='ocrx_word' id='word_1_482' title='bbox 858 3713 1171 3779; x_wconf 89' lang='lat' dir='ltr'><strong>catholica,</strong></span> <span class='ocrx_word' id='word_1_483' title='bbox 1247 3713 1701 3780; x_wconf 84' lang='lat' dir='ltr'><strong>communicavit,</strong></span> <span class='ocrx_word' id='word_1_484' title='bbox 1752 3715 2008 3779; x_wconf 88' lang='lat' dir='ltr'><strong>tametsi,</strong></span> <span class='ocrx_word' id='word_1_485' title='bbox 2056 3715 2200 3769; x_wconf 89' lang='lat' dir='ltr'><strong>sicut</strong></span> 
     </span>
    </p>
   </div>
   <div class='ocr_carea' id='block_1_70' title="bbox 620 3803 2199 3876">
    <p class='ocr_par' dir='ltr' id='par_1_70' title="bbox 620 3803 2199 3876">
     <span class='ocr_line' id='line_1_70' title="bbox 620 3803 2199 3876; baseline 0.001 -18"><span class='ocrx_word' id='word_1_486' title='bbox 620 3803 1001 3860; x_wconf 77' lang='lat' dir='ltr'><strong>Macedoniam</strong></span> <span class='ocrx_word' id='word_1_487' title='bbox 1033 3811 1326 3870; x_wconf 83' lang='lat' dir='ltr'><strong>asserunt,</strong></span> <span class='ocrx_word' id='word_1_488' title='bbox 1357 3803 1721 3875; x_wconf 87' lang='lat' dir='ltr'><strong>jurejurando</strong></span> <span class='ocrx_word' id='word_1_489' title='bbox 1747 3804 2074 3876; x_wconf 86' lang='lat' dir='ltr'><strong>interposito</strong></span> <span class='ocrx_word' id='word_1_490' title='bbox 2100 3821 2199 3860; x_wconf 87' lang='lat' dir='ltr'><strong>an-</strong></span> 
     </span>
    </p>
   </div>
   <div class='ocr_carea' id='block_1_71' title="bbox 618 3897 2199 3968">
    <p class='ocr_par' dir='ltr' id='par_1_71' title="bbox 618 3897 2199 3968">
     <span class='ocr_line' id='line_1_71' title="bbox 618 3897 2199 3968; baseline -0.001 -13"><span class='ocrx_word' id='word_1_491' title='bbox 618 3910 706 3955; x_wconf 90' lang='lat' dir='ltr'><strong>tea</strong></span> <span class='ocrx_word' id='word_1_492' title='bbox 738 3897 1097 3960; x_wconf 66' lang='lat' dir='ltr'><strong>affirmasset,</strong></span> <span class='ocrx_word' id='word_1_493' title='bbox 1134 3911 1418 3968; x_wconf 87' lang='lat' dir='ltr'><strong>nunquam</strong></span> <span class='ocrx_word' id='word_1_494' title='bbox 1455 3911 1522 3952; x_wconf 86' lang='lat' dir='ltr'><strong>se</strong></span> <span class='ocrx_word' id='word_1_495' title='bbox 1561 3897 1633 3951; x_wconf 87' lang='lat' dir='ltr'><strong>ab</strong></span> <span class='ocrx_word' id='word_1_496' title='bbox 1674 3897 1896 3952; x_wconf 90' lang='lat' dir='ltr'><strong>illorum</strong></span> <span class='ocrx_word' id='word_1_497' title='bbox 1935 3899 2199 3968; x_wconf 89' lang='lat' dir='ltr'><strong>opinione</strong></span> 
     </span>
    </p>
   </div>
   <div class='ocr_carea' id='block_1_72' title="bbox 617 3989 2201 4060">
    <p class='ocr_par' dir='ltr' id='par_1_72' title="bbox 617 3989 2201 4060">
     <span class='ocr_line' id='line_1_72' title="bbox 617 3989 2201 4060; baseline -0.001 -13"><span class='ocrx_word' id='word_1_498' title='bbox 617 3989 992 4054; x_wconf 77' lang='lat' dir='ltr'><strong>recessurum,</strong></span> <span class='ocrx_word' id='word_1_499' title='bbox 1047 3991 1113 4046; x_wconf 88' lang='lat' dir='ltr'><strong>ad</strong></span> <span class='ocrx_word' id='word_1_500' title='bbox 1145 3999 1455 4046; x_wconf 79' lang='lat' dir='ltr'><strong>extremum</strong></span> <span class='ocrx_word' id='word_1_501' title='bbox 1495 4005 1622 4046; x_wconf 88' lang='lat' dir='ltr'><strong>vero</strong></span> <span class='ocrx_word' id='word_1_502' title='bbox 1653 3990 1830 4060; x_wconf 88' lang='lat' dir='ltr'><strong>palam</strong></span> <span class='ocrx_word' id='word_1_503' title='bbox 1861 3989 2201 4048; x_wconf 87' lang='lat' dir='ltr'><strong>decrevisset</strong></span> 
     </span>
    </p>
   </div>
   <div class='ocr_carea' id='block_1_73' title="bbox 619 4084 2201 4157">
    <p class='ocr_par' dir='ltr' id='par_1_73' title="bbox 619 4084 2201 4157">
     <span class='ocr_line' id='line_1_73' title="bbox 619 4084 2201 4157; baseline -0.001 -15"><span class='ocrx_word' id='word_1_504' title='bbox 619 4097 700 4154; x_wconf 89' lang='lat' dir='ltr'><strong>ut,</strong></span> <span class='ocrx_word' id='word_1_505' title='bbox 736 4088 780 4142; x_wconf 92' lang='lat' dir='ltr'><strong>si</strong></span> <span class='ocrx_word' id='word_1_506' title='bbox 815 4085 1058 4157; x_wconf 85' lang='lat' dir='ltr'><strong>Baptista</strong></span> <span class='ocrx_word' id='word_1_507' title='bbox 1094 4085 1480 4154; x_wconf 88' lang='lat' dir='ltr'><strong>imperatorem</strong></span> <span class='ocrx_word' id='word_1_508' title='bbox 1515 4085 1672 4155; x_wconf 92' lang='lat' dir='ltr'><strong>sequi</strong></span> <span class='ocrx_word' id='word_1_509' title='bbox 1700 4084 1884 4149; x_wconf 89' lang='lat' dir='ltr'><strong>vellet,</strong></span> <span class='ocrx_word' id='word_1_510' title='bbox 1919 4084 2036 4155; x_wconf 90' lang='lat' dir='ltr'><strong>ipse</strong></span> <span class='ocrx_word' id='word_1_511' title='bbox 2062 4101 2201 4156; x_wconf 87' lang='lat' dir='ltr'><strong>quo-</strong></span> 
     </span>
    </p>
   </div>
   <div class='ocr_carea' id='block_1_74' title="bbox 617 4177 2195 4250">
    <p class='ocr_par' dir='ltr' id='par_1_74' title="bbox 617 4177 2195 4250">
     <span class='ocr_line' id='line_1_74' title="bbox 617 4177 2195 4250; baseline -0.001 -16"><span class='ocrx_word' id='word_1_512' title='bbox 617 4197 725 4250; x_wconf 88' lang='lat' dir='ltr'><strong>que</strong></span> <span class='ocrx_word' id='word_1_513' title='bbox 759 4181 968 4249; x_wconf 88' lang='lat' dir='ltr'><strong>absque</strong></span> <span class='ocrx_word' id='word_1_514' title='bbox 1002 4179 1113 4231; x_wconf 92' lang='lat' dir='ltr'><strong>ulla</strong></span> <span class='ocrx_word' id='word_1_515' title='bbox 1147 4177 1414 4234; x_wconf 88' lang='lat' dir='ltr'><strong>dilatione</strong></span> <span class='ocrx_word' id='word_1_516' title='bbox 1443 4191 1569 4230; x_wconf 91' lang='lat' dir='ltr'><strong>cum</strong></span> <span class='ocrx_word' id='word_1_517' title='bbox 1611 4177 1707 4232; x_wconf 92' lang='lat' dir='ltr'><strong>illo</strong></span> <span class='ocrx_word' id='word_1_518' title='bbox 1739 4179 2195 4234; x_wconf 87' lang='lat' dir='ltr'><strong>communicaret.</strong></span> 
     </span>
    </p>
   </div>
   <div class='ocr_carea' id='block_1_75' title="bbox 618 4265 2196 4340">
    <p class='ocr_par' dir='ltr' id='par_1_75' title="bbox 618 4265 2196 4340">
     <span class='ocr_line' id='line_1_75' title="bbox 618 4265 2196 4340; baseline 0.001 -17"><span class='ocrx_word' id='word_1_519' title='bbox 618 4269 751 4324; x_wconf 81' lang='lat' dir='ltr'><strong>Erat</strong></span> <span class='ocrx_word' id='word_1_520' title='bbox 776 4270 866 4323; x_wconf 91' lang='lat' dir='ltr'><strong>hic</strong></span> <span class='ocrx_word' id='word_1_521' title='bbox 897 4269 1118 4338; x_wconf 83' lang='lat' dir='ltr'><strong>origine</strong></span> <span class='ocrx_word' id='word_1_522' title='bbox 1145 4265 1338 4334; x_wconf 84' lang='lat' dir='ltr'><strong>Persa,</strong></span> <span class='ocrx_word' id='word_1_523' title='bbox 1366 4268 1459 4337; x_wconf 90' lang='lat' dir='ltr'><strong>qui</strong></span> <span class='ocrx_word' id='word_1_524' title='bbox 1492 4268 1802 4322; x_wconf 79' lang='lat' dir='ltr'><strong>Constantii</strong></span> <span class='ocrx_word' id='word_1_525' title='bbox 1834 4269 2196 4340; x_wconf 89' lang='lat' dir='ltr'><strong>temporibus,</strong></span> 
     </span>
    </p>
   </div>
   <div class='ocr_carea' id='block_1_76' title="bbox 617 4355 2200 4428">
    <p class='ocr_par' dir='ltr' id='par_1_76' title="bbox 617 4355 2200 4428">
     <span class='ocr_line' id='line_1_76' title="bbox 617 4355 2200 4428; baseline 0 -15"><span class='ocrx_word' id='word_1_526' title='bbox 617 4375 743 4415; x_wconf 83' lang='lat' dir='ltr'><strong>cum</strong></span> <span class='ocrx_word' id='word_1_527' title='bbox 777 4357 1090 4428; x_wconf 86' lang='lat' dir='ltr'><strong>persecutio</strong></span> <span class='ocrx_word' id='word_1_528' title='bbox 1133 4356 1403 4412; x_wconf 90' lang='lat' dir='ltr'><strong>adversus</strong></span> <span class='ocrx_word' id='word_1_529' title='bbox 1453 4356 1806 4414; x_wconf 86' lang='lat' dir='ltr'><strong>Christianos</strong></span> <span class='ocrx_word' id='word_1_530' title='bbox 1859 4357 1915 4412; x_wconf 87' lang='lat' dir='ltr'><strong>in</strong></span> <span class='ocrx_word' id='word_1_531' title='bbox 1968 4355 2200 4413; x_wconf 85' lang='lat' dir='ltr'><strong>Perside</strong></span> 
     </span>
    </p>
   </div>
   <div class='ocr_carea' id='block_1_77' title="bbox 621 4447 2200 4518">
    <p class='ocr_par' dir='ltr' id='par_1_77' title="bbox 621 4447 2200 4518">
     <span class='ocr_line' id='line_1_77' title="bbox 621 4447 2200 4518; baseline 0.003 -17"><span class='ocrx_word' id='word_1_532' title='bbox 621 4455 988 4518; x_wconf 73' lang='lat' dir='ltr'><strong>grassaretur,</strong></span> <span class='ocrx_word' id='word_1_533' title='bbox 1031 4457 1252 4516; x_wconf 82' lang='lat' dir='ltr'><strong>arrepta</strong></span> <span class='ocrx_word' id='word_1_534' title='bbox 1279 4447 1419 4518; x_wconf 69' lang='lat' dir='ltr'><strong>fuga</strong></span> <span class='ocrx_word' id='word_1_535' title='bbox 1447 4489 1462 4512; x_wconf 92' lang='lat'><strong>,</strong></span> <span class='ocrx_word' id='word_1_536' title='bbox 1504 4448 1667 4503; x_wconf 90' lang='lat' dir='ltr'><strong>simul</strong></span> <span class='ocrx_word' id='word_1_537' title='bbox 1698 4465 1822 4505; x_wconf 87' lang='lat' dir='ltr'><strong>cum</strong></span> <span class='ocrx_word' id='word_1_538' title='bbox 1868 4449 2022 4506; x_wconf 85' lang='lat' dir='ltr'><strong>Adda</strong></span> <span class='ocrx_word' id='word_1_539' title='bbox 2067 4465 2200 4506; x_wconf 85' lang='lat' dir='ltr'><strong>cou—</strong></span> 
     </span>
    </p>
   </div>
   <div class='ocr_carea' id='block_1_78' title="bbox 620 4539 2198 4612">
    <p class='ocr_par' dir='ltr' id='par_1_78' title="bbox 620 4539 2198 4612">
     <span class='ocr_line' id='line_1_78' title="bbox 620 4539 2198 4612; baseline 0.002 -17"><span class='ocrx_word' id='word_1_540' title='bbox 620 4541 847 4595; x_wconf 78' lang='lat' dir='ltr'><strong>sobrino</strong></span> <span class='ocrx_word' id='word_1_541' title='bbox 868 4579 883 4605; x_wconf 92' lang='lat'><strong>,</strong></span> <span class='ocrx_word' id='word_1_542' title='bbox 914 4541 966 4594; x_wconf 90' lang='lat' dir='ltr'><strong>in</strong></span> <span class='ocrx_word' id='word_1_543' title='bbox 1001 4539 1374 4595; x_wconf 77' lang='lat' dir='ltr'><strong>Romanorum</strong></span> <span class='ocrx_word' id='word_1_544' title='bbox 1409 4541 1672 4596; x_wconf 88' lang='lat' dir='ltr'><strong>ditionem</strong></span> <span class='ocrx_word' id='word_1_545' title='bbox 1706 4550 1952 4598; x_wconf 89' lang='lat' dir='ltr'><strong>venerat.</strong></span> <span class='ocrx_word' id='word_1_546' title='bbox 1987 4541 2051 4595; x_wconf 86' lang='lat' dir='ltr'><strong>Et</strong></span> <span class='ocrx_word' id='word_1_547' title='bbox 2083 4543 2198 4612; x_wconf 90' lang='lat' dir='ltr'><strong>ipse</strong></span> 
     </span>
    </p>
   </div>
   <div class='ocr_carea' id='block_1_79' title="bbox 620 4631 2193 4704">
    <p class='ocr_par' dir='ltr' id='par_1_79' title="bbox 620 4631 2193 4704">
     <span class='ocr_line' id='line_1_79' title="bbox 620 4631 2193 4704; baseline -0.001 -17"><span class='ocrx_word' id='word_1_548' title='bbox 620 4632 842 4704; x_wconf 87' lang='lat' dir='ltr'><strong>quidem</strong></span> <span class='ocrx_word' id='word_1_549' title='bbox 884 4632 1036 4687; x_wconf 91' lang='lat' dir='ltr'><strong>clero</strong></span> <span class='ocrx_word' id='word_1_550' title='bbox 1104 4631 1424 4702; x_wconf 82' lang='lat' dir='ltr'><strong>ascriptus,</strong></span> <span class='ocrx_word' id='word_1_551' title='bbox 1467 4631 1534 4685; x_wconf 90' lang='lat' dir='ltr'><strong>ad</strong></span> <span class='ocrx_word' id='word_1_552' title='bbox 1586 4631 1916 4703; x_wconf 79' lang='lat' dir='ltr'><strong>presbyterii</strong></span> <span class='ocrx_word' id='word_1_553' title='bbox 1965 4632 2193 4701; x_wconf 77' lang='lat' dir='ltr'><strong>gradum</strong></span> 
     </span>
    </p>
   </div>
   <div class='ocr_carea' id='block_1_80' title="bbox 2309 3253 3811 3327">
    <p class='ocr_par' dir='ltr' id='par_1_80' title="bbox 2309 3253 3811 3327">
     <span class='ocr_line' id='line_1_80' title="bbox 2309 3253 3811 3327; baseline -0.003 -19"><span class='ocrx_word' id='word_1_554' title='bbox 2309 3255 2645 3308; x_wconf 82' lang='grc' dir='ltr'>Μακεδονίου</span> <span class='ocrx_word' id='word_1_555' title='bbox 2674 3253 3002 3326; x_wconf 82' lang='grc' dir='ltr'>φρονοῦντες</span> <span class='ocrx_word' id='word_1_556' title='bbox 3021 3296 3034 3322; x_wconf 83' lang='grc'><strong>,</strong></span> <span class='ocrx_word' id='word_1_557' title='bbox 3063 3256 3437 3327; x_wconf 74' lang='grc' dir='ltr'>ποιησάμενος</span> <span class='ocrx_word' id='word_1_558' title='bbox 3460 3296 3474 3319; x_wconf 91' lang='grc'><strong>,</strong></span> <span class='ocrx_word' id='word_1_559' title='bbox 3515 3256 3582 3326; x_wconf 82' lang='grc' dir='ltr'>μή</span> <span class='ocrx_word' id='word_1_560' title='bbox 3614 3269 3718 3306; x_wconf 86' lang='grc' dir='ltr'>ποτε</span> <span class='ocrx_word' id='word_1_561' title='bbox 3745 3269 3811 3320; x_wconf 83' lang='grc' dir='ltr'>με·</span> 
     </span>
    </p>
   </div>
   <div class='ocr_carea' id='block_1_81' title="bbox 2308 3345 3812 3418">
    <p class='ocr_par' dir='ltr' id='par_1_81' title="bbox 2308 3345 3812 3418">
     <span class='ocr_line' id='line_1_81' title="bbox 2308 3345 3812 3418; baseline -0.003 -19"><span class='ocrx_word' id='word_1_562' title='bbox 2308 3345 2642 3417; x_wconf 81' lang='grc' dir='ltr'>ταθὴσεσθαι</span> <span class='ocrx_word' id='word_1_563' title='bbox 2686 3347 2786 3416; x_wconf 79' lang='grc' dir='ltr'>τῆς</span> <span class='ocrx_word' id='word_1_564' title='bbox 2827 3347 3012 3401; x_wconf 77' lang='grc' dir='ltr'>αὐτῶν</span> <span class='ocrx_word' id='word_1_565' title='bbox 3059 3349 3252 3418; x_wconf 79' lang='grc' dir='ltr'>δόξης’</span> <span class='ocrx_word' id='word_1_566' title='bbox 3305 3349 3367 3402; x_wconf 74' lang='grc' dir='ltr'>τὸ</span> <span class='ocrx_word' id='word_1_567' title='bbox 3393 3349 3448 3402; x_wconf 79' lang='grc' dir='ltr'>δὲ</span> <span class='ocrx_word' id='word_1_568' title='bbox 3477 3347 3738 3402; x_wconf 83' lang='grc' dir='ltr'>τελευταῖον</span> <span class='ocrx_word' id='word_1_569' title='bbox 3760 3345 3812 3404; x_wconf 82' lang='grc' dir='ltr'><strong>είς</strong></span> 
     </span>
    </p>
   </div>
   <div class='ocr_carea' id='block_1_82' title="bbox 2303 3437 3814 3510">
    <p class='ocr_par' dir='ltr' id='par_1_82' title="bbox 2303 3437 3814 3510">
     <span class='ocr_line' id='line_1_82' title="bbox 2303 3437 3814 3510; baseline 0 -20"><span class='ocrx_word' id='word_1_570' title='bbox 2303 3437 2364 3490; x_wconf 76' lang='grc' dir='ltr'><strong>τὸ</strong></span> <span class='ocrx_word' id='word_1_571' title='bbox 2388 3438 2664 3508; x_wconf 78' lang='grc' dir='ltr'>προφανὲς</span> <span class='ocrx_word' id='word_1_572' title='bbox 2693 3439 2916 3510; x_wconf 78' lang='grc' dir='ltr'>ὁρίσας,</span> <span class='ocrx_word' id='word_1_573' title='bbox 2945 3441 3020 3502; x_wconf 85' lang='grc' dir='ltr'>ὡς</span> <span class='ocrx_word' id='word_1_574' title='bbox 3052 3442 3099 3493; x_wconf 87' lang='grc' dir='ltr'><strong>εἰ</strong></span> <span class='ocrx_word' id='word_1_575' title='bbox 3133 3441 3311 3495; x_wconf 75' lang='grc' dir='ltr'>ἕλοιτο</span> <span class='ocrx_word' id='word_1_576' title='bbox 3343 3443 3371 3494; x_wconf 86' lang='grc' dir='ltr'><strong>ό</strong></span> <span class='ocrx_word' id='word_1_577' title='bbox 3415 3440 3693 3510; x_wconf 79' lang='grc' dir='ltr'>Βαπτιστὴς</span> <span class='ocrx_word' id='word_1_578' title='bbox 3730 3439 3814 3490; x_wconf 80' lang='grc' dir='ltr'>ἀκο-</span> 
     </span>
    </p>
   </div>
   <div class='ocr_carea' id='block_1_83' title="bbox 2305 3528 3812 3605">
    <p class='ocr_par' dir='ltr' id='par_1_83' title="bbox 2305 3528 3812 3605">
     <span class='ocr_line' id='line_1_83' title="bbox 2305 3528 3812 3605; baseline 0.005 -24"><span class='ocrx_word' id='word_1_579' title='bbox 2305 3528 2565 3600; x_wconf 84' lang='grc' dir='ltr'>λουθῆσαι</span> <span class='ocrx_word' id='word_1_580' title='bbox 2605 3532 2682 3602; x_wconf 78' lang='grc' dir='ltr'>τῷ</span> <span class='ocrx_word' id='word_1_581' title='bbox 2724 3533 2954 3603; x_wconf 80' lang='grc' dir='ltr'>βασιλεῖ,</span> <span class='ocrx_word' id='word_1_582' title='bbox 3001 3535 3097 3587; x_wconf 74' lang='grc' dir='ltr'>καὶ</span> <span class='ocrx_word' id='word_1_583' title='bbox 3129 3535 3297 3589; x_wconf 80' lang='grc' dir='ltr'>αὑτὸν</span> <span class='ocrx_word' id='word_1_584' title='bbox 3338 3536 3664 3605; x_wconf 79' lang='grc' dir='ltr'>κοινωνήσειν</span> <span class='ocrx_word' id='word_1_585' title='bbox 3689 3529 3812 3599; x_wconf 77' lang='grc' dir='ltr'>αὐτῷ.</span> 
     </span>
    </p>
   </div>
   <div class='ocr_carea' id='block_1_84' title="bbox 2305 3621 3813 3696">
    <p class='ocr_par' dir='ltr' id='par_1_84' title="bbox 2305 3621 3813 3696">
     <span class='ocr_line' id='line_1_84' title="bbox 2305 3621 3813 3696; baseline 0.008 -24"><span class='ocrx_word' id='word_1_586' title='bbox 2305 3621 2469 3691; x_wconf 84' lang='grc' dir='ltr'>μηδὲν</span> <span class='ocrx_word' id='word_1_587' title='bbox 2499 3623 2908 3694; x_wconf 79' lang='grc' dir='ltr'>διαφερόμενον.</span> <span class='ocrx_word' id='word_1_588' title='bbox 2959 3625 3205 3693; x_wconf 81' lang='grc' dir='ltr'>Ἐγένετο</span> <span class='ocrx_word' id='word_1_589' title='bbox 3249 3626 3310 3680; x_wconf 83' lang='grc' dir='ltr'>δὲ</span> <span class='ocrx_word' id='word_1_590' title='bbox 3364 3621 3518 3690; x_wconf 74' lang='grc' dir='ltr'>οὗτος</span> <span class='ocrx_word' id='word_1_591' title='bbox 3564 3626 3742 3696; x_wconf 77' lang='grc' dir='ltr'>Πέρσης</span> <span class='ocrx_word' id='word_1_592' title='bbox 3771 3621 3813 3672; x_wconf 73' lang='grc' dir='ltr'><strong>τδ</strong></span> 
     </span>
    </p>
   </div>
   <div class='ocr_carea' id='block_1_85' title="bbox 2301 3711 3812 3789">
    <p class='ocr_par' dir='ltr' id='par_1_85' title="bbox 2301 3711 3812 3789">
     <span class='ocr_line' id='line_1_85' title="bbox 2301 3711 3812 3789; baseline 0.003 -24"><span class='ocrx_word' id='word_1_593' title='bbox 2301 3713 2486 3780; x_wconf 78' lang='grc' dir='ltr'>γένος’</span> <span class='ocrx_word' id='word_1_594' title='bbox 2531 3715 2623 3767; x_wconf 80' lang='grc' dir='ltr'>ἐπὶ</span> <span class='ocrx_word' id='word_1_595' title='bbox 2661 3715 2716 3768; x_wconf 80' lang='grc' dir='ltr'>δὲ</span> <span class='ocrx_word' id='word_1_596' title='bbox 2751 3716 2853 3786; x_wconf 78' lang='grc' dir='ltr'>τῆς</span> <span class='ocrx_word' id='word_1_597' title='bbox 2890 3717 3278 3770; x_wconf 84' lang='grc' dir='ltr'>Κωνσταντίου</span> <span class='ocrx_word' id='word_1_598' title='bbox 3339 3718 3602 3789; x_wconf 84' lang='grc' dir='ltr'>βασιλείας</span> <span class='ocrx_word' id='word_1_599' title='bbox 3631 3711 3812 3783; x_wconf 73' lang='grc' dir='ltr'>διωγμθῦ</span> 
     </span>
    </p>
   </div>
   <div class='ocr_carea' id='block_1_86' title="bbox 2303 3805 3814 3882">
    <p class='ocr_par' dir='ltr' id='par_1_86' title="bbox 2303 3805 3814 3882">
     <span class='ocr_line' id='line_1_86' title="bbox 2303 3805 3814 3882; baseline 0.001 -26"><span class='ocrx_word' id='word_1_600' title='bbox 2303 3805 2704 3871; x_wconf 78' lang='grc' dir='ltr'>καταλαϐόντος</span> <span class='ocrx_word' id='word_1_601' title='bbox 2736 3806 2863 3872; x_wconf 78' lang='grc' dir='ltr'>τοὺς</span> <span class='ocrx_word' id='word_1_602' title='bbox 2893 3808 2950 3861; x_wconf 85' lang='grc' dir='ltr'>ἐν</span> <span class='ocrx_word' id='word_1_603' title='bbox 2979 3807 3201 3880; x_wconf 88' lang='grc' dir='ltr'>Περσίδι</span> <span class='ocrx_word' id='word_1_604' title='bbox 3231 3810 3594 3882; x_wconf 76' lang='grc' dir='ltr'>Χριστιανοὺς</span> <span class='ocrx_word' id='word_1_605' title='bbox 3617 3851 3628 3872; x_wconf 87' lang='grc'><strong>,</strong></span> <span class='ocrx_word' id='word_1_606' title='bbox 3652 3806 3814 3875; x_wconf 72' lang='grc' dir='ltr'>φεύγων</span> 
     </span>
    </p>
   </div>
   <div class='ocr_carea' id='block_1_87' title="bbox 2304 3895 3812 3974">
    <p class='ocr_par' dir='ltr' id='par_1_87' title="bbox 2304 3895 3812 3974">
     <span class='ocr_line' id='line_1_87' title="bbox 2304 3895 3812 3974; baseline 0.001 -20"><span class='ocrx_word' id='word_1_607' title='bbox 2304 3897 2421 3968; x_wconf 75' lang='grc' dir='ltr'>ἅμα</span> <span class='ocrx_word' id='word_1_608' title='bbox 2458 3899 2615 3970; x_wconf 80' lang='grc' dir='ltr'>Ἀδδᾷ</span> <span class='ocrx_word' id='word_1_609' title='bbox 2641 3899 2721 3972; x_wconf 82' lang='grc' dir='ltr'><strong>τῷ</strong></span> <span class='ocrx_word' id='word_1_610' title='bbox 2750 3899 2916 3956; x_wconf 79' lang='grc' dir='ltr'>αὑτοῦ</span> <span class='ocrx_word' id='word_1_611' title='bbox 2946 3901 3152 3973; x_wconf 74' lang='grc' dir='ltr'>ἀνεψιῷ</span> <span class='ocrx_word' id='word_1_612' title='bbox 3179 3944 3194 3968; x_wconf 93' lang='grc'><strong>,</strong></span> <span class='ocrx_word' id='word_1_613' title='bbox 3239 3905 3324 3968; x_wconf 86' lang='grc' dir='ltr'>εἰς</span> <span class='ocrx_word' id='word_1_614' title='bbox 3367 3902 3649 3974; x_wconf 84' lang='grc' dir='ltr'>Ῥωμαίους</span> <span class='ocrx_word' id='word_1_615' title='bbox 3679 3895 3812 3969; x_wconf 79' lang='grc' dir='ltr'>ἦλθεν-</span> 
     </span>
    </p>
   </div>
   <div class='ocr_carea' id='block_1_88' title="bbox 2313 3989 3814 4065">
    <p class='ocr_par' dir='ltr' id='par_1_88' title="bbox 2313 3989 3814 4065">
     <span class='ocr_line' id='line_1_88' title="bbox 2313 3989 3814 4065; baseline -0.001 -23"><span class='ocrx_word' id='word_1_616' title='bbox 2313 3990 2450 4043; x_wconf 80' lang='grc' dir='ltr'>Ἀλλ’</span> <span class='ocrx_word' id='word_1_617' title='bbox 2481 3993 2509 4044; x_wconf 87' lang='grc' dir='ltr'>ὁ</span> <span class='ocrx_word' id='word_1_618' title='bbox 2540 3992 2638 4062; x_wconf 86' lang='grc' dir='ltr'>μὲν</span> <span class='ocrx_word' id='word_1_619' title='bbox 2674 3991 2863 4064; x_wconf 83' lang='grc' dir='ltr'>κλήρῳ</span> <span class='ocrx_word' id='word_1_620' title='bbox 2892 3993 3250 4064; x_wconf 80' lang='grc' dir='ltr'>ἐγκατελέγη,</span> <span class='ocrx_word' id='word_1_621' title='bbox 3289 3996 3388 4050; x_wconf 74' lang='grc' dir='ltr'><strong>καὶ</strong></span> <span class='ocrx_word' id='word_1_622' title='bbox 3411 3998 3489 4059; x_wconf 87' lang='grc' dir='ltr'><strong>είς</strong></span> <span class='ocrx_word' id='word_1_623' title='bbox 3514 3989 3814 4065; x_wconf 74' lang='grc' dir='ltr'>πρεσϐυτέρου</span> 
     </span>
    </p>
   </div>
   <div class='ocr_carea' id='block_1_89' title="bbox 2299 4080 3813 4158">
    <p class='ocr_par' dir='ltr' id='par_1_89' title="bbox 2299 4080 3813 4158">
     <span class='ocr_line' id='line_1_89' title="bbox 2299 4080 3813 4158; baseline 0.011 -25"><span class='ocrx_word' id='word_1_624' title='bbox 2299 4081 2569 4152; x_wconf 76' lang='grc' dir='ltr'>προῆλθεν</span> <span class='ocrx_word' id='word_1_625' title='bbox 2614 4083 2792 4148; x_wconf 80' lang='grc' dir='ltr'><strong>ἀξίαν.</strong></span> <span class='ocrx_word' id='word_1_626' title='bbox 2855 4084 3044 4150; x_wconf 55' lang='lat' dir='ltr'><strong>assa;</strong></span> <span class='ocrx_word' id='word_1_627' title='bbox 3115 4086 3172 4140; x_wconf 84' lang='grc' dir='ltr'>δὲ</span> <span class='ocrx_word' id='word_1_628' title='bbox 3227 4089 3454 4158; x_wconf 81' lang='grc' dir='ltr'>γήμας,</span> <span class='ocrx_word' id='word_1_629' title='bbox 3506 4085 3708 4157; x_wconf 80' lang='grc' dir='ltr'>μέγιστα</span> <span class='ocrx_word' id='word_1_630' title='bbox 3745 4080 3813 4149; x_wconf 70' lang='grc' dir='ltr'>τὴν</span> 
     </span>
    </p>
   </div>
   <div class='ocr_carea' id='block_1_90' title="bbox 2311 4171 3814 4245">
    <p class='ocr_par' dir='ltr' id='par_1_90' title="bbox 2311 4171 3814 4245">
     <span class='ocr_line' id='line_1_90' title="bbox 2311 4171 3814 4245; baseline -0.003 -20"><span class='ocrx_word' id='word_1_631' title='bbox 2311 4173 2637 4243; x_wconf 78' lang='grc' dir='ltr'>Ἐκκλησίαν</span> <span class='ocrx_word' id='word_1_632' title='bbox 2663 4173 2912 4245; x_wconf 78' lang='grc' dir='ltr'>ὠφέλησε</span> <span class='ocrx_word' id='word_1_633' title='bbox 2935 4215 2951 4240; x_wconf 83' lang='grc'><strong>,</strong></span> <span class='ocrx_word' id='word_1_634' title='bbox 2997 4174 3093 4229; x_wconf 73' lang='grc' dir='ltr'><strong>καὶ</strong></span> <span class='ocrx_word' id='word_1_635' title='bbox 3120 4177 3292 4231; x_wconf 84' lang='grc' dir='ltr'>παῖδα</span> <span class='ocrx_word' id='word_1_636' title='bbox 3345 4175 3646 4230; x_wconf 83' lang='grc' dir='ltr'>καταλιπὼν</span> <span class='ocrx_word' id='word_1_637' title='bbox 3667 4171 3814 4233; x_wconf 81' lang='grc' dir='ltr'><strong>Δὺξέν-</strong></span> 
     </span>
    </p>
   </div>
   <div class='ocr_carea' id='block_1_91' title="bbox 2297 4263 3814 4338">
    <p class='ocr_par' dir='ltr' id='par_1_91' title="bbox 2297 4263 3814 4338">
     <span class='ocr_line' id='line_1_91' title="bbox 2297 4263 3814 4338; baseline 0.004 -24"><span class='ocrx_word' id='word_1_638' title='bbox 2297 4279 2432 4328; x_wconf 89' lang='grc' dir='ltr'>τιον,</span> <span class='ocrx_word' id='word_1_639' title='bbox 2459 4263 2630 4336; x_wconf 79' lang='grc' dir='ltr'>ἄνδρα</span> <span class='ocrx_word' id='word_1_640' title='bbox 2653 4265 2782 4336; x_wconf 73' lang='grc' dir='ltr'>περὶ</span> <span class='ocrx_word' id='word_1_641' title='bbox 2802 4264 2863 4318; x_wconf 76' lang='grc' dir='ltr'>τὸ</span> <span class='ocrx_word' id='word_1_642' title='bbox 2883 4265 3038 4319; x_wconf 72' lang='grc' dir='ltr'><strong>Θεῖον</strong></span> <span class='ocrx_word' id='word_1_643' title='bbox 3058 4267 3411 4332; x_wconf 86' lang='grc' dir='ltr'>πιστότατον,</span> <span class='ocrx_word' id='word_1_644' title='bbox 3432 4268 3524 4322; x_wconf 75' lang='grc' dir='ltr'>καὶ</span> <span class='ocrx_word' id='word_1_645' title='bbox 3547 4265 3661 4338; x_wconf 79' lang='grc' dir='ltr'>περὶ</span> <span class='ocrx_word' id='word_1_646' title='bbox 3680 4263 3814 4333; x_wconf 68' lang='grc' dir='ltr'>φᾶους</span> 
     </span>
    </p>
   </div>
   <div class='ocr_carea' id='block_1_92' title="bbox 2299 4354 3815 4429">
    <p class='ocr_par' dir='ltr' id='par_1_92' title="bbox 2299 4354 3815 4429">
     <span class='ocr_line' id='line_1_92' title="bbox 2299 4354 3815 4429; baseline -0.001 -22"><span class='ocrx_word' id='word_1_647' title='bbox 2299 4355 2614 4410; x_wconf 84' lang='grc' dir='ltr'>σπουδαῖον’</span> <span class='ocrx_word' id='word_1_648' title='bbox 2659 4357 2874 4428; x_wconf 85' lang='grc' dir='ltr'>ἐμμελῆ</span> <span class='ocrx_word' id='word_1_649' title='bbox 2928 4359 2986 4411; x_wconf 91' lang='grc' dir='ltr'><strong>δέ</strong></span> <span class='ocrx_word' id='word_1_650' title='bbox 3015 4358 3106 4412; x_wconf 79' lang='grc' dir='ltr'>τὸν</span> <span class='ocrx_word' id='word_1_651' title='bbox 3137 4358 3274 4429; x_wconf 84' lang='grc' dir='ltr'>βίον,</span> <span class='ocrx_word' id='word_1_652' title='bbox 3311 4361 3408 4414; x_wconf 73' lang='grc' dir='ltr'>καὶ</span> <span class='ocrx_word' id='word_1_653' title='bbox 3442 4359 3693 4429; x_wconf 81' lang='grc' dir='ltr'>φιλολόγον</span> <span class='ocrx_word' id='word_1_654' title='bbox 3713 4396 3725 4419; x_wconf 90' lang='grc'><strong>,</strong></span> <span class='ocrx_word' id='word_1_655' title='bbox 3753 4354 3815 4406; x_wconf 71' lang='grc' dir='ltr'>καὶ</span> 
     </span>
    </p>
   </div>
   <div class='ocr_carea' id='block_1_93' title="bbox 2306 4446 3815 4520">
    <p class='ocr_par' dir='ltr' id='par_1_93' title="bbox 2306 4446 3815 4520">
     <span class='ocr_line' id='line_1_93' title="bbox 2306 4446 3815 4520; baseline 0.003 -23"><span class='ocrx_word' id='word_1_656' title='bbox 2306 4446 2593 4518; x_wconf 80' lang='grc' dir='ltr'>πολυμαθῆ</span> <span class='ocrx_word' id='word_1_657' title='bbox 2655 4448 2765 4502; x_wconf 83' lang='grc' dir='ltr'><strong>τῶν</strong></span> <span class='ocrx_word' id='word_1_658' title='bbox 2817 4449 3043 4520; x_wconf 83' lang='grc' dir='ltr'>Ἕλλησι</span> <span class='ocrx_word' id='word_1_659' title='bbox 3099 4449 3194 4504; x_wconf 78' lang='grc' dir='ltr'>καὶ</span> <span class='ocrx_word' id='word_1_660' title='bbox 3244 4453 3362 4514; x_wconf 75' lang='grc' dir='ltr'>τοῖς</span> <span class='ocrx_word' id='word_1_661' title='bbox 3418 4446 3815 4520; x_wconf 69' lang='grc' dir='ltr'>ἐκκλησιαστικοῖς</span> 
     </span>
    </p>
   </div>
   <div class='ocr_carea' id='block_1_94' title="bbox 2307 4536 3814 4615">
    <p class='ocr_par' dir='ltr' id='par_1_94' title="bbox 2307 4536 3814 4615">
     <span class='ocr_line' id='line_1_94' title="bbox 2307 4536 3814 4615; baseline 0.004 -25"><span class='ocrx_word' id='word_1_662' title='bbox 2307 4539 2718 4610; x_wconf 79' lang='grc' dir='ltr'>συγγραφεῦσιν</span> <span class='ocrx_word' id='word_1_663' title='bbox 2769 4540 3162 4612; x_wconf 61' lang='grc' dir='ltr'>ἱστορημένων.</span> <span class='ocrx_word' id='word_1_664' title='bbox 3220 4543 3463 4615; x_wconf 88' lang='grc' dir='ltr'>Μέτριον</span> <span class='ocrx_word' id='word_1_665' title='bbox 3509 4544 3562 4596; x_wconf 82' lang='grc' dir='ltr'>δὲ</span> <span class='ocrx_word' id='word_1_666' title='bbox 3605 4542 3658 4594; x_wconf 83' lang='grc' dir='ltr'>τὸ</span> <span class='ocrx_word' id='word_1_667' title='bbox 3701 4536 3814 4609; x_wconf 69' lang='grc' dir='ltr'>ἦθος.</span> 
     </span>
    </p>
   </div>
   <div class='ocr_carea' id='block_1_95' title="bbox 2307 4624 3817 4701">
    <p class='ocr_par' dir='ltr' id='par_1_95' title="bbox 2307 4624 3817 4701">
     <span class='ocr_line' id='line_1_95' title="bbox 2307 4624 3817 4701; baseline -0.001 -19"><span class='ocrx_word' id='word_1_668' title='bbox 2307 4629 2510 4700; x_wconf 73' lang='grc' dir='ltr'>καίπερ</span> <span class='ocrx_word' id='word_1_669' title='bbox 2534 4629 2747 4700; x_wconf 83' lang='grc' dir='ltr'>βασιλεῖ</span> <span class='ocrx_word' id='word_1_670' title='bbox 2778 4631 2872 4684; x_wconf 75' lang='grc' dir='ltr'>καὶ</span> <span class='ocrx_word' id='word_1_671' title='bbox 2904 4633 3017 4694; x_wconf 76' lang='grc' dir='ltr'>τοῖς</span> <span class='ocrx_word' id='word_1_672' title='bbox 3042 4631 3180 4700; x_wconf 81' lang='grc' dir='ltr'>ἀμφ’</span> <span class='ocrx_word' id='word_1_673' title='bbox 3205 4631 3378 4686; x_wconf 82' lang='grc' dir='ltr'>αὐτὸν</span> <span class='ocrx_word' id='word_1_674' title='bbox 3424 4631 3729 4701; x_wconf 78' lang='grc' dir='ltr'>ἐπιτήδειον,</span> <span class='ocrx_word' id='word_1_675' title='bbox 3755 4624 3817 4675; x_wconf 65' lang='grc' dir='ltr'><strong>καὶ</strong></span> 
     </span>
    </p>
   </div>
   <div class='ocr_carea' id='block_1_96' title="bbox 617 4693 2205 4793">
    <p class='ocr_par' dir='ltr' id='par_1_96' title="bbox 617 4721 2193 4793">
     <span class='ocr_line' id='line_1_96' title="bbox 617 4721 2193 4793; baseline -0.002 -12"><span class='ocrx_word' id='word_1_676' title='bbox 617 4724 962 4781; x_wconf 83' lang='lat' dir='ltr'><strong>couscendit.</strong></span> <span class='ocrx_word' id='word_1_677' title='bbox 999 4722 1185 4777; x_wconf 86' lang='lat' dir='ltr'><strong>Addas</strong></span> <span class='ocrx_word' id='word_1_678' title='bbox 1216 4737 1386 4788; x_wconf 89' lang='lat' dir='ltr'><strong>vero,</strong></span> <span class='ocrx_word' id='word_1_679' title='bbox 1440 4721 1608 4778; x_wconf 88' lang='lat' dir='ltr'><strong>ducta</strong></span> <span class='ocrx_word' id='word_1_680' title='bbox 1650 4738 1852 4788; x_wconf 80' lang='lat' dir='ltr'><strong>uxore,</strong></span> <span class='ocrx_word' id='word_1_681' title='bbox 1898 4723 2193 4793; x_wconf 82' lang='lat' dir='ltr'><strong>plurimum</strong></span> 
     </span>
    </p>
   </div>
   <div class='ocr_carea' id='block_1_97' title="bbox 2292 4693 3820 4793">
    <p class='ocr_par' dir='ltr' id='par_1_97' title="bbox 2303 4693 3820 4792">
     <span class='ocr_line' id='line_1_97' title="bbox 2303 4693 3820 4792; baseline -0.002 -19"><span class='ocrx_word' id='word_1_682' title='bbox 2303 4693 2564 4791; x_wconf 74' lang='grc' dir='ltr'>λαμπρᾶς</span> <span class='ocrx_word' id='word_1_683' title='bbox 2596 4721 2999 4792; x_wconf 77' lang='grc' dir='ltr'>ἐπειλημμένον</span> <span class='ocrx_word' id='word_1_684' title='bbox 3045 4693 3361 4792; x_wconf 76' lang='grc' dir='ltr'>στρατείας.</span> <span class='ocrx_word' id='word_1_685' title='bbox 3409 4693 3580 4776; x_wconf 38' lang='grc' dir='ltr'>Ἀλλὰ.</span> <span class='ocrx_word' id='word_1_686' title='bbox 3596 4719 3725 4773; x_wconf 81' lang='grc' dir='ltr'>τοῦδε</span> <span class='ocrx_word' id='word_1_687' title='bbox 3752 4715 3820 4784; x_wconf 60' lang='grc' dir='ltr'>μὲν</span> 
     </span>
    </p>
   </div>
   <div class='ocr_carea' id='block_1_98' title="bbox 621 4811 2189 4884">
    <p class='ocr_par' dir='ltr' id='par_1_98' title="bbox 621 4811 2189 4884">
     <span class='ocr_line' id='line_1_98' title="bbox 621 4811 2189 4884; baseline 0.001 -18"><span class='ocrx_word' id='word_1_688' title='bbox 621 4813 829 4884; x_wconf 76' lang='lat' dir='ltr'><strong>prefuit</strong></span> <span class='ocrx_word' id='word_1_689' title='bbox 870 4811 1166 4878; x_wconf 67' lang='lat' dir='ltr'><strong>Ecclesiae,</strong></span> <span class='ocrx_word' id='word_1_690' title='bbox 1210 4811 1402 4866; x_wconf 90' lang='lat' dir='ltr'><strong>relicto</strong></span> <span class='ocrx_word' id='word_1_691' title='bbox 1449 4822 1575 4882; x_wconf 90' lang='lat' dir='ltr'><strong>post</strong></span> <span class='ocrx_word' id='word_1_692' title='bbox 1623 4828 1687 4868; x_wconf 86' lang='lat' dir='ltr'><strong>se</strong></span> <span class='ocrx_word' id='word_1_693' title='bbox 1729 4813 1840 4867; x_wconf 83' lang='lat' dir='ltr'><strong>lilio</strong></span> <span class='ocrx_word' id='word_1_694' title='bbox 1879 4813 2189 4880; x_wconf 83' lang='lat' dir='ltr'><strong>Auxentio,</strong></span> 
     </span>
    </p>
   </div>
   <div class='ocr_carea' id='block_1_99' title="bbox 616 4901 2192 4974">
    <p class='ocr_par' dir='ltr' id='par_1_99' title="bbox 616 4901 2192 4974">
     <span class='ocr_line' id='line_1_99' title="bbox 616 4901 2192 4974; baseline 0.003 -19"><span class='ocrx_word' id='word_1_695' title='bbox 616 4905 738 4957; x_wconf 87' lang='lat' dir='ltr'><strong>viro</strong></span> <span class='ocrx_word' id='word_1_696' title='bbox 771 4917 900 4974; x_wconf 87' lang='lat' dir='ltr'><strong>erga</strong></span> <span class='ocrx_word' id='word_1_697' title='bbox 933 4902 1102 4956; x_wconf 91' lang='lat' dir='ltr'><strong>Deum</strong></span> <span class='ocrx_word' id='word_1_698' title='bbox 1137 4901 1456 4957; x_wconf 80' lang='lat' dir='ltr'><strong>ﬁdelissimo</strong></span> <span class='ocrx_word' id='word_1_699' title='bbox 1477 4943 1491 4965; x_wconf 92' lang='lat'><strong>,</strong></span> <span class='ocrx_word' id='word_1_700' title='bbox 1527 4911 1581 4957; x_wconf 92' lang='lat' dir='ltr'><strong>et</strong></span> <span class='ocrx_word' id='word_1_701' title='bbox 1614 4919 1744 4973; x_wconf 82' lang='lat' dir='ltr'><strong>erga</strong></span> <span class='ocrx_word' id='word_1_702' title='bbox 1779 4903 1989 4959; x_wconf 68' lang='lat' dir='ltr'><strong>amicOs</strong></span> <span class='ocrx_word' id='word_1_703' title='bbox 2019 4922 2192 4974; x_wconf 86' lang='lat' dir='ltr'><strong>prom-</strong></span> 
     </span>
    </p>
   </div>
   <div class='ocr_carea' id='block_1_100' title="bbox 619 4993 2192 5066">
    <p class='ocr_par' dir='ltr' id='par_1_100' title="bbox 619 4993 2192 5066">
     <span class='ocr_line' id='line_1_100' title="bbox 619 4993 2192 5066; baseline 0.003 -18"><span class='ocrx_word' id='word_1_704' title='bbox 619 4994 1018 5066; x_wconf 86' lang='lat' dir='ltr'><strong>ptissimo.Qui</strong></span> <span class='ocrx_word' id='word_1_705' title='bbox 1050 4994 1156 5047; x_wconf 84' lang='lat' dir='ltr'><strong>vita</strong></span> <span class='ocrx_word' id='word_1_706' title='bbox 1185 4993 1420 5064; x_wconf 84' lang='lat' dir='ltr'><strong>integer,</strong></span> <span class='ocrx_word' id='word_1_707' title='bbox 1445 5003 1497 5048; x_wconf 90' lang='lat' dir='ltr'><strong>et</strong></span> <span class='ocrx_word' id='word_1_708' title='bbox 1547 4997 1856 5050; x_wconf 89' lang='lat' dir='ltr'><strong>litterarum</strong></span> <span class='ocrx_word' id='word_1_709' title='bbox 1907 4998 2192 5053; x_wconf 88' lang='lat' dir='ltr'><strong>studiosus</strong></span> 
     </span>
    </p>
   </div>
   <div class='ocr_carea' id='block_1_101' title="bbox 2307 4808 3819 4885">
    <p class='ocr_par' dir='ltr' id='par_1_101' title="bbox 2307 4808 3819 4885">
     <span class='ocr_line' id='line_1_101' title="bbox 2307 4808 3819 4885; baseline 0.001 -21"><span class='ocrx_word' id='word_1_710' title='bbox 2307 4812 2470 4876; x_wconf 77' lang='grc' dir='ltr'>πολύς</span> <span class='ocrx_word' id='word_1_711' title='bbox 2511 4815 2626 4866; x_wconf 79' lang='grc' dir='ltr'>ἐστι</span> <span class='ocrx_word' id='word_1_712' title='bbox 2666 4811 2823 4881; x_wconf 75' lang='grc' dir='ltr'>λόγος</span> <span class='ocrx_word' id='word_1_713' title='bbox 2855 4814 3006 4884; x_wconf 85' lang='grc' dir='ltr'>παρά</span> <span class='ocrx_word' id='word_1_714' title='bbox 3046 4831 3106 4866; x_wconf 91' lang='grc' dir='ltr'><strong>τε</strong></span> <span class='ocrx_word' id='word_1_715' title='bbox 3139 4814 3599 4885; x_wconf 73' lang='grc' dir='ltr'>εὐδοκιμωτάτοις</span> <span class='ocrx_word' id='word_1_716' title='bbox 3629 4808 3819 4882; x_wconf 69' lang='grc' dir='ltr'><strong>μονιχῡῖς</strong></span> 
     </span>
    </p>
   </div>
   <div class='ocr_carea' id='block_1_102' title="bbox 2304 4903 3818 4976">
    <p class='ocr_par' dir='ltr' id='par_1_102' title="bbox 2304 4903 3818 4976">
     <span class='ocr_line' id='line_1_102' title="bbox 2304 4903 3818 4976; baseline -0.001 -20"><span class='ocrx_word' id='word_1_717' title='bbox 2304 4904 2400 4957; x_wconf 77' lang='grc' dir='ltr'>καὶ</span> <span class='ocrx_word' id='word_1_718' title='bbox 2425 4904 2735 4968; x_wconf 84' lang='grc' dir='ltr'>σπουδαίοις</span> <span class='ocrx_word' id='word_1_719' title='bbox 2770 4904 3030 4976; x_wconf 81' lang='grc' dir='ltr'>ἀνδράσιν</span> <span class='ocrx_word' id='word_1_720' title='bbox 3049 4947 3062 4969; x_wconf 83' lang='grc'><em>,</em></span> <span class='ocrx_word' id='word_1_721' title='bbox 3092 4906 3250 4975; x_wconf 79' lang='grc' dir='ltr'>οἵπερ</span> <span class='ocrx_word' id='word_1_722' title='bbox 3296 4907 3466 4959; x_wconf 78' lang='grc' dir='ltr'>αὑτοῦ</span> <span class='ocrx_word' id='word_1_723' title='bbox 3499 4903 3818 4975; x_wconf 67' lang='grc' dir='ltr'>ἐπειράθησαν.</span> 
     </span>
    </p>
   </div>
   <div class='ocr_carea' id='block_1_103' title="bbox 2315 4992 3818 5071">
    <p class='ocr_par' dir='ltr' id='par_1_103' title="bbox 2315 4992 3818 5071">
     <span class='ocr_line' id='line_1_103' title="bbox 2315 4992 3818 5071; baseline -0.005 -21"><span class='ocrx_word' id='word_1_724' title='bbox 2315 4997 2378 5050; x_wconf 86' lang='grc' dir='ltr'><em>Ἥ</em></span> <span class='ocrx_word' id='word_1_725' title='bbox 2407 4996 2462 5049; x_wconf 84' lang='grc' dir='ltr'>δὲ</span> <span class='ocrx_word' id='word_1_726' title='bbox 2482 4995 2759 5067; x_wconf 81' lang='grc' dir='ltr'>Ματρὼνα</span> <span class='ocrx_word' id='word_1_727' title='bbox 2787 4997 2946 5070; x_wconf 87' lang='grc' dir='ltr'>μέχρι</span> <span class='ocrx_word' id='word_1_728' title='bbox 2967 4999 3224 5068; x_wconf 77' lang='grc' dir='ltr'>τελευτῆς</span> <span class='ocrx_word' id='word_1_729' title='bbox 3243 5001 3304 5051; x_wconf 83' lang='grc' dir='ltr'>ὲν</span> <span class='ocrx_word' id='word_1_730' title='bbox 3335 5003 3402 5071; x_wconf 84' lang='grc' dir='ltr'>τῇ</span> <span class='ocrx_word' id='word_1_731' title='bbox 3433 4999 3678 5052; x_wconf 48' lang='lat' dir='ltr'><strong>Romi-aeu</strong></span> <span class='ocrx_word' id='word_1_732' title='bbox 3703 4992 3818 5058; x_wconf 74' lang='grc' dir='ltr'>κώμῃ</span> 
     </span>
    </p>
   </div>
   <div class='ocr_carea' id='block_1_104' title="bbox 1831 5107 2683 5166">
    <p class='ocr_par' dir='ltr' id='par_1_104' title="bbox 1831 5107 2683 5166">
     <span class='ocr_line' id='line_1_104' title="bbox 1831 5107 2683 5166; baseline 0.006 -5"><span class='ocrx_word' id='word_1_733' title='bbox 1831 5107 2094 5164; x_wconf 81' lang='lat' dir='ltr'><strong>VALESll</strong></span> <span class='ocrx_word' id='word_1_734' title='bbox 2133 5109 2683 5166; x_wconf 77' lang='lat' dir='ltr'><strong>ANNOTATIONES.</strong></span> 
     </span>
    </p>
   </div>
   <div class='ocr_carea' id='block_1_105' title="bbox 690 5199 2193 5268">
    <p class='ocr_par' dir='ltr' id='par_1_105' title="bbox 690 5199 2193 5268">
     <span class='ocr_line' id='line_1_105' title="bbox 690 5199 2193 5268; baseline 0.002 -13"><span class='ocrx_word' id='word_1_735' title='bbox 690 5203 799 5267; x_wconf 79' lang='grc'>(57)</span> <span class='ocrx_word' id='word_1_736' title='bbox 843 5201 1057 5254; x_wconf 77' lang='grc' dir='ltr'>Εἵπετο</span> <span class='ocrx_word' id='word_1_737' title='bbox 1098 5201 1166 5252; x_wconf 77' lang='grc' dir='ltr'>δὲ</span> <span class='ocrx_word' id='word_1_738' title='bbox 1203 5199 1355 5268; x_wconf 77' lang='grc' dir='ltr'><strong>αὺτῇ</strong></span> <span class='ocrx_word' id='word_1_739' title='bbox 1401 5199 1699 5266; x_wconf 74' lang='grc' dir='ltr'>διάκονος.</span> <span class='ocrx_word' id='word_1_740' title='bbox 1754 5199 1998 5258; x_wconf 82' lang='lat' dir='ltr'><strong>Pessime</strong></span> <span class='ocrx_word' id='word_1_741' title='bbox 2048 5203 2193 5258; x_wconf 87' lang='lat' dir='ltr'><strong>hunc</strong></span> 
     </span>
    </p>
   </div>
   <div class='ocr_carea' id='block_1_106' title="bbox 617 5271 2188 5345">
    <p class='ocr_par' dir='ltr' id='par_1_106' title="bbox 617 5271 2188 5345">
     <span class='ocr_line' id='line_1_106' title="bbox 617 5271 2188 5345; baseline 0.001 -19"><span class='ocrx_word' id='word_1_742' title='bbox 617 5273 801 5345; x_wconf 81' lang='lat' dir='ltr'><strong>locum</strong></span> <span class='ocrx_word' id='word_1_743' title='bbox 841 5279 1121 5325; x_wconf 90' lang='lat' dir='ltr'><strong>verterunt</strong></span> <span class='ocrx_word' id='word_1_744' title='bbox 1172 5271 1523 5345; x_wconf 81' lang='lat' dir='ltr'><strong>interpretes,</strong></span> <span class='ocrx_word' id='word_1_745' title='bbox 1559 5273 2005 5345; x_wconf 73' lang='lat' dir='ltr'><strong>quivecabulum</strong></span> <span class='ocrx_word' id='word_1_746' title='bbox 2053 5276 2188 5345; x_wconf 77' lang='grc' dir='ltr'>αὐτῇ</span> 
     </span>
    </p>
   </div>
   <div class='ocr_carea' id='block_1_107' title="bbox 617 5340 2190 5410">
    <p class='ocr_par' dir='ltr' id='par_1_107' title="bbox 617 5340 2190 5410">
     <span class='ocr_line' id='line_1_107' title="bbox 617 5340 2190 5410; baseline 0.002 -15"><span class='ocrx_word' id='word_1_747' title='bbox 617 5343 806 5398; x_wconf 76' lang='lat' dir='ltr'><strong>referri</strong></span> <span class='ocrx_word' id='word_1_748' title='bbox 857 5350 1122 5410; x_wconf 85' lang='lat' dir='ltr'><strong>putarunt</strong></span> <span class='ocrx_word' id='word_1_749' title='bbox 1156 5340 1246 5410; x_wconf 87' lang='lat' dir='ltr'><strong>ad</strong></span> <span class='ocrx_word' id='word_1_750' title='bbox 1297 5340 1584 5408; x_wconf 70' lang='lat' dir='ltr'><strong>virginem</strong></span> <span class='ocrx_word' id='word_1_751' title='bbox 1619 5342 1766 5396; x_wconf 88' lang='lat' dir='ltr'><strong>illam</strong></span> <span class='ocrx_word' id='word_1_752' title='bbox 1797 5383 1811 5406; x_wconf 93' lang='lat'><strong>,</strong></span> <span class='ocrx_word' id='word_1_753' title='bbox 1848 5359 1970 5398; x_wconf 89' lang='lat' dir='ltr'><strong>cum</strong></span> <span class='ocrx_word' id='word_1_754' title='bbox 2007 5340 2190 5398; x_wconf 73' lang='lat' dir='ltr'><strong>tamen</strong></span> 
     </span>
    </p>
   </div>
   <div class='ocr_carea' id='block_1_108' title="bbox 617 5409 2192 5482">
    <p class='ocr_par' dir='ltr' id='par_1_108' title="bbox 617 5409 2192 5482">
     <span class='ocr_line' id='line_1_108' title="bbox 617 5409 2192 5482; baseline 0 -14"><span class='ocrx_word' id='word_1_755' title='bbox 617 5409 890 5468; x_wconf 80' lang='lat' dir='ltr'><strong>referatur</strong></span> <span class='ocrx_word' id='word_1_756' title='bbox 920 5412 984 5482; x_wconf 82' lang='lat' dir='ltr'><strong>ad</strong></span> <span class='ocrx_word' id='word_1_757' title='bbox 1009 5409 1274 5478; x_wconf 75' lang='grc' dir='ltr'>κεφαλήν,</span> <span class='ocrx_word' id='word_1_758' title='bbox 1306 5409 1360 5482; x_wconf 69' lang='lat' dir='ltr'><strong>id</strong></span> <span class='ocrx_word' id='word_1_759' title='bbox 1395 5421 1477 5465; x_wconf 85' lang='lat' dir='ltr'><strong>est</strong></span> <span class='ocrx_word' id='word_1_760' title='bbox 1502 5411 1914 5481; x_wconf 82' lang='lat' dir='ltr'><strong>caputJoannis</strong></span> <span class='ocrx_word' id='word_1_761' title='bbox 1939 5411 2192 5482; x_wconf 74' lang='lat' dir='ltr'><strong>Baptista:</strong></span> 
     </span>
    </p>
   </div>
   <div class='ocr_carea' id='block_1_109' title="bbox 617 5479 2190 5554">
    <p class='ocr_par' dir='ltr' id='par_1_109' title="bbox 617 5479 2190 5554">
     <span class='ocr_line' id='line_1_109' title="bbox 617 5479 2190 5554; baseline 0 -16"><span class='ocrx_word' id='word_1_762' title='bbox 617 5482 762 5553; x_wconf 85' lang='lat' dir='ltr'><strong>quod</strong></span> <span class='ocrx_word' id='word_1_763' title='bbox 795 5481 1252 5554; x_wconf 74' lang='lat' dir='ltr'><strong>servabat__virgo</strong></span> <span class='ocrx_word' id='word_1_764' title='bbox 1305 5479 1423 5544; x_wconf 80' lang='lat' dir='ltr'><strong>illa,</strong></span> <span class='ocrx_word' id='word_1_765' title='bbox 1469 5487 1521 5533; x_wconf 87' lang='lat' dir='ltr'><strong>et</strong></span> <span class='ocrx_word' id='word_1_766' title='bbox 1564 5479 1650 5554; x_wconf 82' lang='lat' dir='ltr'><strong>cui</strong></span> <span class='ocrx_word' id='word_1_767' title='bbox 1682 5491 1942 5554; x_wconf 82' lang='lat' dir='ltr'><strong>tanquam</strong></span> <span class='ocrx_word' id='word_1_768' title='bbox 1985 5479 2190 5538; x_wconf 79' lang='lat' dir='ltr'><strong>famula</strong></span> 
     </span>
    </p>
   </div>
   <div class='ocr_carea' id='block_1_110' title="bbox 618 5549 2186 5624">
    <p class='ocr_par' dir='ltr' id='par_1_110' title="bbox 618 5549 2186 5624">
     <span class='ocr_line' id='line_1_110' title="bbox 618 5549 2186 5624; baseline 0.001 -18"><span class='ocrx_word' id='word_1_769' title='bbox 618 5549 984 5624; x_wconf 72' lang='lat' dir='ltr'><strong>ministrabat.</strong></span> <span class='ocrx_word' id='word_1_770' title='bbox 1051 5549 1149 5624; x_wconf 78' lang='lat' dir='ltr'><strong>llic</strong></span> <span class='ocrx_word' id='word_1_771' title='bbox 1209 5559 1293 5604; x_wconf 90' lang='lat' dir='ltr'><strong>est</strong></span> <span class='ocrx_word' id='word_1_772' title='bbox 1355 5566 1561 5624; x_wconf 60' lang='lat' dir='ltr'><strong>sensus</strong></span> <span class='ocrx_word' id='word_1_773' title='bbox 1599 5552 1765 5619; x_wconf 87' lang='lat' dir='ltr'><strong>hujus</strong></span> <span class='ocrx_word' id='word_1_774' title='bbox 1802 5549 1970 5618; x_wconf 56' lang='lat' dir='ltr'><strong>&#39;loci,</strong></span> <span class='ocrx_word' id='word_1_775' title='bbox 2025 5571 2186 5624; x_wconf 90' lang='lat' dir='ltr'><strong>quem</strong></span> 
     </span>
    </p>
   </div>
   <div class='ocr_carea' id='block_1_111' title="bbox 617 5620 2187 5693">
    <p class='ocr_par' dir='ltr' id='par_1_111' title="bbox 617 5620 2187 5693">
     <span class='ocr_line' id='line_1_111' title="bbox 617 5620 2187 5693; baseline 0.001 -17"><span class='ocrx_word' id='word_1_776' title='bbox 617 5623 955 5692; x_wconf 81' lang='lat' dir='ltr'><strong>Nicephorus</strong></span> <span class='ocrx_word' id='word_1_777' title='bbox 989 5623 1192 5693; x_wconf 76' lang='lat' dir='ltr'><strong>Optime</strong></span> <span class='ocrx_word' id='word_1_778' title='bbox 1231 5623 1500 5693; x_wconf 68' lang='lat' dir='ltr'><strong>expressit</strong></span> <span class='ocrx_word' id='word_1_779' title='bbox 1544 5620 1606 5693; x_wconf 69' lang='lat' dir='ltr'><strong>in</strong></span> <span class='ocrx_word' id='word_1_780' title='bbox 1646 5638 1766 5693; x_wconf 91' lang='lat' dir='ltr'><strong>cap.</strong></span> <span class='ocrx_word' id='word_1_781' title='bbox 1817 5624 1905 5689; x_wconf 72' lang='lat'><strong>49,</strong></span> <span class='ocrx_word' id='word_1_782' title='bbox 1955 5620 2057 5680; x_wconf 57' lang='lat' dir='ltr'><strong>lib.</strong></span> <span class='ocrx_word' id='word_1_783' title='bbox 2088 5641 2187 5678; x_wconf 72' lang='lat' dir='ltr'><strong>xu.</strong></span> 
     </span>
    </p>
   </div>
   <div class='ocr_carea' id='block_1_112' title="bbox 686 5689 2188 5765">
    <p class='ocr_par' dir='ltr' id='par_1_112' title="bbox 686 5689 2188 5765">
     <span class='ocr_line' id='line_1_112' title="bbox 686 5689 2188 5765; baseline -0.004 -13"><span class='ocrx_word' id='word_1_784' title='bbox 686 5689 800 5762; x_wconf 75' lang='lat'><strong>(53)</strong></span> <span class='ocrx_word' id='word_1_785' title='bbox 843 5694 967 5760; x_wconf 81' lang='grc' dir='ltr'><strong>Οὐχ</strong></span> <span class='ocrx_word' id='word_1_786' title='bbox 1001 5689 1314 5765; x_wconf 64' lang='grc' dir='ltr'>ἡγήσαντο</span> <span class='ocrx_word' id='word_1_787' title='bbox 1341 5689 1904 5765; x_wconf 32' lang='grc' dir='ltr'>δεῖνί--Ξρτίὺὸιιιιιιιιι</span> <span class='ocrx_word' id='word_1_788' title='bbox 1937 5704 2021 5750; x_wconf 86' lang='lat' dir='ltr'><strong>est</strong></span> <span class='ocrx_word' id='word_1_789' title='bbox 2051 5696 2188 5765; x_wconf 77' lang='grc' dir='ltr'><strong>ἡγή-</strong></span> 
     </span>
    </p>
   </div>
   <div class='ocr_carea' id='block_1_113' title="bbox 617 5760 1824 5831">
    <p class='ocr_par' dir='ltr' id='par_1_113' title="bbox 617 5760 1824 5831">
     <span class='ocr_line' id='line_1_113' title="bbox 617 5760 1824 5831; baseline 0.004 -20"><span class='ocrx_word' id='word_1_790' title='bbox 617 5760 1261 5831; x_wconf 70' lang='grc' dir='ltr'>σατο,ηιιριιιιιιίιιιυιίυιιι</span> <span class='ocrx_word' id='word_1_791' title='bbox 1299 5763 1427 5831; x_wconf 74' lang='lat' dir='ltr'><strong>legit</strong></span> <span class='ocrx_word' id='word_1_792' title='bbox 1467 5760 1824 5830; x_wconf 67' lang='lat' dir='ltr'><strong>Nicephorius.</strong></span> 
     </span>
    </p>
   </div>
   <div class='ocr_carea' id='block_1_114' title="bbox 689 5829 2186 5907">
    <p class='ocr_par' dir='ltr' id='par_1_114' title="bbox 689 5829 2186 5907">
     <span class='ocr_line' id='line_1_114' title="bbox 689 5829 2186 5907; baseline 0.003 -22"><span class='ocrx_word' id='word_1_793' title='bbox 689 5833 800 5900; x_wconf 71' lang='grc'><strong>(59)</strong></span> <span class='ocrx_word' id='word_1_794' title='bbox 824 5829 968 5899; x_wconf 68' lang='grc' dir='ltr'>Περὶ</span> <span class='ocrx_word' id='word_1_795' title='bbox 993 5831 1185 5907; x_wconf 48' lang='grc' dir='ltr'>,ταῦτα</span> <span class='ocrx_word' id='word_1_796' title='bbox 1211 5829 1538 5901; x_wconf 63' lang='grc' dir='ltr'>Ιερωμένος.</span> <span class='ocrx_word' id='word_1_797' title='bbox 1580 5829 1731 5888; x_wconf 77' lang='grc' dir='ltr'>Πυῐις</span> <span class='ocrx_word' id='word_1_798' title='bbox 1763 5835 1940 5889; x_wconf 88' lang='lat' dir='ltr'><strong>locum</strong></span> <span class='ocrx_word' id='word_1_799' title='bbox 1973 5836 2186 5891; x_wconf 71' lang='lat' dir='ltr'><strong>correxi</strong></span> 
     </span>
    </p>
   </div>
   <div class='ocr_carea' id='block_1_115' title="bbox 2300 5200 3818 5279">
    <p class='ocr_par' dir='ltr' id='par_1_115' title="bbox 2300 5200 3818 5279">
     <span class='ocr_line' id='line_1_115' title="bbox 2300 5200 3818 5279; baseline -0.001 -21"><span class='ocrx_word' id='word_1_800' title='bbox 2300 5221 2396 5279; x_wconf 80' lang='lat' dir='ltr'><strong>ex_</strong></span> <span class='ocrx_word' id='word_1_801' title='bbox 2424 5205 2616 5279; x_wconf 82' lang='lat' dir='ltr'><strong>codice</strong></span> <span class='ocrx_word' id='word_1_802' title='bbox 2645 5204 3001 5279; x_wconf 27' lang='lat' dir='ltr'><strong>‘Fnketiano,</strong></span> <span class='ocrx_word' id='word_1_803' title='bbox 3041 5208 3096 5262; x_wconf 91' lang='lat' dir='ltr'><strong>in</strong></span> <span class='ocrx_word' id='word_1_804' title='bbox 3139 5223 3249 5278; x_wconf 86' lang='lat' dir='ltr'><strong>quo</strong></span> <span class='ocrx_word' id='word_1_805' title='bbox 3301 5211 3568 5279; x_wconf 89' lang='lat' dir='ltr'><strong>scriptum</strong></span> <span class='ocrx_word' id='word_1_806' title='bbox 3623 5200 3818 5279; x_wconf 69' lang='lat' dir='ltr'><strong>est_:=:.c‘-</strong></span> 
     </span>
    </p>
   </div>
   <div class='ocr_carea' id='block_1_116' title="bbox 2299 5273 3819 5350">
    <p class='ocr_par' dir='ltr' id='par_1_116' title="bbox 2299 5273 3819 5350">
     <span class='ocr_line' id='line_1_116' title="bbox 2299 5273 3819 5350; baseline -0.009 -16"><span class='ocrx_word' id='word_1_807' title='bbox 2299 5274 2508 5350; x_wconf 65' lang='grc' dir='ltr'>ταύτην</span> <span class='ocrx_word' id='word_1_808' title='bbox 2539 5274 2834 5350; x_wconf 78' lang='grc' dir='ltr'>ἱερώμενος</span> <span class='ocrx_word' id='word_1_809' title='bbox 2869 5289 3096 5333; x_wconf 87' lang='lat' dir='ltr'><strong>accentu</strong></span> <span class='ocrx_word' id='word_1_810' title='bbox 3120 5273 3172 5333; x_wconf 76' lang='lat' dir='ltr'><strong>in</strong></span> <span class='ocrx_word' id='word_1_811' title='bbox 3204 5273 3649 5350; x_wconf 81' lang='lat' dir='ltr'><strong>antepenultima.</strong></span> <span class='ocrx_word' id='word_1_812' title='bbox 3679 5273 3721 5326; x_wconf 92' lang='lat' dir='ltr'><strong>Id</strong></span> <span class='ocrx_word' id='word_1_813' title='bbox 3749 5281 3819 5321; x_wconf 62' lang='lat' dir='ltr'><strong>vel.</strong></span> 
     </span>
    </p>
   </div>
   <div class='ocr_carea' id='block_1_117' title="bbox 2299 5346 3820 5415">
    <p class='ocr_par' dir='ltr' id='par_1_117' title="bbox 2299 5346 3820 5415">
     <span class='ocr_line' id='line_1_117' title="bbox 2299 5346 3820 5415; baseline -0.003 -19"><span class='ocrx_word' id='word_1_814' title='bbox 2299 5361 2456 5415; x_wconf 72' lang='lat' dir='ltr'><strong>sacra</strong></span> <span class='ocrx_word' id='word_1_815' title='bbox 2481 5346 2684 5412; x_wconf 78' lang='lat' dir='ltr'><strong>[aciem</strong></span> <span class='ocrx_word' id='word_1_816' title='bbox 2728 5347 2888 5415; x_wconf 77' lang='lat' dir='ltr'><strong>juxta</strong></span> <span class='ocrx_word' id='word_1_817' title='bbox 2924 5365 3106 5404; x_wconf 85' lang='lat' dir='ltr'><strong>arcam</strong></span> <span class='ocrx_word' id='word_1_818' title='bbox 3138 5351 3313 5403; x_wconf 75' lang='lat' dir='ltr'><strong>illam.</strong></span> <span class='ocrx_word' id='word_1_819' title='bbox 3339 5346 3462 5404; x_wconf 80' lang='lat' dir='ltr'><strong>Mos</strong></span> <span class='ocrx_word' id='word_1_820' title='bbox 3493 5349 3630 5402; x_wconf 87' lang='lat' dir='ltr'><strong>enim</strong></span> <span class='ocrx_word' id='word_1_821' title='bbox 3660 5350 3820 5404; x_wconf 67' lang='lat' dir='ltr'><strong>semper</strong></span> 
     </span>
    </p>
   </div>
   <div class='ocr_carea' id='block_1_118' title="bbox 2299 5414 3821 5486">
    <p class='ocr_par' dir='ltr' id='par_1_118' title="bbox 2299 5414 3821 5486">
     <span class='ocr_line' id='line_1_118' title="bbox 2299 5414 3821 5486; baseline 0.001 -19"><span class='ocrx_word' id='word_1_822' title='bbox 2299 5414 2404 5486; x_wconf 74' lang='lat' dir='ltr'><strong>fuit</strong></span> <span class='ocrx_word' id='word_1_823' title='bbox 2431 5417 2573 5486; x_wconf 89' lang='lat' dir='ltr'><strong>apud</strong></span> <span class='ocrx_word' id='word_1_824' title='bbox 2599 5414 2968 5481; x_wconf 81' lang='lat' dir='ltr'><strong>Christianos,</strong></span> <span class='ocrx_word' id='word_1_825' title='bbox 3007 5429 3065 5474; x_wconf 87' lang='lat' dir='ltr'><strong>ut</strong></span> <span class='ocrx_word' id='word_1_826' title='bbox 3099 5429 3426 5474; x_wconf 85' lang='lat' dir='ltr'><strong>sanctorum</strong></span> <span class='ocrx_word' id='word_1_827' title='bbox 3452 5417 3694 5486; x_wconf 67' lang='lat' dir='ltr'><strong>reliquias</strong></span> <span class='ocrx_word' id='word_1_828' title='bbox 3709 5426 3821 5486; x_wconf 54' lang='lat' dir='ltr'><strong>rell&quot;</strong></span> 
     </span>
    </p>
   </div>
   <div class='ocr_carea' id='block_1_119' title="bbox 2299 5482 3822 5557">
    <p class='ocr_par' dir='ltr' id='par_1_119' title="bbox 2299 5482 3822 5557">
     <span class='ocr_line' id='line_1_119' title="bbox 2299 5482 3822 5557; baseline 0.003 -18"><span class='ocrx_word' id='word_1_829' title='bbox 2299 5485 2434 5540; x_wconf 88' lang='lat' dir='ltr'><strong>sitas</strong></span> <span class='ocrx_word' id='word_1_830' title='bbox 2467 5482 2736 5557; x_wconf 77' lang='lat' dir='ltr'><strong>haberent</strong></span> <span class='ocrx_word' id='word_1_831' title='bbox 2763 5489 2865 5542; x_wconf 85' lang='lat' dir='ltr'><strong>sub</strong></span> <span class='ocrx_word' id='word_1_832' title='bbox 2914 5490 3072 5544; x_wconf 90' lang='lat' dir='ltr'><strong>altari</strong></span> <span class='ocrx_word' id='word_1_833' title='bbox 3106 5494 3157 5544; x_wconf 89' lang='lat' dir='ltr'><strong>in</strong></span> <span class='ocrx_word' id='word_1_834' title='bbox 3184 5507 3296 5557; x_wconf 88' lang='lat' dir='ltr'><strong>quo</strong></span> <span class='ocrx_word' id='word_1_835' title='bbox 3339 5482 3662 5557; x_wconf 78' lang='lat' dir='ltr'><strong>sacriﬁcium</strong></span> <span class='ocrx_word' id='word_1_836' title='bbox 3691 5482 3822 5557; x_wconf 35' lang='lat' dir='ltr'><strong>Illis.“</strong></span> 
     </span>
    </p>
   </div>
   <div class='ocr_carea' id='block_1_120' title="bbox 2297 5551 3819 5646">
    <p class='ocr_par' dir='ltr' id='par_1_120' title="bbox 2297 5551 3819 5646">
     <span class='ocr_line' id='line_1_120' title="bbox 2297 5551 3819 5646; baseline -0.005 -40"><span class='ocrx_word' id='word_1_837' title='bbox 2297 5557 2677 5646; x_wconf 59' lang='lat' dir='ltr'><strong>peragebatur.</strong></span> <span class='ocrx_word' id='word_1_838' title='bbox 2725 5555 2911 5627; x_wconf 86' lang='lat' dir='ltr'><strong>Itaque</strong></span> <span class='ocrx_word' id='word_1_839' title='bbox 2953 5576 3050 5630; x_wconf 86' lang='lat' dir='ltr'><strong>pro</strong></span> <span class='ocrx_word' id='word_1_840' title='bbox 3079 5551 3246 5646; x_wconf 47' lang='grc' dir='ltr'>,περ’ί,</span> <span class='ocrx_word' id='word_1_841' title='bbox 3269 5555 3667 5646; x_wconf 50' lang='grc' dir='ltr'><strong>⁸ρρεευιέιδιῆιῄ</strong></span> <span class='ocrx_word' id='word_1_842' title='bbox 3703 5551 3819 5628; x_wconf 54' lang='grc' dir='ltr'>ὑπὲρ.</span> 
     </span>
    </p>
   </div>
   <div class='ocr_carea' id='block_1_121' title="bbox 2298 5625 3820 5699">
    <p class='ocr_par' dir='ltr' id='par_1_121' title="bbox 2298 5625 3820 5699">
     <span class='ocr_line' id='line_1_121' title="bbox 2298 5625 3820 5699; baseline 0.007 -23"><span class='ocrx_word' id='word_1_843' title='bbox 2298 5626 2366 5677; x_wconf 81' lang='lat' dir='ltr'><strong>At</strong></span> <span class='ocrx_word' id='word_1_844' title='bbox 2399 5625 2757 5699; x_wconf 79' lang='lat' dir='ltr'><strong>Nicephorus_</strong></span> <span class='ocrx_word' id='word_1_845' title='bbox 2784 5625 3050 5699; x_wconf 77' lang='lat' dir='ltr'><strong>scriptum</strong></span> <span class='ocrx_word' id='word_1_846' title='bbox 3079 5625 3234 5684; x_wconf 73' lang='lat' dir='ltr'><strong>habet</strong></span> <span class='ocrx_word' id='word_1_847' title='bbox 3264 5625 3358 5684; x_wconf 69' lang='grc' dir='ltr'><strong>διὰ</strong></span> <span class='ocrx_word' id='word_1_848' title='bbox 3406 5629 3606 5699; x_wconf 72' lang='grc' dir='ltr'>ταύτην</span> <span class='ocrx_word' id='word_1_849' title='bbox 3644 5625 3820 5699; x_wconf 67' lang='grc' dir='ltr'>ἱερωμε·</span> 
     </span>
    </p>
   </div>
   <div class='ocr_carea' id='block_1_122' title="bbox 2293 5696 3823 5771">
    <p class='ocr_par' dir='ltr' id='par_1_122' title="bbox 2293 5696 3823 5771">
     <span class='ocr_line' id='line_1_122' title="bbox 2293 5696 3823 5771; baseline -0.001 -22"><span class='ocrx_word' id='word_1_850' title='bbox 2293 5713 2402 5771; x_wconf 74' lang='grc' dir='ltr'>νος,</span> <span class='ocrx_word' id='word_1_851' title='bbox 2443 5699 2696 5771; x_wconf 82' lang='lat' dir='ltr'><strong>pessime.</strong></span> <span class='ocrx_word' id='word_1_852' title='bbox 2733 5696 3043 5771; x_wconf 48' lang='lat' dir='ltr'><strong>Paulo&#39;post</strong></span> <span class='ocrx_word' id='word_1_853' title='bbox 3073 5701 3163 5754; x_wconf 89' lang='lat' dir='ltr'><strong>ubi</strong></span> <span class='ocrx_word' id='word_1_854' title='bbox 3195 5703 3424 5770; x_wconf 82' lang='lat' dir='ltr'><strong>legitur,</strong></span> <span class='ocrx_word' id='word_1_855' title='bbox 3457 5696 3725 5771; x_wconf 56' lang='grc' dir='ltr'>καὶπαίδι</span> <span class='ocrx_word' id='word_1_856' title='bbox 3755 5706 3823 5771; x_wconf 59' lang='lat'><strong>311°</strong></span> 
     </span>
    </p>
   </div>
   <div class='ocr_carea' id='block_1_123' title="bbox 2291 5763 3820 5843">
    <p class='ocr_par' dir='ltr' id='par_1_123' title="bbox 2291 5763 3820 5843">
     <span class='ocr_line' id='line_1_123' title="bbox 2291 5763 3820 5843; baseline 0.006 -26"><span class='ocrx_word' id='word_1_857' title='bbox 2291 5763 2557 5828; x_wconf 72' lang='grc' dir='ltr'>ταλιτιών,</span> <span class='ocrx_word' id='word_1_858' title='bbox 2578 5768 2805 5824; x_wconf 85' lang='lat' dir='ltr'><strong>delenda</strong></span> <span class='ocrx_word' id='word_1_859' title='bbox 2831 5763 3277 5843; x_wconf 41' lang='lat' dir='ltr'><strong>cst-conjuuclioz</strong></span> <span class='ocrx_word' id='word_1_860' title='bbox 3304 5763 3474 5842; x_wconf 84' lang='lat' dir='ltr'><strong>quam</strong></span> <span class='ocrx_word' id='word_1_861' title='bbox 3495 5783 3592 5825; x_wconf 81' lang='lat' dir='ltr'><strong>nec</strong></span> <span class='ocrx_word' id='word_1_862' title='bbox 3613 5763 3820 5825; x_wconf 52' lang='lat' dir='ltr'><strong>Nicrlllw&#39;</strong></span> 
     </span>
    </p>
   </div>
   <div class='ocr_carea' id='block_1_124' title="bbox 2297 5843 2696 5908">
    <p class='ocr_par' dir='ltr' id='par_1_124' title="bbox 2297 5843 2696 5908">
     <span class='ocr_line' id='line_1_124' title="bbox 2297 5843 2696 5908; baseline 0.008 -18"><span class='ocrx_word' id='word_1_863' title='bbox 2297 5851 2392 5894; x_wconf 87' lang='lat' dir='ltr'><strong>rus</strong></span> <span class='ocrx_word' id='word_1_864' title='bbox 2428 5843 2696 5908; x_wconf 80' lang='lat' dir='ltr'><strong>agnoscit.</strong></span> 
     </span>
    </p>
   </div>
  </div>
