4066 6338
297 424 416 483 Η85

1269 426 1592 483 HISTORIA
1631 410 2187 482 ECCLESIASTICA.
2225 452 2297 465 υ-
2333 420 2463 478 LIB.
2506 420 2617 477 vn.

3415 419 3555 477 1486

291 543 509 617 διέτριϐε
533 558 545 573 ·
573 539 761 596 διεὸίω
783 541 839 596 δέ
865 541 1207 615 ἱεροπρεπῶς
1240 541 1384 613 μάλα
1413 542 1510 596 καὶ
1542 541 1858 613 σωφρόνως,

1966 550 2021 598 et
2054 539 2349 612 multiplici
2383 548 2498 595 tum
2533 536 2821 611 gentilium
2844 578 2857 603 ,
2892 542 3008 592 tum
3044 535 3576 599 ecclesiasticarum

295 631 433 705 ἱερῶν
484 632 773 704 παρθένων
818 632 1130 705 ἡγουμένη·
1179 628 1254 689 ὧν
1293 633 1465 687 εἰσέτι
1509 632 1607 688 νῦν
1656 632 1859 697 πολλὰς

234 772 249 783 ..
291 726 542 797 περιεῖναι
568 724 852 796 ἐπυθόμην
871 766 886 790 ,
921 727 1021 795 τῆς
1061 727 1166 781 ὑπὸ
1185 726 1496 801 Ματρώναν
1522 724 1859 792 παιδεύσεως

289 816 419 881 ἄξιον
458 814 733 885 φερούσας
761 811 914 887 ἦθος.

1968 637 2305 707 scriptorum
2337 633 2651 705 cognitione
2686 631 2789 687 fuit
2826 631 3156 687 instructus.
3196 630 3344 686 Idem
3382 627 3555 684 mori-

1967 724 2072 781 bus
2100 723 2283 780 civilis
2315 737 2380 779 ac
2409 721 2730 778 moderatus
2750 762 2766 787 ,
2807 720 2937 776 licet
2969 720 3286 793 imperatori
3323 728 3377 776 et
3415 719 3557 774 auli-

1966 816 2049 873 cis
2081 815 2375 872 familiaris
2405 821 2586 881 esset,
2615 819 2671 870 et
2702 812 3061 884 Splendidam
3102 813 3157 869 in
3190 811 3398 884 palatio
3433 810 3550 867 olli-

290 910 418 964 cium
445 917 685 979 gereret.
710 909 777 964 Et
802 896 970 981 hujus
988 912 1212 983 quidem
1238 912 1343 970 viri
1373 913 1618 970 celebris
1648 910 1798 968 fama
1817 921 1924 978 est,
1950 921 2065 967 tum
2095 914 2239 983 apud
2263 912 2759 983 praestantissimos
2781 910 3107 978 monachos,
3128 917 3242 965 tum
3270 908 3413 980 apud
3435 908 3558 980 pios

290 1016 344 1056 ac
369 1002 656 1072 religiosos
680 1001 935 1059 homines
957 1045 972 1072 ,
1001 1005 1095 1075 qui
1130 1005 1383 1061 notitiam
1419 1005 1541 1076 ejus
1565 1005 1903 1062 habuerunt.
1941 1003 2197 1060 Matrona
2234 1020 2366 1062 vero
2392 1020 2568 1077 usque
2598 1003 2669 1060 ad
2701 1005 2912 1060 exitum
2953 1005 3080 1059 vitae
3102 1004 3308 1058 mansit
3342 1002 3399 1058 in
3438 1003 3560 1059 vico

289 1091 496 1157 Cosilsi,
530 1092 780 1164 vixitque
810 1104 1002 1151 sancte
1032 1095 1329 1151 admodum
1362 1111 1426 1151 ac
1460 1095 1755 1168 religiose,
1785 1110 2071 1152 sacrarum
2102 1094 2380 1167 virginum
2417 1096 2684 1167 magistra
2712 1114 2724 1151 :
2758 1109 2996 1166 quarum
3038 1093 3335 1165 plerasque
3373 1091 3560 1149 adhuc

290 1189 596 1260 superstites
624 1204 749 1246 esse
775 1190 1000 1262 accepi,
1032 1191 1283 1250 moribus
1315 1191 1579 1249 Matrona:
1613 1192 1931 1265 magisterio
1964 1192 2113 1247 haud
2151 1206 2430 1263 quaquam
2468 1191 2713 1261 indignis
2743 1196 3161 1246 conversantes.

860 1286 1112 1342 ΚΕΦΑΛ.
1141 1288 1273 1342 KB’.

2573 1285 2728 1342 CAP.
2766 1284 2935 1342 XXII.

287 1375 559 1459 Hepi~tﬁq
592 1375 667 1430 δι’
681 1377 967 1459 Λάγχόιςης
1013 1377 1312 1459 gelegqﬁc
1351 1380 1857 1459 Οὐαλεντινιανρῦ

1962 1383 2041 1439 De
2078 1384 2577 1459 nece_im11eratoris
2630 1380 2994 1459 Yalentiniani
3035 1379 3418 1459 iuniorishet
3468 1385 3555 1459 ιμ-

343 1447 444 1502 τοῦ
490 1446 635 1520 νέοι)
662 1446 972 1513 ,βασιλέως
1002 1448 1074 1502 ἐν
1139 1446 1361 1519 Ῥώμῃ,
1417 1452 1515 1520 καὶ
1570 1452 1704 1519 περὶ
1746 1451 1860 1520 τῆς

343 1517 698 1592 τυραννίδος
717 1520 1049 1592 ﬁbrarin
1072 1520 1174 1592 agat
1196 1517 1331 1589 περὶ
1363 1519 1475 1589 τῆς
1494 1517 1860 1592 προφητείας

346 1587 624 1644 Ἰωάννου
665 1588 774 1642 τοῦ
804 1589 875 1643 ἐν
902 1588 1146 1658 Θηϐαΐδι
1181 1587 1483 1661 μοὺ-αχοῦ.

346 1680 451 1734 Καὶ
472 1682 501 1733 6
525 1679 626 1750 μὲν
648 1678 964 1747 Θεοδόσιος,
996 1680 1056 1735 ἐν
1085 1684 1280 1756 εἰρήνῃ
1304 1683 1404 1757 τὴν
1437 1685 1576 1756 πρὸς
1613 1685 1729 1740 Ἕω
1751 1685 1855 1757 ἀρ-

2034 1454 2258 1508 rannide
2311 1446 2561 1522 'Eugenii.
2620 1451 2760 1522 Item
2810 1451 2875 1507 de
2919 1451 3270 1522 praedictione
3323 1446 3555 1503 Joannis

2038 1523 2280 1580 monachi
2312 1524 2368 1578 in
2404 1521 2692 1579 Thebaide.
2922 1521 2925 1522 ⁷
3374 1534 3383 1539 “

2033 1677 2115 1735 Ac
2144 1678 2497 1735 Theodosius
2525 1676 2750 1748 quidem
2771 1713 2787 1742 ,
2815 1691 2943 1733 cum
2974 1675 3223 1733 Orientis
3257 1674 3554 1746 imperium

281 1773 506 1849 χομένην
539 1771 754 1840 ἰθύνων,
785 1773 844 1827 ἐν
862 1771 1075 1839 τούτοις
1098 1775 1425 1842 ἐσπούδαζε,
1458 1778 1552 1832 καὶ
1584 1776 1858 1849 ἐπιμελῶς

1962 1779 2159 1842 pacate
2187 1772 2565 1844 gubernaret,
2601 1770 2690 1827 his
2725 1768 2896 1826 rebus
2921 1769 3167 1824 intentus
3196 1774 3322 1824 erat
3340 1808 3354 1833 ,
3385 1773 3440 1822 et
3464 1765 3553 1821 di-

285 1847 419 1939 μάλα
453 1866 517 1921 τὸ
547 1865 705 1921 Θείον
731 1864 1088 1939 ἐθεράπευεν.
1129 1866 1218 1920 Ἐν
1248 1867 1423 1938 τούτῳ
1449 1868 1508 1922 δέ
1536 1847 1860 1939 ἀγγέλλεται

279 1956 711 2021 οὑαλεντινιανδς
766 1959 797 2012 6
848 1956 1103 2028 βασιλεὺς
1164 1957 1372 2032 ἀγχόνῃ
1421 1958 1767 2014 ἀπολωλέναι
1811 1962 1855 2014 ί.

290 2047 528 2116 Ἐλέγετο
559 2048 616 2102 δὲ
643 2046 847 2120 ταύτην
866 2046 1016 2119 αὑτῷ
1052 2048 1321 2103 καττύσαι
1356 2049 1455 2121 τὴν
1483 2049 1746 2123 τελευτὴν
1769 2049 1858 2106 διὰ

276 2140 376 2195 τῶν
400 2140 805 2213 θαλαμηπόλων
855 2139 1128 2212 εὐνούχων
1151 2140 1345 2206 ἄλλους
1369 2141 1429 2195 τέ
1455 2158 1608 2206 τινας
1642 2143 1752 2196 τῶν
1777 2144 1858 2208 είς

275 2231 341 2285 τὰ
375 2231 625 2303 βασίλεια
650 2272 665 2298 ,
719 2234 811 2287 καὶ
868 2232 1238 2305 Ἀρϐογάστην
1285 2232 1378 2287 τὸν
1408 2233 1502 2288 ἐπὶ
1524 2233 1636 2288 τῶν
1688 2234 1856 2290 αὑτοῦ

278 2324 694 2396 στρατευμάτων
724 2325 1059 2397 τεταγμένον
1081 2341 1096 2358 θ
1143 2325 1334 2381 καθότι
1380 2323 1737 2398 πατρώζοντα
1766 2327 1858 2381 τὸν

275 2418 386 2471 νέον
416 2416 591 2489 εὑρὼν
632 2418 763 2492 περὶ
789 2419 887 2490 τὴν
936 2419 1113 2492 ἀρχὴν
1139 2459 1155 2485 ,
1213 2420 1311 2475 καὶ
1359 2419 1499 2492 πρὸς
1532 2420 1705 2476 πολλὰ
1748 2420 1858 2475 τῶν

276 2506 497 2571 ἐκείνοις
519 2507 821 2563 δοκούντων
845 2510 1265 2580 χαλεπαίνοντα.
1301 2511 1364 2565 Oi
1392 2511 1450 2566 δὲ
1478 2511 1638 2566 αὑτὸν
1662 2512 1860 2586 ἡγοῦν-⁸

274 2615 358 2653 ται
387 2599 678 2672 αὐτόχειρα
702 2599 894 2655 ἐαυτοῦ
917 2602 1192 2670 γενέσθαι,
1208 2603 1285 2666 ὡς
1309 2604 1695 2676 ἐπιχειροῦντά
1714 2623 1859 2661 τισιν

273 2690 334 2743 οὐ
363 2690 478 2743 δέον
510 2690 622 2763 (60)
657 2693 716 2746 ἐν
749 2692 827 2765 τῷ
875 2691 1051 2758 ζέοντι
1081 2694 1182 2765 τῆς
1234 2694 1451 2766 ἡλικίας
1471 2735 1485 2759 ,
1526 2698 1621 2751 καὶ
1655 2697 1858 2752 κωλυό-

277 2797 432 2852 μενον
457 2798 471 2813 ο
503 2782 597 2836 καὶ
651 2782 839 2837 τούτου
875 2784 1037 2857 χάριν
1072 2785 1133 2840 οὑ
1159 2785 1575 2854 καταξιῶσαντα
1601 2788 1701 2860 ζῇν
1724 2829 1739 2855 ,
1776 2791 1858 2844 ὅτι

275 2870 572 2941 βασιλεύων
625 2871 701 2943 μὴ
749 2876 1085 2943 συγχωροῖτο
1115 2875 1290 2927 ποιεῖν
1340 2872 1377 2928 ἂ
1409 2872 1681 2945 βούλεται.
1721 2876 1858 2930 Φασί

271 2981 336 3032 γε
379 2965 482 3036 μὴν
514 2964 674 3018 τοῦτο
701 2965 762 3018 τὸ
813 2965 1099 3038 μειράκιον
1149 2965 1404 3037 εὐγενείᾳ
1437 2965 1689 3037 σώματος
1714 3006 1728 3032 ,
1761 2971 1857 3022 καὶ

274 3055 568 3126 βασιλικῶν
596 3056 817 3125 τρόπων
850 3056 1021 3129 ἀρετῇ
1048 3096 1062 3121 ,
1096 3056 1391 3128 ὑπερφυῶς
1417 3055 1563 3122 δόξαι
1595 3058 1696 3129 τῆς
1728 3059 1859 3129 ἡγε-

274 3147 462 3232 μονίας
498 3147 646 3215 ἀξιον
671 3190 686 3215 ,
719 3151 815 3203 καὶ
871 3144 981 3214 οἷος
1012 3128 1414 3221 μεγαλόψυχος
1441 3150 1552 3218 (61)
1580 3192 1595 3218 ,
1644 3128 1857 3207 καὶδι-
1885 3128 1931 3190 C

270 3241 531 3313 καιοσύνῃ
565 3241 969 3312 ὑπερϐαλέσθαι
992 3242 1081 3296 τὸν
1104 3241 1270 3296 αὑτοῦ
1298 3242 1530 3314 πατέρα,
1563 3245 1612 3296 εί
1643 3245 1857 3315 παρῆλ-

269 3332 365 3387 θεν
404 3335 485 3397 εἰς
525 3333 724 3405 ἄνδρας
761 3333 906 3405 (62)*
944 3333 1039 3387 καὶ
1094 3335 1124 3386 6
1182 3334 1280 3405 μὲν
1320 3334 1563 3398 τοιοῦτος
1597 3334 1708 3399 ὣν,
1756 3329 1859 3390 ὦδε

267 3425 551 3497 τέθνηκεν.
601 3425 858 3494 Εὑγένιος
912 3424 969 3478 δέ
1019 3442 1104 3489 τις
1148 3426 1246 3497 οὑχ
1302 3426 1471 3495 ὑγιῶς
1517 3427 1861 3500 διακείμενος

266 3521 401 3588 περὶ
423 3518 484 3572 τὸ
511 3518 687 3589 δόγμα
718 3518 826 3571 τῶν
861 3519 1237 3591 Χριστιανῶν,
1264 3520 1573 3592 ἐπεισπηδᾷ
1598 3523 1663 3592 τῇ
1691 3523 1855 3594 ἀρχῇ,

264 3611 364 3664 καὶ
385 3610 455 3664 τὰ
490 3610 735 3681 σύμβολα
764 3611 862 3681 τῆς
888 3610 1167 3682 βασιλείας
1191 3611 1576 3683 ἀμφιέννυται.
1605 3614 1766 3685 ’ῼετο
1801 3614 1859 3668 δὲ

263 3703 362 3757 τοῦ
403 3704 833 3776 ἐπιχειρήματος
857 3705 1117 3774 ἀσφαλῶς
1143 3706 1439 3777 κρατήσειν
1462 3745 1477 3772 ,
1515 3705 1860 3778 ὑπαγόμενος

260 3796 444 3864 λόγοις
479 3795 786 3869 ἀνθρώπων
813 3797 1010 3852 εἰδέναι
1042 3798 1104 3851 τὸ
1159 3799 1351 3871 μέλλον
1390 3799 1855 3872 ὑπισχνουμένων,

260 3890 523 3959 σφαγίοις
573 3890 684 3943 τισὶ
731 3891 823 3944 καὶ
877 3891 1356 3961 ἡπατοσκοπίαις,
1406 3894 1503 3946 καὶ
1553 3892 1858 3963 καταλήψει

256 3979 537 4049 ἀστέρων.
557 3979 920 4045 Ἐσπούδαζον
950 3980 1007 4034 δὲ
1034 3981 1163 4053 περὶ
1201 3983 1373 4035 ταῦτα
1400 3982 1550 4037 ἄλλοι
1583 3999 1644 4036 τε
1670 3982 1858 4036 πολλοὶ

255 4070 376 4124 τῶν
425 4073 482 4125 ἐν
535 4071 677 4125 τέλει
695 4072 1013 4142 Ῥωμαίων,
1055 4073 1148 4127 καὶ¹
1181 4073 1479 4139 Φλαϐιανὸς
1513 4074 1625 4146 (65)
1660 4075 1688 4127 ὁ
1733 4074 1856 4128 τότε

258 4163 518 4235 ὕπαρχος
545 4205 560 4229 ,
616 4164 758 4236 ἀνὴρ
798 4164 1114 4236 ἐλλόγιμος,
1152 4165 1245 4218 καὶ
1309 4165 1438 4237 περὶ
1485 4166 1552 4218 τὰ
1604 4166 1857 4221 πολιτικὰ

254 4257 519 4329 ἐχέφρων
560 4253 702 4311 εἶναι
733 4256 908 4311 δοκῶν
933 4274 946 4288 ·
993 4256 1219 4328 προσέτι
1251 4256 1308 4309 δέ
1351 4256 1446 4310 καὶ
1489 4257 1559 4310 τὰ
1595 4257 1855 4328 μέλλοντα

252 4351 533 4424 ἀκριϐοῦν
592 4351 939 4422 λογιζόμενος
986 4352 1266 4422 ἐπιστήμῃ
1319 4348 1666 4418 παντοδαπῆς
1722 4366 1857 4420 μαν-

1964 1863 2156 1918 vinum
2197 1878 2404 1919 numen
2445 1862 2642 1920 sedulo
2679 1861 3055 1919 venerabatur
3089 1860 3129 1916 ι.
3171 1859 3387 1916 Interea
3419 1873 3558 1916 vero

1965 1954 2196 2010 nuntius
2256 1953 2422 2025 312
2466 1952 2717 2021 aﬂertur,
2773 1953 3167 2024 imperatorem
3205 1949 3555 2008 Valentinia-

1964 2063 2098 2102 num
2134 2047 2334 2117 laqueo
2367 2047 2674 2105 interiisse.
2715 2046 2840 2114 Quo
2871 2047 3070 2103 mortis
3098 2060 3299 2119 genere
3330 2060 3429 2116 per
3456 2060 3557 2101 cu-

1964 2139 2268 2196 bicularios
2288 2140 2586 2197 eunuchos
2609 2140 2925 2197 exstinctus
2944 2138 3118 2197 fuisse
3139 2137 3454 2203 dicebatur,
3476 2137 3556 2192 ἰιι⁴

1965 2232 2306 2305 stigantibus
2333 2233 2532 2289 aulicis
2562 2232 2933 2305 quibusdam,
2967 2246 3035 2288 ac
3066 2231 3345 2303 praecipue
3372 2232 3555 2287 Arbo-

1965 2334 2120 2396 gaste
2156 2325 2427 2398 magistro
2456 2325 2700 2391 militiae,
2732 2340 2799 2381 eo
2830 2323 2980 2396 quod
3017 2324 3171 2379 illum
3216 2322 3273 2379 in
3311 2321 3557 2394 regendo

1964 2417 2198 2490 imperio
2245 2427 2492 2489 paternae
2553 2419 2782 2474 virtutis
2829 2418 3206 2475 aemulatorem
3257 2417 3550 2481 viderent,

1965 2526 2068 2568 nec
2108 2506 2178 2568 iis
2216 2526 2340 2582 quae
2376 2511 2517 2581 ipsis
2557 2512 2888 2581 placuerant
2926 2510 3393 2581 acquiescentem.
3442 2508 3552 2564 Alii

1964 2602 2180 2668 dicunt,
2206 2618 2330 2659 eum
2359 2603 2466 2659 sibi
2498 2617 2698 2659 manus
2731 2603 3008 2669 intulisse,
3042 2611 3338 2674 propterea
3366 2602 3545 2676 quod,

1965 2708 2091 2748 cum
2150 2694 2205 2749 in
2260 2692 2442 2748 aetatis
2495 2692 2717 2749 fervore
2774 2692 3030 2763 quaedam
3104 2698 3309 2763 praeter
3356 2691 3448 2763 jus
3495 2700 3560 2749 et.

1963 2800 2180 2857 aequum
2208 2784 2619 2856 aggrederetur,
2655 2785 2888 2856 proximi
2920 2786 3102 2855 ipsum
3142 2777 3506 2856 prohiberent
3536 2826 3548 2836 .

1965 2885 2131 2949 atque
2165 2876 2378 2932 idcirco
2415 2891 2542 2933 eum
2579 2876 2815 2933 ulterius
2849 2876 3037 2932 vivere
3081 2875 3365 2943 noluisse,
3401 2874 3551 2946 quod

1964 2984 2090 3025 cum
2119 2969 2418 3039 imperator
2442 2977 2626 3034 esset,
2655 2983 2721 3024 ea
2747 2982 2870 3039 quae
2899 2967 3119 3025 volebat
3144 2982 3311 3039 agere
3339 2981 3551 3038 nequa-

1965 3074 2130 3131 quam
2159 3060 2595 3131 permitteretur.
2635 3058 2836 3115 Fertur
2865 3073 3033 3132 porro
3061 3060 3210 3117 hunc
3236 3058 3555 3115 adolescen-

1963 3159 2071 3207 tem
2095 3191 2112 3219 ,
2145 3153 2215 3208 ob
2246 3152 2503 3209 decorem
2570 3152 2825 3223 corporis
2875 3158 2930 3208 et
2951 3153 3024 3209 ob
3060 3153 3269 3224 regiam
3308 3150 3550 3208 indolem

1963 3260 2029 3299 ac
2053 3245 2352 3311 virtutem,
2403 3243 2644 3314 imperio
2685 3244 3079 3316 dignissimum
3123 3243 3409 3300 exstitisse
3435 3286 3451 3312 ,
3494 3252 3552 3300 et

1963 3336 2345 3409 magnitudine
2376 3335 2547 3392 animi
2589 3350 2656 3392 ac
2687 3336 2909 3407 justitia
2948 3344 3163 3407 patrem
3201 3324 3270 3393 ab
3303 3337 3401 3392 illo
3444 3351 3545 3407 po-

1963 3429 2141 3487 tuisse
2190 3431 2482 3502 superari,
2518 3431 2566 3486 si
2615 3430 2682 3485 ad
2731 3429 2948 3487 virilem
2998 3436 3213 3486 aetatem
3258 3431 3552 3503 pervenire

1961 3521 2011 3578 ei
2042 3521 2310 3579 licuisset.
2345 3524 2526 3594 Atque
2560 3521 2653 3578 hic
2684 3521 2907 3595 quidem
2932 3560 2948 3587 ,
2980 3535 3106 3577 cum
3143 3521 3420 3593 ejusmodi
3455 3538 3548 3581 es-

1963 3620 2083 3677 set,
2116 3614 2213 3669 tali
2257 3614 2410 3669 exitu
2457 3614 2643 3685 periit.
2698 3612 2982 3686 Eugenius
3040 3623 3225 3670 autem
3276 3615 3549 3686 quidam,

1962 3704 2109 3760 haud
2139 3705 2362 3763 sincero
2406 3706 2596 3762 animo
2640 3720 2770 3777 erga
2813 3705 3143 3776 religionem
3191 3705 3547 3763 Christiano-

1962 3812 2086 3852 rum
2126 3797 2391 3864 aﬂectus,
2433 3798 2727 3869 imperium
2769 3797 3006 3865 invasit,
3040 3798 3275 3868 ejusque
3309 3799 3549 3871 insignia

1962 3891 2069 3949 sibi
2115 3892 2440 3962 assumpsit.
2495 3890 2789 3962 Sperabat.
2826 3898 3009 3945 autem
3059 3904 3119 3945 se
3172 3890 3546 3962 principatum

1962 3983 2196 4039 ﬁrmiter
2235 3976 2583 4039 retenturum
2608 4022 2622 4047 ,
2662 3982 2925 4037 inductus
2956 3981 3141 4038 verbis
3173 3982 3547 4052 quorumdam

1961 4076 2284 4142 hominum,
2322 4075 2417 4145 qui
2463 4089 2523 4130 se
2566 4073 2753 4128 futura
2824 4087 2992 4128 nosse
3032 4071 3318 4141 jactabant
3368 4087 3434 4129 ex
3462 4073 3547 4129 vi-

1961 4168 2148 4225 ctimis
2218 4167 2552 4236 quibusdam
2626 4175 2990 4236 extorumque
3054 4164 3427 4234 inspectione,
3490 4173 3553 4221 et

1962 4259 2349 4317 observatione
2400 4258 2668 4313 siderum.
2724 4257 2823 4311 Cui
2884 4255 3276 4327 superstitioni
3332 4255 3545 4313 addicti

1962 4359 2120 4408 erant
2156 4364 2224 4406 eo
2270 4357 2518 4421 tempore
2541 4390 2555 4414 ,
2593 4357 2711 4404 tum
2747 4348 2839 4403 alii
2878 4348 3066 4418 plures
3102 4362 3170 4404 ex
3210 4349 3544 4419 proceribus

248 4443 440 4506 τείας.
478 4443 665 4517 Ταύτῃ
714 4443 822 4514 γὰρ
862 4442 1094 4513 μάλιστα
1131 4440 1222 4496 τὸν
1261 4439 1514 4508 Εὑγένιον
1560 4439 1745 4493 ἔπεισε
1775 4440 1857 4504 εἰς

1964 4445 2338 4500 Romanorum
2361 4482 2376 4506 ,
2418 4450 2531 4498 tum
2566 4439 2862 4496 Flavianus
2899 4439 3198 4512 praefectus
3237 4441 3500 4511 praetorio
3526 4483 3541 4507 ,

249 4532 509 4603 πόλεμον
536 4533 1098 4606 παρασκευάσασθαι,
1133 4532 1393 4604 μοιρίδιον
1415 4528 1554 4587 εἶναι
1584 4532 1732 4602 αὑτῷ
1757 4530 1856 4603 τὴν

1964 4535 2050 4589 vir
2108 4531 2346 4587 eximius
2389 4540 2444 4587 et
2480 4531 2534 4586 in
2573 4531 2856 4604 republica
2894 4530 3134 4603 gerenda
3173 4531 3545 4602 prudentissi-

348 4648 367 4680 ⁸
389 4649 549 4705 Socr.
579 4649 674 4703 lib.
710 4665 833 4716 v,c.
868 4649 957 4704 25.

1442 4736 1714 4793 VALESII
1750 4732 2312 4792 ANNOTATlONES.

328 4838 453 4911 (60)
482 4837 939 4911 ΔἙπιχε-;ι,ι>οὗιςετά
950 4852 1113 4911 τισιν
1132 4839 1204 4911 οὐ
1224 4835 1386 4890 δέον.
1415 4834 1551 4911 Duae
1566 4844 1852 4911 postremae

234 4907 440 4965 voces
463 4908 663 4964 desunt
691 4910 744 4963 in
768 4909 957 4966 codice
978 4908 1301 4970 Fuketiano,
1336 4921 1436 4963 nec
1470 4908 1724 4963 videntur
1758 4907 1853 4961 ad-

236 4981 491 5036 modum
517 4979 864 5035 necessariaa.
1100 5013 1108 5017 -

325 5052 453 5121 ((51)
492 5050 601 5104 Καὶ
669 5045 794 5115 οἷος
837 5052 1286 5121 μεγαλόψυχος.
1352 5048 1712 5104 Scribcndum
1764 5057 1855 5121 est

233 5116 460 5192 prOcnl
486 5122 653 5192 dubio
678 5122 772 5192 na}.
819 5116 934 5176 οἷον
979 5116 1353 5192 μεγαλοψυχία
1396 5121 1488 5173 καὶ
1536 5116 1851 5192 δικαιοσύνῃ

233 5188 694 5264 ὗπερϐαλέσθαι.
732 5190 919 5264 Quam
950 5188 1382 5264 emendationem
1413 5192 1708 5264 contirmat
1756 5188 1852 5264 Ni:

229 5257 545 5333 cophorus
589 5262 644 5333 in
677 5278 727 5316 c.
785 5262 872 5324 59,
910 5262 1028 5333 lih..
1056 5278 1152 5333 xtl.
1211 5260 1489 5333 Sicrenim
1536 5261 1723 5333 habet,
1768 5257 1847 5333 τῷ

227 5334 303 5387 δὲ
325 5329 717 5405 ’μεγαλοψύχῳ
745 5333 839 5385 καὶ
865 5332 943 5403 τῷ
971 5333 1069 5404 τῆς
1089 5332 1435 5401 δικαιοσύνης
1460 5330 1615 5401 ἄκρῳ
1645 5331 1738 5384 καὶ
1762 5329 1853 5382 τὸν

1961 4836 2167 4920 ἐκείνου
2186 4836 2597 4920 ὑπερϐαλέσθαι
2624 4834 2857 4920 πατέραὲ
3039 4903 3086 4920 Π
3128 4905 3160 4920 η
3395 4909 3405 4918 .

2030 4907 2164 4989 (θῇ
2181 4903 2583 4977 Εὶπαρῆλθεν
2633 4903 2986 4972 εἱςίὶνδρας.
3037 4903 3251 4961 Mallem
3302 4909 3545 4964 scribere

1960 4976 2528 5137 ἷρῗεξιέῗῗίιαὸιανός.
2563 5045 2687 5137 {line
2719 5061 2782 5099 ex
2811 5044 3155 5137 Bu'l-inci‘lihro
3189 5061 3251 5111 ιι,
3283 5045 3541 5137 Historia:

1962 5115 2373 5179 Ecclesiasticw,
2416 5133 2536 5188 cap.
2563 5119 2652 5181 35,
2694 5118 2930 5186 sumpsit
2963 5115 3322 5172 Sozomenus.
3368 5120 3543 5176 Crete-

1962 5204 2081 5242 rum
2123 5189 2192 5243 de
2237 5188 2342 5243 hoc
2382 5186 2643 5241 Flaviano
2681 5186 2849 5241 multa
2905 5187 3090 5242 notavi
3140 5188 3207 5242 ad
3251 5188 3344 5243 lib.
3390 5205 3539 5244 xxvn

1962 5258 2235 5310 Ammiani
2303 5257 2624 5310 Marcellini.
2675 5256 2934 5310 Eiu‘sdem
2996 5255 3241 5310 Flaviani
3293 5258 3537 5310 praefecti

1960 5258 2235 5313 Ammiani
2303 5257 2624 5312 Marcellini.
2675 5256 2934 5327 Ejusdem
2996 5256 3241 5313 Flaviani
3293 5258 3537 5328 praefecti

1963 5337 2118 5399 praet.
2146 5328 2399 5385 meminit
2432 5327 2697 5384 Paulinus
2736 5330 2792 5383 in
2821 5326 2940 5383 Vita
2968 5328 3114 5384 beati
3137 5329 3427 5385 Ambrosii.

1729 5438 2115 5497 VARIORUM.

334 5544 359 5578 ί
410 5537 910 5604 Οὐαλεντινιανὸς
951 5537 1180 5607 ἀγχόνῃ
1219 5537 1616 5592 ἀπολωλέναι.
1649 5536 1845 5592 Obitus

227 5612 641 5666 Valentiniani
685 5610 930 5664 .Iunioris
959 5610 1237 5663 nobilibus
1265 5609 1679 5664 characteribus
1711 5624 1845 5669 con-

224 5692 528 5754 SIgnatus
552 5684 621 5736 ab
653 5678 976 5754 Epiphanio,
1009 5678 1253 5754 libroADe
1276 5680 1535 5754 mensuris
1578 5688 1627 5731 et
1642 5678 1848 5754 ponde—
1874 5743 1878 5746 ἠ

224 5747 441 5815 νὶἶνιεε,
477 5768 626 5806 num.
668 5747 767 5817 ἐκ,
790 5750 880 5803 ubi
916 5749 991 5803 ait
1026 5769 1037 5805 :
1072 5748 1275 5816 Quibus
1307 5747 1610 5804 consulibus
1634 5751 1848 5818 (nempe

221 5825 514 5879 Arcadio
561 5821 626 5882 ll,
674 5832 727 5876 ct
770 5821 985 5883 Ruﬁno)
1028 5830 1269 5874 mortuus
1311 5830 1388 5874 est
1450 5819 1849 5874 Valentinianus

206 5897 475 5970 junior,
540 5891 895 5948 Valentiniani
924 5889 1106 5962 Magni
1138 5892 1282 5961 ﬁlius
1313 5908 1328 5945 :
1360 5892 1448 5954 qui
1502 5892 1741 5970 subinde,
1772 5888 1857 5972 nti.

1952 5538 2153 5609 ferunt,
2177 5537 2496 5609 praelocutus
2514 5539 2567 5593 in
2588 5538 2792 5609 palatio
2820 5545 3053 5609 repertus
3078 5544 3177 5597 est,
3199 5533 3381 5609 [diligis
3404 5533 3540 5609 ρίαὶἰ

1951 5605 2512 5676 ῂιιίιίὶερεηιὲεοειεε,
2546 5605 2632 5663 die
2665 5608 2890 5665 Sabbuti
2921 5622 2938 5659 :
2969 5608 3082 5675 ipso
3124 5622 3241 5676 vero
3280 5605 3366 5659 die
3394 5605 3526 5661 Pen-

1955 5689 2172 5734 tecostes
2212 5681 2387 5735 elatus
2433 5690 2531 5736 est.
2592 5679 2824 5735 Occisus
2857 5685 2940 5732 cst
2971 5678 3153 5736 itaque
3183 5675 3270 5730 die
3324 5676 3537 5732 decima

1955 5752 2143 5817 quinta
2171 5751 2376 5807 mensis
2406 5750 2553 5815 Maii,
2583 5751 2710 5804 anni
2743 5748 2874 5803 Chr.
2916 5745 3042 5817 39}.
3072 5745 3361 5817 Imperium
3395 5764 3533 5814 qua-

1956 5813 2168 5962 dritsnats
2198 5820 2440 5892 suscepit
2474 5813 2764 5895 anno_57;‘5.
2789 5820 2939 5890 (Ant.
2972 5814 3125 5888 Pagi,
3153 5813 3222 5869 ad
3253 5831 3382 5872 ann.
3409 5813 3534 5886 392,

1957 5908 2011 5947 n.
2085 5932 2095 5942 .
3051 5929 3055 5933 .

1957 5908 2011 5947 ιι.
2047 5906 2123 5947 ὁ.)
3051 5929 3055 5933 ~
3550 5906 3553 5909 λ
