4066 6338
307 369 443 439 ιιεοξ

1242 376 1566 436 HISTORIA
1603 381 2157 445 ECCLESIASTICA.
2198 421 2266 435 -κ
2304 389 2434 445 LIB.
2479 390 2589 445 VII.

3435 393 3566 453 1490

303 486 407 548 οἵας
436 482 584 549 είκδς
636 485 740 541 ὑπὸ
788 484 1208 557 χαλεπαίνοντος
1236 490 1507 563 πλήθους,
1552 494 1872 564 ὑϐριστικάς

1985 504 2089 568 xit,
2120 503 2518 559 contumeliosa
2552 503 2780 573 insuper
2817 503 2981 558 verba
3020 502 3304 573 adiciens,
3340 507 3489 561 sicut
3529 522 3562 561 a

303 573 472 643 ἀφιεὶς
498 574 703 645 φωνάς.
755 574 908 630 Ἐπεὶ
933 576 990 630 δὲ
1019 577 1248 644 πολλοὺς
1290 580 1606 654 Ἀντιοχέων
1635 585 1876 656 διαφθεῖ-

304 680 384 734 ραι
414 663 692 731 διενοεῖτο,
719 667 813 720 καὶ
838 666 976 738 πρὸς
1007 669 1176 741 μόνην
1205 670 1302 742 τὴν
1334 672 1522 745 φήμην
1552 675 1877 749 κατεπλάγη

302 754 355 808 τὸ
378 754 581 826 πλῆθος
603 773 616 788 ο
644 759 739 811 καὶ
763 759 1107 832 παυσάμενοι
1133 763 1421 834 μαίνεσθαι
1447 767 1841 840 μετεμελοῦντο
1860 788 1872 800 ·

306 847 392 900 καὶ
441 846 518 912 ὡς
580 847 677 901 ἐπὶ
728 853 964 923 παροῦσι
1022 855 1137 919 τοῖς
1188 857 1610 928 ἀγγελλομένοις
1664 863 1877 929 κακοῖς,

303 933 508 990 ἔστενον
565 953 626 989 τε
684 939 778 992 καὶ
803 940 1098 1012 ἐδάκρυον,
1154 946 1248 999 καὶ⁹
1293 945 1387 1000 τὸν
1438 947 1573 1002 Θεὸν
1634 948 1878 1008 ἱκέτευον

303 1022 531 1098 πραῧναι
557 1027 654 1083 τοῦ
685 1032 1012 1102 κρατοῦντος
1052 1034 1152 1106 τὴν
1181 1036 1375 1109 ὀργὴν,
1405 1039 1695 1111 μελῳδίαις
1733 1042 1877 1098 τισὶν

302 1119 661 1193 ὀλοφυρτικῶς
706 1124 843 1194 πρὸς
870 1124 968 1189 τὰς
997 1125 1151 1193 λιτάς
1184 1131 1533 1201 κεχρημένοι.
1591 1133 1784 1188 Ἠνίκα
1810 1135 1876 1207 δὴ

303 1215 390 1268 καὶ
409 1214 706 1281 Φλαόιανὸς
732 1219 762 1273 ὁ
805 1218 1121 1291 Ἀντιοχέων
1150 1221 1470 1289 ἐπίσκοπος,
1505 1225 1878 1299 πρεσϐευόμε-

301 1324 380 1373 νος
406 1309 547 1380 ὐπὲρ
573 1309 683 1364 τῶν
710 1310 966 1379 πολιτῶν,
999 1312 1081 1367 ἔτι
1109 1313 1203 1369 τοῦ
1235 1314 1497 1385 βασιλέως
1524 1318 1878 1390 χαλεπαίνον-

300 1416 402 1466 τος,
458 1401 689 1455 πέπεικε
744 1402 870 1467 τοὺς
924 1403 1099 1477 παρὰ,
1122 1404 1221 1479 τὴν
1252 1406 1538 1481 βασιλικὴν
1593 1411 1877 1484 τράπεζαν

299 1489 437 1561 ᾄδειν
465 1491 719 1558 εἰωθότας
753 1493 931 1559 νέους,
962 1495 1062 1561 τὰς
1090 1498 1150 1552 ἐν
1183 1501 1303 1564 ταῖς
1327 1500 1501 1566 λιταῖς
1531 1502 1639 1557 τῶν
1679 1504 1878 1560 Ἀντιο-

299 1582 432 1651 χέων
460 1583 778 1656 ψαλμῳδίας
806 1589 977 1644 εἰπεῖν
998 1607 1012 1621 ·
1054 1592 1141 1661 ἐφ’
1181 1584 1226 1661 ᾧ
1250 1592 1467 1662 λέγεται
1497 1595 1879 1672 φιλανθρωπίᾳ

296 1676 615 1757 διαχυθέντα
662 1680 753 1734 τὸν
810 1681 1035 1753 βασιλέα
1084 1685 1423 1758 κρατηθῆναι
1472 1687 1552 1760 τῷ
1590 1689 1747 1760 ἐλέῳ,
1782 1694 1879 1747 καὶ

298 1768 489 1822 αὐτίκα
518 1771 619 1841 τὴν
642 1771 812 1844 ὀργὴν
837 1774 1107 1841 ἐκϐαλεῖν,
1142 1778 1238 1831 καὶ
1265 1778 1588 1834 σπείσασθαι
1618 1781 1756 1852 πρὸς
1778 1783 1879 1855 τὴν

1982 594 2336 651 multitudine
2365 596 2694 651 exacerbata
2732 594 2848 650 ﬁeri
2886 595 3046 651 solet.
3084 594 3257 655 Porro
3293 611 3422 652 cum
3458 596 3560 652 im-

1983 693 2206 758 perator
2250 686 2455 743 multos
2500 686 2974 742 Antiochenorum
3025 687 3341 745 interficere
3392 690 3464 746 ob
3510 690 3564 745 id

1982 778 2176 845 vellet,
2207 777 2275 833 ad
2310 779 2490 835 solum
2516 778 2638 849 ejus
2673 779 2755 835 rei
2785 794 3066 835 rumorem
3100 771 3257 850 plebs
3289 780 3565 851 obstupeo

1984 868 2129 925 facta
2162 877 2269 925 est.
2301 868 2537 940 lataque
2564 869 2758 926 sedato
2801 869 2990 925 furore
3012 909 3026 933 ,
3076 869 3228 941 ipsos
3274 869 3405 927 facti
3446 886 3566 940 pte-

1982 959 2194 1016 nitebat
2218 979 2233 1017 :
2260 968 2316 1018 et
2343 960 2504 1032 quasi
2533 961 2678 1016 mala
2701 976 2824 1031 qua:
2847 960 3250 1017 nuntiabantur
3267 960 3383 1031 jam
3407 960 3597 1016 ades--

1983 1059 2145 1117 sent,
2201 1055 2496 1124 gemebant
2542 1067 2738 1109 omnes
2791 1067 2856 1107 ac
2910 1052 3215 1123 lugebant,
3280 1048 3567 1122 Deumque

1984 1144 2354 1216 precabantur
2380 1152 2439 1201 ut
2468 1144 2822 1216 imperatoris
2850 1145 3095 1199 aninmm
3127 1142 3405 1212 placaret,
3434 1158 3571 1198 can-

1984 1233 2111 1290 ticis
2136 1233 2468 1304 quibusdam
2494 1232 2827 1304 lugubribus
2858 1231 2926 1288 ad
2949 1246 3070 1288 eam
3095 1232 3567 1307 supplicationem

1984 1332 2223 1383 utentes.
2277 1324 2403 1393 Quo
2457 1326 2683 1398 quidem
2734 1333 2986 1396 tempore
3026 1324 3324 1382 Flavianus
3371 1323 3571 1383 Antio-

1983 1416 2208 1473 chensis
2237 1416 2535 1489 episcopus
2554 1455 2571 1481 ,
2610 1431 2715 1487 pro
2739 1416 2960 1473 civibus
2988 1416 3111 1475 suis
3139 1414 3413 1486 legatione
3439 1411 3569 1469 iuno

1983 1524 2119 1580 gens
2142 1548 2159 1574 ,
2193 1523 2321 1564 eum
2356 1508 2659 1580 imperator
2690 1507 2875 1567 adhuc
2908 1506 3292 1579 indignatione
3322 1506 3568 1581 percitus

1982 1607 2168 1664 esset,
2202 1601 2482 1670 persuasit
2509 1599 2961 1657 adolescentibus
2987 1598 3087 1669 qui
3118 1597 3187 1654 ad
3214 1596 3568 1667 imperatoris

1985 1705 2231 1747 mensam
2262 1705 2463 1747 canere
2489 1690 2776 1754 solebant,
2806 1698 2866 1745 ut
2894 1689 3113 1745 cantica
3143 1688 3347 1759 quibus
3373 1687 3569 1742 Antio—

1983 1782 2146 1838 chrni
2194 1783 2251 1838 in
2300 1781 2808 1853 supplicationibus
2854 1782 2976 1837 suis
3028 1781 3349 1844 utebantur,
3381 1785 3572 1833 canta-

299 1860 468 1927 πόλιν,
497 1862 725 1937 δάκρυσι
773 1865 1043 1937 βρέξαντᾳ
1065 1869 1165 1941 τὴν
1197 1871 1417 1943 φιάλην,
1454 1873 1520 1943 ἣν
1554 1872 1711 1944 ἔτυχε
1743 1891 1876 1929 κατ-

1985 1883 2123 1931 rent.
2171 1874 2293 1940 Quo
2338 1874 2489 1931 facto
2522 1875 2829 1945 imperator
2864 1874 2921 1931 in
2955 1871 3306 1929 clementiam
3359 1870 3568 1935 ﬂexus,

296 1952 451 2023 έχων.
503 1957 640 2009 Φασὶ
683 1957 739 2011 δὲ
786 1958 885 2030 τῆς
916 1959 1202 2032 φθασάσης
1236 1963 1429 2028 νυκτὸς
1470 1964 1589 2035 μεθ’
1621 1965 1690 2036 ἢν
1716 1966 1880 2027 εὐθὺς

295 2045 681 2119 ἐπιγενομένης
731 2050 942 2123 ἡμέρας
990 2053 1023 2122 ή
1069 2054 1259 2117 στάσις
1303 2056 1555 2125 ἐγένετο,
1622 2058 1817 2130 φάσμα
1851 2072 1878 2101 ιι

296 2136 549 2204 γυναικὸς
577 2138 857 2209 θεαθῆναι,
908 2143 1130 2213 μεγέθει
1175 2146 1411 2213 ἐξαίσιον
1462 2147 1555 2202 καὶ
1585 2147 1685 2220 θέᾳ
1714 2148 1876 2219 φοϐε-

297 2226 419 2297 ρὸν,
468 2227 760 2298 μετάρσιον
811 2246 870 2283 τε
915 2231 1199 2304 διατρέχον
1249 2235 1354 2290 ἀνά
1399 2236 1498 2301 τὰς
1538 2237 1737 2306 ἀγυιὰς
1779 2239 1879 2309 τῆς

297 2318 531 2387 πόλεως,
578 2320 669 2374 τὸν
719 2321 857 2390 ἀέρα
910 2325 1194 2393 μαστίζειν
1238 2327 1343 2381 ὑπὸ
1375 2328 1600 2399 μάστιγι
1636 2330 1876 2402 δυσήχῳ,

293 2410 430 2473 οἵαις
463 2413 541 2474 είς
585 2411 755 2482 θυμὸν
777 2415 1171 2484 προκαλοῦνται
1200 2419 1328 2480 τοὺς
1357 2418 1533 2488 θῆρας
1569 2420 1618 2473 οἱ
1653 2421 1782 2491 περὶ
1811 2419 1879 2474 τὰ

295 2498 512 2552 τοιαῦτα
531 2501 733 2573 θέατρα
761 2504 1068 2569 πονοῦντες.
1101 2504 1259 2559 Οῦτω
1289 2524 1376 2571 τις
1399 2507 1652 2580 ἀλάστωρ
1673 2509 1878 2581 δαίμων

296 2592 689 2665 ἑπιὸουλῇ(67)
742 2596 841 2667 τὴν
897 2599 1085 2653 στάσιν
1116 2599 1384 2670 ἐκίνησεν.
1445 2601 1879 2672 Ἐπηκολούθησε

295 2682 340 2734 δ’
374 2682 438 2736 ἂν
472 2686 565 2739 καὶ
606 2687 764 2755 φόνος
803 2689 991 2755 πολὺς,
1025 2691 1070 2743 εί
1109 2690 1183 2761 μὴ
1210 2692 1311 2763 τὴν
1343 2693 1512 2763 ὀργὴν
1537 2692 1880 2748 κατέπαυσεν

296 2775 325 2826 ὁ
374 2775 655 2845 βασιλεὺς,
703 2780 801 2852 τὴν
856 2782 1136 2853 ἱερατικὴν
1180 2783 1284 2837 ὑπὸ
1327 2784 1607 2851 εὐσεϐείας
1665 2785 1879 2842 ἱκεσίαν

297 2867 586 2933 αἰδεσθείς.

1979 1978 2035 2023 οι
2066 1967 2424 2027 miseratione
2453 1974 2748 2037 superatus
2770 2007 2786 2034 ,
2818 1966 2957 2021 iram
2994 1965 3249 2035 protinus
3294 1963 3571 2033 ahjecisse

1981 2061 2213 2127 dicitur,
2244 2067 2300 2116 et
2326 2074 2451 2114 cum
2475 2057 2950 2114 Antiochensibus
2972 2057 3030 2113 in
3054 2055 3286 2125 gratiam
3319 2054 3571 2122 rediisse,

1982 2150 2206 2224 perfuso
2240 2149 2501 2223 laerymis
2530 2147 2735 2219 poculo
2795 2146 2941 2218 quod
2978 2154 3095 2201 tum
3129 2147 3273 2202 forte
3304 2146 3359 2201 in
3386 2146 3568 2200 mani-

1982 2246 2084 2300 bus
2119 2244 2377 2300 habebat.
2410 2242 2682 2299 Caeterum
2717 2240 2916 2306 aiunt,
2952 2246 3119 2296 nocte
3152 2238 3244 2295 illa
3271 2252 3405 2308 qum
3424 2235 3570 2293 diem

1979 2347 2090 2401 quo
2119 2330 2318 2387 seditio
2349 2329 2497 2386 facta
2523 2337 2608 2385 est
2633 2328 2949 2401 przecessit,
2973 2335 3253 2399 spectrum
3286 2326 3570 2397 quoddam

1982 2420 2252 2477 muliebre
2282 2420 2460 2476 visum
2480 2435 2642 2495 esse,
2692 2418 3074 2490 magnitudine
3120 2418 3472 2485 incredibili,
3514 2426 3572 2475 et

1981 2510 2145 2584 31E.
2188 2517 2418 2581 aspectu
2452 2509 2740 2566 terribile:
2774 2509 2923 2580 quod
2958 2509 3199 2566 sublime
3231 2525 3328 2581 per
3356 2509 3571 2580 plateas

1984 2601 2136 2656 urbis
2167 2600 2492 2656 discurrens
2513 2640 2528 2665 ,
2575 2613 2756 2655 aerem
2800 2599 3036 2655 caederet
3074 2596 3293 2671 ﬂagello
3324 2599 3566 2672 quodam

1983 2693 2278 2750 horrisono
2303 2731 2318 2758 ,
2364 2691 2679 2763 cuiusmodi
2720 2690 2909 2762 ﬂagris
2938 2691 3149 2748 bestias
3204 2691 3271 2747 ad
3320 2690 3566 2747 furorem

1986 2785 2272 2842 concitare
2306 2784 2488 2841 solent
2519 2784 2596 2853 ii,
2626 2783 2721 2855 qui
2754 2783 3032 2854 ejusmodi
3070 2784 3408 2855 spectaculis
3440 2798 3572 2854 ope-

1985 2892 2103 2933 ram
2159 2891 2316 2934 suam
2371 2877 2581 2933 locant.
2636 2875 2717 2930 lta
2760 2876 3034 2933 exitiosus
3080 2875 3306 2947 quidam
3355 2875 3570 2932 daemon

298 2962 441 3016 hanc
473 2963 799 3019 seditionem
850 2966 1122 3022 insidiose
1171 2968 1448 3023 conﬂavit.
1506 2970 1583 3025 Ac
1632 2970 1878 3040 profecto
1916 2971 2110 3039 ingens
2139 2968 2319 3026 caedes
2350 2976 2652 3025 consecuta
2680 2974 2872 3030 esset.
2898 2967 3007 3025 nisi
3070 2968 3370 3040 imperator
3431 2968 3570 3024 iram

294 3073 451 3112 suam
494 3063 851 3129 repressisset
867 3074 891 3128 ,‘
914 3064 1218 3121 sacerdotis
1261 3065 1713 3124 intercessionem
1752 3082 1856 3138 pro
1891 3066 2095 3138 pietate
2122 3083 2224 3125 sua
2254 3068 2547 3127 reveritus.

872 3174 1122 3227 ΚΕΦΑΛ.
1166 3176 1293 3230 KA'.

2577 3177 2735 3234 CAP.
2773 3177 2972 3235 XXIV.

295 3285 435 3351 Περὶ
469 3282 573 3351 τῆς
605 3285 710 3339 τοῦ
747 3286 1070 3366 Θερ-ᾆοσίοιυ
1104 3288 1211 3366 τοῦ
1236 3291 1545 3357 ,βασιλέως
1575 3292 1725 3348 κατὰ
1771 3296 1878 3350 τοῦ

1985 3294 2060 3351 De
2092 3296 2313 3350 uictoria
2348 3310 2509 3366 quam
2543 3294 2836 3359 imperator
2867 3290 3193 3348 Theodosius
3229 3293 3294 3347 de
3333 3291 3570 3363 Eugenio

816 3359 1108 3426 Εὑγενίου
1148 3361 1345 3427 νίκης.

376 3430 530 3499 Ἐπεὶ
563 3447 620 3501 δὲ
658 3448 725 3503 τὰ
768 3450 903 3520 πρὸς
936 3452 1028 3505 τὸν
1059 3452 1294 3522 πόλεμον
1336 3453 1487 3525 αὐτῷ
1528 3454 1881 3526 ηὐτρέπιστο,

292 3543 622 3614 ἀναγορεύει
665 3545 889 3615 βασιλέα
929 3547 1183 3619 Ὀνὼριον
1214 3559 1241 3588 ν
1295 3550 1386 3603 τὸν
1440 3549 1705 3623 νεώτερον
1747 3553 1881 3608 υἱόν.

308 3634 591 3704 ’Λρκάδιον
641 3636 749 3705 γὰρ
782 3638 882 3708 ἠδη
924 3642 1311 3711 χειροτονήσας
1359 3638 1447 3712 ἦν.
1507 3644 1708 3712 ’Ἄμφω
1733 3643 1789 3696 δὲ
1827 3646 1886 3697 ἐν

293 3726 865 3782 Κωνσταντινουπόλει
888 3731 1222 3796 καταλιπὼν,
1248 3734 1449 3803 σπουδῇ
1469 3735 1564 3787 σὺν
1587 3737 1707 3798 ταῖς
1724 3752 1887 3804 στρα-

292 3821 440 3882 τιαῖς
490 3820 598 3872 ἀπὸ
642 3820 743 3890 τῆς
782 3822 899 3875 Ἕω
935 3824 1027 3875 ἐπὶ
1070 3822 1167 3894 τὴν
1213 3825 1350 3895 πρὸς
1381 3827 1544 3879 Λύσιν
1578 3825 1888 3897 ἀρχομένην

292 3911 577 3980 ἠπείγετο.
618 3913 906 3966 Συνείπετο
934 3915 990 3967 δὲ
1028 3914 1176 3985 αὺτῷ
1203 3917 1296 3969 κα)¹
1325 3916 1531 3987 πλῆθος
1559 3917 1886 3987 συμμάχων,

291 4003 407 4055 τῶν
449 4004 578 4073 περὶ
627 4004 718 4057 τὸν
756 4007 970 4075 Ἴστρον
1024 4006 1335 4078 βαρϐάρων.
1397 4009 1629 4077 Λέγεται
1668 4009 1725 4062 δὲ
1763 4008 1888 4061 τότε

291 4098 399 4162 τῆς
429 4096 1052 4162 Κωνσταντινουπὸλεως
1084 4100 1357 4169 ἐκδημῶν,
1397 4101 1534 4171 πρὸς
1563 4101 1640 4171 τῷ
1675 4101 1887 4172 ἑϐδόμῳ

294 4182 466 4253 μιλίῳ
493 4184 803 4254 γενόμενος,
833 4186 1236 4255 προσεύξασθαι
1266 4188 1344 4258 τῷ
1370 4190 1489 4260 Θεῷ
1516 4192 1575 4242 ὲν
1606 4192 1672 4261 τῇ
1698 4189 1886 4244 ἐνθάδε

294 4274 602 4345 ἐκκλησίᾳ,
654 4276 721 4346 ἢν
776 4277 870 4330 ἐπὶ
921 4281 1056 4348 τιμῇ
1140 4280 1388 4333 Ἰωάννου
1436 4281 1530 4336 τοῦ
1578 4281 1884 4335 Βαπτιστοῦ

290 4366 552 4436 ἐδείματο
576 4383 590 4398 ο
642 4368 863 4438 αἰτῆσαί
900 4387 960 4422 τε
1012 4371 1195 4424 αἰσίαν
1239 4372 1388 4443 αὑτῷ
1420 4375 1515 4428 καὶ
1552 4376 1617 4445 τῇ
1661 4375 1890 4445 στρατιᾷ

376 4546 389 4576 ¹
426 4546 582 4602 Socr.
612 4546 707 4601 lib.
743 4562 797 4612 ν,
829 4560 882 4601 c.
914 4547 1009 4602 ’25.

2547 3366 2859 3434 reportavit.

2055 3452 2231 3508 Porro
2282 3466 2407 3507 cum
2450 3452 2639 3507 omnia
2690 3467 2815 3522 quae
2873 3452 2941 3507 ad
2995 3453 3202 3509 bellum
3250 3451 3569 3507 necessaria

1986 3549 2184 3608 erant,
2215 3540 2437 3597 abunde
2465 3548 2877 3612 comparasset,
2924 3541 3099 3597 tilium
3142 3541 3419 3597 minorem
3458 3539 3572 3594 Ho—

1988 3635 2207 3689 norium
2252 3634 2563 3704 Augustum
2604 3632 3016 3704 nuncupavit‘.
3061 3632 3361 3689 Arcadium
3416 3632 3563 3688 enim

1988 3730 2101 3799 jam
2133 3737 2294 3783 antea
2336 3728 2647 3797 Augustum
2703 3728 3139 3783 renuntiaverat.
3187 3726 3435 3797 Utroque
3478 3741 3574 3780 au-

1992 3830 2102 3876 tem
2147 3820 2343 3876 relicto
2385 3818 2906 3888 Constantinopoli,
2953 3819 3071 3888 ipse
3113 3833 3238 3871 cum
3284 3816 3461 3887 copiis
3502 3832 3573 3872 ex

1992 3910 2237 3967 Orientis
2273 3912 2523 3981 partibus
2562 3910 2883 3980 profectus,
2930 3911 2998 3964 ad
3050 3909 3423 3965 Oecidentalis
3466 3909 3574 3963 im-

1992 4006 2131 4075 perii
2191 4003 2507 4073 provincias
2566 4017 2806 4072 propere
2861 4002 3169 4056 contendit.
3223 4000 3573 4070 Sequebatur

1994 4098 2148 4152 illum
2182 4096 2375 4166 ingens
2424 4095 2586 4149 turha
2618 4093 3009 4157 auxiliarium,
3056 4108 3122 4147 ex
3172 4093 3426 4147 barbaris
3472 4094 3568 4161 qui

1991 4190 2143 4243 circa
2187 4186 2499 4240 Danubium
2541 4185 2888 4239 habitabant.
2925 4182 3061 4239 Cum
3096 4191 3278 4238 autem
3311 4197 3570 4253 egressus

1990 4277 2512 4346 Constantinopoli,
2559 4276 2631 4330 ad
2673 4276 2969 4345 septimum
3020 4274 3257 4329 milliare
3288 4275 3570 4345 pervenis-

1992 4380 2076 4426 set
2098 4410 2112 4434 ,
2152 4371 2319 4426 Deum
2355 4370 2468 4425 illic
2503 4383 2694 4424 orasse
2720 4367 2926 4422 dicitur
2966 4369 3021 4421 in
3051 4368 3284 4425 ecclesia
3312 4383 3475 4437 quam
3510 4368 3565 4421 in

1508 4695 1780 4752 VALESH
1823 4695 2372 4753 ANNOTATIONES.

373 4814 486 4883 (67)
518 4816 821 4883 Δαιμόνων
864 4805 1181 4880 ἐπιϐουλῇ.
1213 4812 1367 4866 Hune
1409 4810 1597 4883 locum
1624 4811 1880 4883 praeclare

1985 4811 2210 4882 δαίμων,
2248 4811 2307 4877 ἐξ
2323 4809 2612 4882 ἐπιϐουλῆς
2640 4812 2737 4882 τὴν
2770 4811 2958 4883 στάσιν
2995 4812 3264 4883 ἐκίνησεν.
3292 4811 3565 4883 Emenda-

290 4871 438 4938 mihi
470 4871 660 4938 'video'r
689 4886 1009 4940 restituisse.
1044 4871 1175 4937 Νςιῖιι
1216 4898 1340 4936 eum
1387 4883 1441 4935 in
1477 4871 1666 4936 codice
1711 4880 1881 4934 Fukep

290 4955 458 5007 tiano
489 4956 753 5024 scriptum
783 4956 1111 5009 invenissem
1141 4954 1350 5023 δαίμων
1372 4950 1686 5024 ἐπιϐουλῆς,
1707 4958 1880 5024 totum

291 5026 486 5078 locum
531 5021 1038 5081 ita'emendandum
1072 5021 1258 5095 putavi
1291 5040 1304 5076 :
1335 5021 1482 5075 οὕτω
1512 5038 1597 5084 τις
1628 5022 1882 5090 ἀλάστωρ

1990 4881 2193 4937 tionem
2230 4891 2474 4936 nostram
2510 4881 2800 4936 centirmat
2839 4881 3200 4950 Nicephorus,
3231 4882 3325 4951 qui
3375 4883 3448 4935 ita
3479 4881 3565 4936 di-

1993 4963 2137 5006 snrlc
2178 4953 2444 5021 scriptum
2502 4952 2666 5007 habet
2696 4959 2756 5005 ut
2791 4952 3157 5020 conjcceram,
3204 4951 3564 5020 quemadmo-

1991 5023 2120 5078 dum
2149 5023 2332 5078 videre
2363 5030 2446 5077 est
2472 5024 2526 5076 in
2557 5037 2676 5092 cap.
2713 5022 2781 5076 4'5
2810 5023 2904 5077 lib.
2945 5037 3042 5075 xit.

1690 5198 2076 5257 VAlilORlJM.

378 5334 403 5361 υ
436 5322 670 5391 Φάσμα.
721 5321 1282 5390 Speetrahujusmmli
1332 5336 1718 5389 nonnunqumn
1770 5320 1882 5371 visa

294 5394 485 5446 fuisse
541 5401 844 5445 memorant
891 5402 943 5445 et
997 5393 1200 5443 ethnici
1250 5392 1565 5459 scriptorcs,
1616 5392 1887 5460 praecipue

294 5462 639 5516 Plutarchus
671 5463 721 5513 in
771 5461 886 5513 Vita
926 5461 1000 5513 Μ.
1042 5462 1213 5513 Bruti.

384 5542 407 5568 ν
449 5533 809 5598 Ἀνιιγορεύει
836 5531 1100 5595 ,ϐασιλέα
1140 5530 1431 5598 Ὀνώριίιικ
1470 5528 1742 5583 Honorius
1775 5530 1883 5581 Au—

291 5610 504 5671 gustus
535 5612 751 5654 creatus
799 5617 846 5652 ιν
885 5599 1009 5653 ldus
1062 5600 1369 5671 ianuarias,
1424 5599 1879 5671 annoﬁChr.5Ll:2,

293 5668 468 5743 [intre
501 5671 811 5743 Theodosio
845 5687 900 5723 ιιι
925 5682 982 5743 et
1025 5668 1374 5743 Abundantio
1399 5670 1726 5743 coss._Soer.
1763 5671 1798 5722 l.
1833 5686 1882 5732 ν,

291 5735 433 5810 imp.
466 5741 556 5794 24.
588 5735 936 5793 Μιιιειιρηὶιιιιε
972 5741 1023 5793 in
1061 5740 1339 5794 Chronico.
1392 5739 1726 5793 Claudianus
1758 5757 1888 5810 quo-

291 5809 419 5885 que
456 5812 521 5866 de
571 5811 670 5866 hoc
704 5812 830 5880 ﬂgil,
881 5813 1210 5881 Panegyrico
1243 5812 1293 5863 in
1327 5820 1580 5880 quartum
1628 5824 1739 5864 ros.
1778 5809 1885 5863 llo-

1987 5319 2150 5382 norii,
2183 5334 2234 5371 ν.
2289 5318 2407 5380 170,
2438 5318 2683 5387 etc.,qui
2737 5319 3213 5387 Constantitmpoli
3266 5318 3315 5371 id
3361 5318 3564 5371 factum

1990 5389 2217 5449 iudicat,
2268 5405 2321 5441 ν.
2370 5388 2491 5443 177.
2542 5388 2894 5443 Goruoraen.
2942 5391 2997 5443 in
3053 5387 3402 5457 Chronologio
3440 5387 3559 5439 cod.

1992 5459 2243 5512 'I‘Iteodos.
2274 5457 2456 5512 V'erno
2488 5470 2731 5528 tempore
2750 5462 3026 5527 sequentis
3059 5460 3209 5521 anni,
3228 5473 3419 5526 nempe
3437 5458 3564 5528 594,

1987 5528 2329 5584 Theodosius
2394 5527 2661 5598 adversus
2703 5530 3002 5598 Eugenium
3055 5542 3317 5598 mm'cns,
3376 5527 3563 5580 relicta

1986 5599 2485 5667 Constantinopoli,
2524 5597 2837 5653 Heracleam
2895 5610 2946 5653 et
2984 5597 3395 5663 Adrianopolim
3441 5610 3565 5665 pro-

1987 5671 2249 5739 greditur.
2284 5668 2527 5723 Tandem
2549 5670 3032 5739 eonsertmirmtio,
3068 5669 3243 5718 rictus
3265 5680 3555 5734 cursusque

1987 5737 2070 5795 est
2100 5739 2370 5809 Eugenius
2406 5748 2670 5808 tyrannus
2714 5740 2776 5790 at!
2818 5737 3112 5809 lt'rigidnnr
3145 5748 3358 5788 amnem
3398 5750 3567 5806 pmpe

1995 5804 2319 5880 Aquileiam,
2346 5804 2534 5864 mild.
2574 5810 2845 5877 Septemb.
2878 5804 2974 5874 lti.,
3009 5804 3133 5859 ibid.
