4066 6338
605 306 736 363 ΗΩΙ

2084 308 2425 369 SOZOMENI
3660 312 3762 372 ΝΘΕ

595 434 864 492 honorem
920 433 1149 493 Joannis
1200 434 1461 507 Baptista
1506 444 1942 501 construxerat,
1998 442 2172 504 utque

2084 446 2172 504 lue
2198 435 2247 492 Δ
2274 431 2371 485 καὶ
2403 433 2691 503 Ῥωμαίοις
2734 430 2905 487 ἀπασι
2934 429 3183 500 γενέσθαι
3226 428 3323 502 τὴν
3355 428 3558 485 ἔκϐασιν
3592 434 3670 489 rei
3696 457 3768 494 πυ.

598 528 814 585 laustus
844 542 911 583 ac
941 526 1068 583 felix
1100 526 1207 584 sibi
1248 539 1303 584 et
1333 529 1606 586 exercitui
1649 538 1704 585 et
1752 526 2019 583 Romanis
2053 541 2172 580 om-

597 621 764 675 nibus
792 618 920 676 belli
951 619 1136 675 exitus
1165 620 1550 691 contingeret,
1583 619 1932 691 postulasse,
1973 622 2030 673 et
2072 613 2176 669 Ba-

597 712 822 782 ptistam
852 710 958 767 sibi
989 711 1370 766 auxiliatorem
1399 711 1713 767 invocasse.
1740 709 1867 765 Haec
1891 716 2172 779 precatus,

597 803 653 856 in
691 800 904 856 Italiam
936 801 1039 857 iter
1070 801 1229 868 fecit,
1277 818 1517 874 cuzrque
1566 803 1635 858 ad
1683 800 1851 872 Alpes
1892 800 2173 863 venisset,

563 924 570 933 -
599 894 811 965 primas
852 894 1124 951 stationes
1155 904 1414 967 occupat.
1446 897 1512 952 Et
1542 910 1668 951 cum
1700 895 1969 951 transitus
2003 892 2175 949 verti-

596 1000 714 1042 cem
751 992 1178 1056 praetergressus
1199 1027 1214 1053 ,
1238 987 1351 1057 jam
1404 984 1461 1041 in
1508 986 1783 1043 descensu
1817 992 1996 1049 esset,
2025 995 2178 1037 cam-

597 1093 730 1149 pum
781 1078 1065 1149 equitibus
1107 1094 1172 1134 ac
1211 1078 1492 1151 peditibus
1532 1078 1810 1149 oppletum
1851 1075 2019 1143 videt,
2074 1086 2177 1128 nec

598 1168 793 1240 procul
820 1170 1027 1225 multos
1053 1169 1295 1224 hostium
1324 1184 1355 1223 a
1383 1177 1540 1241 tergo
1566 1169 1622 1224 in
1655 1167 1860 1223 montis
1888 1163 2178 1221 cacumine

596 1262 822 1317 interim
849 1261 1241 1318 subsistentes.
1279 1260 1418 1318 Cum
1448 1262 1617 1332 igitur
1641 1259 1803 1330 primi
1838 1255 2176 1329 transgressi

596 1369 722 1410 cum
753 1352 1008 1409 hostibus
1035 1353 1092 1409 in
1120 1367 1316 1425 campo
1334 1368 1556 1408 manum
1582 1353 2015 1417 conseruissent,
2035 1348 2191 1404 acris.

594 1453 652 1502 et
681 1460 886 1517 anceps
917 1446 1129 1501 exstitit
1160 1461 1365 1517 pugna.
1399 1444 1577 1501 Porro
1606 1459 1734 1500 cum
1763 1444 2051 1499 exercitus
2079 1439 2177 1494 ad-

596 1538 706 1594 huc
735 1536 1183 1609 progrederetur,
1225 1538 1670 1594 animadverteris
1707 1537 2010 1607 imperator
2073 1534 2178 1588 bu-

596 1643 762 1683 mana
803 1628 1027 1699 quidem
1071 1644 1178 1701 ope
1220 1644 1352 1685 suos
1374 1630 1691 1685 nullatenus
1733 1626 2176 1697 servari‘posse,

594 1719 817 1776 tametsi
846 1720 1085 1777 maxime
1119 1721 1349 1783 vellent,
1382 1718 1833 1776 incumbentibus
1865 1733 1893 1773 a
1922 1725 2078 1789 tergo
2108 1716 2176 1771 iis

2272 523 2461 595 λέμου,
2505 523 2600 578 καὶ
2649 525 2935 597 σύμμαχον
2968 522 3117 595 αύτῷ
3143 522 3550 576 ἐπικαλέσασθαι
3594 527 3668 581 τὸν
3691 529 3766 583 Βα-

2272 611 2522 680 πτιστήν.
2596 610 2782 665 Ταῦτα
2833 612 2891 665 δὲ
2952 610 3417 684 προσευξάμενος,
3465 612 3538 675 είς
3589 615 3767 671 Ἰταλίαν

2272 700 2523 769 ἀφίκετο.
2586 702 2696 757 Καὶ
2742 703 3063 776 προσϐαλὼν
3102 705 3222 768 ταῖς
3264 701 3530 769 Ἄλπεσιν,
3571 700 3661 760 εἷλε
3695 710 3770 773 τὰς

2273 793 2498 865 πρώτας
2543 795 2806 865 φυλακάς.
2860 799 3225 870 Παραμείψας
3266 801 3322 856 δὲ
3363 802 3457 872 τῆς
3500 803 3696 874 παρόδου
3724 806 3769 859 τὸ

2273 888 2463 959 ἀκρον,
2497 887 2575 952 ὡς
2625 886 2764 959 πρὸς
2798 891 2866 962 τῇ
2910 888 3122 962 καθόδῳ
3149 891 3390 961 ἐγένετο,
3442 892 3540 948 εἶδε
3559 895 3613 949 τὸ
3634 896 3770 950 πεδίον

2275 983 2482 1054 πλῆρες
2508 983 2721 1037 ἱππέων
2745 984 2839 1037 καὶ
2865 982 3045 1050 πεζῶν
3062 1002 3077 1017 ⁸
3127 986 3230 1040 οὐκ
3253 985 3461 1042 ἄπωθεν
3481 988 3532 1041 δὲ
3561 988 3769 1042 κατάνὼ-

2275 1093 2366 1131 του
2397 1076 2626 1141 πολλοὺς
2658 1077 2769 1131 τῶν
2817 1078 3092 1150 πολεμίων
3126 1078 3183 1132 ὲν
3227 1082 3293 1150 τῇ
3326 1084 3526 1152 κορυφῇ
3547 1081 3626 1134 τοῦ
3653 1081 3773 1151 ὅρους

2274 1168 2413 1233 τέως
2437 1167 2798 1239 ἠρεμοῦντας.
2858 1170 3013 1224 Ἐπεὶ
3049 1170 3107 1223 δὲ
3151 1172 3201 1225 οί
3249 1172 3447 1243 πρῶτοι
3483 1171 3774 1243 παρελθόντες

2279 1258 2667 1328 συνεμίσγοντο
2697 1260 2808 1321 τοῖς
2838 1259 2898 1312 ὲν
2937 1259 3016 1331 τῷ
3044 1259 3213 1332 πεδίῳ
3235 1303 3251 1327 ,
3316 1262 3457 1331 μάχη
3481 1261 3688 1333 καρτερὰ
3708 1264 3776 1315 καὶ

2278 1349 2621 1421 ἀμφήριστος
2657 1350 2903 1423 ἐκινήθη.
2942 1352 3070 1405 Ἔτι
3110 1352 3167 1406 δὲ
3212 1353 3498 1424 περιούσης
3538 1354 3623 1424 τῆς
3656 1370 3778 1425 στρα-

2277 1443 2398 1506 τιᾶς
2418 1441 2552 1511 (68),
2596 1441 2950 1512 λογισάμενος
2979 1444 3104 1498 ὅσον
3142 1438 3277 1515 ἧκεν
3326 1446 3404 1509 είς
3435 1444 3694 1516 ἀνθρώπων
3713 1445 3779 1499 δύο

2279 1551 2464 1605 ναμιν,
2510 1534 2606 1588 καὶ
2640 1534 2984 1604 βουλομένοις
3019 1536 3095 1607 μὴ
3126 1535 3351 1592 δυνατὸν
3397 1535 3659 1601 σώζεσθαι,
3687 1537 3779 1589 ἐπι·

2278 1625 2575 1696 τιθεμένων
2603 1626 2713 1681 τῶν
2740 1626 2850 1680 ἀπὸ
2872 1625 2965 1681 τοῦ
2999 1627 3171 1681 νώτου
3219 1628 3320 1700 τὴν
3347 1627 3630 1700 ἀκρώρειαν
3658 1646 3781 1682 καταο

2279 1716 2574 1785 λαϐόντων,
2610 1718 2826 1791 πρηνὴς
2875 1720 2968 1773 ἐπὶ
3001 1720 3091 1774 τοῦ
3138 1720 3370 1791 ἐδάφους
3406 1718 3597 1786 πεσὼν,
3633 1720 3783 1793 ηὔχετο

596 1810 697 1883 qui
727 1809 992 1869 verticem
1018 1820 1429 1883 occupaverant
1448 1851 1463 1877 ,
1499 1826 1713 1883 pronus
1740 1810 1892 1864 bumi
1926 1782 2176 1880 abiectus

2088 1822 2176 1864 tus
2207 1782 2250 1839 Β
2277 1782 2568 1881 δακρύων(
2601 1782 2724 1865 ιςξιί
2810 1782 2813 1783 ν
2841 1810 2974 1876 Θεδς
3025 1812 3225 1866 αὐτίκα
3249 1782 3594 1884 λπήκουσεν,
3741 1812 3785 1867 τὸ

597 1919 762 1959 orare
791 1907 959 1977 erepit
987 1919 1113 1960 cum
1146 1904 1437 1977 laerymis;
1480 1903 1780 1974 statimque
1824 1901 1969 1957 Deus
2000 1901 2179 1972 preci-

597 1998 703 2055 bus
728 1995 1074 2070 ejusannuit,
1101 1994 1249 2053 sicut
1264 2002 1461 2051 eventu
1488 1996 1609 2066 ipso
1626 1993 2044 2065 comprobatum
2066 2001 2174 2049 est.

605 2088 743 2144 Nam
768 2099 1016 2147 rectores
1045 2103 1234 2144 eorum
1261 2086 1357 2159 qui
1380 2087 1585 2145 montis
1606 2087 1868 2144 verticem
1896 2086 2177 2153 tenebant,

524 2172 533 2177 ’
599 2181 789 2238 missis
818 2180 886 2237 ad
919 2180 1072 2236 illum
1114 2178 1365 2246 nuntiis,
1399 2193 1459 2235 se
1497 2179 1567 2235 ad
1611 2179 1760 2235 illius
1791 2186 1974 2251 partes
2000 2185 2179 2234 trans-

601 2273 780 2328 ituros
811 2286 937 2328 esse
962 2269 1195 2342 polliciti
1227 2277 1357 2325 sunt
1376 2312 1391 2339 ,
1425 2270 1471 2327 si
1504 2268 1916 2326 honoratiorem
1947 2269 2178 2340 gradum

598 2361 744 2433 apud
766 2362 918 2417 illum
935 2360 1179 2415 habituri
1198 2344 1550 2416 essent.'l‘um
1573 2376 1705 2417 vero
1726 2362 2180 2432 imperator,cum

597 2455 852 2510 chartam
880 2465 935 2511 et
964 2460 1335 2509 atramentum
1363 2453 1658 2524 quaesitum
1690 2469 1802 2510 non
1848 2453 2177 2525 reperisset,

599 2548 847 2619 acceptis
889 2546 1095 2602 tabulis
1127 2560 1269 2618 quas
1306 2545 1529 2617 quidam
1562 2562 1630 2602 ex
1690 2546 2005 2602 astantibus
2040 2544 2181 2602 forte

598 2639 846 2711 gerebat,
869 2639 1151 2695 honoratte
1173 2643 1228 2693 et
1250 2638 1635 2694 convenientis
1662 2637 1799 2709 ipsis
1821 2637 2030 2693 militiae
2051 2652 2175 2708 per-

599 2731 821 2800 scripsit
835 2730 998 2802 315
1015 2730 1269 2801 gradum,
1289 2744 1456 2801 quem
1477 2730 1621 2800 apud
1645 2746 1704 2788 se
1722 2738 1910 2787 essent
1935 2728 2180 2786 habituri

607 2822 654 2877 si
689 2824 963 2893 promissa
986 2821 1388 2892 implevissent.
1416 2822 1598 2892 Atque
1639 2821 1692 2876 bi
1716 2821 1939 2893 quidem
1983 2820 2181 2877 istius-

603 2915 751 2971 modi
804 2913 1223 2970 conditionibus
1263 2914 1586 2985 imperatori
1620 2928 1743 2970 sese
1782 2914 2179 2986 adiunxerunt.

599 3005 866 3062 Caeterum
888 3020 1014 3062 cum
1039 3014 1236 3062 neutra
1259 3022 1388 3079 pars
1414 3006 1596 3063 adhuc
1621 3007 1879 3074 cederet,
1901 3006 1997 3064 sed
2022 3022 2182 3079 aequo

2278 1899 2489 1955 ἀποϐάν
2530 1900 2717 1969 ἔδειξε.
2776 1901 3100 1973 Πέμψαντες
3143 1904 3256 1976 γάρ
3296 1921 3476 1968 τινας,
3528 1904 3785 1975 συμμάχους

2282 1994 2423 2064 σφᾶς
2469 1992 2685 2047 ἔσεσθαι
2723 1995 3127 2066 προσήγγειλαν
3162 1998 3212 2049 οἱ
3252 1995 3513 2068 ἡγεμόνες
3556 1996 3649 2049 τῶν
3673 2013 3786 2066 περι-

2280 2083 2606 2157 καθημένων
2632 2085 2731 2158 τὴν
2755 2087 3018 2157 ἀκραν,εί
3044 2087 3291 2158 μέλλοιεν
3323 2090 3380 2143 ὲν
3402 2091 3524 2159 τιμῇ
3555 2087 3787 2158 παράύςῷ

2279 2170 2440 2228 εἶναι.
2510 2176 2758 2230 Ἐπεὶᾶ
2795 2176 3004 2250 χάρτην
3038 2178 3132 2233 καὶ
3174 2178 3345 2250 μέλαν
3389 2177 3689 2250 ἐπιζητήσας
3717 2177 3788 2247 οὺχ

2279 2263 2428 2342 εὗρε,
2472 2269 2655 2323 δέλτον
2683 2269 2738 2324 δὲ
2789 2269 2970 2324 λαϐὼν
3002 2271 3113 2343 (69)
3164 2274 3234 2343 ἢν
3268 2272 3423 2344 ἔτυχέ
3448 2290 3526 2335 τις
3560 2270 3653 2324 τῶν
3684 2288 3790 2340 παρ-

2282 2361 2533 2418 εστώτων
2567 2362 2726 2434 ἔχων,
2762 2363 3062 2435 ἐνέγραψεν
3108 2365 3297 2429 αὐτοῖς
3330 2366 3589 2437 ὲπισήμοιι
3626 2364 3700 2417 καὶ
3720 2365 3789 2433 tip-

2284 2455 2467 2527 μοδίου
2502 2457 2761 2530 στρατιᾶς
2788 2453 2940 2521 τάξιν
2963 2456 3096 2528 (70),
3134 2457 3202 2528 ῆν
3230 2456 3409 2523 ἕξουσι
3440 2460 3559 2528 παρ’
3582 2456 3704 2526 αύτῷ
3721 2454 3789 2524 τὴν

2283 2548 2573 2619 ὑπόσχεσιν
2612 2546 2964 2620 πληροῦντες.
3022 2548 3130 2602 Καὶ
3176 2550 3227 2603 οί
3263 2549 3363 2620 μὲν
3408 2550 3496 2603 ἐπὶ
3520 2547 3695 2612 τούτοις
3736 2545 3791 2615 τῷ

2284 2641 2495 2713 βασιλεῖ
2544 2640 2991 2716 προσεχώρησαν.
3054 2642 3144 2714 Μή
3184 2658 3273 2695 πω
3301 2641 3357 2696 δὲ
3397 2641 3605 2713 θατέρου
3642 2639 3791 2709 μέρους

2283 2733 2581 2798 κλίναντος,
2631 2731 2748 2787 ἀλλ’
2775 2732 2856 2786 ἔτι
2884 2732 2980 2804 τῆς
3013 2734 3071 2785 ἐν
3106 2732 3279 2804 πεδίῳ
3320 2732 3493 2804 μάχης
3519 2726 3791 2799 ἑκατέρωθεν

2287 2823 2602 2894 ίσαζούσης,
2632 2822 3044 2893 ἀντιπρόσωπος
3076 2826 3192 2887 τοῖς
3235 2820 3495 2885 ἐναντίοις
3520 2818 3671 2890 ἐμϐὰς
3703 2816 3791 2870 άνε-

2286 2931 2387 2986 μος
2415 2913 2671 2979 ἐξαίσιος,
2727 2914 2822 2966 καὶ
2859 2909 2972 2967 οἷον
2998 2911 3149 2966 οὔπω
3188 2912 3454 2985 πρότερον
3476 2910 3791 2981 ἱστορήσαμεν,

2281 3008 2490 3062 διέλυσε
2510 3006 2608 3071 τάς
2625 3006 2734 3060 τῶν
2754 3004 3028 3077 πολεμίων
3054 3004 3260 3073 τάξεις.
3289 3005 3425 3075 Βέλη
3445 3004 3497 3057 δὲ
3524 3003 3607 3056 καὶ
3625 2998 3794 3055 ἀκόντια

601 3097 776 3155 Marte
791 3097 1052 3169 utrinque
1068 3099 1278 3155 acriter
1302 3106 1666 3170 pugnaretur,
1688 3107 1887 3157 ventus
1911 3101 2104 3169 ingens
2126 3108 2181 3156 et

2084 3108 2182 3157 set
2210 3120 2252 3179 ο
2285 3099 2427 3154 κατά
2471 3097 2755 3170 Ῥωμαίων
2804 3096 3166 3169 πεμπόμενα,
3212 3097 3292 3161 ὡς
3337 3093 3632 3157 ἀντιτύποις
3670 3105 3795 3162 προσ-

600 3191 818 3263 qualem
842 3197 1005 3246 antea
1034 3205 1318 3263 nunquam
1343 3190 1524 3248 fuisse
1549 3191 1829 3257 novimus,
1856 3208 1922 3249 ex
1948 3192 2186 3249 adverso

600 3286 657 3339 in
692 3284 879 3340 hostes
909 3283 1154 3349 irruens,
1180 3299 1374 3339 eorum
1401 3285 1631 3341 ordines
1660 3284 1997 3341 disturbavit
2023 3324 2038 3349 ,
2077 3284 2186 3339 tela

599 3390 735 3431 vero
780 3382 836 3431 et
865 3374 1053 3445 iacula
1087 3388 1210 3445 qua;
1255 3373 1313 3429 in
1364 3374 1648 3431 Romanos
1687 3375 1941 3445 conjecta
1989 3383 2184 3440 erant,

602 3463 838 3534 perinde
877 3476 944 3518 ac
981 3462 1029 3518 si
1070 3463 1271 3520 solidis
1311 3464 1643 3535 corporibus
1684 3465 1832 3521 illisa
1869 3475 2097 3532 essent,
2131 3467 2184 3522 in

600 3558 723 3627 ipsa
750 3555 1118 3625 iaculantium
1153 3570 1389 3627 corpora
1426 3559 1675 3614 retorsit.
1718 3557 1891 3615 Scuta
1944 3559 2189 3632 denique

600 3663 670 3704 ex
702 3661 901 3702 eorum
933 3644 1196 3703 manibus
1221 3646 1446 3717 abrepta
1468 3688 1484 3714 ,
1517 3663 1644 3703 cum
1674 3649 1938 3707 sordibus
1968 3665 2034 3705 ac
2065 3652 2186 3722 pul-

603 3753 737 3795 vere
770 3737 830 3794 in
862 3736 1013 3807 ipsos
1043 3737 1340 3795 contorsit.
1376 3738 1569 3811 Itaque
1597 3741 1771 3798 armis
1818 3742 2051 3811 nudati,
2093 3743 2185 3799 alii

602 3844 738 3886 vero
770 3827 838 3883 ad
876 3828 1154 3885 modicum
1184 3836 1405 3900 tempus
1434 3829 1563 3904 fuga
1594 3832 1800 3903 elapsi,
1837 3833 1984 3890 baud
2012 3834 2187 3890 multo

602 3929 728 3991 post
759 3919 911 3992 capti
946 3917 1126 3976 fuere.
1164 3918 1447 3992 Eugenius
1484 3930 1669 3977 autem
1704 3922 1772 3978 ad
1808 3922 1978 3993 pedes
2016 3923 2187 3994 impe-

600 4012 808 4067 ratoris
837 4012 1199 4081 provolutus,
1230 4021 1291 4067 ut
1326 4013 1437 4068 vita
1470 4013 1576 4085 ipsi
1617 4015 2023 4071 concederetur
2062 4032 2186 4071 ora-

599 4107 734 4175 bat;
771 4106 870 4162 sed
898 4106 1031 4162 dum
1066 4107 1446 4177 supplicaret,
1485 4124 1512 4162 a
1543 4108 1784 4180 quodam
1820 4124 1887 4166 ex
1918 4109 2186 4167 militibus

600 4199 786 4270 capite
814 4206 1109 4254 truncatus
1137 4206 1245 4255 est.
1288 4199 1629 4270 Arbogastes
1659 4216 1827 4265 vero,
1871 4211 1998 4271 post
2041 4215 2189 4271 proe-

601 4290 739 4344 lium
789 4288 1041 4359 l'ugiens,
1105 4304 1207 4345 sua
1258 4305 1321 4345 se
1367 4306 1533 4345 manu
1580 4290 1880 4346 interemit.
1919 4290 2090 4347 Porro
2119 4306 2186 4346 eo

601 4380 724 4450 ipso
753 4388 1001 4450 tempore
1029 4396 1141 4450 quo
1170 4396 1352 4452 pugna
1377 4382 1855 4447 committebatur,
1894 4384 2050 4436 aiunt
2079 4382 2186 4437 dte-

2287 3190 2580 3255 6άλλοντα,
2611 3192 2691 3255 είς
2721 3190 2789 3245 τὰ
2816 3189 2923 3243 τῶν
2949 3189 3348 3253 ἀκοντιζόντων
3379 3187 3697 3259 περιέστρεφε
3721 3179 3796 3234 σώ-

2290 3300 2457 3356 ματα.
2488 3284 2599 3337 Καὶ
2623 3282 2721 3346 τάς
2766 3281 2998 3345 ἀσπίδας
3025 3278 3355 3351 ἐξαρπάζων
3382 3278 3485 3333 τῶν
3519 3274 3706 3349 χειρῶν,
3728 3272 3796 3324 σὺν

2288 3373 2505 3447 φορυτῷ
2537 3373 2633 3427 καὶ
2660 3372 2922 3444 κονιορτῷ
2954 3374 3074 3427 κατ’
3101 3372 3287 3427 αὐτῶν
3316 3370 3512 3427 ἐκύλιε.
3543 3363 3795 3438 Γυμνωθέν·

2286 3486 2375 3532 τες
2404 3468 2461 3521 δὲ
2486 3466 2598 3522 τῶν
2630 3466 2833 3531 ὅπλων,
2873 3467 2923 3520 οἱ
2970 3466 3068 3536 μὲν
3098 3466 3326 3528 πλείους
3351 3463 3542 3519 αὐτίκα
3565 3457 3798 3530 διεφθάρη·

2288 3577 2411 3624 σαν,
2447 3560 2497 3614 al
2541 3558 2600 3613 δὲ
2644 3559 2779 3630 πρὸς
2805 3557 2987 3627 ὀλίγον
3028 3559 3177 3629 φυγῇ
3204 3556 3586 3618 διασωθέντες,
3627 3548 3720 3620 μετ’
3752 3545 3795 3598 οὗ

2288 3650 2421 3707 πολὺ
2470 3650 2711 3721 ἥλωσαν.
2762 3648 3017 3717 Εὐγένιος
3055 3646 3134 3709 δὲ,
3178 3642 3543 3718 προσδραμὼν
3581 3641 3675 3701 rei;
3705 3633 3797 3691 ποσὶ

2285 3741 2379 3796 τοῦ
2411 3739 2699 3812 βασιλέως,
2743 3740 2913 3794 ἐδεῖτο
2958 3736 3253 3804 σώζεσθαι.
3318 3738 3405 3792 Ἑν
3452 3729 3496 3804 ᾧ
3540 3734 3592 3788 δὲ
3621 3731 3796 3787 ἱκέτευε,

2287 3834 2426 3906 πρός
2469 3851 2562 3887 του
2609 3832 2717 3887 τῶν
2755 3832 3102 3905 στρατιωτῶν
3131 3832 3233 3903 τὴν
3267 3830 3507 3902 κεφαλὴν
3547 3819 3794 3894 ἀπετμήθηο

2300 3925 2667 3997 Ἀρὸογάστης
2712 3924 2769 3978 δὲ
2817 3923 3034 3995 φεύγων
3069 3924 3212 3994 μετά
3249 3924 3350 3995 τὴν
3376 3923 3566 3994 μάχην,
3600 3917 3797 3984 αὐτόχειρ

2288 4018 2483 4073 ἑαυτοῦ
2513 4018 2724 4088 γέγονε.
2778 4017 3011 4087 Λέγεται
3050 4017 3108 4071 δὲ
3149 4017 3276 4074 καθ’
3323 4016 3384 4070 ὃν
3425 4013 3599 4085 καιρὸν
3622 4002 3757 4067 ,οὗτος
3774 4002 3795 4053 δ

2290 4111 2524 4181 πόλεμος
2555 4111 2931 4184 συνεκρπεῖτο
2950 4149 2966 4177 ,
3020 4108 3095 4173 ὼς
3124 4110 3181 4161 ὲν
3233 4107 3318 4180 τῷ
3363 4107 3466 4178 νεῷ
3493 4104 3578 4158 τοῦ
3608 4096 3717 4155 Θεοῦ

2288 4202 2346 4255 έν
2372 4201 2450 4274 τῷ
2490 4202 2756 4273 Ἐδδόμφ,
2784 4199 3211 4273 οὗπροσηύξατο
3229 4202 3258 4253 ὁ
3278 4199 3528 4270 βασιλεὺς
3554 4188 3795 4259 sitiam“:-

2291 4294 2471 4367 μονῶν
2516 4312 2602 4358 τις
2647 4293 3018 4364 ἀναρπασθεὶς
3064 4293 3383 4364 μετάρσιος,
3425 4290 3516 4343 τὸν
3552 4278 3794 4348 Βαπτιστὴν

2301 4390 2557 4460 Ἰωάννην
2587 4387 2927 4459 ἐλοιδορεῖτο,
2978 4386 3072 4441 καὶ
3098 4386 3173 4451 ὡς
3217 4386 3321 4457 τῆς
3350 4382 3580 4455 κεφαλῆς
3601 4381 3793 4444 ἀποτμη·

604 4473 926 4527 moniacum
963 4471 1258 4543 quemdam
1289 4474 1343 4527 in
1374 4475 1577 4544 templo
1630 4474 1723 4530 Dei
1770 4476 1919 4545 quod
1960 4484 2081 4531 erat
2125 4477 2179 4530 in

2125 4477 2179 4530 in
2215 4480 2258 4535 D
2288 4478 2448 4534 θέντα
2486 4479 2748 4546 ὠνείδιζε,
2789 4480 2884 4533 καὶ
2929 4478 3162 4533 ἁνεδόαο
3209 4477 3286 4532 Σύ
3338 4495 3405 4549 με
3451 4476 3611 4545 νικᾷς,
3651 4468 3724 4523 καὶ
3748 4463 3793 4531 τῇ

605 4560 855 4631 Septimo
879 4599 897 4626 ,
931 4559 989 4615 in
1022 4576 1134 4632 quo
1163 4563 1464 4633 imperator
1492 4564 1557 4619 ad
1593 4564 1794 4619 bellum
1827 4566 2188 4636 proﬁciscens

603 4666 802 4722 preces
832 4650 1092 4721 fuderat,
1136 4669 1166 4708 a
1207 4654 1460 4711 daemone
1498 4656 1793 4711 sublimem
1836 4667 2055 4728 raptum
2093 4657 2187 4712 Jo-

604 4742 738 4796 anni
771 4742 1031 4814 Baptistae
1057 4744 1432 4799 conviciatum
1465 4761 1588 4800 esse
1610 4785 1624 4808 ,
1655 4746 1891 4817 etimquc
1919 4756 2182 4818 tanquam

603 4833 790 4902 capite
835 4841 1155 4889 truncatum
1181 4874 1195 4898 ,
1238 4835 1461 4906 probris
1496 4838 1792 4907 appetiisse
1818 4880 1832 4902 ,
1873 4837 1945 4892 ita
1981 4839 2188 4893 vocife-

607 4924 784 4979 rando
809 4944 822 4978 :
852 4923 935 4979 Tu
968 4940 1057 4981 me
1084 4925 1299 4995 vincis,
1337 4934 1392 4981 et
1418 4928 1688 4982 exercitui
1718 4944 1841 4983 meo
1872 4928 2179 4987 insidiaris.

602 5013 673 5070 Hi
708 5029 840 5071 vero
874 5016 969 5086 qui
1006 5016 1238 5073 aderant
1263 5058 1278 5083 ,
1320 5034 1447 5074 cum
1474 5060 1490 5086 ,
1528 5028 1588 5074 ut
1635 5020 1904 5075 credibile
1944 5031 2061 5088 est,
2101 5024 2185 5079 in-

2289 4572 2396 4641 ὲμῇ
2432 4572 2661 4643 στρατιᾷ
2689 4568 3080 4633 ἐπιϐουλεύεις.
3131 4568 3196 4623 οι
3243 4568 3305 4623 δὲ
3350 4555 3795 4638 περιτυχόντες,ὼς

2288 4662 2457 4726 εἰκὸς,
2491 4660 2691 4733 πολλῆς
2718 4660 2883 4733 οὔσης
2919 4659 3049 4731 περὶ
3073 4659 3167 4713 τοῦ
3201 4660 3443 4730 πολέμου
3472 4652 3679 4721 σποῶς
3701 4644 3795 4733 νεῴ·

2287 4751 2445 4822 τερόν
2476 4767 2529 4803 τι
2559 4749 2779 4803 ἀκούειν
2807 4749 2902 4802 καὶ
2926 4747 3128 4817 λέγειν,
3173 4746 3608 4814 καταπλαγέντες
3624 4731 3796 4803 ἁνετρά·

2286 4842 2457 4915 ψαντο
2498 4842 2596 4913 τὴν
2643 4842 2893 4915 ἡμέραν,
2950 4841 3070 4895 καθ’
3104 4840 3172 4912 ἧν
3216 4839 3467 4911 γενέσθαι
3516 4836 3575 4888 τά
3613 4822 3796 4900 asplth

2290 4934 2527 5005 πόλεμον
2554 4932 2654 4986 οὐκ
2685 4934 2766 4997 είς
2794 4931 3012 5003 μακρὰν
3037 4930 3283 5001 ἔγνωσαν
3311 4927 3461 4999 παρὰ
3483 4925 3580 4978 τῶν
3601 4929 3796 4977 κοινωνη-

2291 5024 2499 5077 σάντων
2527 5025 2593 5093 τῇ
2628 5024 2798 5096 μάχῃ.
2834 5022 2942 5076 Καὶ
2976 5022 3045 5077 τά
3079 5019 3178 5092 μὲν
3204 5014 3312 5074 ὧδε
3337 5016 3580 5089 γενέσθαι
3608 5010 3749 5076 1670;-

603 5124 740 5182 gens
782 5111 1029 5169 omnium
1070 5112 1318 5169 studium
1361 5125 1510 5173 esset
1561 5117 1629 5172 de
1672 5116 1776 5172 hoc
1819 5116 2000 5185 bello,
2047 5128 2107 5174 ut
2138 5119 2345 5192 aliquid
2378 5120 2503 5174 novi
2530 5118 2788 5174 audirent
2816 5132 2881 5172 ac
2915 5115 3198 5182 dicerent,
3230 5108 3587 5184 obstupefacti
3621 5104 3736 5159 diem
3763 5100 3798 5149 in

1713 5333 1721 5342 -
1795 5307 2064 5364 VALESII
2096 5306 2656 5366 ANNOTATIONES.

678 5482 800 5567 (68).
851 5484 980 5538 Ἔτι
1015 5484 1083 5567 es
1132 5489 1464 5567 περιούσης
1525 5487 1987 5567 τῆςρζραζςᾷς.
2018 5488 2181 5567 ‘Lego

2084 5504 2187 5561 ego
2294 5488 2413 5567 ἶίιιιιι
2444 5488 2593 5567 e_:_:im_
2634 5504 2798 5567 supra
2827 5488 3036 5557 monui,
3090 5483 3291 5557 sacpius
3344 5490 3613 5555 peccatum
3650 5480 3793 5529 σεεμ

604 5551 928 5679 παριούσέὃ,
959 5554 1040 5610 vel
1066 5551 1219 5613 cette
1250 5551 1543 5631 κατιούσης
1570 5551 1628 5613 ut
1656 5551 1818 5615 habet
1844 5551 2187 5630 Nicephorus

606 5641 659 5676 111
695 5639 814 5679 CllD.
922 5668 931 5679 .

606 5641 659 5676 Ill
695 5639 814 5681 ειη).
841 5639 931 5681 ου.

678 5692 1037 5771 (69)Ιᾼέ.ιτον
1062 5696 1129 5771 δὲ
1154 5698 1377 5771 λαϐὼν.
1406 5698 1577 5771 Nemo
1606 5708 1709 5760 est,
1740 5708 1798 5754 ut
1840 5702 2056 5769 opinor,
2085 5703 2180 5771 qui

606 5776 717 5818 non
757 5762 935 5820 videat
970 5768 1318 5826 scribendum
1352 5787 1472 5828 esse
1496 5770 1673 5826 δέλτον
1709 5771 1771 5843 δὴ
1825 5762 2176 5843 liam/{cita

2294 5560 2539 5615 librariis
2582 5559 2634 5613 in
2671 5560 2772 5616 bat;
2797 5575 2948 5614 voce.
3372 5624 3405 5627 Α,
3717 5613 3726 5627 ,

2364 5630 2475 5699 (70)
2510 5630 2794 5697 Στρατιᾱς
2818 5629 3008 5692 τάξιν.
3034 5627 3256 5699 Mallem
3274 5624 3515 5681 scribere
3542 5624 3791 5699 creauit?

2294 5700 2344 5753 id
2370 5690 2468 5823 ‘tl‘sl:
2492 5690 2738 5756 ordinem
2770 5690 3013 5766 militiae;
3045 5696 3271 5769 στρατιά
3306 5712 3433 5752 vero
3454 5690 3717 5748 exert‘il'h"
3738 5690 3791 5732 5“

2294 5787 2376 5823 mn
2404 5771 2527 5823 ἱροί.

2291 5786 2527 5842 gmucat.
