4066 6338
344 322 491 383 1493·

1307 318 1630 377 HISTORIA
1667 291 2218 375 ecetesmsrtca.
2250 350 2320 360 -
2358 318 2485 375 LIB.
2528 316 2639 376 vu.

3466 310 3639 370 “(15-

336 448 530 498 eharta
570 444 1014 515 perscripserunt
1041 461 1057 511 ;
1086 445 1261 514 eoque
1294 444 1413 514 ipso
1444 444 1534 498 die
1560 442 1812 513 prcelium
1841 440 2047 496 factum
2072 456 2230 505 esse,
2257 440 2404 496 haud
2435 442 2610 497 multo
2632 447 2762 512 post
2791 455 2856 498 ex
2887 440 2951 497 iis
2989 439 3082 510 qui
3117 437 3313 511 prmlio
3341 436 3603 492 interfue-

338 549 469 595 runt
494 537 828 594 didicerunt.
862 537 1039 607 Atque
1069 536 1183 591 haec
1218 536 1441 605 quidem
1475 537 1528 590 in
1565 536 1712 590 hunc
1743 534 1965 590 modum
1994 542 2147 605 gesta
2183 550 2312 592 esse
2341 536 2627 591 dicuntur.

920 631 1170 685 ΚΕΦΑΛ.
1209 630 1334 685 κε’.

338 720 475 787 Περὶ
530 718 641 788 τῆς
698 720 847 788 πρὸς
888 720 1157 784 ,βασιλέα
1211 720 1536 790 Θεοδόσιον
1586 720 1691 774 τοῦ
1751 720 1924 790 ἁγίου

422 792 765 859 ἈμϐροσίΟυ
792 792 1165 860 πῷρησίας,
1221 790 1320 844 καὶ
1345 789 1459 860 τοῦ,
1480 791 1674 859 φόνου
1711 789 1831 843 τῶν
1855 791 1925 844 ἐν

410 861 831 928 Θεσσαλονίκῃ
851 877 864 889 °
917 860 1016 932 καὶ
1042 859 1321 932 διήγησις
1368 859 1475 915 τοῦ
1514 860 1687 929 ἁγίου
1710 860 1924 915 τούτου

408 932 626 1000 ἐτέρων
652 930 1136 1000 κατορθωμάτων.

409 1022 564 1078 Μετά
591 1023 647 1077 δέ
673 1021 771 1095 τὴν
802 1022 1061 1091 Εὖγενίου
1095 1021 1433 1093 καθαίρεσιν,
1478 1021 1807 1093 ἀφικόμενος
1845 1023 1924 1086 είς
1978 1092 1993 1105 ε

340 1115 666 1170 Μεδιόλανον
701 1116 732 1168 ό
764 1114 1036 1185 βασιλεὺς,
1071 1109 1209 1187 ἦκεν
1235 1116 1316 1178 είς
1337 1114 1437 1186 τὴν
1469 1114 1764 1185 ἐκκλησίαν
1827 1114 1923 1168 εὑ-

340 1209 581 1279 ξόμενος.
642 1209 731 1272 Ὧς
760 1207 817 1261 δέ
850 1208 985 1280 πρδς
1014 1209 1132 1271 ταῖς
1165 1206 1358 1279 θύραις
1389 1206 1625 1277 ἐγένετο,
1655 1206 1925 1277 ὑπήντετο

352 1301 675 1372 Ἀμῦρόσιος
700 1314 726 1342 ι
772 1301 803 1354 ό
845 1301 946 1371 τῆς
987 1299 1197 1365 πόλεως
1240 1298 1571 1365 ἐπίσκοποςσ
1622 1299 1717 1354 καὶ
1761 1298 1925 1353 λαϐό-

342 1407 503 1460 μενος
527 1393 627 1461 τῆς
653 1390 970 1462 ἀλουργίδος
995 1390 1087 1444 ἐπὶ
1107 1390 1202 1444 τοῦ
1227 1390 1483 1461 πλήθους,
1500 1388 1773 1462 Ἐπίσχες,
1793 1390 1918 1462 ἔφη.

352 1481 534 1554 Ἀνδρὶ
577 1481 686 1553 γὰρ
731 1481 838 1536 ὑπὸ
884 1482 1158 1554 ἁμαρτίας
1186 1480 1428 1553 βεϐήλῳ,
1482 1482 1702 1548 καὶτὰς
1736 1485 1923 1555 χεῖρας

338 1572 667 1644 ᾑμαγμένας
684 1574 787 1629 οὐκ
814 1575 872 1627 ἐν
900 1575 1027 1648 δίκῃ
1058 1574 1255 1646 ἔχοντι,
1282 1576 1341 1629 οὗ
1370 1574 1592 1646 θεμιτὸν
1620 1576 1727 1647 πρὸ
1760 1593 1925 1647 μετα-

338 1667 487 1731 νοίας
517 1667 618 1736 τῆς
649 1668 743 1722 τοῦ
778 1670 923 1741 ίεροῦ
962 1670 1262 1724 ἐπιϐαίνειν
1289 1670 1443 1725 οὐδοῦ
1473 1669 1582 1742 (71)
1602 1712 1617 1738 ,
1647 1670 1681 1742 ἢ
1717 1687 1924 1742 μυστη-

306 1824 318 1845 ‹
343 1759 472 1829 ρίων
506 1760 666 1814 θείων
693 1764 989 1818 κοινωνεῖν.
1048 1763 1108 1817 Ὀ
1134 1764 1192 1817 δὲ
1221 1762 1477 1834 βασιλεὺς
1520 1762 1808 1834 θαυμάσας
1831 1762 1924 1817 τὸν

340 1848 493 1919 ἱερέα
517 1848 618 1921 τῆς
650 1851 988 1923 παρρησίας,
1021 1852 1247 1917 σύννους
1268 1853 1528 1922 γεγονὼς,
1556 1853 1920 1925 ὑπέστρεφεν,

341 1940 447 2040 ὑπο
467 1943 567 2013 τῆς
586 1943 873 2013 μετανοίας
892 1943 1272 2040 κεντούμενος.
1299 1940 1408 1998 Ἦν
1433 1943 1492 1997 δὲ
1517 1944 1618 2014 τῆς
1648 1944 1924 2015 ἁμαρτίας
1950 1984 1996 2040 Β

340 2031 615 2102 πρόφασις
659 2032 860 2088 τοιάδεο
923 2030 1249 2106 Βουθέρίκου
1300 2034 1413 2106 (72)
1463 2034 1559 2090 τοῦ
1614 2036 1920 2107 ἡγουμένου

340 2125 460 2178 τότε
485 2123 594 2179 τῶν
616 2128 745 2198 παρ’
775 2126 1056 2199 Ἰλλυριοῖς
1079 2129 1425 2200 στρατιωτῶν
1441 2129 1657 2203 ἡνίοχος
1670 2130 1762 2185 τὸν
1780 2130 1921 2186 οινο-

341 2217 465 2286 χόον
505 2218 747 2289 αίσχρῶς
806 2218 950 2284 ἰδὼν,
996 2221 1277 2293 ἐπείρασε.
1341 2222 1453 2277 Καὶ
1500 2223 1827 2295 συλληφθεὶς
1863 2225 1924 2282 ἐν

340 2310 556 2380 φρουρᾷ
582 2305 670 2380 ἦν.
719 2311 1022 2382 Ἐπισήμου
1054 2312 1113 2367 δὲ
1159 2314 1525 2386 ἱπποδρομίας
1555 2317 1921 2373 ἐπιτελεῖσθαι

344 2396 662 2469 μελλούσης,
705 2400 780 2459 ὡς
829 2403 1129 2472 ἀναγκαῖον
1160 2406 1239 2470 είς
1289 2406 1387 2479 τὴν
1437 2408 1679 2477 ἀγωνίαν
1725 2413 1754 2465 ὁ
1783 2411 1921 2464 Θεσ-

343 2488 669 2547 σαλονικέων
733 2493 906 2564 δῆμος
952 2497 1138 2568 ἐζήτει
1190 2499 1489 2567 ἀφίεσθαι·
1544 2501 1620 2566 ὡς
1671 2503 1728 2557 δέ
1770 2503 1923 2557 οὐδὲν

340 2580 523 2651 ήνυεν,
542 2584 623 2645 εἰς
639 2583 879 2658 χαλεπὴν
900 2587 1135 2659 κατέστη
1154 2590 1368 2656 στάσιν,
1387 2592 1482 2644 καὶ
1504 2591 1919 2666 τελευτῶνίπι),

340 2672 433 2727 τὸν
452 2674 782 2749 Βουθερίχαν
807 2678 1008 2735 ἀνεῖλε.
1061 2681 1172 2735 Καὶ
1201 2682 1323 2736 ἐπεὶ
1366 2684 1495 2737 τάδε
1542 2685 1808 2757 ἐμηνύθη,
1843 2688 1924 2752 είς

341 2762 581 2837 ἄμετρον
605 2767 773 2842 ὀργὴν
801 2769 1060 2840 ἐμπεσὼν
1083 2772 1110 2825 έ
1136 2771 1411 2842 βασιλεὺς,
1435 2774 1596 2845 ῥητὸν
1619 2776 1730 2830 τῶν
1756 2794 1924 2849 προσ-

342 2858 717 2928 τυγχανόντων
742 2860 971 2932 ἀριθμδν
993 2871 1023 2912 !
1041 2864 1389 2935 ἀναιρεθῆναι
1417 2866 1769 2937 προσέταξεν.
1804 2870 1923 2923 Ἐν·

342 2948 534 3003 τεῦθεν
559 2951 617 3005 δέ
657 2952 869 3007 πολλῶν
911 2955 1110 3010 ἀδίκων
1135 2957 1440 3031 ἐνεπλήσθη
1474 2958 1652 3030 φόνων
1680 2962 1714 3030 ἡ
1748 2960 1923 3024 πόλις.

311 3038 496 3093 -Ξένοι
527 3058 587 3094 τε
628 3042 735 3116 γὰρ
766 3045 967 3099 αὐτίκα
1012 3047 1510 3118 προσπλεύσαντες,
1567 3051 1665 3104 καὶ
1704 3050 1764 3117 ἐξ
1803 3049 1924 3105 ὁδοῦ

341 3132 688 3203 ἀφικόμενοι,
736 3135 1018 3208 ἀδοκήτως
1051 3136 1291 3209 ἥλωσαν.
1362 3141 1474 3194 Καὶ
1528 3140 1677 3213 πάθη
1716 3142 1925 3198 ἐλεεινὰ

344 3222 577 3299 συνέϐη,
632 3225 691 3277 ἐν
731 3221 814 3290 οἷς
847 3226 941 3280 καὶ
971 3226 1091 3280 τόδε
1115 3244 1128 3258 ’
1176 3228 1416 3299 ἔμπορος
1449 3230 1571 3283 ἀντὶ
1597 3231 1690 3285 δύο
1722 3232 1926 3289 παίδων

1948 635 1995 690 Α

2626 630 2782 685 CAP.
2825 629 2991 683 XXV.

2030 718 2104 773 De
2133 720 2274 774 beati
2304 720 2569 774 Ambrosii
2609 721 2662 774 in
2703 720 2960 791 loquendo
3000 720 3278 776 libertate.
3329 735 3435 789 qua
3478 735 3608 774 usus

2095 800 2174 860 est
2232 807 2358 858 erga
2397 790 2773 860 imperatorem
2814 790 3205 845 Theodosium:
3253 800 3303 844 et
3352 792 3416 844 de
3466 792 3608 844 code
3671 851 3679 858 ,

2099 858 2688 923 Thessalonicensium;
2728 862 2849 915 item
2877 860 2940 914 de
2992 860 3115 913 aliis
3164 860 3314 914 rebus
3351 878 3381 913 η
3424 870 3607 913 sancto

2096 929 2192 984 illo
2227 932 2338 984 viro
2371 931 2631 1000 praeclare
2656 932 2839 1001 gestis.

2093 1016 2230 1076 Post
2291 1019 2517 1091 Eugenii
2582 1037 2820 1089 necem,
2878 1021 3181 1092 imperator
3238 1019 3606 1076 Mediolanum

2025 1111 2356 1182 ingressus,
2404 1112 2600 1168 orandi
2645 1128 2815 1170 causa
2858 1112 2925 1167 ad
2967 1112 3259 1169 ecclesiam
3309 1112 3604 1182 processit.

2024 1203 2277 1274 Cumque
2305 1203 2374 1258 ad
2416 1201 2567 1260 fores
2595 1205 2858 1269 venisset,
2880 1204 3129 1260 occurrit
3161 1204 3211 1260 ei
3243 1204 3600 1265 Ambrosius.
3643 1204 3650 1211 ’

2025 1293 2270 1349 civitatis
2323 1294 2658 1366 episcopus;
2709 1305 2764 1351 et
2815 1295 3158 1367 apprehensa
3199 1293 3321 1364 ejus
3361 1309 3607 1365 purpura

2025 1400 2213 1441 coram
2242 1386 2396 1441 omni
2445 1387 2845 1443 multitudine:
2889 1384 3043 1444 Siste
3085 1386 3354 1460 gradum,
3403 1386 3603 1456 inquit.

2024 1476 2251 1533 llomini
2279 1477 2427 1533 enim
2454 1478 2529 1535 ob
2555 1477 2761 1534 delicta
2791 1477 3025 1550 profano
3044 1519 3058 1542 ,
3091 1485 3146 1534 et
3172 1493 3371 1534 manus
3400 1477 3607 1549 injusta

2026 1570 2176 1625 czede
2206 1568 2449 1641 pollutas
2483 1568 2695 1639 gerenti
2732 1576 2861 1624 ante
2890 1569 3273 1641 paenitentiam
3306 1577 3484 1623 actam
3518 1583 3611 1624 sa-

2025 1675 2183 1717 crum
2234 1660 2407 1716 limen
2458 1660 2670 1716 intrare
2713 1674 2824 1715 non
2864 1660 3025 1727 licet,
3063 1676 3167 1716 nec
3211 1661 3277 1716 ad
3321 1675 3607 1716 sacrorum

2026 1752 2427 1825 mysteriorum
2466 1752 2918 1809 communionem
2957 1753 3242 1809 accedere.
3290 1752 3429 1807 Tum
3477 1768 3609 1808 vero

2025 1846 2357 1923 imperator,
2381 1846 2548 1918 316
2576 1846 2885 1902 sacerdotis
2916 1846 3232 1902 libertatem
3266 1845 3569 1901 admiratus
3591 1888 3605 1910 ,

2024 1937 2092 1993 ad
2129 1952 2190 1993 se
2222 1938 2426 2004 rediit,
2469 1948 2525 1995 et
2563 1938 2904 2011 paenitentiae
2946 1939 3189 1995 stimulis
3241 1944 3611 2009 compunctus

2023 2029 2319 2085 abscessit.
2349 2028 2573 2086 Peccati
2601 2046 2734 2087 vero
2760 2031 2876 2086 hinc
2909 2030 3087 2086 fuerat
3116 2030 3378 2086 occasio:
3406 2028 3611 2083 Bothe-

2023 2121 2124 2177 rici
2169 2137 2235 2177 eo
2276 2130 2533 2194 tempore
2576 2121 2832 2194 magistri
2882 2122 3121 2177 militum
3176 2136 3277 2193 per
3329 2120 3611 2192 Illyricum

2022 2216 2343 2286 pincernam
2365 2256 2380 2282 ,
2412 2215 2606 2287 auriga
2636 2228 2828 2271 amore
2866 2213 2992 2284 ejus
3032 2221 3229 2284 captus
3254 2254 3268 2280 ,
3307 2211 3376 2267 de
3415 2221 3615 2282 stupro

2024 2306 2425 2364 sollicitaverat
2451 2324 2469 2375 ;
2517 2322 2753 2378 eamque
2783 2306 2855 2363 ob
2884 2320 3110 2362 causam
3141 2304 3603 2376 comprehensus.

2025 2400 2080 2454 in
2110 2399 2365 2456 custodia
2396 2399 2713 2456 tenebatur.
2739 2399 2881 2455 Cum
2905 2405 3087 2454 autem
3118 2398 3305 2453 nobile
3335 2410 3606 2467 equorum

2024 2497 2304 2547 certamen
2336 2489 2391 2544 in
2424 2489 2592 2546 Circo
2622 2489 2897 2548 edendum
2932 2497 3115 2553 esset,
3151 2488 3387 2558 pepulus
3440 2487 3608 2542 Thes-

2025 2583 2392 2640 salonicensis
2451 2585 2790 2655 postulavit,
2839 2592 2899 2638 ut
2944 2585 2993 2639 is
3044 2593 3304 2653 tanquam
3351 2580 3419 2636 ad
3470 2580 3616 2634 illud

2024 2684 2304 2732 certamen
2336 2676 2694 2732 necessarius
2743 2676 3145 2733 dimitteretur.
3177 2674 3285 2732 Sed
3316 2690 3440 2731 cum
3467 2674 3604 2730 nihil

2027 2769 2349 2841 proliceret,
2384 2771 2773 2841 gravissimam
2807 2770 3134 2828 seditionem
3167 2768 3490 2833 commovit,
3540 2782 3607 2822 ac

2025 2869 2309 2931 postremo
2336 2860 2695 2917 Butberieum
2729 2862 2909 2932 ipsum
2940 2861 3239 2918 interfecit.
3268 2859 3339 2916 Ea
3369 2875 3427 2915 re
3460 2875 3609 2915 nuu-

2027 2954 2162 3007 tiata
2184 2994 2200 3020 ,
2234 2953 2537 3025 imperator
2567 2953 2878 3009 incredibili
2909 2953 2989 3009 ira
3017 2969 3323 3011 succensus
3345 2993 3359 3019 ,
3391 2960 3629 3009 certum:

2029 3059 2319 3100 numerum
2349 3060 2539 3100 eorum
2569 3045 2662 3116 qui
2693 3046 2837 3101 obvii
2866 3046 3059 3102 ﬁerent
3078 3087 3092 3112 ,
3120 3045 3441 3103 obtruncari
3468 3060 3609 3116 prae.

2029 3136 2197 3206 cepit.
2233 3134 2346 3190 Hac
2398 3138 2693 3193 oeca'sione
2736 3138 2933 3193 civitas
2992 3138 3293 3193 multorum
3339 3139 3627 3194 innoceu--

2030 3238 2143 3283 tum
2195 3228 2467 3299 sanguine
2516 3229 2792 3300 completa
2842 3236 2949 3286 est.
3006 3227 3220 3284 Etenim
3291 3231 3605 3301 peregrini,

342 3312 509 3367 αὐτοῦ
542 3315 947 3385 συλληφθέντων
1004 3318 1369 3389 προσαγαγὼν
1396 3321 1587 3375 ἑαυτὸν
1636 3322 1924 3378 ἀποθανεῖν

2030 3320 2127 3390 qui
2155 3334 2352 3377 recens
2382 3335 2447 3376 eo
2482 3322 2845 3391 appulerant,
2877 3323 2960 3378 vel
2991 3322 3245 3378 terrestri
3283 3322 3480 3377 itinere
3510 3321 3609 3376 ad-

344 3403 545 3474 ἐδεῖτο,
588 3408 711 3470 τοὺς
745 3407 801 3460 δὲ
824 3408 1093 3472 σώζεσθαι
1114 3428 1128 3443 ο
1156 3412 1249 3464 καὶ
1266 3411 1457 3482 μισθὸν
1485 3414 1675 3468 τούτου
1705 3414 1929 3486 χρυσίον

342 3497 471 3552 ὅσον
498 3495 609 3571 εῖχε
638 3501 930 3571 προΐσχετο
958 3505 1072 3566 τοῖς
1100 3502 1483 3574 στρατιώταις.
1514 3508 1575 3560 Οἱ
1603 3506 1680 3573 δέ,
1714 3507 1806 3562 τὸν
1830 3506 1924 3562 ἄν·

344 3590 563 3663 θρωπον
609 3594 709 3663 τῆς
748 3598 1035 3665 συμφορᾶς
1071 3596 1409 3668 ἐλεήσαντες,
1461 3599 1583 3653 ἀντὶ
1625 3599 1744 3663 ἐνὸς
1772 3593 1833 3655 οὗ
1860 3598 1927 3655 ἂν

343 3684 544 3739 ἐλεῖται
573 3686 682 3752 (74)
710 3687 818 3739 τῶν
851 3688 1031 3753 υἱέων,
1071 3689 1169 3761 τὴν
1211 3691 1418 3745 ἱκεσίαν
1446 3692 1732 3761 προσίεντο
1753 3709 1768 3725 ο
1800 3693 1927 3758 τοὺς

341 3775 402 3828 δὲ
447 3775 539 3829 δύο
571 3777 806 3845 ἀφιέναι,
854 3778 929 3842 ὡς
962 3779 1330 3845 ἐπιλείποντος
1374 3781 1466 3835 τοῦ
1516 3781 1773 3853 ἀριθμοῦ,
1822 3784 1923 3837 οὐκ

342 3867 623 3923 ἀκίνδυνον
649 3869 830 3938 σφίσιν
861 3869 1088 3939 ἔφασαν.
1132 3873 1223 3936 Είς
1250 3872 1593 3943 ἀμφοτέρους
1619 3874 1675 3928 δὲ
1710 3872 1923 3945 βλέπων

342 3961 375 4013 ὁ
404 3960 606 4031 πατὴρ,
634 3960 1029 4033 ὀλοφυρόμενός
1055 3981 1113 4016 τε
1141 3963 1236 4017 καὶ
1265 3964 1488 4026 κλαίων,
1519 3963 1803 4035 οὐδετέρου
1826 3963 1924 4035 τὴν

341 4050 556 4120 αἵρεσιν
580 4052 787 4123 ὑπέστη
815 4069 827 4082 ·
856 4055 970 4107 ἀλλ’
996 4054 1218 4126 ἀπορῶν
1240 4055 1414 4108 εἰσότε
1433 4054 1727 4125 τεθνήκασι
1750 4055 1921 4109 διετέ-

337 4138 523 4207 λεσεν,
564 4142 825 4212 ἐκατέρου
859 4144 937 4196 τῶ
966 4142 1174 4215 φίλτρῳ
1205 4144 1399 4213 ἐπίσης
1439 4143 1758 4214 νικώμενος.
1815 4141 1926 4197 Καὶ

2029 3418 2563 3483 νεηειιοιιι,’ριοιεῑειδ
2588 3413 3056 3484 exSpectatiouem
3102 3415 3293 3470 statim
3353 3428 3610 3485 compre-

2030 3502 2191 3557 hensi
2222 3500 2376 3559 sunt.
2415 3500 2695 3574 Multaque
2726 3512 2845 3559 tum
2878 3504 3206 3560 acciderunt
3251 3505 3611 3562 miseratione

2027 3593 2231 3666 digna,
2273 3593 2419 3649 inter
2466 3610 2589 3665 quas
2617 3604 2671 3651 et
2718 3597 2903 3652 istud:
2935 3596 3207 3653 Mercator
3250 3597 3473 3666 quidam
3508 3613 3611 3669 pro

2028 3688 2249 3744 duobus
2275 3687 2403 3743 liliis
2424 3688 2519 3758 qui
2547 3690 2932 3758 comprehensi
2965 3689 3223 3755 luerunt,
3253 3690 3608 3759 semetipsum

2030 3779 2265 3835 ollerens
2291 3819 2304 3843 ,
2338 3779 2569 3850 rogabat
2603 3789 2662 3834 ut
2710 3780 2829 3851 ipse
2873 3779 3096 3849 quidem
3140 3788 3455 3846 necaretur,
3512 3781 3607 3836 lilii

2029 3887 2161 3928 vero
2208 3872 2426 3927 abirent
2482 3870 2815 3926 incolumes.
2876 3869 2942 3923 Et
2993 3885 3093 3940 pro
3138 3870 3304 3939 hujus
3355 3872 3614 3928 beneﬁcii

2030 3961 2318 4023 mercede,
2370 3958 2642 4029 quidquid
2676 3959 2917 4014 habebat
2965 3960 3109 4023 auri,
3160 3959 3426 4015 militibus
3449 3961 3610 4031 polli-

2030 4050 2279 4105 cebatur.
2311 4047 2394 4102 illi
2454 4048 2823 4103 calamitatem
2874 4047 3121 4103 hominis
3168 4048 3451 4115 miserati,
3502 4065 3611 4119 pro

2034 4144 2209 4197 altero
2239 4157 2304 4195 ex
2345 4141 2469 4195 ﬁliis
2515 4154 2679 4211 quem
2731 4140 2927 4206 vellet,
2979 4141 3438 4211 supplicationem
3484 4141 3607 4213 ejus

1507 4318 1775 4375 VALESII
1813 4316 2383 4375 ANNOTATIONES..

448 4437 531 4505 7i)
568 4435 683 4506 Τῆς
714 4437 817 4490 τοῦ
845 4435 1006 4504 ἱεροῦ
1032 4435 1362 4506 ἐπιϐαίνειν
1392 4433 1597 4489 οὐδοῦ.
1632 4432 1691 4489 In
1729 4435 1917 4490 codice

2027 4436 2182 4490 dosio
2207 4435 2841 4506 Maximum,consulatu
2879 4438 3244 4493 Valentiniani
3278 4454 3349 4505 iv,
3385 4450 3437 4495 et
3470 4438 3609 4495 Nco-

344 4505 649 4564 Fuketiano
706 4508 969 4576 scriptum
1008 4516 1092 4562 est
1120 4505 1261 4567 ὀδοῦ,
1295 4506 1533 4576 pessime
1565 4513 1641 4569 ιιι,
1668 4515 1915 4575 apparot.

344 4578 453 4635 Sed
488 4586 638 4632 totus
677 4575 834 4633 locus
861 4594 927 4631 ex
973 4576 1279 4645 Nicephoro
1317 4575 1638 4645 emendatus
1684 4583 1768 4645 est
1818 4576 1918 4629 hoc

343 4648 533 4719 modo,
560 4648 622 4700 οὐ
665 4647 887 4717 θεμιτὸν
917 4647 1026 4719 ττρρ
1049 4644 1146 4717 τῆς
1181 4644 1465 4719 μετανοίας
1485 4644 1779 4719 τοῦγίεροῦ,
1809 4654 1914 4699 etc.

416 4718 529 4790 (72)
569 4714 1112 4790 Βουθὲρίκουζηοοξ
1152 4714 1316 4790 etiam
1359 4716 1480 4790 loco
1510 4714 1717 4790 fallitur
1747 4717 1917 4769 $07.0-

343 4785 560 4854 me'nu's,
594 4787 685 4856 qui
718 4788 1043 4843 seditionem
1078 4788 1225 4841 illam
1255 4785 1798 4856 Thessalonicensem
1835 4803 1918 4840 re-

343 4858 453 4913 fert
488 4855 973 4928 post’exstinctam
1007 4856 1636 4928 Eugeniityrannidem.
1673 4855 1777 4928 sed
1819 4856 1918 4928 lla-

343 4926 537 4984 rouius
589 4929 643 4982 in
700 4928 998 4981 Annalibus
1053 4926 1375 4983 certissimis
1432 4926 1771 4995 argumentis
1819 4927 1915 4980 ale-

341 4999 695 5065 moustravit,
723 5013 843 5054 eam
877 4997 1178 5065 contigisse
1216 5005 1338 5067 post
1376 4996 1649 5052 devictum
1672 5013 1701 5051 a
1735 4996 1912 5052 Theo-

2025 4507 2167 4569 terii,
2198 4519 2342 4560 διιηο
2373 4505 2575 4561 Christi
2617 4506 2741 4563 590.
2780 4507 2951 4563 Porro
2997 4507 3049 4561 in
3081 4510 3270 4565 codice
3300 4509 3607 4565 Fukctiauo

2024 4578 2295 4647 scriptum,
2320 4585 2406 4631 est
2449 4576 2773 4647 Βουθερίχου
2823 4579 2923 4632 hoc
2967 4579 3109 4644 loco,
3138 4580 3603 4647 quemadmodum

2025 4596 2286 4647 scriptum
2320 4596 2406 4631 es;
2449 4596 2674 4646 υουυερι
2712 4596 2773 4629 ου
2823 4596 2923 4632 uoe
2967 4596 3109 4644 loco,
3138 4596 3603 4647 quemaumouum

2025 4651 2185 4717 paulo
2215 4646 2357 4701 inira
2409 4596 3050 4718 δοιοὶιιίιιιιΪΪίουθερέχαν,
3096 4650 3187 4704 ubi
3227 4658 3410 4705 tamen
3457 4651 3610 4706 Nice-

2025 4718 2229 4788 phorus
2255 4718 2383 4784 legit
2412 4717 2755 4788 Βουθέριχον,
2780 4717 3006 4781 ret-tius,
3036 4721 3323 4788 utopinor.

2094 4788 2208 4861 (75)
2230 4790 2333 4861 Kal
2372 4786 2999 4861 (8.18vt59i‘allt‘t‘odit'e
3022 4786 3320 4845 Fuketiauo
3339 4792 3605 4861 scriptum

2022 4857 2111 4913 est
2129 4857 2222 4910 καὶ
2246 4859 2575 4922 τελευταῖονε
2609 4857 2709 4913 levi
2745 4858 3086 4912 discrimine.

2096 4928 2211 5002 (74)
2257 4928 2403 4981 Ἀντὶ
2443 4922 2690 5002 sedquod
2730 4927 2807 4982 ἂν
2843 4928 3091 5002 ἁίεῖται.
3128 4929 3283 5002 Apud
3333 4928 3605 5002 Nicepho-

2022 5012 2167 5065 rum,
2198 4998 2253 5053 iu
2288 5014 2408 5066 cap.
2446 4998 2535 5063 40,
2564 4998 2659 5053 lib.
2690 5013 2791 5063 xu,
2813 4998 3078 5069 scriptum
3105 5007 3191 5055 est
3213 4999 3422 5069 ἕληται.

1766 5178 2154 5240 νΑιιιοιιυιι.

415 5309 446 5339 ι
482 5297 812 5362 ’Υπήντετο
853 5296 1210 5364 ’Λμϐρόσιος.
1270 5294 1341 5351 De
1368 5295 1514 5351 cmde
1562 5293 1916 5351 Thessaloni-

341 5368 495 5424 censi
512 5368 834 5421 Ambrosius
847 5365 1156 5436 Theodosio
1171 5368 1463 5436 scripserat
1484 5366 1918 5433 epistolam,qn:e

342 5446 431 5494 est
459 5438 521 5491 51
563 5438 615 5489 in
642 5438 883 5491 editione
912 5435 1209 5491 Parisiensi
1237 5435 1581 5489 a’monachis
1611 5436 1919 5489 Benedicti-

345 5509 434 5564 nis
454 5509 739 5561 adornata.
765 5506 839 5559 Ex
863 5522 968 5575 qua
987 5507 1218 5576 epistola
1241 5507 1451 5561 discere
1479 5514 1707 5574 possunt
1729 5522 1919 5561 omnes

344 5578 612 5649 cpisc0pi,
666 5585 871 5645 quanta
897 5594 1034 5649 cum
1068 5576 1351 5649 prudentia
1386 5584 1438 5649 et
1488 5577 1742 5649 cautione
1792 5593 1916 5647 erga

345 5646 626 5721 principes
659 5649 712 5699 in
758 5647 944 5715 gravia
977 5648 1244 5721 quaepiam
1277 5646 1505 5700 crimina
1532 5647 1712 5715 lapsos
1737 5662 1801 5721 se
1827 5646 1917 5715 ge-

348 5718 467 5774 i‘ere
483 5718 753 5772 debeant:
792 5726 843 5769 et
863 5718 1320 5784 quemmhnodum
1348 5726 1703 5780 eesoportcat
1734 5718 1913 5770 minus

348 5789 607 5844 adbibere
644 5786 954 5842 acerbitatis
990 5802 1150 5856 σιηιιιιιι
1182 5787 1636 5843 numsuctudiuis.
1661 5786 1911 5843 Theudo-

2022 5299 2164 5353 riius
2196 5298 2286 5353 lib.
2338 5315 2366 5353 ν
2404 5297 2546 5351 Ilisl.
2581 5297 2800 5361 θερίας..
2838 5312 2959 5367 cap.
3006 5297 3100 5361 l8,
3138 5302 3341 5367 auctorﬁ
3358 5303 3465 5359 est,
3501 5295 3604 5347 im-

2024 5378 2353 5438 peratorem,
2407 5378 2692 5438 postquam
2729 5383 2759 5421 a
2816 5366 3007 5437 syn’axi
3039 5366 3412 5438 ecclesiastica
3448 5373 3593 5438 totos

2022 5435 2146 5493 octo
2175 5454 2393 5495 menses
2408 5435 2803 5504 abstinuisset,
2837 5435 3040 5491 natalis
3070 5435 3335 5489 Dominici
3375 5435 3513 5488 festo
3538 5435 3591 5487 in

2022 5509 2313 5564 ecclesiam
2352 5511 2536 5564 venire
2565 5509 2805 5562 voluisse
2844 5527 2856 5561 :
2890 5523 2952 5561 ac
2988 5507 3225 5574 graviter
3271 5504 3594 5571 increpitum

2024 5581 2092 5633 ab
2118 5581 2426 5642 Ambrosio,
2485 5597 2592 5633 non
2634 5579 2783 5647 prius
2826 5578 3037 5646 ingredi
3090 5574 3417 5647 permissum
3451 5590 3595 5637 esse,

2024 5667 2188 5720 quam
2216 5652 2448 5718 publica!
2485 5642 2814 5721 poenitentiae
2846 5642 3010 5721 caput
3037 5642 3435 5721 Sllllet'iSSClt'.‘”
3517 5710 3526 5721 .

2092 5730 2117 5768 δ’
2159 5712 2371 5785 Ῥἠτὸν
2415 5712 2682 5785 ἀιῆθμόν.
2733 5712 2950 5785 Septeiit
2984 5716 3259 5769 hominum
3307 5712 3474 5767 millia
3515 5712 3596 5764 in-

2028 5790 2278 5846 terfecta.
2318 5792 2489 5861 inquit
2517 5788 2854 5852 'llnodorit.,
2890 5786 2993 5841 Ioc.
3051 5785 3139 5838 cit.
