4066 6338
574 336 710 398 H99

990 410 1000 440 ἱ

2055 331 2281 392 502οΜ
2289 334 2397 392 EN!

3638 355 3735 415 {503

500 512 503 519 .
574 476 675 517 rus
694 500 710 526 ,
739 464 906 531 caput
932 456 1255 524 extulisset,
1286 453 1406 527 ipse
1431 470 1497 513 ex
1534 454 1773 513 adverso
1806 454 1931 526 ejus
1961 463 2106 512 stant

2136 496 2152 517 .
2180 457 2232 517 Α
2258 456 2332 511 Τὸ
2357 457 2436 524 δὲ,
2481 460 2573 511 τὸν
2614 458 2796 515 σίαλον
2844 460 2923 522 είς
2963 459 3024 514 τὺ
3074 460 3244 532 στόμα
3286 462 3566 536 δεξάμενον,
3595 474 3736 530 αὐτίκα

576 554 795 623 signum
829 549 1015 606 crucis
1047 550 1127 617 in,
1141 563 1268 605 aere
1295 548 1470 621 digito
1501 548 1784 620 depinxit,
1816 555 1871 604 et
1907 548 1962 603 in
1999 548 2157 603 illum

574 644 814 715 exspuit.
847 643 917 696 At
945 641 1135 708 draco,
1170 650 1335 713 sputo
1361 643 1416 697 in
1448 656 1512 698 os
1534 649 1785 713 accepto,
1814 641 2003 698 statim
2032 656 2160 697 con-

575 736 710 791 cidit
734 778 749 801 ,
778 740 834 790 et
861 741 1113 790 mortuus
1135 734 1330 804 jacens
1348 773 1365 798 ,
1392 732 1570 789 nihilo
1595 733 1779 788 minor
1807 732 2157 805 serpentibus

576 826 691 882 illis
721 824 1019 896 apparuit,
1056 825 1152 895 qui
1197 823 1342 895 apud
1386 824 1553 881 Indos
1589 839 1720 881 esse
1757 833 2154 880 memorantur.

577 917 775 973 incolas
806 924 991 984 certe,
1022 923 1153 972 octo
1181 916 1345 971 boum
1386 915 1539 988 jugis
1581 917 1638 972 in
1673 916 1989 988 proximum
2029 932 2156 973 eum

576 990 830 1076 campum
861 1022 989 1061 cum
1024 1006 1434 1072 extraxissent,
1460 1014 1923 1072 concremarunt,
1953 1023 2023 1063 ne
2052 1023 2159 1081 pu-

576 1107 826 1153 trescens
859 1111 1042 1153 aerem
1074 1097 1356 1163 inliceret,
1392 1105 1448 1154 et
1475 1106 1683 1169 pestem
1729 1098 1872 1169 ipsis
1912 1097 2155 1155 all‘erret.

578 1188 719 1245 Huic
751 1188 965 1245 Donato
995 1190 1310 1261 sepulcrum
1346 1200 1430 1246 est
1466 1190 1698 1248 illustris
1739 1190 2009 1255 ecclesia,
2036 1206 2160 1261 qua:

579 1280 650 1335 ab
691 1281 814 1350 ipso
856 1296 1161 1353 cognomen
1212 1282 1443 1353 accepit.
1491 1281 1658 1338 Juxta
1702 1283 1989 1339 ecclesiam
2031 1286 2159 1343 t‘ons

577 1381 664 1427 est
689 1374 1000 1429 uberrimus
1023 1414 1038 1436 ,
1061 1389 1223 1444 quem
1256 1372 1399 1431 Deus
1425 1375 1688 1446 precibus
1718 1376 1840 1447 ejus
1866 1393 2119 1434 annuens
2141 1418 2157 1445 ,

580 1465 694 1522 illic
725 1464 935 1531 edidit,
965 1480 1089 1521 cum
1124 1474 1288 1521 antea
1323 1482 1433 1523 non
1467 1477 1635 1524 esset.
1663 1466 1794 1523 Erat
1824 1471 1968 1524 enim
1999 1470 2047 1527 is
2087 1470 2159 1525 lo-

577 1571 678 1610 cus
728 1571 961 1627 prorsus
1002 1556 1217 1614 aridus.
1248 1555 1385 1613 Nam
1418 1574 1543 1615 cum
1590 1559 1709 1630 ipse
1757 1560 2059 1631 aliquando
2091 1577 2159 1617 ex

579 1647 778 1703 itinere
810 1647 941 1703 illuc
975 1648 1327 1715 advenisset,
1353 1658 1409 1707 et
1446 1650 1503 1705 hi
1541 1632 1638 1722 qui
1676 1666 1803 1707 cum
1838 1651 1934 1707 illo
1960 1660 2154 1717 erant,

579 1753 738 1810 aqua:
768 1742 997 1811 penuria
1022 1748 1439 1812 torquerentur,
1469 1743 1694 1800 humum
1723 1760 1889 1801 manu
1920 1744 2155 1808 fodiens.

582 1831 752 1886 Deum
785 1847 975 1890 orasse
1007 1832 1214 1889 dicitur
1241 1850 1255 1887 :
1289 1848 1353 1889 ac
1383 1850 1533 1899 mox,
1554 1837 1829 1908 completa
1863 1838 2118 1894 oratione
2141 1882 2155 1905 ,
2190 1804 2231 1859 Β

582 1924 775 1994 ingens
814 1938 1084 1995 aquarum
1130 1925 1290 1996 copia
1328 1925 1609 1984 alnuxisse
1650 1929 1998 1999 perhibetur,
2038 1946 2162 2001 qua:

580 2029 648 2068 ex
679 2028 747 2069 eo
791 2021 1037 2084 tempore
1082 2031 1363 2086 nunquam
1408 2016 1634 2074 defecit.
1676 2018 1854 2091 Hujus
1883 2021 1963 2078 rei
1993 2031 2162 2079 testes

580 2111 713 2160 sunt
764 2105 855 2175 qui
900 2103 1130 2162 lsoriam
1176 2107 1459 2172 incolunt,
1503 2110 1684 2166 vicum
1733 2113 1889 2169 urbis
1948 2111 2165 2170 Eura‘aa

580 2193 638 2250 in
675 2211 786 2267 quo
817 2197 930 2254 haec
960 2208 1114 2269 gesta
1148 2208 1302 2256 sunt.
1333 2200 1532 2257 iisdem
1561 2204 1907 2274 temporibus
1927 2243 1943 2269 ,
1974 2205 2161 2260 Tomi-

586 2303 839 2346 tanornm
885 2297 942 2345 et
987 2294 1161 2348 totius
1205 2292 1443 2364 Scythiae
1488 2292 1791 2351 Ecclesium
1838 2298 2165 2353 Theotimus

581 2377 964 2449 gubernabat,
1001 2383 1087 2437 vir
1117 2383 1172 2438 in
1208 2384 1513 2445 monastiea
1542 2385 1892 2459 philosophia
1928 2389 2167 2445 innutri-

584 2475 713 2536 tus;
742 2487 905 2541 quem
938 2471 1124 2530 llunni
1148 2475 1371 2531 barbari
1408 2477 1501 2545 qui
1528 2478 1676 2533 circa
1705 2477 1907 2535 Istrum
1953 2481 2168 2536 habita-

583 2564 755 2629 bant,
787 2568 1013 2625 virtutis
1042 2584 1213 2625 causa
1254 2569 1630 2639 admirantes,
1678 2570 1850 2627 Deum
1892 2573 2170 2629 Romano-

585 2671 703 2709 rum
735 2658 1034 2714 vocabant:
1068 2660 1254 2715 divina
1286 2662 1490 2733 quippe
1518 2663 1782 2718 miracula
1825 2663 1879 2717 in
1926 2664 2019 2718 illo
2049 2662 2169 2719 fue-

585 2754 710 2800 rant
732 2749 967 2820 experti.
998 2734 1193 2806 Fertur
1220 2766 1355 2807 sane
1377 2792 1390 2815 ,
1418 2766 1543 2806 cum
1573 2752 1663 2808 ille
1692 2751 1992 2823 aliquando
2014 2754 2172 2825 juxta

586 2838 864 2909 regionem
896 2841 1260 2897 barbarorum
1296 2842 1389 2914 qui
1422 2842 1534 2898 illic
1562 2852 1720 2899 erant
1742 2885 1756 2910 ,
1796 2846 1902 2901 iter
1931 2845 2169 2911 faceret,

586 2948 653 2991 ex
678 2932 907 2990 adverso
934 2936 1249 2992 occurrisse
1283 2937 1553 3007 quosdam
1588 2938 1681 3009 qui
1710 2939 1897 2993 eadem
1933 2939 2019 2993 via
2050 2956 2173 3011 ρετ-

587 3035 779 3096 gerent
804 3027 1027 3085 Tomin.
1048 3027 1296 3097 Cumque
1319 3028 1443 3101 ejus
1466 3033 1697 3087 comites
1713 3073 1728 3099 ,
1759 3040 2021 3103 tanquam
2048 3050 2173 3089 mox

2259 550 2533 604 κατέπεσε
2559 565 2574 581 ⁸
2626 549 2719 605 καὶ
2751 550 2945 624 νεκρδν
2991 552 3263 623 κείμενον,
3288 555 3344 607 οὐ
3380 560 3513 626 μεῖον
3540 560 3627 615 τῶν
3650 568 3743 637 παρ’

2271 638 2453 704 Ἰνδοῖς
2500 640 2899 714 ἱστορουμένων
2936 640 3185 711 ἑρπετῶν
3232 643 3444 717 διεφάνη
3475 647 3527 701 τδ
3555 651 3742 720 μέγεθος.

2272 729 2488 801 ,Λμέλει
2513 748 2617 799 τοι,
2642 729 2719 796 ὡς
2750 732 3055 804 ἐπυθόμην,
3084 733 3189 787 ὑπὸ
3226 733 3461 805 ζεύγεσιν
3483 740 3603 793 ὀκτὼ
3621 746 3682 807 εἰς
3705 748 3746 799 τὸ

2259 821 2488 893 πλησίον
2506 822 2686 878 πεδίον
2713 822 3103 890 ἐξελκύσαντες
3132 825 3262 879 αὐτὸ
3287 828 3335 880 οί
3367 828 3630 902 ἐπιχώριοι,
3655 853 3749 889 κστ-

2259 911 2517 977 έκαυσαν,
2562 914 2711 977 ὅπως
2767 913 2843 986 μή
2884 911 3171 977 διασαπεὶς
3205 913 3295 967 τὸν
3325 914 3451 985 ἀέρα
3480 917 3748 989 λυμανεῖται,

2260 1009 2354 1059 καὶ
2392 1003 2632 1077 λοιμώδη
2662 1005 2817 1059 νόσον
2858 1005 3084 1079 ποιήσῃ.
3132 1007 3343 1071 Δονάτῳ
3375 1007 3427 1060 δὲ
3454 1008 3604 1080 τούτῳ
3626 1014 3749 1081 τάφος

2259 1096 2407 1151 ἐστὶν
2426 1097 2692 1169 ἐπίσημος
2708 1096 2999 1169 εὐκτήριος
3019 1098 3130 1165 (79)
3146 1093 3311 1162 οἶκος,
3329 1099 3417 1151 ἀπ’
3436 1101 3578 1154 αὐτοῦ
3597 1103 3751 1174 τὴνέπ‹

2259 1187 2503 1259 ωνυμίαν
2523 1188 2681 1258 ἔχων.
2712 1188 2849 1259 Περὶ
2885 1187 3074 1242 τοῦτον
3099 1188 3158 1243 δέ
3189 1188 3339 1261 πηγὴ
3366 1190 3552 1245 ὑδάτων
3578 1194 3752 1262 πολλῶν,

2259 1281 2326 1351 ἣν
2344 1280 2405 1334 οὐ
2434 1279 2696 1353 πρότερον
2716 1276 2905 1346 οὖσαν,
2933 1279 3234 1352 εὐξαμένου
3263 1281 3439 1347 αὐτοῦ,
3467 1284 3521 1336 τδ
3541 1284 3664 1338 θεῖον
3692 1288 3755 1339 ἄν·

2260 1374 2480 1428 έόωκεν.
2513 1369 2622 1428 Ἦν
2654 1372 2754 1444 μὲν
2789 1372 2900 1445 γὰρ
2938 1368 3094 1439 οὗτος
3145 1377 3175 1428 ό
3200 1374 3375 1446 χῶρος
3418 1376 3651 1439 παντελῶς
3668 1378 3755 1432 ἄνυ-

2261 1468 2403 1539 δρος,
2465 1467 2556 1533 Ἐξ
2579 1467 2888 1539 ὁδοιπορίας
2918 1466 2976 1520 δέ
3009 1484 3139 1521 ποτε
3162 1466 3350 1521 ἐνθάδε
3376 1470 3757 1540 παραγενόμενος,

2260 1561 2475 1631 λέγεται
2505 1559 2614 1614 τῶν
2645 1561 2786 1632 ἀμφ’
2813 1559 2975 1614 αὑτὸν
3004 1559 3211 1633 ἀπορίᾳ
3250 1558 3433 1623 ὓδατος
3454 1562 3758 1633 ταλαιπωρου-

2264 1652 2462 1723 μένων,
2496 1653 2561 1723 τῇ
2611 1652 2758 1723 χειρὶ
2784 1650 2882 1723 τὴν
2927 1651 3031 1723 γῆν
3063 1650 3307 1721 λαχήνας
3341 1650 3589 1717 εύξασθαι,
3614 1652 3761 1722 ἄμιιδέ

2260 1745 2327 1816 τῇ
2358 1744 2490 1815 εὐχῇ
2520 1742 2758 1813 ἄφθονον
2787 1742 3089 1797 ἀναϐλύσαι
3120 1743 3289 1815 ὕδωρ,
3317 1743 3405 1797 καὶ
3430 1742 3484 1811 ἐξ
3514 1744 3683 1798 ἐκείνου
3709 1746 3762 1815 μὴ

2258 1830 2546 1890 διαλιπεῖν.
2603 1835 2762 1890 Ἀλλά
2789 1836 2956 1890 τῶνδε
2994 1836 3093 1908 μὲν
3138 1837 3431 1908 μάρτυρες,
3469 1836 3513 1890 οί
3545 1834 3627 1907 τὴν
3656 1837 3764 1890 Ἰσω-

2265 1928 2386 2002 ρίαν
2408 1926 2686 1992 οἰκοῦντες
2706 1926 2903 1999 κώμην
2939 1928 3194 2001 Εὐροίας,
3223 1927 3343 1981 καθ’
3368 1927 3432 1999 ήν
3458 1926 3570 1981 τάδε
3598 1926 3762 1998 συνέϐη.

2276 2023 2364 2076 Ἐν
2404 2021 2578 2093 τούτῳ
2609 2020 2667 2075 δὲ
2706 2019 2933 2091 Τόμεως
2980 2020 3077 2074 καὶ
3122 2019 3228 2089 τῆς
3268 2018 3431 2088 ἄλλης
3479 2017 3675 2081 Σκυθίας
3692 2018 3767 2086 τὴν

2276 2111 2605 2184 Ἐκκλησίαν
2650 2110 2988 2182 ἐπετρόπευε
3034 2108 3301 2180 Θεότιμος
3338 2107 3555 2176 Σκύθης,
3595 2105 3704 2176 ἀνὴρ
3728 2107 3767 2157 ὲν

2266 2204 2556 2276 φιλοσοφίᾳ.
2585 2202 2814 2275 τραφείς
2833 2218 2847 2233 ο
2876 2201 2936 2255 ὃν
2978 2200 3250 2272 ἀγάμενοι
3279 2200 3377 2270 τῆς
3404 2200 3587 2271 ἀρετῆς
3616 2200 3657 2251 οἱ
3677 2195 3769 2265 περὶ

2265 2299 2357 2354 τὸν
2383 2299 2593 2369 Ἴστρον
2621 2291 2809 2352 Οὗννοι
2839 2294 3129 2367 βάρϐαροι,
3163 2293 3299 2347 Θεὸν
3330 2290 3593 2362 Ῥωμαίων
3613 2286 3769 2355 ὠνόμω

2269 2392 2379 2455 ζον.
2432 2388 2540 2443 Καὶ
2589 2386 2698 2459 γὰρ
2747 2386 2813 2459 δὴ
2851 2390 2944 2440 καὶ
2989 2385 3151 2440 θείων
3190 2386 3280 2438 ἐπ’
3324 2382 3465 2453 αὐτῴ
3503 2379 3772 2453 πραγμάτων

2270 2481 2659 2554 ἐπειράθησαν.
2693 2478 2927 2547 Λέγεται
2954 2476 3085 2547 γοῦν
3105 2516 3120 2542 ,
3153 2475 3234 2539 ὡς
3266 2473 3493 2528 ὁδεύοντί
3519 2489 3629 2525 ποτε
3663 2468 3773 2540 παρὰ

2269 2577 2368 2647 τὴν
2401 2574 2588 2628 ἐνθάδε
2618 2570 2909 2644 βαρϐάρων
2955 2570 3089 2641 γῆν,
3137 2569 3439 2641 ὑπήντοντο
3477 2566 3685 2620 ἐναντίαν
3706 2564 3776 2633 τὴν

2272 2666 2441 2738 αὐτὴν
2467 2664 2584 2720 ὁδον
2611 2662 2704 2716 ἐπὶ
2732 2661 2903 2733 Τόμιν
2937 2660 3277 2724 ἐλαύνοντες.
3314 2656 3716 2730 ,Ὀλοφυρομένων
3736 2656 3774 2708 ὗὲ

2273 2760 2381 2813 τῶν
2424 2756 2563 2829 ἀμφ’
2593 2754 2754 2811 αὑτὸν
2802 2755 2879 2820 ώς
2927 2753 3126 2809 αὐτίκα
3167 2753 3570 2824 ἀπολουμένων,
3621 2748 3777 2811 ἀποϐὰς

2274 2850 2369 2905 τοῦ
2396 2850 2585 2913 ἵππου,
2612 2846 2835 2918 ηὔξατο.
2865 2848 2929 2900 Oi.
2956 2845 3013 2899 δὲ
3047 2844 3321 2916 βάρϐαροι
3352 2847 3482 2914 μήτε
3510 2842 3648 2896 αὑτὸν
3678 2840 3775 2910 pits

2276 2942 2403 3005 τοὺς
2447 2938 2778 3012 ἑπομένους,
2815 2936 2849 3008 ἢ
2893 2938 3017 3000 τοὺς
3056 2937 3264 2999 ἵππους
3307 2930 3381 2990 ὧν
3420 2933 3670 3004 ἀπέϐησαν
3700 2930 3778 2997 (80)

2280 3033 2624 3105 θεασάμενοι,
2657 3030 3025 3100 παρέδραμον.
3065 3030 3223 3082 Ἐπεὶ
3252 3027 3309 3082 δέ
3338 3027 3577 3089 πολλάκις
3597 3024 3779 3082 ἐπιόντες

588 3119 821 3189 perituri
871 3120 1328 3188 lamentarentur,
1380 3122 1499 3194 ipse
1557 3139 1625 3180 ex
1689 3140 1834 3195 equo
1898 3125 2165 3185 desiliens

2194 3141 2237 3199 ο
2271 3126 2629 3185 ἐκακοποίουν
2654 3125 2781 3189 τοὺς
2806 3122 3042 3189 Σκύθας,
3071 3122 3236 3192 φύσει
3266 3121 3541 3195 θηριώδεις
3559 3119 3705 3182 ὄντας.
3725 3117 3778 3176 είς

591 3212 760 3267 Deum
799 3215 1001 3267 oravit.
1038 3211 1179 3269 Tum
1207 3229 1337 3270 vero
1368 3215 1592 3271 barbari
1632 3232 1735 3272 nec
1779 3217 1876 3273 illo
1897 3258 1913 3282 ,
1945 3233 2048 3275 nec
2076 3235 2171 3276 co-

590 3302 818 3358 mitibus
847 3303 997 3358 illins
1024 3343 1040 3368 ,
1074 3318 1175 3359 nec
1203 3304 1361 3375 equis
1386 3320 1416 3360 e
1444 3305 1649 3376 quibus
1678 3306 1846 3378 319
1869 3308 2172 3366 descende-

589 3404 716 3450 rant
759 3396 1109 3467 conspectis.
1163 3399 1547 3469 praetergressi
1601 3406 1756 3454 sunt.
1816 3397 1992 3455 Porro
2044 3416 2171 3455 cum

590 3487 813 3543 barbari
864 3489 940 3542 illi
996 3488 1207 3544 crebris
1253 3490 1674 3551 incursionibus
1707 3490 1944 3563 Scythas
1987 3501 2170 3550 vasta-

593 3585 745 3640 rent,
779 3593 908 3639 eos,
943 3578 1198 3648 quamvis
1227 3586 1424 3649 suopte
1456 3578 1679 3650 ingenio
1714 3578 1812 3636 feri
1848 3591 2074 3647 essent,
2105 3582 2174 3638 ad

594 3668 1075 3723 mansuetudinem
1111 3670 1380 3735 traduxit,
1410 3671 1684 3727 conviviis
1714 3670 1839 3728 illos
1865 3673 2175 3744 excipiens.

594 3768 650 3816 et
688 3760 1011 3816 muneribus
1052 3762 1391 3820 demulcens.
1436 3764 1549 3820 llac
1587 3765 1657 3821 de
1695 3780 1864 3822 causa
1902 3766 2177 3826 barbarus

595 3854 819 3925 quidam
872 3870 996 3911 cum
1046 3855 1198 3911 illum
1234 3857 1555 3927 opulentum
1598 3875 1724 3917 esse
1773 3860 2175 3931 suspicaretur,

598 3962 696 4017 per
724 3946 960 4004 insidias
988 3950 1461 4021 comprehendere
1489 3952 1715 4009 molitus
1748 3961 1855 4011 est.
1889 3953 1956 4008 Et
1984 3964 2180 4026 parato

596 4038 664 4094 ad
700 4040 755 4095 id
787 4040 1015 4112 laqueo,
1048 4051 1206 4099 scuto
1257 4042 1517 4110 innixus,
1569 4044 1648 4100 uti
1681 4046 1894 4103 solebat
1926 4062 2053 4102 cum
2086 4047 2185 4105 ho-

597 4140 710 4188 stes
736 4132 1132 4204 alloqneretur,
1161 4134 1379 4191 sublata
1395 4135 1588 4192 dextra
1608 4136 1866 4207 laqueum
1892 4136 2181 4194 Theotimo

599 4224 830 4296 injicere
863 4227 1132 4297 parabat,
1174 4234 1439 4298 tanquam
1464 4243 1591 4283 eum
1625 4228 1694 4283 ad
1730 4244 1792 4286 se
1831 4237 1887 4285 et
1931 4228 2002 4284 ad
2045 4245 2181 4285 con-

597 4318 833 4375 tribules
866 4333 999 4375 suos
1039 4326 1403 4376 attracturus.
1440 4319 1646 4376 Verum
1686 4320 1742 4375 in
1777 4322 1901 4391 ipso
1938 4331 2177 4389 conatu,

600 4424 799 4465 manus
836 4409 987 4467 illius
1040 4408 1096 4464 in
1137 4410 1372 4466 sublime
1405 4419 1652 4479 extensa,
1674 4411 1750 4466 ita
1785 4422 1845 4467 ut
1880 4422 2022 4479 erat,
2058 4430 2184 4486 per-

2274 3220 2588 3293 ήμερότητα
2616 3214 2933 3287 μετέϐαλεν,
2960 3212 3158 3268 ἑστιῶν
3183 3232 3245 3267 τε
3270 3215 3362 3267 καὶ
3389 3212 3566 3281 δώροις
3591 3207 3782 3278 cptioch-

2274 3312 2552 3383 νούμενος.
2624 3304 2906 3361 Ἐντεῦθεν
2953 3305 3011 3359 δὲ
3067 3305 3349 3378 βάρϐαρος
3393 3303 3527 3375 ἀνὴρ
3565 3296 3783 3355 saeuam

2274 3403 2507 3474 εὔπορον
2540 3393 2699 3461 εἶναι,
2730 3396 3123 3451 ἐπεϐούλευσεν
3146 3396 3316 3450 αὑτὸν
3347 3396 3502 3449 ἐλεῖν.
3531 3392 3623 3445 Καὶ
3644 3386 3784 3460 βρόχον

2275 3489 2710 3564 παρασκευάσας
2773 3486 2962 3541 ἀσπίδι
3012 3486 3430 3557 ἐπερειδόμενον
3484 3481 3609 3554 (8i),
3649 3478 3787 3543 ὥσπερ

2278 3582 2459 3637 εἰώθει
2507 3581 2624 3644 τοῖς
2699 3577 2980 3649 πολεμίοις
3023 3575 3427 3646 διαλεγόμενος,
3470 3570 3684 3642 ἀνασχὼν
3718 3566 3787 3634 τὴν

2276 3675 2483 3740 δεξιάν,
2531 3669 2835 3735 ἀκοντίζειν
2896 3671 2983 3722 ἐπ’
3014 3668 3178 3724 αὑτὸν
3221 3673 3285 3723 τὸ
3328 3667 3549 3739 σχοινίον
3584 3660 3772 3736 ἔμελλεν,

2276 3773 2353 3838 ὡς
2388 3772 2523 3844 πρὸς
2549 3768 2742 3823 ἑαυτὸν
2769 3767 2867 3822 καὶ
2898 3766 3026 3829 τοὺς
3059 3765 3374 3837 ὁμοφύλους
3409 3762 3647 3818 ἑλκύσω-θ.
3681 3758 3789 3823 Ἀμι

2277 3865 2335 3919 δὲ
2379 3866 2446 3936 τῇ
2491 3861 2866 3934 ἐπιχειρήσει,
2926 3859 3308 3929 ἀνατεταμένη
3348 3859 3382 3929 ή
3427 3852 3543 3928 χεὶρ
3580 3851 3697 3923 πρδξ
3726 3846 3789 3899 τὶν

2279 3958 2418 4029 ἀέρα
2447 3955 2704 4025 διέμεινε.
2780 3950 2893 4006 Καὶ
2934 3950 2994 4005 οὐ
3049 3949 3326 4024 πρότερον
3365 3950 3394 4001 ό
3441 3945 3681 4018 βάρϐαρος
3714 3939 3789 3990 τῶν

2281 4049 2529 4123 ἀοράτων
2573 4046 2771 4118 ἠφείθη
2809 4043 3048 4115 δεσμῶν.
3097 4044 3145 4096 εί
3186 4044 3266 4114 μὴ
3302 4040 3416 4094 τῶν
3456 4039 3614 4095 ἄλλων
3638 4031 3791 4087 ἁντιίο-

2281 4140 2547 4216 λούντων,
2605 4138 2746 4211 ὑπὲρ
2790 4137 2956 4191 αὐτοῦ
3006 4137 3099 4190 τὸν
3139 4133 3276 4188 Θεὸν
3302 4135 3539 4189 ἱκέτευσε
3578 4127 3790 4216 Θεότιμς.

2282 4233 2421 4287 Φασὶ
2533 4232 2780 4303 κομήτην
2811 4229 2973 4285 αὐτὸν
2999 4229 3281 4299 διαμεῖναι
3305 4226 3427 4280 καθ’
3449 4225 3476 4279 ὃ
3503 4221 3665 4293 σχῆμα
3691 4213 3792 4285 φιλα-

2286 4323 2470 4392 σοφεῖν
2489 4319 2794 4392 ἀρξάμενος
2827 4318 3174 4389 ἐπετήδευσε.
3215 4315 3379 4369 Λιτον
3408 4315 3464 4368 δὲ
3494 4312 3581 4382 τὴν
3607 4309 3790 4362 δίαιταν·

2284 4412 2489 4484 τροφῆς
2520 4412 2596 4477 δὲ,
2628 4412 2689 4464 οὒ
2716 4409 2808 4464 τὸν
2839 4409 3021 4472 αὑτὸν,
3066 4406 3185 4462 ἀλλ’
3217 4410 3277 4460 ἐν
3312 4405 3391 4476 τῷ
3430 4398 3652 4473 πεινῇνῆ
3683 4395 3794 4463 aelii

600 4499 826 4554 mansit.
862 4497 973 4555 Nec
1007 4499 1166 4570 prius
1201 4499 1584 4556 invisibilibus
1619 4501 1728 4557 illis
1754 4501 1996 4573 vinculis
2040 4485 2180 4559 libe-

2212 4500 2256 4556 D
2286 4504 2378 4558 τὸν
2411 4503 2602 4574 καιρὸν
2627 4501 2829 4575 ὁρίσαι.
2855 4500 3151 4570 Φιλοσόφου
3174 4499 3286 4571 γὰρ
3317 4495 3405 4569 ἦν,
3431 4492 3591 4567 οἶμαι,
3617 4491 3691 4546 καὶ
3710 4485 3793 4540 τού-

601 4598 762 4646 ratus
794 4599 879 4646 est
928 4592 1199 4647 barbarus
1229 4631 1247 4656 ,
1297 4607 1465 4661 quam
1519 4592 1645 4648 aliis
1696 4592 2178 4650 intercedentibus

2283 4614 2396 4660 τοις
2420 4596 2556 4666 πρὸς
2582 4595 2796 4667 χρείαν,
2827 4594 2890 4648 οὐ
2918 4593 3005 4647 διὰ
3036 4591 3327 4664 ῥᾳστώνην
3359 4591 3540 4644 εἴκειν.

601 4686 931 4743 'l'heotimus
984 4686 1154 4742 Deum
1212 4702 1311 4755 pro
1361 4687 1458 4741 illo
1505 4695 1743 4742 orasset.
1794 4687 1963 4743 Aiunt
2010 4704 2178 4761 porro
2215 4705 2339 4746 eum
2384 4698 2653 4762 perpetuo
2694 4704 2908 4745 comam
2951 4688 3193 4747 aluisse.
3236 4700 3355 4756 quo
3427 4682 3604 4736 habitu
3667 4674 3796 4744 philu-

603 4781 829 4851 sophari
890 4781 1130 4851 primum
1188 4780 1529 4835 instituerat.
1581 4779 1728 4834 \‘ictu
1785 4789 1970 4837 autem
2049 4781 2223 4838 fuisse
2297 4784 2591 4837 almodnm
2649 4782 2834 4843 Ienni,
2894 4792 2949 4834 et
2995 4789 3216 4851 tempus
3269 4774 3536 4834 sumendo
3583 4770 3686 4825 (illo
3724 4780 3795 4815 ueu

604 4876 751 4931 idem
777 4887 997 4943 semper
1023 4870 1287 4928 habuisse
1309 4912 1325 4938 ,
1365 4872 1459 4927 sed
1490 4886 1617 4926 cum
1648 4870 1888 4926 esuriret
1922 4869 2065 4927 forte
2096 4879 2191 4927 aut
2227 4872 2431 4928 sitiret.
2472 4871 2568 4927 Est
2597 4873 2743 4926 enim
2768 4910 2781 4932 ,
2854 4885 2975 4925 meo
3004 4869 3229 4939 quidem
3277 4864 3519 4937 judicio.
3583 4856 3797 4930 pnquium

605 4968 956 5043 philosophi,
1004 4981 1104 5038 pro
1154 4970 1517 5033 necessitate,
1555 4983 1665 5023 non
1721 4983 1786 5023 ex
1838 4966 2004 5029 luxu,
2056 4967 2179 5023 istis
2217 4968 2433 5024 cedere.

1809 5153 2086 5210 VALESII
2119 5151 2570 5211 ΑΝΝΟΤΑΤΙΟΝ
2580 5150 2685 5208 ES.

679 5245 793 5318 (79)
830 5240 1008 5302 Οἷκον
1054 5247 1390 5314 εὐκτήριον.
1426 5247 1773 5318 Νἰοορὶιοτιιε
1823 5248 1875 5300 in
1921 5262 2043 5315 cap.
2090 5246 2182 5309 45,

609 5318 702 5373 lib.
740 5317 838 5386 xu,
870 5327 996 5388 post
1027 5318 1129 5373 has
1177 5335 1340 5375 voces
1392 5317 1542 5372 addit
1568 5317 1691 5372 καὶ
1745 5318 1879 5372 ἂστυ
1904 5357 1919 5383 ,
1977 5326 2031 5371 et
2072 5325 2184 5388 tam

607 5386 1061 5459 oppidumlquam
1089 5390 1351 5459 templum
1405 5389 1597 5442 Donati
1630 5388 1897 5443 vocabulo
1920 5386 2186 5459 a_ppellari

610 5456 816 5514 subdit.
847 5456 1003 5514 unde
1038 5456 1279 5515 Orlcli—us
1317 5460 1373 5513 in
1409 5459 1674 5513 Thesauro
1710 5459 1905 5513 scribit
1934 5456 2187 5511 Evoriam

608 5530 805 5583 urbem
831 5529 1004 5598 Epiri,
1040 5529 1399 5584 Donatianam
1436 5545 1655 5598 quoque
1686 5529 2064 5598 dictamesse.

682 5599 796 5667 (80)
829 5593 942 5654 Ἦν
962 5599 1288 5669 ἐπέϐησαν.
1321 5593 1547 5654 [lectius
1570 5593 1633 5654 'in
1667 5600 1859 5654 Codice
1890 5597 2191 5669 Fuketiano

616 5668 811 5741 legitur
837 5668 1144 5741 ἀπέϐησαν,
1177 5670 1459 5741 quomodo
1494 5671 1661 5741 etiam
1686 5670 1817 5739 legit
1846 5668 2192 5741 ilipiphanius

616 5739 1019 5795 Scholasticus.
1055 5739 1218 5796 Certe
1253 5758 1379 5797 eum
1416 5756 1583 5810 supra
1614 5740 1815 5793 dixerit
1844 5739 2193 5810 'l‘hentinunn

618 5822 684 5863 cx
714 5824 853 5881 equo
889 5811 1238 5870 descendisse
1272 5823 1327 5869 ut
1354 5808 1521 5869 Deum
1549 5821 1887 5882 precaretur,
1917 5808 2038 5879 ejus
2069 5823 2197 5879 quo~

2293 5260 2399 5317 que
2430 5246 2665 5317 comites
2698 5242 2844 5317 idem
2875 5236 3560 5317 imisse‘credendum'est.

2366 5296 2489 5386 (81‘)—
2526 5296 3295 5386 ίέᾸᾶστίδίᾲᾷπερειδόμενοκ.
3344 5299 3680 5386 §cribendutn

2296 5370 2747 5457 ὲπὲρέιδόμενος,
2791 5382 2842 5436 id
2896 5370 3801 5457 est_scuto_.i_nnixns._VtIlt2fEff‘

2296 5442 2483 5512 dicere
2508 5442 2873 5518 Sozomenus,
2906 5452 3198 5506 barbarum
3220 5448 3379 5501 illum
3410 5454 3562 5501 srnto
3589 5442 3801 5518 ἱιρηίεξῖξιξς

2456 5501 3093 5579 "Incidunt
3117 5501 3323 5573 luisse
3347 5556 3361 5577 ,
3414 5501 3801 5585 (ιιιιιιιιτιοίιιιθσξιιξΙ

2300 5595 2774 5683 εειεενθεοιειιειι·
2813 5594 3037 5683 «usus
3222 5580 3801 5683 μιν’πνείξξπέξῖιειεῖθίὲρῖί

2299 5668 2462 5722 Certe
2498 5652 2844 5735 Nicephorius
2896 5664 3023 5733 legit
3074 5662 3238 5714 etiam
3298 5652 3799 5735 é3§p§.t56}1$x°;l;usf:!

2303 5713 3254 5803 lle-ﬁreo-tiuio—“iid‘dieif’perpcram
3312 5713 3649 5805 existimavit.

2305 5786 2793 5864 ἒέιυόϊῐιέὸῐίὶηυέ
2822 5786 3363 5876 ορίδρῖψυέερυιυιη
3400 5799 3636 5867 gestaret.
3678 5786 3804 5837 lla-tc-
