4066 6338
399 331 529 395 1501

974 452 1227 510 ΚΕΦΑΛ.
1262 457 1390 511 KZ'.

398 542 537 615 Περὶ
560 542 667 621 τοῦ
685 543 857 621 drlou
871 545 1214 621 ‘Emgaquov
1231 547 1338 621 τοῦ
1352 549 1689 621 ἐπισκόπου
1710 551 1966 621 Κύθιιρου⁴

526 614 623 677 καὶ
646 614 861 684 μερικὴ
892 614 1130 681 τιςήτῶν
1163 620 1289 672 κατ’
1323 619 1511 674 αὐτὸν
1540 614 1839 691 διήγησιςζ

468 706 603 776 Περὶ⁵
632 706 691 759 δὲ
740 705 927 760 τοῦτον
981 707 1072 763 τὸν
1120 709 1309 780 χρόνον
1367 712 1462 767 καὶ
1507 711 1819 780 Ἐπιφάνιος
1872 713 1970 785 τὴν

395 796 659 867 Κυπρίων
705 798 1385 871 ἐπεσκόπει’μητρόπολιν.
1451 803 1547 857 ⁸⁵ον
1594 802 1653 855 ού
1697 801 1854 873 μόνον
1901 803 1970 858 τὰ

396 887 525 957 περὶ
559 887 655 959 τὴν
686 888 957 943 πολιτείαν
986 890 1254 962 ἐπίσημον
1291 892 1383 946 ἐπὶ
1409 894 1631 965 ἀρεταῖς
1668 892 1967 961 ἀπέδειξεν,

393 979 529 1034 ἀλλά
559 981 653 1035 καὶ
690 981 791 1035 ὅσα
838 981 1114 1052 παράδοξα
1143 982 1341 1047 ζῶντος
1369 983 1557 1047 αὐτοῦ,
1592 985 1686 1037 καὶ
1721 983 1861 1055 μετά
1883 1001 1969 1037 τε·

390 1070 585 1142 λευτὴν
615 1071 791 1142 τιμῶν
835 1072 924 1127 τὸν
949 1073 1119 1144 ἄνδρα
1164 1075 1192 1127 6
1222 1073 1355 1137 Θεὸς
1402 1075 1737 1129 ἐπετέλεσεν.
1806 1076 1967 1130 Ἀπο-

391 1161 605 1216 θανόντι
660 1163 789 1235 γάρ,
835 1165 863 1217 δ
909 1163 984 1237 μὴ
1016 1166 1258 1236 περιόντι
1305 1165 1535 1237 ὑπῆρξε,
1582 1167 1738 1237 λόγος
1770 1170 1863 1222 ἐπὶ⁹
1889 1169 1968 1240 τῷ

387 1252 544 1323 τάφῳ
584 1253 747 1307 αὑτοῦ
787 1256 954 1309 εἰσέτι
991 1254 1084 1308 νῦν
1133 1255 1390 1327 δαίμονας
1420 1257 1839 1325 ἀπελαύνεσθαι,
1873 1260 1967 1314 καὶ

393 1342 563 1407 ἰάσεις
600 1343 750 1408 τινας
778 1344 1043 1413 γίνεσθαι.
1084 1346 1173 1401 Ἑν
1196 1340 1239 1415 ᾧ
1261 1347 1316 1400 δὲ
1347 1347 1454 1412 ζῶν
1481 1349 1766 1420 ἐτύγχανε,
1797 1350 1967 1406 πολλά

388 1435 667 1504 θαυμάσια
710 1435 858 1507 αὐτῷ
899 1437 1228 1505 ἀνατιθέασι,
1282 1437 1390 1492 τῶν
1430 1456 1495 1508 γε
1544 1440 1651 1511 μὴν
1703 1441 1783 1505 είς
1819 1442 1965 1512 ἡμᾶς

386 1528 650 1582 ἐλθόντων
702 1530 876 1583 ἐκεῖνο
902 1546 914 1560 ·
953 1530 1302 1600 μεταδοτικὸς
1333 1530 1409 1585 ὢν
1438 1532 1566 1603 περὶ
1591 1534 1895 1603 δεομένους,
1929 1534 1962 1605 ἢ

386 1621 684 1689 ναυαγίοις,
736 1620 770 1691 ἢ
816 1620 991 1685 ἄλλως
1033 1620 1508 1693 δυστυχήσαντας¹,
1562 1625 1748 1697 ἐπειδὴ
1797 1624 1963 1679 πάλαι

384 1712 484 1784 τὴν
507 1712 697 1779 οὐσίαν
726 1715 1031 1779 ἀνάλωσεν,
1079 1715 1159 1777 εις
1185 1713 1304 1768 δέον
1336 1714 1551 1769 ἐσπάθα
1579 1715 1690 1787 (82)
1726 1718 1839 1781 τοῖς
1862 1719 1964 1789 τῆς
1992 1716 2009 1722 ’

1330 337 1656 397 HISTORIA
1682 336 2241 397 ECCLESIASTICA.
2267 372 2320 381 —
2362 341 2493 399 LIB.
2511 341 2620 401 VII.
2670 380 2677 387 -

1997 461 2044 519 Α

3508 338 3647 406 tim

2631 435 2788 517 (ΞΑΡ.
2849 460 3065 519 xxvu.

2071 548 2152 604 De
2172 562 2359 606 sancto
2388 548 2693 622 Epiphanio
2722 555 2965 625 episcopo
2986 553 3150 625 Cypri
3174 570 3192 609 :
3248 564 3300 611 et
3348 573 3524 612 rerum
3575 559 3640 612 ab

2138 636 2199 675 eo
2237 634 2506 692 gestarant
2556 624 2926 693 compendiosa
2955 624 3217 680 narratio.

2137 712 2240 770 Per
2271 715 2412 771 idem
2444 723 2659 787 tempus
2700 717 2755 773 in
2779 717 3067 787 metropoli
3104 717 3299 773 insula:
3327 718 3493 790 Cypri
3514 719 3643 789 Epir-

2068 806 2306 878 pbanius
2347 807 2729 880 episcopatum
2764 808 3046 879 gerebat’.
3092 808 3265 876 Quem
3295 825 3406 865 non
3455 810 3638 866 solum

2065 899 2195 955 vitae
2250 900 2604 956 conversatio
2648 898 2923 954 illustrem
2979 898 3050 955 ob
3094 899 3328 954 virtutes
3374 898 3635 965 reddidit,

2066 1006 2259 1046 verum
2292 992 2458 1046 etiam
2492 991 2784 1055 miracula,
2841 1006 2965 1061 quae
3004 990 3168 1058 Deus,
3198 990 3415 1046 honore
3484 990 3638 1045 illum

2067 1080 2285 1137 allicere
2309 1082 2522 1148 volens,
2570 1081 2693 1152 ipso
2723 1082 2901 1136 adhuc
2925 1082 3243 1152 superstite,
3278 1090 3334 1137 et
3390 1091 3516 1151 post
3545 1080 3643 1135 ob-

2066 1170 2207 1227 itum
2234 1171 2355 1241 ejus
2386 1172 2576 1227 edidit.
2607 1172 2820 1226 Mortuo
2862 1172 3007 1228 enim
3040 1172 3154 1239 illo,
3186 1172 3240 1228 id
3261 1172 3407 1244 quod
3439 1172 3654 1227 viventi

2065 1278 2175 1318 non
2241 1262 2588 1333 contigerat,
2650 1262 2720 1317 ad
2776 1264 3087 1333 sepulcrum
3180 1262 3302 1333 ejus
3361 1262 3641 1318 daemones

2063 1352 2365 1411 etiamnum
2414 1353 2639 1426 fugari,
2675 1367 2730 1411 et
2767 1355 2948 1412 morbi
2977 1355 3200 1426 quidam
3238 1355 3421 1410 curari
3447 1354 3644 1410 dicun-

2064 1453 2175 1500 tur.
2210 1445 2348 1500 Dum
2371 1453 2556 1502 autem
2586 1447 2640 1501 in
2674 1448 2817 1503 vivis
2842 1455 3179 1519 superesset,
3209 1448 3381 1501 multa
3421 1447 3500 1501 illi
3532 1446 3637 1501 mi-

2065 1539 2257 1592 racula
2299 1538 2641 1595 tribuuntur.
2688 1538 2765 1593 Ex
2815 1540 3024 1611 quibus
3065 1538 3215 1595 istud
3268 1539 3336 1593 ad
3380 1537 3638 1593 notitiam

2063 1635 2312 1683 nostram
2344 1628 2595 1698 pervenit
2628 1647 2642 1683 :
2681 1628 2815 1684 Cum
2845 1629 3093 1685 liberalis
3122 1637 3272 1685 esset
3324 1645 3459 1700 erga
3511 1644 3640 1700 ege-

2062 1735 2186 1785 nos,
2216 1719 2312 1791 qui
2348 1720 2433 1776 vel
2459 1719 2785 1791 naufragio,
2846 1720 2929 1776 vel
2959 1720 3070 1775 alio
3101 1720 3363 1791 quopiam
3395 1735 3527 1776 casu
3571 1720 3638 1774 ad

397 1803 722 1876 Ἐκκλησίας
743 1807 1008 1876 χρήμασι.
1042 1806 1275 1859 Πλεῖστα
1309 1804 1367 1859 δέ
1410 1803 1479 1876 ἦν
1501 1822 1516 1839 °
1566 1807 1830 1861 πάντοθεν
1853 1808 1960 1879 γάρ

2064 1811 2308 1882 inopiam
2356 1810 2564 1866 redacti
2606 1823 2828 1880 essent;
2866 1811 3130 1882 quoniam
3175 1812 3464 1867 facultates
3510 1821 3643 1866 suas

385 1894 571 1948 πολλοὶ
600 1895 690 1950 τὸν
731 1896 960 1951 πλοῦτον
993 1896 1233 1960 εύσεσῶς
1272 1896 1584 1952 ἀναλίσκειν
1616 1897 1960 1968 προθέμενοι,

386 1985 482 2038 καλ⁵
523 1985 721 2051 ζῶντες
763 1990 830 2058 τῇ
886 1987 977 2040 ὑπ’
1025 1989 1187 2044 αὑτὸν
1221 1989 1485 2062 ἐκκλησίᾳ
1524 1993 1783 2062 παρεῖχον
1804 2031 1819 2056 ,
1865 1991 1960 2045 καὶ

384 2076 741 2142 τελευτῶντες
769 2078 1188 2149 κατελίμπανον.
1228 2080 1524 2152 Ἐθάρρουν
1554 2082 1686 2153 γάρ,
1714 2084 1790 2147 ὡς
1818 2084 1963 2137 οίκο-

385 2164 605 2231 νομικὺς
637 2167 730 2220 καὶ
777 2165 1027 2238 θεοφιλὴς
1059 2166 1155 2233 ὢν,
1192 2168 1333 2224 κατὰ
1364 2169 1589 2241 γνώμην
1617 2172 1803 2237 αὐτοῖς
1830 2174 1963 2225 ἀνα-

380 2252 543 2306 λώσει
562 2253 634 2307 τά
653 2254 820 2325 δῶρα.
845 2256 979 2309 Φασὶ
993 2255 1123 2324 γοῦν
1146 2274 1277 2311 ποτε
1298 2256 1494 2327 ὀλίγων
1518 2258 1598 2312 ἐτι
1620 2259 1958 2332 λειπομένων

380 2345 702 2416 χρημάτων,
749 2347 1052 2419 χαλεπῆναι
1079 2349 1177 2420 τῆς
1207 2349 1499 2421 ἐκκλησίας
1527 2350 1618 2407 τὸν
1658 2352 1956 2423 οἰκονόμον,

381 2436 475 2489 καὶ⁵
515 2437 589 2501 ὡς
615 2436 851 2492 δαπανὸν
895 2440 1056 2493 αὑτὸν
1110 2440 1461 2512 μέμψασθαι,
1495 2442 1587 2497 τὸν
1630 2442 1687 2497 δὲ
1721 2444 1842 2514 μηδ’
1867 2444 1957 2498 οὖ-

377 2542 489 2588 τως
533 2526 855 2596 καθυφεῖναι
904 2531 1033 2601 περὶ
1072 2532 1199 2595 τοὺς
1250 2531 1451 2595 ἐνδεεῖς
1486 2532 1954 2604 φιλοτιμούμενον.

391 2617 545 2672 Ἐπεὶ
575 2618 632 2672 δὲ
670 2621 845 2674 πάντα
893 2622 1155 2686 ἀνάλωτο,
1199 2624 1425 2689 ἐπιστάς
1460 2641 1544 2688 τις
1592 2624 1668 2695 τῷ
1701 2624 1957 2697 δωματίῳ

378 2704 441 2765 οὗ
464 2711 649 2782 διῆγεν
678 2715 705 2765 ὁ
730 2714 1027 2784 οἰκονόμος,
1063 2715 1345 2785 βαλάντιον
1376 2715 1587 2770 πολλῶν
1626 2716 1842 2788 χρυσῶν
1868 2736 1957 2771 νο-

383 2804 667 2874 μισμόιτων
689 2805 907 2859 ἔδωκεν.
952 2808 1038 2869 Ὠς
1062 2807 1118 2860 δέ
1144 2806 1268 2861 οὔτε
1293 2811 1322 2862 6
1348 2809 1492 2873 δοὺς,
1526 2809 1558 2880 ἢ
1588 2811 1616 2862 6
1646 2808 1953 2878 πεπομφὼς

378 2895 533 2966 δῆλος
558 2891 644 2967 ἦν,
677 2897 849 2950 ἐδόκει
877 2898 933 2951 δέ
963 2899 1266 2967 παράδοξον
1293 2900 1539 2965 εἰκότως,
1576 2902 1670 2954 ἐπ)⁸
1697 2901 1839 2955 δόσει
1867 2920 1956 2955 το-

382 2987 586 3042 σούτων
629 2990 928 3060 χρημάτων
959 2988 1245 3058 ἄνθρωπον
1276 2991 1550 3059 ἄγνωστον
1595 2992 1786 3047 ἐαυτὸν
1817 3009 1957 3065 παρ-

379 3077 542 3148 έχειν,
564 3080 683 3132 τότε
701 3079 764 3150 δὴ
788 3080 986 3144 πάντες
1000 3080 1059 3133 τὸ
1084 3082 1314 3153 πρᾶγμα
1329 3082 1469 3135 θεῖον
1485 3078 1621 3136 εἷναι
1644 3084 1951 3139 συνέϐαλον.

392 3169 531 3223 Ἀλλ’
554 3165 665 3224 οἷον
692 3171 877 3241 ἕτερον
913 3172 1038 3243 περὶ
1068 3173 1230 3226 αύτοῦ
1273 3173 1509 3243 λέγεται,
1540 3176 1633 3228 καὶ
1663 3176 1955 3247 ἀφηγήσα-

380 3258 503 3314 σθαι
533 3260 812 3332 βούλομαι.
844 3263 1188 3333 Πυνθάνομαι
1207 3264 1787 3336 τεθαυματουργῆσθαι
1818 3269 1957 3340 Γρη-

379 3350 548 3421 γορίῳ
592 3350 669 3422 τῷ
718 3351 1023 3424 θαυμασίῳ,
1068 3354 1128 3416 ὃς
1177 3354 1345 3408 πάλαι
1389 3357 1488 3425 τὴν
1526 3356 1956 3428 Νεοκαισάρειαν

378 3441 764 3511 ἐπετρόπευσε,
788 3443 883 3496 καὶ
908 3444 1051 3513 μάλα
1078 3444 1358 3515 πείθομαι.
1391 3446 1527 3499 Ἀλλ’
1544 3447 1605 3500 ού
1630 3448 1780 3520 παρὰ
1798 3448 1955 3503 τοῦτο

380 3534 669 3601 ἀπιστέον,
708 3536 892 3605 ὅμοιον
932 3538 1039 3590 καῖ
1079 3537 1379 3608 Ἐπιφανίῳ
1428 3539 1735 3610 είργάσθαι.
1799 3541 1955 3594 Ἐπεὶ

379 3624 500 3677 οὐδέ
533 3624 691 3694 μόνος
725 3625 930 3696 Πέτρος
952 3627 980 3679 6
1003 3626 1296 3691 ἀπόστολος
1344 3628 1533 3700 ἤγειρε
1562 3630 1775 3701 νεκρὸν,
1819 3630 1956 3685 ἀλλὰ

382 3716 473 3769 καὶ
515 3717 763 3786 Ἰωάννης
788 3719 815 3770 6
841 3718 1231 3793 εὐαγγελιστὴς
1262 3720 1321 3773 ἐν
1366 3720 1593 3793 Ἐφέσῳ,
1628 3722 1720 3774 καὶ
1762 3723 1954 3776 Φιλίπ-

381 3826 482 3861 που
517 3808 812 3881 θυγατέρες
840 3812 896 3862 ἐν
941 3811 1257 3882 Ἱεραπόλει.
1302 3814 1412 3866 Καὶ
1436 3813 1506 3868 τὰ
1527 3814 1666 3868 αὐτὰ
1695 3815 1954 3880 πολλάκις
1986 3884 1991 3889 ἢ

378 3898 830 3969 ἐξειργασμένους
874 3901 1053 3971 εὑρεῖν
1093 3901 1207 3955 ἐστι
1260 3902 1489 3968 πολλοὺς
1508 3904 1624 3957 τῶν
1658 3905 1827 3959 πάλαι
1860 3908 1955 3960 καὶ

376 3989 471 4043 νῦν
499 3991 761 4059 θεοφιλῶν
786 3991 1012 4059 ἀνδρῶν.
1049 3994 1203 4046 Ἐστι
1224 3994 1281 4047 δὲ
1299 3996 1517 4059 τοιόνδε,
1537 3995 1566 4048 6
1592 3995 1769 4065 λέγειν
1790 3997 1950 4051 θέλω⁶

392 4077 851 4149 Ἐπιτηρήσαντες
877 4079 969 4131 δύο
1004 4096 1145 4143 τινες
1181 4083 1385 4152 πτωχοὶ
1425 4084 1648 4138 ἐπιόντα
1682 4085 1773 4138 τὸν
1804 4087 1954 4139 Ἐπι-

379 4168 566 4236 φάνιον
595 4168 704 4239 (8'5)
732 4169 891 4222 πλέον
921 4187 973 4221 τι
1001 4169 1330 4238 κομίσασθαι
1360 4173 1894 4243 πραγματευόμενοι,
1924 4175 1952 4227 6

380 4259 477 4329 μὲν
496 4258 821 4328 ἐφαπλώσας
838 4259 1031 4313 ἑαυτὸν
1049 4259 1125 4329 τῷ
1142 4260 1347 4328 ἐδάφει,
1366 4259 1542 4315 ἔκειτο
1564 4262 1721 4332 δῆθεν
1736 4265 1950 4333 νεκρόςο

373 4351 402 4403 6
451 4348 543 4414 δέ,
604 4348 887 4421 παρεστὼς
943 4349 1191 4415 ἔκλαιεν,
1240 4344 1327 4406 οἶά
1380 4368 1444 4420 γε
1491 4352 1625 4422 ὁμοῦ
1686 4355 1952 4427 συνήθους

2055 1899 2171 1970 jam
2212 1899 2422 1970 pridem
2476 1915 2670 1956 omnes
2718 1900 3132 1970 absumpserat,
3171 1897 3418 1953 ecclesia:
3457 1895 3638 1959 bonis,

2062 1987 2155 2042 ubi
2178 2002 2317 2058 opus
2344 1996 2487 2050 erat.
2514 1988 2726 2058 prolixe
2749 1987 2959 2043 abusus
2985 1997 3091 2043 est.
3126 1985 3259 2039 Erat
3288 1995 3470 2041 autem
3496 1999 3640 2054 opu-

2060 2079 2373 2134 lentissima
2408 2079 2531 2149 ejus
2569 2077 2828 2134 ecclesia.
2860 2076 3017 2132 Multi
3049 2077 3197 2134 enim
3235 2093 3303 2132 ex
3340 2075 3509 2131 variis
3548 2091 3642 2130 or-

2057 2168 2145 2225 bis
2174 2168 2461 2239 partibus,
2521 2169 2616 2238 qui
2648 2182 2784 2238 opes
2822 2182 2954 2223 suas
2982 2169 3038 2224 iu
3090 2167 3216 2239 pios
3257 2182 3393 2222 usus
3425 2166 3641 2236 impen-

2056 2259 2190 2313 dere
2221 2255 2557 2325 studebant,
2599 2265 2654 2313 et
2695 2259 3030 2328 superstites
3066 2256 3192 2327 ejus
3243 2255 3497 2311 ecclesiae
3547 2270 3645 2311 eas

2056 2350 2393 2419 praebebant,
2426 2356 2481 2405 et
2518 2349 2817 2403 morientes
2840 2348 3021 2403 eidem
3052 2346 3468 2416 relinquebant.
3492 2345 3642 2401 Con-

2055 2442 2300 2497 ﬁdebant
2350 2442 2496 2497 enim
2532 2440 2710 2504 illutn,
2744 2446 2933 2511 utpote
2957 2439 3050 2509 qui
3097 2438 3304 2509 probus
3344 2437 3639 2506 dispensa-

2054 2542 2163 2601 tor,
2208 2534 2413 2605 Deique
2445 2531 2863 2587 amantissimus
2895 2540 3064 2594 esset,
3114 2545 3206 2586 res
3251 2529 3321 2584 ab
3366 2528 3504 2599 ipsis
3540 2528 3639 2581 do-

2055 2636 2218 2680 natas
2251 2639 2318 2680 ex
2354 2624 2602 2694 ipsorum
2633 2624 2909 2678 sententia
2954 2636 3019 2676 ac
3052 2620 3336 2676 voluntate
3371 2628 3635 2688 erogatu-

2055 2732 2197 2773 rum.
2233 2715 2484 2781 Quodam
2524 2714 2693 2786 igitur
2731 2720 3001 2782 tempore,
3045 2728 3170 2767 curn
3212 2726 3405 2781 pauca:
3455 2709 3640 2763 admo-

2055 2810 2185 2865 dum
2222 2808 2469 2880 pecuniae
2500 2815 2883 2877 superessent,
2918 2806 3075 2860 aiunt
3118 2804 3366 2860 ecclesia:
3413 2817 3638 2860 (nconc-

2056 2916 2204 2956 mum
2248 2899 2677 2961 succensuisse,
2718 2911 2956 2967 eumque
3009 2906 3274 2965 tanquam
3340 2892 3639 2964 prodigum

2056 2991 2494 3062 reprehendisse,
2524 2990 2677 3043 illum
2706 3003 2841 3042 vero
2873 3004 2942 3041 ne
2973 2995 3087 3041 tum
3114 2986 3341 3056 quidem
3370 2984 3436 3039 de
3473 2983 3638 3038 solita

2056 3099 2186 3156 erga
2238 3096 2508 3153 pauperes
2557 3079 2940 3136 muniﬁcentia
2978 3076 3281 3147 quidquam
3328 3075 3636 3131 remisisse.

2054 3175 2323 3231 Omnibus
2355 3181 2538 3229 autem
2569 3172 2934 3240 consumptis,
2961 3178 3181 3239 repente
3201 3167 3390 3223 nescio
3412 3166 3541 3236 quis
3571 3166 3638 3219 ad

2056 3263 2402 3329 cubiculum,
2448 3262 2614 3333 320
2634 3263 2691 3315 in
2714 3276 2826 3331 quo
2844 3259 3081 3329 degebat
3108 3271 3459 3319 mronomus,
3484 3270 3642 3311 acce-

2054 3359 2211 3423 dens,
2248 3371 2473 3413 saccum
2507 3356 2563 3409 in
2598 3369 2712 3425 quo
2735 3353 2891 3407 multi
2922 3358 3084 3407 erant
3113 3350 3267 3404 aurei
3312 3349 3547 3413 nummi,
3583 3348 3638 3402 in

2055 3465 2260 3505 manus
2279 3450 2331 3505 ei
2364 3447 2616 3502 tradidit.
2636 3446 2888 3516 Cumque
2925 3458 3027 3499 nec
3065 3444 3113 3498 is
3138 3442 3232 3512 qui
3263 3440 3512 3504 dederat,
3537 3455 3639 3494 nec

2055 3539 2103 3595 is
2119 3539 2211 3604 qui
2234 3538 2460 3593 miserat
2483 3542 2831 3601 nosceretur,
2850 3533 3246 3602 videreturque
3270 3531 3468 3585 merito
3488 3530 3639 3584 inso-

2054 3629 2195 3692 lens,
2220 3642 2558 3699 quemquam
2582 3627 2637 3680 in
2670 3633 2839 3680 tanta:
2867 3624 3121 3696 pecunia:
3152 3623 3445 3694 largitione
3463 3621 3639 3676 latere

2052 3700 2222 3785 velle,
2255 3729 2371 3774 tum
2402 3734 2538 3775 vero
2574 3718 2820 3774 universi
2848 3718 2901 3772 id
2937 3716 3031 3772 Dei
3068 3732 3208 3786 cpus
3251 3731 3377 3772 esse
3420 3708 3639 3785 judica-

2051 3820 2198 3867 runt.
2235 3810 2393 3864 Aliud
2425 3822 2685 3879 prmterea
2719 3808 2871 3880 quod
2907 3808 2977 3863 de
3011 3808 3107 3863 illo
3159 3807 3421 3869 refertur,
3473 3821 3632 3860 com-

2054 3918 2361 3959 memorare
2397 3903 2551 3958 libet.
2608 3902 2663 3957 Id
2691 3901 2916 3972 quidem
2949 3900 3018 3955 ab
3059 3898 3390 3952 admirando
3423 3898 3634 3968 Grego-

2052 3992 2139 4046 rio
2200 3992 2293 4060 qui
2342 3989 2844 4045 Neocazsariensem
2898 3988 3030 4042 olim
3082 3988 3229 4042 rexit
3289 3984 3632 4054 Ecclesium,

2050 4091 2266 4155 gestum
2300 4097 2423 4138 esse
2446 4080 2656 4150 accepi,
2690 4088 2745 4135 et
2771 4080 3003 4134 libenter
3036 4077 3225 4133 credo.
3262 4076 3366 4131 Sed
3395 4092 3506 4130 non
3541 4076 3628 4131 id-

2050 4175 2206 4230 circo
2249 4173 2581 4229 incredibile
2633 4170 2810 4225 videri
2860 4170 3045 4234 debet,
3103 4168 3247 4223 idem
3285 4182 3503 4238 quoque
3552 4166 3634 4221 fa-

2050 4273 2203 4321 ctum
2232 4278 2361 4319 esse
2389 4263 2459 4317 ab
2485 4263 2819 4333 Epiphanio.
2850 4259 3038 4330 Neque
3070 4261 3220 4314 enim
3252 4259 3405 4315 solus
3435 4256 3633 4314 Petrus

2051 4353 2340 4425 apostolus
2378 4360 2661 4406 mortuum
2712 4350 2782 4405 ab
2825 4349 3024 4405 inferis
3083 4348 3389 4416 excitavit,
3441 4363 3632 4401 verum

374 4439 601 4493 θάνατον
649 4440 1005 4511 ὀδυρόμενος,
1063 4441 1157 4495 καὶ
1202 4442 1285 4495 ὅτι
1334 4442 1466 4513 μηδὲ
1509 4443 1733 4499 θάπτειν
1784 4447 1945 4502 αὐτὸν

2057 4445 2215 4501 etiam
2249 4441 2491 4497 Joannes
2517 4441 2861 4511 evangelista
2888 4440 2943 4493 in
2979 4440 3113 4494 urbe
3148 4438 3365 4508 Epheso
3387 4478 3402 4504 ,
3427 4444 3481 4490 et
3503 4434 3631 4489 Phi-

371 4530 606 4595 δύναιτο,
649 4533 748 4602 τὴν
788 4533 975 4586 πενίαν
1009 4534 1519 4604 καταμεμφόμενος.
1598 4536 1656 4588 ὐ
1695 4537 1754 4590 δὲ
1796 4538 1946 4592 Ἑπι-

2050 4536 2187 4608 lippi
2217 4535 2340 4590 tiliae
2387 4532 2692 4604 Hierapoli.
2736 4532 3049 4602 Mullosque
3104 4539 3217 4584 tam
3258 4546 3325 4584 ex
3364 4527 3629 4598 antiquis,

375 4624 581 4691 φάνιος,
611 4625 668 4676 ἐν
696 4624 1001 4679 ἀναπαύσει
1032 4622 1171 4680 εἶναι
1202 4626 1292 4679 τὸν
1326 4625 1581 4696 κείμενον
1600 4628 1822 4698 ηῠξατο,
1846 4632 1943 4685 καὶ

2057 4645 2213 4701 quam
2242 4645 2308 4685 ex
2336 4637 2542 4683 nostra:
2575 4625 2859 4682 memoriae
2905 4625 3012 4695 piis
3058 4623 3402 4686 hominibus,
3433 4620 3625 4676 eadem

371 4718 439 4771 τὰ
476 4717 611 4788 πρὸς
635 4717 733 4789 τὴν
759 4718 976 4788 κηδείαν
1002 4719 1281 4790 ἐπιτήδεια
1308 4718 1585 4785 δεδωκὼς,
1638 4722 1928 4791 Ἐπιμελού
1943 4776 1960 4802 ,

2057 4736 2417 4793 saepenumero
2447 4720 2689 4791 gessisse
2722 4718 3118 4788 comperimus.
3172 4715 3233 4769 ld
3266 4723 3450 4768 autem
3479 4710 3628 4784 quod

372 4809 509 4878 φησὶ
563 4809 642 4878 τῷ
676 4809 986 4880 δακρύοντι,
1021 4810 1119 4880 τῆς
1146 4810 1345 4881 ταφῆς,
1381 4811 1476 4864 καὶ
1514 4811 1687 4864 παύου
1714 4813 1936 4880 κλαίων,

2057 4815 2227 4871 iicere
2242 4813 2525 4885 proposui,
2556 4811 2876 4881 huiusmodi
2903 4816 3024 4865 est:
3059 4808 3178 4861 Duo
3206 4806 3431 4878 quidam
3456 4821 3613 4860 men-

369 4895 415 4953 ὦ
447 4900 652 4955 τέκνον.
695 4901 770 4954 υύ
802 4900 909 4972 γὰρ
945 4901 1303 4971 ἀναστήσεται
1350 4901 1465 4957 νῦν.
1524 4903 1597 4956 Τὸ
1630 4902 1686 4957 δὲ
1724 4905 1815 4959 ἐπὶ
1864 4906 1941 4977 τῷ

2057 4907 2183 4974 dici,
2213 4921 2338 4962 cum
2370 4904 2740 4975 Epiphanium
2772 4900 3084 4957 venientem
3119 4898 3534 4965 observasscnt,
3566 4907 3624 4956 ut

444 5055 457 5083 ¹
490 5051 651 5108 Socr.
674 5053 838 5119 lib.v,
874 5069 942 5125 c..
978 5054 1066 5109 Μ.

1567 5197 1830 5253 VALESll
1867 5197 2413 5253 ANNOTATIONES.

370 5294 490 5333 rum
522 5279 589 5334 de
633 5279 737 5362 hoc
788 5280 1317 5362 moreAllunnoruu}
1353 5285 1701 5362 aliorumque
1741 5290 1943 5362 ibarba-
2046 5305 2110 5362 es
2136 5291 2326 5345 codice
2356 5288 2737 5362 Fukctianoet
2761 5287 3172 5362 exb‘icephoro,
3204 5288 3294 5362 qui
3329 5302 3425 5356 pro
3450 5286 3619 5362 ἐσπάτ

370 5365 579 5428 "NW".
604 5352 717 5428 __qui
751 5352 1016 5428 conjectis
1052 5354 1266 5428 laqueis
1297 5354 1546 5428 homines
1577 5352 1942 5426 abripiebant,
2049 5358 2212 5422 σθαι,
2279 5360 2541 5428 scriptum
2602 5360 2802 5413 habent
2860 5352 3105 5420 ἐσπάθα,
3170 5352 3374 5425 optime
3426 5356 3615 5428 procul

371 5418 923 5499 ttittlta_olittt_ttolav_i
962 5422 1023 5499 _in
1050 5418 1543 5499 Observationibus
1588 5429 1653 5480 ad
1686 5418 1780 5482 ιίι).
1814 5418 1942 5483 xxxi
2046 5418 2236 5482 dubio.
2263 5418 2555 5499 Iéitsi'enim
2621 5429 2833 5499 σπαθᾷν
2874 5418 3335 5499 οὺυιίίδίςηίἶίςοι
3368 5418 3622 5499 et'_l_uxu-

368 5488 646 5569 Ammiani
675 5488 974 5569 Marcellini
1001 5531 1014 5552 ,
1062 5508 1186 5562 pag.
1226 5495 1372 5569 417_,
1412 5497 1611 5569 quibus
1633 5499 1744 5569 hoc
1777 5500 1940 5553 etiam
2047 5499 2205 5559 riari,
2243 5497 2559 5551 adverbium
2595 5488 2953 5566 tamen'quod
2988 5488 3228 5549 additum
3266 5502 3405 5569 est__a_
3449 5494 3622 5546 Sozo.

373 5557 500 5610 addi
545 5558 726 5635 velint.
780 5560 919 5635 Idem
969 5557 1187 5635 quoque
1233 5579 1261 5635 a
1307 5557 1580 5635 Sarmatis
1627 5567 1938 5623 factitatum
2052 5557 2230 5627 nte-nu,
2262 5569 2411 5620 verbi
2444 5568 2699 5621 duritiem
2737 5557 3192 5635 teniperatatque
3220 5564 3447 5635 emollit.

370 5628 737 5709 esse.scrib.it
782 5628 1112 5709 Pausanias"
1144 5634 1195 5685 in
1239 5634 1455 5688 Atticis.
1514 5634 1618 5691 Ubi
1670 5640 1940 5709 interpres
2121 5640 2231 5706 (83)
2280 5638 2555 5691 Ἀπιόντιι
2587 5639 2692 5689 τόν
2737 5628 3186 5709 ξιιῖπίξᾲνιοικΊη
3226 5631 3415 5709 υυίίςίυθ
3445 5629 3589 5709 “FC

371 5695 563 5776 cupit;
600 5697 738 5776 male
769 5700 1170 5776 _it_nterpreta_tus
1195 5711 1553 5776 est_(_‘alt‘n:ts.
1816 5695 1831 5709 ⁸
2050 5695 2197 5760 tiuno
2216 5695 2492 5776 scriptum
2520 5717 2602 5761 est
2629 5695 3222 5776 ὲπιόνταξΝἰαινιιυιτηδ
3245 5707 3424 5753 autem
3453 5700 3615 5753 habet

451 5766 563 5836 (δὲ)
605 5769 704 5833 ΕΙς
758 5769 896 5822 δέοι·
933 5771 1250 5829 ἑστιᾶσθαι.
1293 5774 1441 5829 ΙΙιιιις
1498 5776 1676 5830 locum
1730 5780 1941 5832 correxi

2057 5796 2119 5829 ππ
2135 5766 2508 5848 ριόντα,’σιηυ‹1
2549 5778 2746 5832 rectius
2784 5798 2801 5827 ·.
2821 5775 3016 5829 ἰιίυιιινι
