4066 6338
335 391 449 447 150⁸3

1324 383 1649 441 HISTORIA
1689 382 2242 443 ECCLESIASTICA.
2267 415 2329 426 -
2364 383 2490 440 LlB.
2526 383 2663 442 Vlll.

3431 389 3567 447 1516

335 503 450 561 νὼς·
490 500 555 550 ἐκ
609 494 809 551 τούτων
850 497 905 551 δὲ
960 496 1091 552 δέκα
1140 495 1232 550 καὶ
1277 495 1337 563 ἐξ
1391 497 1731 555 ἐϐασίλευσε.
1784 500 1892 555 Καὶ

2004 504 2163 553 natus
2196 497 2323 567 plus
2356 498 2544 554 minus
2576 505 2866 571 sexaginta
2899 517 2911 553 :
2941 513 3006 555 ex
3038 500 3240 572 quibus
3276 500 3568 573 imperavit

334 589 581 659 διαδόχους
611 587 869 641 κατέλιπε
919 588 1017 659 τῆς
1070 588 1279 661 ἀρχῆς,
1322 590 1604 660 Ἀρκάδιον
1647 591 1745 664 μὲν
1795 592 1884 646 τὸν

336 679 578 752 τρεσϐύτε
590 696 678 751 ρον
706 679 813 733 τῶν
835 680 1014 744 υἱέων,
1036 681 1143 734 τῶν
1169 681 1307 752 πρὸς
1330 682 1447 736 Ἕω
1476 682 1646 737 ἐθνῶν
1664 699 1678 714 ·
1717 682 1884 737 ’0νώ-

338 789 427 839 ριον
461 772 517 824 δὲ
541 811 555 832 ,
584 770 692 825 τῶν
722 770 858 841 πρὸς
896 772 1166 843 Ἑσπέραν
1190 788 1206 804 °
1262 775 1430 844 ἄμφω
1476 775 1533 829 δὲ
1586 775 1887 846 ὁμόφρονες

333 864 395 935 τῷ
448 863 613 935 πατρὶ
659 863 788 935 περὶ
833 864 935 936 τὴν
984 864 1279 936 θρησκείαν
1317 866 1630 938 ἐγενέσθην.
1674 867 1888 936 Ἠγεῖτο

331 957 376 1007 δὲ
412 954 530 1007 τότε
583 954 682 1023 τῆς
739 953 1029 1024 Ῥωμαίων
1070 955 1393 1026 Ἐκκλησίας
1440 957 1576 1028 μετὰ
1613 957 1885 1029 Δάμασον,

334 1046 550 1119 Σιρίκιος
574 1063 587 1075 ·
613 1045 713 1115 τῆς
752 1044 809 1097 δὲ
841 1046 898 1097 ἐν
924 1046 1492 1101 Κωνσταντινουπόλει
1510 1086 1525 1111 ,
1550 1048 1853 1118 Νεκτάριος
1869 1064 1885 1079 ·

331 1137 570 1206 Θεόφιλος
618 1137 706 1202 δὲ,
755 1137 856 1208 τῆς
892 1138 951 1190 ἐν
1003 1138 1413 1210 ’Δλεξανδρείᾳο
1461 1139 1558 1192 καὶ
1594 1139 1889 1205 Φλαϐιανὺς

331 1231 414 1300 τῆς
454 1229 770 1300 Ἀντιοχέων
802 1244 815 1259 ·
872 1231 967 1285 καὶ
1029 1231 1284 1301 Ἰωάννης
1330 1230 1431 1299 τῆς
1482 1230 1885 1303 Ἱεροσολύμων.

341 1323 415 1374 Ἐν
447 1322 617 1392 τούτῳ
645 1323 702 1377 δὲ
728 1314 918 1377 Οὗννοι
947 1322 973 1362 δ
1008 1322 1274 1396 βάρϐαροι
1317 1324 1607 1395 Ἀρμενίας
1643 1325 1741 1378 καὶ
1789 1325 1891 1395 τῆς

331 1415 453 1487 πρὸς
485 1415 601 1469 Ἕω
622 1416 931 1488 ἀρχομένης
958 1417 1096 1489 μέρη
1118 1420 1239 1472 τινα
1270 1417 1626 1489 κατέδραμον.
1646 1417 1893 1486 Ἐλέγετο

399 1506 469 1571 ὡς
502 1505 677 1578 λάθρα
697 1506 917 1572 τούτους
946 1509 1257 1580 ἐπηγάγετο
1286 1510 1380 1563 ἐπὶ
1408 1511 1622 1581 ταραχῇ
1661 1508 1762 1580 τῆς
1796 1506 1893 1579 βα-

254 1638 269 1658 .
334 1597 522 1663 σιλείας
563 1598 673 1669 (95)
718 1599 1021 1668 Ῥουφῖνος,
1065 1602 1094 1653 ὁ
1136 1603 1236 1673 τῆς
1288 1601 1575 1672 Ἀνατολῆς
1626 1600 1890 1673 ὕπαρχος,

332 1687 558 1752 ὕποπτος
593 1688 668 1743 ὢν
694 1691 787 1743 καὶ
815 1690 1017 1756 ἄλλως,
1052 1691 1128 1756 ὡς
1158 1695 1437 1763 τυραννεῖν
1467 1692 1733 1763 βούλεται.
1752 1691 1891 1745 Ἀλλ’

254 1767 265 1772 ’
330 1783 355 1834 ὁ
384 1780 476 1852 μὲν
508 1781 602 1834 ἐπὶ
633 1780 854 1854 τοιαύτῃ
901 1782 1049 1854 αἰτίᾳ
1089 1783 1188 1837 οὐκ
1231 1784 1313 1848 εἰς
1365 1783 1583 1856 μακρὰν
1628 1783 1889 1859 ἀνῃρέθη.

1990 589 2296 646 sexdecim.
2353 587 2754 647 Successorem
2803 605 2937 647 vero
2964 592 3187 663 imperii
3222 594 3472 664 reliquit,
3511 595 3568 650 ln

1987 679 2235 738 Orientis
2260 675 2489 753 quidem
2536 684 2810 753 partibus,
2850 684 3149 740 Arcadium
3209 686 3382 742 ﬁlium
3436 698 3571 743 natu

1987 769 2257 839 majorem
2308 787 2324 825 :
2382 769 2441 826 in
2495 767 2794 827 Occidente
2839 780 3025 829 autem
3088 772 3422 841 Honorium,
3475 777 3572 846 qui

1988 862 2216 932 quidem
2255 863 2421 941 a_mbo
2450 865 2701 921 eamdem
2733 881 2858 921 eum
2895 874 3059 937 patre
3096 866 3225 922 ﬁdei
3259 867 3571 923 doctrinam

1988 955 2164 1010 secuti
2201 965 2351 1011 sunt.
2386 955 2629 1011 Praeerat
2657 965 2795 1014 tunc
2820 958 3112 1029 temporis,
3154 958 3425 1015 Ecclesiae
3450 960 3573 1031 qui-

1989 1045 2113 1102 dem
2164 1047 2425 1102 llomana:
2456 1055 2584 1119 post
2616 1049 2914 1107 Damasum
2965 1049 3208 1105 Siricius
3250 1068 3265 1105 :
3298 1049 3576 1107 Constan-

1990 1137 2371 1208 tinopolitanae
2399 1156 2530 1197 vero
2559 1139 2852 1197 Nectarius
2877 1159 2892 1208 ;
2920 1140 3358 1197 Alexandrinam
3386 1151 3573 1197 autem

1992 1228 2303 1287 Ecclesium
2358 1231 2703 1304 Theophilus
2766 1232 3119 1304 gubernabat
3179 1251 3194 1288 :
3260 1232 3587 1289 Antiochia!

1991 1319 2316 1388 Flavianus,
2365 1320 2615 1381 Joannes
2663 1340 2794 1381 vero
2836 1323 3239 1397 Hierosolymis
3287 1326 3576 1396 episcopa-

1994 1420 2109 1467 tum
2158 1413 2445 1484 gerebant.
2502 1414 2608 1470 Per
2657 1416 2800 1472 idem
2843 1424 3063 1486 tempus
3133 1415 3320 1472 Hunni
3356 1415 3575 1472 barbari

1992 1502 2315 1559 Armeniam
2355 1513 2411 1560 et
2438 1505 2578 1562 alias
2613 1507 2872 1578 regiones
2897 1504 3205 1564 Orientalis
3234 1508 3454 1579 imperii
3487 1509 3579 1564 de-

1993 1602 2303 1652 vastarunt.
2372 1594 2683 1654 Dicebatur
2747 1605 2932 1655 autem
2988 1597 3222 1655 Ruﬁnus
3275 1598 3576 1669 praafectus

1995 1687 2261 1758 praetorio
2304 1703 2404 1760 per
2452 1686 2737 1746 Orientem
2808 1705 2908 1746 eos
2947 1690 3265 1746 clanculum
3298 1704 3579 1753 ,evocasse

1997 1777 2067 1833 ad
2102 1779 2546 1850 perturbandum
2580 1779 2801 1850 imperii
2832 1786 3040 1835 statum
3074 1779 3320 1849 :quippe
3357 1780 3454 1850 qui
3495 1778 3579 1833 af-

331 1846 472 1942 ":‘lpa
506 1873 613 1943 γὰρ
657 1874 721 1926 ἐκ
754 1846 853 1944 τῆς
890 1846 1035 1928 κατὸι
1065 1846 1324 1945 Εὐγενίου
1365 1846 1546 1948 μάχης
1593 1846 1896 1949 ἐπανῆλθέν

2004 1846 2217 1925 fectata:
2276 1869 2591 1942 tyrannidis
2644 1846 2944 1939 suspectus
3008 1846 3178 1924 esset.
3215 1846 3432 1924 Verum
3490 1867 3579 1924 hic

1919 1935 1973 1982 \

331 1968 361 2036 ἡ
391 1965 648 2037 στρατιὰ,
678 1966 771 2020 καὶ
800 1966 829 2019 ὁ
856 1966 1128 2038 βασιλεὺς,
1155 1968 1231 2032 ὡς
1276 1967 1396 2033 ἔθος
1418 2009 1434 2034 ,
1470 1968 1577 2041 πρὸ
1610 1969 1711 2037 τῆς
1742 1968 1900 2024 Κων-

2004 1959 2219 2033 quidem
2252 1976 2374 2018 eam
2402 1962 2475 2019 ob
2503 1976 2730 2019 causam
2766 1977 2878 2016 non
2915 1962 2991 2016 ita
3021 1961 3195 2016 multa
3229 1968 3355 2031 post
3407 1960 3582 2016 truci-

332 2048 812 2123 σταντινουπόλεως
866 2058 1132 2130 ὑπήντετο
1156 2100 1172 2124 ,
1226 2060 1392 2132 μηδὲν
1447 2060 1813 2133 μελλήσαντες
1847 2059 1898 2114 ei

332 2148 651 2219 στρατιῶται
700 2149 792 2203 τὸν
840 2150 1118 2219 Ῥουφῖνον
1161 2151 1506 2209 ἀπέκτειναν.
1554 2155 1793 2225 Ἐγίνετο
1839 2155 1897 2210 δὲ

332 2242 420 2295 καὶ
456 2241 623 2295 ταῦτα
655 2241 922 2311 πρόφασις
962 2241 1042 2296 ἔτι
1084 2244 1282 2314 μᾶλλον
1311 2245 1606 2305 ἐπιδιδόναι
1631 2246 1732 2319 τὴν
1765 2248 1899 2321 θρη-

336 2332 534 2386 σκείαν.
560 2331 628 2385 Oi'
648 2349 708 2384 τε
738 2332 845 2404 γὰρ
873 2333 1195 2403 κρατοῦντες
1221 2335 1326 2389 ὑπὸ
1360 2335 1643 2402 εὐσεϐείας
1671 2339 1900 2409 ἡγοῦντο

332 2422 404 2492 τῷ
439 2423 621 2494 οξκείῳ
644 2424 812 2495 πατρὶ
844 2424 942 2488 τὰς
972 2424 1112 2479 κατὰ
1152 2425 1262 2479 τῶν
1285 2427 1563 2499 τυράννων
1602 2428 1900 2502 κατορθοῦ-

334 2513 451 2566 σθαι
480 2511 635 2577 νίκας
660 2552 674 2578 ,
709 2514 803 2566 καὶ
835 2513 1114 2583 Ῥουφῖνον
1141 2516 1423 2571 ἐπίϐουλον
1448 2519 1577 2573 ὄντα
1598 2521 1695 2591 τῆς
1721 2522 1899 2576 αὐτῶν

331 2606 532 2678 ἀρχῆς,
568 2605 809 2659 ἐκποδὼν
843 2605 1013 2670 οὕτως
1047 2607 1254 2664 ἀκονιτὶ
1292 2612 1640 2683 γεγενῆσθαι.
1676 2614 1783 2668 Καὶ
1814 2614 1902 2670 διὰ

330 2697 486 2751 τοῦτο
514 2697 579 2751 τὰ
612 2697 910 2768 δεδογμένα
941 2701 1056 2763 τοῖς
1089 2701 1217 2773 πρὶν
1266 2702 1577 2773 βασιλεῦσιν
1614 2705 1753 2776 ὑπὲρ
1792 2706 1902 2761 τῶν

342 2787 693 2858 Ἐκκλησιῶν,
728 2789 1134 2862 προθυμότερον
1166 2792 1358 2863 βέϐαια
1380 2794 1740 2863 ἐφυλάττοντο
1764 2797 1899 2868 (94),

332 2882 423 2935 καὶ
453 2880 660 2951 δωρεὰς
697 2881 833 2945 ἰδίας
865 2883 1274 2953 προσετίθεσαν.
1304 2887 1372 2940 Οἵ
1397 2903 1455 2940 τε
1504 2887 1733 2959 ὑπήκοοι
1768 2889 1903 2959 πρὸς

329 2972 547 3037 τούτους
577 2972 899 3042 βλέποντες,
959 2975 1219 3046 Ἕλληνες
1262 2977 1360 3047 μὲν
1424 2978 1622 3050 ῥᾳδίως
1664 2980 1744 3042 είς
1771 2980 1905 3050 Χρι-

332 3066 644 3136 στιανισμὺν
679 3066 974 3138 μετέϐαλον
998 3087 1010 3099 ·
1037 3070 1302 3141 αἱρετικοὶ
1337 3070 1395 3124 δὲ
1422 3072 1486 3142 τῇ
1514 3071 1742 3124 καθόλου
1781 3072 1905 3126 Ἐκ-

1997 2054 2163 2110 datus
2191 2060 2298 2111 est.
2331 2052 2472 2109 Nam
2508 2068 2638 2110 cum
2671 2055 2953 2109 exercitus
3005 2069 3072 2109 ex
3122 2052 3267 2108 bello
3316 2051 3583 2109 adversus

1998 2143 2306 2216 Eugenium
2343 2159 2606 2201 reversus
2625 2151 2811 2209 esset,
2844 2154 2902 2198 et
2934 2144 3262 2214 imperator,
3310 2153 3370 2198 ut
3410 2141 3582 2199 meris

1997 2244 2129 2304 est,
2168 2247 2327 2294 extra
2378 2237 2573 2293 urbem
2629 2235 3303 2306 Constantinopolitanam
3360 2233 3582 2291 obviam

1999 2328 2053 2389 ei
2089 2329 2450 2396 occurrisset,
2486 2328 2695 2384 milites
2725 2328 2869 2383 nihil
2913 2326 3159 2382 cunctati
3206 2324 3463 2381 Ruﬁnum
3491 2326 3583 2381 in-

2000 2420 2364 2477 terfecerunt.
2424 2418 2602 2475 Porro
2662 2434 2730 2474 ex
2824 2420 2927 2482 hac
2988 2417 3285 2474 occasione
3318 2457 3334 2484 ,
3394 2417 3585 2488 religio

2001 2511 2167 2585 324
2203 2511 2524 2567 Christiana
2560 2511 2744 2566 adhuc
2778 2509 2961 2580 majus
2994 2512 3395 2564 incrementum
3430 2522 3587 2563 acce-

2001 2605 2102 2676 pit.
2167 2603 2259 2659 Sic
2296 2604 2445 2659 enim
2481 2603 2845 2673 imperatores
2895 2615 3227 2673 persuasum
3284 2600 3584 2664 habebant,

2003 2696 2190 2768 pietati
2221 2696 2621 2775 ascribendum.
2652 2710 2806 2759 esse,
2842 2695 2993 2766 quod
3027 2702 3082 2750 et
3105 2704 3262 2766 pater
3331 2693 3583 2764 ipsorum

2002 2789 2294 2845 victoriam
2335 2787 2404 2843 de
2433 2787 2688 2859 tyrannis
2716 2795 3058 2858 reportasset
3087 2828 3103 2852 ,
3132 2795 3185 2841 et
3231 2786 3378 2856 quod
3412 2783 3580 2838 Ruﬁ—

2005 2896 2132 2948 nus,
2172 2880 2270 2952 qui
2301 2882 2551 2950 ipsorum
2582 2879 2818 2949 imperio
2840 2879 3241 2943 insidiabatur,
3276 2886 3388 2933 tam
3421 2877 3587 2934 facile

2012 2972 2331 3029 exstinctus
2361 2971 2578 3026 fuisset.
2614 2972 2796 3040 Atque
2829 2970 3035 3025 idcirco
3070 2985 3133 3025 ea
3183 2985 3305 3040 quae
3348 2986 3379 3024 a
3424 2985 3588 3040 supe.

2006 3062 2250 3118 rioribus
2286 3061 2634 3133 principibus
2666 3077 2766 3132 pro
2807 3061 3181 3117 Ecclesiarum
3205 3062 3445 3117 utilitate
3486 3054 3601 3118 de-A

331 3155 527 3229 κλησίᾳ
562 3155 960 3228 προσεχώρουν.
1011 3159 1076 3212 υἱ
1130 3159 1187 3213 δὲ
1238 3159 1346 3215 ἀπὸ
1393 3162 1493 3232 τῆς
1549 3161 1760 3233 ’Δρείου
1814 3165 1902 3217 καὶ

2009 3162 2161 3209 creta
2219 3154 2476 3220 fuerant,
2519 3154 2883 3225 propensiore
2937 3155 3122 3208 animo
3151 3153 3586 3221 conﬁrmarunt,

331 3248 594 3318 Εὐνομίου
661 3247 968 3319 αἱρέσεως,
1027 3250 1119 3304 καὶ
1187 3251 1267 3304 ὅτι
1341 3252 1476 3322 πρὸς
1534 3254 1676 3321 σφᾶς
1734 3254 1906 3325 ἐδιχο-

331 3340 482 3395 νόουν
514 3340 625 3412 (95)
674 3340 763 3394 διὰ
808 3343 906 3406 τὰς
953 3340 1188 3412 πρόσθεν
1219 3343 1514 3413 εἰρημένας
1546 3342 1724 3407 αἰτίας
1745 3382 1759 3406 ,
1787 3342 1906 3396 ἐκά-

333 3451 486 3487 στοτε
528 3432 825 3507 ὲμειοῦντο.
854 3434 1043 3487 Πολλοὶ
1088 3434 1198 3505 γὰρ
1236 3436 1301 3487 ἐκ
1329 3435 1429 3503 τῆς
1469 3435 1606 3505 πρὸς
1644 3433 1906 3505 ἀλλήλους

331 3529 733 3599 ἐναντιότητος,
765 3528 864 3581 οὐκ
895 3526 1072 3600 ὀρθῶς
1110 3526 1308 3589 αὐτοὺς
1346 3525 1474 3596 περὶ
1502 3525 1636 3578 Θεοῦ
1664 3524 1907 3591 δοξάζειν

331 3614 613 3684 ἐνόμιζον,
647 3617 743 3670 καὶ
789 3616 926 3687 πρὸς
976 3618 1102 3680 τοὺς
1152 3614 1437 3687 ὁμοδόξους
1486 3619 1597 3681 τοῖς
1647 3617 1909 3687 κρατοῦσι

334 3707 693 3776 μετετίθεντο.
712 3708 849 3772 Τοὺς
875 3710 933 3763 δὲ
966 3711 1023 3763 ἐν
1051 3709 1612 3764 Κωνσταντινουπόλει
1634 3709 1701 3763 τὰ
1723 3711 1911 3764 Μακε-

330 3797 508 3850 δονίου
564 3798 894 3869 φρονοῦντας
946 3800 1179 3853 ἔϐλαπτε
1225 3799 1346 3853 κατ’
1375 3802 1549 3853 ἐκεῖνο
1593 3801 1786 3871 καιροῦ
1833 3800 1908 3872 μὴ

331 3889 477 3958 ἔχειν
518 3891 830 3946 ἐπιὶσκοπον.
882 3893 996 3960 Ἀφ’
1026 3885 1086 3946 οὗ
1132 3891 1240 3963 γὰρ
1272 3892 1364 3945 ἐπὶ
1395 3892 1495 3961 τῆς
1530 3893 1908 3945 Κωνσταντίου

332 3982 611 4049 βασιλείας
663 3984 815 4053 παρὰ
849 3983 1101 4057 Εὐδοξίου
1146 3984 1240 4038 καὶ
1277 3983 1384 4036 τῶν
1422 3982 1559 4054 ἀμφ’
1593 3983 1754 4037 αὐτὸν
1808 3982 1909 4047 τὰς

330 4073 632 4143 ἐκκλησίας
693 4074 1077 4148 ἀφῃρέθησαν,
1133 4074 1237 4128 ὑπὸ
1283 4074 1466 4144 μόνοις
1516 4073 1908 4145 πρεσϐυτέροις

413 4258 426 4287 ¹
469 4254 766 4320 Socr.,lib.
793 4272 843 4321 v,
868 4268 989 4325 cap.
1023 4254 1076 4312 l.

2011 3257 2064 3302 et
2092 3247 2315 3316 prepria
2345 3246 2448 3316 ipsi
2474 3246 2622 3302 dena
2662 3260 2726 3301 ac
2755 3245 3021 3302 beneﬁcia
3056 3244 3410 3316 adjecerunt.
3447 3245 3586 3302 Sub-

2013 3336 2119 3392 diti
2148 3352 2280 3392 vero
2305 3338 2375 3391 ad
2410 3338 2725 3408 principum
2773 3339 3084 3407 exemplum
3114 3354 3236 3392 sese
3264 3336 3588 3404 formantes,

2011 3429 2213 3500 pagani
2246 3430 2469 3500 quidem
2511 3429 2581 3484 ad
2627 3429 2996 3485 Christianam
3044 3430 3373 3500 religionem
3432 3428 3593 3487 facile

2014 3523 2366 3588 transibant,
2409 3524 2661 3580 haeretici
2718 3538 2851 3580 vero
2902 3524 2967 3578 ad
3015 3522 3323 3579 Ecelesiam
3358 3524 3593 3579 catholi-

2014 3630 2136 3671 cam
2156 3631 2281 3672 sese
2314 3615 2710 3687 adjungebant.
2736 3617 2930 3671 Ariani
2961 3625 3145 3671 autem
3174 3625 3229 3672 et
3264 3614 3592 3671 Eunomiani

2011 3708 2275 3778 quoniam
2313 3708 2459 3763 inter
2495 3709 2712 3777 seipsos
2736 3707 3083 3763 dissidebant
3112 3707 3183 3762 ob
3212 3722 3418 3762 causas
3454 3723 3594 3777 quas

2012 3812 2183 3867 supra
2212 3798 2675 3863 commemoravi,
2707 3799 2760 3852 in
2789 3798 2911 3854 dies
2944 3799 3119 3869 magis
3175 3798 3459 3868 magisque
3490 3801 3593 3853 im-

2011 3891 2428 3946 minuebantur.
2457 3891 2534 3945 Ex
2571 3899 2762 3946 mutua
2791 3893 2939 3946 enim
2990 3894 3137 3947 inter
3179 3892 3330 3962 ipsos
3376 3892 3594 3949 discor-

2016 3982 2135 4047 dia,
2176 3984 2335 4038 multi
2360 3999 2456 4039 eos
2484 3999 2594 4038 non
2627 3995 2776 4040 recte
2796 3985 2863 4039 de
2894 3984 3003 4039 Deo
3026 3985 3591 4056 sentirejudicabant,

2015 4083 2072 4129 et
2112 4075 2180 4130 ad
2212 4075 2362 4143 illos,
2430 4073 2524 4146 qui
2555 4076 2799 4146 ejusdem
2830 4090 2955 4131 cum
3011 4076 3441 4148 imperatoribus
3471 4080 3594 4136 ﬁdei

1477 4403 1750 4463 VALESll
1786 4402 2349 4466 ANNOTATIONES.

412 4546 525 4614 (95)
575 4545 700 4600 Ἐπὶ
732 4545 805 4616 τῇ
833 4544 990 4616 ἀρχῇ
1015 4546 1126 4614 τῆς
1158 4544 1503 4612 βασιλείας.
1539 4539 1699 4616 Hunc
1728 4541 1902 4616 locum

2016 4541 2287 4616 suSpicari
2332 4544 2485 4616 quis
2515 4543 2731 4615 possit,
2779 4544 3289 4616 hancpcalumniam
3332 4547 3600 4607 adversus

327 4612 556 4671 correxi
585 4631 648 4670 ex
679 4612 880 4672 codice
900 4612 1202 4671 unicum
1228 4657 1242 4678 ,
1294 4617 1347 4668 in
1381 4631 1492 4685 quo
1526 4614 1741 4685 diserte
1766 4612 1910 4685 scri-

330 4697 492 4762 ptum
516 4697 600 4740 est
620 4688 710 4762 ἐπὶ
736 4688 1073 4762 ταραχῇτῆς
1098 4680 1413 4762 βασιλείας,’
1429 4685 1600 4762 ferro
1617 4684 1683 4737 de
1701 4680 1913 4762 llunnis

326 4755 404 4812 ad
442 4758 739 4811 vastandas
764 4755 1004 4812 Orientis
1033 4755 1343 4826 provincias
1369 4772 1397 4809 a
1426 4755 1623 4808 Ruﬁno
1674 4755 1915 4826 evocatis

327 4828 536 4880 St'l'lbll
569 4827 733 4880 etiam
764 4822 1102 4881 Claudianus
1135 4829 1187 4880 in
1228 4828 1371 4881 libro
1398 4841 1435 4878 ιι
1470 4826 1733 4879 Adversus
1771 4822 1916 4891 Ruﬁ-

326 4914 489 4951 num.
565 4896 820 4962 Ejusdem
897 4897 1220 4966 irruptionis
1282 4895 1604 4966 Hunnorum
1668 4893 1917 4966 meminit

326 4971 538 5043 beatus
576 4962 1031 5043 llieronymusin
1055 4965 1339 5043 Epitaphie
1380 4963 1637 5043 Fabiola}:
1692 4962 1915 5043 Exque

323 5039 608 5093 discimus
638 5053 757 5090 eam
779 5033 1113 5105 contigisse
1142 5033 1382 5091 Arcadio
1416 5051 1474 5089 ιιι
1507 5044 1557 5090 et
1594 5033 1836 5087 Ilonorio
1867 5048 1905 5086 ιι

323 5108 698 5171 consulibus,
743 5121 887 5162 anno
917 5109 1047 5161 Chr.
1088 5107 1229 5172 594,
1275 5107 1405 5171 dum
1439 5107 1722 5160 Romanus
1756 5117 1914 5157 excr-

323 5179 488 5231 ιιίιιιε
517 5178 570 5230 in
607 5179 765 5252 Italia
790 5178 1023 5241 abesset,
1059 5178 1200 5231 bello
1220 5178 1364 5252 civili
1392 5182 1582 5230 contra
1610 5172 1909 5252 Eugenium

322 5257 665 5315 occupatus.
730 5247 903 5313 Quam
956 5249 1419 5317 opportunitatem
1466 5244 1633 5317 __nacti
1709 5242 1913 5317 lluuni,

329 5313 650 5370 llmnannm
685 5317 911 5371 limitem
938 5313 1201 5371 nudatum
1226 5318 1372 5371 omni
1408 5314 1635 5368 militum
1661 5313 1916 5382 praesidio

323 5397 657 5450 cernentes,
689 5388 743 5442 in
773 5386 1017 5443 Orientis
1046 5388 1357 5457 provincias
1390 5380 1724 5452 irruperunt.
1759 5380 1916 5438 Unde

2022 4608 2278 4666 Bullinum
2349 4608 2637 4670 conﬁctam
2674 4630 2797 4671 esse
2836 4631 2866 4668 a
2912 4614 3209 4677 Stilicone,
3246 4624 3305 4670 ut
3343 4628 3600 4678 evocatus

2022 4682 2092 4760 ab
2122 4697 2187 4760 eo
2214 4681 2445 4741 Hunnos
2476 4700 2605 4760 esse
2630 4684 2839 4739 diceret
2864 4726 2878 4751 ,
2933 4688 3026 4755 qui
3069 4693 3268 4757 suopte
3317 4697 3467 4743 motu
3501 4706 3599 4760 per

2024 4752 2248 4824 limitem
2281 4764 2556 4824 patentem
2593 4755 2928 4822 irruperant.

2097 4822 2207 4898 (9i)
2246 4822 2477 4898 Βέϐαιαλ
2505 4823 2934 4898 ἐφυλάττοντο.
2979 4824 3437 4898 Malimscribere
3467 4828 3601 4898 ἐφύ-

2022 4891 2233 4968 λαττόν-
2284 4912 2360 4968 τε
2397 4896 2492 4968 καλ¹
2536 4891 2745 4964 δωρεὰς
2787 4894 2924 4968 ἰδίας
2963 4896 3375 4968 προσετίθεσαν.
3425 4891 3604 4968 Atque

2022 4962 2096 5017 ita
2134 4964 2261 5038 legit
2301 4962 2676 5038 Niceplrorujs,
2734 4962 3148 5038 ut_videre'_est_
3180 4967 3387 5038 in‘cap.
3420 4969 3472 5032 l,
3504 4962 3599 5023 lib.

2021 5048 2145 5087 xm.
2175 5028 2350 5091 Porro
2394 5028 2462 5092 de
2506 5028 2717 5104 legibus
2766 5036 2835 5087 ab
2867 5036 3107 5090 Arcadio
3138 5036 3190 5090 in
3234 5028 3467 5093 exordio
3496 5039 3602 5092 im-

2020 5105 2160 5171 perii
2200 5106 2324 5160 latis
2371 5121 2472 5176 pro
2520 5107 2631 5176 ﬁde
2677 5105 2946 5159 catholica
2976 5175 2988 5176 ί
3018 5106 3140 5176 vide
3195 5106 3489 5163 Baronium
3546 5109 3600 5162 in

2021 5183 2169 5245 torno
2199 5175 2397 5245 quinto
2436 5175 2748 5245 Annalium,
2779 5189 2922 5245 anno
2952 5175 3084 5230 Chr.
3122 5175 3245 5231 595.

2096 5244 2208 5316 (95)
2252 5245 2361 5299 Καὶ
2411 5246 2501 5299 ὅτι
2554 5244 2704 5312 πρὸς
2751 5244 2917 5314 σφᾶς
2965 5246 3189 5312 αὐτοὺς
3221 5246 3597 5316 ἐδιχονόουν.

2026 5312 2237 5435 Μτιὲιειιι
2292 5317 2537 5371 scribere
2597 5312 2952 5386 tranSpositis
3004 5312 3454 5375 vocabulisfért
3509 5317 3602 5369 καὶ

2026 5400 2100 5435 πο
2132 5401 2178 5435 ς.
2212 5395 2320 5435 etc.

2023 5395 2178 5454 προς,
2212 5395 2320 5440 etc.

1775 5534 2163 5618 vamOnuu.

415 5686 447 5723 h
516 5684 618 5737 ‘Er
668 5685 858 5749 τούτῳ
915 5685 982 5736 δὲ
1049 5677 1285 5739 Οὗννοι.
1354 5680 1648 5736 Contendit
1711 5667 1914 5749 Pagins

319 5765 543 5809 centra
591 5751 902 5815 Valesium,
967 5755 1107 5807 hanc
1174 5754 1493 5808 llunnnrum
1557 5754 1916 5820 irruptionem

318 5827 650 5895 contigisse
697 5838 840 5878 anno
876 5824 1085 5880 Christi
1133 5825 1265 5889 595,
1315 5838 1460 5878 anno
1506 5823 1713 5878 scilicet
1745 5823 1919 5879 serius

2023 5691 2086 5731 ac
2126 5676 2374 5800 Ivialesius
2413 5682 2641 5751 putavit.
2685 5680 2821 5739 Vide
2867 5696 2990 5738 eum
3028 5681 3094 5736 ad
3126 5694 3327 5735 annum
3364 5679 3598 5753 dictum,

2027 5757 2084 5800 ll°
2194 5788 2206 5800 .
