4066 6338
594 369 736 432 ili”

596 493 901 544 nectatores
932 495 1122 553 erant,
1154 484 1725 557 transgrediebantur.
1769 485 2177 544 Macedonianis

596 587 781 635 autem
835 580 929 649 qui
963 585 1125 634 erant
1178 577 1813 650 Constantinopoliuid
1868 579 2174 650 plurimum

597 672 805 735 nocuit,
835 626 983 741 quod
1015 685 1084 727 eo
1115 678 1371 741 tempore
1397 626 1612 725 nulluin
1647 626 1930 727 habebant
1957 672 2175 742 episco-

595 781 749 836 pum.
782 764 920 819 Nam
947 779 1013 819 ex
1042 779 1154 836 quo
1192 763 1481 821 Eudoxius
1525 779 1654 820 cum
1695 765 1850 831 suis,
1907 772 2177 835 regnante

591 856 946 921 Constantio,
994 856 1267 913 ecclesias
1319 857 1431 913 illis
1478 856 1780 922 ademerat,
1818 856 2175 927 sequentium

591 949 855 1020 deinceps
887 949 1292 1020 imperatorum
1318 949 1683 1019 temporibus,
1733 949 1838 1004 sub
1872 948 2007 1005 solis
2048 963 2175 1018 pre-

592 1045 831 1115 sbyteris
865 1051 1313 1113 permanserunt.
1343 1044 1413 1099 At
1447 1041 1759 1107 Novatiani,
1796 1042 1927 1097 licet
1951 1042 2174 1112 quidam

591 1137 836 1207 ipsorum
881 1136 1093 1191 turbati
1126 1144 1316 1192 essent
1356 1137 1428 1191 ob
1459 1136 1821 1206 quaestionem
1841 1134 1909 1191 de
1937 1132 2170 1198 Pascha,

590 1244 754 1298 quam
812 1226 1110 1284 Sabbatius
1164 1230 1329 1299 paulo
1379 1236 1509 1285 ante
1556 1228 1922 1293 excitaverat,
1976 1226 2173 1296 majori

591 1330 775 1377 tamen
813 1336 878 1377 ex
912 1331 1065 1391 parte
1119 1321 1175 1375 in
1205 1320 1454 1377 Ecclesia
1488 1335 1587 1376 sua
1615 1320 1981 1390 quieverunt.
2034 1317 2172 1373 Nam

588 1429 770 1483 neque
792 1413 988 1468 iisdem
1014 1413 1194 1484 pomis
1225 1428 1289 1467 ac
1311 1413 1546 1483 legibus,
1566 1413 1766 1481 quibus
1806 1412 2035 1482 reliquae
2062 1411 2172 1465 ha:-

588 1494 760 1570 rcses,
793 1506 1019 1561 obnoxii
1056 1512 1213 1561 erant
1237 1545 1252 1570 ,
1293 1513 1487 1574 utpote
1533 1505 1628 1576 qui
1675 1502 2003 1559 Trinitatem
2034 1517 2171 1558 con-

587 1598 1011 1656 substantialem
1059 1606 1401 1663 assererent,
1448 1602 1503 1651 ct
1555 1604 1691 1652 tunc
1745 1595 2037 1666 temporis,
2101 1596 2173 1653 ob

588 1691 964 1761 praestantiam
994 1690 1383 1760 episcoporum
1430 1702 1685 1753 suorum,
1737 1687 1986 1743 ﬁrmiore
2023 1688 2172 1743 inter

589 1795 650 1834 se
670 1778 970 1834 concordia
1004 1778 1248 1832 devincti
1279 1784 1458 1832 erant.
1492 1774 1628 1830 Nam
1660 1784 1785 1847 post
1819 1776 2000 1847 Agclii
2027 1791 2169 1848 prat-

588 1872 827 1927 sulatum
890 1870 1231 1925 Marcianum
1288 1869 1593 1925 antistitem
1625 1869 1773 1924 nacti
1802 1868 2045 1938 fuerant,
2086 1870 2168 1925 vi-

586 1979 710 2020 rum
745 1962 1049 2035 egregium.
1085 1962 1208 2028 Quo
1234 1977 1332 2032 per
1362 1962 1415 2017 id
1448 1970 1673 2032 tempus
1700 1977 1893 2017 recens
1923 1970 2165 2029 mortuo,

586 2059 964 2129 episcopatum
995 2054 1121 2124 ejus
1147 2054 1397 2124 suscepit
1452 2053 1693 2110 Sisinius
1716 2092 1731 2118 ,
1786 2054 1875 2108 vir
1918 2053 2169 2124 apprime

587 2149 862 2209 eruditus.
889 2158 941 2203 et
970 2146 1477 2219 phi|030pbicorum
1535 2146 1855 2217 dogmatum
1889 2160 1955 2200 ac
1983 2159 2166 2201 saera-

587 2258 710 2297 rum
737 2240 1149 2310 Scripturarum
1191 2237 1427 2292 scientia
1470 2237 1836 2301 instructus‘,
1874 2236 1941 2291 ad
1975 2235 2167 2307 dispu-

586 2332 818 2386 tandum
880 2344 1104 2398 quoque
1155 2335 1444 2398 promptus
1471 2342 1537 2383 ac
1582 2334 1811 2399 paratus
1856 2344 1870 2381 :
1909 2326 2048 2384 adeo
2105 2333 2168 2382 ut

586 2424 708 2493 ipse
736 2436 954 2492 quoque
1000 2418 1331 2488 Eunomius,
1387 2420 1482 2491 qui
1516 2435 1584 2476 eo
1648 2420 1875 2475 nomine
1924 2419 2167 2476 celebris

589 2514 913 2577 habebatur,
950 2517 1004 2567 ct
1027 2511 1171 2566 hanc
1196 2518 1371 2567 artem
1399 2511 1673 2583 praecipue
1703 2512 2007 2576 excolebat,
2040 2526 2165 2567 cum

585 2624 653 2663 eo
680 2605 945 2677 congredi
978 2619 1357 2676 saepenumero
1377 2606 1672 2662 recusarit.
1701 2606 1778 2661 Ac
1800 2606 1910 2660 vita
1944 2605 2165 2676 quidem

585 2707 773 2755 castus
799 2707 965 2779 atque
996 2699 1212 2769 integer
1244 2698 1370 2762 fuit,
1400 2697 1473 2751 ita
1500 2705 1560 2753 ut
1587 2699 1736 2753 omni
1762 2699 2043 2754 calumnia
2068 2713 2166 2754 su-

586 2794 970 2863 periorcs'set,
1008 2793 1157 2847 victu
1203 2800 1384 2847 tamen
1431 2792 1672 2847 delicato
1710 2807 1775 2846 ac
1841 2789 2162 2863 superﬂuo;

587 2884 724 2940 adeo
768 2894 826 2939 ut
861 2882 899 2938 ii
954 2884 1157 2954 quibus
1205 2883 1430 2955 ignotus
1473 2889 1617 2947 erat,
1674 2883 2007 2953 persuadere
2059 2882 2165 2939 sibi

586 2991 695 3033 non
731 2983 982 3045 possent,
1016 2975 1172 3029 illum
1224 2975 1281 3029 in
1317 2976 1488 3030 tantis
1542 2975 1765 3032 deliciis
1803 2975 2165 3030 nihilominus

588 3077 991 3140 temperantem
1026 3083 1171 3124 csse.
1214 3067 1463 3125 Moribus
1492 3083 1659 3138 porro
1681 3068 1963 3139 jucundus
2014 3076 2161 3135 erat,

2057 366 2283 423 $010M
2294 368 2381 423 ΕΝ
2388 371 2406 424 l

3514 440 3517 443 .
3657 384 3761 441 ιτιιε

2206 494 2247 549 Α
2284 489 2443 561 μέχρι
2474 492 2570 561 τῆς
2608 492 2875 563 ἐχομένης
2919 492 3193 563 βασιλείας
3227 496 3522 563 διεγένοντο.
3552 500 3760 556 Ναυτικ-

2277 583 2361 637 νοὶ
2402 583 2491 650 δὲ,
2533 586 2582 637 εί
2630 585 2724 638 καί
2768 601 2922 649 τινας
2963 585 3169 641 τούτων
3202 587 3535 660 ὲτὰραττενὴ
3576 594 3762 663 περὶτοῦ

2278 675 2471 745 Πάσχα
2494 675 2722 745 ζήτησις
2744 719 2762 742 ,
2784 678 2850 748 ἢν
2872 677 3174 741 scaeam;
3208 679 3535 750 ἐνεωτέρισεν
3551 722 3563 745 ,
3591 682 3681 736 ἀλλ’
3700 683 3766 739 οὖν

2276 768 2325 820 oi
2358 767 2576 830 πλείους
2601 768 2694 821 ἐπὶ
2713 768 2813 839 τῆς
2843 770 3021 824 αὐτῶν
3058 769 3383 839 Ἐκκλησίας
3418 773 3638 843 ἠρέμουν.
3664 776 3759 831 Οῡτε

2276 859 2384 930 γὰρ
2436 861 2549 923 τοῖς
2588 860 2773 923 αὐτοῖς
2820 862 3116 932 ἐπιτιμίοις
3160 862 3192 932 ἢ
3228 862 3406 932 νόμοις
3436 905 3448 927 ,
3479 867 3648 934 ὁμοίως
3679 872 3762 934 ταῖς

2277 951 2466 1014 ἄλλαις
2508 951 2787 1023 αἱρέσεσιν
2815 951 2983 1023 ἔνοχοι
3015 949 3185 1024 ἦσαν,
3221 954 3296 1016 ὼς
3336 955 3590 1024 ὁμοούσιον
3612 958 3762 1028 Τριάδα

2276 1041 2612 1110 δοξάζοντες,
2663 1045 2759 1097 καὶ
2825 1045 2946 1098 τότε
3002 1045 3345 1116 βεϐαιότερον
3396 1052 3457 1118 τῇ
3510 1051 3651 1123 ἀρετῇ
3690 1055 3765 1107 τῶν

2276 1135 2593 1206 ἡγουμένων
2629 1136 2945 1191 συνίσταντο
2976 1137 3114 1208 πρὸς
3145 1139 3412 1208 ὁμόνοιαν.
3429 1141 3564 1193 Μετά
3589 1144 3677 1215 γὰρ
3697 1146 3766 1217 τὴν

2290 1228 2528 1298 Ἀγελίου
2558 1229 2913 1300 προστασίαν,
2942 1229 3043 1299 τῆς
3081 1232 3397 1302 Μαρκιανοῦ
3424 1235 3592 1306 ἀνδρὸς
3616 1238 3767 1306 ἀγειθοῦ

2273 1322 2629 1392 τετυχήκασι.
2647 1321 2755 1375 Kal.
2775 1321 2966 1375 τούτου
2988 1320 3044 1374 δὲ
3080 1321 3307 1392 ἔναγχος
3334 1326 3466 1378 κατὰ
3488 1327 3567 1378 τὸν
3585 1330 3767 1397 πειράττά

2273 1414 2464 1486 χρόνον
2490 1413 2912 1486 τελευτήσαντος
2945 1426 2993 1480 ο,
3014 1415 3286 1481 διεδέξατο
3308 1417 3404 1488 τὴν
3436 1418 3582 1472 αὑτοῦ
3605 1423 3769 1476 ἐπισκο-

2275 1505 2382 1578 πὴν
2412 1507 2644 1570 Σισίνιος
2664 1546 2677 1569 ,
2710 1505 2849 1577 ἀνὴρ
2874 1505 3160 1578 ἐλλόγιμος
3196 1507 3279 1561 ὅτι
3314 1508 3565 1578 μάλιστα,
3600 1512 3675 1564 καί
3709 1530 3768 1581 et-

2272 1597 2515 1667 λοσόφων
2541 1598 2828 1669 δογμάτων
2851 1597 2948 1651 καὶ
2970 1598 3082 1651 τῶν
3110 1597 3269 1669 ιερῶν
3300 1598 3466 1666 λόγων
3497 1600 3769 1672 ἐπιστήμων,

2273 1690 2368 1744 καὶ
2406 1689 2541 1760 πρὸς
2593 1688 2854 1754 διαλέξεις
2893 1689 3109 1761 ἕτοιμος
3134 1707 3147 1719 ’
3175 1691 3250 1754 ὡς
3300 1692 3394 1744 καὶ
3439 1690 3665 1763 Εὐνόμιον
3706 1694 3772 1744 ἐπὶ

2271 1780 2499 1845 ταύταις
2520 1780 2908 1853 εὐδοκιμοῦντα
2928 1823 2943 1848 ,
2989 1782 3084 1834 καὶ
3109 1781 3269 1835 τοῦτο
3294 1782 3451 1853 ἔργον
3497 1783 3770 1853 ποιούμενον,

2272 1873 2533 1936 πολλάκις
2566 1873 3008 1946 παραιτήσασθαι
3034 1874 3162 1937 τοὺς
3193 1875 3334 1946 πρὸς
3366 1876 3515 1929 αὑτὸν
3537 1876 3771 1942 διαλόγοις.

2281 1966 2533 2035 Ἐγένετο
2580 1966 2640 2021 δὲ
2693 1966 2929 2039 σώφρων
2974 1965 3066 2019 τὸν
3120 1965 3268 2037 βίον,
3304 1966 3379 2029 ὡς
3416 1967 3647 2037 κρείττων
3674 1961 3774 2019 εἶναι

2268 2057 2552 2129 διαῦολῆς,
2595 2058 2724 2130 περὶ
2755 2058 2812 2112 δὲ
2844 2056 2941 2131 τὴν
2969 2059 3178 2112 δίαιταν
3212 2058 3382 2131 ἁϐρὸς
3435 2059 3521 2111 καὶ
3560 2059 3773 2120 ποικίλοςο

2269 2148 2344 2212 ὼς
2374 2148 2502 2212 τοὺς
2533 2148 2863 2217 ἀγνοοῦντας
2887 2150 3158 2216 ἀπιστεῖν,
3194 2150 3242 2203 εί
3286 2152 3569 2222 σωφρονεῖν
3593 2149 3773 2211 δύναιτο,

2268 2237 2523 2292 τοσοῦτον
2553 2238 2800 2309 τρυφῶν.
2833 2239 2906 2292 Τὸ
2957 2239 3015 2291 δὲ
3043 2233 3176 2309 ἦθος
3233 2233 3308 2309 ἦν
3339 2240 3540 2309 χαρίεις
3581 2241 3660 2293 καὶ
3686 2239 3777 2308 ἡδὺς

2269 2332 2327 2385 ἐν
2348 2333 2470 2395 ταῖς
2500 2331 2808 2395 συνουσίαις
2829 2346 2842 2359 ·
2876 2332 2971 2385 καὶ
3000 2330 3089 2386 διά
3132 2331 3309 2386 ταῦτα
3352 2334 3442 2386 καὶ
3483 2335 3582 2396 τοῖς
3610 2331 3776 2384 ἐπισκό-

2270 2443 2391 2490 ποις
2438 2423 2540 2495 τῆς
2580 2423 2809 2478 καθόλου
2853 2424 3215 2495 Ἐκκλησίας,
3253 2426 3350 2479 καὶ
3391 2427 3497 2488 τοῖς
3548 2426 3599 2477 ὲν
3633 2425 3778 2496 ἀρχαῖς

2269 2519 2364 2571 καὶ
2395 2514 2577 2583 λόγοις
2602 2512 2935 2584 καταθύμιος
2979 2510 3070 2585 ἦν,
3114 2514 3391 2569 σκώπτειν
3424 2533 3479 2567 τε
3513 2515 3597 2568 σὺν
3621 2515 3776 2585 χάριτι,

2268 2607 2362 2661 καὶ
2398 2605 2751 2677 σκωμμάτων
2780 2604 3105 2676 ἀνέχεσθαι,
3137 2606 3232 2659 καὶ
3264 2607 3517 2678 ἑκάτερον
3548 2605 3779 2676 ἀπεχθέσς

2268 2699 2425 2763 ἐκτὸς
2467 2698 2796 2770 ὑπομένειν,
2832 2696 3059 2768 κομψῶς
3100 2713 3161 2751 τε
3214 2700 3316 2752 σὺν
3362 2697 3512 2768 τάχει
3558 2697 3672 2770 πρὸς
3708 2695 3778 2757 τὰς

2268 2790 2567 2861 ἐρωτήσεις
2599 2789 2863 2860 ὑπαντᾷν,
2884 2784 2942 2842 εὖ
2971 2788 3116 2859 μάλα
3148 2788 3471 2859 ἐπιτηδείως
3502 2786 3775 2860 ἔχων.Ἒρω·

2267 2883 2454 2954 τηθεὶς
2482 2879 2576 2937 οὖν
2606 2884 2727 2936 ὅτου
2763 2883 2927 2937 ἕνεκα
2956 2882 3210 2951 δεύτερον
3245 2882 3453 2937 λούοιτο
3482 2883 3573 2953 τῆς
3598 2881 3777 2950 ἡμέρας,

2267 2977 2566 3041 ἐπίσκοπος
2598 2976 2700 3030 ὧν·
2731 2977 2853 3030 Ὀτι
2884 2976 2957 3048 μὴ
2987 2977 3188 3048 τρίτον,
3216 2976 3345 3048 ἔφη,
3372 2975 3568 3046 φθάνω.
3602 2969 3781 3027 Ἐπεὶὸι

2266 3068 2433 3139 λευκῇ
2456 3066 2641 3138 ἐσθῆτι
2674 3067 2900 3121 διετέλει
2933 3065 3215 3138 χρώμενος
3237 3109 3252 3133 ,
3284 3056 3561 3134 ἐπέσκωψέ
3580 3083 3650 3127 τις
3673 3060 3781 3131 αὐτῷ

588 3176 651 3215 ac
687 3161 873 3216 suavis
900 3161 958 3215 in
988 3161 1379 3231 congressibus
1412 3179 1428 3214 τ
1464 3170 1628 3231 atque
1651 3160 1862 3217 idcirco
1895 3176 2020 3217 cum
2047 3160 2162 3230 epi-

2202 3171 2236 3233 B
2264 3159 2373 3213 τῶν
2394 3159 2501 3213 ἀπὸ
2529 3160 2627 3229 τῆς
2659 3157 2890 3213 καθόλου
2928 3158 3280 3229 Ἐκκλησίας.
3323 3160 3383 3212 Ὀ
3423 3158 3478 3212 δὲ
3502 3156 3622 3227 πρὸς
3646 3152 3779 3207 αὑτόν·

550 3254 553 3259 ’
593 3253 782 3321 scopis
813 3251 1079 3307 Ecclesiae
1113 3252 1422 3316 catholicae,
1468 3260 1586 3306 tum
1641 3251 2060 3320 magistratibus
2111 3257 2165 3305 ct

586 3342 806 3397 erudito
834 3343 1036 3413 cuique
1064 3349 1184 3397 erat
1229 3349 1513 3411 acceptus.
1563 3339 1778 3410 Quippe
1824 3341 2002 3411 jocari
2037 3355 2162 3394 cum

588 3441 901 3500 venustate,
929 3441 987 3489 et
1012 3433 1173 3503 jocos
1218 3434 1492 3503 patienter
1542 3432 1816 3501 excipere,
1868 3440 2167 3501 utrumque

588 3541 724 3582 vero
750 3528 890 3581 citra
922 3525 1191 3580 offensam
1245 3524 1450 3591 facere,
1515 3531 1781 3594 praeterea
1809 3524 2167 3593 interrogatis

591 3619 768 3673 facete
839 3632 905 3671 ac
950 3616 1207 3671 celeriter
1256 3615 1592 3686 respondere
1650 3616 1853 3671 eximie
1911 3615 2165 3671 callebat.

589 3710 749 3782 325
783 3707 1022 3762 Proinde
1048 3708 1425 3778 interrogatus
1456 3708 1775 3777 aliquando.
1808 3710 2164 3778 quamobrem

590 3817 714 3855 cum
745 3800 1035 3870 episcopus
1081 3807 1251 3867 esset,
1285 3799 1372 3856 bis
1396 3814 1494 3869 per
1546 3799 1692 3854 diem
1726 3798 1937 3855 lavarct
1967 3818 1982 3855 :
2026 3798 2166 3866 Quia

589 3902 694 3958 tcr,
726 3894 930 3964 inquit,
965 3908 1077 3949 non
1111 3893 1337 3947 accedo.
1389 3891 1606 3947 Rursus
1631 3892 1888 3963 quoniam
1929 3892 2167 3947 candida

586 3998 741 4045 veste
772 3998 1036 4059 perpetuo
1063 3987 1354 4049 utebatur,
1379 3984 1601 4040 derisus
1632 3992 1719 4040 est
1752 3997 1782 4037 a
1806 3982 2044 4054 quodam
2071 3982 2169 4039 Ec-

586 4083 766 4139 clesiae
801 4081 1091 4136 catholicae
1125 4079 1267 4134 viro.
1297 4077 1377 4132 Ad
1407 4091 1571 4147 quem
1596 4076 1690 4130 ille
1726 4093 1740 4129 :
1784 4074 2017 4131 Ubinam
2038 4090 2168 4131 vero

588 4156 856 4245 scriptum
882 4185 989 4241 est,
1022 4171 1227 4243 inquit,
1256 4171 1415 4240 nigra
1466 4176 1619 4225 veste
1666 4168 1821 4224 indui
1871 4167 2168 4238 oportere?

588 4267 690 4333 Qui
722 4281 848 4323 cum
880 4265 1157 4333 haesisset,
1194 4261 1433 4332 subjecit
1474 4260 1713 4316 Sisinius
1743 4278 1756 4313 :
1802 4258 1885 4315 Tu
1947 4261 2164 4330 quidem

589 4372 870 4427 nunquam
898 4356 949 4410 id
977 4355 1273 4411 ostendere
1306 4352 1581 4422 potueris.
1626 4350 1759 4405 Mihi
1792 4366 1925 4406 vero
1955 4352 2170 4422 sapien-

589 4451 837 4505 tissimus
872 4448 1096 4501 Salomo
1131 4444 1379 4517 prmcipit
1405 4444 1490 4499 his
1512 4444 1695 4498 verbis
1735 4463 1748 4498 :
1790 4461 1809 4495 ι
1844 4442 1964 4498 Sint
1991 4446 2161 4500 vesti-

590 4550 775 4596 menta
805 4549 898 4594 tua
927 4552 1143 4607 semper
1168 4538 1330 4592 alba'
1358 4555 1371 4591 :
1406 4555 1425 4589 ι
1466 4543 1521 4592 et
1540 4536 1797 4592 Christus
1824 4538 1962 4605 ipse,
1984 4536 2080 4606 qui
2109 4536 2163 4591 in

589 4631 900 4703 Evangeliis
942 4643 1158 4699 semper
1187 4627 1405 4682 albatus
1445 4627 1720 4693 cernitur,
1767 4637 1821 4682 et
1883 4626 2161 4696 ejusmodi

588 4734 744 4781 veste
773 4724 998 4779 indutos
1029 4721 1229 4777 Mosem
1262 4729 1435 4791 atque
1480 4719 1691 4775 Heliam
1733 4720 2001 4789 apostolis
2046 4719 2164 4776 suis

589 4817 860 4873 exhibuit.
885 4814 1035 4871 Istud
1063 4830 1291 4885 quoque
1316 4827 1439 4868 meo
1468 4812 1688 4883 quidem
1721 4811 1935 4882 judicio
1984 4812 2165 4881 lepide

590 4910 797 4966 dictum
841 4917 926 4965 est
953 4924 983 4962 a
1030 4905 1234 4964 Sisinio
1269 4923 1281 4960 :
1315 4905 1637 4961 Morabatur
1672 4902 2163 4974 Constantinopoli

591 5001 852 5059 Leontius
897 5001 1185 5072 episcopus
1212 4998 1533 5072 Ancyrae'in
1577 4995 1812 5062 Galatia,
1845 4996 1937 5066 qui
1982 4995 2177 5051 Novam

665 5136 681 5166 ³
721 5136 876 5190 Socr.
909 5134 1006 5190 lib.
1047 5150 1121 5197 γι,
1152 5148 1271 5205 cap.
1300 5131 1389 5187 22.
1471 5132 1489 5162 ’
1521 5131 1669 5186 Eccl.
1704 5147 1779 5193 ις,
1812 5129 1862 5182 8.

2270 3250 2483 3304 Οὐκοῦν
2510 3252 2632 3303 είπὲ
2660 3292 2673 3312 ,
2711 3249 2813 3302 ποῦ
2845 3250 3060 3322 εἴρηται
3105 3250 3314 3321 ἐσθῆτα
3351 3251 3594 3322 μέλαιναν
3636 3246 3780 3316 χρῆντι

2266 3342 2667 3421 ἀμφιέννυσθαι
2693 3359 2706 3408 ;
2730 3341 2837 3395 Τοῦ
2864 3343 2919 3396 δὲ
2947 3344 3334 3413 ἀπορήσαντος
3354 3385 3368 3409 ,
3402 3341 3664 3397 ὑπολαϐὼν
3690 3337 3780 3407 ἔφη·

2267 3438 2340 3490 Σὺ
2367 3437 2465 3507 μὶν
2499 3435 2656 3489 τοῦτο
2690 3437 2791 3489 οὐκ
2830 3435 2895 3489 ἂν
2936 3434 3203 3501 ἐπιδεῖξαι
3233 3437 3470 3508 δυνήσῃ·
3504 3434 3615 3506 ἐμοὶ
3650 3433 3694 3485 δὲ
3717 3432 3782 3481 καὶ

2268 3528 2518 3600 Σολομῶν
2554 3529 2583 3581 ό
2614 3527 2955 3598 σοφώτατος,
2985 3528 3274 3583 Ἕστωσάν
3307 3545 3402 3581 σου
3434 3528 3497 3580 τὰ
3537 3525 3697 3596 ἱμάτια
3723 3520 3784 3574 ἀεὶ

2266 3621 2457 3688 λευκὰ,
2486 3623 2745 3691 παραινεῖ
2770 3619 2971 3689 λέγων·
3008 3620 3102 3673 καὶ
3131 3620 3296 3684 αὐτὸς
3329 3622 3357 3673 ὁ
3383 3618 3602 3690 Χριστὸς
3628 3612 3783 3681 λευχεῐ-

2272 3729 2387 3783 μων
2422 3714 2480 3766 ὲν
2501 3715 2613 3777 τοῖς
2645 3710 3003 3780 Εὑαγγελίοις
3032 3711 3363 3781 φαινόμενος
3389 3750 3403 3775 ,
3431 3709 3619 3779 Μωσῆν
3641 3723 3689 3758 τε
3718 3700 3784 3755 καὶ

2283 3803 2468 3857 Ἠλίαν
2493 3803 2766 3868 τοιούτους
2790 3806 2903 3868 τοῖς
2925 3801 3247 3866 ἀποστόλοις
3278 3802 3596 3864 ἐπιδεικνύς.
3624 3799 3683 3851 Οὐ
3709 3794 3783 3865 μῆν

2269 3892 2405 3947 ἀλλὰ
2454 3894 2674 3949 κάκεῖνο
2715 3893 2823 3947 τῶν
2874 3894 3177 3965 εἰρημένων
3201 3894 3426 3964 Σισινίῳ
3464 3892 3636 3965 χάριεν
3654 3881 3769 3958 οἶμαι

2283 3984 2561 4055 Ἐνεδήμει
2614 3986 2714 4056 μὲν
2765 3987 2832 4058 τῇ
2881 3985 3457 4039 Κωνσταντινουπόλει
3505 3975 3784 4042 Λεόντιος,ὁ

2270 4076 2419 4148 παρά
2470 4077 2739 4141 Γαλάταις
2770 4077 2872 4147 τῆς
2908 4078 3181 4149 Ἀγκύρας
3231 4078 3550 4140 ἐπίσκοπος.
3602 4070 3784 4141 ,Ἐκκλη-

2270 4169 2391 4232 σίας
2437 4169 2493 4222 δὲ
2542 4167 2652 4222 τῶν
2690 4170 2869 4222 ἐκεῖσε
2922 4168 3282 4236 Ναυατιανῶν
3319 4168 3655 4238 ἀφῃρημένος
3688 4160 3781 4227 (θθλ

2265 4255 2369 4330 ἧκε
2421 4260 2558 4331 πρὸς
2596 4260 2758 4315 αὐτὸν
2811 4260 3104 4313 ἀπολαϐεῖν
3148 4257 3360 4335 ταύτας
3396 4258 3646 4328 δεόμενος,
3676 4250 3782 4304 'Ezai

2265 4352 2323 4405 δὲ
2348 4352 2449 4405 οὐκ
2492 4352 2742 4406 ἀπεδίδου
2766 4390 2781 4416 ,
2834 4351 3092 4422 ἐλοιδόρει
3124 4350 3179 4403 δὲ
3206 4353 3340 4414 τοὺς
3376 4346 3710 4407 Ναυατιανοὺς
3734 4341 3785 4403 ὡς

2267 4444 2367 4497 οὐκ
2397 4443 2583 4509 ἀξίους
2615 4443 3015 4514 ἐκκλησιάζειν,
3048 4444 3342 4514 μετάνοιαν
3365 4443 3461 4497 καί⁵
3488 4441 3580 4513 τὴν
3610 4440 3664 4491 ἐκ
3688 4431 3785 4487 θεοῦ

2198 4516 2243 4575 υ
2270 4535 2678 4608 φιλανθρωπίαν
2713 4537 2957 4609 ἀναιρεῖν
3010 4536 3208 4599 αὐτοὺς
3258 4535 3460 4604 λέγων,
3506 4530 3649 4585 Ἀλλά
3694 4525 3784 4597 ili".

2264 4630 2367 4699 ἔφη
2400 4628 2632 4692 Σισίνιος
2659 4670 2675 4695 ν
2703 4628 2874 4692 οὐδεὶς
2903 4627 3077 4692 οὕτως
3114 4627 3189 4692 ὡς
3226 4628 3343 4697 ἐγὼ
3382 4627 3634 4699 μετανοεῖ.
3675 4621 3785 4691 Ἐρο-

2267 4721 2428 4790 μένου
2476 4720 2533 4774 δὲ
2583 4721 2834 4775 Λεοντίου
2878 4721 2999 4774 τίνα
3034 4721 3237 4791 τρόπον
3263 4739 3277 4750 ·
3318 4722 3446 4775 Ὅτι
3474 4739 3532 4775 σε
3561 4718 3786 4784 τεθέαμαι.

2264 4813 2615 4883 ἁπεκρίνατο.
2650 4815 2763 4867 Καὶ
2814 4813 2979 4884 ἔτερα
3030 4813 3088 4866 δὲ
3128 4814 3304 4869 πολλὰ
3361 4814 3526 4870 αὐτοῦ
3575 4809 3787 4878 εὐστόχως

2270 4906 2536 4978 εἰρημένα
2568 4908 3138 4978 ἀπομνημονεύουσιν.
3170 4909 3289 4962 Οὐκ
3319 4908 3595 4980 ἀκόμψους
3619 4921 3667 4956 τε
3695 4898 3788 4953 πολ-

2271 5000 2395 5063 λοὺς
2451 4999 2616 5053 αὑτοῦ
2671 4997 2866 5067 λόγους
2921 5001 3054 5068 φασὶ
3114 5001 3406 5073 φέρεσθαι.
3459 4997 3706 5070 Ἐπῃνεῖτο
3748 4986 3788 5042 δὲ

1760 5243 2027 5300 VALESII
2065 5246 2624 5307 ANNOTATIONES.

662 5360 775 5433 (96)
839 5361 1206 5433 Ἐκκλησίας
1241 5363 1310 5415 δὲ
1342 5361 1474 5433 τῶν
1524 5361 1719 5417 ἐκεῖσε
1775 5362 2165 5417 Ναυατιανῶν

590 5431 988 5502 ἀφ’ῃρὴμένος.
1016 5433 1218 5488 Suidas
1258 5433 1313 5486 in
1340 5431 1540 5487 Lexico
1577 5434 1724 5486 hunc
1765 5433 2053 5487 Sozomeni
2087 5436 2168 5487 lo-

589 5517 717 5557 cum
778 5505 1132 5568 describens,
1170 5504 1297 5574 legit
1343 5504 1725 5575 ἀφῃρημένης,
1768 5502 1917 5573 quod
1976 5504 2170 5573 procul

2268 5368 2434 5423 dubio
2464 5367 2671 5423 rectius
2691 5373 2797 5422 est.
2820 5364 2999 5421 Locus
3025 5364 3205 5421 δοίαξε
3229 5373 3421 5424 exstat
3440 5366 3492 5421 in
3520 5376 3639 5420 voce
3653 5352 3784 5414 Σιτίνο

2266 5456 2399 5503 νιος.

2015 5637 2400 5695 VARIURUM.

677 5730 701 5759 ε
735 5727 839 5800 Καὶ
879 5729 1092 5782 τούτου
1140 5729 1207 5782 δὲ
1251 5731 1747 5800 τελευτήσαντος.
1796 5732 2048 5785 Mortuus
2083 5737 2169 5783 est

595 5790 906 5854 Marcianus
952 5801 1039 5854 die
1082 5818 1107 5856 ν
1179 5790 1771 5859 Κυιοηιιιιεύοςριιιὺ.
1829 5804 1958 5857 anni
2031 5803 2160 5865 '59:},

2276 5732 2473 5807 eodem
2498 5734 2710 5807 scilicet
2753 5735 2843 5792 die
2885 5750 3161 5807 annoque,
3202 5750 3321 5805 quo
3362 5735 3591 5789 Ruﬁnus
3616 5737 3790 5787 necatus

2277 5812 2381 5858 est.
2424 5805 2580 5865 (Ant.
2614 5806 2768 5874 Pam,
2803 5808 2869 5863 ad
2902 5805 3103 5864 antrum
3137 5808 3262 5868 595.
3302 5823 3359 5864 ιι.
3398 5808 3477 5876 4.)

3927 1336 3929 1467 1
