4066 6338
348 365 480 426 1813

1251 365 1578 424 HISTORIA
1616 364 2183 429 ECCLESIASTICA.
2218 401 2289 413 —-
2327 370 2455 428 LIB.
2501 370 2636 428 Vlll.

3444 378 3582 434 15M

351 481 545 555 μᾶλλον
569 473 771 548 λέγων,
802 481 879 546 ὡς
921 480 1120 552 ἄριστα
1171 481 1630 553 ὑποκρινόμενος,
1657 487 1808 555 φωνῇ
1853 500 1905 538 τε

2020 483 2189 540 tianis
2218 483 2332 539 illic
2372 483 2700 556 degentibus
2755 483 3021 543 ecclesias
3052 487 3352 542 ademerat.
3382 489 3580 544 Acces-

343 574 431 629 καὶ
462 571 752 643 βλέμματι,
781 572 875 626 καὶ
911 572 1250 654 χαριεστάτῳ
1277 573 1551 644 προσώπῳ
1575 575 1666 628 τὸν
1703 576 1905 646 ἀκροα-

342 663 434 735 τὴν
465 663 605 717 ἑλεῖν
659 663 839 727 ἱκανός
863 678 878 692 °
910 661 1047 716 ἀλλὰ
1093 658 1204 728 οἷος
1252 665 1350 734 μὲν
1376 659 1446 736 ἦν
1477 660 1630 730 οὗτος
1681 669 1710 720 ό
1743 666 1903 736 ἀνὴρ,

342 755 460 809 τάδε
481 753 739 826 εἰρήσθω,
764 755 843 818 είς
870 752 1142 819 ἀπόδειξιν
1173 749 1242 826 ἦς
1273 755 1432 827 ἔλαχε
1465 756 1681 825 φύσεως
1701 795 1717 821 ,
1755 757 1905 824 ἀγω-

342 841 443 912 γῆς
477 861 536 898 τε
572 845 666 899 καὶ
697 844 834 916 βίου.

2011 577 2082 632 sit
2115 576 2182 631 ad
2216 591 2342 634 eum
2385 576 2629 634 Sisinius
2668 586 2728 633 ut
2769 592 2863 634 eas
2903 587 3272 649 recuperaret.
3315 579 3425 637 Sed
3455 596 3582 636 cum

2011 665 2274 723 Leontius
2299 681 2393 723 eas
2412 681 2521 723 non
2560 666 2847 733 redderet,
2913 669 3026 722 imo
3077 667 3414 723 Novatianos
3454 684 3584 738 pro-

2011 759 2126 816 bris
2150 760 2474 828 incesseret,
2490 768 2754 830 tanquam
2791 759 3045 830 indignos
3078 760 3171 830 qui
3201 761 3257 814 in
3280 759 3580 816 Ecclesiam

2009 849 2290 916 venirent,
2321 849 2702 920 pmnitentiam
2731 857 2788 904 et
2831 848 3003 908 divini
3041 848 3293 905 Numinis
3338 849 3581 904 clemenc

340 939 472 994 tiam
489 955 584 996 eos
612 941 826 1005 tollere,
856 941 1046 997 dicens
1081 957 1094 994 :
1131 942 1368 1009 Atenim,
1421 943 1601 1014 inquit
1634 943 1894 1008 Sisinius,
1931 958 2096 1001 nemo
2131 953 2342 1001 tantam
2369 945 2482 1018 agit
2520 945 2899 1016 paenitentiam
2943 953 3205 1015 quantam
3268 959 3390 1016 ego.
3456 945 3586 1000 l’er—

336 1037 579 1090 contanti
612 1045 795 1092 autem
818 1036 1045 1092 Leontio
1075 1039 1346 1094 rationem
1408 1037 1531 1109 ejus
1593 1039 1972 1110 ptrnitentite:
2016 1039 2095 1095 Eo
2122 1041 2268 1111 quod
2337 1049 2388 1096 te
2430 1040 2706 1106 viderim,
2757 1041 3042 1110 respondit
3086 1041 3348 1098 Sisinius.
3411 1041 3586 1096 Multa

333 1145 550 1200 quoque
572 1131 678 1184 alia
700 1131 771 1185 ab
795 1131 890 1185 illo
918 1131 1057 1186 scite
1085 1132 1232 1187 dicta
1292 1133 1612 1189 referuntur
1638 1153 1650 1187 :

1723 1147 1825 1188 nec
1882 1146 2090 1204 paucos
2161 1134 2284 1204 ejus
2332 1133 2773 1189 libros'exstare
2826 1134 3027 1200 aiunt,
3098 1135 3236 1189 satis
3278 1132 3579 1202 elegantes.

333 1220 505 1277 Porro
546 1223 720 1293 magis
760 1223 1096 1293 probabatur
1127 1241 1252 1282 cum
1287 1226 1500 1281 diceret
1538 1227 1780 1298 :quippe
1813 1227 1906 1296 qui
1943 1225 2153 1298 optime
2169 1225 2448 1291 recitaret,
2484 1234 2538 1282 et
2574 1239 2711 1281 voce
2752 1232 2917 1295 atque
2945 1225 3123 1282 oeulis
3188 1233 3245 1280 et
3309 1227 3586 1282 venustis-

333 1317 473 1370 simo
532 1314 709 1380 vultu,
750 1316 818 1370 ad
857 1318 1183 1376 alliciendos
1213 1319 1495 1376 auditores
1525 1331 1674 1376 esset
1731 1319 2074 1391 aptissimus.
2146 1317 2350 1373 Verum
2399 1319 2712 1388 cujusmodi
2767 1318 2858 1372 hic.
2910 1318 2992 1372 vir
3065 1316 3252 1382 fuerit,
3313 1318 3583 1374 hactenus

333 1405 542 1462 dictum
583 1408 659 1463 sit
689 1420 747 1462 ut
785 1408 936 1465 illius
990 1411 1269 1494 ingenium
1299 1421 1352 1466 et
1388 1413 1662 1468 institutio
1710 1427 1773 1467 ac
1804 1409 2025 1466 vivendi
2077 1409 2219 1464 ratio
2263 1425 2329 1464 ex
2365 1409 2450 1465 his
2493 1408 2730 1480 perspici
2759 1408 2954 1478 possit.

930 1504 1180 1558 ΚΕΦΑΛ.
1222 1505 1298 1560 B'.

332 1595 468 1665 Περί
523 1593 759 1665 ἀγωγῆς
802 1594 899 1648 καὶ
955 1593 1187 1662 διαίτης
1217 1635 1232 1657 ,
1282 1595 1380 1650 καί
1445 1597 1750 1664 πολιτείας
1804 1597 1905 1650 καί

401 1667 624 1736 σοφίας
649 1705 664 1736 ,
697 1665 795 1736 καί
831 1667 918 1730 είς
964 1666 1072 1736 τὸν
1109 1667 1324 1732 θρόνον
1370 1667 1634 1734 παρόδου
1665 1668 1772 1721 τοῦ
1795 1683 1902 1736 με·

401 1734 609 1804 τὰλουν
656 1734 926 1804 Ἰωάννου
975 1735 1084 1788 τοῦ
1137 1737 1568 1804 Χρυσοστόμου
1600 1754 1614 1768 ·
1661 1738 1756 1791 καί
1799 1734 1902 1801 ’ὡς

401 1802 674 1874 ἐμποδὼν
723 1802 882 1868 αὐτῷ
921 1802 1270 1859 καθίσταται
1332 1802 1617 1874 Θεόφιλος
1659 1809 1692 1860 ό
1733 1807 1898 1862 Ἀλε-

403 1875 742 1941 ξαν-ὀρείας.

442 1889 742 1943 ανσρειας.

401 1965 537 2037 Περὶ
559 1963 617 2017 δὲ
661 1962 848 2017 τοῦτον
875 1962 967 2017 τὸν
996 1964 1188 2034 χρόνον
1216 1960 1518 2036 Νεκταρίου
1544 1964 1901 2034 τελευτήσαν-

331 2072 422 2119 τος
443 2095 458 2118 ,
495 2056 589 2107 καὶ
621 2053 816 2124 βουλῆς
847 2051 1014 2125 οὔσης
1050 2055 1172 2108 τίνα
1218 2055 1326 2108 δέοι
1369 2057 1691 2124 χειροτονεῖν
1710 2096 1724 2120 ,
1755 2054 1902 2108 ἄλλοι

334 2149 432 2220 μὲν
452 2147 642 2210 ἄλλους
667 2146 1012 2216 ἐψηφίζοντο,
1045 2147 1141 2200 καὶ
1172 2148 1234 2200 οὐ
1256 2146 1324 2200 τὰ
1353 2147 1491 2200 αὐτὰ
1511 2148 1676 2200 πᾶσιν
1707 2146 1900 2199 ἐδόκειο

331 2241 426 2292 καὶ
450 2241 478 2292 ὁ
506 2239 696 2309 χρόνος
724 2237 988 2306 ἐτρίϐετο.
1023 2232 1130 2290 Ἦν
1159 2237 1215 2289 δέ
1259 2253 1346 2300 τις
1391 2239 1448 2289 ὲν
1495 2236 1789 2306 Ἀντιοχείᾳ
1835 2238 1901 2307 τῇ

332 2331 460 2404 παρ’
502 2330 724 2401 Ὀρόντῃ
756 2329 1124 2399 πρεσϐύτερος
1143 2369 1158 2390 ,
1241 2329 1411 2399 ὄνομα
1441 2328 1722 2398 Ἰωάννης,
1749 2329 1904 2397 γένος

331 2423 440 2474 τῶν
478 2419 818 2492 εὐπατριδῶν
844 2436 859 2450 ο
892 2419 1097 2489 ἀγαθὸς
1141 2421 1233 2474 τὸν
1284 2419 1396 2489 βίον
1419 2457 1434 2483 ,
1492 2419 1673 2486 λέγειν
1716 2434 1776 2471 τε
1811 2417 1905 2471 και)⁸

333 2513 539 2568 πείθειν
571 2512 740 2576 δεινὸς
761 2551 777 2575 ,
806 2512 900 2564 καὶ
925 2513 1051 2576 τοὺς
1091 2512 1212 2566 κατ’
1232 2512 1394 2566 αὑτὸν
1427 2510 1781 2582 ὑπερϐάλλων
1815 2512 1906 2582 ρη-

331 2622 524 2680 τορας,
573 2605 649 2667 ὼς
681 2605 776 2659 καὶ
809 2605 1063 2668 Διϐἀνιος
1089 2607 1117 2658 ό
1151 2602 1320 2676 Σύρος
1364 2603 1626 2674 σοφιστὴς
1669 2602 1906 2674 ἐμαρτύ-

337 2713 522 2769 ρησεν.
569 2695 761 2750 Ἠνίκα
797 2695 906 2766 γὰρ
951 2695 1140 2766 ἔμελλε
1189 2695 1461 2767 τελευτᾷν,
1488 2694 1905 2765 πυνθανομένων

333 2788 442 2842 τῶν
468 2788 786 2858 ἐπιτηδείων
814 2788 896 2851 τίς
922 2788 1038 2840 ἀντ’
1063 2787 1226 2840 αὑτοῦ
1255 2786 1404 2842 ἔσται
1429 2829 1443 2853 ,
1476 2787 1692 2856 λέγεται
1727 2786 1906 2841 Ἰωάν-

333 2896 432 2949 νην
459 2880 652 2941 εἰπεῖν,
680 2879 727 2931 εἰ
764 2877 839 2948 μὴ
870 2878 1188 2949 Χριστιανοὶ
1222 2878 1408 2932 τοῦτον
1442 2879 1732 2951 ἐσύλησαν.
1754 2877 1906 2933 Πλεί-

333 2986 494 3033 στους
530 2969 587 3025 δὲ
619 2969 726 3022 τῶν
751 2966 918 3023 αὑτοῦ
943 2969 1247 3022 ἀκουόντων
1278 2970 1390 3040 (97)
1425 2970 1511 3023 ἐπ’
1557 2969 1902 3041 Ἐκκλησίας,

2671 1499 2825 1556 CAP.
2868 1499 2931 1554 ΙΙ.

2012 1592 2088 1651 De
2131 1594 2463 1649 institutione
2496 1601 2547 1646 et
2578 1593 2642 1646 de
2665 1593 2876 1646 ratione
2907 1593 3095 1656 victus,
3126 1594 3289 1660 deque
3310 1611 3581 1649 conversa-

2079 1666 2219 1718 tione
2282 1674 2332 1718 et
2375 1664 2664 1734 sapientia_
2685 1664 2864 1730 magni
2895 1661 3121 1718 Joannis
3196 1663 3576 1734 Chrysostomi,

2077 1747 2125 1788 et
2189 1731 2450 1804 quomodo
2502 1733 2572 1788 ad
2625 1731 3272 1804 Cgtstantinopolitanum
3306 1731 3578 1804 'tltronunt

2074 1801 2278 1858 evectus
2335 1806 2449 1858 sit:
2479 1812 2528 1859 et
2582 1812 2640 1857 ut
2676 1801 2992 1870 Theophilus
3046 1802 3444 1858 Alexandrinus
3496 1803 3581 1858 illi

2075 1874 2359 1929 obstiterit.

2076 1965 2180 2020 Per
2204 1967 2344 2021 idem
2377 1973 2596 2036 tempus
2624 1969 2842 2019 mortuo
2867 1959 3325 2031 Nectario‘,dum
3353 1965 3549 2019 consul

2005 2067 2215 2112 taretur
2239 2059 2364 2126 quis
2397 2058 2452 2111 in
2483 2057 2607 2126 ejus
2646 2057 2826 2111 locum
2853 2055 3240 2126 subrogandus
3270 2063 3453 2119 esset,
3484 2055 3580 2110 alii

2003 2147 2226 2216 quidem
2261 2147 2400 2202 alios
2431 2147 2809 2213 nominabant,
2858 2160 2958 2200 nec
2989 2145 3131 2200 idem
3165 2145 3422 2200 omnibus
3462 2145 3580 2215 pla-

2003 2237 2193 2304 cebat;
2225 2245 2441 2308 tempus
2473 2251 2603 2292 vero
2648 2237 2924 2292 incassum
2959 2235 3259 2291 terebatur.
3304 2232 3438 2290 Erat
3465 2237 3580 2290 An-

2005 2329 2224 2382 tiochia:
2263 2327 2332 2382 ad
2399 2324 2662 2382 Orontem
2715 2324 3002 2395 presbyter
3041 2323 3299 2394 quidam,
3356 2324 3581 2379 nomine

2002 2418 2277 2487 Joannes,
2320 2419 2489 2476 nobili
2527 2427 2729 2489 genere
2793 2425 2956 2471 natus
2994 2453 3011 2481 ,
3040 2415 3154 2469 vita
3185 2415 3394 2485 integer
3425 2453 3441 2480 ,
3496 2413 3582 2468 di-

2003 2515 2162 2570 cendi
2199 2513 2681 2584 persuadendique
2711 2507 2908 2564 artifex
2938 2508 3224 2579 egregius,
3243 2510 3298 2561 et
3328 2507 3578 2562 omnium

2005 2606 2095 2662 sui
2137 2603 2402 2674 temporis
2448 2610 2731 2657 oratorum
2765 2596 3292 2670 praestantissimus,
3325 2595 3470 2652 sicut
3495 2592 3581 2650 Li-

2005 2699 2207 2756 banius
2258 2696 2432 2770 Syrus
2489 2694 2740 2766 sophista
2791 2698 3028 2747 testatus
3089 2698 3195 2745 eat.
3257 2685 3394 2743 Nam
3451 2705 3580 2746 cum

2007 2793 2312 2848 moriturus
2364 2791 2536 2855 esset,
2593 2778 3074 2857 percontantibus,
3103 2781 3298 2837 amicis
3349 2780 3477 2852 quis
3522 2783 3582 2837 in

2005 2885 2128 2954 ejus
2175 2883 2358 2938 locum
2406 2876 2729 2935 succederet
2778 2893 2794 2930 :
2846 2870 3129 2938 Joannes,
3175 2870 3400 2942 inquit,
3467 2872 3580 2927 nisi

2005 2968 2310 3033 Christiani
2353 2971 2508 3027 illum
2549 2968 2982 3038 subripuissent.
3018 2961 3222 3019 Multos
3270 2979 3438 3035 porro
3483 2966 3578 3035 qui

332 3061 413 3123 εἰς
453 3061 651 3133 ἀρετὴν
683 3060 931 3131 ὠφέλησε
954 3095 971 3124 ,
1013 3061 1108 3114 καὶ
1137 3061 1444 3133 ὁμόφρονας
1491 3061 1639 3133 αὑτῷ
1685 3062 1814 3133 περὶ
1843 3059 1905 3113 τὸ

2009 3071 2066 3125 in
2095 3067 2339 3126 ecclesia
2373 3066 2556 3137 ipsum
2588 3058 2926 3122 audiebant,
2967 3055 3036 3113 ad
3069 3057 3292 3113 virtutis
3332 3056 3578 3113 studium

337 3153 492 3207 Θεῖον
524 3154 767 3223 ἐποίησε.
806 3152 976 3217 Θείως
1006 3153 1114 3224 γὰρ
1149 3154 1579 3225 πολιτευόμενος,
1607 3155 1696 3207 τὸν
1721 3155 1786 3207 ἐκ
1803 3153 1904 3224 τῆς

2008 3161 2268 3234 impulit,
2307 3168 2362 3215 et
2409 3159 2466 3213 in
2518 3157 2774 3211 doctrina
2818 3151 2944 3211 ﬁdei
2987 3165 3049 3210 ut
3101 3150 3244 3206 idem
3293 3165 3419 3205 cum
3455 3147 3582 3220 i’pso

331 3246 538 3309 οἰκείας
583 3245 784 3315 ἀρετῆς
815 3244 1042 3299 ἐνετίθει
1087 3244 1245 3316 ζῆλον
1278 3248 1390 3309 τοῖς
1436 3247 1769 3316 ἀκροαταῖς·
1809 3245 1904 3298 καὶ

2021 3252 2297 3309 sentirent
2322 3250 2522 3305 ellecit.
2555 3247 2695 3302 Nam
2733 3263 2860 3302 cum
2893 3247 3060 3301 vitam
3092 3254 3275 3315 ageret
3303 3245 3460 3314 plane
3490 3240 3578 3295 di-

333 3335 427 3390 ὲπὶ
457 3337 612 3390 τοῦτο
646 3336 844 3408 ῥᾳδίως
874 3336 985 3406 (98)
1011 3336 1086 3399 ὡς
1114 3336 1174 3389 οὐ
1206 3337 1371 3408 τέχνῃ
1411 3338 1518 3390 τινὶ
1554 3337 1648 3391 καὶ
1675 3336 1903 3407 δυνάμει

2008 3345 2218 3408 rinam,
2265 3342 2332 3396 ad
2359 3339 2769 3397 aemulationem
2817 3338 3042 3394 virtutis
3097 3351 3210 3393 sua:
3262 3335 3580 3388 auditorum

331 3428 492 3497 λόγου
521 3428 763 3499 βιάζεται
787 3426 1144 3498 παραπλήσια
1188 3427 1430 3495 δοξάζειν
1458 3427 1636 3500 αὐτῷ·
1673 3429 1787 3482 ἀλλ’
1826 3429 1902 3492 ὡς

333 3517 445 3588 ἔχει
486 3519 740 3591 ἀληθείας
775 3519 924 3588 (99),
971 3519 1276 3589 εἰλικρινῶς
1323 3519 1422 3582 τὰς
1462 3520 1612 3591 ἰεράς
1658 3521 1904 3591 ἐξηγεῖτο

237 3605 242 3608 ’
331 3610 594 3673 Βίϐλους·
629 3610 784 3676 λόγος
819 3611 928 3682 γὰρ
975 3611 1080 3663 ὑπὸ
1138 3611 1247 3664 τῶν
1296 3611 1472 3683 ἔργων
1508 3611 1901 3683 κοσμούμενος,

333 3705 569 3766 πίστεως
618 3703 768 3768 ἄξιος
819 3705 1042 3768 εἰκότως
1076 3705 1344 3773 φαίνεται.
1380 3708 1543 3760 ¹Ἄνευ
1586 3707 1642 3760 δὲ
1675 3708 1900 3774 τούτων,

332 3794 531 3864 εἴρωνα
565 3794 658 3847 καὶ
703 3793 809 3847 τῶν
842 3794 986 3847 ἰδίων
1042 3794 1212 3862 λόγων
1260 3797 1562 3867 κατήγορον
1614 3799 1903 3866 ἀποφαίνει

331 3885 425 3939 τὸν
458 3886 683 3954 λέγοντα
711 3924 727 3949 ,
775 3887 878 3938 κᾶν
928 3887 1201 3957 σπουδάζῃ
1257 3887 1538 3942 διδάσκων.
1573 3889 1664 3960 Τῷ
1703 3891 1758 3943 δὲ
1786 3891 1906 3944 κατ’

332 3975 619 4044 ἀμφότερα
657 3975 961 4044 εὐδοκιμεῖν
1002 3977 1229 4046 προσῆν.
1267 3978 1478 4047 Ἀγωγῇ
1520 3979 1618 4048 μὲν
1653 3979 1760 4050 γὰρ
1792 3980 1907 4050 βίου

336 4069 611 4136 σώφρονι,
667 4068 760 4118 καὶ
806 4065 1050 4136 πολιτείᾳ
1095 4068 1311 4136 ἀκριϐεῖ
1358 4068 1587 4138 ἐχρῆτο·
1619 4071 1815 4140 φράσει
1853 4071 1910 4124 δὲ

333 4155 494 4224 λόγου
532 4159 694 4220 σαφεῖ
719 4157 855 4226 μετὰ
884 4157 1263 4227 λαμπρότητος
1290 4174 1302 4188 ⁶
1340 4159 1553 4226 φύσεώς
1593 4177 1653 4214 τε
1693 4162 1800 4232 γὰρ
1847 4158 1908 4216 εὖ

334 4245 482 4315 ἔσχε.
513 4247 869 4310 Διδασκάλους
898 4247 992 4313 δὲ,
1041 4251 1141 4318 τῆς
1198 4250 1295 4318 μὲν
1343 4252 1470 4321 περὶ
1514 4252 1638 4316 τοὺς
1674 4255 1908 4323 ῥήτορας

334 4339 655 4407 ἀσκήσεως,
685 4339 974 4393 Λιϐάνιον·
1039 4339 1420 4410 Ἀνδραγάθιον
1474 4342 1569 4408 δὲ,
1620 4343 1727 4396 τῶν
1781 4344 1909 4416 περὶ

336 4429 655 4498 φιλοσοφίας
680 4429 871 4497 λόγων.
903 4429 1304 4502 Προσδοκηοεὶς
1337 4431 1392 4484 δὲ
1421 4433 1574 4497 δίκας
1601 4433 1886 4504 ἀγορεύειν

419 4544 434 4572 ¹
465 4544 618 4598 Socr.
677 4544 764 4596 lib.
801 4561 872 4609 vr,
912 4561 960 4597 c.
995 4544 1028 4597 2
1077 4545 1129 4601 5.

2009 3437 2226 3490 animos
2261 3432 2557 3488 excitabat.
2588 3430 2721 3486 Post
2756 3429 2871 3485 haec
2897 3443 3032 3485 vero
3074 3426 3239 3499 326
3283 3425 3442 3480 facile
3483 3438 3581 3479 eos

2007 3526 2342 3591 adducebat,
2372 3533 2433 3578 ut
2483 3523 2727 3579 eamdem
2756 3537 2945 3578 secum
2994 3523 3324 3578 sententiam
3375 3516 3582 3586 ample-

2003 3625 2323 3682 eterentur;
2356 3616 2560 3686 quippe
2585 3616 2679 3684 qui
2718 3630 2828 3669 non
2873 3621 2994 3668 arte
3037 3613 3276 3684 quadam
3331 3617 3427 3664 aut
3475 3610 3584 3664 elo.

2003 3710 2247 3782 quentiae
2293 3709 2346 3763 vi
2402 3707 2556 3764 istud
2611 3717 2844 3777 ageret,
2880 3703 2977 3760 sed
3027 3707 3264 3766 sincere,
3321 3713 3579 3771 tauquam

2001 3795 2255 3855 veritatis
2285 3797 2593 3859 studiosus,
2644 3810 2834 3850 sacras
2887 3793 3205 3862 Scripturas
3256 3797 3579 3861 exponeret;

2003 3892 2206 3947 etenim
2256 3889 2436 3944 oratio
2510 3902 2631 3956 quae
2684 3886 2944 3956 operibus
2987 3893 3328 3947 exornatur,
3379 3883 3580 3935 merito

2003 3979 2228 4032 videtur
2258 3977 2363 4030 [ide
2394 3975 2603 4044 digna;
2638 3975 2685 4029 si
2716 3988 2847 4028 vero
2879 3974 3144 4044 operibus
3182 3973 3448 4026 destituta
3480 3971 3575 4037 sit,

2004 4078 2278 4125 oratorem
2316 4069 2670 4138 impostorem
2719 4081 2843 4121 esse
2877 4065 3080 4136 arguit,
3114 4079 3180 4119 ac
3227 4078 3455 4119 suorum
3493 4063 3578 4133 ip-

2005 4161 2124 4217 sius
2152 4161 2425 4216 dictorum
2471 4160 2948 4230 reprehensorcm,
3000 4156 3222 4213 tametsi
3275 4157 3323 4212 is
3374 4157 3427 4210 in
3478 4156 3579 4212 do-

2009 4250 2192 4305 cendo
2219 4265 2433 4320 magnae
2462 4249 2537 4305 sit
2569 4247 2885 4318 diligentia.
2924 4248 3102 4300 Porro
3149 4245 3393 4301 Joannes
3434 4253 3580 4301 utra-

2007 4357 2118 4413 que
2151 4341 2313 4396 laude
2342 4355 2406 4396 ex
2445 4355 2604 4410 aequo
2646 4339 2852 4394 ﬂoruit.
2880 4337 3013 4392 Nam
3044 4339 3170 4406 ejus
3219 4339 3440 4407 quidem
3495 4338 3579 4393 vi-

2009 4433 2175 4490 vendi
2205 4434 2348 4488 ratio
2377 4441 2431 4487 et
2469 4432 2819 4486 conversatio
2866 4432 3052 4501 gravis
3095 4431 3194 4485 fuit
3234 4443 3298 4484 ac
3339 4445 3529 4485 severa
3562 4449 3578 4485 :

1484 4633 1750 4691 VALESII
1784 4635 2334 4691 ANNOTATIONES.

415 4751 525 4820 (97)
587 4755 916 4822 Πλείστους
967 4753 1035 4822 δὲ
1093 4751 1211 4806 τῶν
1279 4751 1465 4822 αὐτοῦ
1541 4751 1902 4806 ἀκουόντων.

2019 4753 2468 4822 interpretatione
2489 4767 2772 4808 sacrorum
2800 4753 3109 4806 Librorum.
3141 4751 3238 4805 llic
3263 4762 3344 4806 est
3383 4767 3581 4822 sensus

337 4821 578 4875 Joannes
613 4821 827 4889 Langus
864 4821 1358 4892 quiiNicephorum
1405 4820 1592 4875 Latine
1633 4823 1903 4889 interpre-

339 4901 487 4944 tatus
520 4899 624 4951 est,
678 4893 791 4946 haec
843 4894 909 4945 de
965 4891 1176 4946 Libanii
1210 4893 1496 4961 discipulis
1553 4891 1662 4945 dici
1714 4893 1903 4946 existi-

336 4961 528 5023 mavit,
563 4962 676 5028 qui,
712 4978 835 5014 cum
863 4961 1126 5015 Joannem
1163 4964 1378 5031 publice
1428 4962 1479 5014 in
1527 4961 1762 5015 ecclesia
1801 4963 1901 5014 do-

337 5039 551 5084 ceutem
589 5032 775 5083 audire
805 5034 1246 5094 consuevissent,
1273 5033 1336 5084 ad
1365 5031 1568 5085 Christi
1595 5031 1751 5084 [idem
1776 5047 1905 5085 con-

341 5101 487 5154 versi
525 5109 672 5155 sunt.
709 5102 936 5155 Praestat
970 5115 1148 5155 tamen
1186 5103 1298 5155 haec
1327 5104 1391 5155 de
1443 5102 1656 5155 cunctis
1679 5116 1906 5171 genera-

341 5173 489 5242 liter,
524 5179 631 5223 tam
661 5173 906 5239 paganis,
947 5188 1109 5241 quam
1165 5171 1432 5226 haereticis
1462 5173 1789 5242 intelligere,
1814 5173 1907 5241 qui

340 5243 407 5294 ad
440 5239 698 5293 Joannem
737 5239 1062 5295 audiendum
1091 5243 1455 5296 conﬂuebant.

415 5311 526 5379 (98)
591 5312 697 5363 Kal
738 5311 1047 5364 ἐπὶτοῦτο
1095 5311 1332 5378 ῥᾳδίως.
1394 5313 1625 5366 Sensum
1687 5310 1904 5380 quidem

341 5381 509 5449 hujus
553 5382 656 5451 loci
687 5384 820 5433 satis
854 5380 1147 5451 pt'l'Splt’iO.
1191 5381 1365 5450 Supra
1399 5383 1540 5434 euitn
1573 5381 1709 5434 dixit
1739 5381 1908 5434 Sozo-

341 5467 542 5505 ntenus
600 5449 867 5503 Joannem
922 5452 975 5504 in
1013 5453 1243 5504 ecclesia
1276 5449 1707 5505 'concionautem
1752 5451 1907 5505 audi-

341 5532 491 5574 tores
527 5536 658 5574 suos
687 5523 750 5573 ad
789 5523 1005 5575 virtutis
1029 5521 1288 5584 studium,
1321 5531 1375 5573 et
1401 5521 1464 5574 ad
1507 5531 1708 5574 rectam
1743 5532 1906 5590 atque

337 5591 705 5644 orthodoxam
741 5592 898 5643 tidem
937 5593 1266 5645 traduxisse.
1321 5591 1397 5643 Ac
1436 5592 1652 5646 virtutis
1695 5593 1913 5659 quidem

340 5661 587 5714 studium
628 5677 814 5714 eorum
851 5662 1125 5715 mentibus
1168 5661 1484 5715 insinuasse
1510 5663 1758 5728 exemplo
1792 5661 1915 5713 vita:

339 5745 412 5783 ac
479 5731 916 5785 conversationis
967 5747 1128 5784 sum:
1179 5739 1379 5784 rectam
1435 5745 1564 5783 vero
1614 5729 1772 5785 ﬁdem
1835 5731 1916 5783 eis

335 5802 709 5870 persua~isse.
747 5816 852 5852 non
885 5801 934 5853 vi
978 5800 1264 5862 facundiae,
1301 5801 1396 5854 sed
1435 5813 1571 5870 pura
1603 5814 1666 5854 ac
1702 5799 1916 5856 sincera

669 5892 946 5951 PATROL.
988 5893 1101 5952 Gn.
1152 5891 1384 5952 LXVII.

2011 4821 2179 4882 huius
2217 4824 2362 4876 loci:
2409 4824 2534 4876 licet
2579 4823 2740 4877 verba
2789 4833 3044 4890 corrupta
3100 4823 3229 4876 sint.
3293 4822 3346 4874 In
3392 4821 3583 4876 codice

2011 4890 2310 4947 Fuketiano
2355 4896 2616 4960 scriptum
2672 4893 2851 4946 inveni
2890 4894 2982 4945 καὶ
3035 4893 3126 4944 ἐπὶ
3175 4892 3429 4944 τοσοῦτον
3463 4895 3585 4962 7ρᾳ-

2007 4962 2158 5026 δίως,
2186 4975 2292 5017 etc.
2323 4963 2434 5031 Ego
2460 4979 2586 5016 vero
2614 4962 2962 5016 scribendum
2987 4971 3120 5031 puto
3149 4963 3242 5015 καὶ
3263 4962 3354 5014 ἐπὶ
3384 4961 3578 5031 τούτῳ.

2012 5033 2184 5096 Quam
2230 5035 2514 5087 lectionem
2571 5033 2622 5084 in
2673 5033 2924 5086 versione
2989 5049 3105 5086 mea
3157 5047 3278 5087 sum
3334 5040 3581 5086 secutus.

2011 5103 2081 5155 At
2131 5101 2471 5170 Nicephorius
2529 5102 2672 5155 hunc
2713 5103 3000 5156 Sozomeni
3033 5104 3208 5156 locum
3246 5103 3318 5154 ita
3361 5117 3586 5168 expres-

2013 5174 2124 5244 sit:
2153 5175 2252 5244 και
2277 5172 2550 5244 ἐχειροῦτο
2599 5172 2792 5244 ῥᾳδίως
2830 5172 3076 5244 ἐντεῦθεν
3118 5173 3244 5244 τους
3275 5171 3581 5244 πλείστους,

2014 5242 2106 5314 καί
2142 5258 2204 5309 γε
2227 5240 2420 5314 ἔπειθε,
2445 5240 2800 5314 παραπλήσια
2825 5243 3062 5314 δοξάζειν
3094 5241 3306 5314 ὲκείνῳο
3339 5241 3398 5293 οὐ
3414 5240 3582 5314 τέχνῃ

2014 5260 2106 5294 και
2142 5258 2204 5309 γε
2227 5258 2408 5296 επειυε
2445 5258 2800 5314 παραπλησια
2825 5258 3062 5307 οοςαςειν
3094 5258 3306 5311 εκεινῳ·
3339 5258 3398 5293 ου
3420 5258 3478 5292 τε
3517 5258 3582 5310 νῃ

2012 5311 2073 5379 δή
2105 5329 2212 5363 τινι
2241 5314 2335 5386 καί
2358 5312 2516 5386 ῥώμῃ
2536 5313 2720 5386 ,λόγων
2754 5315 2888 5386 πρὸς
2922 5313 3107 5366 ἑαυτὸν
3131 5311 3308 5386 ἒλλκειν
3337 5258 3586 5386 ἐκσιαῖό-

2017 5380 2367 5456 μενοςς-ἁλλί
2415 5380 2724 5456 ὼέάληβὲς
2753 5380 2848 5456 at:
2898 5386 3088 5453 ὅτιπερ
3133 5380 3437 5449 εἱλιγρινῶς
3487 5380 3586 5441 τὰς

2016 5453 2165 5521 ἱερὰς
2192 5452 2440 5521 ἐξηγεῖτο
2464 5454 2708 5522 Γραφάς.

2089 5523 2198 5590 (99)
2246 5517 2394 5576 Ἃλλ’
2434 5517 2522 5589 ὡς.
2550 5517 2675 5590 ἔχει
2717 5525 3020 5589 ἀληθείας.
3070 5522 3199 5576 Post
3256 5523 3370 5574 haec
3426 5517 3586 5590 verba

2018 5589 2192 5666 adjeci
2217 5593 2532 5666 adverbium
2561 5595 3005 5666 εἰλικρινῶς-μοχ
3038 5594 3227 5666 codice
3265 5589 3584 5666 Funketiano,

2017 5660 2163 5730 quod
2222 5664 2453 5717 habetur
2500 5664 2664 5719 etiam
2715 5660 2857 5732 apud
2896 5662 3284 5732 Nicephorum.
3330 5660 3506 5732 Porro
3532 5660 3585 5708 in

2019 5725 2123 5855 gae
2177 5731 2298 5855 loc‘o
2358 5734 2576 5790 mallem
2626 5725 2866 5789 scribere
2895 5734 2969 5795 ὡς
3014 5725 3124 5799 ἔχει
3188 5731 3258 5782 τὰ
3314 5731 3410 5799 τῆς
3456 5725 3588 5796 ἀλτΓ

2055 5819 2192 5855 ειας.
2216 5820 2243 5855 e
2273 5817 2322 5855 c.

2055 5802 2192 5869 είας,
2216 5810 2322 5859 etc.

3185 5891 3258 5952 48
