4066 6338
390 345 523 404 ΙὸἑῚ

1380 333 1705 392 HISTORIA
1738 329 2382 390 ECCLESMSTICA.-—
2422 330 2548 384 LIB.
2592 329 2724 386 VIII.

3504 327 3645 387 1518

391 479 504 536 ριεν
529 459 792 530 ἐτύγχανε
813 476 828 490 ·
863 456 1103 529 λυπηρὸν
1135 456 1192 510 δὲ
1220 456 1334 519 τοϊς
1374 454 1652 518 πλουσίοις
1678 453 1771 507 καὶ
1809 451 1968 506 δυνα-

2082 448 2292 519 quidem
2315 447 2530 518 judicio
2564 446 2766 520 conjici
2797 457 2998 519 potest,
3035 459 3245 519 quanta
3276 451 3647 520 persuadendi

390 552 574 622 μένοις
593 591 608 614 ,
639 550 768 620 παρ’
791 541 872 611 οἷς
907 547 978 602 τὰ
1006 545 1176 600 πολλὰ
1211 545 1321 600 τῶν
1349 543 1766 616 ἁμαρτημάτων
1795 543 1960 594 ἐστίν.

398 645 697 715 Ἐπίσημος
725 637 816 694 οὖν
847 639 958 704 τοῖς
1005 639 1105 709 μὲν
1157 637 1354 700 εἰδόσι,
1405 639 1473 708 τῇ
1531 635 1719 706 πείρᾳ,
1761 637 1873 697 τοῖς
1905 633 1963 686 δὲ

391 734 660 806 ἀγνοοῦσι,
686 735 752 804 τῇ
778 733 851 802 φή
861 747 938 804 μῃ
956 773 971 797 ,
1004 730 1068 783 ἐκ
1095 747 1154 784 τε
1180 729 1290 784 τῶν
1326 729 1502 798 λόγων
1527 729 1622 782 καὶ
1651 725 1760 780 τῶν
1788 725 1963 794 ἔργων

387 826 678 896 γενόμενος
713 821 818 876 ἀνὰ
844 822 1022 874 πᾶσαν
1047 821 1149 892 τὴν
1194 817 1480 890 Ῥωμαίων
1513 817 1755 887 ὑπήκοον
1776 855 1789 877 ,
1818 813 1964 878 ἔδοξε

389 913 955 970 Κωνσταντινουπόλει
985 911 1291 982 ἐπιτήδειος
1320 905 1460 962 εἶναι
1487 907 1590 976 τῆς
1640 905 1966 975 Ἐκκλησίας

387 1007 726 1062 ἐπισκοπεῖν.
750 1003 1165 1073 Ψηφισαμένων
1199 1000 1256 1054 δέ
1287 997 1446 1082 τούτο
1465 997 1560 1052 τοῦ
1589 995 1720 1051 λαοῦ
1751 997 1846 1050 καὶ
1869 993 1964 1048 τοῦ

321 1146 330 1164 ,
389 1099 614 1170 κλήρου,
655 1097 748 1150 καὶ
785 1097 814 1149 ὁ
863 1094 1116 1166 βασιλεὺς
1168 1091 1416 1163 συνῄνει,
1449 1091 1544 1145 καὶ
1582 1093 1706 1152 τοὺς
1737 1089 1966 1156 ἄξοντας

321 1179 326 1185 ’
389 1191 548 1243 αὑτὸν
580 1189 862 1259 πέπομφε.
892 1185 1187 1240 Συνεκάλει
1217 1184 1276 1238 δὲ
1301 1184 1396 1238 καὶ
1420 1182 1655 1246 σύνοδον,
1677 1182 1772 1235 καὶ
1791 1179 1966 1248 τούτῳ

392 1283 718 1354 σεμνοτέραν
750 1282 850 1351 τὴν
875 1279 1208 1352 χειροτονίαν
1230 1277 1462 1340 δεικνύς.
1499 1277 1612 1331 Ούκ
1638 1275 1720 1338 εἰς
1748 1273 1966 1345 μακράν

391 1375 447 1428 δὲ
493 1373 560 1426 τά
611 1371 873 1443 βασιλέως
923 1371 1231 1443 γράμματα
1265 1367 1555 1440 δεξάμενος
1616 1367 1888 1436 Ἀστέριος
1938 1366 1970 1418 ὁ

390 1466 487 1536 τῆς
519 1465 634 1518 Ἕω
671 1463 1010 1535 ἡγούμενος,
1062 1463 1332 1534 ἐδήλωσεν
1391 1460 1608 1532 Ἰωάννῃ
1663 1457 1968 1530 παραγενέ-

395 1559 516 1611 σθαι
547 1557 683 1628 πρὸς
713 1556 899 1620 αὐτὸν,
924 1554 999 1618 ὡς
1036 1554 1164 1626 περί
1196 1571 1290 1608 του
1332 1552 1678 1624 δεησόμενος.
1713 1550 1965 1604 Ἐλθόντα

391 1649 469 1712 δὲ,
491 1650 689 1702 αὐτίκα
711 1651 789 1713 εἰς
813 1648 995 1719 ὄχημα
1017 1646 1116 1701 σὺν
1137 1647 1286 1717 αὐτῷ
1309 1645 1622 1711 ἀνεϐίϐασε,
1641 1645 1733 1698 καὶ
1762 1644 1965 1715 σπουδῇ

392 1744 587 1808 ἐλάσας
609 1783 624 1808 ,
657 1737 792 1813 ἧκεν
835 1743 916 1816 εἰς
946 1743 1172 1812 Πάγρας
1195 1779 1210 1805 ,
1248 1740 1488 1811 σταθμὸν
1525 1739 1669 1794 οὕτω
1701 1739 1970 1810 καλούμε-

2069 545 2154 598 vis
2188 545 2240 596 in
2276 541 2510 598 Joannis
2541 545 2794 597 oratione
2824 543 3024 598 inerat.
3077 541 3224 598 Vicit
3253 545 3397 598 enim
3425 543 3518 600 illa
3551 558 3649 601 eos

2069 636 2164 706 qui
2197 635 2313 705 pari
2350 634 2570 691 dicendi
2627 650 2689 689 ac
2739 635 3109 704 persuadendi
3155 633 3417 693 facultate
3472 638 3646 708 polie-

2073 729 2226 780 bant.
2260 724 2370 779 liae
2392 725 2513 795 ipsa
2540 727 2802 796 populum
2831 727 3000 781 etiam
3034 724 3102 780 ad
3140 741 3202 782 se
3236 729 3528 796 pertraxit.
3583 746 3648 784 eo

2071 820 2308 872 maxime
2342 819 2488 889 quod
2527 829 2818 888 peccantes
2839 819 3034 872 crebro
3079 831 3405 890 coargueret
3443 823 3494 874 in
3548 817 3650 875 Ec-

2069 909 2279 968 clesia,
2336 916 2391 963 et
2447 910 2712 962 adversus
2762 921 2860 963 eos
2905 908 2999 978 qui
3047 907 3310 978 iniuriam
3362 907 3648 977 fecissent,

2073 1004 2335 1068 tanquam
2365 998 2481 1069 ipse
2509 999 2714 1069 injuria
2747 997 2976 1054 allectus
3015 998 3475 1056 commoveretur.
3515 1001 3650 1069 Quae

2074 1106 2161 1145 res
2194 1100 2355 1161 grata
2395 1091 2616 1161 quidem
2659 1098 2782 1148 erat
2817 1093 3182 1156 multitudini,
3227 1094 3457 1148 molesta
3521 1112 3652 1152 vero

2073 1184 2512 1252 opulentioribus
2548 1199 2612 1238 ac
2643 1184 3078 1254 potentioribus;
3103 1199 3132 1238 a
3163 1186 3364 1256 quibus
3398 1187 3512 1244 fere
3551 1192 3649 1245 de-

2073 1275 2202 1328 licta
2227 1275 2494 1330 committi
2529 1276 2726 1331 solent.
2766 1275 2903 1330 Cum
2957 1277 3123 1350 igitur
3152 1279 3295 1358 apud
3326 1289 3488 1335 notos
3521 1283 3650 1350 qui-

2071 1367 2198 1422 dem
2223 1383 2326 1422 usu
2363 1369 2486 1438 ipso
2521 1375 2577 1422 ct
2605 1369 3034 1435 consuetudine,
3066 1371 3208 1442 apud
3241 1387 3338 1428 eos
3367 1387 3498 1430 vero
3529 1377 3654 1445 qui-

2072 1459 2178 1514 bus
2197 1468 2313 1514 erat
2341 1454 2584 1530 ignotus,
2647 1460 2788 1515 fama
2829 1476 2894 1517 ac
2926 1475 3153 1518 rumore
3198 1478 3297 1535 per
3329 1449 3652 1522 universum

2073 1553 2262 1608 orbem
2301 1551 2609 1607 Romanum
2640 1555 2992 1612 clarissimus
3030 1555 3319 1626 evasisset,
3369 1567 3484 1613 tum
3527 1574 3654 1632 ora-

2075 1645 2308 1706 tionum,
2345 1653 2458 1700 tum
2486 1646 2712 1702 virtutis
2743 1663 2946 1716 causa;
2988 1649 3224 1707 idoneus
3259 1653 3419 1725 rvisus
3445 1665 3530 1711 est
3559 1657 3654 1725 qui

2074 1737 2754 1808 Constantinopolitanam
2781 1739 3086 1798 Ecclesiam
3105 1724 3460 1814 gubernaret.
3493 1724 3655 1814 Quod

392 1855 498 1890 νον.
541 1835 804 1889 Ἐνταῦθα
843 1833 902 1886 δὲ
950 1834 1226 1905 παραδοὺς
1256 1831 1416 1886 αὑτὸν
1450 1833 1560 1895 τοῖς
1608 1831 1672 1885 ὲκ
1707 1829 1970 1899 βασιλέως

2082 1842 2196 1882 cum
2239 1829 2478 1898 populus
2509 1829 2674 1884 simul
2715 1839 2769 1885 et
2820 1830 3005 1886 clerus
3060 1848 3175 1888 uno
3227 1850 3504 1892 consensu
3558 1839 3655 1893 de-

393 1929 796 1990 ἁποσταλεῖσιν,
817 1925 1168 1996 ἀνέστρεψεν.
1208 1922 1396 1990 Ἔδοξε
1429 1923 1486 1977 δὲ
1509 1923 1577 1976 τὰ
1619 1923 1748 1994 περὶ
1776 1922 1968 1976 τούτου

393 2020 574 2084 καλῶς
601 2020 950 2091 διῳκηκέναι,
978 2018 1104 2088 πρὶν
1135 2015 1439 2086 Ἀντιοχέας
1467 2016 1676 2085 μαθείνξ
1701 2013 1970 2084 χαλεπούς

391 2129 453 2168 τε
482 2113 610 2182 περὶ
662 2113 877 2173 στάσεις
901 2149 916 2174 ,
962 2109 1056 2162 καὶ
1085 2107 1276 2174 δήλους
1307 2106 1496 2169 ὄντας,
1534 2104 1607 2168 ὡς
1637 2103 1697 2158 οὔ
1738 2119 1867 2158 ποτε
1905 2102 1971 2156 ἂν

397 2205 616 2267 ἑκόντες
679 2203 922 2256 Ἰωάννου
963 2199 1388 2270 ἀπηλλάγησαν,
1442 2197 1568 2268 πρὶν
1625 2195 1815 2249 παθεῖν
1851 2194 1970 2266 τιῆ

393 2299 611 2370 δρᾶσαι.
663 2295 748 2358 Ὠς
773 2294 831 2348 δὲ
865 2295 946 2358 εἰς
985 2289 1557 2346 Κωνσταντινούπολιν
1581 2287 1840 2356 ἀφίκετο,
1879 2285 1973 2340 καὶ

395 2392 444 2444 οἱ
469 2389 762 2461 κληθέντες
792 2389 956 2458 ἱερεῖς
987 2383 1459 2454 συνεληλύθεισαν,
1481 2380 1731 2451 ἐμποδὼν
1755 2380 1974 2448 ἐγένετο

396 2485 463 2554 τῇ
521 2479 824 2552 χειροτονίᾳ
869 2477 1125 2548 Θεόφιλος
1163 2477 1280 2546 (4),
1323 2473 1579 2544 Ἰσιδώρῳ
1634 2473 1968 2537 σπουδάζων.

403 2574 501 2638 ’ος
527 2572 894 2645 πρεσϐύτερος
922 2566 1008 2642 ἦνο
1023 2571 1142 2623 τότε
1181 2567 1290 2622 τῶν
1319 2568 1412 2621 ὑπ’
1449 2567 1610 2620 αὐτλν
1633 2607 1649 2632 ,
1684 2566 1976 2636 ἐπίτροπος

397 2667 454 2720 δέ
489 2665 595 2720 τῶν
621 2668 678 2719 ἐν
719 2661 1101 2732 Ἀλεξανδρείᾳ
1131 2660 1296 2726 ξένων
1323 2661 1419 2713 καὶ
1446 2657 1696 2729 πτωχῶν.
1729 2658 1825 2712 Ἐκ
1853 2657 1974 2711 νέου

399 2760 454 2812 δὲ
490 2759 591 2812 ἀνὰ
637 2757 736 2827 τὴν
778 2755 976 2826 Σκῆτιν
1019 2753 1220 2826 ἄριστα
1261 2751 1682 2822 ἐφιλοσόφησεν,
1715 2751 1791 2814 ὡς
1845 2752 1976 2820 παρ’

401 2848 608 2921 ἀνδρῶν
657 2845 808 2917 αὐτῷ
861 2837 1274 2914 συγγενομένων
1327 2843 1627 2912 ἐπυθόμην.
1664 2843 1726 2896 Οἱ
1759 2841 1817 2894 δέ
1845 2859 1978 2911 φασι

403 2940 646 3010 Θεοφίλῳ
689 2937 878 2992 τοῦτον
921 2935 1178 3006 γενέσθαι
1225 2934 1418 3004 φίλον,
1466 2933 1540 2996 ὡς
1573 2933 1828 2986 κοινωνὸν
1884 2934 1978 2986 καὶ

405 3033 694 3102 συνίστορα
736 3029 1062 3100 πράγματος
1115 3025 1456 3082 ἐπικινδύνου
1506 3025 1820 3094 γενόμενον.
1872 3023 1978 3076 Λέ-

404 3143 559 3194 γουσι
589 3124 720 3193 γάρ,
762 3122 837 3186 ὡς
871 3121 1032 3192 ἡνίκα
1057 3122 1086 3174 ό
1121 3119 1254 3190 πρὸς
1284 3117 1536 3187 Μάξιμον
1573 3115 1855 3169 συνίστατο
1881 3113 1978 3167 πό-

403 3186 565 3286 λεμος
588 3186 612 3280 ,ν
659 3186 807 3286 δῶρα
841 3186 964 3275 δοὺς
1009 3186 1175 3280 αὐτῷ-
1201 3186 1492 3278 Θεόφιλος,
1538 3208 1632 3262 καὶ
1685 3209 1986 3278 γράμματα
2013 3186 2054 3242 C

403 3307 541 3378 πρὸς
567 3306 658 3359 τὸν
691 3303 916 3374 βασιλέα
954 3303 1049 3356 καὶ
1074 3301 1164 3356 τὸν
1192 3299 1454 3372 τύραννον
1480 3338 1494 3362 ,
1543 3299 1848 3352 ἐνετείλατο
1885 3315 1986 3354 κα-

405 3397 661 3452 ταλαϐεῖν
691 3397 792 3466 τὴν
822 3394 1040 3465 Ῥώμην
1059 3433 1075 3457 ,
1098 3391 1193 3446 καὶ
1219 3394 1530 3462 πῖριμεῖναι
1554 3392 1654 3460 τῆς
1685 3389 1864 3460 μάχης
1890 3389 1990 3460 τὴν

406 3490 692 3552 ἀπόϐασιν,
731 3488 822 3540 καὶ
851 3485 927 3556 τῷ
957 3487 1244 3555 νικήσαντι
1273 3483 1471 3536 διδόναι
1505 3483 1643 3554 μετὰ
1668 3483 1776 3538 τῶν
1809 3500 1990 3554 γραμ-

411 3583 594 3652 μάτων
615 3578 684 3631 τὰ
703 3577 872 3648 δῶρα.
911 3576 1016 3628 Τὸν
1048 3575 1104 3628 δὲ
1129 3613 1143 3638 ,
1193 3575 1319 3628 τάδε
1344 3575 1648 3642 ποιήσαντα
1688 3575 1762 3644 μὴ
1801 3573 1986 3628 διαλα-

406 3673 540 3733 θεῖν,
571 3667 825 3722 δείσαντά
850 3685 931 3731 τε,
970 3667 1186 3735 φυγάδα
1213 3669 1294 3729 εἰς
1323 3665 1728 3738 Ἀλεξάνδρειαν
1757 3667 1982 3718 ἐπανελ-

407 3765 540 3818 θεῖν.
591 3763 678 3828 Ἑξ
709 3761 919 3814 ἐκείνου
947 3759 1004 3812 δὲ
1041 3758 1296 3828 Θεόφιλον
1327 3758 1435 3812 τῶν
1469 3758 1616 3828 αὐτῷ
1647 3758 1982 3812 πιστοτάτων

403 3857 498 3910 τὸν
529 3855 698 3924 ἄνδρα
727 3853 1116 3922 ποιησάμενον.
1142 3853 1220 3915 εἰς
1245 3853 1434 3922 καιρὸν
1463 3851 1680 3920 νομίσαι
1709 3851 1817 3904 τῶν
1841 3849 1980 3922 ὑπὲρ

404 3946 570 4000 αὑτοῦ
601 3945 862 3999 κινδύνων
889 3943 1179 3997 ἀποδοῦναι
1209 3943 1307 4012 τὴν
1333 3942 1566 4014 ἀμοιϐὴν
1593 3979 1608 4000 .
1641 3944 1687 3994 εἰ
1711 3943 1808 4012 τῆς
1829 3943 1984 3996 Κων-

408 4037 900 4100 σταντινουπόλεως
971 4035 1268 4088 ὲ-ιτίσκοπον
1339 4035 1504 4088 αὑτὸν
1565 4035 1979 4104 καταστήσειεν.

419 4136 561 4189 Ἀλλ’
589 4136 700 4188 εἴτε
731 4135 982 4188 ἐντεῦθεν
1006 4177 1020 4202 ,
1051 4137 1160 4189 εἴτε
1191 4136 1267 4198 ὡς
1299 4134 1466 4205 ἄνδρα
1495 4135 1700 4202 ἀγαθὸν
1741 4151 1982 4206 χειροτο-

407 4229 522 4282 νεῖν
554 4227 740 4282 τοῦτον
771 4227 1031 4297 ἠϐούλετο
1067 4226 1329 4295 Θεόφιλος
1355 4267 1369 4289 ,
1393 4226 1701 4280 τελευταῖον
1729 4228 1986 4298 συνῄνεσε

405 4322 520 4382 τοῖς
575 4321 668 4372 ἐπὶ
729 4319 949 4390 Ἰωάννῃ
984 4318 1361 4387 δεδογμένοις⁸
1409 4316 1648 4387 ἀτεχνῶς
1695 4317 1868 4390 ταύτῃ
1921 4320 1986 4388 τῇ

2078 1919 2425 1985 crevissent,
2480 1923 2782 1992 imperator
2835 1939 3058 1995 quoque
3103 1928 3509 1997 comprobavit,
3552 1933 3656 1985 mi-

2079 2011 2260 2082 sitque
2289 2013 2382 2082 qui
2409 2028 2534 2068 eum
2573 2013 2938 2070 adducerent.
2992 2017 3395 2089 Episcoporum
3432 2034 3658 2092 prauor-

2078 2118 2142 2158 ea
2183 2103 2454 2174 synodum
2485 2107 2834 2171 convocavit,
2869 2115 2928 2161 ut
2963 2123 3030 2163 eo
3083 2117 3246 2180 pacto
3294 2110 3658 2168 illustriorem
3746 2130 3757 2138 ·

2080 2196 2332 2252 redderet
2363 2197 2486 2266 ejus
2519 2197 2951 2256 ordinationem.
2990 2199 3108 2257 Non
3163 2203 3338 2259 multo
3390 2201 3514 2274 pos't
3563 2207 3662 2264 As-

2081 2288 2257 2344 terius
2287 2303 2472 2344 comes
2521 2288 2788 2357 Orientis,
2846 2305 2974 2346 cum
3041 2295 3396 2364 imperatoris
3446 2299 3662 2357 litteras

2080 2383 2410 2451 accepisset,
2434 2381 2704 2438 Joannem
2737 2385 2805 2439 ad
2849 2400 2907 2441 se
2931 2387 3151 2452 accivit,
3172 2391 3332 2460 quasi
3373 2391 3660 2464 quidpiam

2081 2475 2245 2528 abeo
2285 2475 2691 2544 postulaturus.
2733 2475 2990 2542 Quicum
3047 2481 3309 2550 venisset,
3362 2483 3659 2541 confestim

2080 2567 2336 2621 Asterius
2366 2581 2492 2622 eum
2519 2583 2626 2621 una
2679 2583 2866 2624 secum
2907 2571 2960 2623 in
3019 2572 3326 2628 vehiculum
3375 2575 3662 2647 imposuit,

2082 2667 2136 2711 et
2165 2658 2383 2711 concito
2407 2671 2576 2712 cursu
2612 2656 2818 2728 Pagras
2856 2675 3034 2730 usqttu
3059 2678 3183 2716 eum
3235 2662 3484 2730 deduxit,
3539 2683 3663 2738 qme

2083 2749 2250 2804 statio
2274 2758 2359 2804 est
2389 2749 2463 2802 ita
2492 2749 2766 2804 dieta.lbi
2823 2766 2947 2806 cum
2996 2751 3264 2809 Joannem
3318 2755 3432 2812 illis
3485 2759 3580 2829 qui
3631 2775 3662 2814 a

2085 2841 2336 2910 principe
2362 2842 2518 2897 missi
2593 2851 2754 2898 erant
2801 2843 3144 2912 tradidisset,
3189 2849 3536 2904 Antiochiam
3575 2865 3663 2906 re-

2085 2947 2280 2988 versus
2307 2939 2411 2988 est.
2446 2934 2750 2990 Prudenter
2773 2946 2954 2991 autem
2988 2938 3090 2994 hoc
3123 2939 3666 3010 negotium’curasse

2085 3025 2240 3081 visus
2283 3035 2392 3094 est,
2440 3036 2734 3098 antequam
2767 3029 3096 3085 Antiocheni
3134 3033 3443 3104 quidquam
3487 3041 3662 3093 resci-

2087 3127 2230 3182 rent,
2271 3119 2364 3188 qui
2399 3128 2454 3174 et
2497 3121 2676 3190 asperi
2717 3129 2880 3176 erant
2909 3123 2965 3176 in
3003 3123 3396 3190 seditionibus,
3425 3143 3526 3184 nec
3561 3146 3667 3184 un-

2087 3224 2252 3278 quam
2287 3225 2385 3265 sua
2416 3219 2613 3280 sponte
2658 3211 2928 3268 Joannem
2967 3214 3256 3272 dimissuri
3307 3220 3667 3288 videbantur,

2086 3301 2410 3370 priusquam
2435 3303 2561 3355 ntali
2589 3303 2876 3376 quidpiam
2920 3314 3016 3360 aut
3049 3318 3366 3378 patrassent
3400 3311 3526 3382 ipsi,
3569 3329 3661 3370 aut

2085 3397 2233 3464 passi
2285 3403 2498 3451 essent.
2547 3395 2724 3452 Porro
2760 3411 2884 3452 eum
2919 3401 3163 3456 venisset
3199 3381 3668 3478 Constantinopo-

2086 3487 2205 3548 lim,
2237 3501 2479 3557 cumque
2504 3488 2750 3559 episcopi
2783 3489 2878 3560 qui
2911 3492 3092 3545 vocati
3125 3491 3342 3548 fuerant
3365 3495 3478 3564 jam
3507 3497 3668 3552 ades-

2087 3589 2232 3644 sent,
2264 3579 2604 3635 ordinationi
2625 3579 2746 3651 ejus
2785 3581 3236 3652 impedimentum
3269 3587 3453 3640 attulit
3488 3588 3668 3643 Theo.

2091 3672 2297 3740 philus,
2325 3671 2516 3728 favens
2557 3671 2806 3728 Isidoro:
2837 3673 2932 3744 qui
2971 3683 3082 3728 tum
3123 3672 3342 3744 quidem
3379 3677 3668 3750 presbyter

2089 3771 2210 3816 erat
2239 3763 2344 3818 sub
2368 3763 2464 3818 illo
2492 3765 2853 3829 constitutus,
2892 3775 2944 3819 et
2981 3779 3282 3836 pauperum
3319 3781 3384 3822 ac
3419 3769 3668 3840 peregri-

2091 3870 2288 3908 norum
2333 3862 2560 3910 curator
2603 3855 2659 3910 in
2709 3857 2848 3911 urbe
2884 3857 3240 3913 Alexandria.
3285 3859 3558 3914 Caeterum
3601 3863 3670 3918 ab

2088 3949 2314 4002 ineunte
2351 3956 2510 4002 aetate
2543 3947 2692 4016 apud
2742 3947 2948 4004 Scetim
2989 3952 3208 4022 egregie
3251 3951 3670 4022 philosOpbatus

2089 4039 2296 4106 fuerat,
2343 4041 2489 4096 sicut
2519 4056 2546 4094 a
2578 4039 2912 4112 quibusdam
2951 4044 3088 4099 viris
3131 4045 3224 4114 qui
3261 4060 3388 4099 cum
3423 4047 3520 4100 illd
3551 4063 3669 4104 ver-

2091 4133 2193 4186 sati
2229 4131 2448 4187 fuerant
2485 4133 2693 4204 accepi.
2737 4133 2843 4188 Alii
2879 4134 3072 4190 dicunt
3103 4135 3251 4192 hunc
3273 4137 3398 4193 ideo
3427 4139 3669 4194 amicum

2090 4221 2261 4278 fuisse
2287 4223 2600 4294 Theophili,
2621 4226 2773 4296 quod
2789 4226 3052 4282 conscius
3080 4225 3273 4284 fuisset
3305 4245 3368 4284 ac
3391 4231 3670 4301 particeps

2092 4315 2357 4372 facinoris
2403 4317 2689 4387 cujusdam
2740 4318 3057 4388 periculosi.
3109 4319 3246 4374 Nam
3287 4320 3417 4376 dum
3465 4323 3667 4378 bellum

1579 4491 1852 4546 VALESII
1895 4490 2451 4550 ANNOTATIONES.

483 4587 561 4654 (4)
590 4585 896 4658 essetnec.
939 4584 1298 4658 'l‘lteivpliilitnt
1336 4581 1980 4658 Joannis‘Chrysostomi
2021 4589 2060 4641 ι)
2091 4591 2260 4640 verbo
2307 4585 2790 4658 innuere‘videtur
2839 4585 3140 4652 Palladius,
3189 4585 3552 4658 Theophilum
3600 4607 3667 4644 eo

409 4653 743 4712 ordinationi
803 4653 1121 4709 interfuisse
1169 4664 1400 4708 testatur
1431 4653 1597 4708 etiam
1635 4656 1894 4708 Sor-rates
1927 4653 1981 4706 in

410 4729 552 4782 libro
608 4737 787 4780 sexto.
850 4725 1126 4778 Palladius
1190 4733 1370 4777 tamen
1425 4725 1475 4776 in
1517 4722 1740 4792 Dialogo
1771 4723 1834 4778 de
1874 4725 1981 4776 rita

409 4797 637 4852 Joannis
668 4795 1051 4865 Chrysostomi,
1085 4794 1443 4863 Theophilum
1497 4793 1972 4865 peractajamror-

411 4871 694 4922 diuatione
743 4863 1129 4932 supervenisse
1187 4865 1394 4917 indicat
1449 4865 1532 4917 his
1589 4863 1820 4916 verbis:
1865 4864 1984 4915 Ἀπ’

411 4939 585 5010 ἀρχῆς
609 4933 762 5010 ούνρ
807 4935 1064 5010 Θεόᾳιλος
1092 4937 1139 5010 Δὸ
1178 4934 1278 5002 τῆς
1325 4933 1716 5010 Ἀλεξανδρέων
1759 4933 1985 5010 ὲῖτίσκο-

415 5002 816 5076 ποξ,“προσχιῖ›ν
855 5005 1024 5076 αὑτοῦ
1048 5005 1119 5076 ,τῇ
1145 5003 1494 5076 καταστάσει,
1532 5003 1608 5072 τῷ
1635 5002 1987 5076 ἀνεπιλήπτῳ

410 5083 506 5148 τῆς
533 5073 842 5146 παῤῥησίας
875 5073 1136 5146 ἦψυχώθη
1170 5075 1304 5144 πρὸς
1327 5074 1421 5144 τὴν
1463 5073 1814 5148 χειροτονίαν,
1853 5073 1984 5148 i‘fam

413 5141 635 5203 τοι-ἰηιιὴ
650 5141 793 5200 illud
815 5141 1070 5217 προσχεῖν
1098 5141 1803 5215 signiﬁcatappcltereJIoc
1825 5145 1989 5214 igitur

2093 4666 2336 4724 tempore
2365 4656 2654 4727 advenisse
2683 4673 2794 4727 quo
2832 4668 2927 4710 aut
2966 4656 3380 4722 celebrabatur,
3423 4669 3516 4712 aut
3553 4662 3667 4727 jam

2091 4729 2366 4781 celebrata
2400 4735 2518 4780 erat
2555 4726 2784 4781 Joannis
2819 4729 3114 4781 ordinatin.
3147 4728 3452 4783 Confirmat
3482 4726 3665 4784 autem

2093 4797 2232 4851 hanc
2265 4801 2591 4851 sententiam
2621 4799 2669 4850 id
2703 4801 2846 4866 qttozl
2881 4799 3064 4852 statim
3095 4799 3378 4866 subjungit
3408 4800 3669 4854 Sozomc-

2090 4883 2194 4924 nus
2229 4868 2578 4937 :Eutropium
2613 4869 2823 4923 scilicet
2853 4869 3203 4938 praepositum
3229 4871 3369 4922 sacri
3401 4873 3666 4936 cubiculi,

2088 4941 2336 5008 coegisse
2388 4938 2747 5006 Theophilum
2822 4949 2879 5008 ut
2953 4939 3290 5006 reliquorum
3363 4941 3669 4994 antistitum

2089 5007 2376 5064 sententia:
2410 5009 2809 5063 subscriberet.
2851 5007 2971 5062 Jam
3021 5009 3191 5079 igitur
3239 5011 3308 5063 ab
3343 5009 3413 5065 iis
3449 5011 3672 5064 ordina-

2090 5088 2178 5134 tus
2218 5082 2394 5133 fuerat
2421 5081 2870 5148 Cbt'ysostoutus.

1858 5318 2246 5375 VARIOIiUM.

417 5425 929 5492 Mopsucstcnumct
981 5420 1324 5492 Theodorum
1373 5415 1794 5492 Antiochenam,
1821 5417 1982 5492 cujus

413 5489 573 5548 toties
627 5494 767 5562 apud
815 5493 1180 5562 chnadiunt,
1242 5489 1530 5562 I‘botintn,
1566 5501 1630 5562 et.
1675 5491 1726 5562 in
1771 5489 1983 5540 catenis

417 5566 640 5623 mentio,
665 5556 825 5615 'cxtra
849 5578 1012 5613 omne
1035 5559 1261 5612 dubium
1294 5559 1445 5626 ponit
1476 5556 1725 5623 Photius)
1755 5572 1817 5610 ac
1841 5567 1986 5624 post-

413 5649 472 5687 ea
511 5634 861 5700 Mopsuestim
905 5633 957 5682 in
985 5629 1171 5682 Cilicia
1204 5629 1549 5700 episcopus;
1579 5637 1632 5700 ct
1661 5627 1980 5700 aliquandiu

417 5696 724 5756 Nestorium
750 5712 796 5754 ct
817 5701 1207 5752 'l‘heodorilum
1236 5699 1514 5751 auditores
1541 5696 1746 5750 habuit.
1771 5697 1984 5748 Claruit

416 5787 556 5826 anno
588 5773 712 5835 407,
759 5773 884 5839 quin
930 5771 972 5822 si
1023 5769 1212 5821 tnui-tis
1247 5768 1364 5836 ejus
1395 5775 1610 5833 tempus
1661 5774 1806 5820 recte
1835 5781 1984 5820 assc-

2089 5431 2248 5486 quar,
2275 5415 2387 5486 jam
2415 5415 2483 5466 ab
2515 5431 2658 5468 attito
2677 5414 2802 5486 2392,
2821 5414 3428 5486 episcopatumitenuit.
3456 5412 3671 5486 Obi‘isse

2090 5483 2234 5540 enim
2262 5483 2473 5537 videtur
2513 5503 2655 5538 anno
2681 5485 2806 5549 4‘28,
2850 5483 3138 5554 postquam
3187 5485 3486 5554 Ecclesiatn
3523 5483 3673 5552 Mop-

2091 5564 2404 5611 sucstenam
2467 5571 2564 5624 per
2617 5557 2685 5608 .36
2739 5550 2913 5610 annos
2967 5550 3346 5624 έιιιιυιιηιιδεθῐ.
3394 5550 3570 5624 rVaria
3605 5550 3670 5606 de

2092 5628 2184 5680 illo
2217 5623 2689 5692 lcruntnrjmliz-ia
2729 5645 2741 5676 :
2778 5623 3028 5678 laudatur
3064 5625 3132 5677 ab
3174 5623 3283 5692 bis.
3317 5623 3574 5690 culpatur
3603 5624 3670 5676 ab

2091 5699 2221 5752 illis.
2263 5696 2404 5750 Gttii.
2443 5691 2609 5762 CAYB,
2647 5695 2727 5748 Ad
2759 5712 2884 5749 tum.
2919 5696 3045 5760 407,
3085 5707 3206 5761 pag.
3255 5691 3362 5748 296
