4066 6338
519 441 656 498 1523

1954 433 2274 490 SOZOMEN
2283 435 2298 488 l

3589 438 3693 495 1521

513 562 623 616 rati
657 565 711 616 in
743 572 1021 620 certamen
1051 561 1454 618 descenderent
1487 576 1611 615 cum
1650 559 1966 614 hominibus
1991 558 2084 629 qui

2220 555 2417 627 ἱνδρας,
2451 553 2690 608 ὑπονοῶν
2715 551 2927 606 ἐναντία
2964 554 3180 624 φρονεῖν
3215 549 3378 621 αύτῷ,
3408 551 3602 624 ἐζήτησε
3622 557 3697 629 l9)’

515 653 584 708 de
618 655 792 710 salute
823 671 921 709 sua
951 655 1065 725 jam
1093 653 1508 724 desperassent,
1543 652 1731 708 missis
1763 651 1832 706 ad
1863 649 2092 706 Gainam

519 745 755 807 nuntiis,
776 745 946 814 jussit
980 755 1040 800 ut
1072 751 1288 815 peteret
1316 743 1586 816 quidquid
1619 743 1818 808 vellet;
1848 759 1908 798 se
1939 757 2094 796 nam-

518 849 625 904 que
653 843 902 902 paratum
953 851 1080 892 esse
1105 837 1161 890 in
1193 837 1451 892 omnibus
1480 835 1529 891 ei
1553 834 1872 906 gratificari.
1903 835 1971 888 At
2003 835 2096 889 ille

517 925 878 981 Saturninum
910 935 966 982 et
1011 926 1372 982 Aurelianum
1407 927 1732 982 consulares
1762 927 1928 990 viros,
1954 940 2096 996 quos

517 1019 801 1076 adversari
840 1021 944 1076 sibi
997 1021 1414 1088 suspicabatur,
1450 1021 1572 1074 dedi
1613 1021 1716 1075 sibi
1757 1019 2090 1090 postulavit:

514 1126 760 1182 cumque
805 1112 1154 1182 accepisset,
1201 1113 1268 1166 iis
1331 1112 1598 1181 pepercit.
1656 1109 2098 1177 Progressusque

517 1199 571 1252 in
609 1200 954 1270 colloquium
992 1215 1116 1256 cum
1151 1200 1416 1270 principe,
1469 1201 1522 1254 in
1565 1200 1798 1254 ecclesia
1843 1213 1966 1269 quae
2013 1204 2098 1253 est

519 1291 671 1362 iuxta
726 1290 1168 1356 Chalcedonem,
1214 1292 1269 1346 in
1319 1307 1428 1362 qua
1479 1291 1798 1361 Euphemire
1840 1291 2098 1362 martyris

518 1382 839 1452 sepulcrum
881 1392 993 1449 est.
1039 1383 1171 1438 dato
1211 1394 1555 1453 acceptoque
1600 1384 1836 1440 invicem
1877 1383 2092 1452 jureju-

521 1472 698 1527 rando
743 1472 814 1529 de
843 1474 1108 1541 amicitia,
1145 1489 1300 1528 arma
1349 1473 1646 1545 deposuit:
1687 1484 1741 1529 et
1777 1474 2099 1530 Constanti-

523 1563 764 1634 nopolim
816 1566 1074 1636 trajecit,
1125 1566 1400 1636 equestris
1441 1582 1506 1621 ac
1563 1567 1837 1638 pedestris
1891 1568 2102 1621 militiae

522 1657 784 1726 magister
833 1657 902 1712 ab
951 1658 1281 1728 imperatore
1323 1658 1523 1715 factus.
1582 1660 1688 1714 Sed
1735 1675 1860 1714 cum
1905 1670 2103 1730 praeter

523 1747 778 1801 meritum
827 1763 918 1803 res
962 1748 1009 1803 ei
1063 1763 1322 1818 prospere
1368 1749 1714 1804 successisse
1757 1750 2098 1816 viderentur,

523 1851 639 1888 eam
689 1835 779 1890 ille
824 1834 1146 1891 felicitatem
1211 1836 1491 1892 moderate
1558 1853 1667 1892 non
1725 1839 1867 1892 tulit.
1897 1837 2100 1894 Verum

523 1928 784 2000 quoniam
839 1928 990 1998 prior
1040 1929 1324 1984 temeritas
1373 1945 1438 1984 ex
1500 1939 1628 1984 voto
1675 1930 1777 2000 ipsi
1830 1939 2097 1995 cesserat,

525 2021 827 2076 Eeclesiam
861 2033 1082 2091 quoque
1133 2005 1456 2091 perturbare
1499 2037 1791 2092 aggressus
1827 2033 1932 2077 est.
1971 2021 2102 2076 Erat

524 2109 676 2164 enim
722 2107 1107 2172 Christianus.
1143 2125 1174 2164 e
1220 2118 1370 2164 secta
1425 2111 1790 2164 barbarorum
1845 2112 1939 2181 qui
1987 2111 2100 2166 Arii

527 2201 842 2270 opinionem
875 2209 1174 2257 sectantur.
1199 2199 1670 2260 Persuadentibus
1699 2204 1868 2276 igitur
1886 2205 2103 2276 episco-

525 2288 611 2356 pis
641 2286 762 2358 ejus
799 2296 989 2356 secta),
1022 2305 1118 2344 seu
1159 2290 1344 2361 potius
1387 2291 1505 2362 ipse
1547 2294 1844 2350 ambitione
1881 2297 2102 2359 ductus,

525 2379 823 2448 postulavit
851 2395 881 2435 a
913 2381 1161 2452 principe
1211 2393 1268 2436 nt
1306 2399 1420 2438 sure
1450 2394 1613 2440 sectae
1643 2385 1964 2442 hominibus
1997 2405 2104 2442 una

525 2485 594 2525 ex
641 2471 892 2528 ecclesiis
936 2475 1146 2531 urbicis
1174 2476 1508 2532 traderetur.
1544 2477 1812 2548 lnjustum
1839 2481 2006 2548 enim.
2045 2497 2108 2536 ac

529 2575 784 2634 praeterea
832 2565 1154 2621 indecorum
1207 2582 1330 2623 esse
1363 2569 1726 2638 querebatur,
1767 2580 1826 2626 ut
1861 2569 1980 2642 ipse
2011 2573 2105 2642 qui

529 2657 794 2728 magister
821 2667 942 2714 erat
975 2656 1238 2714 Romana:
1273 2661 1504 2726 militiae,
1527 2671 1683 2718 extra
1719 2665 1873 2720 urbis
1907 2667 2109 2720 titmnia

529 2750 723 2805 orandi
769 2766 936 2807 causa
981 2753 1447 2824 proﬁcisceretur.
1495 2755 1650 2822 Quod
1701 2759 1794 2812 ubi
1841 2757 2110 2829 comperit

527 2840 792 2908 Joannes,
825 2859 938 2898 non
981 2845 1218 2914 amplius
1249 2846 1476 2915 quievit.
1515 2845 1620 2903 Sed
1670 2849 1971 2919 assumptis
1999 2849 2112 2918 epi-

531 2933 712 3002 scopis
751 2933 844 3006 qui
879 2944 992 2990 tum
1030 2935 1173 2993 forte
1211 2936 1689 3008 Constantinopoli
1731 2940 2110 3004 morabantur,

531 3029 587 3080 in
626 3027 891 3097 palatium
948 3031 1215 3099 perrexit.
1271 3029 1337 3083 Et
1396 3045 1584 3084 coram
1653 3031 1946 3102 principe,
1993 3033 2112 3103 ipso

531 3135 752 3189 queque
800 3121 975 3176 Gaina
1029 3130 1266 3186 astante,
1303 3123 1492 3179 multis
1538 3125 1720 3179 verbis
1756 3125 1812 3180 in
1861 3141 1985 3181 eum
2025 3126 2114 3181 in-

2197 648 2375 702 λαδὼν
2400 649 2456 702 δὲ
2477 688 2490 710 ,
2525 647 2796 716 ἐφείσατο.
2833 646 2943 699 Καὶ
2975 647 3053 708 εἰς
3079 643 3274 700 ταυτὸν
3302 641 3376 714 τῷ
3404 643 3582 714 βασιλεί
3607 664 3702 700 συν-

2195 737 2439 810 δραμὼν,
2505 740 2584 801 είς
2648 737 2738 790 τὸν
2793 735 2899 807 πρὸ
2959 735 3062 806 τῆς
3096 732 3432 803 Χαλκηδόνος
3471 735 3702 808 εὐκτήριον

2197 825 2367 896 οἷκον,
2395 831 2451 882 ἐν
2501 820 2548 896 ᾦ
2587 827 2879 898 Εύφημίας
2910 827 3009 896 τῆς
3052 824 3327 897 μάρτυρός
3356 825 3489 878 ἐστιν
3512 827 3703 896 eadem,

2197 922 2391 990 ὅρκους
2424 937 2484 974 τε
2507 919 2687 976 λαϐὼν
2737 921 2830 975 καὶ
2871 919 2996 983 δοὺς
3027 919 3155 988 περὶ
3181 917 3407 983 εὐνοίας,
3446 920 3641 976 ἀπέθετο
3655 922 3709 976 τὰ

2196 1013 2354 1076 ὅπλα,
2377 1013 2470 1066 καὶ
2495 1014 2576 1076 είς
2617 1009 3026 1066 Κωνσταντινού
3038 1009 3187 1063 πολιν
3215 1009 3531 1082 ἐπεραιοῦτο,
3568 1012 3708 1078 πεζῶν

2197 1103 2293 1156 καὶ
2329 1103 2538 1158 ἱππέων
2566 1105 2666 1173 τὴν
2694 1103 3002 1191 -ᾕγεμονίαν
3053 1105 3117 1155 ὲκ
3161 1099 3420 1172 βασιλέως
3444 1101 3580 1173 έχων.
3603 1105 3712 1176 Παρ*

2197 1193 2354 1258 ἀξίαν
2377 1194 2432 1248 δὲ
2469 1193 2626 1260 δόξαν
2659 1189 2718 1248 εὖ
2752 1189 3014 1265 πράττειν
3045 1193 3182 1264 (10),
3206 1193 3307 1246 ούκ
3347 1193 3524 1262 ἦνεγκε
3545 1196 3712 1266 σωφρό-

2199 1305 2306 1350 νως
2346 1303 2358 1316 ’
2391 1285 2507 1339 ἀλλ’
2534 1287 2656 1340 ἐπεὶ
2681 1286 2743 1338 τὸ
2789 1285 3005 1356 πρῶτον
3039 1285 3352 1356 παράλογον
3381 1283 3510 1337 κατὰ
3536 1285 3716 1357 γνώμην
3763 1286 3768 1294 ”

2199 1378 2346 1448 αὐτῷ
2369 1377 2569 1448 ἀπέϐη,
2601 1377 2694 1432 καὶ
2747 1379 2846 1447 τὴν
2896 1376 3126 1431 καθόλου
3163 1377 3484 1446 Ἐκκλησίαν
3520 1377 3718 1446 θορυϐεῖν

2200 1471 2578 1542 ἐπεχείρησεν.
2601 1465 2710 1523 Ἦν
2744 1469 2842 1540 μὲν
2871 1467 2980 1539 γὰρ
3004 1467 3349 1540 Χριστιανὸς,
3374 1467 3462 1538 τῆς
3492 1466 3588 1520 τῶν
3613 1466 3720 1536 βαρ-

2201 1561 2381 1630 ϐάρων
2412 1563 2699 1633 αἱρέσεως,
2735 1562 2785 1614 οἳ
2801 1560 2870 1614 τα
2903 1557 3115 1631 Ἀρείου
3155 1557 3436 1632 φρονοῦσιν
3465 1559 3578 1630 (ll).
3597 1561 3720 1613 Ἀνα-

2202 1653 2445 1716 πεισθεὶς
2467 1653 2525 1708 δὲ
2579 1653 2730 1723 παρὰ
2757 1651 2868 1706 τῶν
2892 1651 3099 1724 ταύτης
3131 1649 3501 1724 προεστώτων,
3532 1650 3562 1720 ἦ
3595 1650 3722 1714 αὐτὸς

2203 1743 2674 1816 φιλοτιμούμενος,
2699 1743 2868 1816 ᾔτησε
2917 1741 3008 1795 τὸν
3057 1740 3281 1812 βασιλέα
3329 1741 3450 1811 μίαν
3479 1739 3573 1794 τῶν
3600 1743 3646 1793 ὲν
3673 1742 3724 1810 τῇ

2218 1837 2372 1890 πόλει
2433 1835 2737 1906 ἐκκλησιῶν
2786 1836 2910 1900 τοὺς
2937 1833 3226 1906 ὁμοδόξους
3263 1833 3411 1903 αὐτῷ
3436 1833 3582 1904 ἔχειν.
3608 1831 3730 1901 Μηδὲ

2209 1929 2317 1998 γὰρ
2373 1923 2512 1980 εἶναι
2565 1927 2792 1989 δίκαιον,
2860 1926 2956 1980 καὶ
3002 1923 3177 1988 ἄλλως
3204 1922 3452 1992 ἀπρεπὲς
3485 1923 3732 1992 ἐμέμφετο,

2222 2019 2509 2090 Ῥωμαίων
2539 2017 2666 2072 ὅντα
2693 2017 2886 2071 ἑαυτὸν
2909 2013 3233 2089 στρατηγὸν,
3264 2013 3372 2080 ἔξω
3397 2013 3573 2084 τειχῶν
3593 2030 3734 2084 παρα-

2209 2108 2501 2180 γενόμενον
2547 2106 2820 2178 εὔχεσθαι.
2878 2105 3079 2160 Μαθὼν
3119 2105 3174 2158 δὲ
3223 2105 3354 2160 τάδε
3395 2103 3736 2174 ’Ῑωὰννης.οὐκ

2211 2201 2544 2272 ἐφησύχαπε.
2595 2197 2938 2272 Παραλαϐὼν
2987 2197 3044 2251 δὲ
3099 2199 3222 2262 τοὺς
3268 2195 3585 2260 ἐπισκόπους
3614 2197 3737 2263 οἷπερ

2211 2293 2398 2364 ἔτυχον
2427 2291 2786 2364 ἐνδημοῦντες
2821 2293 2887 2364 τῇ
2941 2289 3116 2358 πόλει,
3143 2285 3277 2362 ἧκεν
3307 2289 3388 2354 εἰς
3417 2287 3481 2340 τὰ
3519 2286 3739 2357 βασίλειαι

2213 2387 2310 2440 καὶ
2375 2383 2470 2438 τοῦ
2523 2383 2786 2454 βασιλέως
2835 2381 3230 2446 ἐπακούοντος,
3286 2379 3450 2436 αὐτοῦ
3500 2396 3554 2432 τε
3608 2377 3742 2430 Γαῐνᾶ

2213 2478 2498 2550 παρόντος,
2521 2477 2685 2532 πολὺν
2711 2475 2932 2547 κατέχεε
2956 2475 3134 2544 λόγον,
3157 2473 3391 2546 πατρίδα
3415 2489 3470 2525 τε
3493 2471 3578 2524 καὶ
3603 2467 3744 2538 φυγὴν

2215 2570 2509 2635 ὀνειδίζων,
2574 2569 2670 2623 καὶ
2721 2567 2798 2632 ὡς
2839 2565 2918 2638 τῷ
2951 2565 3214 2636 βασιλέως
3251 2563 3420 2634 πατρὶ
3444 2561 3554 2615 τότε
3585 2559 3744 2620 σωθεὶς

2216 2660 2430 2732 ὤμοσεν
2467 2655 2502 2732 ἦ
2533 2659 2640 2731 μὴν
2685 2657 2972 2729 Ῥωμαίοις
3021 2658 3247 2720 εὐνοεῖν,
3281 2653 3431 2724 αὐτῷ
3460 2671 3517 2706 τε
3556 2651 3639 2705 καὶ
3661 2653 3746 2711 τοῖς

2217 2751 2380 2811 αὑτοῦ
2411 2751 2588 2822 παισὶ,
2607 2751 2701 2806 καὶ
2713 2751 2918 2822 νόμοις,
2937 2749 3029 2814 οὒς
3050 2747 3288 2821 ἀκύρους
3309 2745 3568 2817 ἐπεχείρει
3592 2743 3744 2796 ποιεῖν.

2217 2847 2330 2902 Καὶ
2363 2847 2488 2900 τάδε
2541 2845 2737 2914 λέγων,
2803 2845 3010 2898 ἐδείκνυ
3063 2844 3155 2897 τὸν
3202 2841 3372 2912 νόμον
3420 2839 3477 2892 ὃν
3521 2837 3752 2896 Θεοδόσιος

2219 2940 2390 3002 ἔθετο,
2414 2940 2536 3004 τοὺς
2562 2937 2902 3010 ἐτεροδόξους
2940 2937 3136 3007 εἴργων
3171 2935 3322 2990 ἔνδον
3357 2931 3543 3006 τειχῶν
3588 2927 3750 2998 ἐκκλη-

2221 3031 2446 3095 σιάζειν,
2490 3031 2584 3084 Ἐκ
2610 3029 2800 3082 τούτου
2829 3029 2884 3081 δὲ
2926 3029 3060 3099 πρὸς
3096 3027 3187 3080 τὸν
3223 3027 3450 3099 βασιλέα
3487 3023 3668 3096 mea;
3686 3019 3754 3072 τὸν

2221 3125 2396 3194 λόγον,
2426 3123 2612 3176 ἔπεισε
2638 3123 2726 3176 τὸν
2747 3120 2974 3174 τεθέντα
3007 3121 3170 3191 νόμον
3201 3121 3348 3175 κατὰ
3387 3119 3494 3174 τῶν
3517 3117 3668 3172 ἄλλων
3690 3114 3750 3165 al-

531 3219 722 3264 vectns
759 3220 842 3266 est
881 3231 893 3264 :
933 3213 1163 3284 patriam
1198 3215 1274 3268 illi
1307 3223 1363 3268 et
1417 3211 1600 3284 fugam
1633 3215 1922 3286 objicicns,
1961 3225 2016 3272 et
2056 3219 2110 3271 in

2225 3215 2424 3287 ρέσεων
2457 3213 2642 3285 κύριον
2665 3213 2972 3282 φυλάττειν·
3007 3213 3232 3284 ἄμεινον
3249 3208 3392 3266 εἶναι
3421 3207 3756 3282 συμϐουλεύων

533 3303 854 3372 memoriam
891 3319 1162 3360 revocans
1193 3299 1472 3376 quomodo
1505 3314 1618 3360 tum
1652 3307 1722 3360 ab
1761 3309 2112 3380 imperatoris

535 3403 759 3463 parente
804 3403 1079 3461 servatus,
1115 3393 1364 3466 iurasset
1418 3413 1478 3453 se
1529 3394 1798 3454 Romanis
1852 3401 2112 3464 amicum,

489 3498 500 3506 '
536 3487 750 3558 ipsique
783 3503 846 3542 ac
881 3489 1070 3544 liberis
1099 3490 1220 3558 ejus
1249 3505 1314 3545 ac
1348 3489 1560 3560 legibus
1592 3506 1730 3562 quas
1771 3507 1918 3545 nunc
1953 3491 2117 3548 abro-

537 3589 666 3646 gare
710 3581 1034 3643 conabatur,
1067 3581 1237 3635 ﬁdum
1271 3589 1539 3654 perpetuo
1595 3599 1918 3639 mansurum
1971 3600 2114 3640 esse.

537 3670 671 3734 Quae
702 3683 828 3722 cum
870 3669 1100 3736 diceret,
1127 3673 1302 3743 legem
1347 3688 1376 3726 a
1409 3673 1724 3730 Theodosio
1763 3676 1949 3732 datam
1990 3693 2118 3747 pro-

537 3759 770 3823 ferebat,
789 3775 898 3832 qua
927 3769 1177 3818 vetuerat
1203 3780 1272 3818 ne
1301 3765 1542 3842 hatrctici
1569 3767 1710 3824 intra
1738 3767 1890 3825 urbis
1919 3770 2121 3826 muania

539 3850 802 3908 collectas
857 3853 1223 3910 celebrarent.
1281 3853 1410 3913 Post
1457 3856 1574 3913 inec
1614 3858 1682 3913 ad
1735 3859 2120 3930 imperatorem

539 3949 862 4011 conversus,
890 3949 1067 4002 suasit
1098 3956 1159 4002 ut
1206 3949 1378 4020 legem
1421 3966 1544 4022 quae
1578 3951 1846 4007 adversus
1880 3953 2122 4024 reliquas

543 4039 778 4094 luereses
827 4041 942 4095 lata
995 4040 1200 4108 fuerat,
1233 4049 1411 4097 ratam
1446 4052 1714 4098 servaret.
1769 4043 1956 4102 Satius
1996 4062 2124 4103 esse

539 4133 734 4188 dicens
785 4133 1017 4202 imperio
1059 4134 1277 4204 cedere,
1331 4150 1494 4203 quam
1541 4134 1760 4205 prodita
1811 4134 1908 4191 Dei
1959 4137 2125 4192 domo

542 4225 819 4294 piaculum
865 4225 1177 4282 admittere.
1224 4227 1292 4282 Et
1339 4226 1581 4285 Joannes
1622 4229 1842 4300 quidem
1884 4245 2008 4283 cum
2057 4231 2126 4284 ad

544 4316 692 4368 hunc
727 4313 950 4369 modum
993 4325 1320 4374 constanter
1355 4335 1419 4374 ac
1462 4321 1632 4375 libere
1682 4321 1903 4376 locutus
1953 4330 2124 4386 esset,

544 4405 678 4459 nihil
706 4405 762 4459 in
798 4406 1057 4461 ccclesiis
1088 4407 1193 4462 sibi
1223 4410 1538 4466 commissis
1569 4411 1762 4465 novari
1793 4427 1990 4480 passus
2018 4419 2125 4467 est.

543 4497 616 4550 At
656 4514 784 4552 vero
822 4495 998 4552 Gaina
1035 4499 1403 4568 jurisjurandi
1449 4501 1606 4557 ﬁdem
1650 4505 1762 4574 jam
1809 4503 2040 4569 violare,
2077 4512 2132 4560 et

2217 3309 2313 3378 τῆς
2359 3305 2630 3377 βασιλείας
2685 3307 3053 3375 παραχωρεῖν.
3103 3305 3136 3376 ἢ
3185 3303 3457 3375 προδότην
3485 3301 3623 3356 οἴκου
3648 3295 3755 3350 θεοῦ

2217 3399 2526 3468 γενόμενον,
2561 3397 2795 3450 ἀσεϐεῖν.
2825 3398 2933 3450 Καὶ
2977 3397 3006 3448 ὁ
3039 3397 3136 3466 μὲν
3164 3396 3432 3468 ἀνδρείως
3459 3387 3554 3446 ὧδε
3581 3391 3758 3460 παρρη-

2222 3492 2549 3561 σιασάμενος
2571 3531 2586 3554 ,
2627 3490 2778 3542 οὐδὲν
2811 3487 3156 3562 συνεχώρησε
3177 3487 3594 3560 νεωτερισθῆναι
3621 3485 3643 3523 ε
3662 3479 3759 3548 περὶ

2219 3583 2316 3648 τὰς
2351 3583 2440 3635 ὑπ’
2467 3581 2628 3636 αὐτὸν
2665 3580 3014 3652 Ἑκκλησίας.
3061 3581 3118 3633 '0
3161 3578 3219 3633 δέ
3270 3579 3492 3642 Γαῐνᾶς,
3529 3573 3762 3643 ἐπιορκεῖν

2220 3674 2320 3745 ἤδη
2375 3673 2648 3736 διενοεῖτο,
2704 3674 2797 3726 καὶ
2854 3673 2952 3743 τὴν
3003 3670 3156 3726 πόλιν
3198 3670 3445 3741 πορθεῖν.
3497 3666 3670 3720 Ἦνίκα
3712 3660 3762 3728 δὴ

2221 3765 2422 3836 ταύτην
2451 3765 2549 3836 τὴν
2579 3763 2870 3834 ἐπιϐουλὴν
2902 3763 3245 3834 προεμήνυσε
3279 3762 3550 3834 κομήτης,
3579 3756 3660 3812 ἐπὶ
3692 3752 3766 3820 τῆς

2223 3857 2431 3920 πόλεως
2460 3857 2650 3926 φανεὶς
2685 3858 2957 3934 μέγιστος,
2988 3857 3066 3918 είς
3101 3855 3282 3926 αὐτὴν
3338 3853 3524 3925 σχεδὸν
3571 3849 3657 3919 τὴν
3687 3845 3766 3913 γῆν

2222 3949 2442 4020 διήκων,
2474 3948 2568 4001 καὶ
2616 3943 2726 4012 οἷος
2775 3947 3038 4019 πρότερον
3083 3947 3144 4000 ού
3195 3945 3530 4016 γεγενῆσθαι
3568 3941 3766 4008 λέγετιιιι

2237 4041 2520 4109 Ἐπειρᾶτο
2569 4039 2626 4093 δὲ
2659 4038 2920 4110 πρότερον
2964 4041 3078 4101 τοῖς
3133 4036 3598 4110 ἀργυροπωλεῐοις
3619 4027 3768 4086 ἐπιθέ-

2228 4133 2371 4195 σθαι,
2402 4131 2699 4203 χρημάτων
2730 4129 2936 4200 πλῆθος
2965 4129 3242 4199 συλλέγειν
3283 4128 3540 4184 ἐντεῦθεν
3565 4123 3768 4183 ἐλπίσας.

2225 4228 2414 4296 Φήμη-ς
2464 4225 2520 4278 δὲ
2576 4223 2875 4296 γενομένης
2911 4225 2992 4278 ὅτι
3020 4225 3145 4278 τάδε
3183 4223 3553 4292 βεϐούλευται,
3583 4213 3770 4274 καὶτῶν

2228 4317 2637 4390 ἀργυροπωλῶν
2683 4317 2776 4370 τὸν
2811 4315 3102 4388 πρόχειρον
3155 4315 3396 4371 πλοῦτον
3433 4313 3543 4386 (12)
3575 4315 3770 4378 ἀποκρυ-

2228 4409 2512 4480 ψαμένων,
2539 4407 2746 4462 καὶτὸν
2779 4407 3000 4462 ἐπὶτῶν
3033 4407 3325 4478 τραπεζῶν
3362 4407 3597 4477 ἄργυρον
3627 4399 3771 4452 οὐκέτι

2237 4500 2482 4571 συνήθως
2509 4499 2744 4570 δημοσίᾳ
2775 4499 3162 4571 προτιθέντων,
3194 4500 3252 4551 ἐν
3283 4499 3447 4552 νυκτὶ
3473 4495 3656 4564 πλῆθος
3679 4492 3767 4545 ἐπι·

1770 4671 2044 4738 VALESII
2083 4677 2638 4740 ANNOTATIONES.

622 4775 700 4836 (9)
735 4772 1040 4844 ‘Eftirnore.
1079 4770 1442 4844 scribendum
1464 4779 1563 4844 _est
1590 4773 1840 4844 ἐξῄτησε.

621 4844 732 4912 (l0)
760 4846 902 4911 Παῤ
923 4843 1104 4908 ἀξίαν
1126 4841 1194 4896 δὲ
1216 4842 1404 4907 δόξαν
1423 4839 1492 4897 εὖ
1521 4839 1815 4911 πράιίτεὶν.
1843 4843 2130 4903 Assentior

551 4916 763 4969 Savilio
823 4915 913 4982 qui
971 4914 1038 4966 ad
1096 4914 1238 4969 latus
1293 4913 1378 4968 sui
1437 4913 1644 4969 codicis
1689 4914 2001 4969 emendavit
2047 4913 2125 4966 δό-

551 4986 668 5052 ξας.
707 4985 901 5056 Atque
929 4985 1012 5056 ita
1046 4987 1314 5056 scriptum
1349 4983 1510 5039 habet
1551 4983 1894 5056 Nicephorus
1943 4985 1998 5038 in
2029 4984 2126 5056 lib.

551 5071 672 5117 xm,
703 5071 826 5126 cap.
873 5054 924 5119 5,
961 5053 1054 5110 ubi
1106 5053 1471 5110 Sdzomenum
1511 5071 1651 5125 pene
1681 5053 1748 5109 ad
1777 5056 2004 5110 verbum
2044 5054 2132 5108 de-

550 5127 764 5182 scribit.
1484 5147 1494 5153 δ

623 5196 738 5265 (Η)
771 5196 840 5268 ο]
867 5197 938 5268 τὰ
964 5199 1186 5266 Ἀρείου
1214 5195 1524 5268 φρονοῦσι.
1564 5197 1700 5250 Aule
1732 5197 1844 5252 liter.
1875 5196 2036 5250 verba
2077 5197 2129 5250 in

553 5269 742 5323 codice
789 5267 1090 5322 Fuketiano
1143 5267 1377 5337 superne
1427 5269 1664 5336 ascripta
1713 5277 1836 5322 sunt
1893 5273 2130 5337 quatuor

554 5347 778 5408 puncta,
815 5339 1226 5394 similitudinem
1275 5339 1454 5394 erucis
1483 5338 1795 5392 referentia.
1828 5337 1960 5402 Qua:
1999 5339 2124 5408 qui-

552 5407 674 5463 dem
709 5420 910 5480 puncta
955 5409 1007 5462 in
1044 5409 1476 5480 ntargineetiam
1529 5410 1772 5478 apposita
1803 5418 1950 5462 sunt.
2001 5407 2124 5460 llsec

554 5479 736 5535 autent
767 5491 892 5534 nota
950 5479 1195 5533 indicare
1227 5479 1456 5546 videtur,
1485 5481 1647 5532 verba
1702 5481 1802 5532 ista
1859 5496 1964 5532 IIOII
1998 5496 2118 5534 esse

2155 4775 2204 4834 D
2233 4773 2548 4844 Sozomeni,
2579 4777 2674 4832 sed
2699 4776 2766 4830 ab
2801 4776 2909 4830 alio
2939 4775 3171 4843 quodam
3197 4773 3388 4830 addita
3419 4775 3588 4829 instar
3621 4761 3774 4844 scltoiii

2237 4847 2354 4901 sive
2407 4843 2896 4920 interpretationis,
2943 4857 3108 4916 atque
3141 4843 3370 4904 idcirco.
3403 4845 3472 4900 ad
3517 4843 3776 4908 marginem

2237 4931 2361 4971 esse
2389 4917 2712 4984 rejicienda.

2311 4987 2420 5058 (l2)
2465 4989 2574 5044 Τὸν
2607 4989 2924 5057 πρόχειρον
2950 4985 3238 5058 πλοῦτον.
3303 4984 3560 5058 Gemmas
3599 4985 3778 5058 ervilia

2242 5049 2412 5130 aurea
2437 5049 2784 5130 etargentea,
2809 5049 2873 5130 ac
2897 5057 3158 5130 reliquam
3181 5056 3484 5130 pretiosam
3514 5049 3776 5130 supellccti-

2245 5128 2371 5188 lem,
2415 5130 2498 5184 liis
2518 5123 2704 5184 verbis
2728 5123 3028 5200 designari
3074 5123 3223 5200 puto.
3258 5123 3543 5200 Nummos
3581 5123 3781 5200 cuitu)“

2241 5183 2431 5253 mensa
2465 5183 2900 5265 argentariorum
2950 5183 3176 5267 proponi
3227 5197 3454 5256 solitos.
3497 5194 3563 5248 ab
3609 5183 3779 5267 bid"

2208 5269 2467 5342 -_stinguit
2531 5255 2896 5342 'Suizotnenus.
2951 5255 3149 5334 'Qa'are
3216 5255 3518 5342 πρόχειρον
3586 5255 3781 5342 ’πλοῦξνν

2235 5325 2582 5410 interpretari
2619 5353 2912 5410 possumus
2941 5325 3073 5410 opes
3119 5325 3281 5410 captu
3316 5325 3373 5392 et
3427 5325 3782 5410 translata}?

2231 5395 2396 5464 cites:
2419 5408 2509 5464 Sic
2533 5395 2679 5464 eni'm
2709 5395 3058 5478 interpretari
3089 5395 3270 5462 malim
3294 5447 3310 5470 ,
3343 5422 3511 5478 quam
3543 5416 3656 5458 cunt
3693 5395 3780 5451 Mll-

2229 5481 2403 5545 sculo,
2441 5497 2560 5549 opes
2597 5497 2728 5552 quas
2760 5481 2814 5534 in
2852 5487 3096 5549 promptu
3127 5478 3418 5532 habebant.

2011 5653 2396 5710 \"'-.\lil0[iUM.

633 5754 680 5820 δέ
730 5751 922 5806 Οὐδὲν
969 5749 1361 5820 συνεχώρησε
1423 5751 1906 5819 νεωτερισθῆνιιι.
1981 5751 2142 5806 Nullo

561 5819 720 5891 modo
771 5835 1100 5876 consensum
1147 5819 1854 5891 praebuitChrysostomus,
1894 5829 1951 5875 ut
1997 5823 2139 5876 intra

565 5889 754 5944 urbem
791 5905 1021 5960 synaxes
1049 5889 1367 5962 colligerent
1397 5889 1588 5947 Ariani
1626 5911 1638 5947 :
1679 5892 1991 5947 habuerunt
2016 5894 2138 5966 qui-

2240 5756 2362 5808 dem
2457 5759 2750 5814 ecclcsiam
2815 5766 2969 5816 extra
3042 5758 3238 5818 urbem.

3343 5755 3414 5810 dc
3487 5765 3594 5824 qua
3666 5753 3780 5798 utor.

2245 5824 2330 5879 W.
2372 5825 2597 5886 Lowrn.
