4066 6338
395 351 528 407 1525

1343 349 1666 406 HISTORIA
1704 350 2255 411 ECCLESIASTICA.
2296 387 2361 396 —
2400 357 2528 412 LIB.
2574 355 2705 410 VIII.

3483 350 3621 406 I526

391 465 611 534 πέμψας
673 463 996 536 βαρϐαρων,
1031 464 1335 520 ἐνετείλατο
1388 467 1456 523 τὰ
1503 465 1750 535 βασίλεια
1794 467 1956 539 ἐμπι-

2060 469 2360 542 ἀορτωιιδτί
2391 473 2581 529 urbem
2620 471 3013 528 meditabatur.
3047 469 3195 536 Quas
3222 466 3447 538 quidem
3490 467 3627 520 insi—

390 557 552 625 πρᾷν.
585 556 647 608 Ol
674 555 749 619 δὲ,
781 556 1048 628 ἄπρακτοι
1069 558 1161 611 καὶ
1188 558 1587 630 κατεπτηχότες
1602 558 1961 629 ὑπέστρεφον.

399 648 486 710 Ὠς
525 647 634 717 γὰρ
681 648 904 718 πλησίον
963 650 1228 717 ἐγένοντο,
1272 650 1472 721 πλῆθος
1514 650 1746 705 ὁπλιτῶν
1780 650 1963 714 ἔδοξαν

388 740 519 810 ὁρᾷν
555 740 613 792 έν
647 740 900 810 μεγάλοις
932 741 1197 812 σώμασιν.
1238 744 1663 813 ’Υπονοήσαντες
1680 743 1737 795 δὲ
1770 743 1960 812 νέηλυν

389 829 524 885 εἶναι
563 832 841 903 στρατιὰν,
878 833 1136 904 ἤγγειλαν
1174 833 1250 903 τῷ
1277 835 1441 906 Γαϊνᾷ
1466 852 1480 866 ·
1514 836 1544 888 ὁ
1570 835 1627 888 δὲ
1654 834 1672 906 (
1697 836 1961 906 ἠπίστατο

390 923 495 992 γὰρ
561 922 633 992 μὴ
687 921 903 985 πλείους
955 921 1063 975 τῶν
1119 922 1384 975 εἰωθότων
1416 925 1482 993 τῇ
1537 923 1682 976 πόλει
1711 924 1961 993 ἐνδημεῖν

391 1012 747 1084 στρατιώτας)
801 1015 900 1066 οὐκ
926 1013 1077 1083 ἠξίου
1132 1017 1245 1077 τοῖς
1295 1014 1609 1084 λεγομένοις
1662 1016 1958 1071 πιστεύειν.

402 1107 554 1159 Ἐπεὶ
592 1106 649 1159 δὲ
681 1106 773 1159 καί
800 1107 896 1176 τῆς
925 1107 1187 1177 ἐχομένης
1213 1106 1404 1169 νυκτὸς
1428 1107 1822 1172 ἀποσταλέντες
1843 1108 1962 1162 ἓτε-

391 1215 497 1267 ροι,
550 1198 722 1251 ταυτά
773 1200 884 1261 τοῖς
940 1199 1205 1269 πρότερον
1251 1197 1530 1266 ἤγγειλαν,
1577 1198 1736 1260 αὐτὸς
1770 1197 1959 1261 ἐλθὼν,

390 1288 661 1358 αὐτόπτης
692 1289 907 1356 ἐγένετο
925 1288 1020 1341 τοῦ
1057 1286 1360 1356 παραδόξου
1386 1286 1676 1357 θεάματος.
1714 1287 1962 1357 Νομίσας

390 1397 447 1432 τε
504 1380 667 1434 αὑτοῦ
716 1381 873 1449 χάριν
938 1378 1351 1449 συνεληλυθέναι
1382 1381 1506 1443 τοὺς
1553 1381 1618 1431 ὲκ
1645 1379 1755 1432 τῶν
1786 1379 1960 1433 ἄλλων

392 1467 593 1521 πόλεων
628 1466 982 1538 στρατιώτας,
1008 1467 1221 1538 νύκτωρ
1252 1470 1347 1538 μὲν
1389 1471 1645 1539 φρουρεῖν
1677 1469 1774 1540 τήν
1807 1469 1960 1523 πόλιν

391 1561 479 1613 καὶ
508 1550 586 1612 τέ
618 1559 882 1629 βασίλεια,
923 1562 979 1612 ἐν
1009 1560 1191 1631 ἡμέρα
1229 1560 1282 1612 δὲ
1323 1560 1622 1626 λανθάνειν,
1659 1561 1959 1631 σκήπτεται

388 1653 643 1722 δαιμονᾷν
673 1669 685 1681 ’
742 1653 815 1714 ὡς
868 1651 1152 1721 εύξόμενός
1193 1669 1253 1706 τε
1288 1652 1692 1722 καταλαμϐάνει
1739 1652 1836 1724 τὴν
1865 1654 1957 1707 ὲκ-

390 1743 636 1812 κλησίαν,
672 1745 737 1813 ἣν
773 1743 863 1794 ἐπὶ
882 1745 1015 1812 τιμῇ
1050 1743 1294 1796 Ἰωάννου
1327 1742 1419 1795 τοῦ
1450 1743 1771 1804 Βαπτιστοῦ,
1811 1745 1839 1796 ὁ
1863 1743 1956 1797 τοῦ
1988 1784 2033 1839 Β

391 1833 649 1903 βασιλέως
670 1833 850 1902 πατὴρ
873 1832 1185 1903 ᾠκοδόμησε
1216 1832 1350 1903 πρὸς
1380 1834 1457 1903 τῷ
1485 1833 1873 1905 Ἑϐδόμῳ.Τῶν
1899 1835 1957 1887 δὲ

391 1923 705 1994 βαρϐάρων,
741 1925 788 1975 οἱ
820 1925 938 1993 μὲν,
973 1923 1117 1976 ἔνδον
1157 1924 1346 1993 ἔμενον
1371 1943 1382 1954 ·
1431 1927 1476 1976 οἱ
1520 1925 1597 1989 δὲ,
1636 1926 1675 1977 Γ
1678 1927 1803 1995 αἶνᾷ
1832 1944 1956 1978 συν-

388 2013 630 2085 εξῄεσαν.
677 2014 865 2086 Λάθρα
913 2016 969 2068 δὲ
1027 2015 1317 2083 συνεξῆγον
1360 2016 1498 2068 ὅπλα
1530 2017 1587 2067 ὲν
1627 2016 1958 2079 γυναικείοις

387 2106 623 2176 ὀχήμασι
653 2107 745 2159 καὶ
770 2105 1041 2176 κεράμους
1066 2104 1234 2175 βελῶν
1266 2105 1373 2175 (15)
1396 2123 1409 2136 ’
1440 2106 1559 2159 ἐπεὶ
1588 2105 1642 2158 δὲ
1671 2106 1959 2177 ἐφωράθη-

391 2213 507 2255 σαν,
532 2198 655 2260 τοὺς
684 2197 928 2266 φύλακας
948 2196 1055 2249 τῶν
1070 2196 1250 2249 πυλῶν
1275 2196 1574 2268 ἀναιροῦσι,
1602 2198 1957 2268 πειραθέντας

389 2284 628 2339 κωλύσαι
695 2287 791 2356 τὴν
821 2286 926 2339 τῶν
965 2287 1147 2339 ὃπλων
1175 2286 1488 2356 ὲκκομιδήν.
1535 2287 1627 2340 Ἐκ
1659 2288 1846 2341 τούτου
1898 2289 1955 2342 δὲ

386 2374 627 2443 ταραχῆς
663 2374 754 2427 καὶ
786 2373 1011 2444 θορύϐου
1048 2376 1391 2446 ἀνάπλεωςή
1429 2376 1581 2439 πόλις
1624 2378 1857 2445 ἐγένετο,
1882 2381 1957 2443 ὡς

388 2464 582 2515 αὐτίκα
613 2462 949 2532 ἁλωσομένη.
992 2464 1193 2534 Ἀγαθὴ
1226 2465 1281 2517 δὲ
1330 2464 1525 2537 γνώμη
1563 2466 1780 2539 ἐκράτει
1821 2468 1957 2545 πρὸς

386 2556 455 2609 τὰ
488 2556 726 2625 παρόντα
759 2556 923 2609 δεινά.
971 2557 1028 2609 Ὁ
1054 2557 1161 2628 γὰρ
1185 2556 1434 2626 βασιλεὺς
1469 2559 1631 2628 μηδὲν
1661 2559 1951 2629 μελλήσας,

385 2646 478 2701 τὸν
519 2648 616 2715 μὲν
643 2648 838 2700 Γαῖνᾶν
878 2648 1131 2718 πολέμιον
1162 2650 1464 2719 ἀνεκήρυξε
1487 2667 1503 2681 ·
1552 2652 1676 2714 τοὺς
1713 2651 1768 2704 δὲ
1800 2669 1956 2724 περι-

387 2736 700 2806 λειφθέντας
718 2741 775 2791 ὲν
796 2741 861 2810 τῇ
893 2740 1043 2793 πόλει
1071 2740 1395 2811 βαρϐάρους,
1417 2743 1765 2814 ἀναιρεθῆναι
1791 2761 1958 2814 προσ-

388 2829 601 2894 έταξεν.
635 2831 975 2901 Ἐπιθέμενοι
1012 2832 1068 2884 δὲ
1091 2832 1300 2895 τούτοις
1328 2834 1377 2885 οἱ
1424 2835 1771 2901 στρατιῶται,
1802 2837 1954 2899 ἀναιτ

389 2920 540 2991 ροῦσι
564 2924 688 2984 τοὺς
719 2922 1000 2985 πλείστους
1022 2924 1148 2994 ’τήν
1174 2923 1230 2976 δὲ
1259 2924 1598 2996 καλουμένην
1612 2928 1722 2980 τῶν
1745 2928 1955 2983 Γότθων

389 3013 1095 3085 ὲκκλησίανέμπιπρῶσιν.
1158 3017 1242 3079 Ὠς
1273 3018 1353 3079 εἰς
1383 3018 1587 3088 συνήθη
1624 3020 1730 3090 γὰρ
1759 3021 1954 3091 εὐκτή-

2063 566 2184 622 dias
2234 568 2616 636 praenuntiavit
2644 574 2906 632 cometes,
2954 564 3049 635 qui
3090 579 3157 619 eo
3186 571 3430 632 tempore
3461 568 3626 627 supra

2062 658 2340 712 civitatem
2362 660 2633 713 maximus
2656 660 2931 728 apparuit,
2966 657 3032 710 ad
3068 656 3246 724 ipsam
3280 653 3395 708 fere
3421 660 3624 706 terram

2062 750 2399 820 pertingens,
2432 758 2488 805 et
2535 748 2718 819 qualis
2767 762 3046 817 nunquam
3091 753 3250 799 antea
3304 743 3457 797 visus
3507 755 3631 795 esse.

2064 850 2418 897 memoratur.
2468 841 2548 895 Ac
2587 841 2766 911 primo
2803 839 3022 909 quidem
3065 836 3505 908 argentariorum
3547 838 3628 884 ta-

2061 936 2263 990 bernas
2313 933 2571 988 invadere
2608 931 2879 997 tentavit,
2914 931 3207 984 maximam
3265 928 3621 997 pecuniarum

2062 1025 2275 1093 copiam
2334 1023 2463 1077 inde
2518 1022 2878 1076 collecturum
2928 1035 2989 1074 se
3033 1032 3284 1088 sperans.
3342 1014 3447 1070 Sed
3502 1028 3626 1068 cum

2060 1128 2250 1168 rmnor
2280 1114 2529 1184 vulgatus
2551 1119 2698 1169 esset
2726 1128 2848 1166 eum
2877 1111 2981 1165 ista
3005 1109 3276 1174 meditari,
3297 1117 3353 1162 et
3380 1113 3628 1176 argenta-

2063 1206 2127 1259 rii
2175 1203 2443 1274 quidquid
2488 1205 2787 1274 pretiosum
2843 1201 3119 1256 habebant
3167 1198 3624 1256 abscondissent,

2059 1295 2216 1366 331
2259 1309 2358 1349 nec
2392 1293 2680 1364 pecuniam
2713 1293 2769 1346 in
2793 1291 2997 1346 mensis
3028 1304 3179 1344 more
3207 1288 3369 1342 solito
3389 1285 3627 1354 amplius

2062 1385 2278 1455 publice
2323 1392 2728 1454 proponerent;
2770 1390 2883 1441 tum
2928 1380 3099 1435 Gaina
3143 1378 3409 1432 immissis
3461 1383 3626 1429 noctu

2058 1476 2309 1531 barbaris
2343 1474 2640 1540 mandavit,
2663 1483 2719 1528 ut
2751 1473 3010 1543 palatium
3030 1471 3404 1526 incenderent.
3426 1465 3521 1521 Ver
3539 1482 3626 1519 um

2059 1567 2164 1631 illi,
2201 1583 2259 1622 re
2292 1566 2519 1633 infecta,
2549 1565 2731 1636 pavidi
2758 1566 3066 1621 redierunt.
3089 1561 3224 1616 Nam
3258 1577 3381 1616 cum
3400 1559 3630 1630 propius

2060 1660 2466 1721 accessissent,
2509 1657 2692 1711 videre
2735 1655 2841 1710 sibi
2887 1657 2991 1711 visi
3043 1661 3174 1710 sunt
3223 1650 3626 1706 multitudinem

2060 1750 2292 1803 militum
2337 1748 2578 1818 ingentis
2621 1754 2867 1801 staturae.
2908 1744 3296 1813 Suspicatique
3323 1741 3628 1797 exercitum

2061 1856 2182 1894 esse
2210 1840 2304 1909 qui
2343 1854 2536 1894 recens
2560 1837 2894 1901 advenisset,
2922 1850 3034 1891 rem
3060 1834 3246 1888 Gaium
3276 1833 3627 1886 nuntiarunt.

2062 1932 2176 1996 Ille,
2212 1940 2399 2000 utpote
2429 1932 2523 2001 qui
2557 1932 2724 1985 sciret
2756 1927 2897 1982 haud
2932 1927 3118 1997 plures
3156 1925 3319 1979 solito
3346 1923 3545 1977 milites
3574 1922 3631 1975 in

2063 2024 2196 2077 urbe
2226 2031 2356 2077 tunc
2381 2038 2524 2084 esse,
2548 2021 2713 2074 dictis
2737 2020 2896 2074 [idem
2922 2019 3125 2072 habere
3149 2015 3342 2071 noluit.
3369 2012 3474 2068 Sed
3504 2027 3629 2066 cum

2062 2115 2151 2168 alii
2178 2114 2429 2183 sequenti
2454 2123 2612 2166 nocte
2643 2110 2794 2167 missi
2825 2109 2966 2165 idem
2995 2123 3214 2179 quoque
3248 2105 3391 2177 quod
3416 2103 3633 2175 priores

2060 2206 2138 2261 illi
2166 2205 2600 2267 renuntiassent,
2636 2204 2751 2273 ipse
2784 2200 3074 2265 accedens,
3116 2200 3275 2256 testis
3311 2197 3416 2252 fuit
3453 2196 3632 2250 admi-

2060 2299 2215 2355 randi
2248 2298 2570 2369 spectaculi.
2601 2296 2884 2364 Ratusque
2912 2293 3122 2347 accitos
3156 2307 3220 2347 ex
3245 2290 3369 2343 aliis
3399 2286 3630 2341 urbibus

2061 2390 2262 2444 milites
2315 2389 2650 2442 convenisse
2699 2386 2872 2454 ipsius
2933 2398 3144 2446 causa,
3200 2396 3405 2448 eosque
3460 2383 3629 2431 noctu

2061 2477 2278 2548 quidem
2336 2477 2527 2531 urbem
2584 2485 2637 2530 et
2697 2474 2960 2545 palatium
3022 2472 3339 2548 custodire,
3393 2467 3631 2522 interdiu

2060 2584 2189 2623 vero
2230 2567 2535 2634 occultari;
2568 2566 2793 2622 simulat
2825 2581 2885 2619 se
2928 2572 3240 2633 correptum
3266 2546 3406 2616 'esse
3451 2574 3480 2612 a
3526 2558 3634 2612 da:-

2062 2674 2240 2713 mone.
2291 2658 2356 2710 Et
2396 2634 2552 2728 quasi
2597 2657 2761 2711 Deum
2797 2664 3075 2717 oraturus,
3124 2655 3299 2723 pergit
3343 2652 3412 2705 ad
3455 2650 3635 2705 eccle-

2060 2747 2233 2810 siam,
2288 2761 2451 2816 quam
2504 2747 2558 2800 in
2598 2746 2864 2799 honorem
2912 2743 3141 2798 Joannis
3179 2740 3441 2809 Baptistae
3481 2752 3633 2807 pater

2060 2833 2405 2902 imperatoris
2439 2834 2492 2886 in
2542 2833 2789 2902 Septimo
2827 2838 3238 2886 construxerat.
3272 2829 3347 2882 Ex
3385 2826 3636 2882 barbaris

2059 2940 2188 2979 vero
2224 2926 2313 2977 alii
2358 2925 2411 2978 in
2442 2925 2577 2978 urbe
2607 2932 3033 2985 remanserunt,
3088 2922 3180 2975 alii
3217 2920 3382 2976 simul
3422 2917 3633 2988 egressi

2059 3022 2189 3069 sunt
2228 3030 2352 3070 cum
2405 3015 2602 3069 Gaina.
2646 3014 2972 3069 Clanculum
3011 3028 3141 3068 vero
3179 3024 3333 3066 arma
3380 3011 3435 3064 in
3476 3008 3633 3063 vehi-

389 3123 502 3174 ριον
528 3101 675 3158 οἷκον
706 3107 889 3158 ἐνθάδε
935 3107 1280 3177 ἠθροισμένοι
1325 3109 1637 3179 ἐτύγχανον,
1666 3108 1747 3174 οἷς
1773 3112 1954 3164 οὐκέτι

2060 3106 2196 3162 culis
2223 3106 2550 3160 feminarum
2575 3113 2629 3160 et
2660 3107 2890 3161 telorum
2920 3106 3068 3160 dolia
3097 3104 3484 3174 exportabaut.
3520 3100 3630 3155 Sed

387 3201 576 3265 φυγεῖν
640 3195 912 3265 ἐξεγένετο
967 3199 1103 3268 (14),
1140 3200 1247 3252 τῶν
1307 3202 1488 3254 πυλῶν
1532 3204 1950 3273 κεκλεισμένων.

388 3289 567 3342 Ταῦτα
600 3289 655 3341 δὲ
687 3290 871 3359 μαθὼν
928 3292 955 3342 ὁ
994 3291 1032 3341 Γ
1036 3292 1210 3354 αῖνᾶς,
1235 3291 1321 3343 διὰ
1346 3293 1566 3364 Θρᾴκης
1597 3294 1793 3357 ἐλάσας
1821 3291 1954 3365 ἧκεν

388 3383 466 3443 εἰς
492 3378 850 3451 Χερρόνησον,
887 3382 980 3433 καὶ
1021 3381 1111 3435 τὸν
1159 3383 1544 3453 Ἑλλήσποντον
1599 3386 1955 3457 περαιοῦσθαι

388 3470 698 3535 ἐσπούδαζε.
729 3473 988 3523 Διενοεῖτο
1007 3472 1135 3542 γὰρ,
1154 3473 1227 3535 ὡς
1249 3475 1294 3525 εἰ
1320 3473 1417 3544 τῆς
1447 3476 1741 3547 ἀντιπέραν
1773 3477 1957 3540 Ἀσίας

388 3566 697 3635 κρατήσειε,
733 3564 927 3634 ῥαδίως
949 3564 1126 3617 πάντα
1153 3565 1219 3618 τά
1252 3567 1386 3634 πρὸς
1419 3566 1494 3619 ἕω
1525 3571 1624 3638 τῆς
1650 3566 1957 3639 ἀρχομένης

386 3657 510 3726 ἔθνη
548 3657 634 3724 ὑφ’
674 3656 862 3708 ἑαυτὸν
912 3658 1143 3725 ποιήσει.
1186 3658 1321 3728 Παρ’
1352 3658 1569 3722 ἐλπίδας
1603 3660 1658 3712 δὲ
1696 3660 1957 3730 αὐτῷκαὶ

385 3749 505 3802 τάδε
531 3750 761 3818 ἀπήντα,
798 3748 919 3818 θείᾳ
951 3751 1089 3819 ῥοπῇ
1118 3750 1396 3803 κάνταῦθα
1442 3751 1723 3821 Ῥωμαίων
1748 3769 1955 3822 χρησα-

389 3839 582 3909 μένων.
617 3840 802 3909 Παρῆν
836 3840 932 3909 μὲν
959 3840 1070 3909 γάρ
1093 3841 1322 3910 στρατιά
1346 3842 1487 3894 κατὰ
1518 3843 1619 3911 γῆν
1646 3843 1737 3895 καὶ
1762 3843 1958 3896 θάλατο

384 3950 500 3998 ταν,
532 3933 680 4001 παρὰ
710 3932 971 4001 βασιλέως
992 3933 1398 4002 ἀπεσταλμένη,
1436 3930 1503 4005 ἦς
1547 3936 1732 4004 ἡγεῖτο
1759 3935 1957 3987 Φλαϐί-

383 4042 478 4087 τας
531 4024 664 4091 (15),
722 4024 861 4093 ἀνὴρ
898 4023 1166 4094 βάρϐαρος
1220 4024 1281 4075 τὸ
1320 4025 1497 4091 γένος,
1533 4025 1735 4092 ἀγαθὸς
1781 4025 1836 4076 δὲ
1869 4025 1958 4077 τὸν

382 4115 600 4185 τρόπον,
639 4113 732 4166 καὶ
758 4114 1136 4183 στρατηγικός.
1195 4116 1256 4165 Οἱ
1307 4116 1362 4166 δὲ
1399 4114 1669 4186 βάρϐαροι
1721 4115 1851 4176 ναῦς
1886 4114 1958 4185 μὴ

384 4313 607 4348 σποντον
643 4296 777 4365 πρὸς
823 4297 919 4365 τὴν
975 4296 1201 4364 ἀντικρὺ
1254 4296 1498 4366 ἤπειρον.
1563 4297 1849 4366 Ἐξαπίνης
1904 4297 1959 4349 δὲ

384 4391 549 4451 πολὺς
609 4390 939 4451 ἐπιπνεύσας
975 4387 1207 4458 ζέφυρος
1240 4389 1337 4450 τὰς
1394 4389 1607 4458 σχεδίας
1627 4389 1838 4442 διέλυσε
1864 4390 1960 4441 σὺν

2053 3215 2178 3253 cum
2230 3199 2557 3267 deprehensi
2615 3199 2839 3261 essent,
2891 3207 3178 3267 portarum
3230 3196 3493 3252 custodes
3535 3194 3631 3264 qui

2054 3294 2487 3360 exportationem
2536 3307 2814 3346 armorum
2871 3292 3161 3361 prohibere
3214 3291 3401 3345 conati
3449 3296 3630 3353 erant,

2056 3382 2474 3437 interfecerunt.
2506 3381 2704 3451 Ingens
2748 3398 2812 3437 cr
2864 3396 2929 3436 ea
2968 3397 3030 3437 re
3059 3381 3406 3451 perturbatio
3447 3394 3514 3433 ac
3544 3387 3635 3433 tu-

2055 3474 2259 3528 multus
2303 3475 2491 3528 urbem
2533 3473 2850 3543 complevit,
2884 3472 3045 3543 quasi
3097 3472 3325 3542 jamjam
3369 3469 3637 3539 capienda

2056 3573 2223 3620 esset.
2255 3562 2456 3618 Verum
2502 3564 2772 3619 adversus
2820 3564 3112 3633 praesentia
3166 3565 3307 3617 mala
3363 3563 3634 3632 optimum

2057 3655 2360 3709 consilium
2391 3654 2588 3709 adluit.
2631 3653 2936 3723 Imperator
2964 3656 3109 3710 enim
3144 3654 3283 3708 nihil
3313 3662 3632 3716 cunctatus,

2055 3749 2285 3802 Gainam
2334 3748 2545 3802 hostem
2601 3747 2879 3815 publicum
2927 3747 3308 3801 renuntiavit:
3365 3746 3637 3801 barbaros

2056 3856 2206 3899 vero.
2251 3840 2340 3908 qui
2377 3841 2430 3892 in
2462 3839 2597 3892 urbe
2625 3847 3031 3899 remanserant,
3089 3837 3265 3891 occidi
3310 3838 3495 3907 jussit.
3532 3837 3634 3891 Mi-

2059 3931 2184 3984 lites
2225 3930 2393 3999 igitur
2428 3931 2635 3998 impetu
2679 3930 2732 3983 in
2774 3945 2870 3983 eos
2924 3929 3092 3993 facto,
3140 3942 3392 3996 magnam
3441 3943 3632 3982 eorum

2060 4031 2271 4089 partem
2297 4020 2725 4074 interfecerunt:
2762 4022 3053 4074 ecclesiam
3101 4036 3231 4073 vero
3255 4036 3378 4090 quae
3410 4022 3635 4075 diccba-

2060 4122 2148 4166 tur
2211 4113 2567 4169 Gothorum.
2628 4113 2887 4166 incendio
2946 4121 3431 4179 consumpserunt.
3498 4114 3633 4167 Illuc

2058 4205 2227 4263 enim,
2259 4205 2404 4256 velut
2434 4206 2485 4258 in
2521 4205 2689 4257 tedam
2726 4219 2935 4257 sacram
2975 4204 3028 4256 in
3064 4218 3169 4271 qua
3216 4219 3409 4272 preces
3454 4204 3635 4261 facere

2061 4298 2333 4356 solebant,
2368 4297 2896 4365 confugerant:_uec
2935 4295 3170 4364 amplius
3220 4296 3484 4361 aulugere
3534 4313 3633 4367 po-

2063 4398 2262 4450 terant,
2293 4398 2479 4458 utpote
2514 4390 2729 4443 foribus
2756 4389 3029 4441 occlusis.
3066 4387 3161 4442 His
3190 4386 3629 4459 cognitis,Gaiita

1578 4549 1844 4604 VALESII
1884 4546 2415 4603 ANNO'IATIONES
3408 4616 3419 4631 κ

456 4647 570 4711 (I3)
611 4646 720 4698 Καὶ
771 4645 1062 4711 κεράμοιις
1099 4645 1324 4707 βελῶν.
1363 4643 1561 4695 Eadem
1604 4660 1707 4697 vox
1765 4643 1958 4711 legitur

2069 4644 2251 4709 potius
2279 4644 2567 4712 _dicuntur
2601 4656 2765 4712 quam
2814 4639 3021 4712 templi.
3073 4636 3277 4712 Deinde
3310 4646 3457 4712 ante
3482 4708 3492 4712 _
3520 4640 3634 4695 haec

382 4716 523 4780 apud
589 4714 976 4784 Nicephorum.
1014 4713 1113 4768 Ubi
1168 4714 1410 4767 Joannes
1465 4714 1680 4781 Laugns
1736 4716 1889 4768 vertit
1946 4731 1958 4766 :

402 4783 544 4839 Vasa
572 4783 762 4854 ﬁctilia
810 4785 926 4838 telis
958 4786 1129 4851 plena.
1178 4785 1416 4839 Sarilius
1470 4800 1598 4836 vero
1635 4785 1685 4836 in
1723 4785 1965 4852 margine

384 4858 467 4907 sui
525 4857 755 4918 codicis,
818 4857 1208 4924 interpretatur
1249 4856 1413 4915 dolia,
1475 4855 1617 4919 quod
1666 4855 1806 4906 idem
1858 4863 1960 4907 est.

387 4927 700 4980 Doliacnim
744 4927 1094 4993 antiquorum
1142 4938 1299 4979 crant
1335 4926 1546 4978 ﬁctilia.
1599 4924 1767 4976 Porro
1811 4940 1964 4977 arma

381 5006 429 5049 ιιι
452 4999 555 5049 tela
591 5013 617 5049 a
660 4997 910 5048 barbaris
935 5004 1215 5064 exportata
1243 4996 1411 5050 fuisse.
1437 4994 1573 5047 dicit
1604 4994 1960 5059 Sozomonus,

383 5070 438 5120 ὲν
465 5069 794 5133 γυναικείοις
818 5069 1076 5135 ὀχήμασι,
1115 5066 1164 5118 id
1202 5075 1284 5121 cst
1309 5071 1361 5120 in
1396 5067 1607 5119 lecticis
1631 5082 1722 5119 seu
1751 5065 1958 5118 baster-

384 5140 490 5197 nis,
544 5150 601 5190 ut
639 5139 940 5190 (mcultiora
982 5146 1187 5197 essent,
1224 5154 1348 5189 cum
1403 5137 1689 5188 mulierum
1736 5136 1953 5190 lecticas

385 5225 543 5260 ιιιιιιιι)
580 5208 803 5261 auderet
838 5218 1108 5260 excutere.

454 5278 563 5348 (I-I)
589 5273 687 5341 Οἷς
719 5275 915 5329 οὐκέτι
966 5277 1177 5348 φυγεῖν
1209 5276 1534 5343 ἐ·ξεγέια·ετο,
1564 5276 1765 5348 Duplex
1788 5275 1952 5348 hujus

383 5346 486 5401 lori
518 5356 693 5416 potest
723 5363 841 5401 esse
877 5361 1091 5400 sensus.
1124 5347 1227 5399 Aut
1257 5347 1400 5398 enim
1432 5347 1542 5397 ruit
1576 5346 1758 5399 dicere
1787 5346 1952 5400 Sozo-

386 5436 599 5477 menus,
639 5436 731 5472 cos
767 5420 857 5486 qui
897 5419 947 5469 in
978 5419 1212 5469 ecclesia
1240 5418 1328 5469 illa
1380 5425 1542 5486 erant
1591 5416 1811 5475 inclusi.
1840 5433 1949 5470 non

386 5491 629 5555 potuisse
656 5485 889 5555 aunpiius
934 5486 1213 5553 aufugero,
1252 5489 1481 5554 coquosl
1528 5485 1674 5537 fores
1700 5488 1949 5543 ecclesia:

385 5562 583 5611 clausa:
631 5566 834 5610 essent.
878 5558 980 5608 Aut
1018 5566 1163 5609 «erle
1191 5559 1348 5618 dir-it,
1380 5574 1474 5607 cos
1503 5556 1591 5623 qui
1626 5574 1746 5607 cum
1780 5558 1951 5611 Gaina

383 5647 443 5681 ιιι(
475 5631 604 5680 urbe
628 5630 861 5696 cti‘ugcrc
893 5644 995 5678 non
1031 5636 1317 5692 potum'ant
1339 5670 1350 5682 .
1379 5636 1564 5693 utpote
1593 5629 1759 5693 ponis
1800 5630 1949 5682 urbis

385 5701 544 5761 regis:
570 5700 773 5751 clausis
798 5742 810 5757 ,
842 5699 890 5747 in
923 5699 1212 5749 ceclesiatu
1245 5700 1392 5749 illam
1418 5697 1747 5760 confugisse.
1776 5702 1950 5766 Atque

384 5770 529 5822 hunc
582 5784 801 5823 sensum
856 5768 1121 5820 veriorem
1192 5775 1336 5835 puto.
1378 5767 1507 5820 Nam
1561 5766 1745 5829 πύλαι,
1799 5771 1948 5822 urbis

2060 4707 2328 4772 νειιιιιιιρῖς
2366 4713 2566 4776 οὐκέτι,
2593 4707 2725 4774 εὶιιη
2758 4711 2809 4763 in
2838 4711 3073 4764 editione
3104 4707 3319 4761 Iloberti
3350 4708 3630 4776 Stephani,

2063 4799 2221 4855 quam
2279 4781 2948 4855 Genevensisiexprcssit
3001 4778 3190 4839 editio,
3244 4778 3488 4855 apposita
3547 4790 3631 4835 est

2062 4850 2467 4915 subdistinctio,
2494 4868 2617 4921 qua:
2644 4854 2788 4906 hunc
2824 4866 3045 4905 sensum
3078 4864 3301 4918 prorsus
3322 4850 3628 4903 continuat.

2067 4925 2171 4980 Sed
2209 4924 2631 4994 etNicephorus
2674 4922 2924 4977 eumdem
2965 4935 3190 4994 sensum
3232 4928 3453 4994 Secutus
3507 4929 3628 4994 est,

2063 5006 2121 5051 ut
2156 5003 2301 5061 palcl.
2334 5011 2397 5049 ex
2424 4986 2587 5099 'canJ
2619 4995 2651 5047 6
2689 4994 2781 5045 lib.
2816 5008 2932 5052 xm,
2981 4991 3032 5043 in
3073 4988 3261 5043 codice
3327 4986 3630 5043 Fuketiano

2066 5077 2190 5099 nnla
2224 5080 2408 5099 unnmn
2457 5083 2484 5099 ν.
2520 5083 2537 5092 -
2617 5064 2789 5099 nnciln
2836 5069 2912 5099 act
2950 5061 3122 5099 mth
3175 5059 3459 5099 rIiclinPlin
3515 5078 3630 5099 ειη-ι]

2064 5059 2190 5118 ante
2224 5080 2408 5118 vocem
2457 5059 2556 5127 οἷ’ς,
2617 5064 2792 5133 posita
2836 5069 2917 5133 est
2950 5061 3124 5114 media
3175 5059 3481 5123 distinctio,
3515 5078 3635 5129 qua:

2065 5139 2245 5189 favere
2289 5135 2504 5187 videtur
2527 5132 2693 5203 priori
2730 5132 2933 5185 sensui.
2960 5201 2976 5203 _
3022 5200 3033 5203 Α
3120 5201 3127 5203 Α
3485 5201 3493 5203 _
3537 5199 3575 5203 __
3636 5146 3643 5152 ”

2135 5204 2247 5269 (l5)
2272 5199 2588 5267 Φλαυΐτιὶς.
2621 5206 2676 5257 In
2703 5204 2891 5254 codice
2941 5200 3242 5255 Fuketiano
3269 5207 3325 5269 et
3354 5201 3494 5267 apud
3534 5199 3627 5251 Νι-

2063 5277 2360 5342 cephorum
2409 5275 2677 5336 Φλαϐίτας
2728 5273 2988 5326 scribitur
3020 5268 3547 5342 rectius.__Zosimu_s
3578 5271 3630 5321 iu

2064 5337 2157 5399 lib.
2185 5362 2237 5407 ν,
2272 5354 2325 5397 et
2359 5345 2635 5412 Euuapius
2665 5342 2960 5412 Φραούῖθον
3002 5352 3218 5412 vorant.
3258 5337 3354 5392 llic
3383 5337 3630 5412 cstFi'af

2061 5420 2191 5481 vita,
2225 5416 2315 5480 (lui
2348 5430 2469 5468 cum
2517 5408 2813 5467 Vincentio
2849 5413 3038 5465 consul
3091 5411 3194 5463 fuit
3247 5423 3391 5461 anno
3424 5408 3632 5481 Christi

2058 5488 2181 5539 401.
2224 5485 2351 5550 Ilius
2383 5485 2629 5554 Elogium
2660 5485 2825 5537 habes
2849 5483 2987 5554 apud
3015 5481 3236 5554 Snidam
3267 5480 3316 5529 in
3345 5479 3634 5554 γυιεοιζδρά-

2054 5556 2228 5618 ϐιΟος,
2270 5548 2340 5607 cx
2402 5548 2641 5608 Historia
2707 5548 2930 5620 Euuapii
2975 5549 3225 5620 Sardiani
3266 5566 3308 5620 γε
3338 5563 3447 5614 quo
3500 5548 3629 5620 loco

2061 5616 2321 5680 narrabat
2365 5624 2664 5693 Eunapius,
2713 5640 2818 5691 qua
2860 5616 3069 5696 ratione
3118 5616 3336 5696 Fravita
3372 5618 3630 5696 magister

2059 5697 2290 5750 militum
2342 5687 2600 5757 Orientis,
2655 5687 2923 5746 latronum
2954 5690 3144 5760 globos
3172 5687 3265 5755 qui
3315 5701 3411 5753 per
3442 5687 3629 5740 Asiam

2057 5769 2475 5834 grassabantur,
2511 5763 2888 5820 exstinxisset.
