4066 6338
554 321 690 375 1527

1981 320 2322 379 8οΖΟΜΕΝ1

3612 332 3709 392 1598

544 448 645 502 per
675 430 964 489 Thraciam
1014 434 1296 504 profectus
1320 475 1336 500 ,
1391 427 1448 491 in
1485 434 1892 494 Chersonesum
1941 439 2112 506 venit,
2145 486 2150 503 ί

2102 481 2112 506 ,
2145 446 2187 504 Α
2219 441 2331 513 βίᾳ,
2365 443 2457 496 καὶ
2508 441 2648 495 κατὰ
2672 443 2875 495 τούτων
2906 441 3004 504 τὰς
3053 439 3336 512 Ῥωμαίων
3379 441 3498 507 ναῦς
3539 446 3708 516 ἤλαυνε.

541 531 601 579 et
657 521 1064 594 Hellespontum
1113 525 1376 594 trajicere
1435 524 1760 581 conabatur.
1822 525 1914 581 Sic
1964 526 2110 580 enim

543 617 819 687 cogitabat
866 631 947 681 se,
995 617 1040 671 si
1089 618 1276 672 Asiam
1329 631 1454 686 quae
1504 632 1571 672 ex
1626 616 1860 672 adverso
1900 617 2114 686 objecta

541 719 684 772 erat,
711 709 1109 779 occupavisset,
1151 709 1393 780 reliquas
1431 710 1676 766 Orientis
1713 710 2028 780 provincias
2059 709 2113 762 in

542 816 697 855 suam
762 807 1084 870 potestatem
1152 801 1312 856 facile
1373 801 1748 856 redacturum.
1802 799 2003 855 Verum
2067 800 2114 853 is

539 907 762 964 quoque
813 902 1045 949 conatus
1079 893 1374 949 infeliciter
1403 895 1451 949 ei
1495 895 1802 956 successit,
1850 891 2116 950 Romanis

541 983 725 1036 divina
764 995 865 1051 ope
897 982 988 1035 hic
1026 982 1191 1036 etiam
1219 983 1444 1052 adjutis.
1478 981 1692 1037 Etenim
1722 983 2008 1053 pedestres
2051 1000 2116 1039 ac

540 1073 764 1129 navales
791 1073 963 1143 copia:
988 1073 1058 1127 ab
1099 1074 1430 1144 imperatore
1463 1073 1672 1137 missae,
1708 1083 1912 1142 pnesto
1939 1076 2117 1141 fuere,

539 1180 772 1234 quarum
810 1165 921 1218 dux
949 1173 1068 1218 erat
1091 1163 1308 1218 Fravita
1329 1205 1344 1230 ,
1375 1165 1461 1218 vir
1489 1165 1712 1220 natione
1739 1164 1961 1235 quidem
1991 1165 2118 1220 bar-

541 1256 732 1323 barus,
765 1256 860 1312 sed
891 1257 1052 1312 bonis
1077 1257 1346 1322 moribus,
1377 1265 1432 1312 et
1460 1259 1676 1327 peritus
1716 1257 1794 1311 rei
1834 1257 2110 1313 militaris.

539 1347 702 1418 332
741 1348 964 1403 Barbari
1012 1364 1145 1403 vero
1177 1364 1304 1404 cum
1351 1364 1520 1404 naves
1557 1365 1664 1404 non
1704 1350 1993 1413 haberent,
2027 1366 2112 1405 ra-

541 1440 691 1493 tibus
726 1443 887 1502 vecti,
913 1440 1319 1509 Hellespontum
1347 1439 1626 1508 trajicere,
1646 1447 1701 1495 et
1728 1440 1783 1494 in
1804 1441 2114 1510 oppositam

2222 532 2342 587 Τῶν
2397 533 2453 586 δὲ
2506 531 2815 603 βαρϐάρων,
2850 534 2900 585 οι
2954 532 3174 596 πλείους
3205 533 3321 600 μὲν,
3374 535 3537 598 αὐτοῖς
3569 537 3712 602 ἵπποις

2220 622 2540 694 ὑποϐρύχιοι
2589 623 2870 692 ἐγένοντοο
2918 625 2967 676 oi
3015 623 3093 686 δέ,
3154 623 3257 675 ὑπὸ
3289 622 3394 676 τῶν
3436 629 3716 696 στρατιωτῶν

2221 715 2582 789 ἀνῃρέθησαν.
2626 716 2685 768 Ὀ
2729 715 2788 769 δὲ
2839 716 3036 779 Γαῖνᾶς
3070 714 3186 785 ἅμα
3227 714 3419 783 ὀλίγοις
3453 718 3718 788 περισωθεὶς

2220 809 2364 871 τότε,
2389 808 2452 861 ού
2485 807 2663 878 πολλῷ
2697 807 2823 860 ῦστε
2831 824 2922 878 ρον
2940 806 3042 859 ἀνὰ
3062 807 3159 874 τὴν
3182 807 3394 877 Θρᾴκην
3423 806 3654 876 ἁλώμενός
3673 825 3718 862 τε

2221 899 2316 952 καὶ
2339 897 2577 966 φεύγων,
2621 898 2784 968 ἑτέρα
2825 899 3053 968 στρατιᾷ
3094 896 3408 967 περιέπεσε,
3435 897 3518 948 καὶ
3538 899 3618 949 σὺν
3636 901 3720 961 τοῖς

2223 989 2360 1058 ἀμφ’
2399 987 2562 1040 αὑτὸν
2623 986 2925 1058 βαρϐάροις
2979 987 3246 1041 ἀπώλετο.
3290 985 3450 1038 Τοῦτο
3478 985 3570 1038 τῶν
3593 987 3722 1041 Γαῖνᾶ

2223 1078 2588 1148 τολμημάτων
2632 1079 2725 1132 καὶ
2750 1079 2844 1131 τοῦ
2877 1078 2993 1153 βίου
3020 1077 3081 1130 τὺ
3108 1078 3282 1141 τέλος.
3315 1077 3371 1130 '0
3393 1077 3446 1128 δέ
3463 1076 3681 1139 Φλαδίτας
3699 1077 3721 1116 Ιι

2223 1165 2476 1238 λαμπρὸς
2504 1169 2562 1219 ἐν
2591 1167 2761 1240 ταύτῃ
2791 1169 2855 1238 τῇ
2893 1167 3041 1239 μάχῃ
3077 1166 3382 1236 γενόμενος,
3410 1167 3724 1235 χειροτονεῖται

2224 1257 2446 1321 ὕπατος.
2476 1259 2563 1311 Ἐν
2585 1259 2642 1311 δὲ
2664 1258 2740 1329 τῷ
2767 1260 2885 1312 τότε
2907 1257 3072 1312 αὑτοῦ
3102 1257 3196 1310 καὶ
3217 1255 3476 1309 Βικεντίου
3491 1255 3725 1312 ὑπατευόν-

2221 1365 2350 1415 των,
2373 1351 2614 1405 τίκτεται
2638 1349 2714 1421 τῷ
2736 1350 2947 1420 βασιλεῖ
2974 1351 3126 1413 παῖς.
3154 1347 3234 1418 τῷ
3261 1347 3456 1417 πάππῳ
3475 1345 3724 1416 ὁμώνυμος.

2234 1440 2567 1512 Ἀρχομένης
2615 1442 2673 1496 δὲ
2719 1443 2822 1514 τῆς
2879 1442 3008 1512 ἐξῆς
3077 1440 3358 1506 ὑπατείας,
3406 1438 3729 1510 ἀναγορεύεται

541 1532 917 1586 continentem
969 1532 1226 1586 invadere
1280 1530 1622 1586 nitebantur.
1676 1531 1781 1586 Sed
1820 1533 2117 1586 vehemens
2213 1535 2502 1600 Σεϐαστός.

548 1624 820 1693 zephyrus
872 1629 1099 1692 repente
1147 1624 1434 1693 ingruens,
1488 1631 1637 1676 rates
1686 1623 1907 1692 quidem
1955 1637 2146 1678 eorum
2188 1625 2480 1693 dissolvit;
2531 1628 2904 1683 Romanorum
2959 1636 3140 1683 autem
3190 1642 3363 1682 naves
3415 1627 3646 1679 violenter
3686 1622 3730 1677 in

540 1721 663 1773 illas
723 1721 962 1790 impulit.
1022 1721 1099 1774 Ac
1152 1719 1511 1774 barbarorum
1563 1717 1781 1788 quidem
1836 1718 2122 1790 plerique,
2161 1722 2324 1776 simul
2367 1739 2490 1778 eum
2558 1724 2715 1795 equis
2755 1726 2872 1781 suis
2920 1725 3192 1779 submersi
3237 1732 3381 1787 sunt,
3425 1721 3538 1774 alii:
3583 1717 3731 1772 militi-

542 1813 644 1866 bus
692 1810 991 1867 interfecti.
1041 1809 1214 1864 Gaina
1268 1825 1395 1866 vero
1439 1821 1551 1866 tum
1598 1811 1820 1882 quidem
1852 1827 1960 1866 una
1993 1827 2117 1868 cum
2191 1817 2383 1886 paucis
2432 1827 2723 1882 servatus,
2778 1819 2944 1888 paulo
2991 1825 3116 1889 post
3169 1832 3295 1872 cum
3343 1831 3433 1885 per
3499 1811 3733 1868 Thraciam

541 1907 761 1977 fugiens
793 1907 1097 1972 oberraret,
1127 1907 1182 1962 in
1213 1908 1446 1963 alterum
1482 1907 1672 1964 incidit
1699 1909 2027 1973 exercitum,
2055 1918 2110 1964 et
2147 1911 2310 1966 simul
2348 1929 2473 1968 cum
2521 1915 2777 1974 barbaris
2813 1930 2955 1984 quos
2985 1916 3135 1971 circa
3167 1928 3230 1970 se
3297 1910 3517 1966 habebat
3572 1906 3733 1962 exstin-

541 2008 666 2056 ctus
709 2009 812 2058 est.
857 2002 919 2055 Et
960 1999 1146 2056 Gainae
1181 2000 1432 2078 quidem,
1468 2003 1809 2073 perditorum
1853 2002 2215 2060 consiliorum
2252 2021 2316 2060 ac
2352 2009 2501 2075 vitae,
2568 2008 2884 2080 huiusmodi
2913 2008 3097 2064 exitus
3167 2005 3296 2063 fuit.
3364 2002 3565 2057 Fravita
3614 2012 3733 2061 vero,

541 2110 665 2150 cum
699 2095 753 2148 in
782 2109 848 2149 eo
879 2093 1023 2148 bello
1050 2094 1326 2165 egregiam
1359 2107 1580 2164 operam
1616 2101 1894 2159 navasset,
1917 2095 2115 2149 consul
2189 2094 2370 2154 factus
2432 2106 2538 2154 est.
2588 2098 2691 2154 Per
2721 2099 2861 2154 idem
2909 2105 3149 2168 tempus,
3200 2097 3324 2166 ipso
3354 2108 3504 2164 quem
3541 2090 3735 2144 diximus

541 2185 760 2242 Fravita
800 2194 854 2242 et
899 2184 1189 2240 Vincentio
1227 2200 1371 2241 coss.
1405 2185 1728 2255 imperatori
1799 2192 1964 2245 natus
2010 2193 2094 2239 est
2161 2187 2309 2249 filius
2352 2205 2454 2246 avo
2496 2191 2860 2264 cognominis.
2909 2188 3013 2262 Qui
3060 2188 3165 2245 sub
3237 2187 3446 2245 initium
3508 2176 3736 2253 sequentis

541 2279 886 2346 consulatus,
918 2278 1201 2347 Augustus
1236 2277 1589 2333 renuntiatus
1618 2285 1724 2334 est.

1199 2369 1358 2427 CAP.
1399 2370 1467 2424 ν.

544 2463 1093 2539 Quomododoaunes
1136 2467 1499 2539 multitudinis
1526 2470 1746 2539 animos
1780 2472 2120 2526 cantionibus

613 2538 736 2611 suis
757 2537 1051 2611 pellexerjt,
1077 2545 1127 2590 et
1175 2535 1239 2590 de
1264 2539 1484 2592 muliere
1516 2537 1926 2606 Macedoniam,
1967 2543 2123 2611 cujus

609 2609 766 2676 panis
796 2608 850 2661 in
883 2608 1110 2676 lapidem
1141 2623 1424 2663 conuersus
1453 2618 1556 2664 est.

613 2699 827 2756 Interea
849 2699 1093 2755 Joannes
1111 2699 1786 2772 ConstantinOpoiitanam
1818 2700 2124 2758 Ecclesiam

541 2793 758 2864 egregie
820 2792 1261 2858 administrans,
1337 2793 1543 2849 multos
1606 2801 1720 2848 tum
1772 2809 1840 2850 ex
1904 2795 2121 2867 gentilio

544 2889 683 2948 bus,
743 2892 858 2939 tum
906 2900 973 2941 ex
1020 2883 1294 2939 haereticis
1342 2883 1638 2940 alliciebat.
1689 2885 2011 2942 Conﬂuebat
2057 2885 2126 2941 ad

543 2979 696 3034 illum
777 2977 1022 3048 quotidie
1084 2977 1386 3032 multitudo
1418 3020 1434 3046 ,
1495 2978 1699 3048 partim
1767 2994 1958 3034 eorum
2029 2980 2130 3051 qui

545 3072 698 3126 utilia
753 3087 820 3125 ex
869 3085 936 3125 eo
978 3069 1229 3136 discere,
1271 3069 1472 3141 partim
1525 3085 1716 3126 eorum
1771 3072 1865 3142 qui
1915 3071 2130 3144 pericu-

547 3165 658 3217 !um
706 3161 828 3232 ejus
866 3159 1065 3241 facere
1113 3161 1426 3231 cupiebant.
1479 3156 1744 3230 Capiebat
1794 3171 1980 3217 autem
2041 3162 2131 3218 ille

546 3254 871 3315 universos,
929 3259 1102 3321 utque
1169 3253 1310 3306 idem
1369 3267 1495 3307 cum
1559 3253 1680 3322 ipso
1723 3253 1793 3308 de
1849 3253 2132 3309 divinitate

545 3345 851 3409 sentirent,
895 3345 977 3399 eis
1015 3343 1398 3412 persuadebat.
1444 3342 1620 3399 Porro
1655 3345 1898 3414 populus
1938 3352 2128 3400 tanto-

547 3451 679 3506 pere
718 3436 840 3504 ejus
897 3435 1248 3490 sermonibus
1301 3434 1585 3499 inhiabat,
1641 3451 1743 3490 nec
1791 3435 1902 3489 illis
1941 3435 2133 3490 satiari

548 3527 665 3581 ullo
709 3524 873 3579 modo
910 3532 1146 3593 poterat,
1197 3531 1276 3587 ut,
1328 3523 1592 3594 quoniam
1627 3539 1747 3579 sese
1798 3534 1988 3581 mutuo
2027 3528 2133 3580 im-

547 3614 820 3682 pellentes
852 3629 916 3665 ac
952 3619 1267 3680 prementes
1302 3611 1788 3681 periclitabantur,
1821 3611 1964 3667 'dum
2013 3615 2132 3669 sin-

549 3706 666 3776 guli
701 3704 930 3774 propius
964 3703 1289 3758 nitebantur
1314 3704 1600 3769 accedere,
1649 3711 1709 3757 ut
1747 3705 1901 3759 illum
1942 3705 2134 3764 dicen—
2158 3737 2206 3799 ο

549 3807 663 3852 tem
697 3797 948 3852 exactius
984 3796 1240 3851 audirent
1272 3797 1340 3851 de
1375 3797 1627 3866 proximo
1657 3814 1670 3850 :
1699 3795 1822 3866 ipse
1857 3796 1910 3850 in
1949 3797 2136 3851 medio

549 3891 803 3947 omnium
844 3889 1182 3953 consistens,
1228 3904 1297 3944 ex
1334 3889 1609 3944 lectorum
1655 3897 1915 3959 suggestu
1957 3903 2136 3959 popu-

553 3986 670 4041 lum
721 3982 919 4040 sedens
963 3981 1239 4038 docuerit.
1276 3980 1378 4036 Hic
1412 3995 1545 4037 vero
1594 3988 1968 4052 opportunum
2001 3983 2135 4037 mihi

551 4078 796 4142 videtur,
823 4075 1153 4131 miraculum
1178 4074 1328 4146 quod
1352 4075 1502 4130 illius
1529 4073 1878 4144 temporibus
1907 4075 2133 4142 accidit,

554 4171 803 4228 historiae
863 4178 1073 4225 nostrae
1118 4169 1392 4224 inserere.
1442 4166 1541 4222 Vir
1581 4167 1810 4238 quidam
1865 4182 1930 4222 ex
1984 4175 2136 4222 secta

556 4262 1110 4328 Macedonianorum,
1138 4277 1368 4316 uxorem
1402 4259 1640 4314 habebat
1668 4259 1917 4329 ejusdem
1947 4268 2132 4316 sectae.

561 4354 660 4409 llic
699 4369 824 4409 cum
854 4351 1127 4408 Joannem
1161 4351 1466 4422 aliquando
1512 4350 1806 4404 docentem
1843 4350 2136 4414 audiisset,

559 4443 838 4516 quomodo
879 4444 949 4498 de
978 4443 1272 4498 divinitate
1312 4440 1661 4496 sentiendum
1695 4440 1789 4504 sit,
1826 4439 1984 4494 fidem
2015 4441 2138 4509 ejus

561 4541 850 4611 amplexus
882 4541 966 4592 est
995 4555 1007 4588 :
1059 4546 1400 4600 uxoremque
1429 4530 1640 4585 hortari
1676 4531 1864 4599 carpit,
1895 4537 1955 4583 ut
1993 4531 2135 4584 idem

564 4648 749 4691 secum
782 4629 988 4687 sentire
1018 4625 1202 4680 vellet.
1239 4621 1346 4677 Sed
1381 4637 1505 4676 cum
1536 4621 1630 4674 illa
1683 4620 1855 4691 priori
1897 4635 2134 4676 consue-

568 4725 764 4781 tudine
797 4729 851 4776 ct
889 4716 1240 4774 familiarium
1276 4714 1380 4772 sibi
1415 4713 1710 4766 mulierum
1741 4713 2139 4782 congressibus

566 4815 749 4885 quasi
781 4812 996 4881 captiva
1048 4813 1353 4871 teneretur,
1401 4819 1502 4858 nec
1534 4802 1768 4858 maritus
1797 4804 2012 4859 crebris
2045 4805 2143 4862 ad-

570 4902 969 4963 monitionibus
1017 4898 1319 4970 quidquam
1373 4895 1685 4966 proliceret,
1737 4891 1954 4946 tandem
2016 4894 2140 4948 ille:

571 4993 1009 5064 Nisi,inquit,in
1041 4991 1246 5046 divinis
1274 4986 1555 5061 mysteriis
1582 4999 1798 5044 mecum
1833 4985 2146 5049 communi-

2834 2368 3084 2424 ΚΕΦΔΛ.
3114 2367 3190 2421 Ε⁸.

2236 2468 2331 2534 Ὠς
2367 2466 2710 2536 ὑπηγάγετο
2744 2467 2778 2520 ό
2806 2462 3104 2536 ,Ἰωᾴννης
3122 2458 3264 2536 ταῖς.
3293 2446 3739 2536 διδασκαλίαιςρτὰ

2293 2522 2527 2605 autumi"
2559 2522 2658 2590 αἰαὶ
2687 2535 2821 2602 περὶ
2872 2531 2984 2605 τῆς
3018 2522 3737 2605 ᾖύναυέὸᾼςᾼῌᾳκεδονιαγῆς,

2294 2607 2369 2660 δι’
2402 2596 2545 2676 ξῆν-’δ
2580 2596 2870 2673 ἄρτος-ἐις
2901 2596 3076 2656 λίθον
3098 2596 3456 2669 μετεϐλήθη.
3680 2675 3697 2676 7
3801 2611 3806 2614 ·

2307 2698 2559 2769 Ἰωάννης
2588 2695 2646 2749 δέ
2679 2695 2877 2768 ἄριστα
2903 2693 3001 2763 τῆς
3039 2681 3635 2744 Κωνσταντινουπόλεως
3656 2675 3736 2728 Ἕκα

2225 2790 2453 2862 κλησίας
2478 2786 2872 2861 ἐπιτροπεύων,
2903 2784 3131 2846 πολλοὺς
3153 2781 3258 2853 μὲν
3283 2782 3347 2833 ἐκ
3373 2777 3478 2831 τῶν
3505 2772 3742 2862 Ἑλλήνων,

2227 2857 2455 2945 πολλοὺς
2497 2881 2556 2934 δέ
2606 2857 2676 2934 ἐκ
2727 2878 2835 2932 τῶν
2870 2876 3133 2948 αἱρέσεων
3177 2874 3433 2944 ἐπήγετο.
3462 2857 3742 2936 Συνέρῤειδδ

2229 2973 2366 3046 πρὸς
2399 2972 2560 3026 αὐτὸν
2590 2972 2849 3026 ἑκάστοτε
2889 2967 3110 3039 πλῆθος,
3145 2965 3259 3019 τῶν
3308 2963 3425 3034 μὲν,
3454 2960 3532 3012 ἐπ’
3561 2951 3744 3023 ὠφελείᾳ

2229 3065 2634 3136 ἀκουσομένων,
2656 3061 2764 3116 τῶν
2791 3061 2869 3124 δέ,
2896 3059 3208 3128 ἀπόπειραν
3228 3052 3556 3124 ληψομένων.
3583 3047 3744 3136 Ἀπανῗ

2228 3160 2328 3220 τάς
2379 3130 2450 3209 τε.
2483 3156 2625 3227 ᾔρει,
2659 3152 2848 3207 καὶτὰ
2878 3151 3017 3205 αύτά
3070 3148 3320 3215 δοξάζειν
3382 3141 3522 3212 αὐτῷ
3571 3137 3676 3204 περὶ
3702 3130 3746 3184 τὺ

2231 3250 2386 3303 Θεῖον
2404 3247 2608 3302 ἔπειθε,
2637 3244 2900 3299 Τοσοῦτον
2921 3243 2978 3296 δὲ
3011 3241 3150 3312 πρὸς
3172 3239 3342 3293 αὐτὸν
3370 3236 3429 3288 τὸ
3456 3229 3744 3312 πλῆθοςνὲκε-

2234 3340 2465 3408 χήνεσαν
2505 3334 2638 3407 (16),
2667 3333 2760 3387 καὶ
2782 3331 2891 3385 τῶν
2919 3311 3081 3384 αὐτοῦ
3114 3329 3295 3396 λόγων
3328 3325 3484 3394 κόρον
3505 3321 3592 3374 ούκ
3621 3311 3747 3408 εἶχον,

2232 3405 2374 3478 ὥστε
2406 3405 2527 3476 ἐπεὶ
2564 3419 2942 3491 ὠστιζόμενοι,
2977 3421 3072 3473 καὶ
3087 3415 3494 3482 περιθλίὸοντες
3520 3405 3745 3476 anatona

2235 3515 2595 3577 ἐκινδύνευον,
2623 3513 2850 3573 ἕκαστος
2890 3507 3227 3581 προσωτέρω
3289 3505 3426 3559 ἱέναι
3469 3497 3748 3571 βιαζόμενος.

2233 3609 2380 3670 ὅπως
2407 3606 2570 3674 ἐγγὺς
2597 3600 2907 3674 παρεστὼς,
2936 3598 3332 3671 ἀκριϐέστερον
3361 3591 3519 3648 αὐτοῦ
3555 3589 3750 3652 λέγοντος

2235 3697 2454 3751 ἀκούοι·
2489 3695 2652 3766 μέσον
2683 3692 2875 3746 ἐαυτὸν
2909 3691 3041 3746 πᾶσι
3071 3687 3358 3759 παρέχων,
3393 3684 3482 3738 ἐπὶ
3509 3678 3592 3734 τοῦ
3617 3676 3750 3766 βήμα-

2233 3806 2325 3852 τος
2367 3764 2501 3841 τῶν-
2524 3781 2889 3853 ἀναγνωστῶν
2943 3779 3318 3850 καθεζόμενος
3363 3774 3640 3829 ἐδίδασκεν.
3688 3764 3752 3816 Ἐν

2234 3879 2411 3953 καιρῷ
2439 3879 2496 3932 δέ
2531 3895 2621 3949 μοι
2650 3876 2819 3940 δοκεῖ,
2841 3875 2902 3927 τὸ
2921 3872 3134 3944 συμϐὰν
3161 3872 3259 3926 ἐπὶ
3278 3865 3443 3922 αὐτοῦ
3469 3862 3632 3932 θαῦμα

2234 3946 2546 4045 περιλαϐεῖν
2576 3972 2642 4040 τῇ
2677 3970 2883 4040 γραφῇ.
2931 3966 3097 4036 ’Δνήρ
3137 3979 3224 4027 τις
3275 3957 3595 4047 Μακεδονίου
3639 3946 3753 4047 atri:

2236 4043 2397 4130 σεως,
2424 4061 2652 4135 τοιαύτῃ
2682 4061 2903 4130 γυναικὶ
2927 4057 3180 4128 συνῴκει.
3213 4051 3526 4126 Περιτυχὼν
3562 4046 3613 4100 δὲ
3643 4043 3753 4106 sint}!

2235 4157 2537 4211 διδάσκοντι
2577 4155 2725 4218 ὅπως
2766 4151 2874 4224 χρὴ
2913 4150 3041 4222 περὶ
3063 4148 3199 4202 Θεοῦ
3227 4145 3491 4213 δοξάζειν,
3521 4137 3754 4230 ἐπαινέξηξ

2235 4246 2302 4320 ἦν
2328 4248 2420 4302 τοῦ
2473 4247 2763 4317 δόγματος,
2807 4244 2902 4298 καὶ
2937 4242 3036 4313 τὴν
3056 4243 3295 4310 γυναῖκα
3322 4232 3624 4308 ὁμοφρονεῐν
3645 4224 3755 4320 αὐτῷ

2237 4311 2755 4411 παρεκάλειξνἙπεὶ
2795 4337 2853 4390 δὲ
2902 4337 2968 4406 τῇ
2994 4311 3128 4406 νπρὸ
3177 4331 3373 4384 τούτου
3418 4321 3652 4394 συνηθείᾳ
3687 4311 3755 4411 tu}

2236 4401 2354 4504 ταές
2379 4431 2615 4502 ὁμιλίαις
2659 4429 2768 4483 τῶν
2821 4401 3112 4497 γνωρίμων
3141 4421 3420 4494 γυναικῶν
3457 4415 3652 4489 ἡττᾶτο,
3688 4401 3757 4504 κξὶ

2243 4497 2501 4586 πολλάκις
2530 4519 2796 4576 νουθετῶν
2821 4519 2850 4572 ὁ
2873 4518 3014 4588 ἀνὴρ
3037 4515 3191 4570 οὐδὲν
3221 4515 3406 4585 ἧνυεν,
3435 4510 3495 4563 Εἰ
3529 4505 3613 4577 μὴ,
3640 4497 3756 4569 φησὶ,

2241 4615 2588 4685 κοινωνήσεις
2610 4610 2817 4683 μοιτῶν
2831 4609 3008 4675 θείων,
3033 4607 3156 4661 οὐδὲ
3173 4605 3271 4660 τοῦ
3314 4605 3431 4676 βίου
3447 4595 3670 4657 κοινωνδς
3687 4589 3759 4685 ξπῑι

2249 4726 2336 4780 μοι
2365 4682 2467 4760 τοῦ⁷
2490 4682 2698 4760 λοιποῦ.
2729 4701 3068 4756 Ἐνταῦθαδέ
3091 4701 3125 4770 ἡ
3150 4700 3296 4770 γυνὴ
3336 4692 3618 4763 συνθεμένη
3643 4682 3760 4780 τοξτο

2247 4804 2440 4864 ποιεῖν,
2472 4797 2744 4854 κοινοῦταί
2771 4813 2880 4849 τινι
2917 4795 3026 4848 τῶν
3077 4791 3480 4865 θεραπαινίδων
3524 4787 3584 4858 ἦν
3619 4777 3762 4875 me???

2250 4893 2468 4964 πιστὴν,
2511 4893 2606 4951 καὶ
2641 4888 3056 4960 παραλαμϐάνει
3100 4885 3366 4958 συνεργὸν
3402 4885 3458 4945 ἐς
3488 4878 3762 4964 inim”?

2250 4955 2462 5058 ἁνδρδς.
2495 4985 2630 5056 Περὶ
2654 4955 2832 5037 δέ-τδν
2861 4955 3051 5052 καιρὸν
3077 4979 3186 5033 τῶν
3213 4955 3529 5049 μυστηρίων
3565 4966 3705 5038 (ἴσασι
3722 4955 3762 5010 δὶ

1774 5171 2047 5228 VALESII
2085 5164 2638 5226 ANNOTATIONES.

645 5289 760 5365 (l6)
795 5287 1094 5365 Ἱξρσρῦτον
1118 5290 1186 5365 δὲ
1215 5286 1575 5365 appetituros:
1597 5287 1664 5341 τὸ
1693 5286 1926 5365 πτιῆθος
1945 5283 2150 5365 ἐκεχή-
2178 5272 2224 5327 1)

2178 5272 2224 5327 1)
2253 5281 2546 5365 admodum
2588 5277 2718 5348 legit
2755 5274 3118 5347 Nieephorus.
3171 5268 3292 5327 Nisi
3327 5263 3572 5323 τοσοῦτον
3618 5261 3761 5312 sumas

574 5355 788 5418 νεὸαν.
821 5358 1003 5414 Malim
1031 5355 1274 5416 scribere
1299 5359 1393 5411 ἐπὶ⁵
1413 5356 1665 5411 τοσοῦτον
1693 5357 1777 5422 δέ,
1799 5366 1906 5413 etc.
1939 5355 2144 5422 Quem-

2247 5351 2656 5408 adverbialiter.

2022 5534 2404 5592 VARIORUM.

651 5664 680 5704 ιι
703 5666 1020 5731 Φλαϐίτας.
1056 5663 1178 5716 Fuit
1227 5660 1443 5716 Fravita
1477 5657 1964 5731 nationeAGothus,
2007 5655 2102 5712 sed
2143 5655 2408 5728 religione
2433 5653 2708 5725 Paganus,
2728 5649 2910 5722 inquit
2931 5641 3338 5716 Philostorgius
3369 5640 3465 5696 lib.
3503 5650 3572 5700 at,
3599 5640 3700 5698 03P-
3722 5614 3762 5673 ⁸⁸

583 5735 786 5801 Suidas
813 5727 1235 5791 etiam’testatur
1258 5743 1383 5789 eum
1411 5730 1670 5803 gentilem
1698 5727 1890 5784 fuisse.
