4066 6338
218 348 246 406 ’1
257 347 361 408 537

1167 352 1505 412 HISTORIA
1542 350 2110 411 ECCLESIASTICA.
2152 377 2224 394 --
2249 352 2378 410 LIB.
2430 354 2565 412 VIII.

3349 366 3370 421 1
3381 367 3486 426 538

219 473 634 545 ἀναμιγνύντες.
667 474 860 540 Δείσας
886 475 945 531 δὲ
986 477 1262 548 Ἰωάννης,
1311 479 1387 551 μή
1413 495 1560 542 τινες
1587 476 1799 541 τούτοις

1903 491 2026 533 esse
2071 477 2293 532 unicam
2328 479 2628 550 potentiam
2662 520 2678 546 ,
2729 491 2784 537 et
2819 483 2926 537 alia
2957 486 3230 554 ejusmodi
3268 489 3488 561 hymnis

219 565 503 637 ὑπαχθῶσι
549 566 658 620 τῶν
697 567 788 621 ὑπ’
839 568 1001 624 αὐτὸν
1051 569 1551 640 ἐκκλησιαζόντων,
1584 570 1678 623 ἐπὶ
1707 569 1799 623 τὸν

217 653 334 710 ἶσον
359 656 559 728 τρόπον
601 658 700 734 τῆς
737 657 1057 729 ψαλμῳδίας
1080 661 1172 714 τὸν
1203 661 1366 716 αὐτοῦ
1398 662 1525 715 λαὸν
1563 659 1799 733 προτρέ-

217 765 330 802 πει.
381 751 468 802 Ἐν
504 749 670 820 ὀλίγῳ
699 749 758 803 δὲ
787 750 1176 826 ἐπιοημότεροι
1208 755 1508 825 γενόμενοι,
1530 755 1656 818 τοὺς
1689 752 1797 808 ἀπὸ

214 840 314 911 τῆς
347 841 596 904 ἐναντίας
637 841 901 913 αἱρέσεως
952 844 1323 916 ὑπερέϐαλλον
1365 844 1443 915 τῷ
1469 844 1663 916 πλήθει
1703 844 1797 897 καὶ

216 937 282 1004 τῇ
327 937 668 1004 παρασκευῇ.
723 935 834 988 Καὶ
871 936 981 1006 γὰρ
1027 935 1090 1006 δὴ
1147 939 1242 991 καὶ
1285 939 1536 1009 σταυρῶν
1577 938 1796 1010 ἀργυρᾶ

219 1028 421 1095 σημεῖα
469 1025 573 1077 ὑπὸ
645 1028 834 1096 κηροῖς
879 1026 1145 1098 ἡμμένοις
1190 1028 1529 1098 προηγοῦντο
1583 1029 1790 1082 αὐτῶν·

214 1118 311 1170 καὶ
356 1115 610 1186 εὐνοῦχος
645 1117 742 1188 τῆς
783 1116 1047 1188 βασιλέως
1085 1120 1334 1190 γαμετῆς
1376 1121 1468 1174 ἐπὶ
1508 1120 1666 1175 τοῦτο
1705 1123 1795 1175 τέ-

210 1225 410 1273 τακτο,
469 1207 568 1280 τὴν
617 1210 744 1281 περὶ
790 1209 964 1264 ταῦτα
1005 1211 1248 1283 δαπάνην
1300 1212 1394 1268 καὶ
1435 1213 1561 1276 τοὺς
1595 1213 1794 1284 ὕμνους

213 1301 670 1372 παρασκευάζων.
725 1301 1006 1356 Ἐντεῦθεν
1045 1302 1103 1356 δὲ
1150 1302 1182 1375 ἦ
1233 1302 1706 1377 ζηλοτυπήσαντες
1745 1308 1794 1359 οἱ

213 1391 326 1445 ἀπὸ
363 1393 460 1461 τῆς
501 1392 710 1463 Ἀρείου
754 1393 1038 1464 αἱρέσεως,
1065 1394 1096 1465 ἦ
1122 1395 1479 1467 ἀμυνόμενοι,
1522 1401 1636 1462 τοῖς
1687 1399 1794 1452 ἀπὸ

214 1481 312 1549 τῆς
344 1480 572 1534 καθόλου
603 1481 925 1551 Ἐκκλησίας
976 1485 1055 1546 είς
1084 1486 1263 1556 μάχην
1292 1487 1655 1559 κατέστησαν.
1684 1490 1793 1543 Καὶ

214 1569 520 1622 κτείνονται
562 1587 705 1634 τινες
754 1572 1114 1644 ἑκατέρωθεν.
1181 1575 1238 1628 '0
1274 1576 1330 1628 δέ
1363 1577 1572 1648 Βρίσων
1617 1578 1794 1649 (τοῦτο

212 1659 326 1730 γὰρ
373 1659 542 1730 ὄνομα
593 1660 665 1731 τῷ
712 1661 976 1733 βασιλικῷ
1019 1663 1316 1736 εὐνούχῳ),
1343 1665 1477 1737 λίθῳ
1518 1667 1658 1721 κατὰ
1698 1669 1792 1722 τοῦ

217 1752 474 1822 μετώπου
528 1751 798 1822 βάλλεται.
848 1754 1105 1826 Κινηθεὶς
1128 1757 1183 1809 δὲ
1223 1759 1358 1828 πρὸς
1389 1760 1558 1830 ὀργὴν
1588 1763 1616 1814 ὁ
1641 1759 1794 1830 βασι-

1906 568 2023 624 suis
2074 569 2562 626 intermiscentes?
2609 568 2854 629 Joannes
2901 575 3110 646 itaque,
3160 581 3369 634 veritus
3416 598 3489 639 ne

1903 658 2029 728 quis
2079 675 2144 714 ex
2183 658 2431 715 Ecclesia
2483 675 2583 717 sua
2610 678 2710 734 per
2733 665 2850 720 haec
2893 664 2948 720 in
2984 665 3231 723 fraudem
3258 670 3490 728 induce-

1903 758 2076 812 retur,
2100 749 2313 818 plebem
2343 766 2468 820 qua:
2498 751 2602 808 sub
2626 754 2747 824 ipso
2781 763 2922 822 erat,
2956 766 3014 811 ut
3053 760 3309 815 similiter
3341 764 3488 831 ρεπι-

1903 841 2060 907 leret,
2091 842 2361 897 incitavit.
2380 841 2485 908 Qui
2512 844 2666 899 brevi
2695 853 2943 917 tempore
2971 849 3308 906 illustriores
3333 852 3484 919 facti,

1902 933 2140 988 Arianos
2161 941 2216 988 et
2240 934 2595 990 multitudine
2621 943 2675 990 et
2692 950 2984 1008 apparatus
3013 941 3301 1010 splendore
3327 945 3487 1014 longe

1903 1033 2259 1093 superarunt.
2295 1023 2432 1080 Nam
2459 1034 2516 1081 et
2546 1027 2796 1082 crucium
2833 1041 3095 1100 argentea
3135 1033 3315 1103 signa,
3349 1049 3488 1103 prae-

1901 1114 2224 1170 cedentibus
2257 1115 2454 1180 cereis,
2483 1130 2581 1172 eos
2611 1119 2928 1174 anteibant:
2969 1130 3022 1176 et
3051 1123 3340 1176 eunuchus
3381 1124 3486 1177 im-

1900 1206 2190 1276 peratricis
2242 1207 2371 1263 huic
2419 1207 2498 1262 rei
2549 1209 2878 1278 praepositus
2909 1221 3048 1277 erat,
3084 1213 3177 1282 qui
3224 1212 3483 1268 idoneum

1900 1298 1971 1353 ad
2019 1298 2134 1352 hac
2186 1307 2463 1368 sumptum
2493 1308 2548 1354 et
2573 1299 2808 1370 hymnos
2835 1301 2904 1356 ad
2933 1303 3242 1359 canendum
3273 1320 3481 1375 pracpae

1902 1396 2069 1444 raret.
2115 1389 2258 1444 Hinc
2301 1390 2493 1444 Ariani
2528 1405 2626 1445 seu
2661 1391 2867 1447 invidia
2900 1395 3058 1460 moti,
3089 1411 3188 1450 seu
3221 1397 3484 1452 vindictae

1901 1479 2224 1550 cupiditate,
2253 1480 2572 1538 Catholicos
2602 1499 2784 1555 pugna
2819 1485 2997 1540 adorti
3035 1496 3184 1544 sunt.
3219 1491 3298 1544 Ac
3342 1504 3484 1544 non-

1901 1571 2036 1626 nulli
2074 1570 2296 1641 quidem
2343 1586 2409 1626 ex
2460 1581 2694 1642 utraque
2750 1581 2904 1644 parte
2950 1577 3287 1634 ceciderunt.
3323 1577 3482 1634 Briso

1899 1677 2053 1728 vero,
2103 1661 2157 1716 id
2236 1662 2396 1732 337
2435 1662 2581 1716 enim
2617 1678 2814 1718 nomen
2845 1675 2964 1718 erat
2986 1666 3353 1735 imperatricis
3381 1682 3481 1724 cu-

1899 1753 2190 1819 biculario,
2229 1770 2366 1809 saxo
2393 1754 2448 1808 in
2480 1753 2659 1810 fronte
2686 1769 2988 1824 percussus
3018 1766 3123 1811 est.
3148 1757 3267 1823 Qua
3296 1775 3356 1814 re
3379 1760 3480 1813 im-

213 1843 362 1909 λεὺς,
409 1843 614 1899 ἐπαυσε
659 1845 766 1899 τῶν
812 1845 920 1899 ἀπὸ
970 1849 1068 1917 τῆς
1132 1847 1343 1918 Ἀρείου
1387 1851 1650 1918 αἱρέσεως
1698 1850 1796 1916 τὰς

1903 1852 2122 1913 perator
2141 1853 2476 1910 commotus,
2491 1845 2806 1915 huiusmodi
2821 1847 3152 1901 Arianorum
3176 1860 3482 1906 conventus

213 1936 468 1999 τοιαύτας
497 1937 771 2000 συνόδους.
821 1939 884 1991 Οἱ
909 1939 973 1991 δὲ
1011 1938 1120 1993 άπὸ
1149 1942 1246 2010 τῆς
1271 1940 1585 2011 καθολικῆς,
1619 1942 1676 2008 ἐξ
1711 1943 1796 1995 al-

212 2028 338 2093 τίας
364 2027 576 2081 τοιᾶσδε
600 2027 693 2080 τὸν
720 2028 1010 2100 εἰρημένον
1037 2029 1239 2101 τρόπον
1267 2032 1453 2102 ὑμνεῖν
1478 2031 1796 2103 ἀρξάμενοι,

214 2120 310 2174 καὶ
344 2119 510 2173 είσέτι
536 2117 630 2173 νῦν
675 2118 822 2173 οὕτω
856 2120 1152 2190 διέμειναν.
1215 2122 1467 2194 Ἰωάννης
1503 2123 1560 2176 δὲ
1593 2124 1657 2178 ἐκ
1685 2123 1800 2178 τού-

211 2229 325 2266 των
355 2212 467 2282 (50)
487 2253 502 2278 ,
568 2212 664 2266 καὶ
705 2211 814 2265 τῶν
864 2213 951 2265 ἐπ’
983 2213 1280 2285 ἐκκλησίας
1313 2215 1510 2285 λόγων,
1535 2217 1672 2287 πρὸς
1701 2217 1800 2289 μὲν

211 2304 307 2357 τὸν
341 2304 515 2374 δῆμον
559 2304 801 2358 ἐπεδίδου
842 2304 903 2357 τὸ
929 2304 1182 2378 φίλτρον,
1234 2309 1389 2378 μῖσος
1424 2308 1482 2361 δέ
1514 2308 1649 2381 πρὸς
1668 2310 1793 2374 τοὺς

211 2395 546 2464 δυναμένους
590 2395 682 2449 καὶ
724 2396 850 2459 τοὺς
893 2396 1190 2469 κληρικοὺς
1237 2400 1302 2452 ἐκ
1350 2401 1446 2471 τῆς
1484 2401 1604 2454 κατ’
1632 2402 1793 2455 αὑτὸν

212 2487 550 2557 παρρησίας.
581 2487 719 2551 Τοὺς
753 2486 852 2558 μὲν
883 2488 992 2560 γὰρ
1024 2488 1345 2554 ἀδικοῦντας
1369 2490 1530 2562 ὁρῶν,
1555 2491 1755 2563 ἤλεγχε
1777 2507 1791 2520 ·

215 2580 346 2641 τοὺς
373 2579 429 2632 δέ
452 2579 666 2651 πλούτῳ
686 2621 701 2647 ,
742 2581 835 2634 καὶ
865 2581 1122 2654 ἀσεϐείᾳ,
1163 2583 1260 2637 καὶ
1291 2583 1508 2654 ἡδοναῖς
1540 2582 1796 2655 ἀσέμνοις

214 2670 665 2744 διεφθαρμένους,
703 2673 875 2744 ἀνῆγε
902 2674 1038 2744 πρὸς
1068 2675 1293 2746 ἀρετήν.

846 2949 1099 3004 ΚΕΦΑΛ.
1123 2949 1199 3003 6’.

218 3037 360 3111 Περὶ
384 3037 756 3111 Σεραπίωνος
779 3036 1345 3111 τοῦμάρχιδιακόνου,
1365 3040 1484 3111 καίῌ
1501 3039 1797 3111 τῆςίάτίας

290 3106 691 3177 Ὀλυμπιάδος
721 3125 735 3139 ο
766 3106 958 3174 καλῶς
978 3106 1139 3175 τινες
1170 3108 1524 3178 ὑϐριστικῶς
1560 3106 1796 3166 febr-'10;

292 3178 487 3249 γάδων
536 3178 686 3249 ward
729 3177 847 3249 τοῦ
892 3178 1165 3249 Ἰωάννου
1216 3177 1501 3248 ἐφέροντο
1521 3221 1535 3247 ,
1580 3182 1798 3236 σκαιὸν

290 3247 391 3302 καὶ
428 3247 669 3316 θυμώδη
707 3247 1184 3315 ἀποκαλοῦντες.

290 3337 509 3408 Ηύξησε
570 3338 627 3391 δέ
672 3338 824 3408 αὐτῷ
869 3337 1135 3414 τὴνηπρὸς
1189 3340 1307 3403 τοὺς
1351 3338 1646 3411 κληρικοὺς
1692 3341 1799 3395 ἀπ-

219 3429 440 3500 έχθειαν
466 3429 772 3500 Σεραπίων,
821 3429 881 3482 ὃν
925 3430 1299 3502 ἀρχιδιάκονον
1327 3431 1439 3501 (51)
1469 3433 1632 3486 αὐτοῦ
1671 3451 1804 3487 κατ-

219 3521 468 3594 έστησεν*
498 3521 639 3593 ἀνὴρ
670 3520 986 3591 Αἰγύπτιος,
1021 3523 1192 3592 ταχὺς
1223 3523 1302 3587 είς
1323 3523 1513 3594 ὀργὴν,
1541 3527 1619 3586 είς
1644 3523 1801 3593 ὓϐριν

217 3613 435 3684 ἕτοιμος
458 3629 472 3644 ο
502 3613 601 3684 ούχ
631 3613 834 3683 ἥκιστα
868 3613 923 3666 δὲ
973 3613 1064 3667 καὶ
1121 3613 1179 3666 αἱ
1226 3613 1362 3685 πρὸς
1419 3613 1753 3685 Ὀλυμπιάδα
1780 3612 1798 3653 ί

222 3701 550 3774 συμϐουλαί.
602 3700 820 3772 Ταύτην
877 3703 984 3774 γὰρ
1039 3703 1103 3756 ἐκ
1155 3702 1347 3771 γένους
1393 3704 1802 3777 ἐπισημοτάτην

219 3787 411 3857 οὖσαν,
447 3788 651 3864 καίπερ
708 3791 836 3844 νέαν
885 3792 1061 3862 χήραν
1101 3791 1422 3862 γενομένην,
1468 3795 1548 3858 εἰς
1578 3793 1716 3862 ἄγαν
1749 3794 1806 3848 δὲ

223 3882 631 3954 φιλοσοφοῦσαν
664 3881 807 3938 κατὰ
827 3881 918 3936 τὸν
951 3885 1050 3953 τῆς
1088 3883 1416 3955 Ἐκκλησίας
1445 3885 1666 3952 θεσμὸν,
1694 3885 1807 3940 διὰ-

296 4061 315 4094 ⁸
349 4061 502 4130 Soc.,
525 4059 621 4117 lib.
659 4076 736 4129 vr,
771 4075 824 4116 c.
858 4062 913 4116 4.

1891 1933 2155 2005 deinceps
2207 1935 2466 1990 inhibuit.
2497 1935 2767 1992 Catholici
2815 1953 2964 2006 vero,
3011 1954 3135 1994 cum
3173 1955 3242 1995 ex
3287 1941 3482 2011 hujus-

1893 2025 2040 2080 modi
2076 2041 2246 2082 causa
2277 2029 2514 2100 hymnos
2552 2045 2618 2085 eo
2649 2044 2758 2100 quo
2785 2028 3030 2086 diximus
3083 2033 3248 2088 modo
3283 2049 3483 2091 canere

1895 2121 2217 2191 cmpissent,
2266 2121 2323 2174 in
2373 2122 2520 2177 hunc
2551 2137 2728 2193 usque
2756 2123 2901 2177 diem
2930 2124 3004 2177 ita
3036 2136 3479 2194 perseverarunt.

1895 2211 1974 2268 Ex
2008 2213 2095 2268 his
2131 2214 2298 2269 rebus
2342 2222 2399 2268 et
2438 2230 2503 2270 ex
2540 2215 2933 2271 ecclesiasticis
2963 2218 3348 2284 concionibus,
3380 2234 3484 2289 po-

1896 2303 2014 2375 puli
2061 2303 2283 2372 quidem
2331 2303 2716 2359 benevolentia
2764 2319 2896 2374 erga
2940 2302 3211 2360 Joannem
3260 2306 3318 2360 in
3363 2306 3483 2363 dies

1895 2395 2218 2466 augebatur.
2265 2395 2575 2450 Potentium
2621 2403 2804 2452 autem
2846 2396 3137 2451 hominum
3165 2404 3220 2451 et
3250 2399 3486 2454 clerico—

1897 2503 2020 2541 rum
2052 2485 2238 2541 odium
2270 2487 2326 2541 in
2353 2502 2477 2541 eum
2507 2487 2795 2558 gliscebat,
2831 2502 2896 2541 ex
2941 2487 3198 2556 loquendi
3233 2487 3486 2546 libertate

1897 2593 2005 2649 qua
2051 2578 2318 2633 adversus
2363 2593 2459 2633 eos
2493 2578 2768 2632 utebatur.
2822 2577 2932 2632 Hos
2955 2579 3104 2632 enim
3146 2579 3240 2634 ille
3267 2581 3486 2650 quoties

1900 2669 2110 2738 injuste
2155 2677 2381 2740 agentes
2421 2669 2653 2734 viderat,
2688 2668 3143 2740 reprehendebat.
3193 2670 3322 2726 Illos
3354 2687 3487 2728 vero

1901 2764 2122 2832 opibus.
2162 2771 2216 2817 et
2267 2763 2568 2833 impietate,
2601 2771 2656 2818 et
2685 2761 2851 2820 {mdis
2882 2763 3256 2835 voluptatibus
3287 2779 3485 2822 corru-

1903 2865 2049 2927 ptos,
2080 2856 2148 2908 ad
2177 2849 2434 2910 virtutem
2465 2855 2781 2911 revocabat.

2549 2943 2703 3000 CAP.
2745 2944 2837 3000 IX.

1904 3035 1982 3091 De
2012 3033 2304 3107 Serapione
2331 3035 2728 3107 archidiacono,
2753 3034 2898 3107 etde
2918 3046 3107 3091 sancta
3135 3036 3487 3107 Olympiade:

1974 3115 2025 3161 et
2070 3106 2331 3176 quomodo
2375 3105 2589 3172 quidam
2625 3106 2821 3175 egregii
2855 3107 2954 3160 viri
2985 3105 3247 3160 Joannem
3294 3105 3488 3162 contu-

1973 3176 2190 3300 ἵιείὶοεε
2218 3176 2463 3229 insectali
2505 3185 2650 3240 sunt,
2685 3192 2882 3230 swvum
2923 3185 2973 3231 et
3001 3177 3286 3232 violentum
3307 3179 3490 3247 appel-

1996 3256 2165 3300 antes.

1973 3337 2172 3393 Odium
2221 3352 2387 3408 porro
2441 3338 2772 3393 clericorum
2821 3337 3084 3396 adversus
3125 3340 3279 3396 illum
3331 3341 3489 3397 auxit

1907 3429 2197 3497 Serapion,
2228 3442 2392 3496 quem
2419 3427 2538 3498 ipse
2569 3428 3019 3484 archidiaconum
3059 3432 3434 3489 constituerat
3466 3451 3482 3488 :

1905 3523 2071 3577 homo
2119 3519 2443 3592 Egyptius,
2497 3528 2786 3590 promptus
2847 3521 2916 3575 ad
2965 3521 3350 3589 iracundiam,
3416 3523 3488 3579 ad

1905 3612 2293 3668 contumeliam
2320 3618 2545 3680 paratus
2568 3611 2610 3663 ⁸.
2641 3609 3010 3666 Accesserunt
3027 3626 3248 3682 quoque
3284 3612 3490 3667 exhor-

1906 3705 2146 3760 tationes
2190 3703 2258 3757 ab
2284 3718 2350 3758 eo
2382 3701 2542 3756 facta:
2581 3701 2648 3756 ad
2688 3700 3086 3772 Olympiadem.
3123 3702 3276 3757 Hanc
3315 3705 3486 3770 enim,

1909 3811 2036 3852 cum
2066 3793 2417 3850 nobilissimo
2452 3808 2650 3863 genere
2679 3801 2800 3846 orta
2841 3801 3010 3856 esset,
3042 3794 3293 3862 quamvis
3329 3793 3490 3863 juve-

1909 3889 2008 3944 nili
2035 3896 2198 3942 aetate
2227 3885 2473 3950 viduam,
2501 3893 2682 3941 tamen
2710 3884 2842 3954 quia
2861 3885 3021 3954 juxta
3047 3884 3192 3956 leges
3222 3884 3490 3942 ecclesia-

1427 4209 1699 4266 VALESII
1738 4209 2298 4268 ANNOTATIONES.

221 4337 308 4390 vir
333 4331 711 4398 doctissimus,
764 4337 893 4385 ante
939 4343 1145 4399 paucos
1198 4342 1373 4399 annos
1402 4342 1559 4399 eum_
1591 4324 1804 4380 auctori

222 4418 329 4477 suo
368 4396 703 4477 restituitin
739 4409 889 4477 tome
931 4396 1096 4477 tertio
1134 4398 1418 4477 spicilegii.
1460 4396 1806 4477 bIaIetamen

1985 4325 2096 4397 (50)
2159 4326 2434 4396 Ἰωάννης
2481 4327 2546 4382 δὲ
2602 4330 2673 4384 ἐκ
2717 4331 2964 4388 τούτων.
3011 4331 3372 4389 Scribendum
3405 4343 3492 4390 est

1911 4398 2104 4472 procul
2126 4397 2293 4451 dubio
2308 4399 2532 4472 Ἰωάννῃ
2555 4400 2633 4466 δέ,
2663 4409 2791 4472 etc.,
2810 4418 2918 4472 qua
2947 4404 3330 4459 emendatione
3353 4406 3490 4461 nihil

222 4475 284 4528 in
347 4469 1092 4545 manuscripto,C‘odicediic
1137 4466 1338 4545 sermo
1367 4467 1692 4545 inscribitur
1738 4466 1807 4519 de
1841 4527 1884 4545 ἢ
1913 4467 2120 4545 certius
2142 4466 2937 4545 _:statimque'emendandum
2982 4480 3066 4529 est
3098 4474 3200 4545 τῆς
3239 4476 3360 4529 κατ’
3388 4477 3488 4530 αὑ-

223 4527 429 4614 vigiliis
460 4527 748 4614 servoi'um'
781 4539 1061 4614 Ded-Non
1111 4537 1256 4614 enim
1286 4539 1354 4593 de
1387 4537 1799 4614 monachorum,

1909 4535 2032 4614 τῶν
2048 4538 2379 4614 παρρησίας,
2415 4527 2630 4614 ut_leg_it
2659 4541 2951 4614 interpres.

225 4605 323 4670 sed
374 4613 442 4667 de
486 4613 752 4666 laicorum
798 4611 1000 4680 vigiliis
1053 4608 1258 4680 agitur,
1313 4621 1414 4680 nec
1451 4605 1666 4680 abbatis
1711 4605 1800 4680 hic

225 4699 414 4741 sermo
443 4693 525 4738 est
549 4681 617 4737 ad
646 4675 967 4744 monachos,
1025 4675 1120 4734 sed
1162 4678 1415 4747 episcopi
1428 4677 1694 4747 populum
1722 4675 1802 4727 al-

225 4755 787 4827 quuentis,_u_t_patet
817 4751 992 4827 νει.οξ
1016 4748 1114 4827 his.
1131 4749 1312 4827 verbis
1343 4765 1355 4800 :
1389 4748 1660 4827 Neclsaue
1689 4761 1804 4827 one:

224 4817 433 4897 rosum
461 4825 538 4878 vel
571 4817 779 4897 difﬁcile
829 4819 992 4897 videri
1030 4819 1178 4897 debet
1224 4820 1384 4897 etiam
1435 4817 1689 4897 delicatis.
1724 4817 1804 4869 uel

225 4895 460 4962 inﬁrmis
485 4889 808 4960 corporibus,
845 4891 919 4962 in_
937 4892 1238 4962 septimana
1273 4889 1500 4962 duorum
1549 4889 1802 4962 noctium,

225 4957 297 5036 ἔμ’
312 4975 390 5019 est
417 4957 635 5036 Sabbati
687 4973 840 5036 alque
889 4959 1198 5036 Dominicw,
1223 4961 1536 5036 portionem
1571 4957 1806 5036 aliquant

228 5035 329 5089 Dei
370 5033 658 5103 ministerio
681 5027 931 5099 deputare
972 5046 989 5083 :
1019 5031 1121 5082 ista
1151 5029 1288 5081 enim
1314 5029 1468 5150 quasi
1504 5027 1806 5095 puriﬁcatio

228 5115 308 5150 est
337 5105 541 5150 dierum
571 5104 795 5150 nuinaue
829 5101 906 5150 vel
940 5100 1175 5150 noctium
1226 5099 1314 5150 aui
1353 5114 1413 5150 us
1442 5110 1654 5150 stunore
1683 5112 1806 5150 car-

225 5115 308 5159 est
337 5099 541 5158 dierum
571 5104 795 5178 quinque
829 5101 906 5154 vel
940 5100 1186 5178 noctium_
1226 5099 1413 5178 quibus
1433 5110 1662 5178 stupore
1683 5112 1808 5178 car-1

239 5175 358 5228 nali
413 5168 842 5244 ingrauescimus,
871 5180 963 5225 aut
1023 5168 1310 5223 mundanis
1356 5169 1559 5224 actibus
1611 5168 1809 5223 obsessi

228 5247 500 5300 lwtamur.

1980 4607 2102 4684 (3Q
2118 4608 2427 4684 ὶζεραπίῳν
2462 4609 2533 4684 gr;
2558 4607 3011 4684 'dpxtdidicpror.
3039 4612 3197 4668 Hunc
3229 4613 3490 4684 Sci-apio-

1909 4675 2352 4770 nemdl’alladikus‘
2364 4680 2433 4770 in
2461 4675 2699 4770 Qialbgb‘
2717 4681 2930 4770 desita
2953 4682 3208 4770 imitati:
3254 4675 3490 4770 Chrpso-

1908 4747 2100 4825 stanti,
2132 4747 2847 4825 presbyterum_vocat._Sic
2878 4755 3022 4825 enim
3055 4755 3130 4807 ait
3172 4747 3492 4825 Σεραπίωνα

1909 4816 2006 4871 καὶ
2035 4817 2229 4894 ᾝίγριν
2267 4816 2692 4894 πρεσϐυτέρους.
2725 4819 2890 4894 Forte
2915 4821 3154 4878 Joannes
3175 4816 3493 4894 Clirysoslo-

1910 4902 2035 4942 mus
2070 4887 2224 4940 illum
2255 4887 2321 4942 ex
2354 4887 2588 4963 diacono
2627 4892 3004 4963 presbyterum
3035 4887 3400 4963 promoverat.
3435 4894 3492 4949 Id

1911 4965 2064 5011 certe
2098 4963 2371 5033 testantur
2401 4958 2538 5011 Acta
2577 4961 2770 5029 synodi
2795 4958 2868 5016 ad
2891 4958 3183 5027 Quercum.
3210 4962 3266 5017 In
3290 4964 3491 5033 quibus

1914 5035 2167 5098 octavum
2232 5025 2508 5082 decimum
2565 5025 2730 5098 caput
2793 5025 3161 5088 accusationis
3224 5025 3492 5089 adversus

1914 5095 2394 5173 Chrysostomum,
2421 5099 2525 5173 hoc
2547 5095 2653 5163 cst,
2687 5099 3219 5173 quodAVSerapionem
3250 5105 3305 5158 in
3335 5113 3492 5158 reatu

1914 5167 2298 5243 exsistentem,
2327 5167 2721 5243 presbyterum
2753 5167 3093 5230 ordinasset.
3117 5173 3261 5229 Idem
3300 5183 3491 5243 postea

1908 5238 2210 5310 episcopus
2244 5238 2522 5294 Heracleae
2547 5239 2730 5296 factus
2751 5249 2857 5298 est.

1677 5409 2069 5468 VARIORUM.

310 5577 325 5602 ι
377 5560 764 5634 Ὀλυμπιάδα.
816 5559 892 5634 De
943 5575 1006 5614 ea
1029 5552 1533 5634 multa__l:allad_ius
1596 5549 1651 5603 in
1684 5549 1803 5634 vita

225 5631 459 5702 Joannis
492 5620 985 5702 Chrysostomi__a_
1019 5643 1140 5702 pag.
1203 5625 1328 5686 H9,
1354 5623 1474 5702 ὀύ,
1499 5636 1622 5690 pag.
1677 5620 1800 5674 166.

230 5701 450 5774 Sponsa
479 5694 873 5774 iuitquondam
895 5694 1136 5754 Nebridii
1161 5694 1476 5774 οδω-πίθοιὶ
1507 5709 1518 5743 :
1539 5708 1649 5759 quo
1667 5705 1805 5774 mor-

227 5759 351 5841 tlio,
399 5759 671 5829 secundas
724 5771 943 5840 nuptias
999 5759 1311 5838 respuebat,
1371 5775 1681 5833 quanquam
1727 5759 1795 5811 ab

1903 5551 2117 5627 Elpidio
2145 5541 2498 5627 imperatoris
2533 5564 2768 5625 cognato
2790 5552 3112 5627 sollicitata.
3147 5546 3229 5601 0b
3252 5545 3490 5627 eximias

1905 5616 2142 5695 virtutes
2183 5616 2479 5695 la'udatur;
2533 5616 2791 5695 agForum
2837 5619 3223 5694 possessiones
3250 5616 3490 5673 contulit

1905 5693 2199 5762 pascendis
2233 5694 2452 5749 clericis
2483 5693 2842 5764 pauperibus.
