4066 6338
425 287 574 402 15ιέ

1874 263 2227 323 SOZOMENI

3562 253 3707 312 1544

425 377 772 465 auditoribus
800 399 1118 475 gratitlcari,
1156 409 1211 456 et
1239 397 1501 470 populum
1539 393 1853 452 demulcere
1895 392 2002 446 im-

2126 407 2193 455 τος
2218 390 2356 461 (58).
2400 393 2558 447 Ἐπεὶ
2600 392 2658 446 δὲ
2703 393 2770 446 ἐκ
2809 389 2910 462 τῆς
2945 387 3132 451 Ἀσίας
3179 380 3506 454 ἐπανῆλθεν,
3548 377 3710 448 ἐτυχέ

429 501 655 576 pensius
709 495 985 554 studebat.
1057 492 1192 559 Quae
1244 505 1371 546 cum
1429 487 1680 543 audisset
1729 482 2008 548 Joannes,

428 593 778 652 aemulatione
821 601 1132 643 succensus
1174 592 1262 640 est
1301 601 1315 638 :
1348 582 1674 652 Serapione,
1723 587 1784 632 ut
1832 577 2010 639 aiunt,

427 703 552 742 eum
579 686 646 740 ad
677 683 730 737 id
755 682 1020 736 incitante
1043 676 1359 748 bujusmodi
1380 691 1448 731 ex
1468 688 1660 728 causa.
1688 669 1824 726 Cum
1845 667 2014 724 Joan-

427 794 528 835 nes
557 788 816 830 reversus
852 781 998 826 esset
1041 785 1109 825 ex
1147 768 1301 834 Asia,
1328 766 1469 822 forte
1512 765 1717 820 accidit
1742 770 1802 817 ut
1841 760 2011 817 Seve-

429 871 622 926 rianus
657 864 861 920 alicubi
906 861 1216 933 praeteriret
1255 857 1526 928 :Serapio
1554 871 1683 912 vero
1715 871 1840 911 cum
1876 869 2013 909 con-

431 963 700 1033 spicatus,
741 955 970 1011 minime
1014 959 1352 1024 assurgeret,
1386 952 1454 1006 de
1501 949 1776 1005 industria
1827 956 2015 1003 osten-

430 1055 568 1109 dens
600 1053 670 1107 iis
729 1050 826 1118 qui
873 1047 1125 1110 aderant,
1163 1060 1284 1100 sese
1318 1043 1470 1098 illum
1527 1049 1902 1097 contemnere.
1938 1039 2014 1092 Ea

433 1158 492 1198 re
528 1150 843 1197 commotus
899 1137 1239 1192 Severianus
1265 1133 1596 1189 exclamavit
1641 1131 1893 1203 protinus
1929 1129 2015 1184 his

432 1235 617 1292 verbis
647 1251 662 1287 :
694 1231 753 1287 Si
786 1229 1018 1299 Serapio
1039 1227 1315 1281 moriatur
1349 1224 1726 1287 Christianus,
1757 1222 2017 1278 Christus

433 1339 716 1396 nunquam
743 1323 909 1377 homo
957 1318 1138 1374 factus
1189 1325 1294 1373 est.
1347 1317 1431 1373 0b
1487 1317 1600 1371 haec
1652 1331 1682 1369 a
1717 1314 2018 1386 Serapione

437 1423 730 1475 accusatus
762 1412 1117 1472 Severianus,
1148 1410 1286 1463 urbe
1319 1407 1584 1478 expulsus
1617 1414 1702 1462 est
1729 1422 1759 1459 a
1782 1405 2018 1470 Joanne,

437 1520 694 1579 tanquam
725 1501 1187 1564 contumeliosus,
1213 1508 1268 1554 et
1296 1499 1464 1568 impie
1497 1499 1711 1557 locutus
1741 1499 1794 1552 in
1829 1497 2018 1553 Deum.

438 1600 644 1655 Harum
691 1598 838 1653 enim
895 1608 1080 1648 rerum
1131 1599 1302 1647 testes
1341 1590 1564 1662 quidem
1608 1590 1816 1646 inducti
1870 1599 2019 1646 sunt.

2112 505 2216 542 που
2247 485 2460 559 παριὼν
2484 485 2845 558 Σευηριανός·
2898 480 3023 536 ίδὼν
3070 480 3129 534 δὲ
3173 477 3335 533 αὑτὸν
3383 473 3703 544 Σαραπίων,

2117 581 2210 633 ,ιύκ
2265 577 2528 649 ἐξανέστη
2557 615 2573 641 ,
2632 577 2886 647 ἐπίτηδες
2928 576 3041 637 τοῖς
3095 569 3382 641 παριοῦσιν
3428 563 3708 619 ἐνδεικνύ-

2115 686 2276 742 μενος
2307 668 2443 741 (39),
2493 668 2568 732 ὡς
2604 652 2940 737 ὑπερφρονεῖ
2981 664 3073 716 τὸν
3120 661 3310 731 ἄνδρα.
3373 660 3431 712 '0
3476 658 3534 710 δὲ
3569 654 3711 727 πρὸς

2109 761 2269 814 τοῦτο
2299 759 2615 832 χαλεπήνας
2647 756 2938 826 ἀνεϐόησεν
2966 772 2980 786 ο
3020 755 3085 807 Εἰ
3118 750 3413 824 Σαραπίων
3445 746 3711 802 ἀποθάνοι

2112 854 2460 927 Χριστιανὸς,
2483 851 2719 924 Χριστὸς
2741 851 2842 904 οὐκ
2863 845 3304 918 ἐνηνθρώπησεν.
3343 842 3468 895 Ἐπὶ
3496 840 3713 902 τούτοις

2113 949 2173 1002 δὲ
2223 943 2624 1017 κατηγορηθεὶς
2677 939 2830 1013 παρά
2876 936 3261 1010 Σαραπίωνος,
3320 931 3560 1002 ἐξηλάθη
3610 931 3712 1001 τῆς

2116 1038 2323 1100 πόλεως
2356 1035 2510 1106 παρά
2538 1032 2809 1095 Ἰωάννου,
2847 1029 2923 1092 ὡς
2967 1024 3227 1097 ὑϐριστὴς
3258 1024 3354 1076 καὶ
3385 1021 3714 1091 βλάσφημος

2117 1133 2198 1194 είς
2225 1130 2380 1184 Θεόν.
2437 1130 2500 1182 0t
2550 1127 2646 1198 μὲν
2675 1125 2784 1196 γάρ
2828 1122 2922 1176 ἐπὶ
2962 1118 3240 1190 μαρτυρίᾳ
3276 1115 3486 1169 τούτων
3533 1129 3714 1182 παρα-

2116 1221 2337 1294 χθέντες
2367 1215 2508 1290 ἦσαν
2536 1232 2551 1247 '
2606 1219 2656 1270 οἱ
2700 1214 2757 1268 δέ
2799 1212 2906 1267 τῶν
2962 1207 3316 1280 Σαραπίωνος
3361 1203 3712 1275 ἐπιτηδείων,

2117 1310 2572 1382 ἀποκρυψάμενοι
2624 1305 2694 1360 τά
2749 1301 3016 1376 εἰρημένα
3069 1299 3248 1352 πάντα
3268 1336 3283 1361 ,
3338 1297 3490 1349 τουτὶ
3548 1295 3713 1366 μόνον

2121 1405 2404 1476 εἰρηκέναι
2433 1399 2848 1477 ἐμαρτύρησαν,
2882 1399 2957 1461 ὼς
2999 1393 3109 1466 ἀρα
3152 1393 3388 1466 Χριστὸς
3419 1392 3522 1444 οὐκ
3555 1391 3717 1458 ἐνην-

2122 1499 2432 1571 θρώπησεν.
2471 1494 2725 1562 Ἰωάννης
2772 1491 2830 1545 δέ
2871 1490 2965 1543 καὶ
2989 1487 3137 1548 τάδε.
3185 1485 3282 1540 καὶ
3343 1485 3392 1536 τ’
3421 1482 3559 1537 ἀλλα
3615 1484 3718 1534 ἐπ-

2123 1593 2336 1664 ῃτιᾶτο.
2371 1589 2447 1641 Οὐ
2493 1585 2604 1656 γὰρ
2650 1585 2698 1637 εἰ
2749 1579 3080 1654 Σαραπίων,
3131 1576 3269 1647 ἔφη,
3321 1575 3583 1645 κληρικὺς
3637 1573 3716 1644 μὴ

437 1693 670 1761 Quidam
700 1705 830 1746 vero
868 1705 934 1744 ex
965 1685 1288 1756 Serapionis
1318 1681 1708 1749 lamiliaribus,
1747 1684 2018 1755 integrum

2126 1681 2406 1743 ἀποθάνοι,
2455 1677 2606 1748 παρά
2649 1674 2808 1728 τοῦτο
2847 1671 3080 1743 Χριστὸς
3119 1669 3221 1723 οὐκ
3262 1664 3715 1752 ἐνηνθρὼπησεν.

439 1732 670 1761 ηψπ...
710 1732 829 1746 ω...
869 1732 934 1744 ..-
965 1732 1286 1756 ..ν--,..-----
1318 1732 1708 1749 -_------_--___,

437 1787 648 1842 dictum
691 1781 1123 1852 supprimentes,
1175 1776 1230 1830 id
1281 1775 1460 1830 solum
1516 1791 1545 1829 a
1596 1777 1895 1831 Severiano
1937 1775 2021 1830 di-

2127 1732 2587 1844 ⁷βασιλέως
2617 1766 2857 1838 γαμετὴ,
2894 1732 3010 1834 ἀμα
3039 1732 3100 1814 τε
3122 1759 3295 1814 ταῦτα
3321 1732 3587 1840 asiam,
3628 1754 3720 1807 διά

439 1882 590 1930 ctum
616 1887 741 1927 esse
784 1869 1150 1933 aﬂirmaruut,
1180 1865 1326 1936 quod
1359 1865 1616 1922 Christus
1649 1867 1810 1920 homo
1847 1867 2022 1922 factus

442 1980 550 2021 non
605 1969 770 2019 esset.
835 1960 1078 2016 Joannes
1145 1975 1311 2031 porro
1376 1968 1673 2030 utrumque
1725 1957 2022 2014 Severiano

440 2055 668 2126 objecit.
734 2051 925 2122 Neque
981 2052 1167 2117 enim,
1226 2050 1444 2114 aiebat,
1519 2049 1566 2104 si
1623 2048 1853 2120 Serapio
1910 2064 2021 2104 non

442 2144 710 2200 moriatur
736 2142 1000 2206 clericus,
1049 2139 1173 2194 ideo
1211 2137 1471 2193 Christus
1511 2138 1674 2192 homo
1705 2138 1882 2194 lactus
1909 2155 2022 2193 non

440 2234 564 2288 erit.
602 2230 931 2302 lmperatrix
967 2243 1100 2284 vero
1150 2228 1316 2282 simul
1348 2235 1515 2298 atque
1548 2228 1664 2282 haec
1703 2236 1860 2298 gesta
1899 2230 2020 2285 lue-

443 2328 591 2384 rant,
623 2334 688 2372 ex
724 2315 1010 2372 Severiani
1057 2314 1366 2370 fautoribus
1417 2315 1662 2369 rescivit.
1718 2313 2024 2386 Statimque

443 2429 567 2468 eum
599 2412 948 2467 Chalcedone
985 2409 1284 2465 revocavit.
1331 2407 1442 2464 Sed
1467 2406 1735 2473 Joannes,
1767 2413 2020 2479 quamvis

445 2504 634 2559 multis
667 2518 790 2559 eum
826 2501 1274 2566 obsecrantibus,
1313 2500 1652 2570 colloquium
1685 2502 1808 2571 ejus
1843 2505 2023 2561 detre-

2127 1866 2236 1920 τῶν
2261 1859 2591 1932 Σευηριανοῦ
2619 1854 2967 1911 σπουδαστῶν
2999 1852 3141 1922 ἔγνω
3166 1866 3180 1881 ⁸
3225 1850 3323 1904 καὶ
3355 1838 3519 1911 εὐθὺς
3550 1846 3719 1900 αὐτὸν

2127 1956 2194 2008 ἐκ
2241 1950 2582 2022 Χαλκηδόνος
2633 1945 3051 2018 μετεκαλέσατο.
3095 1940 3352 2009 Ἰωάννης
3401 1938 3482 2004 δὲ,
3512 1937 3721 2007 καίπερ

2128 2045 2340 2100 πολλῶν
2383 2039 2830 2100 ἀντιϐολούντων,
2881 2031 3177 2108 παρῃτεῖτο
3218 2037 3318 2107 τὴν
3370 2032 3507 2103 πρὸς
3552 2030 3721 2085 αὐτὸν

2125 2137 2341 2210 ὁμιλίαν
2368 2151 2381 2165 ·
2412 2135 2586 2188 εἰσότε
2615 2131 2680 2202 δὴ
2725 2132 2782 2184 ἐν
2811 2132 2876 2201 τῇ
2907 2129 3180 2199 ἐπωνύμῳ
3207 2127 3333 2181 ’τῶν
3374 2122 3723 2178 Ἀποστόλων

2125 2227 2389 2299 ἐκκλησίᾳ
2454 2226 2567 2286 τοῖς
2637 2221 2802 2276 αὑτοῦ
2849 2220 3068 2288 γόνασιν
3117 2221 3151 2289 ἡ
3203 2216 3415 2288 βασιλὶς
3460 2213 3720 2266 ἐπιθεῖσα

2125 2322 2401 2377 Θεοδόσιον
2460 2317 2552 2371 τὸν
2617 2315 2730 2368 υἱὸν
2760 2352 2775 2379 ,
2831 2310 3138 2382 λιπαροῦσά
3191 2326 3252 2362 τε
3304 2309 3402 2362 καὶ
3455 2306 3722 2368 πολλάκις

2127 2415 2364 2488 όρκοῦσα
2392 2411 2526 2484 (40),
2564 2409 2714 2482 μόλις
2742 2407 2904 2460 αὐτὸν
2938 2406 3017 2468 εἰς
3053 2403 3235 2474 φιλίαν
3273 2400 3354 2472 τῷ
3398 2398 3722 2470 Σευηριανῷ

2131 2507 2356 2578 συνῆψε.
2389 2505 2500 2560 Καὶ
2528 2502 2598 2556 τὰ
2628 2501 2727 2572 μὲν
2759 2491 2862 2554 ὧδε
2898 2497 3089 2565 ἔγνων.

446 2596 654 2664 ctavit;
704 2593 883 2650 donec
953 2594 1202 2662 Augusta
1265 2591 1321 2646 in
1378 2593 1613 2648 ecclesia
1685 2594 2086 2664 Apostolorum
2159 2600 2417 2671 imposito
2467 2593 2696 2650 Joannis
2743 2590 2975 2663 genibus
3011 2585 3324 2644 Theodosio
3374 2585 3504 2647 lilio,
3560 2583 3722 2636 illum

448 2689 744 2745 identidem
778 2688 1078 2744 obsecrans
1119 2694 1285 2756 atque
1310 2686 1597 2758 adjurans,
1634 2704 1781 2762 aegre
1822 2693 1879 2747 in
1929 2698 2165 2766 gratiam
2210 2696 2432 2752 reduxit
2471 2706 2597 2747 cum
2649 2686 2971 2743 Severiano.
3050 2684 3120 2740 Et
3167 2683 3284 2738 haec
3353 2679 3577 2751 quidem
3645 2679 3725 2731 ita

446 2788 599 2855 gesta
627 2796 748 2838 esse
780 2781 989 2852 accepi.

988 2894 1154 2969 διο
1175 2895 1328 2953 CAP.
1372 2895 1462 2954 x1.

2721 2894 2981 2950 ΚΕΦΑΔ.
3012 2891 3116 2946 lA'.

449 3007 540 3093 De.
579 3016 867 3093 quastione
926 3008 983 3062 in
1039 3006 1273 3093 Algwa
1337 3019 1560 3093 ραξονια,
1630 3022 1826 3093 atrum
1885 3016 2024 3093 ρεαδ

2133 3004 2274 3084 Περὶ
2312 3011 2419 3082 τῆς
2454 3011 2578 3093 κατ’
2606 3008 2919 3093 iub-onwa-
2959 2998 3296 3093 ζητήσεωςᾎ
3317 2999 3370 3052 si
3411 2993 3724 3093 εὶς-θρωξόζ

519 3077 766 3159 lin-mana
806 3077 992 3159 formo
1049 3077 1312 3159 prtc’dit-us
1358 3081 1470 3159 sit,”
1506 3077 1555 3159 et
1607 3083 1690 3159 de
1737 3085 2024 3159 Theophila

521 3147 863 3203 Alexandria:
891 3149 1132 3217 episcopo
1163 3165 1182 3203 :
1212 3150 1377 3220 deque
1408 3151 1559 3206 libris
1595 3153 1860 3225 Origenis.

521 3235 630 3295 Per
688 3237 830 3294 idem
883 3245 1104 3309 tempus
1177 3241 1450 3310 quaestio,
1510 3257 1621 3298 non
1679 3247 1852 3303 multo
1904 3257 2030 3304 ante

452 3339 686 3396 exorta,
733 3329 791 3384 in
846 3327 1070 3401 IEgypti
1122 3332 1372 3400 partibus
1419 3335 1624 3404 agitata
1673 3345 1791 3404 est,
1845 3348 2029 3393 utrum

455 3421 628 3477 Deum
689 3419 930 3474 humana
1001 3419 1178 3473 forma
1225 3423 1510 3490 praeditum
1565 3424 1788 3482 credere
1861 3442 2030 3494 opor-

456 3514 632 3570 teat'.
679 3511 856 3581 Hujus
900 3517 1082 3565 autem
1135 3512 1418 3580 opinionis
1459 3524 1618 3570 erant
1670 3518 1918 3590 plerique
1959 3536 2030 3576 ex

456 3601 747 3658 monachis
783 3600 1028 3672 regionis
1055 3600 1225 3668 illius,
1254 3605 1348 3673 qui
1372 3619 1482 3674 prae
1523 3606 1824 3676 imperitia,
1864 3612 2031 3668 verba

456 3707 629 3748 sacrae
660 3689 963 3761 Scriptura
989 3691 1307 3761 simpliciter
1335 3703 1390 3750 et
1415 3697 1635 3755 incaute
1660 3702 2028 3774 accipiebant,

457 3790 514 3837 et
555 3781 766 3844 oculos,
815 3781 1050 3846 vultum,
1095 3797 1162 3837 ac
1206 3798 1402 3841 manus
1445 3785 1562 3856 Dei,
1613 3792 1830 3863 aliaque
1880 3794 2032 3866 ejus-

457 3875 608 3930 modi
652 3873 845 3929 audire
879 3883 1302 3930 consueverant.
1347 3877 1455 3933 Alii
1513 3897 1644 3937 vero
1699 3901 1921 3942 sensum
1974 3888 2031 3944 in

458 3967 642 4022 verbis
699 3965 1047 4021 reconditum
1103 3976 1461 4037 spectantes,
1526 3978 1865 4032 contrarium
1913 3993 2035 4034 sen-

459 4057 670 4112 tiebant
707 4078 718 4111 :
751 4064 806 4111 et
835 4073 933 4113 eos
967 4059 1062 4127 qui
1098 4059 1174 4112 ita
1214 4060 1484 4128 dicerent,
1520 4065 1690 4136 impie
1724 4083 1950 4138 prorsus
1977 4073 2034 4126 in

460 4147 631 4202 Deum
668 4148 816 4228 loqui
848 4151 1264 4206 asseverabant.
1299 4151 1366 4208 Et
1397 4155 1540 4210 hanc
1562 4159 1781 4227 quidem
1809 4171 2034 4217 senten-

459 4241 592 4297 tiam
640 4237 976 4309 Theophilus
1030 4244 1466 4312 amplectendam
1524 4264 1650 4306 esse
1700 4253 1916 4322 publice
1946 4247 1949 4250 ’
1978 4256 2033 4310 in

461 4329 712 4384 Ecclesia
755 4328 943 4386 docuit
988 4349 1002 4386 :
1048 4341 1104 4388 et
1162 4335 1219 4389 in
1281 4337 1519 4407 epistola
1551 4357 1716 4411 quam
1756 4359 1824 4399 ex
1884 4361 2036 4402 more

2134 3061 2430 3153 T'Zépe'éi»
2587 3061 2770 3153 Cefor
2793 3092 2826 3153 '_
2886 3061 2984 3153 θεαὶ
3005 3061 3203 3153 ’.περλ
3231 3061 3546 3153 ’Θεοφίίτξοῃὺ
3606 3061 3723 3118 τοῦ

2217 3139 2690 3219 ’A'jeﬁardpelag,
2733 3145 2831 3202 καὶ
2859 3145 2978 3199 τῶν
3017 3140 3355 3212 Ὠριτένους
3375 3139 3632 3203 βίϐλων.

2211 3246 2300 3299 Ἐν
2319 3243 2494 3314 τούτῳ
2513 3241 2592 3307 δὲ,
2613 3241 2673 3293 οὐ
2700 3237 2879 3308 πολλῷ
2897 3235 3162 3307 πρότερον
3184 3230 3468 3304 ἀρξαμένη
3491 3227 3724 3296 ζήτησις

2130 3338 2271 3394 κατά
2311 3336 2409 3408 τὴν
2453 3333 2726 3402 Αἴγυπτον
2754 3330 3026 3399 κεκίνητο,
3063 3328 3114 3381 εί
3144 3326 3234 3379 τὸν
3271 3324 3402 3378 Θεὸν
3431 3318 3720 3390 ἀνθρωπό-

2137 3447 2343 3504 μορφον
2404 3425 2650 3490 δοξάζειν
2697 3423 2798 3475 δεῖ.
2845 3418 3080 3488 Ταύτης
3115 3416 3188 3470 -δέ
3239 3415 3339 3484 τῆς
3391 3410 3616 3481 γνώμης
3667 3408 3722 3460 οἱ

2135 3501 2353 3582 πλείους
2398 3517 2505 3571 τῶν
2549 3516 2677 3586 τῇδε
2727 3511 2976 3584 μοναχῶν
3017 3503 3158 3578 ἦσαν
3181 3545 3197 3571 ,
3259 3504 3366 3558 ὑπὸ
3414 3501 3721 3569 ἁπλότητος

2130 3611 2508 3672 ἀϐασανίστως
2532 3607 2656 3670 τοὺς
2691 3605 2868 3676 ἱεροὺς
2909 3599 3342 3671 ἐκλαμϐάνοντες
3374 3595 3592 3663 λόγους,
3622 3589 3722 3644 καὶ

2131 3703 2445 3776 ὀφθαλμοὺς
2477 3699 2610 3755 Θεοῦ
2650 3699 2744 3751 καὶ
2787 3695 3078 3769 πρόσωπον
3106 3690 3202 3745 καὶ
3237 3692 3447 3761 χεῖρας,
3493 3685 3590 3740 καὶ
3616 3685 3721 3737 ὅσα

2131 3796 2356 3850 τοιαῦτα
2398 3789 2848 3864 πῳσεθισθέντες
2895 3784 3134 3840 ἀκούειν.
3187 3783 3251 3836 Οἱ
3285 3780 3342 3833 δέ
3383 3778 3481 3850 τὴν
3514 3779 3571 3830 ἐν
3602 3778 3720 3838 τοῖς

2132 3888 2355 3959 ὀνόμασι
2388 3882 2776 3956 κεκρυμμένην
2807 3879 3046 3933 διάνοιαν
3082 3873 3429 3936 σκοποῦντες,
3459 3868 3720 3931 ἐναντίως

2134 3975 2276 4050 εἶχον
2304 3993 2319 4009 ο
2357 3977 2451 4029 καὶ
2477 3975 2604 4037 τοὺς
2626 3972 2754 4027 τάδε
2780 3971 3058 4039 λέγοντας,
3087 3967 3345 4036 ἄντικρυς
3377 3961 3721 4033 βλασφημεῖν

2134 4077 2213 4136 εἰς
2238 4073 2301 4125 τὸ
2325 4071 2483 4124 Θείον
2526 4067 2733 4134 ελεγον.
2763 4063 2874 4118 Καὶ
2904 4059 3161 4131 Θεόφιλος
3182 4059 3240 4112 δέ
3270 4055 3472 4126 ταύτης
3499 4052 3722 4124 ἔχεσθαι

2132 4165 2233 4235 τῆς
2264 4162 2444 4233 δόξης,
2478 4162 2537 4214 ἐν
2573 4155 2869 4228 Ἐκκλησία
2895 4151 3334 4225 παρεκελεύσατο
3353 4162 3369 4178 ο
3396 4147 3489 4200 καὶ
3513 4147 3571 4198 ἐν
3599 4146 3722 4198 ἐπι·

2137 4256 2295 4327 στολῇ
2332 4254 2400 4325 ἣν
2447 4252 2507 4318 ἐξ
2537 4252 2691 4316 ἔθους
2723 4249 2836 4319 (41)
2880 4247 3011 4319 περὶ
3045 4247 3144 4316 τῆς
3177 4240 3488 4313 Πασχαλίας
3525 4239 3722 4309 ἑορτῆς

2135 4347 2364 4418 ἔγραφε,
2414 4346 2508 4400 καὶ
2544 4343 2832 4414 ἀσώματον
2867 4341 3066 4412 χρῆναι
3104 4338 3246 4390 νοεῖν
3301 4335 3392 4388 τὸν
3420 4333 3555 4386 Θεὸν
3603 4334 3720 4384 εἰσ-

461 4423 692 4527 εοτίρείι.
739 4422 810 4478 de
867 4419 1012 4481 festo
1070 4426 1368 4495 Paschali,
1418 4432 1590 4488 Deum
1647 4437 2024 4507 incorporeum

2137 4443 2344 4510 ηγείτο,
2377 4438 2473 4491 καὶ
2499 4434 2784 4508 ἀνθρώπου
2831 4435 3110 4503 σχήματος
3137 4428 3433 4499 ἀλλότριον.
3472 4426 3628 4478 Ἐπεὶ
3659 4425 3719 4477 δὲ

460 4516 695 4586 intelligi
726 4527 985 4586 oportere
1033 4519 1343 4588 aliirmavit,
1374 4535 1428 4579 et
1460 4527 1528 4582 ab
1576 4528 1818 4584 humana
1857 4531 2024 4603 ﬁgura

2135 4530 2292 4584 τοῦτο
2320 4529 2477 4599 δῆλον
2521 4527 2735 4595 ἐγένετο
2765 4526 2877 4587 τοῖς
2906 4520 3217 4600 Αἰγυπτίων
3252 4520 3529 4590 μοναχοῖς,
3577 4511 3722 4586 ἧκον

459 4607 723 4662 alienum.
769 4607 929 4674 Quod
975 4624 1099 4664 cum
1144 4611 1533 4685 Egyptiorum
1586 4622 1844 4676 monachi
1891 4624 2037 4678 didi-

460 4698 692 4765 cissent,
734 4700 1128 4755 Alexandriam
1164 4715 1456 4762 venerunt.
1489 4707 1555 4764 Et
1584 4711 1642 4767 in
1681 4728 1851 4768 unum
1901 4729 2035 4770 con-

541 4875 560 4908 ³
582 4868 738 4925 Socr.
763 4869 861 4925 lib.
894 4885 967 4937 vi,
1000 4884 1053 4925 c.
1091 4870 1142 4927 7.

2136 4625 2216 4686 εἰς
2247 4617 2675 4690 Ἀλεξάνδρειαν.
2710 4617 2820 4672 Καὶ
2856 4618 2934 4678 είς
2969 4614 3027 4667 ἓν
3060 4611 3435 4686 ἀθροισθέντες
3463 4608 3720 4662 ἐστασία-

2139 4711 2250 4779 ζον,
2283 4712 2376 4767 καὶ
2419 4710 2495 4774 ὡς
2544 4708 2844 4764 ἀσεϐοῦντα
2884 4706 2974 4761 τὸν
3015 4705 3272 4776 Θεόφιλον
3303 4703 3511 4758 ἀνελεῖν
3559 4699 3723 4754 ἐϐου-

1656 5029 1926 5086 VALESll
1957 5031 2516 5091 ANNOTATIONES.

462 5168 474 5244 ξ
531 5161 640 5244 (3_8)
681 5160 1006 5244 Aurea-earl
1038 5165 1284 5244 ,τούτοις
1337 5167 1831 5244 παρακινοῦντος.
1883 5167 2035 5244 Scri-

461 5231 699 5288 bendum
761 5232 981 5288 videtur
1034 5231 1342 5300 ἐπὶτοῦτο,

1996 5171 2035 5252 [τ
2137 5171 2346 5252 scilicet
2381 5171 2547 5252 lilium
2583 5172 2876 5243 adjurabat
2938 5185 2992 5232 et
3049 5177 3427 5252 obtestabatur
3471 5180 3720 5252 Chryso-

1404 5238 1864 5312 quemadm‘oduni
1905 5239 2036 5312 legit
2139 5249 2376 5312 stomum
2413 5238 2684 5312 Augusta.
2739 5254 2798 5299 ut
2851 5257 3034 5302 notaw
3085 5251 3140 5302 in
3187 5238 3607 5306 commentariis
3649 5255 3720 5309 ad

461 5307 757 5378 interpres.
797 5301 854 5356 Si
885 5303 1012 5378 quis
1038 5313 1221 5378 tamen
1252 5301 1527 5378 vulgatam
1579 5309 1869 5378 lectionem
1903 5301 2036 5362 velit
2138 5310 2440 5364 Historiam
2471 5301 2740 5369 socratis.

460 5373 774 5448 defendere,
828 5375 1008 5448 ut_t‘-;_7:i.
1033 5375 1242 5437 τούτοις
1273 5373 1414 5432 idem
1460 5379 1531 5434 sit
1563 5379 1711 5448 quod
1744 5377 1876 5447 πρὸς
1908 5380 2035 5432 τού-

2206 5382 2321 5454 μί)
2344 5383 2452 5435 Kal
2478 5384 2549 5436 ἐν
2568 5384 2864 5453 ἐπιστολῇ
2901 5403 2984 5452 ην
3008 5387 3078 5452 ἐξ
3103 5387 3300 5454 ἔθους.
3335 5388 3566 5446 Exstant
3601 5399 3720 5449 tres

464 5441 814 5530 forgidest,
839 5444 908 5496 ad
939 5443 1070 5512 hwc,
1103 5455 1357 5513 prwterea
1375 5465 1395 5513 ;
1423 5441 1679 5519 equidem
1707 5441 1815 5502 non
1869 5450 2027 5505 valde
2133 5441 2378 5530 epistolae
2424 5456 2713 5530 paschales
2744 5441 3030 5530 Theophili
3057 5441 3717 5530 Alexaiidrhiivepisco—p'i:

462 5513 796 5581 repugnabo.

2137 5521 2181 5594 ai
2201 5521 2260 5576 Β.
2291 5521 2628 5594 l‘lier’onymo
2658 5527 2712 5578 in
2745 5521 3004 5582 Latin-um
3051 5544 3361 5584 sermonem
3405 5521 3715 5588 conversae;

509 5581 837 5666 ,βψω-Τοῖς
896 5585 1225 5666 παριοῦᾳρς
1272 5586 1746 5666 ἐνδεικνύμεῖος.
1803 5590 2024 5646 Rectius

2140 5592 2247 5647 Sed
2289 5581 2637 5666 haec__de'qua
2693 5581 2941 5666 loquitur
2987 5581 3360 5665 So'zomenu's,
3403 5581 3569 5652 hodie
3599 5581 3719 5657 xiiii

463 5649 1006 5731 apudnﬁicephoruni
1038 5657 1310 5731 scribitur
1330 5661 1443 5721 τοῖς
1473 5649 1725 5731 παροῦσί.

2139 5672 2342 5736 exstat.
2366 5663 2631 5736 Ejusdem
2659 5663 2907 5736 epistolae
2935 5670 3179 5726 meminit
3211 5663 3373 5724 etiam
3407 5669 3721 5729 Cassianus

532 5719 646 5791 (ιο)
672 5719 786 5776 Καῐ
808 5723 1104 5793 πολλάκις
1140 5719 1437 5796 ἀρκοῦσα(
1487 5719 1588 5786 Ροί·
1653 5730 2022 5796 Theodosium

2137 5733 2194 5789 in
2227 5733 2320 5790 lib.
2353 5719 2736 5793 Cdllationuni.

3907 4561 3927 4648 il
