4066 6338
409 338 542 396 1355

1329 330 1656 390 HISTORIA
1695 326 2250 386 ECCLESIASTICA.
2285 357 2356 368 —-
2411 327 2542 384 LIB.
2572 327 2706 385 νιιι.

2403 169 2418 206 Ι

3527 335 3547 390 Ι
3559 333 3661 392 546

401 455 636 513 isdem.
676 452 736 508 '0
767 451 824 507 δὲ
861 453 988 523 παρ’
1018 449 1214 504 αὐτίκα
1243 449 1428 519 φανεὶς
1471 447 1550 502 ἔτι
1579 446 1982 510 στασιάζουσιν,

2090 444 2298 516 gregali
2331 443 2654 500 lunndtnari
2689 453 2998 514 ctrpcmnt,
3031 461 3096 502 ac
3125 445 3490 520 Tthphilum
3512 451 3664 504 velut

401 544 586 610 Οὕτως
613 547 780 616 ὑμᾶς,
819 545 946 615 ἔφη,
975 537 1114 596 εἶδον
1155 542 1230 606 ὡς
1261 539 1396 595 Θεοῦ
1444 540 1756 611 πρόσωπον.
1791 538 1864 592 Τὸ
1921 536 1980 592 δὲ

403 635 564 707 ῥηθὲν
617 633 814 698 ίκανῶς
857 631 1089 704 ἐφύλαξε
1133 635 1258 698 τοὺς
1308 632 1505 703 ἄνδρας
1545 632 1676 702 (42).
1729 631 1840 684 Καὶ
1883 632 1981 700 τῆς

401 729 569 800 ὀργῆς
615 725 967 795 καθυφέντες,
1009 724 1238 790 Οὐκοῦν,
1275 725 1460 796 φασὶν,
1508 725 1556 778 εί
1603 723 1726 778 τάδε
1763 724 1979 795 ἀληθῶς

401 818 662 885 δοξάζεις,
690 817 786 872 καὶ
812 817 908 881 τὰς
947 815 1254 886 Ὠριγένους
1273 815 1616 886 ἀποκήρυξον
1647 813 1880 886 βίϐλους.
1903 815 1978 880 ὡς

402 909 510 961 τῶν
530 907 886 978 ἀσκουμένων
911 905 1113 970 ταύτας
1137 904 1280 960 οὕτω
1308 908 1524 978 φρονεῖν
1556 905 1981 976 εἰσηγουμένων.

415 999 554 1054 Ἀλλ’
605 1001 750 1071 ἐμοὶ,
797 999 925 1070 ἔφη,
973 997 1131 1053 τοῦτο
1171 998 1338 1054 πάλαι
1389 999 1710 1070 δεδογμένον
1752 994 1842 1070 ἦν,
1890 998 1986 1053 καὶ

403 1093 616 1164 ποιήσω
659 1091 736 1155 ὡς
783 1093 913 1162 ὑμῖν
963 1091 1150 1146 δοκεῖ’
1203 1092 1489 1163 μέμφομαι
1535 1091 1642 1164 γὰρ
1685 1091 1785 1162 οὐχ
1824 1089 1984 1163 ἦττον

400 1187 556 1257 κάγὼ
607 1190 721 1254 τοῖς
771 1187 842 1242 τὰ
889 1186 1201 1258 Ὠριγένους
1247 1185 1552 1253 δοξάζουσι.
1621 1187 1732 1240 Καὶ
1781 1189 1808 1240 ὁ
1862 1187 1982 1258 μὲν,

399 1279 541 1332 οὓτω
615 1279 948 1351 βουκολήσας
1018 1277 1159 1353 τοὺς.
1225 1281 1530 1348 μοναχοὺς,
1607 1278 1818 1332 διέλυσε
1880 1279 1980 1349 τὴν

401 1387 608 1421 στασιν.

993 1644 1242 1698 ιίΕεῦΑΛ.
1277 1643 1376 1700 IB'.

2089 534 2316 604 impium
2353 547 2384 588 e
2430 533 2612 589 medio
2657 533 2850 589 tollere
2884 535 3159 609 volebant.
3206 536 3410 594 \‘erum
3460 538 3555 596 ille
3595 541 3666 595 ad

2082 640 2184 682 eos
2245 625 2428 681 adhuc
2494 627 2902 682 tumultuantes
2960 631 3334 700 progressus",
3393 627 3664 694 Perinde,

2085 717 2289 789 inquit,
2343 732 2442 772 vos
2489 719 2676 786 aspexi
2725 732 2792 773 ac
2844 719 3054 774 vultum
3119 719 3238 776 Dei.
3285 721 3402 778 Hoc
3455 723 3662 779 dictum

2086 809 2342 866 homines
2401 810 2671 880 tantisper
2703 811 2974 866 cohibuit.
3031 811 3270 871 Proinde
3320 815 3423 882 illi,
3476 816 3666 872 sedato

2083 901 2292 968 furore,
2346 900 2427 967 Si,
2469 902 2750 972 inquiunt,
2785 917 2855 958 ex
2897 904 3084 960 animo
3113 907 3189 960 ita
3226 907 3432 974 credis,
3471 907 3668 979 Orige-

2081 995 2171 1051 nis
2213 995 2389 1052 libros
2441 996 2792 1063 condemna,
2845 1011 2970 1052 cum
3017 998 3098 1052 illi
3146 999 3385 1056 lectores
3417 1015 3552 1056 suos
3609 1001 3665 1055 in

2080 1102 2202 1142 eam
2235 1088 2562 1144 sententiam
2593 1087 2883 1144 inducant.
2909 1087 3048 1144 Tum
3079 1089 3447 1162 TheOphilus,
3489 1091 3667 1154 Istud,

2082 1179 2282 1250 inquit,
2313 1179 2644 1250 jampridem
2684 1183 3109 1247 constitueram,
3161 1182 3476 1256 faciamque
3519 1185 3669 1241 sicut

2083 1273 2242 1330 vobis
2277 1272 2516 1328 videtur.
2548 1273 2683 1328 Nam
2714 1285 2768 1329 et
2797 1275 2940 1346 ipse,
2976 1291 3133 1347 mque
3161 1290 3227 1331 ac
3263 1290 3384 1343 vos,
3433 1277 3503 1334 iis
3536 1292 3662 1332 suc-

2081 1380 2281 1420 censeo
2339 1365 2434 1434 qui
2485 1364 2742 1437 Origenis
2803 1367 3096 1437 opiniones
3157 1379 3490 1440 sequuntur.
3556 1368 3668 1423 Hac

2085 1457 2298 1512 ratione
2336 1455 2696 1527 Theophilus,
2749 1457 2960 1515 delusis
2989 1461 3300 1524 monachis,
3337 1459 3666 1518 seditionem

2081 1549 2355 1606 dissolvit.

2714 1642 2867 1698 CAP.
2921 1644 3036 1700 XII.

402 1736 536 1807 Περὶ
570 1739 687 1796 τῶν
717 1735 1031 1806 τεσσάρων
1073 1736 1350 1808 ᾀδελφῷν
1381 1733 1683 1808 ἀσκητῶν,
1716 1737 1836 1792 τῶν
1867 1741 1988 1792 Μα-

2096 1731 2170 1788 De
2203 1741 2436 1804 quatuor
2468 1733 2727 1808 fratribus
2765 1736 3058 1808 monachis,
3097 1737 3189 1808 qui
3213 1737 3386 1806 Longi
3414 1736 3667 1793 dicebau-

468 1802 624 1934 κρὲιν
649 1802 1007 1878 λεγομένων,
1039 1802 1130 1874 οἷς
1161 1802 1235 1860 διἶ
1263 1807 1486 1878 ἔχθραν
1515 1802 1754 1876 ἐγένετο
1786 1811 1820 1862 ὀ
1847 1811 1984 1864 Θεό-

469 1897 531 1934 cat
579 1896 666 1934 oc.

467 1896 666 1948 φίλος.

473 1971 634 2032 Ἴσως
669 1968 713 2022 δ’
747 1968 812 2022 ἂν
845 1969 942 2021 καὶ
966 1967 1061 2038 ἥδε
1103 1967 1138 2038 ἡ
1168 1964 1396 2036 ζήτησις
1425 1965 1707 2030 παντελῶς
1751 1967 1872 2020 τότε
1897 1968 1982 2021 δι-

399 2060 588 2132 ελύθη,
613 2062 660 2114 εί
685 2059 760 2131 μὴ
775 2059 1133 2130 πεπαυμένην
1154 2059 1254 2131 ἤδη
1279 2061 1350 2113 δι’
1379 2058 1580 2130 ἔχθραν
1603 2059 1738 2113 ἰδίαν
1767 2060 1988 2130 ἐκίνησε

398 2151 678 2219 Θεόφιλος,
699 2150 1069 2204 επιϐουλεύων
1091 2150 1389 2222 Ἀμμωνίῳ
1427 2151 1522 2204 καὶ
1553 2151 1850 2222 Διοσκόρω,
1885 2153 1990 2204 Εὐ-

402 2240 566 2311 656qu
605 2259 664 2294 τε
709 2242 803 2295 κα)⁸
840 2241 1117 2312 Εὐθυμίῳ,
1156 2243 1268 2304 τοῖς
1303 2241 1533 2313 ἐπίκλην
1571 2243 1837 2314 Μακροῖς.
1881 2242 1988 2306 Οὓς

399 2331 661 2400 ἀδελφοὺς
676 2333 856 2396 ὄντας,
875 2332 1190 2404 εὐδοκίμους
1210 2331 1462 2402 γενέσθαι
1487 2333 1638 2405 παρὰ
1653 2336 1762 2398 τοῖς
1779 2335 1836 2386 ἐν
1856 2333 1992 2403 Σκή-

399 2443 481 2480 τει
502 2425 884 2495 φιλοσοφοῦσιν
905 2426 969 2480 ἐκ
993 2425 1104 2479 τῶν
1125 2425 1361 2497 πρόσθεν
1386 2425 1654 2497 ἔγνωμεν.
1683 2420 1844 2481 Οὗτοι
1879 2425 1989 2496 γὰρ

401 2513 542 2588 ἦσαν
565 2516 714 2588 αὐτῷ
733 2517 802 2570 τὰ
825 2516 1060 2586 μάλιστα
1089 2517 1201 2570 τῶν
1231 2519 1290 2571 ὲν
1322 2517 1585 2587 Αἰγύπτῳ
1617 2517 1867 2588 μοναχῶν
1895 2535 1989 2570 κε..

399 2609 743 2682 χαρισμένοι,
779 2609 876 2662 καὶ
909 2608 978 2662 τὰ
1010 2608 1178 2662 πολλὰ
1213 2609 1534 2680 συνομίλους
1569 2609 1664 2664 καὶ
1710 2609 1990 2675 συνοίκους

401 2703 596 2766 αὐτοὺς
630 2703 887 2756 ἐποιεῖτο.
923 2699 1028 2755 Τὸν
1055 2699 1112 2754 δὲ
1148 2701 1438 2773 Διόσκορον
1461 2702 1579 2755 ’καὶ
1614 2703 1714 2772 τῆς
1753 2703 1988 2775 Ἐρμου-

403 2793 613 2858 πόλεως
643 2793 942 2854 ἐπίσκοπον
983 2794 1339 2862 κατέστησεν.
1380 2791 1478 2858 Εἰς
1515 2795 1670 2865 μῖσος
1707 2794 1764 2849 δὲ
1807 2795 1991 2860 αὐτοῖς

401 2887 637 2958 κατέστη
656 2889 720 2940 ἐκ
734 2885 834 2958 τῆς
854 2885 989 2956 πρὸς
1004 2884 1274 2956 Ἰσίδωρον
1293 2883 1514 2957 ἔχθρας,
1529 2884 1590 2939 δν
1621 2885 1758 2956 μετὰ
1784 2887 1994 2942 Νεκτά-

405 2997 522 3052 ριον
565 2980 625 3032 ἐν
673 2977 1239 3032 Κωνσταντινουπόλει
1275 2981 1602 3050 χειροτονεῖν
1635 2978 1986 3044 ἐσπούδαζεν.

401 3073 466 3125 Οἱ
506 3071 604 3142 μὲν
631 3069 738 3141 γὰρ
773 3086 936 3140 φασιν
979 3067 1113 3139 (45),
1157 3068 1232 3132 ὡς
1265 3070 1400 3139 γυνή
1441 3087 1523 3133 τις
1569 3071 1632 3122 ὲκ
1669 3073 1768 3142 τῆς
1815 3071 1989 3124 Μανι-
2016 3103 2058 3159 C

402 3163 572 3234 χαίων
593 3163 858 3234 αἱρέσεως
899 3161 1155 3232 μετέθετο
1186 3161 1320 3234 πρὸς
1362 3161 1458 3232 τὴν
1491 3161 1717 3216 καθόλου
1765 3162 1988 3234 Ἐκκλη-

404 3255 543 3310 σίαν.
583 3256 670 3318 Ὠς
697 3254 1112 3324 ἀπερισκέπτως
1133 3255 1190 3306 δὲ
1213 3253 1416 3325 ταύτης
1438 3255 1849 3326 κοινωνησὰσης
1885 3274 1987 3326 μυ-

404 3347 640 3418 στηρίων
688 3347 816 3416 πρὶν
868 3345 1244 3417 ἀπαγορεῦσαι
1273 3343 1394 3416 ’τὴν
1441 3346 1712 3418 προτέραν
1757 3346 1990 3417 αἵρεσιν,

401 3441 662 3510 ὲπῃτιᾶτο
714 3439 970 3508 Θεόφιλος
1019 3439 1110 3494 τὸν
1159 3439 1278 3493 τότε
1309 3438 1842 3510 ἀρχιπρεσδύτεροψ
1889 3439 1994 3491 ἀπο

399 3532 666 3600 ηχθάνετο
696 3531 804 3603 γὰρ
835 3531 984 3602 αὑτῷ
1016 3532 1110 3586 καὶ
1142 3531 1338 3596 ἄλλως.
1385 3532 1443 3584 Ὀ
1471 3531 1528 3584 δὲ
1577 3530 1784 3603 Πέτρος
1815 3529 1995 3600 (τοῦτο

401 3624 510 3694 γὰρ
535 3618 603 3694 ἦν
635 3623 804 3694 ὄνομα
823 3622 1014 3693 αὐτῷ),
1039 3625 1133 3677 καὶ
1167 3624 1306 3678 κατὰ
1327 3623 1418 3676 τὸν
1443 3622 1607 3694 νόμον
1639 3623 1738 3692 τῆς
1766 3621 1994 3691 Ἐκκλη-

405 3715 546 3780 σίας,
578 3717 672 3769 καί
703 3715 900 3788 γνώμῃ
919 3717 1175 3784 Θεοφίλου
1202 3715 1658 3787 κεκοινωνηκέναι
1690 3715 1747 3766 τὸ
1772 3713 1991 3782 γύναιον

407 3806 727 3876 ἰσχυρίζετο.
788 3806 898 3859 Καὶ
966 3807 1215 3878 μάρτυρα
1264 3805 1468 3860 τούτων
1500 3845 1514 3868 ,
1559 3805 1824 3874 Ἰσίδωρον
1877 3804 1992 3856 ἕλευ

401 3911 517 3964 γεν.
568 3895 624 3946 ὐ
657 3894 714 3948 δὲ
763 3895 916 3966 ἔτυχε
972 3897 1069 3966 μὲν
1100 3897 1221 3949 τότε
1257 3895 1332 3958 ὡς
1365 3895 1583 3966 Ῥώμην
1633 3893 1988 3956 ἀποσταλείς·

403 3984 711 4040 ἐπανελθὼν
768 3987 825 4041 δὲ
851 4028 866 4052 ,
927 3987 1102 4059 ἁληοῆ
1161 3987 1339 4056 λέγειν
1395 3989 1487 4040 τὸν
1549 3985 1755 4057 Πέτρον
1816 3987 1992 4056 ἐμαρο

401 4079 654 4151 τύρησεν.
719 4081 806 4142 Ὠς
867 4080 1290 4149 συκοφαντηθείς
1349 4079 1407 4133 δὲ
1465 4079 1720 4149 Θεόφιλος
1751 4117 1768 4142 ,
1823 4079 1992 4149 χαλε-

406 4169 601 4238 πήνας,
650 4170 816 4239 ἄμφω
856 4171 955 4238 τῆς
992 4169 1316 4240 Ἐκκλησίας
1360 4169 1608 4241 ἐξήλασε.
1653 4169 1762 4222 Καὶ
1800 4169 1850 4222 oi
1895 4169 1993 4238 μὲν

399 4259 526 4312 τάδε
566 4259 801 4328 λέγουσι.
860 4259 979 4311 Τῶν
1035 4276 1098 4328 γε
1162 4260 1266 4332 μὴν
1325 4262 1734 4332 συγγενομένων
1787 4261 1994 4324 τούτοις

399 4351 519 4404 τότε
570 4354 682 4414 τοῖς
732 4355 982 4422 μοναχοῖς
1028 4350 1216 4423 ἀνδρὸς
1257 4353 1368 4406 οἴου
1401 4353 1750 4407 πιστεύεσθαι
1801 4353 1994 4407 ἐπυθό-

2324 1814 2432 1871 tur,
2468 1803 2656 1875 quibus
2695 1807 2932 1876 infensus
2959 1806 3062 1876 fuit
3092 1803 3427 1875 Theophilus.

2154 1965 2233 2018 Ac
2272 1963 2532 2018 fortassis
2566 1964 2788 2034 penitus
2815 1965 3091 2021 exstincta
3133 1964 3335 2022 fuisset
3366 1967 3484 2024 haec
3515 1983 3668 2038 qua:-

2086 2054 2214 2119 stio,
2257 2054 2364 2109 nisi
2401 2054 2549 2108 illam
2575 2055 2688 2124 jam
2725 2057 2964 2126 sepitam
3001 2054 3344 2129 Theophilus
3375 2059 3448 2115 ob
3491 2062 3673 2131 priva-

2089 2155 2173 2200 tas
2231 2145 2551 2200 inimicitias
2601 2144 2784 2201 denuo
2841 2147 3174 2217 excitasset,
3242 2149 3374 2206 dum
3435 2151 3669 2209 insidias

2087 2236 2252 2292 struit
2281 2235 2595 2301 Ammonio,
2643 2235 2929 2304 Dioscoro,
2977 2237 3212 2295 Eusebio
3260 2247 3427 2312 atque
3459 2239 3669 2314 Euthy-

2087 2327 2222 2393 mio,
2262 2327 2356 2397 qui
2403 2325 2578 2399 Longi
2629 2327 2792 2398 vulgo
2839 2328 3190 2385 dicebantur.
3238 2330 3392 2397 Quos
3419 2333 3668 2404 quidem,

2086 2433 2212 2474 cum
2241 2417 2440 2475 fratres
2467 2428 2676 2486 essent,
2702 2420 2948 2476 celebres
2968 2422 3252 2478 exstitisse
3281 2424 3426 2480 inter
3449 2439 3548 2482 eos
3573 2426 3668 2496 qui

2088 2512 2233 2584 apud
2315 2512 2519 2569 Scetim
2587 2513 3084 2586 phiIOSOphantur,
3156 2532 3224 2572 ex
3288 2520 3670 2590 superioribus

2087 2607 2449 2676 cognovimus
2475 2607 2515 2660 ⁸.
2557 2604 2622 2662 lli
2663 2609 2834 2675 enim,
2873 2623 2986 2675 prae
3035 2609 3254 2666 caeteris
3287 2609 3510 2683 Αωριί
3554 2628 3671 2669 mo-

2089 2697 2306 2762 nachis,
2340 2697 2648 2770 Theophilo
2685 2699 2838 2755 chari
2877 2708 3076 2756 erant:
3115 2717 3328 2773 eosque
3373 2705 3430 2759 in
3467 2713 3668 2761 contu-

2089 2788 2286 2845 bernio
2331 2796 2387 2846 et
2420 2789 2684 2845 familiari
2733 2805 3036 2862 congressu
3073 2802 3134 2848 ut
3167 2795 3466 2865 plurimum
3502 2797 3672 2855 habe-

2090 2882 2210 2938 bat.
2261 2881 2509 2954 Denique
2564 2883 2896 2940 Dioscorum
2946 2885 3114 2941 etiam
3169 2885 3518 2959 Hermupolis
3562 2892 3673 2961 epi-

2090 2991 2320 3046 scopum
2395 2977 2714 3032 constituit.
2761 2979 2980 3041 .Odium
3045 2995 3180 3036 vero
3245 2981 3513 3038 adversus
3573 2999 3670 3040 eos

2092 3069 2366 3139 concepit,
2428 3085 2496 3125 ex
2553 3070 2859 3127 inimicitiis
2921 3071 2990 3126 ab
3039 3073 3163 3142 ipso
3212 3075 3492 3144 susceptis
3545 3091 3670 3130 cum

2093 3157 2326 3226 Isidoro,
2357 3176 2544 3232 quem,
2578 3169 2798 3218 mortuo
2839 3161 3124 3232 Nectario,
3174 3165 3242 3220 ad
3291 3165 3672 3236 episcopatum

2093 3251 2250 3306 urhis
2299 3250 2931 3322 Constantinopolitanae
2982 3267 3307 3324 promovere
3364 3255 3672 3312 studuerat.

2092 3339 2252 3413 341
2291 3339 2432 3396 Sunt
2479 3343 2624 3396 enim
2675 3344 2768 3414 qui
2813 3343 3004 3400 dicant
3045 3345 3329 3402 mulierem
3379 3349 3674 3418 quamdam

2093 3449 2160 3486 ex
2201 3431 2629 3489 Manichaeorum
2671 3445 2822 3490 secta
2871 3435 2942 3492 ad
2985 3435 3290 3494 Ecclesiam
3337 3439 3674 3494 catholicam

2093 3523 2405 3582 transiisse.
2469 3521 2810 3596 Theophilus
2876 3543 3047 3595 vero,
3103 3528 3331 3600 perinde
3395 3531 3554 3601 quasi
3613 3547 3677 3585 ea

2096 3634 2127 3670 ιι
2154 3617 2294 3672 ulier
2313 3625 2518 3674 temere
2545 3627 2712 3689 atque
2739 3620 3056 3677 inconsulte
3083 3637 3244 3678 sacra
3273 3623 3536 3694 mysteria
3557 3638 3678 3696 par-

2096 3709 2404 3778 ticipasset,
2439 3717 2736 3781 antequam
2780 3711 2948 3780 priori
2981 3712 3180 3768 haeresi
3218 3715 3674 3782 renuntiavisset,

2094 3814 2217 3853 cum
2251 3799 2342 3870 qui
2375 3808 2508 3854 tunc
2528 3811 2648 3854 erat
2677 3800 3130 3874 archipresbyter
3179 3803 3514 3876 objurgavit.
3537 3803 3675 3860 Nam

2095 3899 2148 3946 et
2185 3893 2234 3945 ei
2275 3893 2526 3947 infensus
2565 3901 2682 3948 erat
2723 3893 2970 3948 aliunde.
3024 3895 3093 3948 At
3147 3893 3376 3962 Petrus,
3425 3897 3479 3950 id
3525 3897 3673 3954 enim

2097 4002 2295 4041 nomen
2347 3993 2467 4040 erat
2524 3985 3041 4056 archipresbytero,
3092 3987 3372 4042 mulierem
3418 4004 3484 4044 ex
3533 4004 3672 4058 pra“:-

2096 4079 2304 4146 scripto
2376 4079 2556 4148 legum
2613 4076 2871 4133 Ecclesia:
2930 4085 2985 4133 et
3041 4092 3108 4133 ex
3169 4093 3443 4134 consensu
3495 4080 3674 4150 ipsius

2097 4169 2384 4241 Theophili
2430 4169 2876 4225 communicasse
2927 4168 3230 4225 allirmahat
3267 4188 3282 4225 :
3329 4171 3560 4242 ejusque
3593 4175 3674 4229 rei

2097 4262 2368 4319 lsidorum
2393 4269 2586 4316 testem
2607 4275 2732 4318 esse
2757 4261 2996 4316 dicebat.
3030 4259 3132 4316 Hic
3157 4278 3286 4317 vero
3314 4270 3427 4317 tum
3452 4265 3671 4334 quidem

2096 4357 2323 4418 aberat,
2357 4352 2589 4408 Romam
2639 4351 2842 4408 missus
2884 4366 2914 4406 a
2957 4348 3284 4422 TheOphilo.
3333 4351 3438 4408 Sed
3481 4359 3672 4423 postea

405 4455 531 4512 μην,
569 4441 753 4512 διττὴν
783 4443 960 4494 αἰτίαν
1004 4441 1246 4512 Θεοφίλῳ
1278 4442 1528 4511 γενέσθαι
1567 4443 1663 4514 τῆς
1693 4444 1827 4514 πρὸς
1869 4443 1989 4496 Ἰσί-

2098 4463 2373 4513 reversus,
2421 4444 2641 4500 Petrum
2695 4459 2824 4498 vera
2857 4441 3069 4500 dixisse
3104 4451 3340 4500 testatus
3380 4451 3483 4501 est.
3530 4442 3670 4498 Tum

400 4533 571 4605 δωρον
629 4534 988 4604 δυσμενείας·
1045 4536 1227 4607 κοινὴν
1289 4536 1386 4607 μὲν
1431 4535 1580 4605 αὐτῷ
1624 4551 1684 4588 τε
1727 4535 1822 4588 καὶ
1883 4534 1988 4588 Πέ-

401 4633 515 4694 τρῳ
564 4625 638 4694 τῷ
684 4627 1062 4700 πρεσϐυτέρῳ,
1115 4628 1304 4682 καθότι
1359 4627 1702 4700 μαρτυρῆσαι
1745 4632 1988 4700 παρῃτή·

407 4735 585 4783 σαντο,
621 4718 696 4782 ὡς
737 4723 838 4788 τῆς
874 4720 1134 4790 Θεοφίλου
1169 4720 1398 4789 ἀδελφῆς
1435 4718 1570 4790 πρὸς
1603 4719 1696 4772 τοῦ
1726 4718 1988 4790 κληρονὸ-

406 4825 506 4877 μου
539 4809 650 4878 (44)
681 4809 1016 4882 γραφείσης·
1057 4811 1192 4866 ἰδίαν
1225 4811 1304 4877 δὲ,
1343 4811 1474 4866 καθὸ
1507 4810 1802 4883 χρημάτων
1839 4809 1986 4882 αὑτῷ

482 4946 495 4976 ³
523 4944 678 5000 Socr.
712 4946 807 5001 lih.
842 4964 915 5013 vn,
951 4964 1000 5003 c.
1029 4951 1082 5012 Ἰ,
1107 4951 1160 5002 9.

2097 4553 2230 4593 vero
2289 4537 2606 4606 indignatus
2667 4534 3042 4605 Theophilus,
3109 4535 3271 4606 quasi
3335 4535 3672 4591 calumniam

2095 4643 2296 4701 passus
2326 4636 2496 4692 esset,
2517 4634 2816 4696 utrumque
2853 4623 3100 4682 Ecclesia
3123 4627 3308 4698 cjecit.
3353 4625 3532 4698 Atque
3557 4627 3673 4681 haec

2095 4719 2317 4790 quidem
2349 4717 2615 4772 dicuntur
2653 4731 2684 4770 a
2711 4714 3060 4784 quibusdam.
3099 4715 3212 4788 Ego
3242 4732 3372 4774 vero
3421 4733 3488 4773 ex
3537 4732 3676 4788 quo-

2096 4811 2222 4867 dam
2250 4811 2370 4866 viro
2394 4811 2500 4865 fide
2525 4809 2714 4880 digno,
2749 4809 2841 4878 qui
2871 4823 2996 4864 cum
3023 4812 3357 4882 supradictis
3385 4812 3674 4869 monachis

1621 5101 1894 5157 ν.ιι.ιειςιι
1935 5104 2491 5162 ANNOTATIONES.

477 5197 584 5268 (.42)
603 5201 836 5269 Ἰχίινῶς
853 5204 1088 5269 epulati
1091 5221 1120 5257 ε
1138 5203 1275 5268 τοὺς
1294 5201 1538 5268 ἄνδρας.
1564 5202 1726 5256 Forte
1744 5202 1850 5257 scri
1863 5202 1988 5256 hen-

405 5261 530 5343 duin
547 5261 624 5343 est
647 5261 902 5343 ἐμάλαξεῖ
931 5261 1304 5343 Νειιίνιιίςιιίιι
1324 5261 1532 5343 scriptu
1543 5289 1602 5327 ra
1620 5288 1743 5328 meo
1764 5273 1984 5343 quidem

408 5336 612 5404 judicio
635 5336 856 5397 tolerari
879 5360 986 5398 non
1015 5336 1210 5412 potest:
1231 5342 1365 5410 Quis
1380 5336 1526 5396 enim
1545 5336 1986 5411 verbum-cpqu-

405 5425 517 5460 τειν
543 5424 606 5462 eo
639 5427 802 5468 sensu
839 5423 1163 5484 usurpatum
1225 5427 1468 5482 unqllam
1499 5413 1650 5484 Ῑθῧίίν
1702 5428 1802 5482 ιπο
1833 5427 1986 5466 θο¹η’

407 5493 628 5544 poscere
663 5498 756 5536 seu
793 5485 1050 5538 cohibere
1083 5483 1106 5536 ?

479 5549 588 5620 (45)
636 5555 696 5622 Ol
723 5553 841 5622 μὲν
863 5554 974 5622 γάρ
1009 5567 1179 5620 φασι.
1206 5552 1514 5622 Intelligere
1541 5553 1756 5607 videtur
1785 5551 1986 5607 Socra-

409 5623 538 5690 tem,
575 5621 658 5674 vel
695 5638 790 5676 eos
833 5621 875 5676 a
909 5625 1112 5690 quibus
1145 5622 1196 5676 id
1247 5621 1530 5677 mutuatus
1573 5632 1659 5678 est
1708 5623 1983 5677 Socrates.

407 5689 572 5744 Certe
623 5691 880 5746 Socrates
927 5689 1168 5761 in_lihro
1201 5709 1292 5753 v.1,
1334 5708 1456 5761 cap.
1497 5693 1547 5758 7,
1583 5693 1726 5746 hanc
1760 5708 1985 5748 causam

413 5761 576 5814 fuisse
635 5762 768 5816 dicit
821 5761 932 5816 odii
985 5759 1276 5832 Theophili
1351 5759 1617 5818 adversus
1685 5763 1981 5818 lsidorum.

688 5857 940 5913 lina-14
1189 5853 1439 5912 LXV“.

2095 5203 2482 5274 Aliamjamen
2519 5205 2638 5274 ejus
2683 5206 2760 5260 rei
2793 5220 3022 5261 causam
3080 5205 3250 5262 refert
3290 5204 3568 5263 Palladius
3615 5209 3672 5262 in

2093 5271 2215 5326 Vita
2249 5271 2657 5343 Chrysostomi.

2164 5343 2280 5416 (4A4)
2318 5343 2475 5409 Πρὸς
2512 5345 2620 5398 τοῦ
2651 5348 3054 5416 κληρονόμου.
3109 5344 3269 5400 Hunc
3318 5343 3496 5416 locum
3559 5361 3668 5401 non

2097 5411 2483 5484 intellexerunt
2528 5415 2879 5484 interpretes.
2914 5411 3072 5470 'Nam
3121 5415 3404 5484 Masculus
3449 5416 3668 5484 quidem

2096 5481 2169 5534 ita
2189 5483 2373 5552 vertit
2408 5501 2420 5535 :
2456 5483 2609 5549 Quod
2637 5481 2790 5538 ambo
2827 5485 2891 5537 de
2921 5503 3102 5540 sorore
3143 5483 3444 5552 Theophili,
3467 5481 3546 5537 ἀί)
3574 5485 3675 5537 illa

2095 5567 2151 5632 se
2177 5551 2938 5632 mercde":,fuissc‘ascriptu-m
2963 5551 3666 5632 tesliﬁcariAdetrectasseur.

2098 5621 2374 5678 Snﬂ‘ridus
2403 5632 2582 5678 autem
2619 5621 2812 5680 Petrus
2855 5627 2933 5681 sic
2981 5621 3144 5680 vertit
3176 5645 3191 5682 :
3229 5625 3382 5692 Quod
3415 5621 3470 5674 hi
3499 5625 3668 5689 ipsum

2096 5707 2129 5744 a
2152 5709 2332 5748 sorore
2369 5710 2467 5766 sua
2495 5693 2947 5766 hwredemjuisse
2973 5698 3230 5766 suripmm
3275 5692 3461 5748 testari
3495 5693 3667 5766 detre-

2095 5771 2344 5819 ctassent.
2397 5763 2500 5821 Sed
2540 5766 2702 5821 verba
2737 5763 2923 5818 Graeca
2973 5763 3090 5818 non
3112 5767 3258 5820 hunc
3304 5777 3527 5818 sensum
3572 5763 3664 5814 l:a-

3123 5853 3192 5909 ιίῐ)
