4066 6338
362 312 372 323 ·
395 289 526 347 1547

1867 280 2211 341 SOZOMENI

3517 278 3659 336 15ίὸ

391 413 523 457 tunc
565 402 809 458 versatus
853 398 1065 465 fuerat,
1122 397 1300 454 audivi
1360 397 1496 456 duas
1546 397 1721 457 fuisse
1767 413 1967 455 causas

2086 396 2281 467 πολλῶν
2328 393 2787 469 προσφερομένων
2824 391 2898 456 ὡς
2934 390 3215 460 ἐπιτρόπῳ
3246 389 3497 461 πτωχῶν,
3533 390 3661 442 ἐπι-

392 492 698 564 Theophilo
741 491 852 546 odii
903 505 967 547 ac
1011 489 1308 546 simultatis
1358 490 1623 547 adversus
1652 489 1960 546 lsidorum:

395 584 620 640 alteram
664 581 874 639 Isidoro
900 596 1249 637 communem
1286 596 1411 635 cum
1435 580 1599 637 Petro
1624 583 1963 652 presbytero,

393 688 461 728 eo
498 673 659 744 quod
719 673 880 727 ambo
932 672 1217 729 testiﬁcari
1278 681 1669 739 recusassent,
1720 686 1966 728 sororem

394 762 679 833 Theophili
711 777 742 818 ι
768 763 956 819 nescio
989 779 1099 834 quo
1123 763 1392 819 heredem
1440 764 1703 833 scriptam
1756 763 1964 830 fuisse;

394 856 662 925 privatam
696 855 943 919 alteram,
982 855 1131 925 quod
1163 854 1408 911 Isidorus
1441 870 1505 911 ex
1538 854 1811 925 pecuniis,
1849 869 1970 926 quae

398 947 462 999 ad
508 944 684 1014 ipsum
724 954 983 1016 tanquam
1020 946 1086 999 ad
1123 953 1434 1001 curatorem
1457 960 1755 1017 pauperum
1788 945 1971 1000 multa:
2012 1020 2015 1023 Ἴ

399 1034 796 1104 aﬁ'ercbantur,
832 1036 1135 1107 Theophilo
1171 1037 1377 1107 aliquid
1422 1038 1670 1107 accipere
1710 1038 1967 1103 conanti,

318 1158 319 1161 η
398 1134 582 1196 utpote
612 1127 734 1184 aliis
766 1128 880 1198 jam
913 1129 1257 1199 consumptis
1288 1128 1342 1182 in
1373 1135 1683 1183 structuras
1711 1128 1972 1185 ecclesia-

397 1229 544 1281 rum,
576 1216 880 1272 concedere
935 1216 1206 1273 noluisset
1246 1235 1259 1271 :
1310 1217 1675 1287 praestabilius
1724 1232 1846 1273 esse
1889 1216 1973 1272 di-

399 1316 534 1359 cens
582 1319 853 1375 agrorum
915 1319 1149 1376 corpora
1183 1306 1532 1377 convenienti
1571 1320 1703 1361 cura
1747 1306 1974 1383 reticere

399 1402 566 1464 atque
607 1395 941 1463 instaurare,
977 1412 1097 1468 quae
1142 1396 1240 1452 Dei
1294 1397 1495 1468 templa
1546 1397 1730 1467 potius
1781 1397 1973 1453 existi-

399 1487 601 1542 manda
640 1497 791 1554 sunt,
823 1496 880 1544 et
913 1504 1147 1559 quorum
1174 1489 1350 1561 gratia
1380 1488 1618 1559 praebita:
1648 1497 1833 1544 essent
1879 1503 1975 1560 pe-

401 1579 608 1647 cunias,
651 1594 814 1650 quam
862 1580 1097 1651 parietes
1139 1588 1446 1637 exstruere.
1497 1578 1697 1635 Verum
1746 1581 1861 1635 sive
1903 1580 1975 1636 ob

401 1669 572 1735 hanc,
615 1671 729 1726 sive
771 1671 842 1727 ob
883 1673 1043 1726 aliam
1077 1687 1301 1728 causam
1337 1670 1580 1727 Isidorus
1611 1685 1640 1724 a
1671 1669 1974 1741 'I‘heophilo

2077 488 2345 560 χειροῦντι
2374 485 2618 556 Θεοφίλῳ
2656 481 2858 536 τούτων
2898 480 3216 550 λαμϐάνειν,
3249 478 3321 542 ὡς
3361 478 3663 546 δεδαπανηο

2076 581 2220 651 μένῳ
2271 579 2350 642 εἰς
2389 574 2674 646 οίκοδομὰς
2713 571 3035 645 ἐκκλησιῶν,
3070 571 3171 623 οὑκ
3210 568 3469 623 ἐνεδίδου·
3503 568 3665 637 ἄιε-ει·-

2077 687 2166 726 νον
2201 666 2340 724 εἶναι
2367 668 2540 737 λέγων
2566 665 2633 719 τὰ
2664 664 2890 735 σώματα
2918 665 3024 716 τῶν
3068 662 3405 732 καμνόντων,
3429 660 3465 714 ἃ
3501 660 3664 722 ναοὺς

2070 762 2208 818 Θεοῦ
2253 760 2581 835 κυριώτερον
2617 761 2758 835 νοεῖν
2797 760 2933 823 ἐστι,
2959 758 3024 811 δι’
3052 756 3146 818 οὓς
3182 754 3275 808 καὶ
3310 754 3378 808 τὰ
3404 755 3665 824 χρήματα

2075 852 2385 924 παρείχετο,
2410 852 2531 912 ταῖς
2569 848 2970 920 προσηκούσαις
3018 845 3337 917 θεραπείαις
3381 841 3664 903 ἁνανεοῦν,

2075 944 2109 1016 ἢ
2154 943 2365 1012 τοίχους
2409 939 2730 1011 οἰκοδομεῖν.
2779 938 2929 1014 Ἀλλ’.
2963 937 3074 991 είτε
3125 935 3392 1000 ἐντεῦθεν,
3446 935 3556 987 εἴτε
3602 933 3667 998 ἐξ

2077 1037 2255 1099 αἰτίας
2288 1035 2501 1105 ἐτέρας,
2530 1032 2846 1103 ἀφαιρεθεὶς
2878 1031 3029 1104 παρὰ
3057 1029 3316 1099 Θεοφίλου
3346 1029 3446 1098 τῆς
3471 1044 3667 1079 κοινω-

2076 1128 2195 1190 νίας
2230 1126 2516 1197 Ἰσίδωρος,
2550 1121 2713 1196 ἧλθεν
2758 1126 2838 1187 είς
2880 1124 3096 1193 Σκῆτιν,
3121 1123 3196 1185 ὡς
3234 1121 3371 1193 πρὸς
3413 1120 3667 1191 ἑταίρους

2076 1218 2202 1282 τοὺς
2229 1217 2413 1271 ἐνθάδε
2446 1216 2730 1287 μοναχούς.
2773 1214 3113 1287 Παραλαϐὼν
3152 1214 3209 1267 δέ
3250 1230 3401 1275 τινας
3436 1211 3664 1283 Ἀμμὼ-
3750 1284 3758 1289 ‘

2077 1326 2208 1374 νιος,
2241 1307 2570 1379 παρεγένετο
2617 1307 2752 1378 πρὸς
2794 1306 3071 1375 Θεόφιλον,
3112 1306 3206 1359 καὶ
3249 1305 3345 1376 τήν
3376 1303 3667 1357 κοινωνίαν

2078 1399 2369 1454 ἀποδοῦναι
2423 1397 2674 1469 Ἰσιδώρῳ
2724 1398 2912 1452 ἐδεῖτο.
2954 1399 3010 1452 '0
3069 1398 3147 1463 δὲ,
3199 1397 3321 1451 τότε
3375 1398 3473 1468 μὲν
3526 1413 3665 1467 προ-

2080 1490 2267 1562 θύμως
2296 1490 2624 1561 ὑποσχέσθαι
2658 1488 2892 1559 λέγεται.
2924 1490 3130 1561 Χρόνου
3167 1488 3223 1541 δὲ
3255 1487 3662 1557 διαγενομένου,

2079 1584 2155 1648 ὡς
2197 1583 2345 1637 οὐδὲν
2389 1583 2569 1647 αὐτοῖς
2626 1582 2784 1636 πλέον
2835 1583 3063 1653 ἠνύετο,
3100 1581 3258 1651 δῆλος
3310 1581 3368 1633 δέ
3415 1580 3667 1648 ἐγεγόνει

2078 1675 2332 1744 Θεόφιλος
2366 1675 2864 1746 παρακρουόμενος,
2911 1672 3325 1744 σπουδαιότερον
3369 1688 3486 1735 πως
3512 1670 3666 1740 αὑτῷ

401 1763 789 1818 communione
832 1763 1118 1833 privatus,
1168 1763 1237 1818 ad
1272 1762 1577 1825 monachos
1626 1760 1825 1827 Sectis,
1858 1770 1976 1816 tan-

2086 1766 2484 1838 προσελθόντες,
2533 1765 2773 1838 ἀπῄτουν
2816 1765 2916 1836 τὴν
2972 1765 3263 1835 ὑπόσχεσιν
3308 1762 3567 1833 πληροῦν.
3600 1761 3665 1814 ’0

411 1868 570 1909 ruam
613 1853 684 1909 ad
728 1854 947 1910 sodales
975 1870 1129 1920 suos,
1156 1855 1414 1925 perrexit.
1452 1855 1609 1913 Tunc
1635 1857 1978 1921 Ammonius,

418 1945 707 2016 ‘ssumptis
744 1959 931 2001 secum
967 1947 1319 2017 quibusdam,
1348 1948 1415 2003 ad
1457 1947 1820 2021 Theophilum
1852 1954 1982 2021 pro-

407 2037 584 2092 fectus
603 2044 709 2103 est,
734 2044 903 2108 utque
922 2037 1133 2096 Isidoro
1154 2040 1600 2096 communionem
1667 2042 1982 2097 restitueret

407 2129 640 2201 rogavit.
683 2128 776 2184 Ille
807 2137 926 2184 tum
974 2130 1193 2200 quidem
1232 2130 1285 2187 id
1321 2149 1381 2187 se
1416 2131 1689 2187 facturum
1733 2139 1982 2203 prompte

408 2223 681 2292 pollicitus
708 2237 830 2279 esse
855 2223 1083 2278 dicitur.
1126 2222 1327 2294 Elapso
1352 2233 1528 2279 autem
1558 2234 1822 2295 tempore,
1855 2238 1980 2278 cum

411 2314 547 2368 nihil
601 2314 839 2383 amplius
892 2313 1260 2384 proficerent,
1302 2325 1356 2370 et
1395 2316 1683 2372 manifeste
1719 2316 1983 2388 patuisset

408 2399 772 2471 Theophilum
848 2402 988 2456 nihil
1063 2402 1212 2457 aliud
1289 2418 1451 2473 quam
1520 2403 1742 2469 fallere,
1801 2404 1981 2476 ipsum

412 2495 700 2559 adeuntes,
747 2495 1053 2566 impensius
1087 2491 1405 2566 ﬂagitaruut
1445 2505 1505 2550 ut
1534 2496 1802 2567 promissa
1843 2511 1983 2567 pra:-

411 2595 603 2644 staret.
675 2582 868 2643 Verum
933 2586 1270 2659 'I‘heOphilus
1338 2604 1506 2644 unum
1564 2603 1630 2644 ex
1702 2587 1984 2645 monachis

411 2678 678 2735 custodiae
707 2678 943 2749 publica:
981 2679 1333 2751 mancipavit,
1374 2695 1485 2750 quo
1531 2680 1758 2750 reliquis
1801 2687 1984 2735 terro-

413 2785 532 2826 rem
572 2768 845 2840 injiceret.
890 2769 996 2826 Sed
1049 2787 1174 2842 spes
1221 2788 1345 2827 eum
1396 2771 1606 2828 fefellit.
1660 2771 1984 2830 Ammonius

413 2860 557 2915 enim
577 2866 656 2915 ~et
674 2859 859 2915 cuncti
908 2861 1002 2930 qui
1047 2876 1169 2916 cum
1201 2860 1296 2916 illo
1336 2868 1494 2917 erant
1541 2861 1820 2929 monachi,
1858 2877 1982 2917 cum

413 2960 600 3007 custos
649 2951 889 3007 carceris
937 2965 1032 3007 eos
1078 2951 1147 3006 ad
1191 2953 1500 3008 necessaria
1542 2951 1743 3008 vinctis
1777 2952 1985 3008 submi-

416 3041 703 3098 nistranda
728 3043 916 3098 venire
944 3041 1342 3108 existimasset,
1378 3043 1539 3098 facile
1568 3043 1716 3098 intro
1756 3043 1982 3099 admissi

416 3142 569 3190 sunt.
605 3131 845 3204 Ingressi
892 3146 1042 3198 vero,
1078 3133 1227 3189 exire
1261 3140 1452 3203 postea
1498 3133 1814 3190 noluerunt.
1863 3132 1985 3201 Quo

414 3224 654 3295 cognito,
690 3224 1024 3295 Theophilus
1067 3238 1162 3280 eos
1194 3225 1261 3280 ad
1303 3239 1365 3281 se
1405 3227 1659 3282 accersit.
1700 3224 1781 3281 Illi
1828 3225 1985 3282 initio

417 3313 639 3383 quidem
684 3314 1021 3384 poscebant,
1050 3323 1110 3369 ut
1140 3315 1255 3386 ipse
1303 3315 1619 3384 adveniens,
1662 3316 1811 3371 illinc
1838 3316 1986 3386 ipsos

415 3403 694 3459 educeret.
756 3402 947 3475 Neque
1000 3404 1149 3460 enim
1211 3421 1426 3475 aequum
1467 3419 1618 3470 esse,
1664 3413 1724 3461 ut
1769 3406 1987 3475 publice

417 3495 749 3551 contumelia
780 3495 982 3561 affecti,
1010 3496 1153 3550 clam
1195 3512 1263 3551 ex
1304 3511 1527 3551 carcere
1561 3496 1984 3553 dimitterentur.

419 3584 769 3639 Postmodum
792 3599 924 3640 vero
949 3583 1228 3649 cedentes,
1255 3600 1315 3641 se
1338 3586 1406 3640 ad
1431 3586 1583 3640 illum
1613 3586 1980 3643 contulerunt.

420 3674 534 3739 ille,
566 3673 734 3743 petita
762 3671 833 3728 ab
858 3671 940 3728 eis
966 3672 1147 3736 venia,
1167 3672 1247 3727 sic
1277 3687 1372 3728 eos
1400 3672 1623 3739 dimisit,
1643 3671 1803 3744 M2
1826 3673 1984 3744 quasi

422 3765 574 3819 nulla
615 3763 874 3834 deinceps
913 3762 1165 3819 molestia
1211 3763 1334 3821 illos
1382 3761 1693 3820 atfecturus.
1735 3763 1885 3818 Intra
1927 3779 1987 3820 se

426 3863 610 3911 tamen
658 3854 894 3911 fremens
924 3853 1333 3925 indignabatur,
1367 3862 1423 3911 et
1467 3856 1612 3911 malo
1643 3870 1739 3912 eos
1778 3854 1989 3912 allicere

423 3946 720 4016 cogitabat.
755 3946 1004 4019 Cumque
1032 3947 1234 4003 dubius
1295 3950 1524 4004 haereret
1554 3961 1788 4018 quonam
1828 3948 1989 4004 modo

2081 1857 2158 1924 δε,
2181 1857 2302 1911 τινὰ
2327 1857 2434 1911 τῶν
2460 1857 2708 1928 μοναχῶν
2735 1857 2793 1909 ἐν
2819 1855 3057 1926 δημοσία
3080 1856 3291 1926 φρουρᾷ
3327 1856 3489 1919 ποιεῖ,
3518 1851 3665 1905 ὥστε

2081 1949 2247 2021 φόϐον
2284 1953 2396 2014 τοῖς
2432 1950 2612 2013 ἄλλοις
2654 1947 2931 2020 ἐμϐαλεῖν.
2960 1948 3210 2018 ’Ἥμαρτε
3246 1945 3307 1999 δὲ
3348 1943 3559 1998 τούτου.
3598 1942 3663 1996 Ὅ

2082 2042 2190 2114 γὰρ
2233 2041 2537 2114 Ἀμμώνιος
2579 2041 2696 2112 ἄμα
2737 2041 2871 2095 πᾶσι
2907 2041 3021 2104 τοῖς
3058 2039 3155 2093 σὺν
3207 2036 3355 2108 αὑτῷ
3386 2038 3663 2108 μοναχοῖς.

2078 2134 2327 2200 δόξαντες
2359 2135 2470 2197 τοῖς
2497 2131 2802 2205 προεστῶσι
2837 2131 2937 2202 τῆς
2966 2130 3207 2203 φρουρᾶς
3254 2131 3335 2192 εἰς
3377 2127 3664 2198 μετάδοσιν

2081 2226 2403 2298 ἐπιτηδείων
2435 2226 2546 2289 τοῖς
2575 2224 2992 2295 καθειργμένοις
3028 2222 3223 2289 ἐλθεῖν,
3258 2220 3487 2292 ἐτοίμως
3516 2219 3662 2273 ἔνδον

2080 2315 2491 2388 είσεδὲχθησαν·
2528 2314 2857 2378 εἰσελθόντες
2904 2313 2983 2379 δὲ,
3031 2313 3218 2367 οὐκέτι
3263 2311 3465 2379 ἐξιέναι
3515 2310 3665 2380 ἠνεί-

2079 2425 2253 2479 χοντο.
2285 2404 2487 2460 Μαθὼν
2519 2406 2576 2459 δὲ
2619 2405 2747 2460 τάδε
2775 2406 3050 2471 Θεόφιλος,
3082 2405 3268 2475 ἐδήλου
3300 2402 3436 2472 πρὸς
3471 2400 3661 2455 ἑαυτὸν

2085 2498 2258 2554 καλῶν
2303 2498 2429 2561 τοὺς
2474 2496 2693 2570 ἄνδρας.
2747 2498 2812 2550 Οἱ
2855 2496 2931 2563 δὲ,
2977 2496 3047 2550 τά
3108 2497 3207 2567 μὲν
3238 2495 3453 2566 πρῶτα,
3502 2493 3661 2546 αὑτὸν

2083 2589 2522 2662 παραγενόμενον
2553 2590 2692 2657 σφᾶς
2720 2587 2935 2657 ἐξάγειν
2961 2588 3166 2658 ἠξίουν.
3212 2586 3366 2655 Μηδὲ
3391 2585 3500 2656 γὰρ
3523 2579 3663 2637 εἶναι

2083 2680 2290 2733 δίκαιον
2334 2678 2569 2749 δημοσίᾳ
2619 2676 2998 2749 ὑϐρισμένους,
3052 2677 3226 2749 λάθρα
3278 2680 3378 2745 τῆς
3425 2676 3665 2745 φρουρᾶς

2083 2770 2350 2827 ἀνίεσθαι.
2400 2770 2664 2840 Ὕστερον
2707 2770 2765 2823 δὲ
2817 2770 3094 2833 ἐνδόντες,
3145 2771 3220 2833 ὡς
3266 2767 3427 2823 αὑτὸν
3480 2762 3661 2840 ἦλθον.

2085 2861 2604 2935 Παραιτησαμένους
2633 2862 2690 2915 δέ
2735 2861 2931 2925 αὑτοὺς
2968 2860 3100 2934 (45),
3131 2859 3207 2924 ὼς
3252 2861 3314 2913 οὑ
3356 2857 3664 2930 περαιτέρω

2084 2953 2362 3025 λυπήσων,
2399 2953 2742 3024 ἀπέπεμψεν.
2780 2952 2917 3006 Καθ’
2942 2952 3133 3007 ἐαυτὸν
3170 2951 3226 3004 δέ
3263 2950 3536 3013 ἐδάκνετο,
3571 2947 3663 3000 καὶ

2084 3045 2401 3118 ἠγανάκτει,
2437 3046 2532 3102 καὶ
2562 3044 2747 3107 κακῶς
2791 3046 2963 3098 ποιεῖν
3012 3042 3386 3097 ἐπεϐούλευεν.
3421 3039 3663 3110 Ἀπορῶν

2092 3134 2148 3188 δὲ
2175 3134 2203 3190 ὅ
2227 3151 2280 3187 τι
2312 3134 2559 3205 δράσειεν
2592 3133 2787 3196 αὐτοὺς
2817 3132 3005 3197 κακὸν,
3030 3133 3339 3203 ἀκτήμονας
3368 3130 3541 3193 ὄντας,
3572 3127 3665 3181 καὶ

2093 3227 2310 3281 πάντων
2348 3224 2488 3296 πλήν
2539 3224 2729 3294 σοφίας
2762 3224 2874 3294 (46)
2906 3223 3309 3295 ὑπερορῶντας,
3342 3221 3486 3290 ἔγνω
3536 3221 3666 3290 περὶ

2090 3315 2189 3386 τήν
2216 3315 2444 3386 ἡσυχίαν
2473 3314 2691 3386 βλάψαι.
2733 3317 2845 3369 Καὶ
2874 3314 2997 3368 ἐπεὶ
3024 3314 3291 3385 ἠπίστατο
3325 3313 3385 3378 ἐξ
3417 3306 3492 3368 ὧν
3519 3310 3666 3380 αὐτῷ

2095 3405 2341 3470 συνόντες
2368 3406 2685 3476 διελέγοντο,
2721 3406 3101 3478 μεμφομένους
3130 3408 3243 3471 τοῖς
3281 3404 3666 3476 ἀνθρωπόμορ-

2094 3496 2192 3567 φον
2226 3496 2316 3551 τὸν
2342 3496 2473 3551 Θεὸν
2495 3497 2828 3564 δοξάζουσιν,
2860 3498 2935 3561 ὡς
2965 3497 3033 3551 τὰ
3074 3497 3380 3567 Ὠριγένους
3412 3494 3667 3567 φρονοῦν-

2089 3603 2210 3652 τας,
2264 3587 2590 3660 συνέκρουσε
2640 3586 2777 3658 πρὸς
2827 3588 2888 3640 τὸ
2943 3587 3233 3659 μοναχικδν
3286 3587 3394 3660 (47)
3443 3587 3663 3658 πλῆθος,

2088 3676 2262 3741 ἄλλως
2295 3676 2416 3749 ἕχον
2454 3676 2630 3749 δόξης.
2669 3678 2765 3731 Ἐκ
2811 3678 3002 3731 τούτου
3044 3678 3099 3731 δὲ
3142 3679 3288 3749 δεινή
3334 3695 3418 3742 τις
3456 3677 3573 3749 ἔρις
3606 3678 3665 3732 ἐν

2092 3770 2205 3834 τοῖς
2245 3771 2499 3841 μοναχοῖς
2552 3768 2805 3840 ἐκράτει*
2860 3771 2953 3823 καὶ
3000 3771 3097 3835 τὰς
3146 3770 3405 3838 διαλέξεις
3452 3771 3553 3824 οὑκ
3605 3772 3665 3823 ἐν

2095 3861 2285 3931 κόσμῳ
2336 3861 2472 3932 πρὸς
2518 3860 2743 3925 ἑαυτοὺς
2793 3860 3123 3931 ποιούμενοι,
3158 3861 3364 3915 πείθειν
3406 3860 3662 3932 ἀλλήλους

2096 3952 2196 4005 οὑκ
2221 3950 2426 4022 ἠξίουν,
2450 3951 2564 4007 ἀλλ’
2591 3953 2671 4016 είς
2713 3946 2898 4022 ὑϐρεϊς
2949 3952 3290 4007 καθίσταντο.
3335 3952 3444 4006 Καὶ
3485 3952 3536 4006 οἱ
3569 3951 3665 4022 μὲν

1538 4185 1563 4203 χ
1618 4152 1888 4212 VALESII
1918 4151 2362 4210 ANNOTATION
2373 4152 2473 4208 ES.

433 4303 800 4377 bentaNeque
852 4308 1000 4363 enim
1035 4306 1415 4377 Theophilus,
1472 4307 1566 4364 sed
1618 4325 1777 4366 soror
1817 4309 1993 4364 Theo-

431 4373 1021 4447 phili__h:eres__scripta
1052 4373 1234 4447 fuisse
1269 4378 1472 4431 dicitur
1508 4380 1643 4447 πρός
1676 4397 1790 4442 του,
1823 4381 1877 4434 id
1909 4387 1997 4434 est

432 4440 497 4515 ab
528 4442 723 4515 aliqua.
757 4441 848 4498 Sic
872 4440 1026 4515 enim
1049 4444 1336 4515 legendum
1373 4456 1458 4501 est
1490 4440 1702 4503 mutato
1734 4440 1991 4505 accentu.

2102 4311 2683 4384 uterqugdissimulat
2734 4311 2787 4367 id
2822 4312 2966 4380 quod
3016 4314 3294 4384 praecipue
3333 4316 3664 4371 narrandum

2103 4378 2205 4432 fuit
2243 4378 2273 4456 £_
2306 4379 2669 4456 Theophilum
2724 4378 2969 4456 scilicet,
2998 4378 3229 4456 collecta
3282 4388 3661 4456 episc0pornm

2102 4450 2313 4519 synodo
2359 4453 2413 4503 in
2441 4454 2577 4506 urbe
2604 4453 2954 4515 Alexandria,
2983 4452 3278 4509 damnasse
3313 4450 3662 4510 Ammonium

429 4510 586 4591 Quod
615 4510 901 4591 Lcum_non
946 4510 1213 4591 vidissent
1252 4517 1613 4586 interpretes,
1672 4519 1814 4591 [φάο
1858 4519 1993 4591 lapsi
2030 4524 2071 4577 D
2100 4510 2351 4591 duosque
2388 4520 2510 4591 ejus
2550 4522 2785 4586 fratres,
2838 4510 3096 4591 tanquam
3142 4525 3435 4580 haereticos
3465 4534 3519 4579 et
3547 4525 3664 4579 Ori-

429 4589 558 4658 s_unt
614 4582 717 4658 hoc
759 4582 1034 4658 loco.__De
1082 4585 1182 4638 hac
1237 4582 1417 4658 porro'
1447 4602 1657 4658 sorore_
1684 4582 1997 4658 The0phili,

430 4650 632 4725 deque
665 4651 809 4708 foeda
864 4653 1014 4707 illius
1064 4650 1281 4719 morte',
1338 4656 1587 4725 loquitur
1636 4650 1914 4713 Palladi-us
1947 4650 2000 4713 in

433 4716 553 4792 Vita
566 4719 974 4792 Qhrysostomi.

501 4789 615 4867 (ἥδ)
643 4789 1210 4867 Παραιτησαμένορς
1237 4791 1306 4845 δὲ
1335 4794 1576 4867 αὐτούς.
1616 4795 1758 4867 [.ego
1796 4814 2002 4867 παραι-

430 4860 768 4935 τισιονςὶιιμενος,⁸
789 4861 1244 4935 quemadmodum
1275 4865 1439 4935 etiam
1466 4866 1614 4935 ‘l_egit
1641 4860 1997 4935 Nil-ephorus.

503 4931 614 5000 (46)
655 4930 825 4997 Πλὴν
873 4933 1111 4999 σοφίας.
1160 4931 1215 4984 In
1262 4932 1453 4987 codice
1488 4930 1790 4989 Fuketiand
1848 4937 1991 4990 scri-

435 4999 967 5073 ριιιιηίῃνοηζπλὴν
1006 5001 1340 5070 φιλοσοφίας.
1399 5003 1551 5069 Quod
1592 5005 1764 5073 magis
1797 5006 1987 5072 probo.

436 5069 526 5121 Sic
580 5070 727 5123 enim
784 5067 1125 5126 Sozo'menns
1178 5067 1375 5128 vocare
1423 5067 1567 5127 solet
1622 5067 1987 5129 monasticam

435 5140 647 5192 vivendi
681 5140 971 5195 rationem.

502 5207 614 5277 (47)
670 5209 1045 5279 Συνέκρουσε
1102 5211 1250 5276 πρὸς
1300 5210 1368 5264 τὸ
1428 5212 1780 5279 μοναχικόν.
1839 5211 1985 5267 Idem

430 5276 598 5331 etiam
657 5278 724 5333 de
783 5276 1085 5350 TlieOphilo
1151 5287 1388 5336 testatur
1428 5276 1729 5335 Socrates.
1789 5280 1987 5337 Verum

2098 4590 2363 4664 genistas.
2396 4590 2644 4662 Cumque
2668 4608 2766 4664 eos
2794 4592 2936 4660 apud
2954 4590 3275 4664 praefectum
3309 4596 3661 4664 Augustalem

2099 4660 2509 4731 accusavisset,
2552 4660 2859 4731 perfecisse
2896 4660 3189 4716 ut’casilio
3241 4660 3659 4723 damnarentur,

2096 4736 2152 4781 et
2206 4729 2664 4801 impetrasse‘ab
2722 4732 2820 4784 illo
2867 4731 3106 4801 militare
3163 4734 3503 4801 praesidium.
3544 4734 3663 4798 Quo

2097 4799 2454 4868 succinctus,
2515 4816 2640 4855 cum
2690 4803 2757 4854 ad
2807 4799 3180 4856 solitudinem
3212 4805 3495 4864 venisset,
3547 4804 3660 4871 plus

2098 4881 2279 4942 quam
2317 4879 2596 4942 trecentos
2624 4871 2935 4942 monachos
2976 4878 3032 4942 et
3064 4871 3296 4942 clericos
3327 4888 3391 4927 cx
3424 4871 3658 4942 Egypto

2100 4937 2330 5006 fugavit.
2381 4939 2419 4995 Ii
2451 4950 2632 4995 autem
2669 4938 2840 5009 fugati
2865 4978 2879 4998 .
2927 4940 2981 4993 in
3012 4940 3362 4995 Palaestinam
3406 4958 3467 4997 se
3500 4937 3662 4996 ’ἱέρε-

2096 5017 2325 5082 perunt,
2368 5018 2436 5082 ut
2471 5011 2684 5082 scribit_
2705 5009 2985 5082 Palladius
3012 5010 3068 5065 in
3111 5009 3235 5082 Vita
3270 5010 3658 5082 Chrysostomi.

2098 5078 2152 5129 In
2181 5074 2415 5134 Historia
2447 5088 2628 5134 autem
2662 5078 2951 5143 Lausiaca,
2982 5094 3104 5149 cap.
3135 5081 3261 5146 “7,
3330 5074 3483 5137 aulo“
3510 5082 3662 5133 aliter

2098 5145 2150 5199 id
2186 5156 2395 5203 narrat.
2429 5148 2618 5203 Neque
2647 5150 2791 5203 enim
2830 5156 3110 5203 trecentos
3134 5188 3149 5203 .
3206 5097 3326 5203 sedp
3351 5161 3569 5203 centum
3608 5158 3658 5201 ct

2097 5145 2150 5219 id
2186 5156 2395 5219 narrat.
2429 5148 2618 5219 Neque
2647 5150 2791 5203 enim
2830 5145 3149 5219 trecentos,
3206 5145 3308 5205 sed
3351 5161 3569 5206 centum
3608 5158 3658 5201 ct

2095 5216 2287 5285 viginti
2322 5234 2416 5273 sex
2459 5216 2631 5299 fuisse
2671 5219 2903 5286 scribit,
2940 5234 3039 5275 nec
3065 5218 3291 5285 Alliam,
3328 5221 3424 5277 sed
3465 5219 3660 5273 Diome-

2101 5299 2310 5340 sarcam
2345 5305 2404 5344 se
2441 5304 2742 5359 recepisse.

1830 5527 1835 5532 ,
1876 5460 2255 5519 νΑΙιιοῐιωι.

503 5606 851 5695 ςλῌξιᾲηὶῐοεμιο
890 5607 1175 5695 ιιιςιιιοιτὶιξ
1205 5607 1500 5695 lapsn‘hoc
1553 5610 1752 5695 asserit
1792 5608 2076 5695 Valesius;
2117 5631 2238 5671 cum
2290 5618 2698 5677 ibiAPalladius
2742 5621 2943 5679 referat
2991 5637 3108 5678 rem
3157 5621 3320 5679 aliam
3364 5623 3657 5695 in‘perante

436 5675 662 5733 Valente
691 5688 916 5748 gestam.
954 5680 1098 5746 (Ant.
1136 5675 1282 5751 Pagi,
1327 5679 1392 5735 ad
1424 5695 1550 5733 ann.
1594 5679 1715 5743 400,
1753 5698 1803 5734 ιι.
1840 5683 1918 5752 9.)
