4066 6338
423 320 562 380 1549
1378 314 1702 372 HISTORIA
1740 306 2288 368 ECCLESIASTICA.
2329 341 2398 351 —
2437 310 2565 365 LIB.
2608 302 2735 367 VIII.
2930 345 2942 358 .
3287 372 3296 381 .
3544 305 3684 361 1550

422 447 546 504 wh;
575 440 861 509 ἀσώματον
890 437 980 491 τεὸν
1025 435 1157 490 Θεδν
1185 432 1552 507 ὁριζομένους,
1590 427 1995 502 Ὠριγενιαστὰς
2023 483 2028 493 ί

2113 442 2313 482 nocere
2344 435 2531 497 posset
2560 424 2878 482 hominibus
2916 425 3008 496 qui
3046 424 3183 480 nihil
3222 422 3600 494 possidebant,
3629 436 3684 478 et

424 529 731 585 ἀπεκάλουν
752 545 763 559 ·
796 531 843 582 oi
892 529 971 594 δὲ,
1021 522 1655 599 ’Λνθρωπομορφιανοὺς,
1687 521 1813 583 τοὺς
1845 520 1998 572 ἐναν-

2103 519 2200 588 qui
2248 518 2432 572 omnia
2490 527 2692 589 praeter
2746 517 3157 589 philosophiam
3220 515 3682 588 aspernabantur.

424 621 555 683 τίως
588 618 936 691 φρονοῦντας.

2106 609 2349 679 quietem
2392 608 2614 663 illorum
2648 609 2874 664 turbare
2921 609 3136 664 statuit.
3186 608 3254 664 Et
3304 607 3564 679 quoniam
3620 619 3687 660 ex

428 717 802 782 sermonibus,
833 730 976 786 quos
1028 729 1154 769 cum
1199 713 1307 767 illis
1360 711 1628 766 habuerat
1676 708 1807 762 dum
1863 706 2007 776 apud
2050 707 2229 777 ipsum
2270 715 2477 771 essent,
2506 715 2670 761 norat
2705 706 2848 770 illos,
2878 710 3068 774 utpote
3130 698 3384 771 Origeais
3453 704 3695 755 sectato~

428 824 537 873 res,
575 807 886 878 opinionem
924 807 1140 861 illorum
1187 804 1282 875 qui
1347 803 1518 857 Deum
1595 799 1838 853 humana
1898 795 2074 851 forma
2146 795 2435 866 praeditum
2479 811 2602 852 esse
2651 796 2908 852 dicebant
2949 792 3367 863 reprehendere,
3415 789 3692 846 commisit

429 918 526 958 eos
552 917 675 955 cum
721 899 1069 955 multitudine
1116 897 1508 951 monachorum
1540 891 1634 963 qui
1665 891 1825 946 aliter
1872 888 2207 945 sentiebant.
2252 887 2394 945 Hine
2425 904 2558 946 vero
2628 888 2955 967 gravissima
3019 884 3302 942 contentio
3364 884 3505 937 inter
3571 896 3692 935 mo-

436 993 646 1047 nachos
700 999 919 1061 exorta‘
955 997 1059 1044 est.
1114 988 1303 1059 Neque
1354 985 1499 1042 enim
1563 983 1883 1055 compositis
1947 983 2014 1038 ad
2056 980 2380 1039 modestiam
2410 982 2880 1054 disputationibus
2902 980 3230 1049 persuadere
3295 976 3399 1033 sibi
3456 975 3689 1030 invicem

430 1082 791 1146 conabantur,
823 1070 918 1137 sed
960 1082 1165 1136 mutuis
1206 1095 1265 1135 se
1298 1079 1565 1135 conviciis
1634 1079 2007 1133 incessebant.
2048 1075 2230 1146 Atque
2267 1077 2322 1130 bi
2357 1075 2603 1146 quidem,
2628 1091 2725 1132 eos
2758 1076 2852 1147 qui
2880 1074 3051 1129 Deum
3082 1071 3469 1142 incorporeum
3534 1080 3689 1122 asse-

430 1177 646 1239 rebant,
675 1174 1016 1246 Origenistas
1047 1175 1315 1229 vocabant
1343 1192 1356 1227 :
1388 1174 1466 1227 illi
1498 1187 1628 1228 vero
1652 1188 1749 1228 eos
1776 1171 1872 1243 qui
1895 1180 2085 1227 contra
2120 1171 2410 1237 sentirent,
2435 1170 3101 1241 Anthrop'omorphianos.

1124 1268 1283 1321 ΦΔΛ.
1323 1265 1425 1320 II".
2707 1262 2730 1317 (

2707 1261 2862 1317 CAP.
2909 1258 3045 1315 XIII.

1024 1268 1283 1321 ΚΕΦΔΛ.
1323 1268 1425 1320 II".

442 1349 542 1425 Ὠς
596 1360 650 1411 al
692 1358 862 1411 αὐτοὶ
911 1357 1133 1423 Μακροὶ
1183 1356 1281 1410 διὰ
1329 1356 1436 1408 τὸν
1486 1354 1670 1423 ζῆλον
1730 1355 2020 1422 Ἰωάννου,

504 1427 664 1469 ιη’ντῶ
691 1426 1110 1469 προηνωηηῧιτι
1130 1440 1143 1453 ⁸
1178 1427 1272 1469 νηὶ
1300 1426 1379 1469 ὡρ
1411 1426 1688 1469 ἐντε-ῧθρν
1709 1423 2023 1469 ἀνθρσθρὶρ

2707 1268 2862 1317 CAP.
2909 1268 3046 1315 XIII.

2119 1352 2395 1419 Quomodo
2430 1353 2595 1407 iidem
2642 1352 2886 1407 monachi
2932 1351 3000 1403 ad
3037 1349 3296 1403 Joannem
3338 1348 3688 1417 confugerint,

2186 1424 2248 1469 ob
2299 1423 2624 1469 simrularem
2679 1424 2792 1469 eius
2850 1424 3095 1469 uirtutem
3136 1434 3154 1469 :
3192 1428 3241 1469 et
3291 1420 3550 1469 auomodo
3592 1417 3688 1469 hac

504 1423 664 1493 ὰύτῷ
687 1426 1143 1496 προσχωροῦσι·
1178 1427 1273 1479 καὶ
1300 1426 1379 1491 ὡς
1411 1426 1688 1479 ἐντεῦθεν
1709 1423 2023 1495 ἀχθεσθεὶς
2186 1424 2248 1476 ob
2299 1423 2624 1493 singularem
2679 1424 2792 1488 eius
2850 1424 3095 1476 virtutem
3136 1434 3154 1472 :
3192 1428 3241 1472 et
3291 1423 3550 1498 quomodo
3592 1423 3690 1470 hac

507 1500 815 1567 Θεόφιλος,
855 1497 1006 1550 κατὰ
1047 1494 1323 1549 Ἰωάννου
1357 1494 1675 1556 ὀπλίζεται.
2192 1493 2469 1614 sui?“
2524 1492 2838 1560 Theophilus
2890 1491 3142 1545 adversus
3196 1485 3458 1543 Joannem
3513 1504 3691 1540 insur-

2192 1572 2406 1616 rexerit.

505 1654 825 1725 Δίσθόμενοι
868 1652 924 1704 δὲ
966 1650 1065 1721 τῆς
1114 1647 1402 1718 ἐπιϐουλῆς
1448 1648 1498 1700 οἱ
1546 1648 1677 1718 περὶ
1720 1646 2008 1713 Διόσκορον

2189 1650 2364 1707 Porro
2394 1651 2694 1709 Dioscorus
2719 1659 2773 1708 et
2796 1649 3119 1708 Ammonius
3143 1667 3208 1706 ac
3248 1652 3466 1723 reliqui,
3496 1653 3689 1722 cogni-

434 1748 530 1803 καὶ
560 1744 887 1817 Ἀμμώνιον,
915 1742 1267 1813 ἀνεχώρησαν
1300 1740 1380 1802 εἰς
1414 1738 1790 1810 Ἰεροσόλυμα·
1830 1738 2018 1792 κάκεῖ-

2081 1740 2089 1788 ι
2116 1741 2186 1797 tis
2207 1740 2492 1813 Theophili
2516 1743 2752 1810 insidiis,
2778 1740 3208 1813 Hierosolymam
3230 1759 3288 1799 se
3309 1743 3687 1799 contulerunt:

435 1839 526 1893 θεν
571 1839 651 1900 είς
700 1834 1030 1889 Σκυθόπολιν
1059 1834 1084 1873 ι
1115 1828 1282 1903 ἧκον,
1328 1829 1639 1901 ἐπιτηδείαν
1679 1828 2020 1899 ἡγησάμενοι

2123 1841 2287 1903 atque
2327 1833 2457 1887 inde
2489 1842 2852 1904 perrexerunt
2887 1831 3298 1905 Scythopolim;
3343 1835 3690 1890 commodum

434 1932 532 2002 τὴν
571 1928 753 1984 ἐνθάδε
798 1927 1009 1999 οἴκησιν
1056 1924 1145 1978 διὰ
1193 1925 1316 1986 τοὺς
1373 1922 1600 1984 πολλοὺς
1642 1919 1908 1989 φοίνικας,
1946 1911 2021 1975 ὧν

2121 1921 2227 1977 sibi
2264 1921 2385 1993 ejus
2412 1922 2519 1977 loci
2547 1923 2888 1978 domicilium
2919 1922 3038 1978 fore
3068 1923 3339 1989 arbitrati,
3371 1923 3445 1980 ob
3481 1923 3692 1993 copiam

436 2024 550 2085 τοῖς
586 2019 801 2090 φύλλοις
840 2017 1080 2088 ἐχρῶντο
1107 2014 1243 2085 πρὸς
1274 2012 1343 2067 τὰ
1379 2011 1606 2065 εἰωθότα
1630 2012 1744 2074 τοῖς
1769 2013 2021 2081 μοναχοίς

2118 2012 2449 2084 palmarum,
2473 2024 2706 2083 quarum
2737 2013 2886 2070 loliis
2911 2014 2976 2069 ad
3008 2023 3272 2071 consueta
3299 2014 3694 2069 monachorum

439 2111 595 2182 ἔργα.
628 2110 858 2164 Εἴποντο
893 2108 1002 2177 γὰρ
1033 2106 1214 2168 αὐτοῖς
1257 2103 1402 2173 ἀμφὶ
1433 2101 1624 2171 ἄνδρες
1668 2100 2015 2171 ὀγδοήκοντα.

2118 2119 2290 2174 opera
2317 2104 2636 2161 utebantur.-
2667 2104 3052 2177 Sequebantur
3081 2106 3227 2162 enim
3257 2105 3383 2162 illos
3408 2105 3508 2161 Viri
3533 2106 3696 2162 circi-

450 2204 538 2257 Ἐν
573 2202 747 2272 τούτῳ
776 2200 833 2254 δὲ
861 2198 1118 2267 Θεόφιλος
1168 2195 1376 2266 πέμπει
1420 2193 1574 2257 τινὰς
1613 2193 1694 2257 είς
1724 2194 2017 2246 Κώνσταν-

2118 2204 2203 2253 ter
2228 2197 2527 2267 octoginta.
2549 2196 2754 2253 Eodem
2785 2206 3034 2269 tempore
3058 2192 3394 2270 Theophilus
3421 2200 3692 2271 quosdam

437 2290 760 2355 τινούπολιν,
796 2290 911 2360 ἅμα
942 2305 1001 2341 τε
1045 2287 1163 2340 κατ’
1206 2284 1386 2340 αὐτῶν
1427 2280 1680 2345 διαϐολὰς
1728 2298 2018 2352 προπαρα-

2117 2288 2844 2360 misitCoustantinopolim,
2874 2290 2970 2360 qui
3000 2296 3057 2344 et
3089 2291 3401 2347 calumnias
3429 2293 3696 2349 adversus

441 2385 830 2445 σκευάσοντας,
857 2380 951 2434 irai.
980 2380 1028 2432 εί
1060 2377 1322 2449 βασιλέως
1348 2377 1475 2448 περί
1502 2392 1595 2428 του
1624 2374 1842 2437 δέοιντο,
1870 2374 2019 2426 ἀντι-

2118 2377 2244 2435 illos
2286 2389 2714 2449 praestruerent,
2744 2388 2799 2435 et
2839 2381 2886 2437 si
2927 2381 3057 2451 quid
3113 2381 3193 2436 illi
3252 2383 3322 2438 ab
3367 2384 3697 2454 imperatore

439 2473 762 2545 πράξοντας.
789 2470 1063 2531 Μαθόντε;
1090 2468 1146 2521 δὲ
1172 2466 1297 2521 τάδε
1324 2468 1370 2519 οἱ
1398 2466 1538 2536 ἀμφὶ
1562 2464 1652 2518 τὸν
1689 2461 2016 2533 Ἀμμώνιον,

2118 2478 2396 2540 peterent,
2458 2471 2563 2542 ipsi
2622 2472 2979 2527 obsisterent.
3042 2471 3175 2538 Quae
3223 2488 3348 2528 eum
3410 2474 3695 2531 didicisset

440 2565 788 2621 ἀπέπλευσαν
838 2564 919 2626 είς
960 2557 1556 2614 Κωνσταντινούπολιν·
1592 2556 1688 2609 σὺν
1729 2555 1913 2618 αὐτοῖς
1958 2554 2017 2606 δὲ

2118 2564 2516 2620 Ammoniuset
2545 2566 2638 2634 qui
2672 2578 2795 2619 cum
2826 2565 2920 2620 illo
2950 2571 3127 2628 erant,
3160 2564 3693 2637 Constantinopolim

440 2656 535 2709 atati.
575 2653 859 2722 Ἰσίδωρος.
916 2652 1084 2719 Κοινῇ
1130 2665 1190 2702 τε
1235 2645 1586 2710 ἐσπούδαζον,
1618 2644 1768 2716 παρὰ
1811 2644 2020 2716 βασιλεῖ

2118 2655 2478 2725 navigarunt,
2516 2657 2816 2711 comitante
2849 2671 2945 2711 eos
2968 2655 3198 2712 Isidoro.
3228 2655 3522 2727 Juactique
3552 2661 3695 2715 inter

440 2746 599 2814 κριτῇ
633 2744 725 2795 καὶ
767 2737 988 2814 Ἰωᾶννῃ
1010 2740 1087 2810 τῲ
1122 2737 1405 2808 ὲπισκόπῳ
1436 2735 1749 2806 ἐλέγχεσθαι
1772 2736 1871 2799 τὰς
1897 2737 2016 2789 κατ’

2119 2762 2201 2813 se,
2242 2747 2296 2801 id
2338 2746 2599 2817 perficere
2634 2748 2953 2813 stmlebant,
3024 2756 3087 2802 ut
3131 2763 3315 2803 coram
3362 2752 3693 2821 imperatore

439 2836 619 2889 αὐτῶν
667 2833 979 2895 ἐπιϐουλάς.
1030 2833 1219 2903 ’ῼοντο
1269 2831 1376 2901 γὰρ
1444 2829 1653 2883 ἐνδίκου
1709 2829 2019 2901 παρρησίας

2115 2836 2323 2907 judice,
2343 2845 2398 2892 et
2423 2836 2634 2895 Joanne
2662 2839 2939 2909 episcopo,
2969 2838 3178 2893 insidiae
3205 2839 3340 2909 ipsis
3364 2850 3695 2912 comparata

440 2930 600 2981 αὖτ“.ν
654 2925 1102 2997 ἐπιμελούμενον,
1155 2922 1413 2978 δύνασθαι
1463 2922 1531 2975 τὰ
1575 2922 1755 2975 δίκαια
1805 2923 2019 2993 βοηθεῖν

2119 2929 2595 2987 convincerentur.
2620 2930 2837 2985 Etenim
2860 2930 3270 2985 arbitrabantur
3296 2931 3462 2997 hunc,
3490 2941 3684 3004 utpote

440 3020 642 3085 αὐτοῖς.
678 3017 734 3070 '0
761 3016 843 3080 δὲ,
874 3014 1263 3086 προσελθόντας
1291 3013 1438 3083 αὐτῷ
1475 3013 1600 3076 τοὺς
1640 3013 1839 3081 ἄνδρας
1868 3013 2019 3082 φιλο-

2115 3014 2277 3084 justa:
2308 3017 2581 3073 libertatis
2614 3018 2944 3083 studiosum,
2980 3019 3033 3073 in
3068 3018 3135 3075 iis
3165 3032 3289 3090 quae
3314 3020 3466 3090 jttsta
3504 3032 3693 3079 essent

688 3068 931 3175 ἐδέξατο,ι
956 3107 1049 3160 καὶ
1079 3108 1137 3161 ἐν
1181 3068 1311 3176 τιμῇ
1343 3068 1477 3175 εἴγε,
1638 3068 1894 3173 εὔχεσθαί
1924 3102 2018 3156 ἐπὶ
2046 3085 2048 3108 ¹

2115 3068 2159 3084 ,ν
2309 3068 2377 3073 --η
2426 3068 2577 3073 πη-
2615 3068 2944 3083 --πη-μη,
3068 3068 3133 3075 ---
3167 3068 3287 3090 -ιη
3314 3068 3466 3090 ..π--
3506 3068 3694 3079 νην-η

2125 3120 2286 3177 posse
2341 3108 2478 3178 ipsis
2532 3110 2813 3180 opitulari.
2855 3109 3099 3167 Joannes
3150 3126 3282 3167 vero
3336 3112 3461 3169 illos
3518 3115 3586 3169 ad
3636 3127 3697 3170 se

441 3202 732 3272 ἐκκλησίας
780 3200 840 3253 ού
887 3198 1210 3252 διεκώλυσεο
1274 3198 1547 3250 κοινωνεῖν
1587 3196 1641 3249 δὲ
1705 3195 2017 3266 μυστηρίων

2123 3198 2406 3256 venientes
2474 3200 2707 3271 benigne
2764 3202 3013 3270 excepit,
3092 3210 3148 3258 et
3214 3204 3271 3258 in
3343 3206 3521 3275 pretio
3593 3206 3696 3259 lia-

441 3296 624 3358 αὐτοῖς
652 3295 750 3363 οὐχ
773 3293 1038 3364 ἡγήσατο,
1069 3290 1144 3354 ώς
1169 3289 1230 3342 οὐ
1262 3288 1479 3359 Θεμιτδν
1529 3288 1634 3359 πρὸ
1677 3287 2017 3356 διαγνώσεως

2123 3287 2287 3349 buit,
2359 3295 2414 3343 et
2501 3290 2557 3343 in
2617 3291 2850 3345 ecclesia
2926 3306 3086 3347 orare
3155 3309 3497 3365 nequaquam
3566 3310 3699 3367 pro-

440 3387 597 3440 τοῦτο
622 3388 814 3439 ποιεῖν.
850 3382 1095 3454 Ἔγραψε
1132 3382 1191 3435 δὲ
1216 3380 1476 3450 Θεοφίλῳ,
1514 3380 1796 3433 κοινωνίαν
1836 3380 2019 3442 αὐτοῖς

2124 3379 2324 3433 hihuit.
2379 3377 2518 3435 Cum
2564 3381 2671 3436 illis
2733 3391 2914 3438 tamen
2972 3385 3396 3457 haudquaquam
3455 3401 3700 3443 commu-

442 3478 735 3533 ἀποδοῦναι
794 3477 868 3539 ὡς
913 3474 1088 3546 ὀρθῶς
1135 3472 1261 3543 περὶ
1309 3472 1443 3524 Θεοῦ
1492 3470 1825 3535 δοξάζουσιν,
1874 3471 2018 3525 εἰδὲ

2127 3471 2424 3551 nicandum
2482 3474 2585 3529 sibi
2634 3491 2757 3531 esse
2807 3478 3170 3545 existimavit,
3214 3489 3502 3550 propterea
3549 3481 3698 3555 quod

439 3572 565 3641 δίκῃ
594 3570 703 3623 δέοι
730 3568 1008 3640 κρίνεσθαι
1056 3566 1123 3619 τὰ
1171 3566 1288 3618 κατ’
1319 3564 1537 3628 αὐτοὺς,
1579 3563 1928 3616 ἀποστέλλειν
1958 3562 2016 3616 ὃν

2124 3571 2255 3618 ante
2275 3577 2496 3618 causam
2523 3566 2798 3635 cognitam
2825 3566 2878 3619 id
2910 3566 3025 3621 ﬁeri
3053 3582 3161 3621 non
3188 3568 3396 3623 liceret.
3415 3568 3574 3640 3&3
3593 3570 3703 3622 (Ia:-

442 3662 590 3731 αὑτῴ
637 3661 782 3714 δοκεῖ
823 3657 1195 3729 δικασόμενον.
1236 3656 1292 3709 Ὀ
1339 3656 1416 3718 δὲ,
1462 3654 1612 3707 οὐδὲν
1658 3655 2015 3723 ἁντεδήλωσε.

2126 3664 2304 3709 terum
2356 3655 2575 3725 scripsit
2624 3655 2956 3725 Theophilo,
3004 3665 3062 3711 ut
3106 3658 3547 3712 communionem
3588 3657 3700 3711 illis

444 3752 648 3823 Χρόνου
689 3750 743 3803 δὲ
783 3748 976 3803 πολλοῦ
1022 3746 1421 3816 διαγενομένου,
1455 3744 1716 3817 προῖούσῃ
1756 3748 1821 3815 τῇ
1867 3744 2018 3814 βασι-

2125 3744 2460 3807 restitueret,
2488 3745 2688 3815 quippe
2726 3748 2818 3816 qui
2849 3747 2918 3801 de
2950 3747 3060 3801 Deo
3094 3757 3242 3804 recte
3286 3749 3587 3804 sentirent:
3615 3750 3701 3804 vel

445 3845 580 3907 λέως
607 3843 816 3912 γαμετῇ
854 3840 1153 3911 προσῆλθον
1181 3841 1231 3893 oi
1264 3839 1406 3909 ἀμφὶ
1440 3838 1769 3908 Ἀμμώνιον,
1792 3836 1863 3890 τὰ
1884 3837 2017 3915 ,κατ’

2125 3833 2171 3889 si
2196 3848 2423 3888 causam
2468 3851 2660 3889 eorum
2698 3836 2752 3889 in
2775 3835 2985 3906 judicio
3019 3828 3435 3892 examinandam
3462 3847 3697 3908 putaret,

443 3933 622 3987 αὐτῶν
681 3931 1073 4002 βεϐουλευμένα
1117 3931 1357 4001 Θεοφίλῳ
1410 3929 1766 4000 μεμφόμενοι.
1825 3926 1890 3982 Ἢ
1938 3927 2015 3990 δὲ,

2124 3924 2367 3979 mitteret
2395 3926 2636 3995 aliquem
2670 3928 2762 3996 qui
2800 3930 3142 3983 accusatoris
3170 3937 3350 3998 partes
3378 3930 3696 3985 sustineret.

445 4023 922 4086 ἑπιϐουλευθέντας
964 4023 1162 4083 αὐτοὺς
1211 4021 1424 4091 ᾔσθετο,
1468 4021 1560 4073 καὶ
1602 4020 1817 4090 τιμῶσα
1861 4019 2014 4089 ἔστη.

2125 4010 2326 4067 Verum
2368 4015 2704 4084 Theophilus
2732 4017 2868 4069 nihil
2916 4017 3219 4086 rescripsit.
3271 4017 3468 4086 Elapso
3503 4018 3701 4071 deinde

445 4118 553 4170 Kal
595 4114 921 4186 προκύψασα
968 4112 1060 4165 τοῦ
1100 4112 1374 4181 βασιλικοῦ
1414 4113 1709 4182 ὀχήματος,
1759 4110 2017 4164 ἐπένευσε

2124 4101 2269 4157 haud
2301 4105 2515 4160 modico
2548 4114 2813 4177 tempore,
2850 4123 2975 4162 cum
3020 4110 3266 4179 Augusta
3313 4110 3367 4164 in
3415 4109 3696 4180 publicum

444 4205 508 4269 τῇ
538 4201 773 4270 κεφαλῇ·
808 4199 922 4262 καὶ,
968 4198 1271 4265 Εὑλογείτε,
1313 4197 1436 4269 ἔφη,
1472 4201 1564 4252 καὶ
1602 4198 1825 4270 εὔχεσθε
1877 4199 2017 4271 ὑπὲρ

2124 4194 2465 4270 procederet,
2499 4195 2825 4251 accedentes
2854 4197 2921 4251 ad
2953 4212 3072 4251 eam
3113 4199 3206 4267 qui
3250 4213 3375 4251 cum
3406 4199 3698 4253 Ammonio

446 4291 708 4360 βασιλέως
736 4290 829 4345 καὶ
859 4290 1013 4359 ἐμοῦ,
1055 4292 1148 4342 καὶ
1199 4290 1303 4342 τῶν
1353 4292 1636 4360 ἡμετέρων
1672 4292 1895 4356 παίδων,
1924 4292 2018 4344 καὶ

2124 4296 2306 4352 erant,
2333 4288 2400 4343 de
2429 4286 2648 4343 insidiis
2674 4302 2812 4357 quas
2845 4286 3181 4358 Theophilus
3224 4289 3359 4358 ipsis
3405 4290 3700 4346 struxisset

443 4383 539 4449 τῆς
568 4382 758 4451 ἀρχῆς.
802 4382 955 4451 Ἐμοὶ
992 4380 1047 4433 δὲ
1085 4382 1141 4434 ἐν
1184 4382 1334 4452 τάχει
1382 4383 1603 4453 μελήσει
1649 4384 1890 4446 συνόδου,
1924 4385 2019 4436 καὶ

2090 4426 2101 4469 γ
2129 4380 2420 4449 conquesti
2448 4387 2594 4434 sunt.
2631 4379 2727 4433 Illa
2757 4394 2882 4433 cum
2917 4395 3013 4435 eos
3042 4382 3257 4436 insidiis
3288 4382 3696 4436 circumventos

444 4472 541 4540 τῆς
584 4469 838 4539 Θεοφίλου
885 4469 1140 4538 ἀφίξεως.
1194 4472 1299 4523 Καὶ
1346 4474 1378 4541 ή
1427 4473 1521 4542 μὲν
1553 4473 1676 4525 τάδε
1702 4474 2017 4538 ἐσπούδαζε.

2127 4487 2250 4527 esse
2284 4471 2452 4540 probe
2484 4471 2669 4535 sciret,
2702 4470 2930 4527 honoris
2961 4486 3127 4527 causa
3150 4474 3416 4527 substitit.
3448 4473 3511 4526 Et
3543 4483 3696 4529 extra

447 4561 686 4623 Ψευδοῦς
730 4561 785 4613 δὲ
827 4562 1017 4632 φήμης
1063 4562 1121 4613 ὲν
1164 4561 1534 4632 Ἀλεξανδρείᾳ
1577 4564 1901 4634 κρατούσης,
1945 4565 2021 4629 ὡς

2127 4562 2412 4632 imperiale
2456 4560 2767 4615 vehiculum
2814 4562 3182 4633 prospiciens,
3215 4566 3393 4633 capite
3438 4564 3697 4618 inclinato

447 4652 797 4721 ἐκοινώνησεν
838 4652 1086 4722 Ἰωάννης
1114 4654 1225 4715 τοῖς
1261 4656 1386 4723 περὶ
1425 4654 1730 4725 Διόσκορον,
1767 4657 1858 4709 καὶ
1886 4674 2020 4728 προ-

2126 4655 2363 4709 annuit:
2394 4652 2727 4718 Benedicite,
2763 4652 3039 4724 inquiens.
3080 4663 3132 4709 et
3166 4664 3318 4711 orate
3348 4671 3445 4726 pro
3473 4657 3698 4727 impera-

448 4746 695 4813 θυμεῖται
750 4744 922 4797 πάντα
970 4745 1180 4814 βοηθεῖν
1213 4746 1413 4809 αὐτοῖς,
1453 4746 1702 4799 διενοεῖτο
1747 4748 2017 4816 Θεόφιλος,

2124 4753 2263 4807 tore,
2292 4750 2346 4799 et
2377 4760 2474 4813 pro
2509 4759 2595 4799 me
2639 4759 2704 4799 ac
2751 4745 2938 4800 liberis
2994 4747 3149 4811 meis,
3202 4757 3254 4801 et
3298 4762 3398 4816 pro
3448 4749 3692 4817 imperio.

449 4835 601 4888 εἵπου
622 4828 832 4886 δύναιτο
861 4835 990 4905 (48),
1015 4838 1107 4889 καὶ
1132 4836 1293 4889 αὐτὸν
1322 4836 1571 4907 Ἰωάννην
1596 4836 1693 4905 τῆς
1722 4837 2020 4908 ἐπισκοπῆς

2125 4840 2239 4908 Ego
2264 4837 2407 4892 dabo
2440 4839 2682 4905 operam,
2713 4838 2770 4889 ut
2804 4836 3044 4906 synodus
3073 4837 3221 4891 brevi
3258 4847 3606 4900 convocetur,
3643 4847 3697 4891 et

449 4923 715 4978 καθελεῖν.
2126 4926 2461 4996 Theophilus
2513 4925 2622 4980 huc
2663 4925 2868 4980 veniat.
2910 4916 2976 4980 Et
3027 4931 3274 4998 Augusta
3312 4929 3530 4998 quidem
3580 4927 3698 4981 haec

452 5015 567 5068 ticri
636 5016 981 5084 procurabat.
1050 5015 1389 5071 Alexandria:
1426 5028 1586 5077 vero,
1639 5027 1763 5067 cum
1812 5014 1982 5070 falsus
2021 5029 2211 5069 rumor
2235 5010 2867 5077 invaluisset,Joanuem
2909 5028 3035 5068 eum
3101 5014 3363 5071 Dioscoro
3427 5031 3492 5070 ac
3567 5015 3695 5069 reti-

1650 5169 1919 5225 V'ALESII
1957 5169 2521 5227 ANNOTATIONES.

523 5264 635 5332 (48)
672 5265 743 5315 El
783 5279 899 5318 που
924 5264 1186 5318 δύναιτο.
1225 5260 1283 5317 In
1316 5262 1503 5318 codice
1538 5262 1843 5318 Fuketiano
1871 5265 2129 5333 scriptum

1838 5284 1843 5312 ι
1871 5265 2138 5333 scriptum
2182 5266 2366 5319 inveni
2407 5266 2460 5318 εἴ
2492 5283 2568 5335 πη
2598 5267 2833 5333 δύναιτο,
2863 5265 3007 5336 quod
3048 5267 3220 5337 magis
3248 5266 3444 5335 placet.

1890 5416 2277 5474 VARIOBUM.

524 5511 546 5548 ιι
591 5510 984 5562 Σκυθόπολιν.
1026 5508 1369 5578 Scytlmpolis
1398 5547 1418 5578 ,ί
1453 5508 1584 5563 urbs
1634 5508 1806 5577 Syriae
1850 5509 2010 5565 Carae
2121 5511 2336 5573 vincia,
2398 5514 2451 5563 et
2495 5509 2548 5562 iu
2582 5524 2677 5563 ora
2732 5510 3078 5565 meridionali
3135 5510 3283 5578 lacus
3318 5504 3690 5578 _Gencsarctli,

454 5595 481 5631 a
515 5579 804 5651 Ptolemaeo
837 5594 947 5651 per
990 5574 1247 5651 errorem
1285 5577 1545 5651 θερί-ἤρξω,
1602 5594 1630 5631 a
1676 5574 1912 5647 llosepho
1955 5589 2011 5634 et
2122 5597 2216 5635 seu
2252 5581 2419 5632 maris
2446 5578 2713 5651 Galilaeaa,
2764 5581 2854 5651 ubi
2910 5597 2975 5634 ex
3004 5595 3069 5634 eo
3114 5574 3563 5651 elﬂuitdortlauis
3595 5574 3692 5626 liu-

453 5651 711 5703 uiunibus
759 5643 880 5699 aliis
913 5647 1213 5700 Palaestinam
1263 5643 1559 5711 tribuitur,
1619 5643 1844 5716 eratque
1881 5652 2010 5702 olim
2121 5652 2269 5702 vius.
2316 5651 2471 5702 Dicta
2522 5648 2627 5702 fuit
2656 5651 2785 5702 OIIlIl
2827 5650 3083 5713 Bethsan,
3123 5655 3174 5700 et
3224 5659 3252 5696 a
3298 5643 3477 5697 I‘iinio
3523 5643 3692 5713 Nysa.

456 5722 511 5773 iu
540 5718 760 5772 dimidia
796 5717 939 5770 tribu
990 5717 1255 5781 Man-asse,
1293 5725 1478 5784 postea
1514 5718 1566 5769 in
1606 5716 1844 5770 Samaria
1880 5735 2009 5790 pro-
2127 5720 2461 5787 Burnmann,
2506 5718 2829 5776 Caunus.
