4040 6336
403 374 540 430 ίέἰὸδ

1359 374 1679 431 HISTORIA
1719 376 2283 435 ECCLESIASTICA.
2327 412 2396 420 —
2424 379 2549 434 LIB.
2584 380 2719 434 VIII.

3524 381 3659 434 1553.4

398 490 496 556 ξας
527 492 647 555 ταῖς
695 491 816 546 κατ’
859 492 1020 547 αὐτοῦ
1068 494 1338 558 διαϐολαῖς
1359 509 1373 522 ο
1405 496 1743 566 προτραπεὶς
1777 495 1884 566 γὰρ
1932 497 1988 547 ὲν

2095 503 2203 550 tur.
2245 488 2353 550 Nec
2396 496 2570 550 multo
2609 503 2733 564 post
2782 489 3136 560 Epiphanius,
3174 507 3297 546 cum
3342 490 3552 561 primus
3599 503 3668 543 ex

397 584 693 654 οικὴμασιν
764 586 1234 656 ὲκκλησιαστικοῖς
1308 586 1666 656 καταμένειν,
1739 587 1836 641 οὐκ
1895 590 1988 656 ἠν-

403 671 615 742 έσχετο.
656 671 763 728 Καὶ
808 675 1059 746 Ἰωάννης
1097 676 1199 744 μὲν
1236 679 1318 741 εἰς
1344 676 1538 731 ταυτὸν
1572 677 1844 732 συνελθεῖν
1876 676 1988 747 (52)

398 761 677 832 ἀπέφυγεν
701 781 717 797 ο
771 765 876 838 ίδίᾳ
921 767 978 820 δὲ
1025 767 1307 836 συγκαλῶν
1343 770 1469 833 τοὺς
1516 768 1884 839 ἐνδημοῦντας
1922 771 1986 822 ἐν

403 860 970 917 Κωνσταντινουπόλει
1002 866 1364 930 ἐπισκόπους,
1414 867 1693 921 ἐπεδείκνυ
1726 866 1796 921 τὰ
1819 867 1989 937 ψηφι-

402 949 593 1003 σθέντα
634 953 773 1005 κατὰ
805 952 915 1007 τῶν
948 956 1252 1026 Ὢριγένους
1293 956 1488 1025 λόγων.
1530 958 1640 1012 Καί
1677 974 1830 1021 τινας
1860 959 1985 1010 επις

400 1041 747 1111 ψηφίσασθαι
794 1043 1039 1099 ἔπεισεν·
1094 1050 1142 1101 οί
1199 1049 1256 1101 δὲ
1306 1049 1523 1113 πλείους
1578 1050 1981 1122 παρῃτήσαντο.

400 1134 660 1206 Θεότιμος
686 1135 744 1188 δὲ
765 1135 794 1187 ὁ
820 1136 1053 1201 Σκυθίας
1086 1139 1399 1205 ἐπίσκοπος,
1427 1141 1521 1195 καὶ
1549 1142 1803 1213 ἄντικρυς
1840 1144 1988 1195 Ἐπιε-

402 1226 593 1294 φανίου
635 1226 938 1297 καθήψατο.
972 1227 1109 1283 Οὔτε
1167 1230 1276 1302 γὰρ
1331 1231 1434 1303 ἔφη
1486 1233 1630 1286 ὅσιον
1682 1229 1841 1298 εἶναι,
1894 1232 1987 1287 τὸν

402 1317 568 1370 πάλαι
620 1319 1041 1390 τετελευτηκότα
1111 1322 1388 1395 ὑϐρίζειν⁸
1456 1322 1581 1377 οὔτε
1639 1322 1988 1394 βλασφημίας

402 1406 578 1471 ἐκτὸς,
606 1408 704 1480 τὴν
751 1410 861 1465 τῶν
906 1412 1277 1486 παλαιοτέρων
1310 1416 1613 1471 διαϐάλλειν
1645 1418 1845 1485 κρίσιν,
1894 1419 1988 1472 καὶ

400 1496 472 1550 τὰ
518 1499 650 1571 παρ’
695 1501 918 1555 ἐκείνων
971 1503 1404 1578 δεδοκιμασμένα
1436 1509 1690 1565 κάθετεῖν.
1724 1510 1874 1580 ’Ἅμα
1928 1527 1988 1562 τε

402 1587 598 1656 λέγων,
646 1591 738 1644 καὶ
788 1591 991 1662 βιϐλίον
1035 1612 1087 1648 τι
1132 1596 1239 1651 τῶν
1291 1597 1596 1671 Ὠριγένους
1647 1603 1991 1672 προκομίσας

402 1679 633 1751 διεξῄει·
675 1683 768 1736 καὶ
813 1684 1044 1757 χρειώδη
1084 1689 1203 1751 ταῖς
1238 1690 1585 1762 Ἐκκλησίαις
1629 1690 1699 1746 τά
1750 1691 1989 1763 ἀνεγνω-

405 1771 579 1840 σμένα
626 1771 825 1839 δείξας,
858 1776 1112 1844 Ἄτοπον,
1152 1778 1277 1849 ἔφη,
1308 1780 1668 1852 ὑπομένουσιν
1720 1784 1769 1836 οἱ
1814 1782 1991 1838 ταῦτα

402 1860 794 1946 διαϐάλλοντες.
826 1847 1210 1923 Κινδυνεύουσι
1238 1847 1345 1943 κὰρ
1368 1847 1540 1927 ταῦτα
1571 1872 1830 1946 ὑϐρίζειν,
1859 1875 1993 1946 περὶ
2024 1847 2065 1901 Β

403 1942 478 2003 ὧν
508 1953 558 2004 οῖ
588 1951 754 2022 λόγοι.
789 1955 847 2009 '0
878 1955 936 2009 δὲ
977 1958 1246 2031 Ἰωάννης,
1277 1942 1343 2015 δι’
1384 1962 1565 2027 αίδοῦς
1592 1942 1740 2035 εἷάεν
1776 1964 1856 2018 ἔτι
1900 1942 1992 2018 ei».

420 2044 758 2113 Ἐπιιράνιον,
803 2047 900 2102 καὶ
951 2051 1249 2122 παρεκάλει
1298 2053 1459 2109 αὐτὸν
1490 2052 1990 2126 συνεκκλησιάζειν,

407 2136 499 2189 καὶ
532 2136 778 2193 σύνοικον
812 2139 974 2210 ἔχειν.
1016 2142 1074 2194 '0
1110 2142 1189 2210 δὲ,
1216 2142 1339 2198 οὔτε
1385 2148 1671 2212 συνοικεῖν,
1699 2145 1824 2200 οὔτε
1855 2164 1983 2200 συν-

405 2224 658 2296 εύχεσθαι
681 2228 832 2299 αύτῷ
862 2229 1170 2301 ἀντεδήλου,
1202 2232 1251 2285 εί
1286 2232 1361 2304 μὴ
1402 2234 1851 2307 καταψηφίσηται
1881 2235 1989 2289 τῶν

419 2315 725 2386 Ὠριγένους
752 2318 949 2388 λόγων,
980 2320 1073 2374 καὶ
1115 2322 1404 2392 Διόσκορον
1432 2324 1526 2376 καὶ
1557 2325 1686 2388 τοὺς
1720 2325 1816 2378 σὺν
1841 2324 1993 2395 αύτῷ

407 2411 658 2484 ἐξελάσῃ.
698 2413 850 2467 Ἐπεὶ
881 2414 937 2467 δὲ
969 2414 1141 2469 ταῦτα
1169 2418 1341 2470 ποιεῖν
1368 2417 1475 2488 πρὸ
1502 2418 1658 2489 δίκης
1698 2417 1758 2471 ού
1785 2417 1993 2471 δίκαιον

408 2505 592 2572 ἡγεῖτο
630 2505 724 2559 καὶ
757 2505 1098 2573 ἀνεϐάλλετο,
1134 2505 1432 2578 μελλούσης
1465 2508 1829 2562 ἐπιτελεῖσθαι
1866 2525 1995 2561 συν-

407 2594 580 2661 ἀξεως
630 2595 689 2647 ὲν
736 2598 802 2667 τῇ
858 2595 1130 2667 ἐπωνύμῳ
1186 2596 1293 2650 τῶν
1335 2597 1673 2651 Ἀποστόλων
1702 2599 1987 2669 ἐκκλησίᾳ,

412 2685 811 2751 κατεσκεύαζον
849 2686 900 2739 οι
942 2686 1186 2739 Ἰωάννου
1212 2686 1496 2756 δυσμενεῖς
1520 2688 1801 2759 προελθεῖν
1842 2689 1995 2741 Ἐπι-

409 2774 616 2841 φάνιον,
645 2777 738 2829 καὶ
767 2775 1003 2847 δημοσίᾳ
1048 2775 1393 2845 ἀποκηρῦξαι
1441 2777 1532 2829 ἐπὶ
1573 2776 1667 2830 τοῦ
1718 2776 1846 2831 λαοῦ
1898 2780 1996 2843 τὰς

420 2865 725 2937 Ὡριγένους
762 2867 996 2938 βίϐλους,
1048 2868 1141 2920 καὶ
1188 2868 1315 2931 τοὺς
1358 2868 1501 2937 ἀμφὶ
1546 2867 1637 2921 τὸν
1683 2869 1995 2941 Διόσκορον,

407 2959 485 3023 ὡς
527 2959 598 3011 τά
639 2957 830 3012 τούτου
877 2957 1244 3028 φρονοῦντας·
1307 2962 1366 3012 ὲν
1420 2946 1602 3032 ταυτῷ
1647 2960 1706 3013 δὲ
1762 2962 1858 3015 καὶ
1906 2963 1997 3015 τὸν

413 3050 714 3103 ἐπίσκοπον
739 3050 839 3119 τῆς
875 3049 1083 3113 πόλεως
1108 3048 1401 3116 διαϐαλεῖν,
1440 3052 1516 3114 ὼς
1565 3052 1796 3115 ἐκείνοις
1825 3069 1996 3123 προσ-

408 3139 676 3211 κείμενον.
715 3140 823 3193 Καὶ
879 3140 931 3192 οί
980 3141 1077 3211 μὲν
1123 3140 1249 3195 τάδε
1289 3141 1639 3205 ἐσπούδαζον.
1669 3144 1858 3213 ᾭοντο
1881 3144 1994 3216 γὰρ

407 3232 570 3286 αὑτὸν
616 3231 759 3286 οὕτω
816 3233 1169 3304 συγκρούσειν
1238 3234 1376 3305 πρὸς
1420 3237 1481 3288 τὸ
1538 3233 1762 3306 πλῆθος.
1809 3238 1887 3308 Τῇ
1935 3237 1993 3291 δὲ

409 3323 534 3395 ἑξῆς
561 3322 842 3379 ἐπὶτοῦτο
886 3324 1163 3396 προελθὼν
1197 3327 1529 3395 Ἐπιφάνιος,
1561 3328 1727 3397 ἐγγὺς
1755 3328 1855 3400 ήδη
1897 3330 1996 3400 τῆς

414 3416 711 3487 ἐκκλησίας
794 3415 1091 3485 ἐτύγχανεν
1117 3434 1132 3450 ·
1204 3418 1525 3490 ἀπαντήσας
1588 3419 1645 3473 δὲ
1699 3421 1849 3492 αὐτῷ
1894 3422 1995 3475 Σε-

412 3505 618 3576 ραπίων
659 3504 811 3576 παρὰ
849 3506 1095 3559 Ἰωάννου
1143 3505 1468 3570 ἀποσταλεὶς
1514 3506 1732 3578 (ᾔσθετο
1774 3509 1883 3581 γὰρ
1928 3511 2000 3565 τὰ

411 3598 476 3666 τῇ
500 3599 801 3668 προτεραίᾳ
826 3596 1263 3669 βεϐουλευμένα),
1284 3598 1629 3669 ἐμαρτύρατο
1655 3601 1789 3670 μήτε
1816 3601 1999 3658 δίκαια

416 3691 610 3753 ποιεῖν,
647 3691 784 3760 μήτε
831 3690 978 3760 αὐτῷ
1029 3691 1395 3762 συμφέροντα,
1451 3692 1499 3744 εί
1547 3694 1794 3763 ταραχῆς
1825 3696 1882 3747 ἐν
1923 3695 2001 3766 τῷ

417 3781 611 3853 πλήθει
656 3782 689 3852 ἢ
742 3782 984 3847 στάσεως
1030 3784 1379 3854 κινηθείσης,
1430 3784 1589 3847 αὐτὸς
1643 3786 1999 3852 κινδυνεύσει,

416 3872 493 3935 ὡς
519 3873 691 3936 αἴτιος
717 3872 977 3941 γεγονώς.
1028 3873 1138 3927 Καὶ
1166 3875 1194 3926 ὁ
1226 3872 1325 3944 μὲν
1357 3866 1459 3928 ὧδε
1502 3875 1743 3946 ἀνεκόπη
1778 3875 1877 3944 τῆς
1911 3878 2002 3929 ἐπὶ

417 3963 573 4018 τοῦτο
600 3966 798 4036 ὁρμῆς.

2090 588 2272 643 insula
2318 588 2499 660 Cypro
2541 588 2819 652 solvisset,
2856 587 2920 640 ad
2967 582 3146 639 locum
3195 584 3340 638 haud
3371 582 3562 652 procul
3601 581 3668 634 ah

2090 680 2224 735 urbe
2263 680 2873 750 Constantinopolitana
2904 691 3065 748 quem
3103 675 3405 746 Septimum
3444 679 3665 734 vocant,

2088 771 2385 841 applicuit,
2440 771 2695 841 factaque
2740 770 2990 824 oratione
3034 768 3090 821 in
3139 766 3373 822 ecclesia
3405 779 3524 834 quae
3557 764 3667 818 illic

2087 872 2191 926 est,
2229 864 2285 917 in
2309 862 2501 917 urbem
2537 862 2803 917 introivit.
2835 859 2969 915 Eum
3002 857 3398 930 ingredientem
3426 854 3669 911 Joannes

2087 968 2321 1009 occursu
2349 953 2483 1009 cleri
2509 954 2677 1010 totius
2709 951 3023 1007 honoravit.
3068 950 3136 1002 At
3164 960 3293 1003 vero
3334 946 3669 1017 Epiphanius

2087 1045 2381 1116 perspicue
2443 1044 2774 1107 declaravit,
2835 1040 2983 1112 quod
3042 1039 3337 1097 calumniis
3400 1026 3669 1092 adversus

2086 1136 2349 1193 Joannem
2405 1137 2748 1192 concinnatis
2816 1136 2973 1189 Iidem
3032 1133 3335 1189 habuisset.
3403 1130 3669 1184 Invitaws

2088 1230 2233 1285 enim
2278 1235 2338 1284 ut
2382 1229 2436 1283 in
2491 1229 2707 1283 aedibus
2749 1225 3145 1283 ecclesiasticis
3195 1234 3417 1277 manere
3468 1221 3665 1283 vellet,

2090 1322 2405 1391 neutiquam
2441 1321 2737 1392 acquievit.
2776 1319 2839 1374 Et
2876 1334 3001 1374 cum
3031 1316 3243 1371 Joanne
3283 1313 3502 1384 quidem
3530 1326 3667 1365 con-

2089 1410 2239 1482 gredi
2262 1412 2480 1481 penitus
2504 1411 2829 1467 detrectmit
2860 1428 2873 1466 :
2910 1408 3164 1479 privatim
3190 1421 3323 1462 vero
3351 1403 3670 1459 convocatis

2088 1503 2361 1573 episcopis
2398 1502 2489 1573 qui
2528 1509 2645 1556 tum
2684 1499 3161 1570 Constantinopoli
3191 1497 3572 1562 morabantur,
3604 1509 3669 1549 ca

2091 1611 2213 1667 quae
2239 1594 2505 1651 adversus
2539 1594 2709 1648 libros
2742 1592 3002 1664 Origenis
3034 1592 3253 1647 decreta
3291 1587 3532 1650 fuerant,
3558 1586 3672 1640 illis

2091 1687 2350 1744 ostendit.
2381 1689 2459 1741 Ac
2497 1684 2781 1741 nonnullis
2810 1683 3034 1754 quidem
3078 1681 3356 1753 persuasit
3387 1686 3448 1733 ut
3476 1677 3670 1733 decre-

2093 1781 2166 1835 tis
2212 1777 2632 1835 subscriberent
2665 1797 2679 1831 :
2717 1776 2901 1847 plures
2937 1788 3069 1829 vero
3119 1773 3172 1828 id
3214 1771 3401 1827 facere
3448 1782 3673 1825 recusa-

2094 1880 2244 1928 runt.
2270 1872 2413 1940 Quin
2435 1880 2489 1929 et
2508 1870 2853 1937 Theotimus,
2886 1869 3179 1940 cpiscopus
3209 1865 3466 1936 Scythiae,
3492 1862 3670 1933 palam

2095 1964 2451 2034 reprehendit
2494 1962 2885 2034 Epiphanium.
2936 1959 3072 2013 Nam
3126 1972 3305 2027 neque
3350 1956 3498 2026 pium
3550 1967 3671 2010 esse

2094 2057 2337 2124 dicebat,
2364 2070 2488 2112 eum
2528 2057 2622 2127 qui
2660 2053 2776 2124 jam
2805 2051 3017 2123 pridem
3047 2057 3299 2105 mortuus
3337 2054 3503 2110 esset,
3534 2035 3670 2099 con-

2095 2149 2324 2205 tumelia
2369 2145 2585 2203 allicere
2622 2166 2634 2200 :
2669 2160 2848 2216 neque
2898 2144 3038 2201 citra
3086 2141 3418 2199 calumniam
3464 2136 3672 2208 judicia

2095 2241 2471 2311 antiquiorum
2528 2236 2891 2309 reprehendi,
2924 2245 2978 2293 et
3024 2251 3144 2306 quae
3190 2235 3257 2290 ab
3304 2233 3416 2287 illis
3446 2230 3673 2300 probata

2094 2338 2282 2388 essent
2310 2331 2563 2386 damnari
2594 2344 2778 2400 posse.
2813 2329 2992 2399 Atque
3036 2329 3153 2383 haec
3201 2325 3410 2390 dicens,
3458 2321 3676 2391 prolato

2095 2419 2349 2493 Origenis
2403 2419 2658 2489 quopiam
2712 2418 2887 2481 libro,
2941 2417 3119 2471 locum
3170 2430 3237 2470 ex
3287 2427 3353 2468 eo
3398 2406 3673 2466 recitavit.

2095 2511 2343 2580 Cumque
2376 2523 2438 2563 ea
2487 2523 2610 2579 qua:
2654 2507 3019 2570 recitaverat,
3052 2504 3318 2560 Ecclesiis
3364 2499 3520 2555 utilia
3553 2512 3677 2554 esse

2094 2600 2444 2667 ostendisset,
2487 2596 2741 2653 Absurde
2771 2595 3005 2659 faciunt,
3041 2595 3242 2664 inquit,
3274 2592 3366 2663 qui
3398 2591 3503 2645 ista
3532 2589 3678 2644 vitu-

2095 2696 2313 2762 perant.
2347 2688 2667 2744 Cavendum
2698 2687 2842 2741 enim
2881 2696 2964 2741 est
2996 2685 3127 2747 illis,
3153 2700 3221 2739 ne
3252 2691 3306 2737 et
3328 2697 3391 2739 ea
3417 2682 3677 2736 damnent

2098 2781 2166 2837 de
2198 2780 2404 2851 quibus
2434 2778 2732 2848 conscripti
2770 2784 2901 2833 sunt
2928 2776 2985 2830 hi
3021 2775 3167 2830 libri.
3214 2772 3388 2827 Porro
3434 2768 3675 2825 Joannes

2101 2870 2280 2926 adhuc
2310 2869 2676 2925 nihilominus
2712 2866 3077 2923 reverentiam
3111 2863 3409 2921 exhibebat
3436 2860 3676 2931 Epipha-

2098 2963 2212 3027 nio,
2243 2974 2480 3031 eumque
2531 2958 2857 3014 hortabatur
2888 2965 2945 3012 ut
2990 2957 3251 3011 collectas
3293 2968 3480 3009 secum
3533 2951 3677 3007 cele-

2098 3052 2293 3118 brare,
2355 3058 2411 3106 et
2473 3049 2923 3105 contubernalem
2982 3049 3166 3118 ipsum
3227 3044 3429 3099 habere
3490 3039 3672 3095 vellet.

2100 3142 2303 3199 Verum
2335 3142 2693 3213 Epiphanius,
2730 3156 2790 3198 se
2835 3138 3167 3211 neque'ejus
3216 3136 3380 3192 domo
3423 3144 3675 3195 usurum,

2102 3249 2204 3290 nec
2232 3248 2358 3291 cum
2386 3250 2452 3291 eo
2477 3242 2769 3291 oraturum
2796 3249 2922 3290 esse
2952 3229 3255 3300 respondit,
3291 3227 3398 3283 nisi
3423 3221 3680 3294 Origenis

2103 3327 2276 3382 libros
2317 3328 2472 3397 prius
2521 3326 2870 3391 damnasset,
2924 3332 2978 3380 et
3028 3323 3352 3379 Dioscorum
3395 3333 3507 3373 una
3549 3330 3677 3372 cum

2103 3419 2273 3475 sociis
2302 3418 2625 3490 expulisset.
2673 3417 2780 3473 Sed
2812 3432 2936 3473 eum
2971 3417 3062 3471 ille
3099 3422 3230 3469 ante
3262 3427 3444 3469 causa:
3490 3408 3681 3482 cogni-

2104 3512 2312 3567 tionem
2338 3510 2454 3566 haac
2484 3508 2685 3577 facere,
2724 3508 3146 3578 haudquaquam
3174 3505 3386 3575 justum
3421 3515 3547 3558 esse
3577 3499 3683 3555 du-

2105 3610 2272 3669 ceret,
2301 3610 2357 3657 et
2383 3601 2925 3672 procrastinaretur;
2961 3600 3049 3655 die
3078 3612 3192 3669 quo
3215 3595 3446 3652 collecta
3468 3592 3679 3662 agenda

2104 3702 2221 3750 erat
2255 3695 2310 3748 in
2343 3695 2577 3748 ecclesia
2612 3692 3022 3764 Apostolorum,
3053 3694 3423 3762 procurarunt
3446 3685 3678 3741 Joannis

2104 3786 2334 3853 inimici,
2387 3795 2446 3839 ut
2495 3784 2833 3856 Epiphanius
2885 3785 2940 3838 in
2984 3783 3277 3838 ecclesiam
3328 3777 3575 3841 veniret,
3625 3782 3681 3828 et

2106 3878 2325 3947 publice
2363 3892 2548 3932 coram
2604 3877 2806 3947 pepqu
2850 3886 2963 3930 tum
3004 3873 3258 3943 Origenis
3306 3870 3505 3932 libros,
3561 3875 3676 3921 tum

2107 3966 2432 4021 Dioscorum
2455 3974 2509 4021 et
2531 3980 2626 4022 eos
2655 3966 2746 4036 qui
2773 3981 2896 4021 cum
2922 3965 3016 4018 illo
3042 3970 3218 4027 erant,
3246 3968 3509 4029 tanquam
3532 3955 3678 4011 idem

417 4071 541 4109 cum
596 4054 833 4128 Origene
894 4057 1231 4123 sentientes,
1285 4058 1636 4112 anathemate
1692 4056 2023 4113 damnaret:
2098 4059 2400 4128 eademque
2474 4072 2645 4128 opera
2692 4057 3010 4127 episcopum
3056 4053 3208 4108 urbis
3260 4051 3674 4121 perstringeret,

421 4157 477 4199 ut
512 4146 605 4215 qui
654 4146 765 4202 illis
791 4145 1044 4202 addictus
1073 4153 1241 4202 esset.
1291 4145 1469 4216 Atque
1507 4146 1563 4200 bi
1600 4146 1817 4216 quidem
1850 4147 1995 4202 istud
2034 4149 2425 4204 moliebantur.
2469 4147 2678 4219 Quippe
2721 4148 3131 4212 existimabant,
3194 4160 3253 4201 se
3307 4144 3410 4199 hac
3468 4140 3680 4197 ratione

422 4236 629 4305 plebem
662 4236 853 4291 abillo
883 4236 1245 4293 alienaturos.
1301 4237 1530 4292 Postero
1563 4237 1729 4307 igitur
1767 4238 1879 4301 die,
1931 4252 2055 4294 eum
2093 4239 2161 4294 ad
2200 4226 2267 4294 id'
2291 4241 2558 4312 agendum
2594 4254 2923 4311 progressus
2974 4236 3312 4307 Epiphanius
3352 4236 3465 4305 jam
3504 4234 3679 4289 eccle—

419 4330 514 4382 sine
547 4327 1030 4398 appropinquaret,
1065 4328 1282 4384 obviam
1330 4329 1380 4384 ei
1428 4330 1669 4385 occurrit
1699 4328 1960 4400 Serapio,
2001 4330 2170 4403 355
2190 4333 2391 4389 missus
2439 4349 2465 4387 a
2505 4331 2713 4388 Joanne
2735 4331 3121 4400 (praesenserat
3151 4329 3295 4385 enim
3332 4326 3572 4383 Joannes
3612 4341 3675 4379 ea

417 4433 538 4488 quae
589 4417 766 4487 pridie
829 4420 1053 4474 fuerant
1110 4421 1462 4491 constituta),
1507 4422 1802 4493 palamque
1856 4423 2206 4480 denuntiavit
2258 4424 2594 4496 Epiphanio,
2639 4428 2791 4481 illum
2853 4442 2915 4481 ea
2969 4439 3158 4495 gerere
3206 4439 3328 4493 qua:
3381 4437 3480 4476 nec
3529 4420 3675 4491 justa
3768 4452 3775 4457 -

419 4518 623 4573 essent,
656 4525 758 4563 nec
788 4510 890 4580 ipsi
922 4511 1173 4580 privatim
1209 4513 1367 4566 utilia
1399 4533 1410 4569 :
1443 4513 1715 4583 siquidem
1753 4515 1992 4569 tumultu
2031 4531 2095 4572 ac
2119 4518 2390 4573 seditione
2418 4519 2601 4590 populi
2656 4520 2913 4580 excitata,
2949 4517 3064 4586 ipse
3095 4525 3356 4585 tanquam
3414 4513 3533 4583 ejus
3600 4516 3673 4568 rei

421 4612 616 4657 auctor
682 4602 984 4672 periculqu
1049 4603 1338 4658 subiturus
1422 4612 1591 4663 esset.
1658 4604 1768 4660 Hac
1825 4606 2037 4663 ratione
2112 4610 2386 4666 cohibitus
2417 4618 2501 4665 est
2532 4612 2767 4680 impetus
2801 4608 3108 4678 Epiphanii.

1004 4691 1256 4746 ΚΕΦΑΑ.
1298 4694 1376 4745 IE’

2777 4697 2928 4753 CAP.
2963 4695 3077 4751 XV.

426 4784 558 4857 Περὶ
606 4783 711 4838 τοῦ
757 4784 967 4857 παιδὸς
994 4784 1104 4857 τῆς
1144 4784 1469 4851 ,βασιλίδος
1495 4825 1508 4847 ,
1542 4786 1639 4840 καὶ
1667 4785 1774 4839 τοῦ
1800 4786 1994 4857 Αάγίου

2096 4783 2173 4842 De
2210 4788 2323 4857 ﬁlio
2355 4791 2709 4856 imperatricis
2749 4800 2797 4842 et
2829 4788 2891 4842 de
2919 4788 3068 4840 bealo
3104 4785 3425 4855 Epiphanio;
3457 4792 3506 4836 et
3549 4798 3681 4852 quo-

507 4855 854 4947 ;I€.Zc;u3;€0v
886 4870 898 4883 '
926 4854 1024 4942 καὶ
1066 4856 1146 4920 ὡς
1172 4857 1493 4947 ιοίρΜαέιρρὶ
1524 4857 1680 4947 ἱερὸς
1713 4851 1994 4947 διιξλὸκίζν

2168 4851 2322 4941 uredo
2362 4851 2606 4947 mgnus/ii
2650 4860 2817 4942 Longi
2849 4851 3250 4947 iILcolloquiunt
3286 4872 3405 4909 cum
3429 4870 3487 4935 eo
3529 4868 3679 4947 v'ene-

493 4924 684 4991 ἦλθον
720 4924 1059 5008 Ἐπιφανιςίφ,
1091 4924 1199 5008 καὶ.
1227 4926 1319 5008 ωε
1342 4924 1857 5008 ἁπέπᾼευσενιεὶς,
1882 4926 1994 5008 Kai-

2171 4931 2299 5008 rfnt,
2329 4941 2375 4983 el
2408 4924 2835 5008 Epip/lttlli't‘ts“itt
2877 4924 3107 5008 Cyprum
3141 4942 3378 5008 retiersus
3421 4925 3509 4977 sit.
3541 4926 3673 4978 Item

494 4987 648 5058 προν
687 4987 877 5058 αὗθιςῖ
916 4993 1021 5046 Καὶ
1072 4994 1203 5061 περὶ
1257 4987 1606 5063 Ἑπιςεανίου
1652 4995 1750 5046 καὶ
1810 4995 1994 5048 Ἰωάν-

2174 4999 2236 5053 de
2259 4987 2468 5054 Joanne
2492 4987 2541 5054 ἐι
2563 5000 2627 5054 de
2660 4987 2966 5068 Epiphanio
2988 4996 3264 5051 nonnulla.

496 5079 626 5114 νου.

507 5153 594 5205 Ἐν
622 5152 796 5222 τούτῳ
820 5152 875 5204 δὲ
909 5152 1104 5222 συνέϐη
1126 5157 1299 5206 νοσεῖν
1332 5153 1425 5206 τοῦ
1456 5153 1717 5223 βασιλέως
1755 5154 1962 5206 παιδίον
1990 5173 1994 5182 ι

2177 5157 2389 5209 Interea
2446 5156 2649 5211 accidit
2684 5163 2743 5207 ut
2787 5153 3140 5222 imperatoris
3182 5150 3328 5205 (ilius
3377 5147 3673 5201 admodum

430 5245 678 5315 περιδεὴς
723 5246 779 5298 δὲ
825 5241 960 5299 οὖσα
995 5247 1029 5316 ἡ
1080 5247 1259 5317 μήτηρ
1297 5247 1369 5317 μή
1417 5263 1469 5299 τι
1522 5247 1713 5312 πάθοι,
1747 5246 1994 5316 πέμψασα

2106 5262 2243 5314 puer
2282 5247 2476 5302 morbo
2519 5248 2916 5317 corriperetur.
2956 5244 3129 5303 Mater
3162 5257 3295 5298 vero
3335 5239 3571 5298 sollicita
3608 5253 3675 5292 ne

1622 5418 1892 5475 VALESII
1933 5420 2482 5478 ANNOTATIONES.

506 5615 619 5685 (εει
659 5614 768 5669 Καὶ
800 5614 1072 5681 Ἰωάννης
1113 5614 1230 5680 μὲν
1283 5615 1369 5685 είς
1416 5617 1636 5670 ταυτὸν
1672 5617 2011 5673 συνελθεῖν.

453 5684 923 5756 seribcndumcst
955 5686 1141 5756 procul
1174 5684 1340 5739 dubio
1371 5686 1464 5738 mi.
1502 5686 1721 5756 Ἰωάννῃ
1749 5686 1866 5754 μὲν,
1903 5699 2011 5742 etc.

447 5755 728 5822 Quomodo
759 5755 921 5809 etiam
955 5754 1190 5808 Savilius
1234 5755 1285 5807 in
1321 5770 1421 5809 suo
1453 5757 1641 5810 codice
1671 5754 1996 5812 emendavit.

2117 5620 2219 5674 Sed
2259 5631 2313 5674 et
2362 5619 2725 5688 Nicephorum
2775 5619 2846 5670 ita
2899 5617 2953 5669 in
3004 5615 3308 5668 Sozomcno
3356 5607 3552 5675 legisse
3580 5624 3668 5681 ap—

2116 5701 2266 5760 parct
2309 5707 2373 5745 cx
2417 5706 2536 5759 cap.
2577 5691 2659 5752 15,
2696 5688 2789 5739 lib.
2827 5701 2941 5739 xm.
