4040 6336
430 391 451 455 1
464 391 566 449 Σ)ὺὸ

1868 394 2209 453 SOZOMENI

3521 399 3637 454 {553

430 507 559 576 quid
594 505 809 562 tristius
842 507 890 562 ei
930 508 1298 578 contingeret,
1331 507 1503 565 misso
1528 509 1593 564 ad
1626 509 1995 581 Epiphanium

2115 512 2236 583 πρὸς
2275 513 2608 582 Ἐπιφάνιον,
2645 511 2813 565 ἐδεῖτο
2843 509 3097 582 εὔχεσθαι
3127 510 3266 580 ὑπὲρ
3288 510 3462 566 αὐτοῦ.
3491 514 3542 566 Ὀ
3570 515 3618 574 δι

429 599 645 661 nuntio,
699 605 753 653 ut
801 613 900 668 pro
935 598 1031 651 illo
1078 598 1249 653 Deum
1301 610 1623 670 precaretur
1675 603 1995 672 postulavit.

2101 602 2360 673 ζήσεσθαι
2397 604 2488 656 τὸν
2521 602 2796 674 κάμνοντα
2819 602 3103 672 ὑπέσχετο,
3125 604 3173 654 ei
3203 603 3327 665 τοὺς
3354 603 3486 672 ἀμφὶ
3509 606 3638 659 Διόσ-

431 689 527 744 Ille
560 704 790 759 puerum
836 690 1109 744 victurum
1151 707 1275 747 esse
1324 693 1629 762 respondit,
1669 696 1716 748 si
1750 694 2000 765 Augusta

2115 708 2262 762 ιορον
2293 693 2601 763 αἱρετικῶς
2643 692 2803 756 ὄντας
2848 692 3246 763 άτυοστραφείη.
3272 693 3338 745 Ἠ
3366 694 3420 747 δὲ
3443 695 3639 765 βασιλὶς.

432 784 723 839 hazreticns
775 783 868 852 qui
922 797 1046 837 cum
1105 783 1374 840 Dioscoro
1420 796 1576 841 erant
1628 796 1998 843 aversaretnr.

2102 788 2177 841 Τὸ
2214 785 2513 855 ἐμὸν,ἒφη,
2545 785 2777 850 παιδίον,
2812 785 2925 852 εἴγε
2951 784 3094 837 δοκεῖ
3113 784 3190 855 τῷ
3228 784 3343 854 Θεῷ
3363 785 3640 855 λαμϐάνειν,

432 872 631 928 Verum
660 873 905 943 Augusta
937 893 949 929 :
974 893 992 926 ι
1015 875 1070 928 Si
1102 874 1266 943 Deus,
1292 895 1310 929 ι
1345 877 1545 946 inquit,
1569 897 1588 929 ‹
1616 878 1788 933 filium
1821 892 2000 933 meum

2115 878 2274 949 ταύτῃ
2319 876 2478 930 ἔστω.
2529 876 2731 946 Κύριος
2765 876 2873 947 γὰρ
2904 878 2933 929 ὁ
2971 876 3116 939 δοὺς,
3151 877 3313 929 πάλιν
3348 878 3641 950 ἀφαιρεῖται.

430 964 644 1033 eripere
682 965 815 1025 mihi
850 966 1112 1029 voluerit,
1150 967 1224 1021 ita
1260 968 1369 1023 fiat.
1404 968 1670 1024 Dominus
1708 970 1857 1023 enim
1908 969 2002 1038 qui

430 1051 602 1115 dedit,
631 1053 773 1108 idem
804 1060 858 1108 et
885 1054 1083 1111 aufert.
1117 1056 1273 1121 Quod
1305 1057 1349 1113 si
1384 1066 1439 1111 tu
1471 1071 1721 1115 mortuos
1743 1059 1809 1113 ad
1840 1060 2004 1113 vitam

431 1157 693 1199 revocare
724 1159 948 1213 posses,
980 1155 1236 1203 mortuus
1268 1163 1379 1203 non
1402 1159 1547 1204 esset
1571 1149 2001 1204 archidiaconus

432 1241 581 1287 tuus.
607 1252 627 1285 ι
668 1233 875 1288 Etenim
903 1236 1050 1292 haud
1090 1238 1263 1292 multo
1304 1247 1464 1294 antea
1493 1255 1523 1294 e
1567 1238 1707 1294 vivis
1747 1255 2006 1296 excesse-

429 1331 517 1378 rat
561 1325 796 1395 Crispio,
831 1326 1001 1384 frater
1047 1328 1319 1385 Fusconis
1362 1339 1415 1384 et
1461 1330 1772 1387 Salamanis
1816 1347 2009 1387 mona-

434 1416 687 1481 chorum,
718 1433 949 1486 quorum
985 1421 1314 1476 mentionem
1344 1422 1594 1488 fecimus,
1630 1439 1754 1477 cum
1786 1438 1875 1479 res
1905 1421 2010 1476 Va-

434 1508 598 1563 lentis
620 1509 851 1580 Augusti
872 1514 1211 1582 temporibus
1235 1523 1420 1583 gestas
1443 1513 1794 1578 referremus,
1837 1530 2000 1585 quem

433 1598 774 1669 Epiphanius
804 1617 927 1656 cum
960 1606 1415 1660 contubernalem
1457 1592 1706 1672 haberet,
1742 1607 2015 1661 archidia—

430 1707 637 1747 conum
683 1708 844 1751 suum
882 1698 1271 1752 constituerat.
1302 1698 1628 1755 Ammonius
1672 1715 1805 1755 vero
1831 1707 1887 1755 et
1920 1696 2015 1770 qni

430 1799 560 1839 cum
586 1787 681 1842 illo
706 1798 883 1852 erant,
919 1789 1289 1860 Epiphanium
1320 1793 1606 1857 adierunt;
1638 1792 1688 1846 id
1722 1793 1868 1847 enim
1902 1792 2010 1861 ipsi

2105 966 2274 1029 Αὐτὸς
2310 966 2368 1019 δὲ
2400 966 2558 1037 εἴπερ
2597 960 2705 1029 οἷός
2745 983 2806 1020 τε
2857 962 2924 1036 ἦς
2958 968 3185 1037 νεκροὺς
3218 968 3535 1040 ἀνεγείρειν,
3563 972 3645 1024 οὐκ

2106 1055 2172 1109 ἂν
2199 1058 2228 1109 ὁ
2276 1057 2367 1117 σὸς
2397 1056 2770 1126 άρχιδιάκονος
2811 1058 3079 1126 τεθνήκει.
3122 1059 3322 1129 Ἔτυχε
3351 1061 3454 1131 γάρ
3480 1062 3535 1114 ού
3558 1063 3648 1133 πρὸ

2110 1147 2306 1200 πολλοῦ
2336 1148 2664 1210 τελευτήσας
2696 1149 2982 1218 Κρισπίων
3002 1188 3015 1213 ,
3057 1150 3116 1203 δν
3147 1150 3369 1219 ἀδελφὸν
3396 1151 3513 1205 ὄντα
3537 1153 3649 1205 Φού-

2113 1257 2317 1305 σκωνος
2358 1242 2452 1294 καὶ
2482 1240 2796 1311 Σαλαμάνου
2829 1241 2939 1310 (55)
2992 1241 3100 1295 τῶν
3143 1241 3235 1295 ἐπὶ
3272 1242 3549 1306 Οὐάλεντος
3573 1244 3652 1315 δη-

2111 1331 2388 1385 λωθέντων
2451 1333 2697 1402 μοναχῶν
2720 1373 2735 1398 ,
2785 1333 3033 1387 σύνοικον
3089 1333 3229 1403 ἔχων
3256 1374 3272 1399 ,
3318 1334 3655 1404 ἁρχιδιάκονον

2114 1421 2290 1491 ἑαυτῷ
2313 1422 2663 1493 κατέστησεν.
2686 1425 2747 1476 Ol
2780 1423 2836 1476 δὲ
2869 1424 2998 1494 περὶ
3040 1422 3351 1495 Ἀμμώνιον
3375 1423 3537 1494 (τοῦτο
3562 1426 3651 1496 γὰρ

2116 1515 2250 1585 αὐτῇ
2269 1515 2335 1584 τῇ
2360 1513 2587 1583 βασιλίδι
2608 1514 2824 1585 ἐδόκει),
2843 1515 2977 1586 πρὸς
2992 1515 3307 1582 Ἐπιφάνιον
3324 1510 3497 1584 ἦλθον.
3513 1516 3654 1568 Πυθο-

2123 1607 2285 1676 μένου
2320 1606 2378 1658 δὲ
2408 1605 2572 1661 αὐτοῦ
2605 1607 2749 1670 τίνες
2787 1603 2917 1672 εἷεν,
2944 1606 3226 1661 ὑπολαϐὼν
3266 1606 3576 1677 Ἀμμώνιος.
3602 1609 3652 1659 Ol

2119 1697 2365 1767 Μακροὶ,
2396 1696 2532 1767 ἔφη,
2566 1692 2611 1751 ὦ
2651 1698 2852 1769 Πάτερ.
2899 1698 3035 1751 Ἀλλ’
3062 1701 3111 1752 ει
3158 1697 3379 1751 πώποτε
3426 1698 3658 1768 μαθηταῖς

2122 1787 2458 1858 ἡμετέροιςῆ
2488 1789 2857 1860 συντάγμασιν
2890 1788 3158 1859 ἐνέτυχες,
3173 1789 3343 1859 ἡδέως
3371 1787 3654 1858 ἐμάνθανον.

430 1890 656 1945 quoque
703 1877 966 1948 Augustae
1019 1881 1324 1951 placuerat.
1369 1883 1619 1952 Cumque
1669 1883 2008 1955 Epiphanius

2115 1879 2217 1932 Τοῦ
2245 1880 2298 1933 δὲ
2330 1881 2730 1950 ἀποφήσαντος,
2763 1881 2924 1934 πάλιν
2952 1881 3136 1951 ἡρετοο
3167 1881 3339 1934 Πόθεν
3368 1875 3457 1933 οὖν
3485 1880 3660 1950 αἱρετι-

372 2020 373 2027 η
431 1966 832 2038 interrogasset
854 1971 1076 2042 quinam
1102 1980 1307 2034 essent,
1333 1974 1617 2043 respondit
1637 1975 1965 2030 Ammonius
1993 1995 2007 2029 :

371 2066 374 2088 λ
433 2056 609 2128 Longi
634 2075 846 2125 sumus,
875 2076 908 2115 ο
937 2060 1116 2117 Pater.
1149 2061 1254 2117 Sed
1284 2065 1517 2119 libenter
1540 2064 1797 2135 equidem
1828 2065 2009 2121 disce-

372 2144 373 2157 ³
432 2164 574 2215 rem,
616 2162 795 2207 utrum
840 2154 1137 2224 aliquando
1168 2156 1220 2210 in
1266 2156 1571 2227 discipulos
1618 2165 1713 2212 aut
1752 2159 1807 2213 in
1838 2159 2010 2215 libros

435 2246 657 2299 nostros
710 2241 993 2298 incideris.
1040 2243 1138 2299 Illo
1189 2255 1453 2316 negante,
1510 2248 1707 2303 iterum
1760 2249 2012 2317 quaesivit

435 2330 761 2387 Ammonius
791 2353 805 2388 :
837 2334 992 2389 Unde
1033 2351 1164 2407 ergo
1201 2338 1495 2394 haereticos
1540 2338 1667 2394 illos
1706 2354 1829 2395 esse
1860 2338 2010 2409 judi-

436 2424 597 2490 casti,
638 2426 732 2495 qui
769 2428 979 2482 nullum
1013 2426 1185 2485 habes
1220 2440 1604 2501 argumentum
1640 2447 1750 2501 quo
1787 2441 2011 2487 senten-

437 2518 571 2575 tiam
616 2517 837 2576 illorum
885 2523 1066 2587 possis
1105 2524 1471 2579 convincere?
1514 2526 1579 2578 Et
1612 2540 1739 2580 cum
1775 2524 2011 2595 Epipha-

439 2608 566 2663 nius
598 2609 824 2675 diceret,
852 2612 907 2666 id
939 2629 999 2668 se
1024 2614 1215 2668 auditu
1250 2617 1530 2684 accepisse
1561 2634 1576 2671 :
1609 2615 1720 2671 Nos
1746 2632 1900 2683 vero,
1932 2617 2011 2671 ait

437 2701 784 2768 Ammonius,
815 2704 973 2772 plane
1000 2705 1340 2759 contrarium
1373 2708 1622 2761 fecimus.
1653 2705 1788 2760 Nam
1807 2714 1861 2762 et
1889 2707 2011 2764 dis-

438 2791 652 2861 cipulos
685 2800 808 2850 tuos
853 2811 1227 2865 saepenumero
1264 2796 1505 2853 vidimus
1554 2805 1607 2851 et
1663 2798 1832 2853 libros
1880 2813 2004 2868 per-

441 2883 672 2954 legimus
705 2905 719 2942 :
750 2900 816 2941 ex
856 2889 1060 2958 quibus
1107 2902 1248 2943 unus
1299 2897 1387 2944 est
1433 2888 1526 2959 qui
1573 2889 1888 2944 Ancoratus
1928 2889 2013 2944 in-

440 2977 725 3034 scribitur.
768 2979 1016 3051 Cumque
1055 2982 1210 3035 multi
1241 2981 1556 3051 vituperare
1586 2988 1638 3037 te
1666 2989 1720 3036 et
1753 2991 2012 3053 tanquam

441 3066 758 3123 bmretieum
797 3071 1125 3126 calumniari
1179 3071 1398 3135 vellent,
1432 3087 1534 3127 nos
1577 3087 1676 3141 pro
1720 3079 1897 3142 patre,
1931 3073 2012 3127 uti

2113 1971 2244 2034 κοὺς
2275 1966 2415 2025 εἶναι
2443 1973 2579 2041 σφᾶς
2605 1971 2915 2042 νενόμικας,
2952 1972 3157 2042 μηδένα
3184 1970 3403 2042 ἔλεγχον
3428 1970 3555 2039 ἔχων
3578 1971 3662 2039 τῆς

2109 2063 2287 2118 αὐτῶν
2322 2063 2574 2135 γνὼμης;
2619 2064 2936 2132 Ἀκηκοέναι
2968 2063 3026 2116 δὲ
3069 2063 3391 2132 Ἐπιφανίου
3421 2062 3659 2130 λέγοντος,

2121 2155 2309 2224 Ἡμεῖς
2336 2154 2414 2220 δὲ,
2453 2154 2556 2225 ἔφη
2575 2195 2589 2218 ,
2620 2156 2728 2207 πᾶν
2755 2153 3061 2207 τούναντίον
3100 2152 3451 2224 πεπόνθαμεν
3469 2168 3481 2181 ·
3511 2150 3663 2222 μαθη-

2107 2251 2228 2312 ταῖς
2263 2248 2373 2320 γὰρ
2396 2251 2508 2312 σοῖς
2545 2248 2904 2318 συνετύχομεν
2926 2247 3183 2311 πολλάκις
3208 2247 3308 2300 καὶ
3332 2244 3667 2315 συγγράμμα-

2110 2356 2195 2392 σιν
2227 2354 2240 2369 ·
2271 2332 2346 2393 ὧν
2383 2339 2558 2393 ἐκεῖνό
2591 2339 2655 2408 γέ
2691 2340 2838 2392 ἐστιν
2867 2338 2896 2391 ὃ
2937 2339 3037 2408 τὴν
3070 2337 3386 2407 Ξπιγραφὴν
3419 2337 3669 2403 ’Δγκυρω-

2107 2431 2198 2496 τὸς
2235 2432 2376 2502 ἔχον.
2404 2431 2750 2502 Βουλομένων
2788 2447 2848 2484 τε
2873 2430 3083 2484 πολλῶν
3109 2429 3468 2500 λοιδορεῖσθαι
3491 2427 3578 2481 καὶ
3601 2425 3665 2488 ὡς

2109 2524 2382 2593 αἱρετικὸν
2425 2522 2731 2576 διαϐάλλειν
2752 2562 2767 2587 ,
2807 2521 3334 2594 ύπερηγωγιζόμεθα
3360 2561 3375 2584 ,
3403 2519 3477 2582 ὡς
3519 2517 3666 2586 εἰκὸς,

2110 2613 2347 2684 πατρὸς,
2394 2614 2488 2667 καὶ
2527 2613 3101 2685 ύπεραπελογούμεθα.
3149 2612 3363 2666 Οὔκουν
3419 2609 3573 2680 ἐχρῆν
3618 2603 3671 2669 ἐξ

2109 2706 2275 2776 ἀκοῆς
2326 2706 2539 2775 ἐρήμην
2573 2704 2956 2768 καταδικάζειν
2976 2744 2988 2768 ,
3014 2697 3088 2757 ὧν
3125 2704 3229 2756 οὐκ
3261 2702 3425 2765 αὐτὸς
3457 2697 3672 2758 πεισθεὶς

2110 2799 2385 2867 κατέγνως
2413 2797 2682 2869 (54),οὖτε
2710 2797 2962 2867 τοιαύτην
3001 2795 3237 2866 ἀμοιϐὴν
3274 2796 3387 2856 τοῖς
3423 2786 3480 2845 εὖ
3506 2790 3671 2858 λέγον·

2114 2907 2198 2944 σιν
2239 2889 2551 2944 ἀποδοῦναι.
2586 2890 2643 2943 '0
2674 2890 2732 2943 δὲ
2754 2890 3087 2958 Ἐπιφάνιος.
3109 2887 3233 2941 τότε
3271 2887 3371 2956 μὲν
3409 2880 3675 2955 μετριώτε-

2117 2996 2206 3052 ρον
2231 2978 2993 3050 προσδιαλεχθεὶς,άπέπεμπε
3019 2977 3145 3038 τοὺς
3173 2974 3398 3045 ἄνδρας.
3420 2973 3492 3026 Οὐ
3517 2965 3675 3039 πολῶ

2112 3072 2169 3126 δὲ
2194 3070 2417 3142 ὕστερον
2448 3070 2787 3125 ἀπέπλευσεν
2814 3074 2894 3135 εἰς
2919 3071 3144 3141 Κύπρον
3171 3086 3185 3100 ·
3212 3069 3248 3139 ἢ
3281 3069 3379 3138 τῆς
3408 3066 3497 3119 ἐπὶ
3538 3066 3672 3116 Κων-

441 3172 542 3227 par
561 3168 695 3225 erat,
726 3161 1193 3233 propngnavimus
1214 3168 1269 3217 et
1300 3176 1482 3217 causae
1509 3171 1614 3218 tuae
1637 3162 2012 3219 defensionem

2119 3164 2605 3224 σταντινουπὸλεως
2662 3161 2898 3231 ἀφίξεως
2951 3159 3259 3228 καταγνούς
3293 3176 3305 3188 ·
3336 3158 3370 3228 ἢ
3416 3155 3510 3210 τοῦ
3556 3148 3674 3206 Θεοῦ

443 3250 813 3321 suscepimus.
842 3251 1083 3309 Proinde
1107 3270 1210 3310 nec
1243 3263 1396 3309 tu'ex
1425 3255 1546 3310 solo
1584 3255 1776 3309 auditu
1819 3257 2019 3311 absen-

442 3347 527 3398 tes
570 3341 832 3401 damnare
882 3344 1145 3410 debuisti,
1188 3361 1327 3417 quos
1381 3362 1729 3417 nequaquam
1784 3358 1845 3401 tu
1899 3349 2019 3418 ipse

440 3435 610 3492 certis
649 3439 985 3506 argumentis
1033 3438 1294 3493 inductus
1347 3440 1665 3494 conviceras
1692 3455 1708 3505 ;
1740 3454 1843 3494 nec
1871 3436 2020 3508 ejus-

442 3525 591 3580 modi
634 3528 867 3597 gratiam
916 3527 1124 3585 referre
1172 3529 1554 3585 laudatoribus
1588 3529 1723 3584 tuis.
1764 3527 2020 3585 Posthatc

442 3615 786 3687 Epiphanius
835 3619 1018 3675 lenius
1057 3634 1156 3675 eos
1201 3620 1499 3683 allocutus,
1539 3629 1653 3673 tum
1702 3619 1923 3689 quidem
1950 3620 2019 3676 ab

445 3723 506 3764 se
535 3709 764 3764 dimisit.
796 3708 953 3765 Brevi
978 3719 1161 3769 autem
1185 3710 1473 3781 interiecto
1490 3718 1756 3780 tempore,
1777 3711 2016 3783 Cyprum

443 3798 726 3870 navigavit
761 3818 775 3855 :
808 3815 905 3857 seu
959 3800 1110 3872 quod
1159 3802 1785 3872 Consmntinopolitanze
1838 3801 2018 3873 profe-

442 3890 644 3949 ctionis
687 3892 864 3962 ipsum
901 3895 1225 3964 paeniteret;
1270 3909 1367 3949 seu
1407 3894 1553 3964 quod
1600 3891 1746 3949 Dens
1792 3894 2017 3950 oraculo

443 3981 622 4051 ipsum
669 3984 1065 4057 admonuisset,
1109 3992 1452 4055 mortemque
1490 3982 1593 4053 ipsi
1628 3997 1808 4047 suam,
1843 3990 1903 4037 ut
1932 3998 2025 4038 ve-

441 4074 671 4130 risimile
699 4083 803 4144 est,
828 4078 1249 4148 praenuntiasset
1280 4077 1321 4134 ί.
1352 4076 1487 4130 Dum
1537 4075 1680 4129 enim
1717 4074 2020 4144 navigaret,

447 4167 767 4238 priusquam
799 4171 1103 4240 appulisset
1135 4170 1189 4225 in
1218 4170 1477 4240 Cyprum,
1506 4167 1617 4222 fato
1661 4164 1823 4237 346
1852 4167 2024 4220 inter-

2116 3255 2420 3326 χρήσαντος
2444 3294 2459 3319 ,
2490 3254 2586 3308 καὶ
2629 3255 2720 3307 τὸν
2749 3252 2914 3307 αὐτοῦ
2946 3253 3172 3306 θάνατον
3193 3292 3207 3316 ,
3241 3252 3321 3314 ὼς
3364 3249 3525 3312 εἰκὸς,
3549 3242 3677 3312 αὐτῷ

2118 3346 2584 3418 προμηνύσαντος.
2626 3346 2812 3399 Πλέων
2843 3345 2972 3416 γὰρ,
3012 3344 3142 3415 πρὶν
3170 3346 3254 3407 εἰς
3284 3342 3509 3412 Κύπρον
3526 3336 3676 3390 ἐλθεῖν

2118 3436 2454 3507 ἐτελεύτησε.
2488 3436 2721 3504 Λέγεται
2752 3434 2881 3504 γοῦν
2904 3435 3019 3497 τοῖς
3046 3432 3192 3503 αύτῷ
3224 3428 3562 3485 συνελθοῦσιν
3582 3427 3679 3476 ἐπι-

2120 3528 2344 3591 σκόποις
2380 3528 2472 3580 ἐπὶ
2504 3525 2779 3581 θάλασσαν
2808 3528 2981 3580 εἰπεῖν
3002 3566 3016 3588 ,
3054 3525 3267 3597 μέλλων
3292 3511 3677 3576 ἐπιϐαίνειντοῦ

2121 3616 2361 3686 σκάφους
2378 3633 2391 3647 '
2419 3616 2644 3688 ’Δφίημι
2670 3617 2798 3686 ὑμῖν
2827 3617 2926 3686 τὴν
2948 3614 3099 3668 πόλιν
3116 3613 3212 3667 καὶ
3234 3614 3307 3668 τὰ
3332 3610 3586 3682 βασίλεια,
3602 3604 3681 3658 καὶ

2117 3706 2218 3777 τὴν
2248 3707 2555 3778 ὑπόκρισιν.
2603 3705 2745 3775 Ἐγὼ
2776 3707 2833 3760 δὲ
2882 3707 3078 3776 ἄπειμι
3102 3722 3113 3733 ·
3142 3703 3366 3757 σπεύδω
3406 3702 3529 3771 γὰρ,
3558 3696 3680 3751 πάνυ

2121 3798 2356 3853 σπεύδω.
2387 3799 2650 3852 Κάκεῖνον
2676 3796 2731 3850 δὲ
2769 3797 2934 3850 εἰσέτι
2963 3795 3060 3851 νῦν
3105 3794 3323 3848 πολλῶν
3350 3794 3480 3849 ὂντα
3507 3791 3590 3844 τὸν
3609 3787 3682 3840 M-

2125 3904 2221 3958 γον
2254 3887 2535 3960 ἐπυθόμην
2557 3927 2573 3953 ,
2605 3888 2681 3952 ὡς
2723 3886 3020 3957 Ἐπιφανίῳ
3065 3885 3164 3956 μὲν
3199 3884 3459 3951 Ἰωάννης
3503 3880 3595 3949 τὴν
3632 3877 3681 3929 ἐν

2125 3982 2191 4051 τῇ
2225 3978 2464 4050 θαλάσσῃ
2490 3976 2746 4048 τελευτὴν
2773 3976 3151 4047 προεμήνυσεν
3170 3990 3185 4005 θ
3206 3976 3236 4027 ὁ
3261 3973 3321 4026 δὲ
3337 4013 3354 4037 ,
3379 3971 3582 4039 ἐκεινῳ,
3597 3967 3680 4036 τῆς

2125 4070 2432 4141 ἐπισκοπῆς
2459 4069 2559 4142 τὴν
2600 4068 2936 4140 καθαίρεσιν.
2970 4068 3059 4120 Ἐν
3091 4059 3136 4129 ᾧ
3179 4065 3294 4137 γὰρ
3325 4064 3636 4131 διεφέροντο,
3656 4057 3682 4108 ὁ

2129 4163 2226 4234 μὲν
2254 4162 2518 4234 ἐδήλωσεν
2547 4162 2764 4232 Ἰωάννῃ
2787 4177 2798 4193 ’
2826 4158 3060 4223 Ἐλπίζω
3078 4157 3137 4211 σὲ
3170 4156 3248 4228 μὴ
3276 4155 3564 4210 ἀποθανεῖν
3580 4149 3680 4205 ἑπε-

447 4268 636 4328 ceptns
692 4271 798 4317 est.
853 4264 1122 4319 Caeterum
1176 4277 1303 4317 cum
1362 4276 1554 4315 navem
1609 4273 2012 4313 conscensurus

2127 4272 2347 4308 σκοπον.
2375 4255 2432 4308 '0
2460 4255 2518 4309 δὲ
2560 4255 2811 4325 Ἰωάννης
2836 4250 3121 4321 άντεδήλου
3151 4267 3165 4281 ι
3193 4249 3336 4302 Οὐδὲ
3360 4245 3471 4316 ἐγὼ
3507 4244 3562 4297 σὲ
3595 4240 3681 4308 τῆς

445 4356 611 4413 esset,
641 4352 917 4420 episcopis
953 4354 1047 4422 qui
1095 4353 1274 4422 ipsum
1306 4350 1372 4404 ad
1416 4350 1568 4403 littus
1614 4361 1789 4416 usque
1827 4361 2012 4416 prose-

2122 4345 2223 4416 σῆς
2249 4345 2606 4418 ἐπιϐήσεσθαι
2630 4345 2857 4408 πόλεως.

446 4441 557 4495 cuti
595 4442 838 4508 fuerant,
874 4446 1080 4500 dixisse
1112 4446 1285 4501 l'ertur
1318 4463 1330 4499 :
1366 4442 1566 4499 Urbem
1594 4442 1751 4497 vobis
1781 4452 1834 4496 et
1861 4441 2144 4511 palatium,
2177 4450 2232 4498 et
2270 4458 2493 4500 scenam
2564 4442 2839 4513 relinquo.
2910 4439 3024 4509 Ego
3067 4452 3199 4495 vero
3275 4433 3556 4491 abscedo:
3612 4428 3682 4480 fe-

448 4532 596 4591 stino
641 4534 787 4590 enim
853 4544 908 4589 et
967 4533 1186 4604 quidem
1261 4534 1439 4588 valde.
1497 4531 1659 4585 Aliud
1699 4538 1962 4600 praeterea
1997 4532 2275 4603 quidpiam
2326 4533 2530 4597 audivi,
2577 4532 2723 4602 quod
2768 4533 3065 4588 multorum
3115 4527 3473 4583 sermonibus
3513 4521 3681 4577 etiam

451 4638 579 4677 num
630 4625 1058 4693 circumfertur;
1116 4625 1381 4681 Joannem
1438 4624 1656 4693 quidem
1711 4620 2016 4692 Epiphanio
2054 4624 2400 4696 praedixisse,
2433 4626 2584 4679 illum
2625 4625 2683 4694 in
2726 4625 3076 4694 navigatione
3136 4636 3266 4677 esse
3334 4610 3678 4673 moriturumi

456 4718 825 4789 Epiphanium
862 4727 1043 4773 autem
1077 4720 1478 4790 praenuntiasse
1507 4714 1704 4771 Joanni
1740 4715 2141 4771 abdicationem
2214 4720 2593 4788 episcopatus.
2665 4716 2799 4772 Nam
2850 4716 2981 4770 dum
3051 4714 3198 4768 inter
3240 4727 3303 4768 se
3350 4710 3680 4768 dissiderenl.

453 4809 792 4879 Epiphanius
848 4810 1072 4881 quidem
1131 4810 1332 4867 Joanni
1399 4809 1691 4882 scripsisse
1753 4808 2011 4864 dicitur:
2055 4810 2226 4882 Spero
2257 4820 2309 4867 te
2386 4826 2731 4882 nequaquam
2776 4811 3099 4880 episcopum
3148 4822 3278 4863 esse
3349 4805 3676 4860 moriturum.

448 4904 691 4959 Ioannes
724 4919 856 4959 vero
888 4906 1174 4977 rescripsit
1208 4906 1511 4987 Epiphanio
1540 4927 1554 4964 :
1582 4907 1693 4964 Nec
1723 4923 1823 4979 ego
1853 4923 2014 4978 spero
2056 4914 2108 4964 te
2139 4908 2193 4962 in
2224 4909 2415 4963 urbem
2457 4916 2606 4962 tuam
2639 4907 3020 4978 ingressurum
3053 4917 3197 4957 esse.

522 5086 689 5141 lSoc.
723 5086 819 5142 lib.
844 5101 920 5155 v1,
950 5103 1068 5159 cap.
1103 5088 1182 5144 l4.

1629 5273 1898 5333 VALESII
1940 5274 2484 5333 ANNOTATIONES.

2194 5436 2306 5510 (54)
2332 5428 2450 5510 far
2486 5434 2596 5490 οὐκ
2652 5433 2832 5510 abegi;-
2887 5426 3545 5510 agcaﬂslgxqtéﬁgc.“

2123 5492 2300 5560 ambo'
2342 5492 3018 5573 interpretes,_Mnsculus
3054 5492 3268 5554 scilicet
3318 5492 3375 5551 e't
3430 5492 3680 5573 Suiiridus

2121 5576 2339 5637 Petrus,
2376 5568 2771 5629 articulumth
2804 5573 2858 5626 in
2892 5568 3088 5625 neutro
3117 5582 3319 5638 genere
3335 5568 3676 5638 acceperunt.

2123 5628 2267 5714 quod
2305 5628 2433 5699 ferri
2457 5628 2567 5698 non
2587 5652 2784 5712 potest.
2818 5640 3042 5696 Rectius
3068 5628 3288 5706 Langns
3315 5636 3384 5691 de
3415 5628 3679 5714 ineriaehis

2123 5707 2260 5785 ipsis
2302 5707 2696 5786 interpretatus
2754 5723 2873 5781 est;
2926 5725 3090 5788 quem
3135 5716 3187 5767 et
3232 5721 3339 5762 nos
3380 5707 3551 5762 secuti
3590 5714 3676 5755 su-

2124 5801 2263 5846 mus.

523 5432 635 5511 ($3)
663 5432 774 5487 Καὶ
798 5432 1102 5511 Σριλάμουἶ
1136 5433 1225 5488 Sic
1248 5436 1707 5511 etiam__s_eribitur
1741 5439 1885 5511 apud
1918 5438 2018 5494 Ni-

453 5503 772 5579 cephorum.
837 5503 1063 5579 Χῖοι-ιιιῐι⁸
1090 5505 1145 5559 ίη
1177 5505 1365 5579 codice
1398 5504 1701 5579 Fukeliano
1752 5503 2016 5579 scriptum

452 5573 636 5627 ἰητριιί
656 5572 998 5641 Σαλαμάνου.
1027 5573 1309 5639 Quomodo
1330 5579 1491 5632 etiam
1517 5578 1752 5635 Savilins
1775 5581 1841 5635 ad
1870 5572 2019 5633 latus

454 5643 539 5696 sui
576 5643 786 5698 codicis
821 5643 1123 5699 adnotavit.
1161 5645 1235 5700 De
1274 5647 1465 5702 eodem
1496 5650 1786 5704 Salamane
1833 5664 2020 5703 mona-

610 5712 841 5835 gjausque
870 5713 1155 5782 fratribus,
1184 5716 1308 5775 vide
1339 5716 1701 5776 Sozomenum
1732 5721 1788 5776 in
1816 5719 1912 5776 lib.
1941 5734 2016 5786 γι,
