4040 6336
404 424 425 478 Ι
438 424 541 480 357

318 522 331 525 “
979 538 1229 594 Reman.
1272 539 1389 608 ις’.

401 632 537 702 Περὶ
566 629 675 702 τῆς
695 629 781 702 εὶς
803 617 1325 702 έὴνβασίλιονσαν
1364 630 1634 686 Ἰωάννου
1668 630 1970 701 διαφορᾶς·

468 697 567 757 καὶ
599 697 681 772 ὡς
717 697 878 772 ἥκεις
907 698 977 772 ἐξ
1025 700 1326 772 Αἰγύπτου
1352 702 1653 772 ,Θεόφιλος
1677 717 1691 733 ·
1716 697 1816 756 κάι
1839 697 1975 772 περι

466 769 751 839 Κυρίνου
773 769 880 824 τοῦ
920 769 1306 836 Χαλκηδόνος
1336 770 1694 826 ἐπισκόπου.

481 860 636 916 Ἐπεὶ
680 861 740 915 δὲ
808 861 1146 915 ἀπέπλευσεν
1217 863 1550 930 Ἐπιφάνιος,
1602 863 1977 934 ἐκκλησιάζων

413 952 667 1024 Ἰωάννης
720 952 899 1006 κοινὸν
953 952 1096 1006 κατὰ
1145 953 1421 1021 γυναικῶν
1471 952 1715 1026 διεξῆλθε
1767 954 1934 1025 ψόγον
1959 971 1974 986 ο

400 1042 815 1113 αἰνιγματωδῶς
850 1042 909 1095 δὲ
960 1042 1278 1111 συγκεῖσθαι
1320 1042 1508 1098 τοῦτον
1562 1043 1705 1098 κατὰ
1740 1046 1838 1117 τῆς
1881 1045 1975 1100 τοῦ

401 1135 667 1206 βασιλέως
685 1133 931 1204 γαμετῆς
961 1133 1019 1187 τὸ
1054 1133 1258 1203 πλῆθος
1288 1134 1522 1206 ἐδέχετο.
1554 1138 1617 1191 Ol
1648 1137 1705 1190 δὲ
1736 1136 1830 1191 τοῦ
1858 1140 1978 1192 ἐπι-

401 1225 602 1278 σκόπου
635 1223 915 1293 δυσμενεῖς
932 1262 946 1287 ,
976 1222 1071 1276 καὶ
1102 1222 1264 1278 αὐτὸν
1298 1224 1390 1278 τὸν
1423 1224 1577 1295 λόγον
1609 1225 1976 1297 ἐκλαμϐάνονο

397 1333 510 1381 τες,
550 1318 617 1386 τῇ
659 1314 891 1384 βασιλίδι
937 1314 1271 1385 διεκόμισαν.
1315 1316 1381 1369 Ἡ
1420 1316 1479 1370 δὲ
1521 1317 1673 1390 παρὰ
1706 1318 1783 1389 τῷ
1823 1320 1978 1392 ἀνδρὶ

397 1406 497 1477 τὴν
531 1405 689 1476 ὓϐριν
721 1404 1065 1477 ἁπωδύρατο,
1086 1405 1178 1460 καὶ
1202 1406 1458 1475 Θεόφιλον
1481 1408 1672 1464 θᾶττον
1703 1414 1977 1483 παρεῖναι,

400 1497 494 1550 καὶ
548 1497 766 1550 σύνοδον
813 1500 987 1551 ποιεῖν
1033 1499 1355 1570 κατήπειγε.
1398 1502 1741 1573 Συνέπραττε
1788 1505 1846 1558 δέ
1887 1508 1981 1560 καὶ

402 1587 873 1657 συγκατεσκεύαζε
915 1588 1087 1643 ταῦτα
1125 1591 1220 1644 καὶ
1263 1592 1589 1663 Σεδηριανδς
1615 1597 1644 1648 ὁ
1683 1596 1721 1647 Γ
1722 1597 1977 1666 αὸαλεὺς,

398 1678 551 1733 οὔπω
579 1680 679 1750 τῆς
709 1681 978 1751 προτέρας
1007 1681 1340 1750 ἀπαλλαγεὶς
1385 1683 1577 1756 λύπης.
1627 1686 1786 1741 Ἀλλὰ
1824 1689 1983 1742 πότε-

406 1788 515 1841 ρον,
552 1769 723 1833 οὕτως
762 1769 838 1834 ὡς
865 1769 1072 1841 ἔτυχεν,
1107 1773 1200 1827 ἐπὶ
1227 1772 1413 1829 τοῦτον
1452 1776 1702 1848 Ἰωάννης
1729 1780 1977 1853 προήχθη

1374 423 1697 481 HISTORIA
1742 424 2296 484 ECCLESIASTICA.
2337 459 2405 470 --
2445 427 2574 483 LIB.
2622 429 2753 485 Vl".

2013 547 2062 603 Α

3518 434 3543 489 1
3556 433 3657 491 558

2706 543 2858 597 CAP.
2898 540 3036 597 XVI.

2081 632 2156 687 De
2184 634 2537 710 impergtricis
2562 633 3110 710 simultategdversus
3136 632 3417 710 Joannem,
3443 647 3492 710 et
3521 654 3654 710 quo-

2149 703 2302 775 modo
2345 704 2658 775 Theophilus
2699 719 2764 759 ea:
2813 703 3046 775 Afgypto
3091 706 3393 772 advenerit;
3440 703 3653 763 itentde

2147 772 2347 843 Cyrino
2373 773 2722 830 Chalcedonis
2744 772 3006 844 episcopo.

2147 864 2323 921 Porro
2368 865 2620 937 digresso
2665 866 2733 922 ab
2776 865 2914 921 urbe
2965 865 3294 937 Epiphanio,
3325 866 3570 926 Joannes
3602 871 3656 924 in

2076 958 2309 1014 ecclesia
2345 959 2510 1013 verba
2551 957 2787 1023 faciens,
2828 973 3175 1014 communem
3222 960 3491 1017 adversus
3533 977 3653 1016 mu-

2077 1052 2243 1107 lieres
2283 1052 2744 1122 vituperationem
2784 1054 3024 1110 instituit
3056 1055 3096 1109 ί.
3131 1053 3263 1108 Eam
3306 1056 3544 1125 populus
3586 1057 3656 1110 ita

2078 1146 2315 1214 accepit,
2344 1146 2502 1214 quasi
2529 1146 2797 1202 adversus
2820 1147 3165 1218 imperatoris
3198 1149 3491 1219 conjugem
3522 1148 3657 1220 ligu-

2076 1242 2197 1291 rate
2229 1238 2532 1306 composita
2557 1237 2775 1293 fuisset.
2802 1238 2866 1293 Hi
2894 1254 3023 1295 vero
3047 1240 3142 1310 qui
3171 1240 3428 1310 episcopo
3456 1240 3656 1295 infensi

2079 1336 2259 1392 erant,
2290 1330 2598 1385 orationem
2630 1329 2805 1400 ipsam
2851 1331 3213 1402 excipientes,
3248 1333 3312 1386 ad
3347 1333 3655 1402 imperatri-

2080 1434 2198 1475 cem
2232 1420 2551 1475 attulerunt.
2586 1418 2704 1486 Illa,
2756 1421 2898 1491 apud
2926 1421 3309 1492 imperatorem
3353 1421 3422 1477 de
3464 1433 3658 1477 contu-

2081 1510 2243 1566 melia
2282 1525 2382 1565 sua
2425 1511 2664 1581 graviter
2692 1520 3015 1580 conquesta,
3050 1511 3414 1582 Theophilum
3462 1525 3658 1582 urgere

2082 1603 2270 1672 erepit,
2315 1610 2375 1658 ut
2416 1604 2744 1671 quantocius
2794 1604 3078 1660 adveniret
3109 1612 3163 1660 et
3203 1605 3473 1676 synodum
3526 1618 3656 1658 con-

2081 1701 2352 1765 gregaret.
2387 1694 2756 1748 Adnitebatur
2789 1695 2953 1749 etiam
2984 1705 3036 1750 et
3060 1696 3339 1766 negotium
3371 1709 3658 1766 promove—

2084 1786 2174 1841 bat
2206 1785 2540 1842 Severianus
2571 1785 2915 1853 Gabalensis,
2942 1786 3187 1842 nondum
3213 1787 3416 1857 prioris
3438 1786 3659 1844 oﬂ'ensae

398 1862 490 1916 τὸν
536 1861 724 1931 λόγον,
771 1861 804 1932 ἢ
852 1861 928 1934 ῶς
972 1879 1115 1927 τινες
1160 1863 1444 1933 λέγουσιν,
1479 1868 1784 1940 ὑπονοήσας
1825 1871 1900 1935 ὼς
1940 1873 1974 1942 ἡ

2081 1876 2300 1933 oblitus.
2355 1875 2553 1933 Utrum
2610 1892 2778 1948 porro
2830 1877 3074 1934 Joannes
3130 1877 3359 1933 fortuito
3413 1878 3482 1933 ad
3537 1893 3658 1932 eam

402 1953 611 2024 βασιλὶς
641 1953 857 2008 ἔπεισεν
886 1955 1198 2025 Ἐπιφάνιον
1222 1958 1590 2014 ἐπιϐουλεύειν
1619 1963 1787 2033 αὐτῷ,
1822 1965 1976 2037 ἀκρι-

400 2047 511 2111 ϐῶς
542 2047 641 2101 ούκ
677 2046 784 2117 ἐχω
808 2048 1007 2117 λέγειν.
1028 2050 1143 2104 Οὐκ
1169 2053 1247 2113 είς
1282 2052 1496 2122 μακρὰν
1524 2052 1579 2106 δὲ
1607 2055 1700 2107 καὶ
1722 2055 1977 2126 Θεόφιλος

401 2142 583 2209 παρῆν
608 2140 688 2198 είς
720 2139 1038 2211 Χαλκηδόνα
1067 2141 1167 2212 τὴν
1196 2142 1455 2209 Βιθυνῶν,
1473 2145 1567 2197 καὶ
1590 2144 1740 2200 ἄλλοι
1768 2147 1976 2202 πολλῶν

401 2230 607 2283 πόλεων
636 2230 922 2285 ἐπίσκοποι
946 2248 961 2263 ο
996 2233 1046 2285 οἱ
1079 2234 1197 2303 μὲν,
1222 2233 1326 2286 ὑπὸ
1351 2233 1610 2304 Θεοφίλου
1640 2239 1980 2311 προτραπέν-

400 2338 491 2384 τες
520 2336 534 2351 '
570 2322 620 2374 οί
665 2321 722 2374 δὲ
744 2361 758 2386 ,
792 2322 1051 2392 βασιλέως
1095 2314 1478 2398 προστάγματι
1524 2329 1975 2400 μετακληθέντες.

403 2412 610 2484 Σπουδῇ
632 2413 689 2466 δὲ
719 2414 948 2484 μάλιστα
970 2416 1252 2487 συνῄεσαν,
1275 2419 1388 2472 ὅσοι
1409 2436 1469 2472 τε
1496 2419 1605 2473 τῶν
1622 2423 1682 2475 ὲν
1710 2421 1866 2493 Ἀσίᾳ
1881 2424 1979 2495 τῆς

402 2503 704 2574 ἐπισκοπῆς
727 2506 1007 2576 ἀφῄρηντο
1034 2506 1185 2576 παρὰ
1214 2508 1480 2574 Ἰωάννου,
1507 2513 1600 2563 καὶ
1620 2511 1732 2565 ὅσοι
1758 2511 1980 2568 ἄλλοθεν

401 2595 574 2658 ἄλλως
598 2595 708 2665 (55)
736 2597 885 2667 αὐτῷ
929 2597 1304 2668 ἀπηχθάνοντο
1324 2615 1337 2631 ο
1374 2601 1475 2672 ἤδη
1508 2603 1563 2655 δὲ
1595 2603 1687 2656 καὶ
1730 2605 1788 2671 ἐξ
1816 2606 1979 2675 Αίγύ-

403 2701 536 2737 πτου
567 2685 690 2755 νῆες
735 2684 802 2748 ἃς
853 2686 1110 2754 θεόφιλος
1155 2687 1496 2757 περιέμενεν,
1535 2691 1615 2753 είς
1662 2691 1980 2764 Χαλκηδόνα

400 2777 673 2844 ἀφίκοντο.
709 2776 1077 2831 Συνελθόντων
1108 2777 1164 2831 δὲ
1199 2779 1415 2832 πάντων
1440 2782 1520 2844 είς
1550 2783 1742 2836 ταυτὸν
1770 2784 1977 2854 ἐνθάδε,

403 2869 494 2922 καὶ
517 2868 915 2939 βουλευομένων
942 2870 1088 2932 ὅπως
1114 2870 1295 2933 αὐτοῖς
1323 2872 1462 2925 κατὰ
1493 2873 1715 2945 γνώμην
1744 2876 1979 2948 προδαίη

401 2964 434 3031 ἡ
467 2964 607 3015 κατᾶ
647 2962 889 3015 Ἰωάννου
919 2963 1275 3033 ἐπιχείρησις,
1296 2964 1549 3035 Κυρῖνος,
1569 2965 1626 3029 ὃς
1649 2967 1831 3036 ἠγεῖτο
1859 2967 1978 3021 τότε

400 3055 497 3123 τῆς
530 3056 585 3106 ἐν
620 3053 919 3124 Χαλκηδόνι
950 3052 1299 3124 Ἑκκλησίας,
1334 3055 1427 3108 καὶ
1462 3056 1603 3110 κατὰ
1635 3057 1695 3110 τὸ
1724 3060 1980 3128 συγγενὲς

404 3144 531 3208 ἴσως
577 3145 820 3215 Θεοφίλῳ
863 3145 1219 3215 χαριζόμενος
1250 3161 1263 3175 ⁸
1304 3142 1372 3218 ἦν
1402 3147 1510 3218 γὰρ
1539 3148 1854 3216 Αἰγύπτιος,
1886 3152 1980 3206 καὶ

400 3236 574 3298 ἄλλως
626 3237 881 3306 διάφορος
927 3236 1147 3308 Ἰωάννῃ
1198 3215 1513 3308 τυγχάνων,
1547 3240 1770 3296 πλεῖστα
1818 3244 1981 3299 αὐτὸν
2006 3215 2050 3274 c

402 3329 679 3400 ἐλοιδόρει.
704 3330 906 3400 Ταχεῖα
937 3330 992 3383 δὲ
1024 3329 1225 3383 τούτων
1245 3331 1351 3384 τῶν
1379 3331 1586 3403 ὕϐρεων
1616 3333 1793 3400 ἔδοξεν
1820 3337 1982 3392 αὐτὸν

406 3422 647 3491 μετιέναι
690 3422 834 3492 δίκη.
869 3424 1163 3494 Μαρουθᾶς
1199 3424 1308 3494 γὰρ
1336 3425 1364 3477 ὁ
1409 3426 1474 3479 ἐκ
1519 3428 1977 3500 Μεσοποταμίας,

405 3513 580 3566 συνὼν
627 3515 740 3577 τοῖς
796 3516 1120 3579 ἐπισκόποις
1145 3556 1159 3581 ,
1195 3515 1342 3569 ἄκων
1391 3516 1558 3570 αὐτοῦ
1602 3517 1827 3588 θάτερον
1869 3522 1981 3573 τοῖν

403 3605 583 3658 ποδοῖν
643 3605 935 3676 ἐπάτησεν.
1003 3607 1309 3678 Ὀδυνηθεὶς
1359 3610 1433 3676 δέ,
1486 3609 1669 3663 οὐκέτι
1720 3613 1816 3665 σὺν
1867 3614 1980 3677 τοῖς

402 3696 583 3759 ἄλλοις
616 3695 852 3767 ἱερεῦσιν
902 3698 983 3760 είς
1027 3699 1594 3754 Κωνσταντινούπολιν
1641 3702 1978 3774 ἐπεραιώθη,

405 3785 605 3854 καίπερ
635 3788 926 3854 ἀναγκαῖος
952 3783 1090 3840 εἶναι
1118 3789 1289 3842 δοκῶν
1315 3790 1451 3860 πρὸς
1476 3790 1577 3855 τὰς
1618 3793 1759 3847 κατὰ
1802 3794 1983 3849 Ἰωάν-

406 3894 495 3929 νου
527 3877 838 3940 ὲπιὸουλάς.
871 3879 1024 3931 Μετὰ
1042 3879 1214 3933 ταῦτα
1238 3879 1294 3932 δὲ
1319 3880 1503 3945 κακῶς
1527 3881 1811 3947 διατεθεὶς,
1847 3885 1980 3939 πολ-

403 3969 561 4032 λάκις
607 3969 718 4040 (56)
772 3970 877 4022 ὑπὸ
924 3969 1032 4022 τῶν
1081 3971 1279 4040 ἰατρῶν
1330 3972 1641 4042 ἀπεπρίσθη
1675 3973 1735 4027 τὸ
1770 3974 1977 4039 σκέλος.

417 4060 803 4131 Ἐπιγενομένη
834 4062 938 4131 γὰρ
975 4062 1239 4131 σηπεδὼν,
1257 4063 1317 4116 τὸ
1338 4066 1443 4118 πᾶν
1471 4064 1765 4135 ἐπενέμετο
1798 4065 1978 4137 σῶμαο

405 4152 481 4214 ὡς
514 4151 724 4204 καὶτὸν
757 4151 942 4222 ἓτερον
972 4152 1108 4205 πόδα
1145 4153 1339 4206 ταυτὸν
1371 4155 1676 4223 ὑπομεῖναι,
1709 4157 1774 4226 τῇ
1815 4172 1980 4226 μετα-

404 4242 547 4295 δόσει
589 4242 682 4295 τοῦ
722 4242 944 4307 πάθους.
980 4243 1119 4296 Ἀλλ’
1157 4245 1185 4296 ὁ
1221 4244 1319 4313 μὲν
1359 4244 1419 4296 οὐ
1457 4244 1635 4316 πολλῷ
1676 4245 1900 4318 ὕστερον
1927 4249 1986 4302 ἐν

405 4337 526 4397 ταῖς
549 4333 759 4398 ὀδύναις
786 4334 1038 4388 ἐτελεύτα
1058 4335 1150 4388 τὸν
1185 4334 1317 4404 βίον.

2076 1971 2378 2026 orationem
2422 1979 2715 2041 provectus
2746 1971 2839 2036 sit,
2869 1984 2962 2035 an,
2997 1979 3056 2023 ut
3091 1968 3314 2039 quidam
3351 1969 3562 2034 dicunt,
3593 1984 3659 2023 eo

2075 2063 2222 2132 quod
2289 2062 2679 2132 suspicabatur
2737 2060 3107 2131 Epiphanium
3173 2060 3242 2114 ab
3307 2059 3663 2130 imperatrice

2079 2153 2373 2222 impulsum
2406 2151 2575 2209 fuisse
2601 2159 2659 2207 ut
2686 2151 2918 2207 insidias
2962 2151 3066 2221 ipsi
3095 2157 3358 2216 strueret,
3402 2149 3659 2221 equidem

2080 2252 2236 2299 certo
2265 2243 2538 2299 allirmare
2573 2259 2679 2299 non
2714 2257 2963 2313 possum.
2994 2240 3157 2296 [laud
3187 2240 3363 2295 multo
3390 2248 3518 2312 post
3542 2241 3663 2310 ipse

2081 2350 2300 2406 quoque
2324 2333 2662 2403 Theophilus
2686 2332 3093 2388 Chalcedonem
3119 2328 3391 2402 Bithyniae
3417 2328 3660 2393 advenit,

2079 2435 2134 2479 et
2176 2438 2287 2477 una
2332 2437 2456 2477 cum
2493 2422 2585 2476 illo
2618 2421 2935 2491 complures
2974 2419 3245 2491 episc0pi,
3279 2418 3372 2474 alii
3411 2431 3443 2473 a
3483 2414 3664 2472 Theo-

2082 2515 2233 2586 philo
2281 2512 2518 2578 invitati,
2569 2511 2665 2567 alii
2715 2511 3073 2584 imperatoris
3115 2511 3279 2581 jussu
3335 2508 3520 2565 acciti.
3562 2505 3663 2564 Ve-

2080 2620 2202 2661 rum
2264 2604 2565 2660 studiosius
2616 2617 2784 2674 quam
2823 2602 3023 2672 reliqui
3083 2615 3413 2665 convenere,
3460 2606 3583 2667 tum.
3621 2599 3662 2654 li

2079 2694 2282 2767 quibus
2335 2691 2582 2748 Joannes
2636 2691 2693 2746 in
2747 2691 2877 2747 Asia
2926 2690 3304 2760 episcopatum
3357 2686 3659 2751 ademerat,

2079 2794 2199 2840 tum
2229 2787 2567 2857 quicunque,
2597 2783 2742 2838 alius
2776 2783 2943 2836 aliam
2971 2782 3041 2836 ob
3066 2795 3313 2847 causam,
3340 2780 3419 2834 illi
3454 2777 3661 2834 infensi

2082 2884 2258 2933 erant.
2312 2875 2545 2948 Jamque
2595 2875 2824 2929 aderant
2878 2889 2946 2929 ex
3004 2872 3244 2944 {Egypto
3299 2884 3469 2926 naves
3522 2883 3661 2940 quas

2084 2969 2416 3041 Theophilus
2428 2967 2805 3038 exspectabat,
2827 2975 2882 3020 et
2898 2965 3295 3021 Chalcedonem
3312 2962 3657 3032 appulerant.

2082 3061 2333 3131 Cumque
2391 3059 2629 3114 universi
2678 3058 2842 3114 simul
2873 3057 2989 3112 illic
3027 3054 3443 3121 convenissent,
3496 3060 3663 3121 atque

2083 3153 2230 3207 inter
2274 3166 2334 3207 se
2379 3149 2779 3215 consultarent,
2822 3162 2928 3218 qua
2981 3146 3194 3201 ratione
3242 3153 3477 3200 conatus
3526 3141 3662 3210 ipsis

2084 3244 2349 3298 adversus
2402 3239 2672 3296 Joannem
2718 3255 2786 3294 ex
2831 3249 2954 3294 veto
3011 3236 3352 3302 succederet,
3401 3233 3661 3304 Cyrinus,

2084 3331 2177 3403 qui
2211 3339 2345 3386 tunc
2370 3328 2847 3384 Nicomediensem
2874 3327 3101 3397 regebat
3127 3323 3451 3388 Ecclesiam,
3483 3319 3664 3374 Theo-

2083 3424 2233 3495 philo
2273 3421 2533 3478 fortassis
2570 3420 2890 3491 gratiﬁcans
2928 3418 2998 3473 ob
3036 3416 3256 3488 generis
3304 3412 3654 3485 conjunctio-

2082 3531 2205 3572 nem
2244 3533 2259 3571 :
2300 3522 2421 3570 erat
2466 3512 2616 3570 enim
2667 3511 2976 3584 Egyptius,
3020 3517 3075 3566 et
3122 3507 3332 3580 alioqui
3380 3520 3411 3560 a
3455 3498 3664 3560 Joanne

2087 3605 2389 3664 dissidebat
2425 3621 2439 3659 :
2476 3603 2668 3660 multis
2706 3617 2831 3658 eum
2881 3601 3097 3673 probris
3129 3609 3183 3656 et
3217 3596 3489 3655 conviciis
3529 3609 3664 3650 one-

2086 3700 2250 3756 ravit.
2280 3696 2485 3753 Verum
2526 3695 2709 3751 divina
2756 3694 2973 3765 justitia
3009 3691 3471 3749 contumeliarum
3540 3686 3658 3742 illa-

2048 3791 2211 3846 ‘rum
2255 3789 2406 3844 brevi
2453 3787 2650 3843 abillo
2686 3800 2879 3855 pmnas
2931 3785 3138 3855 exegit.
3180 3780 3464 3836 Marutbas
3514 3775 3661 3832 enim

2086 3891 2240 3938 ortus
2267 3895 2335 3935 ex
2363 3876 2782 3947 Mesopotamia,
2810 3875 2905 3945 qui
2940 3887 3050 3928 una
3087 3887 3212 3926 cum
3246 3866 3525 3940 episcopis
3548 3865 3664 3921 illic

2089 3975 2314 4035 aderat,
2366 3971 2510 4026 forte
2568 3970 2802 4025 alterum
2859 3964 3107 4037 ejusdem
3157 3962 3351 4033 pedem
3404 3958 3661 4015 calcavit.

2090 4066 2246 4123 Unde
2287 4062 2517 4119 allectus
2557 4061 2767 4124 dolore,
2797 4073 2908 4113 una
2948 4072 3072 4112 cum
3112 4047 3345 4124 reliquis
3388 4047 3666 4122 episcopis

2090 4154 2626 4224 Constantinopolim
2684 4151 2942 4220 trajicere
2998 4162 3104 4204 non
3161 4146 3361 4216 potuit,
3416 4144 3544 4197 licet
3594 4140 3664 4194 ad

2035 4245 2375 4304 struendas
2422 4243 2620 4300 Joanni
2678 4241 2906 4296 insidias
2963 4238 3254 4294 admodum
3312 4233 3668 4290 necessarius

2082 4339 2387 4395 videretur.
2426 4335 2623 4391 Postea
2674 4348 2807 4388 vero
2854 4346 2978 4386 cum
3022 4346 3090 4387 ex
3133 4329 3293 4400 357
3328 4342 3394 4384 eo
3434 4326 3665 4381 vulnere

409 4427 552 4480 male
591 4426 1007 4492 haberet,-crus
1035 4426 1083 4480 ei
1128 4440 1237 4479 non
1282 4424 1452 4480 semel
1483 4439 1513 4478 a
1543 4425 1772 4483 medicis
1849 4429 2149 4485 dissectum
2209 4438 2312 4483 est.
2374 4423 2781 4495 Superveniens
2805 4422 2952 4477 enim
2981 4418 3212 4491 putredo
3243 4425 3417 4474 totum
3466 4426 3666 4484 corpus

408 4517 810 4586 depascebatur
845 4536 858 4572 :
893 4517 1028 4571 adeo
1055 4525 1112 4571 ut
1134 4518 1273 4571 alter
1305 4532 1525 4586 quoque
1554 4532 1650 4587 pes
1681 4518 1821 4572 idem
1855 4535 2051 4589 passus
2083 4521 2156 4575 sit
2176 4535 2243 4574 ex
2276 4525 2463 4571 mutua
2515 4514 2722 4570 doloris
2760 4513 3283 4569 communicatione.
3348 4508 3414 4563 Et
3505 4508 3666 4578 Cyri-

409 4630 514 4669 nus
553 4590 773 4684 quidem
823 4612 971 4667 haud
1007 4613 1179 4668 multo
1227 4621 1350 4683 post
1390 4613 1446 4667 in
1488 4613 1773 4668 doloribus
1827 4617 2149 4687 exspiravit.

1012 4731 1261 4785 ΚΕΦΑΛ.
1296 4731 1394 4783 IZ'.

412 4823 550 4903 Περέ
576 4823 686 4893 τῆς
717 4822 1336 4905 γενομένης-σογόδου
1363 4822 1520 4905 ξηιρρ
1548 4824 1859 4904 Θεοφίλου,
1885 4825 1984 4905 zeal:

482 4894 596 4946 τῶν
623 4891 987 4961 κατηγοριῶν
1026 4891 1301 4947 Ἰωάννου
1351 4894 1419 4946 ἐν
1459 4892 1853 4960 Ῥουφιαναῖς.
1880 4893 1990 4947 Καὶ

479 4965 558 5028 ὡς
601 4965 844 5029 κληθεὶς
900 4962 1200 5027 Ἰωάννης,
1232 4962 1328 5015 καὶ
1359 4961 1444 5032 μὴ
1487 4964 1984 5032 παραγενόμενος,

481 5035 616 5102 παρ’
653 5033 839 5087 αὑτοῦ
871 5033 1188 5101 καθῃρέθη.

480 5122 844 5195 Περαιωθέντι
860 5123 916 5176 δὲ
941 5122 1200 5191 Θεοφίλῳ,
1227 5121 1400 5185 οὐδεὶς
1426 5121 1532 5176 τῶν
1553 5119 1989 5177 Κωνσταντινου-

2320 4613 2334 4645 ¹
2367 4613 2493 4670 Soc.
2524 4612 2619 4666 lib.
2663 4625 2738 4674 vr,
2770 4625 2895 4681 cap.
2938 4610 3026 4665 1-5.

2705 4725 2857 4782 CAP.
2883 4723 3048 4779 XVII.

2084 4823 2161 4878 De
2189 4820 2388 4893 synodo
2416 4838 2446 4875 a
2486 4817 2765 4893 Theophila
2792 4817 2936 4893 facta
2962 4817 3016 4869 in
3055 4814 3379 4893 Rnﬁninnis,
3405 4825 3454 4893 et
3481 4818 3545 4893 de
3574 4836 3664 4873 ac-

2157 4886 2514 4946 cusationibus
2537 4886 2785 4943 adversus
2802 4886 3084 4939 Joannem.
3120 4886 3187 4938 Et
3216 4888 3475 4954 quomodo
3493 4888 3664 4943 Joan-

2159 4980 2246 5016 nes
2282 4973 2495 5016 vocatus
2516 5002 2529 5021 ,
2560 4977 2676 5013 cum
2717 4974 2769 5012 se
2799 4956 3004 5024 judicio
3035 4973 3137 5010 non
3178 4958 3406 5024 sisteret,
3430 4976 3461 5012 a
3495 4959 3663 5013 Theo-

2156 5033 2302 5101 pln'lo
2332 5031 2599 5101 depositus
2630 5039 2729 5084 est.

2160 5122 2334 5177 Porro
2373 5137 2497 5178 cum
2543 5119 2883 5192 Theophilus
2921 5117 3463 5191 Constantinopolim
3500 5121 3660 5188 trajec

1559 5216 1843 5294 'VALEsn
1883 5233 2440 5294 ANNOTATIONES.

646 5337 937 5418 Ἀεζλοθεχ
970 5333 1198 5418 dilue.
1241 5330 1604 5418 Scribepdum
1661 5342 1745 5418 est
1806 5334 1980 5418 ἄλλος,

2094 5334 2310 5404 opinor.
2343 5330 2456 5399 Ego
2478 5343 2609 5383 vero
2642 5329 3023 5418 post-verbum
3058 5327 3323 5418 διατεθείς
3355 5326 3663 5418 digtipctio-

412 5403 584 5460 ut'in'
638 5406 824 5460 codice
888 5403 1194 5458 Fuketiano
1260 5403 1607 5457 emendatum
1669 5413 1752 5458 est
1796 5404 1983 5459 eadem

415 5492 598 5529 manu.

483 5545 596 5616 (56)
634 5543 842 5609 Καλῶς
871 5541 1158 5616 διατεθεὶς
1196 5541 1513 5616 πολλάκις.
1536 5538 1707 5616 Xarie
1732 5543 1879 5616 hunc
1904 5544 1984 5598 l0-

413 5610 536 5669 cuin
571 5610 938 5670 distinxerunt
981 5612 1324 5683 interpretes.
1362 5610 1495 5683 Nam
1534 5611 1814 5667 Musculus
1858 5616 1982 5683 qui-

413 5686 533 5739 dem
558 5694 680 5753 post
706 5698 894 5736 vocem
925 5681 1200 5753 πολλάκις,
1254 5680 1659 5753 distinctionem
1707 5680 1979 5752 apposuit.

418 5749 691 5810 Suﬂ‘r'idns
737 5760 919 5806 autem
981 5749 1171 5802 Petrus
1223 5757 1343 5815 post
1390 5751 1487 5805 has
1527 5764 1686 5804 voces
1732 5749 1836 5804 ὑπὸ
1877 5753 1984 5806 τῶν

420 5826 618 5894 ἰατρῶν
666 5820 1020 5890 interpunxit,
1070 5834 1133 5871 ex
1192 5818 1327 5874 libro
1375 5819 1881 5889 Christophorsoni,
1927 5832 1984 5877 ιιι

2091 5394 2213 5459 nem
2243 5394 2516 5471 apponere
2542 5394 2737 5471 ‘mal'ui,
2772 5407 2888 5471 tum
2927 5399 3053 5468 quia
3089 5401 3141 5451 in
3181 5398 3381 5471 codice
3408 5394 3661 5471 Fulielia-

2090 5489 2162 5527 no
2187 5472 2260 5525 ita
2279 5465 2650 5539 "distinguitur
2678 5470 2763 5539 hic
2798 5465 2972 5530 locus,
3002 5467 3299 5539 ιιιιηῌιιιιῇιι⁸
3319 5465 3660 5539 Nicephorius

2090 5543 2166 5597 ita
2197 5534 2554 5609 inlerpuniit.
2615 5538 2895 5609 De_hujus
2913 5552 3072 5606 porro
3115 5535 3301 5609 Cyrini
3357 5534 3549 5609 morbo
3584 5534 3661 5585 Io-

2091 5613 2275 5681 quitur
2306 5603 2576 5681 Palladius
2600 5603 2815 5681 ιιι-*ἯιΔή
2842 5603 3234 5681 Chrysostomi,
3263 5603 3349 5681 ita
3367 5603 3655 5681 scribens:

2093 5672 2315 5751 ’Ἕτερος
2350 5679 2459 5742 ζῶν
2483 5679 2549 5751 τά
2574 5676 2736 5751 σκέλη
2767 5677 2870 5739 ἕως
2895 5672 3480 5751 γρῖιάτωνλκατχόλίγον
3505 5672 3659 5751 ἐπρί-

2090 5738 2328 5816 ζετοέτέὶ
2360 5738 2631 5819 τριετίαν,
2697 5738 3013 5817 ἐρυσιπέλου
3068 5738 3223 5805 δῆθεν
3246 5738 3345 5805 τὰς
3403 5738 3659 5810 ἀφορμὰς

2092 5838 2400 5889 γεννωντος.
