4040 6336
312 379 433 436 i561

1251 382 1582 439 HISTORIA
1622 385 2266 444 ECCLESIASTICA.—
2304 386 2432 442 LIB.
2470 385 2604 442 VIII.

3421 382 3559 441 1562

309 492 582 560 οὸύτερον,
613 494 704 548 καί
734 495 943 551 Παῦλον
995 490 1370 570 ἀναγνώστην.
1409 499 1468 552 '0
1511 499 1568 553 δὲ
1610 501 1881 572 Ἰωάννης,

1997 507 2131 558 inter
2172 503 2262 559 sui
2298 503 2566 572 temporis
2596 500 2901 558 monachos
2931 514 3118 571 parem
3144 500 3433 556 Ammonio
3463 518 3561 555 cx-

308 585 491 649 άλλους
518 587 578 641 τέ
610 604 761 651 τινας
786 589 894 642 τῶν
922 590 1243 661 ἐπιτηδείων
1272 590 1420 661 αὑτῷ
1459 591 1756 663 κληρικῶν,
1786 594 1880 646 καὶ

307 677 608 747 Δημήτριον
641 677 735 731 τὸν
773 680 1119 746 Πισινοῦντος
1148 682 1444 737 ἐπίσκοπον
1462 682 1711 754 πέμψας,
1743 683 1881 753 πρὸς

307 770 495 831 αὐτοὺς
548 767 700 836 ἔλεγε
749 772 823 842 μὴ
876 773 1212 842 ἀποφεύγειν
1262 773 1361 844 τὴν
1402 772 1582 845 κρίσιν
1613 791 1626 805 ο
1662 773 1880 843 ἕτοιμος

305 861 357 914 δὲ
383 857 540 926 εἶναι,
564 861 615 914 εἰ
639 862 904 934 πρότερον
938 864 1097 934 μάθοι
1122 866 1250 928 τοὺς
1270 864 1630 935 κατηγόρους,
1666 865 1761 919 καὶ
1780 864 1880 935 τὴν

306 951 514 1022 γραφὴν
540 953 917 1022 ἐπισκέψαιτο,
942 956 1035 1009 ἐπὶ
1065 957 1309 1026 μείζονος
1338 948 1723 1023 ἀπολογεῖσθαι
1750 973 1879 1009 συν-

305 1043 442 1097 όδου,
490 1044 583 1115 Μὴ
624 1044 734 1116 γὰρ
782 1046 1053 1115 αἱρεῖσθαι
1086 1047 1311 1119 ἀνόητόν
1358 1064 1410 1100 τι
1442 1047 1754 1117 ὑπομένειν,
1784 1049 1880 1101 καὶ

306 1133 615 1204 περιφανῶν
636 1135 848 1206 ἐχθρῶν
866 1137 1152 1208 ἀνέχεσθαι
1171 1137 1462 1192 δικαστῶν.
1493 1139 1581 1201 Ὠς
1602 1137 1881 1192 ἀπειθοῦν·

305 1240 389 1286 τος
410 1223 468 1276 δὲ
500 1225 701 1296 συνόδῳ
724 1227 1162 1296 χαλεπαινόντων
1190 1228 1390 1293 αὐτῶν,
1416 1230 1466 1281 οἱ
1499 1228 1598 1299 μὲν
1622 1229 1729 1281 τῶν
1753 1229 1878 1282 τάδε

304 1313 688 1382 ἀγγειλάντων,
715 1316 989 1382 δείσαντες
1009 1318 1550 1390 οὐκέτιάνὲστρεφον.
1572 1321 1879 1391 Δημήτριος

305 1401 378 1466 δὲ,
399 1402 493 1457 καὶ
526 1404 641 1458 ὅσοι
678 1405 779 1476 τὴν
833 1408 1078 1461 Ἰωάννου
1122 1407 1434 1479 προετίμων
1467 1411 1772 1475 συνουσίαν,
1804 1410 1880 1474 ὡς

304 1494 464 1548 αὑτὸν
506 1495 825 1567 ἐπανῆλθον.
869 1499 1008 1551 Κατ’
1037 1498 1209 1570 αὐτὴν
1241 1498 1297 1552 δὲ
1326 1499 1426 1571 τὴν
1473 1500 1685 1571 ἡμέραν
1717 1519 1880 1572 ταχυ-

304 1584 499 1657 δρόμος
524 1588 618 1641 καὶ
646 1590 994 1660 ταχυγράφος
1032 1592 1097 1643 ἐκ
1121 1590 1230 1643 τῶν
1257 1590 1542 1661 βασιλείων
1575 1594 1881 1664 παραγενό-

309 1693 477 1746 μενοι,
510 1678 602 1732 τὸν
632 1679 732 1750 μὲν
762 1685 1092 1751 κατήπειγον
1131 1682 1268 1753 πρὸς
1292 1684 1418 1746 τοὺς
1443 1683 1771 1749 ἐπισκόπους
1794 1685 1880 1738 ἐλ-

306 1770 448 1825 θεῖν·
482 1771 609 1834 τοὺς
649 1771 727 1838 δέ,
761 1772 835 1844 μὴ
871 1773 1083 1844 μέλλειν
1112 1775 1242 1845 περὶ
1276 1773 1373 1845 τὴν
1402 1775 1602 1845 κρίσιν.
1642 1776 1795 1830 Ἐπεὶ
1821 1776 1879 1849 δέ

1988 593 2221 656 stitisse,
2255 594 2509 663 quamvis
2541 594 2692 648 illum
2728 593 2783 647 in
2814 594 3083 648 maximas
3110 592 3559 663 perturbationes

1987 684 2344 754 conjecisset.
2372 684 2481 740 Sed
2517 694 2698 740 tamen
2730 685 2835 741 hoc
2874 685 2952 738 illi
2983 700 3049 740 ex
3076 684 3246 738 animi
3288 685 3559 738 sententia

1986 780 2281 834 successit.
2311 777 2487 833 Porro
2527 778 2771 849 synodus
2813 780 3044 834 cunctos
3089 777 3557 845 Constantinopo-

1986 872 2167 925 litanae
2206 872 2360 926 urbis
2402 873 2636 926 clericos
2689 873 2755 926 ad
2804 886 2864 927 se
2892 870 3166 934 evocavit,
3222 869 3561 938 depositione

1985 961 2096 1016 illis
2127 962 2479 1018 interminata
2509 965 2601 1034 qui
2630 979 2740 1018 non
2768 963 3267 1032 obtemperassent.
3292 958 3559 1015 Joannem

1986 1068 2207 1124 quoque
2246 1054 2312 1109 ad
2346 1070 2570 1112 causam
2611 1054 2902 1111 dicendam
2931 1053 3169 1109 vocavit.
3200 1052 3268 1107 Et
3296 1068 3401 1106 una
3431 1065 3560 1106 cum

1984 1144 2081 1200 illo
2110 1144 2467 1215 Serapionem
2503 1146 2697 1203 adesse
2738 1146 2932 1218 jussit,
2960 1154 3017 1201 et
3048 1145 3295 1217 Tigrium
3328 1142 3557 1214 presby-

1986 1243 2162 1291 terum
2186 1251 2310 1291 cum
2335 1234 2507 1293 Paulo
2536 1239 2763 1295 lectore.
2785 1241 2853 1293 At
2871 1237 3134 1303 Joannes,
3162 1238 3350 1293 missis
3379 1235 3446 1291 ad
3464 1249 3561 1291 eos

1984 1329 2310 1398 quibusdam
2352 1330 2596 1396 clericis,
2630 1330 3003 1387 familiaribus
3033 1345 3077 1385 si
3105 1331 3171 1385 is.
3209 1337 3263 1386 et
3283 1327 3561 1383 Demetrio

1984 1418 2332 1475 Pessinuntis
2366 1421 2647 1492 episcopo,
2674 1422 2950 1476 nuntiavit
2975 1422 3086 1477 IIIIS
3116 1436 3178 1478 se
3200 1435 3311 1477 non
3342 1419 3562 1476 subter-

1984 1502 2174 1577 fugere
2218 1506 2493 1577 judicium
2544 1527 2558 1564 :
2601 1510 2710 1565 imo
2766 1518 3017 1580 paratum
3067 1524 3212 1573 esse,
3265 1506 3562 1563 dummodo

1985 1597 2139 1666 prius
2170 1607 2527 1655 accusatores
2556 1600 2878 1670 cognoverit
2910 1608 2965 1656 et
2996 1598 3372 1655 accusationis
3407 1595 3562 1651 libel-

1986 1688 2094 1742 lum
2119 1689 2440 1761 inspexerit,
2459 1706 2644 1747 coram
2673 1691 2882 1762 majore
2901 1692 3136 1746 concilio
3157 1704 3381 1746 causam
3403 1702 3561 1743 suam

1985 1778 2298 1837 defendere.
2340 1782 2528 1853 Neque
2568 1784 2717 1838 enim
2758 1783 2900 1839 velle
2932 1796 2992 1838 se
3036 1783 3266 1838 stultum
3298 1794 3363 1834 ac
3399 1787 3565 1832 teme-

304 1861 556 1932 τετράκις
595 1863 839 1934 κληθεὶς,
871 1865 1256 1937 οἱκουμενικὴν
1297 1866 1616 1919 ἐπεκαλεῖτο
1648 1865 1882 1934 σύνοδον,

1997 1872 2194 1926 rarium
2265 1871 2484 1930 facinus
2538 1874 2868 1940 admittere,
2925 1882 2979 1929 et
3032 1873 3300 1945 judicium
3368 1882 3561 1924 eorum

303 1952 453 2007 οὐδὲν
501 1953 689 2023 ἓτερον
738 1954 1128 2027 ἐπαιτιώμενοι
1154 1994 1170 2021 ,
1210 1954 1349 2027 πλὴν
1394 1957 1476 2011 ὃτι
1531 1955 1751 2027 κληθεὶς
1782 1959 1882 2029 οὐχ

1997 1964 2177 2019 ευιιίιο
2201 1968 2295 2035 qui
2343 1967 2617 2022 manifesti
2662 1974 2847 2023 essent
2879 1968 3052 2038 ipsius
3092 1962 3318 2019 inimici.
3356 1959 3563 2015 Verum

307 2043 605 2113 ὑπήκουσε,
642 2044 889 2100 καθεῖλον
925 2047 1106 2101 αὐτόν.

1997 2068 2115 2109 cum
2180 2056 2604 2126 indignarentur
2657 2058 2904 2128 episcopi
2961 2056 3224 2111 adversus
3270 2051 3562 2110 Joannem,

307 2139 566 2205 tanquam
646 2151 840 2204 parere
887 2136 1099 2208 synodo
1152 2145 1533 2205 recusantem;
1609 2153 1679 2193 ex
1736 2138 1806 2193 iis
1859 2142 1953 2211 qui
1994 2143 2100 2199 ista
2133 2146 2523 2203 nuntiaverant
2556 2147 2779 2219 quidam
2826 2156 3001 2201 metu‘
3031 2144 3232 2206 territi,
3278 2155 3386 2196 non
3439 2153 3556 2191 am-

309 2227 452 2295 plius
497 2235 863 2283 reverterunt.
919 2227 1227 2285 Demetrius
1269 2244 1429 2294 vero,
1471 2236 1525 2285 et
1569 2230 1888 2301 quicunque
1960 2233 2191 2291 Joannis
2239 2240 2584 2294 consortium
2635 2239 2851 2294 cunctis
2901 2237 3064 2293 rebus
3129 2230 3562 2303 anteponebant,

309 2320 373 2373 ad
407 2318 559 2373 illum
619 2321 853 2377 rediere.
908 2320 1112 2377 Eodem
1167 2323 1257 2378 die
1301 2338 1497 2378 cursor
1536 2331 1591 2378 et
1640 2327 1891 2381 notarius
1958 2345 2027 2385 ex
2089 2333 2292 2402 palatio
2338 2335 2659 2401 venientes,
2708 2332 2973 2388 Joannem
3027 2330 3246 2403 quidem
3298 2322 3566 2395 urgebant

310 2420 367 2464 ut
396 2412 465 2467 ad
499 2412 787 2485 episcopos
817 2414 1108 2470 accederet
1137 2433 1151 2470 :
1178 2415 1315 2470 istos
1346 2431 1476 2471 vero
1506 2417 1709 2472 hortati
1765 2425 1916 2486 sunt,
1994 2428 2054 2476 ut
2091 2423 2360 2493 judicium
2391 2426 2783 2482 accelerarent.
2837 2424 3010 2478 Porro
3059 2437 3186 2476 cum
3233 2419 3325 2474 ille
3371 2422 3566 2485 quater

310 2510 578 2569 vocatus,
629 2504 698 2559 ad
735 2506 1137 2561 meumenieam
1193 2508 1464 2578 synodum
1529 2519 1906 2579 provocasset,
1944 2513 2081 2571 nihil
2120 2516 2169 2572 ei
2205 2517 2354 2572 aliud
2385 2517 2709 2588 objicientes
2746 2530 2910 2589 quam
2965 2515 3109 2586 quod
3174 2521 3404 2567 vocatus
3457 2517 3567 2558 non

310 2597 607 2665 paruisset,
635 2611 761 2653 eum
786 2598 1183 2668 deposuerunt.

894 2681 1145 2742 ΚΕΦΔᾹ.
1175 2690 1280 2743 1Η’.

309 2774 790 2852 Ὀτι-ἐστασίασε
810 2779 876 2831 τὸ
907 2779 1313 2852 πλῆθος-κατὰ
1341 2782 1633 2852 Θεοφίλου
1652 2782 1752 2836 καὶ
1779 2781 1891 2852 τῆς

380 2845 567 2918 αὐτοῦ
602 2847 890 2918 συνόδου,
938 2849 1034 2903 καὶ
1077 2849 1216 2914 τοὺς
1247 2845 1612 2918 κρατοῦντας
1664 2845 1892 2906 £10165-

373 2915 570 2990 θεῖτο.-
617 2917 1005 2990 ’Λνιικληθεὶς
1046 2922 1254 2973 τοίνυν
1279 2915 1326 2974 ’ὁ
1367 2915 1671 2990 Ἰωάννὴς,
1705 2922 1891 2977 πάλιν

381 2985 481 3038 ἐπὶ
513 2985 621 3039 τὸν
647 2989 863 3053 θρόνον
888 2987 1144 3057 ἐγένετο.

382 3074 457 3128 Τὸ
476 3074 532 3128 δὲ
554 3075 778 3145 πλῆθος,
805 3077 880 3140 ὡς
908 3078 1031 3132 τάδε
1058 3080 1199 3147 ἔγνω
1223 3082 1281 3134 ἐν
1318 3082 1890 3136 Κωνσταντινουπόλει

309 3167 442 3240 περὶ
467 3168 644 3240 δείλην
664 3169 841 3239 ὀψίαν,
870 3170 1005 3241 πρὸς
1034 3173 1219 3225 στάσιν
1244 3174 1515 3245 κεκίνητο.
1533 3175 1642 3228 Καὶ
1668 3175 1894 3246 συνδρα-

314 3261 505 3329 μόντες
538 3260 705 3315 ἕωθεν
729 3264 807 3325 είς
846 3263 941 3334 τὴν
974 3262 1289 3334 ἐκκλησίαν,
1330 3264 1466 3319 ἄλλα
1496 3284 1554 3319 τε
1602 3267 1772 3321 πολλά
1796 3269 1894 3323 ἀν-

309 3354 568 3423 έκραγον,
581 3351 675 3405 καὶ
687 3351 762 3416 ὠς
777 3353 888 3406 δέοι
908 3353 1127 3424 μείζονα
1144 3353 1362 3409 σύνοδον
1388 3373 1456 3410 πε
1465 3357 1517 3429 pl.
1532 3359 1696 3412 αὐτοῦ
1716 3358 1898 3414 διαλα-

314 3443 450 3498 ϐεῖν.
472 3444 920 3513 Κατεπειγόντων
938 3463 998 3497 τε
1021 3445 1129 3498 τῶν
1144 3447 1208 3499 ἐκ
1228 3446 1489 3516 βασιλέως
1506 3451 1902 3522 προστεταγμέ-

312 3554 338 3585 κ·
347 3552 421 3587 ων
445 3536 522 3598 εἰς
539 3535 833 3607 ὑπερορίαν
850 3536 1010 3589 αὑτὸν
1025 3537 1278 3606 ἀπάγειν,
1292 3539 1353 3592 οὐ
1376 3539 1733 3612 συνεχώρουν.
1750 3544 1807 3596 '0
1824 3543 1901 3608 δὲ,

313 3626 499 3689 δείσας
535 3626 665 3696 μήτι
691 3626 882 3698 ἕτερον
920 3627 1067 3698 αὐτῷ
1101 3628 1355 3700 ἔγκλημα
1395 3631 1606 3704 πλασθῇ
1628 3633 1807 3705 (60),ῆ
1830 3637 1906 3700 ὡς

316 3716 530 3786 βασιλεῖ
559 3718 888 3783 ἀπειθοῦντι,
924 3719 955 3791 ἢ
995 3720 1086 3773 τὸν
1133 3721 1304 3790 δῆμον
1330 3722 1688 3793 ταράττοντι,
1722 3727 1906 3798 ἡμέρᾳ.

317 3809 474 3880 τρίτῃ
494 3808 631 3878 μετὰ
646 3810 743 3880 τὴν
762 3810 1097 3882 καθαίρεσιν,
1125 3813 1516 3885 διασπαρέντος
1532 3816 1624 3870 τοῦ
1644 3817 1901 3888 πλήθους,

319 3900 449 3970 περὶ
472 3899 814 3972 μεσημόρίαν
857 3901 1034 3962 λαθὼν
1070 3903 1299 3957 ἀπέλιπε
1321 3904 1419 3976 τὴν
1442 3907 1904 3976 ἐκκλησίαν.Ἤδη

316 3991 376 4043 δὲ
420 3991 584 4044 αὑτοῦ
631 3992 1009 4063 ἀπαγομένου,
1043 3995 1291 4064 χαλεπῶς
1345 3999 1375 4050 δ
1408 3997 1533 4061 λαὸς
1584 4000 1902 4067 ἐστασίαζε,

318 4082 545 4152 βασιλέα
581 4101 640 4136 τε
679 4084 773 4137 καὶ
818 4083 915 4155 τὴν
952 4085 1200 4149 σύνοδον,
1237 4087 1329 4140 καὶ⁵
1369 4088 1599 4157 μάλιστα
1649 4090 1904 4160 Θεόφιλον

318 4174 416 4227 καὶ
453 4173 781 4244 Σεϐηριανὸν
822 4175 1139 4247 ἐλοιδόρουν.
1178 4179 1377 4248 Ἄμφω
1414 4181 1510 4250 μὲν
1543 4181 1651 4253 γὰρ
1680 4183 1905 4254 ἀρχηγὼ

315 4264 422 4333 τῆς
453 4265 744 4334 ἐπιϐουλῆς
776 4267 967 4337 ἤστην.
1005 4268 1062 4319 Ὀ
1095 4268 1149 4320 δὲ
1184 4270 1538 4339 Σεϐηριανὸς,
1575 4273 1669 4327 καὶ
1703 4274 1794 4327 ἐπὶ
1823 4278 1907 4329 ἐκ·

318 4353 551 4423 κλησίας
578 4354 700 4407 τότε
731 4355 1016 4419 διδάσκων,
1049 4356 1278 4427 ἐπῄνεσε
1313 4359 1412 4429 τὴν
1439 4361 1684 4416 Ἰωάινου
1712 4363 1903 4418 καθαί-

322 4464 512 4515 ρεσιν,
545 4447 619 4509 ὡς
655 4448 795 4501 κατὰ
842 4449 1119 4513 ἀλαζόνος,
1155 4452 1202 4502 εί
1248 4451 1341 4504 καὶ
1392 4452 1555 4522 μηδὲν
1605 4449 1674 4521 ἦν
1720 4454 1906 4525 ἕτερον

318 4538 575 4608 ἔγκλημα
619 4540 984 4609 γεγενημένον
1021 4541 1154 4613 (Gl).
1186 4542 1266 4595 Τὰ
1317 4543 1412 4612 μὲν
1449 4543 1557 4614 γὰρ
1593 4545 1747 4610 ἄλλα,
1777 4546 1903 4617 ἔτη,

317 4632 694 4701 ἁμαρτήματα
713 4635 982 4702 συγχωρεῖ
999 4636 1110 4697 τοῖς
1141 4633 1445 4705 ἀνθρώποις
1463 4637 1523 4688 τὸ
1542 4636 1694 4690 Θείον
1709 4655 1720 4667 ·
1740 4638 1836 4690 ὐπε
1850 4656 1906 4708 ρ-

2589 2683 2746 2738 CAP.
2783 2680 2973 2737 XVIII.

1994 2773 2270 2844 Quomodo
2310 2774 2532 2845 populus
2578 2773 2827 2830 adversus
2880 2772 3218 2842 Theophilum
3250 2782 3302 2829 et
3338 2775 3567 2844 retiquos

2062 2848 2327 2914 episcopos
2380 2844 2689 2901 seditionem
2738 2846 3064 2915 excitaverit,
3115 2854 3163 2898 et
3222 2844 3567 2915 imperatores

2064 2917 2315 2970 conviciis
2377 2916 2671 2982 appetierit.
2738 2914 2807 2968 Et
2869 2932 2974 2985 qua
3038 2916 3245 2969 ratione
3297 2926 3566 2970 revocatus

2063 2985 2321 3053 Joannes,
2352 2986 2527 3040 sedem
2566 3002 2716 3039 suam
2752 2986 3021 3054 receperit.

2063 3079 2134 3133 At
2155 3081 2305 3150 plebs
2327 3077 2954 3148 Constantinopolitana,
2973 3092 3097 3132 eum
3121 3077 3236 3132 haec
3254 3077 3357 3133 sub
3382 3093 3570 3147 vespe-

1996 3187 2112 3226 ram
2137 3171 2508 3242 cognovisset,
2537 3170 2606 3226 ad
2632 3170 2953 3226 seditionem
2972 3168 3278 3239 prorupit’.
3304 3170 3370 3224 Et
3395 3170 3571 3239 prima

2000 3267 2148 3330 luce,
2182 3279 2454 3320 concursu
2486 3262 2555 3318 ad
2591 3263 2878 3319 ecclesiam
2916 3261 3080 3325 facto,
3113 3269 3226 3316 tum
3262 3261 3369 3316 alia
3402 3260 3574 3315 multa

2003 3357 2290 3413 vociferati
2339 3365 2498 3421 sunt,
2547 3366 2661 3411 tum
2719 3355 2981 3425 majorem
3034 3353 3302 3424 synodum
3354 3353 3423 3406 de
3473 3350 3574 3406 hac

2007 3463 2174 3504 causa
2224 3461 2557 3518 cognoscere
2601 3445 2820 3501 debere.
2872 3443 2939 3500 Et
2993 3460 3119 3498 cum
3175 3444 3214 3499 ii
3260 3443 3459 3513 quibus
3507 3443 3574 3496 ab

2006 3541 2336 3610 imperatore
2394 3537 2712 3592 mandatum
2783 3536 2959 3590 fuerat
3019 3545 3072 3588 ut
3126 3550 3249 3590 eum
3315 3537 3368 3588 in
3427 3534 3574 3588 exsi-

2006 3629 2139 3683 lium
2210 3628 2579 3691 abducerent,
2640 3626 2877 3695 idipsum
2934 3632 3222 3694 urgerent,
3289 3623 3365 3677 illi
3433 3622 3578 3678 relu-

2005 3720 2316 3775 ctabantur.
2367 3716 2474 3772 Sed
2518 3716 2783 3780 Joannes,
2821 3715 3031 3770 veritus
3083 3730 3151 3768 ne
3185 3714 3413 3768 alterum
3475 3714 3578 3768 sibi

2006 3813 2213 3867 crimen
2259 3810 2626 3881 aﬂingcretur,
2680 3808 2765 3862 vel
2806 3806 2952 3877 Quod
3004 3805 3232 3875 principi
3276 3805 3442 3875 349
3483 3821 3580 3873 pa--

2008 3918 2128 3957 rere
2203 3902 2514 3963 uoluisset,
2601 3898 2685 3953 vel
2747 3899 2892 3967 quod
2959 3897 3212 3966 populum
3283 3897 3350 3949 ad
3430 3896 3578 3949 sedi-

2007 3994 2211 4048 tionem
2242 3991 2611 4052 concitasset,
2645 3987 2826 4040 triduo
2853 3995 2976 4054 post
3020 3986 3182 4051 latam
3216 3984 3580 4053 depositionis

2007 4082 2358 4146 sententiam,
2387 4082 2640 4151 disperso
2669 4081 2796 4134 hinc
2828 4079 2953 4133 inde.
2982 4079 3203 4148 pepulo,
3233 4080 3380 4132 circa
3407 4080 3579 4132 meris-

2006 4178 2149 4232 diem
2192 4176 2425 4230 latenter
2463 4188 2531 4228 ex
2572 4172 2806 4228 ecclesia
2852 4173 3131 4226 discessit.
3174 4171 3421 4240 Cumque
3462 4169 3575 4239 jam

2008 4270 2395 4332 abduceretur,
2429 4267 2663 4337 populus
2708 4263 2946 4335 graviter
2976 4263 3338 4318 tumultuatus
3369 4268 3486 4324 est,
3524 4268 3579 4316 et

2008 4363 2394 4432 imperatorem
2450 4368 2727 4432 totamque
2798 4354 3106 4426 synodum,
3155 4354 3247 4409 sed
3311 4353 3578 4422 praecipue

2009 4427 2374 4524 Theophilum
2423 4461 2478 4507 et
2524 4427 2914 4516 goverianum,
2972 4448 3276 4503 maledictis
3330 4449 3575 4517 appetiit.

2008 4547 2185 4601 Ambo
2222 4545 2365 4601 enim
2394 4543 2482 4600 isti
2514 4550 2769 4597 auetores
2804 4541 3019 4595 fuerant
3045 4540 3390 4595 insidiarum.
3416 4538 3580 4594 Se\e-

2008 4639 2198 4692 rianus
2249 4650 2380 4691 vero
2400 4650 2522 4690 cum
2547 4635 2601 4687 in
2624 4633 2857 4688 ecclesia
2888 4647 2984 4702 per
3029 4631 3082 4685 id
3116 4642 3330 4703 tempus
3364 4646 3578 4685 sermo-

316 4724 554 4793 ngoa'tvou;
586 4724 642 4776 δὲ
672 4724 1070 4779 ἀντιτάσσεται.
1108 4726 1230 4779 Ἐπὶ
1267 4727 1475 4791 τούτοις
1507 4728 1562 4780 δὲ
1608 4730 1894 4800 ἐνεμέσησε

2012 4741 2133 4778 nent
2204 4725 2462 4788 haberet,
2531 4721 2893 4791 depositionis
2959 4719 3189 4775 Joannis
3249 4719 3577 4773 sententiam

314 4815 384 4866 τὺ
418 4813 637 4884 πλῆθος,
659 4815 751 4868 καὶ
768 4814 865 4885 τὴν
896 4818 1064 4888 ὀργὴν
1086 4818 1327 4884 ἀνενέου,
1348 4821 1442 4872 καὶ
1478 4820 1717 4890 ἀσχέτως
1744 4823 1903 4874 ἐστα-

318 4906 479 4969 σίαζε
516 4922 527 4935 ·
567 4907 658 4959 καὶ
713 4906 837 4960 οὔτε
885 4910 942 4961 ἐν
994 4909 1350 4979 ἐκκλησίαις,
1387 4910 1510 4964 οὔτε
1567 4915 1625 4965 ἐν
1677 4915 1905 4983 ἀγοραῖς

318 4998 554 5067 ἠρεμεῖν
578 4998 822 5069 ἠνείχετο
845 5016 857 5029 ·
895 5000 1011 5069 ἅμα
1033 5001 1087 5052 δὲ
1123 5002 1352 5073 ὀλολυγῇ
1389 5003 1481 5055 καὶ
1513 5004 1767 5074 ὀδυρμοῖς
1809 5005 1903 5073 μέ-

316 5107 416 5160 χρι
447 5090 541 5143 καὶ
566 5091 748 5144 αὐτῶν
770 5092 876 5145 τῶν
907 5091 1189 5161 βασιλείων
1224 5094 1524 5163 προϊόντες,
1543 5095 1748 5148 ἐδέοντο
1779 5095 1904 5163 περὶ
1944 5124 1951 5131 ~

291 5176 426 5253 ’τῆς
470 5184 715 5238 Ἰωάννου
769 5185 1133 5256 ἀνακλήσεως.
1184 5185 1384 5251 Εῑξασα
1419 5186 1477 5238 δὲ
1517 5189 1634 5250 ταῖς
1673 5188 1902 5253 ἱκεσίαις

398 5361 411 5389 ¹
453 5358 608 5415 Socr.
632 5360 726 5414 lib.
749 5376 820 5425 νι,
855 5379 906 5419 c.
945 5363 1030 5416 16.

2010 4817 2272 4879 laudavit,
2304 4823 2489 4886 utpote
2523 4816 2578 4869 in
2616 4815 2887 4870 hominem
2918 4822 3285 4882 arrogantem,
3317 4810 3419 4866 etsi
3456 4811 3579 4864 nul-

2006 4910 2116 4962 lum
2161 4907 2309 4961 aliud
2353 4908 2563 4961 crimen
2613 4915 2780 4971 esset,
2835 4906 3126 4975 prolatam.
3173 4903 3379 4957 Caetera
3428 4902 3575 4956 enim

2005 5000 2234 5062 delicta,
2254 5006 2312 5054 ut
2339 4999 2539 5063 aiebat,
2573 4998 2714 5052 Deus
2745 4996 3061 5051 hominibus
3085 4994 3325 5064 indulget
3354 5011 3366 5048 :
3392 5007 3578 5062 super-

2007 5094 2090 5150 bis
2115 5101 2295 5148 autem
2342 5091 2570 5148 resistit.
2603 5090 2686 5145 0b
2719 5090 2832 5144 haec
2864 5088 3098 5158 populus
3131 5086 3443 5155 indignatus
3470 5091 3572 5147 est,

2005 5186 2252 5256 iramque
2284 5201 2438 5240 suam
2480 5184 2783 5241 renovavit.
2813 5180 2924 5239 Nec
2949 5183 3065 5253 jam
3098 5180 3332 5249 amplius
3369 5194 3400 5231 ιι
3427 5177 3575 5233 sedi-

1532 5518 1800 5572 VALESII
1839 5518 2386 5576 ANNOTATIONES.

401 5653 512 5720 (60)
538 5651 703 5716 Αὐτῷ
741 5654 1005 5720 ἔγκλημα
1038 5649 1304 5717 πλησθῇ.
1355 5649 1575 5705 Rectius
1625 5651 1678 5704 in
1716 5652 1899 5705 Codice

324 5722 633 5776 hdie-tium)
657 5724 921 5791 scriptum
954 5731 1041 5791 est
1065 5720 1264 5791 πλακῇ.

405 5793 513 5861 tb'l)
554 5795 618 5844 ω
648 5793 742 5845 χιιὶ
774 5787 974 5860 ’μηδὲν
1013 5787 1084 5859 ἦν
1115 5787 1317 5856 ἔῖηὲέρν
1356 5790 1625 5858 ἔγκλημα
1653 5808 1891 5858 γεγενη-

2001 5653 2204 5720 μένον.
2242 5652 2435 5706 I‘rocitl
2466 5652 2633 5706 dubio
2671 5651 3020 5707 scribendum
3051 5661 3135 5703 cst
3175 5646 3558 5719 γεγενημξιην.

2007 5722 2258 5777 Refertur
2292 5724 2436 5778 enim
2472 5723 2537 5776 ad
2582 5740 2765 5778 vocem
2796 5721 3132 5790 καθαίρεσιν.
