4040 6336
298 412 434 471 1565

1247 414 1570 472 HISTORIA
1608 382 2158 471 ECCLESISSTICA.
2202 417 2418 474 —LlB.
2466 414 2599 477 vm.

3416 431 3553 489 1566

292 525 343 577 οἳ
375 526 463 580 διὰ
489 528 586 600 τὴν
608 529 820 601 κίνησιν
845 531 935 586 τοῦ
966 534 1162 604 δήμου,
1192 534 1623 605 παραιτούμενον
1651 533 1851 586 ὲπανελ

1982 532 2148 587 Norat
2186 537 2330 589 enim
2363 551 2422 591 se
2450 535 2554 590 hoc
2587 536 2730 592 laeto
2762 538 3151 609 imperatorem
3200 556 3257 600 et
3295 561 3552 616 proceres

295 619 403 669 θεῖν
454 620 759 677 ἐϐιάσαντο.
791 624 914 687 Τοῖς
937 625 994 677 δὲ
1034 625 1380 695 Ἡρακλείδου
1422 627 1749 696 κατηγόροις
1792 624 1873 678 δι·

294 712 583 780 ιεαστήριον
605 712 746 766 κατὰ
764 714 993 778 ἀπόντος
1013 717 1368 788 προτέθηκεν,
1390 716 1594 789 οἰηθεὶς
1622 715 1872 770 ἐντεῦθεν

288 800 659 871 εὐλογωτέραν
713 821 830 868 πως
892 794 1071 861 αίτίαν
1139 809 1392 879 εὑρήσειν
1453 809 1554 878 τῆς
1617 809 1868 863 Ἰωάννου

292 891 681 963 καθαιρέσεως.
715 897 1108 968 Ἀντερούντων
1130 898 1186 953 δὲ
1213 898 1322 953 τῶν
1342 899 1507 953 αὑτοῦ
1526 900 1867 971 ἐπιτηδείων,

291 983 363 1044 ὡς
392 985 452 1036 οὐ
483 985 731 1056 νόμιμον,
756 990 876 1042 οὐδὲ
906 989 1375 1061 ἐκκλησιαστικὸν,
1397 993 1486 1047 τὸν
1519 994 1725 1048 ἀπόντα
1750 995 1870 1066 κρί-

291 1075 493 1141 νεσθαι,
524 1077 633 1129 τῶν
662 1079 718 1132 δὲ
749 1082 874 1150 περὶ
899 1081 989 1134 τὸν
1028 1083 1280 1152 Θεόφιλον
1304 1086 1562 1140 τάναντία
1601 1086 1868 1156 ἰσχυριζο-

292 1166 486 1237 μένων,
506 1168 994 1243 ὲπιλαὸόμενοιτῆς
1020 1173 1189 1245 ἔριδος
1208 1175 1265 1228 τὸ
1279 1175 1462 1230 λοιπὸν
1489 1177 1597 1230 τῶν
1625 1178 1870 1244 Ἀλεξαν-

290 1256 454 1329 δρέιον
476 1260 569 1313 καὶ
592 1262 900 1330 Αἰγυπτίων
925 1263 1147 1334 πλῆθος,
1183 1267 1275 1319 καὶ
1304 1268 1333 1320 ὁ
1360 1268 1868 1322 Κωνσταντινουπό-

289 1349 421 1413 λεως
449 1349 575 1415 λαὸς
591 1392 605 1416 ,
629 1354 706 1416 είς
736 1354 996 1424 ἀλλήλους
1029 1355 1313 1427 ἐχώρησαν
1336 1375 1348 1388 '
1369 1358 1444 1422 ὡς
1460 1359 1685 1422 πολλοὺς
1698 1377 1866 1431 τραυ-

291 1438 485 1508 ματίας
529 1441 798 1508 γενέσθαι,
828 1444 978 1507 τινὰς
1016 1444 1073 1498 δὲ
1101 1447 1190 1499 καὶ
1234 1447 1549 1503 ἀπολέσθαι.
1581 1450 1867 1516 Δείσαντες

288 1530 341 1583 δὲ
373 1532 466 1583 καὶ
509 1532 837 1604 Σεϐηριανὸς
880 1537 974 1588 καὶ
1010 1536 1060 1588 οί
1090 1537 1239 1591 ἄλλοι
1263 1539 1568 1605 ἐπίσκοποι,
1592 1541 1730 1612 πλὴν
1759 1542 1865 1597 τῶν

286 1623 353 1675 τὰ
398 1622 639 1678 Ἰωάννου
671 1626 1037 1696 φρονούντων,
1068 1632 1210 1700 φυγῇ
1233 1630 1331 1702 τὴν
1355 1633 1867 1703 Κωνσταντινούπο-

286 1714 368 1767 λιν
414 1714 700 1770 ἀπέλιπον.
733 1719 843 1773 Καὶ
891 1719 1150 1789 Θεόφιλος
1182 1722 1237 1776 δὲ
1283 1725 1481 1778 αὐτίκα
1525 1726 1691 1797 μηδὲν
1734 1728 1865 1782 ἁνα-

284 1804 631 1876 6αλλόμενος,
676 1809 776 1880 ἤδη
822 1809 914 1863 τοῦ
963 1812 1230 1881 χειμῶνος
1271 1816 1575 1887 ἀρχομένου
1598 1857 1613 1883 ,
1644 1817 1863 1886 φεύγων

1980 624 2350 694 offensurum,
2394 629 2486 698 qui
2538 637 2762 698 propter
2809 632 3000 701 populi
3045 634 3370 693 seditionem
3422 656 3550 696 eum

1980 714 2208 769 invitum
2252 716 2432 772 redire
2477 721 2879 790 compulerant.
2925 724 3093 796 Igitur
3129 730 3550 786 accusatoribus

1978 804 2313 874 Heraclidis,
2354 808 2624 878 judicium
2665 821 2857 870 contra
2907 817 3189 873 absentem
3238 822 3548 888 constituit,

1978 906 2134 953 ratus
2164 914 2230 954 ex
2259 913 2321 954 ea
2357 916 2415 956 re
2441 903 2864 971 probabiliorem
2903 923 2961 963 se
2992 924 3213 965 causam
3242 912 3547 983 deponendi

1974 985 2202 1044 Joannis
2232 999 2601 1059 arrepturum.
2628 993 2737 1050 Sed
2763 1012 2889 1051 cum
2922 999 3085 1055 amici
3113 1001 3235 1070 ejus
3269 1004 3550 1057 contradi~

1975 1088 2188 1145 cerent,
2220 1097 2321 1135 nec
2359 1081 2595 1151 justum,
2641 1099 2743 1140 nec
2779 1088 3215 1145 ecclesiasticum
3247 1107 3371 1148 esse
3405 1092 3548 1147 aIIir-
3610 1127 3615 1133 η

1976 1177 2226 1234 mantes,
2262 1170 2536 1228 hominem
2567 1174 2849 1232 absentem
2888 1179 3172 1247 judicare,
3208 1181 3548 1254 Theophilus

1973 1276 2105 1316 vero
2142 1277 2265 1316 cum
2291 1265 2407 1319 suis
2428 1273 2620 1319 contra
2656 1267 2923 1323 niteretur
2948 1288 2962 1325 :
2987 1272 3117 1328 hinc
3148 1274 3357 1344 reliqua
3386 1275 3550 1348 Egy-

1975 1352 2215 1422 ptiorum
2249 1360 2303 1409 et
2324 1356 2823 1414 Alexandrinorum
2862 1363 3185 1429 multitudo,
3215 1367 3345 1422 inde
3374 1383 3549 1438 popu-

1972 1442 2058 1497 lus
2119 1443 2767 1515 Constantinopolitanus
2830 1450 2999 1506 rixari
3062 1457 3349 1535 aggressi”
3369 1458 3425 1511 in
3484 1471 3547 1513 se

1972 1541 2163 1590 mutuo
2211 1535 2470 1605 impetum
2516 1537 2727 1605 fecere,
2773 1541 2910 1597 adeo
2948 1551 3009 1601 ut
3052 1548 3211 1601 multi
3250 1550 3543 1614 vulnerati,

1970 1624 2195 1692 quidam
2223 1627 2388 1679 etiam
2425 1624 2704 1682 interfecti
2736 1629 2866 1684 sint.
2899 1631 3085 1702 Itaque
3118 1633 3454 1692 Severianus
3490 1645 3547 1692 et

1972 1716 2166 1781 reliqui
2209 1717 2449 1787 episcopi
2482 1727 2625 1773 metu
2674 1722 2992 1788 conterriti,
3035 1726 3278 1796 exceptis
3329 1728 3397 1784 iis
3448 1728 3544 1797 qui

1900 1824 1907 1827 "
1967 1803 2163 1860 Joanni
2212 1806 2593 1873 adhaerebant,
2642 1824 2832 1866 omnes
2886 1827 2951 1867 ex
2998 1814 3132 1869 urbe
3185 1818 3540 1888 aufugerunt.

283 1890 400 1957 ἅμα
440 1895 692 1968 Ἰσαακίῳ
743 1896 820 1968 τῷ
865 1900 1082 1970 μοναχῷ
1125 1882 1464 1957 ἀπέπλευσεν
1494 1907 1576 1970 είς
1615 1882 1855 1974 Ἀλεξάν-

1965 1894 2083 1966 Ipse
2102 1899 2264 1951 etiam
2286 1898 2621 1970 Theophilus
2638 1902 2784 1958 illico
2813 1903 2951 1959 nihil
2977 1913 3295 1972 cunctatus,
3320 1882 3545 1965 ineunte

282 1984 484 2056 δρειαν.
532 1987 664 2041 Ἀπὸ
692 1989 746 2042 δὲ
784 1989 878 2044 τοῦ
916 1991 1183 2062 πελάγους
1210 1988 1310 2048 ὧδε
1343 1996 1557 2067 συμϐὰν
1581 2038 1595 2062 ,
1625 2002 1862 2071 κατῆρεν

281 2078 361 2141 εἰς
383 2077 557 2147 Γέρας
580 2080 688 2152 (66)
712 2082 862 2136 πόλιν
891 2084 1115 2155 μικρὰν,
1152 2087 1293 2156 ἀμφὶ
1325 2090 1657 2160 πεντήκοντα
1675 2092 1864 2146 στάδια

284 2167 373 2222 τοῦ
423 2171 720 2241 Πηλουσίου
764 2175 1106 2244 ἀφεστῶσαν.
1154 2180 1584 2252 Τελευτήσαντος
1632 2184 1690 2238 δὲ
1740 2184 1862 2238 τότε

280 2260 372 2315 τοῦ
411 2262 596 2317 ἐνθάδε
628 2267 949 2332 ἐπισκόπου,
976 2272 1022 2322 ot
1059 2271 1158 2341 μὲν
1188 2272 1420 2338 πολῖται,
1452 2274 1527 2338 ὡς
1557 2275 1858 2345 ἐπυθόμην,

282 2350 617 2420 ἐψηφίσαντο
668 2356 1011 2428 Νιλάμμωνα
1044 2364 1369 2431 προστατεῖν
1403 2364 1500 2434 τῆς
1542 2364 1718 2418 αὐτῶν
1742 2367 1863 2420 Ἐκ-

279 2441 532 2512 κλησίας,
564 2444 730 2516 ἄνδρα
774 2448 1001 2516 ἀγαθὸν,
1046 2452 1141 2504 καὶ
1185 2454 1515 2523 μοναστικῆς
1547 2453 1861 2524 φιλοσοφίας

277 2535 361 2597 είς
385 2534 553 2606 ἄκρον
585 2536 825 2593 ἐλθόντα.
861 2541 1015 2612 ’ῼκει
1041 2543 1097 2595 δὲ
1126 2543 1232 2615 πρὸ
1262 2543 1356 2598 τοῦ
1389 2547 1596 2611 ἄστεος,
1611 2548 1670 2601 ὲν
1707 2549 1861 2620 οἰκή-

278 2641 412 2694 ματι
452 2628 741 2699 καθείρξας
782 2632 995 2698 ἑαυτὸν,
1043 2635 1138 2687 καὶ
1183 2636 1349 2700 λίθοις
1378 2637 1476 2707 τὴν
1510 2637 1678 2707 θύραν
1721 2639 1859 2691 ἀπο-

274 2716 506 2786 φράξας.
536 2718 941 2790 Ἀποφεύγοντα
969 2725 1025 2777 δὲ
1049 2725 1147 2796 τὴν
1181 2727 1496 2798 ἱερωσύνην,
1528 2727 1696 2782 ἐλθὼν
1722 2729 1858 2799 πρὸς

273 2809 435 2863 αὐτὸν
464 2810 743 2880 Θεόφιλος,
775 2815 1161 2870 συνεΰούλευσε
1183 2819 1575 2890 καταδέχεσθαι
1602 2820 1699 2891 τὴν
1725 2817 1855 2892 παρ’

273 2898 439 2954 αὐτοῦ
484 2905 835 2972 χειροτονίαν.
874 2907 931 2960 Ὀ
979 2908 1035 2962 δὲ
1064 2910 1320 2974 πολλάκις
1354 2913 1852 2984 παραιτησάμενος,

273 2987 347 3050 ὡς
371 2990 469 3043 οὐκ
498 2991 732 3061 ἔπειθεν,
759 2995 978 3067 Αὔριον,
1002 2999 1057 3051 ετ
1082 3015 1163 3051 σοι
1198 2999 1349 3067 φίλον
1367 3040 1381 3064 ,
1410 3000 1533 3070 ἔφη,
1559 3003 1783 3073 πράξον,
1808 2996 1855 3057 ὧ

274 3080 457 3150 Πάτερ
477 3099 492 3125 θ
522 3082 661 3137 ὥστε
695 3103 762 3156 με
792 3089 1030 3159 σήμερον
1062 3089 1128 3143 τὰ
1157 3092 1277 3143 κατ’
1307 3092 1541 3161 ἐμαυτὸν
1569 3092 1850 3148 διαθεῖναι.

1962 1984 2072 2054 jam
2114 1987 2315 2054 hieme,
2351 1989 2567 2059 fugiens
2592 2008 2702 2047 una
2751 2009 2877 2048 cum
2914 1994 3124 2051 Isaacio
3156 1999 3453 2065 monacho,
3482 2000 3542 2055 in

1964 2075 2259 2148 IEgyptum
2283 2083 2581 2151 navigavit.
2609 2083 2772 2140 Forte
2804 2088 3003 2143 accidit
3033 2098 3093 2142 ut
3118 2091 3279 2146 navis
3297 2093 3543 2149 secundo

1963 2177 2127 2223 vento
2177 2168 2471 2239 appelleret
2519 2171 2720 2238 Geras,
2760 2191 2990 2245 parvum
3042 2180 3330 2249 oppidum,
3376 2183 3541 2252 quino

1962 2260 2219 2330 quaginta
2265 2260 2482 2318 circiter
2514 2264 2708 2320 stadiis
2735 2267 2949 2322 distans
2979 2266 3221 2326 Pelusio.
3271 2271 3403 2342 Ejus
3433 2273 3539 2331 loci

1961 2352 2221 2421 episcopo
2270 2361 2399 2408 tunc
2453 2362 2692 2422 mortuo,
2725 2357 2875 2413 cives
2924 2360 3181 2428 quidem,
3232 2370 3289 2417 ut
3329 2366 3538 2435 accepi,

1960 2437 2357 2498 Nilammonem
2408 2444 2667 2501 Ecclesiae
2711 2462 2824 2502 sua:
2875 2451 3177 2506 antistitem
3221 2455 3537 2525 elegerant;

1960 2533 2137 2586 virum
2185 2534 2424 2600 bonum,
2456 2542 2510 2590 et
2539 2538 2634 2607 qui
2686 2541 2750 2593 ad
2811 2543 3131 2598 monasticae
3179 2545 3539 2616 philosophiae

1960 2624 2178 2681 culmen
2226 2636 2567 2697 pervenerat.
2624 2630 2676 2686 Is
2721 2630 2952 2703 degebat
2993 2634 3151 2704 juxta
3205 2638 3430 2703 urbem,
3481 2641 3535 2696 in

1959 2717 2095 2770 cella
2117 2757 2132 2783 ,
2162 2717 2217 2771 in
2245 2734 2350 2790 qua
2384 2723 2623 2790 seipsum
2657 2722 2959 2780 incluserat
2991 2735 3044 2781 et
3064 2727 3293 2798 januam
3339 2731 3537 2801 lapidi-

1956 2808 2062 2863 bus
2113 2809 2487 2866 obstruxcrat.
2547 2812 2859 2871 liecusabat
2921 2827 3103 2874 autem
3164 2825 3535 2879 sacerdotium

1958 2897 2255 2967 suscipere.
2290 2897 2490 2955 Verum
2526 2898 2889 2972 Theophilus,
2941 2906 3008 2960 ad
3065 2923 3188 2962 eum
3239 2911 3534 2977 accedens,

1958 2987 2164 3043 Imitari
2204 2991 2402 3059 cmpit,
2442 3002 2501 3046 ut
2533 2993 2779 3047 ordinari
2825 3009 2885 3049 se
2937 2995 3008 3051 ab
3061 2997 3531 3068 ipso'pateretur.

1957 3079 2052 3135 Ille
2097 3096 2221 3135 cum
2272 3084 2470 3152 saepius
2508 3099 2770 3140 recusans
2813 3084 3118 3157 Theophilo
3156 3104 3266 3144 non
3305 3106 3533 3161 persua-

282 3167 436 3220 Ἐπεὶ
465 3169 519 3221 δὲ
547 3173 613 3241 τῇ
651 3172 917 3245 ὑστεραίᾳ
950 3176 1090 3230 κατὰ
1119 3178 1186 3231 τὰ
1215 3180 1547 3249 συγκείμενα
1578 3176 1727 3251 ἦλθε,
1759 3183 1855 3237 καὶ

1958 3171 2131 3239 deret,
2168 3174 2404 3240 tandem,
2439 3173 2692 3231 Crastino
2725 3176 2834 3240 die,
2873 3177 3082 3249 inquit,
3116 3180 3168 3235 id
3204 3180 3313 3249 fac,
3350 3184 3397 3238 si
3434 3183 3531 3237 tibi

204 3332 209 3335 Δ
270 3259 370 3327 τὴν
415 3258 582 3330 θύραν
628 3263 863 3333 ἀνοίγειν
892 3267 1198 3341 ἐκέλευσεν,
1238 3271 1371 3338 Ἀγε
1413 3268 1477 3335 δὴ
1522 3273 1854 3345 πρότερον,ὁ

271 3348 578 3421 Νιλάμμων
616 3352 741 3424 ἔφη,
777 3355 1080 3427 εὐξώμεθα.
1127 3359 1237 3412 Καὶ
1263 3359 1514 3431 Θεόφιλος
1544 3365 1852 3433 ἐπαινέσας,

269 3438 475 3509 ηὔξατο
508 3456 522 3470 ⁸
555 3443 859 3516 Νιλάμμων
885 3449 941 3501 δὲ
985 3451 1041 3502 ὲν
1084 3450 1160 3521 τῷ
1196 3450 1489 3522 εὔχεσθαι,
1518 3455 1618 3528 τὴν
1670 3458 1856 3512 ἐνθάδε

268 3529 531 3583 κατέλιπε
574 3530 776 3605 βιοτήν.
818 3537 989 3590 Τοῦτο
1026 3538 1101 3602 δὲ,
1127 3538 1196 3591 τὰ
1229 3541 1329 3608 μὲν
1378 3541 1568 3612 πρῶτα
1612 3545 1857 3614 ἠγνοεῖτο

267 3621 515 3691 Θεοφίλῳ
557 3625 649 3678 καὶ
679 3629 790 3691 τοῖς
820 3628 957 3697 ἀμφ’
987 3630 1146 3681 αὑτὸν
1176 3630 1373 3694 ἔξωθεν
1403 3634 1650 3689 ἑστῶσιν.
1704 3637 1856 3691 Ἀναο

265 3713 536 3787 λωθείσης
569 3716 628 3770 δὲ
674 3716 857 3771 λοιπὸν
887 3719 986 3788 τῆς
1023 3720 1269 3792 ἡμέρας,
1294 3722 1369 3786 ὡς
1396 3723 1655 3789 πολλάκις
1676 3743 1855 3795 γεγω-

265 3806 490 3879 νότερον
538 3807 845 3862 καλούντων
872 3810 969 3881 οὐχ
1003 3812 1265 3883 ὑπήκουε,
1295 3815 1691 3881 καταϐαλόντες
1730 3820 1857 3883 τοὺς

263 3896 377 3967 πρὸ
424 3897 522 3966 τῆς
563 3897 733 3970 θύρας
775 3899 974 3966 λίθους,
998 3897 1155 3973 εὗρον
1185 3903 1275 3956 τὸν
1306 3904 1471 3975 ἄνδρα
1504 3909 1695 3978 νεκρόν
1717 3925 1729 3937 ·
1759 3908 1853 3962 καὶ

264 3986 704 4056 περιστείλαντες
797 3988 902 4041 ἔδει
922 4028 935 4053 ,
963 3989 1229 4060 δημοσίας
1252 3993 1488 4062 ἠξίωσαν
1525 3996 1699 4064 ταφῆς
1719 4012 1731 4025 °
1760 3997 1854 4049 καὶ

266 4077 558 4147 εὐκτήριον
585 4075 732 4132 οἷκον
772 4081 899 4149 περὶ
930 4080 1019 4134 τὸν
1044 4081 1208 4134 αὑτοῦ
1241 4084 1409 4151 τάφον
1428 4084 1784 4155 ᾠκοδόμησαν
1805 4088 1853 4140 oi

262 4166 588 4237 ἐπιχώριοι·
631 4171 724 4222 καὶ
765 4172 1143 4240 ἐπισημότατα
1183 4173 1349 4225 εἰσέτι
1381 4172 1474 4227 νῦν
1510 4176 1610 4244 τὴν
1642 4176 1851 4247 ἡμέραν

258 4258 367 4327 τῆς
392 4259 554 4311 αὐτοῦ
588 4260 842 4329 τελευτῆς
873 4261 1110 4329 ἄγουσιν.
1144 4265 1200 4314 Ὀ
1220 4262 1316 4332 μὲν
1346 4264 1408 4335 δὴ
1425 4265 1726 4335 Νιλάμμων
1748 4262 1849 4321 ὧδε

256 4350 525 4418 τέθνηκεν
551 4392 564 4416 ,
594 4352 647 4403 εί
690 4369 752 4419 γε
803 4352 1028 4407 θάνατον
1075 4354 1156 4407 δεῖ
1201 4354 1417 4420 καλεῖν,
1451 4357 1509 4412 ὃν
1562 4359 1849 4429 ὑπομεῖναι

257 4437 468 4506 ηὔξατο
494 4441 620 4510 πρὶν
649 4441 1011 4511 ἐπιτραπῆναι
1042 4443 1138 4511 τὴν
1174 4444 1489 4514 ἱερωσύνην,
1525 4442 1589 4518 ἧς
1635 4448 1850 4514 ἀνάξιος

1957 3264 2033 3318 ita
2061 3263 2300 3331 videtur,
2330 3281 2364 3320 ο
2386 3264 2549 3320 Pater
2569 3306 2584 3334 ,
2617 3272 2676 3320 ut
2710 3268 2841 3323 mihi
2882 3270 3043 3325 liceat
3068 3270 3227 3338 hodie
3265 3288 3354 3330 res
3381 3289 3531 3331 meas

1956 3355 2267 3426 disponere.
2332 3356 2605 3414 Postridie
2655 3374 2780 3414 cum
2835 3377 2903 3415 ex
2955 3375 3242 3433 compacto
3296 3367 3533 3424 venisset

1957 3444 2704 3519 Theophilus,jussissetque
2745 3451 3051 3520 utjanuam
3093 3457 3330 3524 aperiret
3357 3477 3369 3512 :
3395 3458 3529 3529 Age,

1957 3538 2130 3606 inquit
2182 3537 2523 3605 Nilammon,
2581 3542 2735 3611 prius
2779 3558 3038 3600 vacemus
3083 3547 3338 3602 orationi.
3390 3548 3529 3605 Tum

1956 3626 2318 3698 'l‘heOphilus,
2350 3631 2580 3699 probato
2623 3632 2745 3702 ejus
2802 3635 3068 3702 consilio,
3114 3636 3281 3697 Deum
3332 3643 3527 3698 oravit.

1954 3716 2259 3774 Nilammon
2289 3736 2419 3776 vero
2459 3722 2601 3777 inter
2628 3725 2896 3780 orandum
2932 3741 2999 3781 ex
3030 3728 3132 3782 hac
3174 3731 3283 3784 vita
3320 3733 3530 3802 migra~

1956 3807 2054 3860 rit.
2107 3806 2172 3861 Et
2207 3809 2364 3864 initio
2394 3812 2612 3879 quidem
2657 3811 3018 3883 TheOphilum
3054 3827 3107 3871 et
3141 3834 3237 3876 eos
3273 3822 3370 3889 qui
3402 3838 3528 3879 cum

1957 3897 2050 3950 illo
2084 3906 2239 3952 extra
2273 3900 2466 3953 cellam
2500 3902 2738 3968 stabant,
2769 3918 2833 3958 ea
2875 3920 2963 3959 res
3004 3907 3187 3964 latuit.
3246 3908 3353 3965 Sed
3399 3927 3525 3968 cum

1957 3989 2194 4040 maxima
2230 4004 2356 4057 pars
2402 3990 2507 4044 diei
2539 3991 2653 4060 jam
2685 4004 3010 4065 consumpta
3042 4004 3225 4065 esset,
3265 4008 3319 4052 et
3345 4001 3526 4057 altiori

1956 4094 2091 4132 voce
2130 4080 2325 4133 crebro
2372 4083 2798 4151 inclamantihus
2839 4085 2928 4139 ille
2972 4086 3111 4140 nihil
3152 4088 3523 4159 responderet,

1958 4169 2174 4223 tandem
2221 4170 2453 4240 dejectis
2497 4172 2776 4242 lapidibus
2829 4175 2920 4244 qui
2954 4176 3112 4246 351
3148 4186 3275 4233 ante
3322 4181 3522 4236 ostium

1956 4261 2118 4330 positi
2161 4269 2348 4326 erant,
2385 4261 2656 4316 hominem
2704 4273 2976 4318 mortuum
3024 4269 3521 4337 deprehenderunt.

1957 4351 2206 4423 Eumque
2235 4370 2342 4422 quo
2371 4369 2468 4424 par
2499 4366 2616 4409 erat
2640 4356 2791 4409 cultu
2819 4356 3068 4412 indutum
3100 4360 3317 4429 publica
3347 4363 3526 4432 sepul-

1957 4450 2080 4496 tura
2145 4443 2505 4497 honeraruut.
2564 4444 2862 4500 Ecclesiam
2928 4465 3144 4520 quoque
3201 4452 3345 4506 circa
3402 4454 3523 4522 ejus

257 4523 406 4580 εἶναι
435 4528 521 4581 διὰ
553 4530 881 4601 μετριότητα
910 4533 1124 4602 τρόπων
1156 4536 1358 4603 ἡγεῖτο.
1401 4536 1458 4588 ’0
1491 4536 1547 4589 δὲ
1595 4539 1847 4610 Ἰωάννης

1958 4535 2220 4588 tumulum
2276 4535 2468 4591 incolae
2506 4537 2625 4606 ejus
2676 4538 2784 4593 loci
2836 4540 3210 4608 aediﬁcarunt,
3267 4543 3524 4615 diemque

256 4618 574 4671 ἐπανελθὼν
604 4622 683 4684 είς
717 4623 1300 4685 Κωνσταντινούπολιν,
1334 4626 1411 4679 ἔτι
1460 4629 1657 4697 μᾶλλον
1684 4648 1846 4701 κεχα-

258 4710 522 4778 ρισμένος
542 4710 621 4779 τῷ
645 4710 757 4780 λαῷ
797 4712 1059 4779 ἐφαίνετο.
1088 4716 1525 4785 Συνεληλυθότων
1555 4721 1609 4772 δὲ
1638 4722 1756 4775 τότε
1786 4723 1844 4777 ὲν

251 4800 832 4854 Κωνσταντινουπόλει
851 4805 994 4874 ἀμφὶ
1022 4806 1282 4875 ἑξήκοντα
1309 4811 1640 4877 ἐπισκόπων,
1662 4813 1843 4886 ἄκυρά

252 4904 323 4937 τε
357 4887 425 4940 τὰ
466 4889 522 4941 ὲν
553 4891 617 4962 τῇ
646 4889 776 4961 Δρυῒ
824 4893 1207 4963 πεπραγμένα,
1246 4896 1337 4948 καὶ
1370 4897 1530 4949 αὐτὸν
1556 4897 1700 4968 ἔχειν
1744 4901 1841 4971 τὴν

252 4980 567 5050 ἐπισκοπὴν
600 4981 1010 5053 ψηφισαμένων,
1041 4985 1335 5039 διετέλεσεν
1381 4987 1675 5059 ἱερώμενος
1704 4992 1841 5063 (67),

254 5070 363 5122 καὶ
399 5071 737 5143 χειροτονῶν,
786 5075 880 5127 καὶ
923 5076 970 5128 τ’
1004 5076 1137 5130 ἄλλα
1190 5079 1317 5149 περὶ
1363 5078 1459 5150 τὴν
1497 5081 1841 5153 Ἐκκλησίαν,

252 5158 296 5240 ᾗ
335 5161 494 5234 θέμις
525 5167 638 5229 τοῖς
684 5166 1008 5239 προεστῶσι,
1043 5168 1260 5223 διέπων.
1297 5171 1485 5225 Ἦνίκα
1533 5172 1625 5226 καὶ
1665 5176 1842 5246 Σαρα-

1950 4627 2098 4681 i1lius
2136 4625 2320 4680 obitus
2359 4627 2772 4685 celeberrimum
2817 4647 2978 4702 agere
3022 4635 3286 4690 hactenus
3334 4651 3524 4706 perse-

1951 4727 2162 4772 verant.
2203 4719 2267 4773 Et
2313 4719 2621 4776 Nilammon
2670 4723 2891 4794 quidem
2939 4726 3042 4781 hoc
3080 4742 3276 4796 genere
3326 4731 3520 4785 mortis

1948 4809 2181 4878 interiit;
2241 4810 2285 4866 si
2344 4820 2524 4866 tamen
2595 4829 2744 4870 mors
2802 4817 3051 4871 vocanda
3099 4825 3183 4873 est
3226 4833 3388 4887 quam
3431 4820 3522 4876 ille

1949 4901 2136 4955 subire
2177 4903 2403 4967 maluit,
2442 4919 2608 4971 quam
2650 4905 3024 4975 episcopatum
3058 4908 3356 4977 suscipere,
3409 4927 3521 4980 quo

1955 4991 2174 5061 quidem
2225 4994 2297 5049 ob
2349 4995 2679 5066 singularem
2740 4998 3059 5052 modestiam
3114 5016 3176 5055 se
3234 5002 3518 5072 indignum

1952 5084 2321 5141 existimabat.
2355 5085 2601 5143 Joannes
2628 5103 2754 5153 vero
2786 5090 3313 5162 Constantinopolim
3340 5109 3519 5149 rever-

1948 5189 2065 5240 sus,
2089 5176 2421 5233 multitudini
2449 5181 2626 5235 adhuc
2661 5182 2865 5252 gratior
2890 5184 3162 5254 apparuit.
3197 5182 3367 5240 Porro
3390 5200 3515 5241 cum

1470 5352 1736 5408 VALESII
1782 5356 2332 5416 ANNOTATIONES.

338 5523 454 5594 (66)
507 5526 715 5596 Fépaq.
778 5526 954 5595 llnjus
1014 5531 1165 5584 urbis
1236 5534 1440 5587 mentio
1489 5535 1554 5592 Iit
1615 5541 1832 5595 actione

246 5604 459 5671 ςξιιξιτιη
533 5597 1289 5671 synodi_Cltalcedonensis,
1349 5620 1471 5671 pag.
1532 5605 1670 5671 255,
1739 5611 1830 5664 ubi

248 5665 580 5733 Stephanus
632 5666 897 5735 quidam,
952 5672 1246 5739 episcopus
1279 5665 1616 5740 'Gcritauus,
1654 5665 1835 5735 nomi-

250 5744 451 5876 natII'Ij
483 5805 827 5861 Διετέλεσεν
877 5809 1208 5879 ἱεριιλμένος.
1272 5811 1492 5871 Rectius
1532 5816 1583 5869 in
1647 5817 1834 5875 codice

1939 5539 2241 5619 Enketiano
2275 5543 2534 5619 scriptum
2568 5554 2653 5619 est
2689 5547 2980 5619 ἱερώμενος
3011 5553 3216 5601 mutato
3250 5559 3501 5603 accentu.

1940 5609 2214 5676 Quantum
2250 5609 2398 5666 vero'
2431 5616 2724 5671 discrimen
2739 5609 2938 5671 'aﬂ'iarat
2961 5609 2973 5611 “
2997 5627 3255 5671 accentus
3284 5622 3509 5677 mutatio

1940 5680 1993 5759 in
2038 5681 2138 5759 hac
2185 5697 2352 5759 voce,
2389 5683 2500 5749 jam
2543 5702 2702 5759 supra
2765 5688 3067 5759 observari.
3135 5685 3306 5759 Porro
3364 5689 3505 5759 apud

1939 5748 2307 5828 Nicephorum
2328 5755 2379 5828 in
2398 5769 2518 5828 cap.
2544 5748 2628 5828 l1,
2650 5755 2874 5828 I_ib._xut.
2894 5753 3155 5809 scribitur
3172 5758 3337 5811 etiam
3358 5748 3507 5828 ίέρώα

1944 5836 2121 5890 μενος,
2153 5821 2372 5888 perinde
2404 5821 2540 5878 acritr
2569 5822 2890 5877 Fuketiano.
