4040 6336
285 345 420 402 1569
1242 344 1562 400 HISTORIA
1598 344 1848 400 ECCLES

1950 344 2139 401 STJCA.
2175 376 2239 387 --
2283 345 2410 400 LIB.
2454 345 2583 400 Vill.
3397 343 3532 401 1579

285 462 506 525 κανόνος
539 460 996 536 ἀπαγορεύοντος,
1027 465 1087 516 ού
1115 463 1398 535 προσίεντο
1425 463 1523 534 τὴν
1549 464 1848 533 ἀπολογίαν

1969 476 2098 522 runt
2138 485 2151 522 :
2192 468 2262 522 de
2309 467 2412 523 hoc
2475 474 2656 522 autem
2720 480 2830 522 uno
2877 465 3145 522 Joannem
3198 467 3534 537 respondere

296 552 457 606 Ἀλλὰ
472 552 717 606 καθεΰιον
736 553 915 618 αὐτὸν,
934 553 1252 625 ἑτεροδόξων
1266 555 1603 625 ἐνιστάμενοι
1624 555 1675 625 (7
1686 556 1734 625 l)
1749 555 1848 609 tofi

1957 557 2261 627 iubebant,
2306 557 2452 628 quod
2498 558 2814 628 depositus,
2850 568 3140 628 antequam
3196 558 3436 628 synodus
3479 557 3532 613 ei

285 659 373 696 τον
394 637 532 695 εἶναι
549 642 732 712 νόμον.
752 642 904 697 Ἐπεὶ
925 644 1033 715 γὰρ
1055 647 1105 698 οἱ
1119 645 1227 699 ἀπὸ
1254 647 1351 717 τῆς
1377 647 1585 717 Ἀρείου
1605 647 1848 717 αἱρέσεως

1964 649 2242 703 licentiam
2265 649 2542 714 dedisset,
2578 649 2633 703 in
2668 649 2963 719 episcopali
2993 649 3132 704 solio
3163 649 3529 705 consedisset.

288 734 790 802 συκοφαντήσαντες
812 736 1126 789 ’Λθανάσιον
1155 737 1435 805 ἀφείλοντο
1470 737 1567 808 τὴν
1617 737 1848 803 Ἀλεξαν-

1964 741 2213 811 Cumque
2265 741 2358 796 ille
2411 739 2668 812 suffragia
2717 756 2909 796 eorum
2966 740 3235 810 proferret
3276 740 3368 810 qui
3410 748 3532 809 post

284 821 453 891 ὀρέων
493 823 853 894 Ἐκκλησίαν,
883 825 991 879 δέει
1032 826 1132 898 τῆς
1181 828 1288 881 τῶν
1322 828 1662 899 πραγμάτων
1696 845 1848 899 μετα-

1964 828 2199 897 priorem
2259 828 2528 900 synodum
2588 844 2711 884 cum
2773 829 2893 899 ipso
2951 829 3530 892 communieaverant,

285 910 465 982 ϐολῆς,
495 914 623 967 τάδε
649 915 1074 987 ἐνομοθέτησαν,
1103 918 1432 983 ἀνεξέταστα
1469 919 1653 990 μένειν
1679 918 1749 972 τὰ
1772 920 1845 972 ἐπ

1958 919 2176 987 judices
2210 935 2329 974 eam
2377 919 2753 975 defensionem
2788 920 3012 974 minime
3044 919 3420 982 admiserunt,
3464 933 3532 972 eo

283 1003 432 1074 αὐτῷ
457 1003 853 1076 βεϐουλευμένα
879 1008 1291 1073 σπουδάζοντες.

1964 1008 2109 1078 quod
2151 1009 2334 1078 plures
2373 1007 2606 1064 fuissent
2638 1009 2730 1077 qui
2771 1008 2947 1078 ipsum
3001 1007 3530 1075 condemnaverant;

282 1104 337 1149 et
380 1097 744 1155 sacerdotalis
794 1115 970 1156 canon
1009 1102 1063 1157 id
1114 1102 1320 1158 diserte
1368 1104 1706 1173 prohiberet.
1750 1102 1857 1160 Sed
1896 1118 2019 1158 eum
2065 1103 2462 1171 deposuerunt,
2518 1109 2833 1158 constanter
2902 1108 3306 1158 asseverantem
3378 1099 3529 1154 illum

282 1202 406 1242 csse
434 1201 702 1244 canonem
735 1191 1137 1248 luereticorum.
1206 1194 1344 1248 Nam
1397 1209 1522 1248 cum
1590 1196 1799 1259 Ariani,
1827 1195 2170 1250 concinnatis
2202 1194 2469 1249 adversus
2508 1196 2866 1252 Athanasium
2917 1194 3227 1256 calumniis,
3298 1192 3531 1248 Alexan-

284 1277 498 1333 drinam
539 1280 827 1337 ecclesiam
858 1284 908 1338 ei
939 1284 1294 1351 ademissent,
1325 1285 1682 1340 mutationem
1715 1294 2018 1356 temporum
2049 1285 2422 1350 formidantes,
2480 1302 2599 1342 eam
2663 1288 2904 1359 regulam
2958 1286 3356 1342 condiderunt:
3413 1296 3531 1341 stu-

286 1368 438 1426 diose
469 1370 728 1427 videlicet
752 1382 1031 1438 caventes,
1063 1384 1121 1429 ut
1152 1390 1216 1430 ea
1247 1390 1368 1444 qua:
1396 1375 1657 1431 adversus
1680 1375 1833 1429 illum
1870 1375 2171 1429 machinati
2203 1374 2439 1440 fuerant,
2510 1377 2819 1431 indiscussa
2883 1384 3245 1430 remanerent.

871 1463 1121 1518 ΚΕΦΑΛ.
1159 1465 1289 1518 KA'.

289 1554 445 1605 Ὅσα
492 1549 648 1603 κακὰ
689 1547 915 1617 συνέϐη
947 1550 1045 1603 ἐπὶ
1094 1550 1165 1617 τῇ
1199 1550 1420 1617 ἐκϐολῇ
1470 1552 1744 1607 Ἰωάννου
1779 1550 1860 1616 τῷ

355 1618 713 1692 scindentem
762 1619 894 1688 περὶ
948 1618 1059 1689 τῆς
1099 1624 1225 1674 κατ’
1270 1621 1453 1675 αὑτοῦ
1501 1622 1597 1677 διὰ
1645 1622 1858 1692 ξίφους

354 1688 699 1756 ἐπιϐουλῆς.

367 1779 425 1831 Ὀ
456 1777 511 1831 δὲ
561 1777 810 1849 Ἰωέῳνης
861 1779 1205 1851 καθαιρεθεὶς
1229 1821 1242 1845 ,
1277 1782 1461 1835 οὐκέτι
1497 1781 1819 1852 ἐκκλησίαζε
1842 1798 1855 1812 '

2584 1467 2739 1521 CAP.
2776 1464 2920 1521 XXI.

1967 1555 2182 1629 Quanta
2254 1556 2400 1610 mala
2451 1557 3028 1629 populohacciderint,
3082 1568 3199 1626 post
3251 1560 3529 1629 expulsum

2032 1625 2295 1680 Joannem
2318 1641 2336 1680 :
2358 1636 2408 1682 et
2437 1627 2501 1681 de
2521 1625 2740 1680 insidiis
2771 1643 2861 1695 per
2886 1625 3106 1683 sicarios
3139 1631 3187 1684 ei
3216 1625 3454 1684 structis.

2033 1780 2206 1836 Porro
2230 1782 2490 1847 Joannes,
2521 1783 2791 1839 sententia
2815 1783 3194 1854 episcoporum
3221 1785 3529 1856 depositus,

288 1869 400 1924 ἀλλ’
433 1872 491 1922 ἐν
532 1869 611 1940 τῷ
648 1870 993 1942 ἐπισκοπικῷ
1034 1874 1359 1944 καταγωγίῳ
1384 1874 1595 1945 ἠρέμει.
1637 1874 1774 1944 Ἤδη
1808 1875 1848 1927 δ]

1968 1873 2034 1928 ad
2068 1875 2357 1929 ecclesiam
2399 1877 2632 1946 amplius
2681 1890 2789 1930 non
2839 1877 3129 1946 processit,
3181 1876 3277 1932 sed
3313 1879 3367 1932 in
3410 1880 3531 1948 epi-

286 1959 554 2034 ληγούσης
597 1963 696 2032 τῆς
729 1962 1202 2036 Τεσσαρακοστῆς,
1239 1967 1360 2019 κατ’
1383 1967 1552 2036 αὐτὴν
1580 1966 1680 2036 τὴν
1713 1966 1860 2037 ἱερὰν

286 2053 473 2114 νύκτα,
500 2054 557 2106 ἐν
651 2055 684 2124 ὴ
728 2055 936 2125 ἐτήσιος
964 2055 1123 2126 ἑορτὴ
1152 2057 1244 2110 ἐπὶ
1272 2057 1569 2127 ἀναμνήσει
1607 2057 1703 2126 τῆς
1731 2059 1861 2110 ἁνα-

288 2145 525 2213 στάσεως
574 2144 669 2197 τοῦ
721 2144 957 2216 Χριστοῦ
1006 2146 1353 2212 ἐπιτελεῖται,
1387 2146 1714 2213 ὲξωθοῦνται
1760 2146 1860 2217 τῆς

299 2235 620 2306 Ἐκκλησίας
635 2236 683 2288 οἱ
698 2235 764 2288 τὰ
777 2236 940 2289 αὐτοῦ
963 2237 1304 2308 φρονοῦντες,
1326 2237 1661 2308 ἐπιθεμένων
1678 2237 1858 2301 αὐτοῖς

287 2327 365 2379 ἔτι
379 2326 789 2398 μυπαγωγοῦσι
810 2328 919 2399 (72)
939 2328 1281 2400 στρατιωτῶν
1305 2330 1397 2383 καὶ
1422 2331 1529 2383 τῶν
1559 2329 1856 2401 δυσμενῶν.

296 2418 630 2490 Ἀπροὸπτου
659 2418 715 2472 δὲ
749 2419 937 2473 τούτου
977 2420 1299 2491 συμϐάντος,
1329 2421 1494 2484 πολὺς
1532 2422 1661 2492 περὶ
1685 2420 1742 2474 τὸ
1765 2422 1859 2492 βα-

288 2513 605 2582 πτιστήριον
637 2512 849 2579 ἐγένετο
883 2513 1130 2583 θόρυϐος,
1171 2513 1404 2582 γυναίων
1431 2514 1535 2584 μὲν
1556 2514 1672 2584 μετ’
1693 2514 1857 2583 οἰμω-

284 2606 385 2675 γῆς
427 2605 840 2677 ταραττομένων
866 2624 878 2636 ·
926 2607 1152 2661 παιδίων
1199 2608 1255 2660 δὲ
1310 2607 1631 2665 κλαιόντων·
1670 2608 1857 2678 ἱερέων

281 2697 338 2749 δέ
378 2697 472 2750 καὶ
514 2698 772 2751 διακόνων
813 2699 1166 2768 τυπτομένων
1205 2716 1301 2762 τε,,
1334 2700 1427 2752 καὶ
1466 2699 1601 2770 πρὸς
1636 2699 1756 2768 βίαν
1783 2699 1858 2763 ὡς

282 2783 429 2859 εἶχον
454 2792 729 2861 σχήματος
771 2787 1158 2859 ἐλαυνομένων.
1190 2791 1250 2841 'l"
1272 2791 1404 2845 ἄλλα
1434 2788 1489 2845 δὲ
1519 2787 1606 2845 οἷα
1629 2792 1771 2855 εἰκὸς
1790 2788 1856 2862 ἧν

281 2880 532 2948 γενέσθαι
557 2884 612 2934 ἐν
632 2882 825 2952 ἀταξία
844 2882 1100 2953 τοσαύτῃ,
1130 2883 1178 2935 οἱ
1211 2882 1501 2954 μυηθέντες
1523 2884 1619 2935 ούκ
1636 2883 1857 2952 ἀγνοοῦ-

281 2990 386 3027 σιν.
433 2970 573 3039 Ἐγὼ
600 2971 654 3025 δὲ
688 2973 995 3041 ἀναγκαίως
1031 2976 1343 3043 σιγήσομαι,
1381 2974 1452 3044 μὴ
1488 2975 1582 3027 καὶ
1614 2974 1856 3044 etiam;

281 3081 365 3126 τις
413 3062 609 3135 ἐντύχῃ
636 3068 699 3135 τῇ
754 3067 960 3135 γραφῇ.
998 3065 1313 3134 Λίσοὸμενοι
1340 3064 1395 3117 δὲ
1440 3066 1533 3118 καὶ
1575 3064 1634 3117 τὸ
1670 3065 1854 3120 λοιπὸν

279 3152 482 3224 πλῆθος
510 3155 608 3225 τὴν
630 3155 937 3225 ἐπιϐουλὴν,
968 3157 1032 3226 τῇ
1059 3155 1318 3226 ὑστεραίᾳ
1347 3154 1730 3218 καταλιπόντες
1755 3157 1852 3227 τὴν

1964 1965 2172 2033 scopuli
2228 1964 2390 2019 domo
2448 1966 2667 2035 quietus
2720 1967 2995 2021 manebat.
3049 1965 3296 2022 Exeunte
3346 1977 3529 2024 autem

1961 2054 2403 2123 quadragesima,
2430 2055 2482 2107 in
2519 2056 2632 2124 ipsa
2670 2069 2827 2110 sacra
2859 2064 3020 2112 nocte
3051 2057 3103 2110 in
3136 2073 3243 2127 qua
3273 2059 3529 2112 anniver-

1963 2142 2108 2197 saria
2148 2142 2417 2196 lestivitas
2456 2143 2510 2196 in
2544 2145 2857 2198 memoriam
2894 2147 3314 2203 resurrectionis
3351 2148 3530 2202 domi-

1961 2231 2098 2285 nicae
2156 2232 2485 2296 celebratur,
2550 2233 2793 2289 fautores
2845 2234 3073 2292 Joannis
3128 2238 3405 2306 pelluntur
3460 2254 3528 2293 ex

1959 2322 2213 2386 ecclesia,
2241 2322 2503 2378 militibus
2543 2331 2598 2377 et
2630 2325 2958 2393 quibusdam
2992 2324 3222 2384 Joannis
3256 2327 3528 2390 inimicis.

1960 2413 2015 2467 in
2065 2429 2159 2468 eos
2216 2414 2472 2483 baptismi
2537 2424 2880 2471 sacramenta
2944 2418 3126 2473 adhuc
3182 2428 3528 2491 peragentes,

1961 2505 2217 2573 impetum
2267 2504 2613 2562 facientibus.
2651 2507 2780 2573 Qua:
2811 2524 2898 2563 res
2939 2525 3061 2563 cum
3105 2520 3305 2580 prazter
3332 2527 3528 2582 exspe-

1959 2596 2250 2649 ctationem
2283 2595 2599 2662 accidisset,
2624 2597 2814 2666 ingens
2840 2599 3103 2653 tumultus
3127 2600 3180 2653 in
3200 2600 3528 2669 baptisterio

1957 2694 2182 2739 exortus
2222 2693 2307 2740 est
2339 2703 2352 2740 :
2384 2687 2707 2743 mulieribus
2758 2689 3091 2757 ejulantibus
3137 2706 3201 2744 ac
3248 2692 3522 2758 turbatis,

1959 2778 2143 2847 pueris
2174 2776 2557 2847 plorantibus,
2594 2780 2975 2835 sacerdotibus
3011 2797 3140 2835 vero
3174 2795 3236 2834 ac
3272 2783 3525 2839 diacouis

1958 2867 2369 2938 vapulantibus,
2401 2875 2454 2924 et
2486 2868 2540 2924 in
2570 2884 2634 2925 co
2663 2886 2772 2939 quo
2804 2878 2963 2925 erant
2992 2872 3138 2926 cultu
3167 2880 3328 2943 atque
3355 2887 3523 2927 orna-

1957 2967 2035 3023 tu,
2072 2959 2338 3014 violenter
2375 2958 2597 3030 fugatis.
2630 2961 2835 3016 CtBlcra
2860 2978 2981 3032 qua:
3015 2963 3066 3016 in
3100 2963 3367 3031 ejusmodi
3401 2980 3524 3034 per-

1956 3051 2266 3106 turbatione
2305 3055 2553 3108 evenisse
2590 3055 2886 3109 verisimile
2916 3063 3019 3118 est,
3072 3055 3256 3111 fideles
3299 3057 3520 3124 quidem

1959 3158 2065 3195 non
2123 3141 2378 3211 ignorant
2427 3161 2439 3197 :
2492 3159 2594 3213 ego
2656 3159 2783 3198 vero
2840 3145 2907 3199 de
2967 3144 3241 3199 industria
3303 3146 3523 3201 silentio

279 3220 595 3316 ἐκκλησίαν,
627 3247 683 3298 ἐν
734 3220 975 3317 δημοσίῳ
1007 3220 1231 3316 ⁷λουτρῷ
1278 3220 1646 3317 πολύχωρήτῳ
1684 3220 1845 3315 μάλα,

1957 3232 2276 3300 praneribo,
2323 3248 2394 3287 ne
2433 3233 2557 3303 quis
2591 3233 2731 3289 forte
2776 3237 3014 3289 nondum
3049 3236 3299 3292 initiatus
3331 3253 3395 3292 ea
3431 3238 3522 3293 hic

282 3335 658 3389 Κωνσταντίου
715 3335 808 3389 τοῦ
870 3336 1129 3405 βασιλέως
1192 3336 1464 3406 ἐπωνύμῳ
1494 3345 1540 3401 ο,
1573 3337 1634 3389 τὸ
1662 3338 1850 3407 Πάσχα

278 3424 633 3490 ἐπετέλεσαν,
668 3425 772 3479 ὑπὸ
810 3426 1125 3489 ἐπισκόποις
1173 3427 1267 3480 καὶ
1316 3427 1724 3496 πρεσῦυτέροις,
1758 3428 1852 3480 καί

277 3516 484 3579 λοιποῖς
537 3516 747 3581 ἄλλοις,
801 3511 883 3580 οἷς
932 3516 1087 3588 θέμις
1125 3518 1191 3570 τὰ
1238 3519 1367 3589 περὶ
1410 3519 1510 3589 τὴν
1557 3519 1850 3589 ἐκκλησίαν

276 3604 483 3657 διέπειν
502 3621 515 3633 '
537 3605 586 3656 οἳ
609 3605 671 3676 δὴ
696 3604 772 3676 τῷ
792 3605 905 3675 λαῷ
935 3608 1188 3677 συνῆσαν,
1216 3607 1285 3659 τὰ
1322 3607 1567 3660 Ἰωάννου
1590 3607 1849 3679 φρονοῦν-

277 3711 392 3756 τες.
439 3693 744 3761 Ἐλαθέντες
783 3696 839 3750 δὲ
886 3696 1056 3761 ἐνθεν,
1088 3698 1348 3768 συνῆλθον
1383 3699 1489 3771 πρὸ
1532 3699 1626 3752 τοῦ
1658 3699 1847 3762 ἄστεος

277 3789 359 3850 εἵς
399 3803 520 3840 τινα
566 3788 758 3859 χῶρον,
799 3789 856 3843 ὃν
883 3791 1288 3854 Κωνσταντίνος
1318 3793 1346 3844 ὁ
1377 3792 1646 3861 βασιλεὺς,
1683 3792 1846 3863 μήπω

274 3879 375 3949 τὴν
437 3879 591 3933 πόλιν
655 3882 978 3952 συνοικήσας
1019 3882 1179 3954 (7⁸5),
1214 3885 1292 3946 είς
1343 3883 1673 3954 ἱπποδρόμου
1719 3883 1847 3936 θέαν

274 3969 541 4041 ἐκάθηρε,
577 3970 753 4038 ξύλοις
787 3973 1185 4044 περιτειχίσας*
1223 3973 1280 4039 ἐξ
1312 3973 1519 4026 ἐκείνου
1548 3989 1607 4024 τε
1635 3973 1710 4042 πῆ
1751 3972 1849 4042 μὲν

273 4060 492 4124 ἐνθάδε,
527 4063 600 4132 πῆ
642 4062 699 4115 δὲ
733 4063 957 4134 ἑτέρωθι
990 4059 1192 4137 ᾖέξῆν,
1223 4063 1325 4133 ίδίᾳ
1351 4062 1723 4133 ἐκκλησίαζον,
1755 4063 1850 4115 καὶ

286 4152 587 4205 ἰωαννίται
633 4152 994 4223 ὠνομάζοντο.
1048 4153 1182 4224 Περὶ
1222 4153 1277 4205 δὲ
1320 4153 1504 4206 τοῦτον
1535 4153 1625 4206 τὸν
1658 4153 1848 4225 χρόνον

270 4243 561 4313 ἄνθρωπός
606 4261 688 4310 τις
728 4245 997 4316 δαιμονῶν
1033 4246 1068 4317 ἢ
1114 4245 1499 4316 νομιζόμενος,
1528 4245 1846 4316 ἐγχειρίδιον

1956 3322 2095 3391 legat
2127 3324 2457 3392 conscripta.
2493 3325 2718 3394 Reliqua
2759 3336 2939 3381 autem
2987 3327 3168 3398 pepuli
3208 3329 3519 3392 multitudo,

1957 3424 2077 3463 cum
2123 3409 2356 3466 insidias
2388 3413 2784 3480 intellexisset,
2815 3416 3080 3483 postridie
3109 3417 3299 3472 relicta
3348 3419 3522 3473 eccle-

1958 3501 2069 3562 sia,
2116 3501 2169 3553 in
2217 3502 2439 3571 publico
2484 3505 2698 3560 lavacro
2732 3506 3024 3559 admodum
3075 3509 3341 3576 spatioso,
3374 3510 3520 3579 quod

1957 3591 2303 3660 imperatoris
2331 3592 2643 3649 Constantii
2674 3596 2897 3649 nomine
2917 3605 3289 3665 nuncupatur,
3310 3595 3521 3652 Pascha

1952 3683 2321 3752 celebrarunt,
2338 3685 2441 3739 sub
2470 3687 2745 3757 episcopis
2765 3696 2819 3742 et
2851 3689 3205 3760 presbyteris,
3232 3697 3286 3744 et
3312 3692 3523 3746 caneris

1950 3772 2110 3843 353
2139 3774 2261 3829 aliis
2308 3776 2508 3845 quibus
2556 3793 2645 3833 res
2686 3780 3094 3835 ecclesiasticas
3134 3781 3523 3836 administrare

1945 3866 2039 3934 jus
2074 3864 2262 3935 fasque
2295 3876 2380 3922 est
2412 3886 2426 3922 :
2460 3869 2553 3937 qui
2600 3876 2737 3934 tum,
2775 3879 2833 3924 ut
2860 3869 3058 3926 Joanni
3104 3869 3368 3938 faventes,
3393 3887 3519 3926 cum

1949 3958 2153 4027 populo
2173 3959 2550 4015 versabantur.
2569 3959 2770 4016 Verum
2787 3977 2911 4017 cum
2935 3963 3061 4017 inde
3076 3963 3286 4032 expulsi
3308 3972 3516 4023 essent.

1949 4055 2322 4109 convenerunt
2353 4055 2405 4107 in
2433 4055 2611 4109 locum
2624 4062 2778 4109 extra
2796 4055 3005 4117 urbem,
3037 4070 3199 4124 quem
3222 4055 3522 4124 imperator

1946 4146 2357 4214 Constantinus,
2388 4147 2609 4203 civitate
2640 4146 2882 4200 nondum
2911 4145 3151 4212 condita,
3201 4145 3269 4199 ad
3307 4146 3518 4201 circen-

1947 4237 2087 4292 sium
2121 4239 2375 4294 ludorum
2415 4240 2785 4309 spectaculum
2816 4238 3254 4309 complanaverat
3284 4245 3338 4293 et
3363 4252 3518 4295 asse-

1470 4422 1739 4478 VALESII
1778 4418 2324 4477 ANNOTATIONES.

346 4509 459 4581 (7|)
491 4508 883 4577 Ἐτεροδόξων
906 4580 913 4581 7
936 4508 1326 4581 ἐνιστάμενοι.
1382 4512 1662 4567 Assentior
1696 4511 1838 4566 Hen-

271 4579 390 4634 rico
442 4579 669 4645 Savilio,
706 4581 802 4648 qui
855 4580 918 4630 ad
975 4579 1117 4632 latus
1142 4582 1222 4633 sui
1281 4582 1489 4637 codicis
1532 4583 1834 4646 adnotavit,

272 4653 419 4705 forte
451 4651 803 4703 scribendum
834 4664 956 4702 esse.
979 4647 1346 4720 ἐνιστάμενον.
1378 4653 1588 4707 Sensus
1613 4652 1832 4708 certeid

270 4722 589 4774 necessario
624 4720 879 4786 postulat.

1944 4520 2223 4567 sostomus
2254 4511 2371 4578 ipse
2403 4509 2456 4563 in
2492 4508 2732 4576 Epistola
2778 4507 2846 4560 ad
2888 4506 3253 4563 Innocentium
3293 4523 3509 4577 papam.
3583 4569 3588 4572 _

1942 4583 2104 4637 Certe
2142 4582 2365 4635 verbum
2431 4581 2807 4649 μυσταγωγεῐν
2853 4595 2959 4632 non
3026 4581 3174 4633 aliud
3235 4579 3511 4648 significat

1939 4667 2120 4720 quam
2159 4650 2417 4720 baptismi
2451 4659 2795 4720 sacramenta
2819 4650 3078 4720 tradere,
3112 4656 3171 4702 ut
3198 4663 3380 4720 supra
3413 4664 3508 4720 no-

1945 4717 2075 4775 t‘avi.
2102 4717 2272 4773 Porro
2297 4717 2632 4772 Sozomenus
2685 4718 2788 4771 hoc
2819 4719 2939 4772 loco
2977 4719 3234 4774 dissentit
3276 4734 3302 4770 a
3329 4718 3508 4770 Palla-

346 4789 460 4859 (72)
489 4789 702 4854 Αὐτοῖς
734 4788 820 4859 ἕντι
846 4789 1325 4859 ⁸μυστικγιογοὗοί.
1376 4789 1494 4845 Non
1542 4792 1711 4859 probo
1755 4791 1839 4845 in-

1950 4791 2051 4845 dio.
2088 4789 2220 4843 Nam
2255 4788 2532 4842 Palladius
2575 4788 2806 4859 clericos
2842 4786 3509 4859 Joannis_vigi|iamiesti

269 4858 726 4929 terprelatiouem
761 4858 982 4911 Suli'ridi
1010 4858 1187 4929 Petri,
1230 4861 1322 4928 qui
1357 4862 1438 4915 sic
1469 4858 1630 4915 venit
1658 4879 1672 4915 ε
1698 4860 1838 4913 Dum

266 4928 448 4981 adhuc
483 4928 745 4997 mysteriis
776 4938 1115 4995 occupantur.
1149 4928 1265 4982 Non
1284 4931 1429 4984 enim
1454 4930 1520 4984 de
1548 4931 1837 4984 missarum

266 4999 632 5068 solemnibus,
665 5013 767 5068 nec
795 4998 861 5050 de
893 4998 1234 5052 Eucharistia
1262 4999 1346 5052 hic
1391 5001 1634 5068 loquitur
1669 5000 1837 5054 Sozo-

268 5082 495 5138 IllCllllS,
518 5066 609 5120 sed
645 5067 710 5119 de
736 5076 1078 5120 sacramento
1103 5068 1386 5136 Baptismi.
1426 5066 1569 5138 quod
1599 5085 1659 5123 ea
1685 5080 1839 5123 nocte

266 5137 415 5190 tradi
448 5145 828 5191 consueverat.
864 5137 1035 5200 Quam
1094 5137 1489 5203 expositionem
1546 5139 1838 5192 confirmat

266 5205 553 5262 Palladius
593 5207 648 5259 in
674 5206 896 5275 Dialogo
931 5205 994 5258 de
1037 5207 1138 5260 vita
1169 5207 1552 5277 Clirysostomi,
1587 5216 1639 5263 et
1669 5208 1838 5278 Chry-

1942 4859 2220 4916 Paschalis
2245 4860 2298 4912 in
2335 4858 2561 4912 thermis
2585 4856 2995 4912 Constantiauis
3021 4856 3330 4912 celebrasse
3354 4856 3508 4921 dicit,

1940 4946 2049 4984 non
2084 4932 2135 4983 in
2174 4930 2380 4997 majore
2400 4928 2656 4989 ecclesia,
2683 4936 2740 4980 ut
2774 4928 3134 4997 Sozomenus.

2008 5001 2121 5069 (73)
2159 4995 2277 5066 Τὴιλ
2306 5001 2486 5051 πόλιν
2506 4997 2909 5069 συνοικήσας.
2939 4995 3136 5050 Procul
3164 4995 3332 5069 dubio
3371 4995 3507 5050 scri-

1940 5065 2170 5125 bendum
2196 5076 2282 5121 cst
2310 5068 2633 5128 συνοικίσας.
2658 5065 2918 5122 Eutndetn
2937 5080 3176 5121 errorem
3200 5065 3312 5137 jam
3340 5080 3505 5135 supra

1937 5139 2218 5194 observavi
2259 5138 2314 5191 in
2332 5138 2435 5193 hoc
2460 5137 2620 5190 libro.

1944 5232 2051 5252 enim

1682 5378 2066 5433 VARlORUM.

337 5526 369 5556 ο
405 5520 509 5572 Ἐν
539 5520 802 5586 σημοσίῳ
850 5518 1081 5584 ,λουτρῷ
1131 5520 1547 5581 Κωνσταντίου
1582 5519 1691 5572 τοῦ
1723 5521 1838 5584 βα-

255 5589 487 5652 σιλέως
517 5588 821 5656 ἐπωνύμῳ.
855 5589 1121 5648 Thcrmm,
1162 5590 1229 5641 de
1259 5589 1561 5643 Constantii
1617 5592 1835 5643 nomine

252 5657 622 5725 dict:e,-juxta
658 5660 823 5711 :edem
856 5658 1240 5723 Apostolorum
1273 5660 1743 5727 Constantinopoli
1804 5674 1832 5712 a

256 5732 596 5787 Constantio
634 5728 887 5783 :cdilicari
919 5735 1108 5793 empta:
1138 5736 1266 5781 sunt
1302 5742 1446 5782 anno
1471 5729 1673 5784 Christi
1706 5731 1829 5796 547,

1903 5530 1910 5538 ·
1939 5518 2082 5572 sient
2113 5519 2275 5571 tradit
2299 5527 2490 5572 auctor
2513 5517 2759 5573 Chronici
2790 5514 3132 5570 Alexandrini
3156 5511 3219 5563 ad
3245 5524 3367 5562 eum
3400 5522 3502 5561 an-

1940 5604 2067 5643 num
2086 5631 2100 5653 .
2125 5589 2650 5657 etpostdeccnnium
2686 5585 3060 5657 absolutze:_l_te
3092 5583 3159 5657 iis
3184 5577 3300 5629 vide
3317 5577 3496 5657 δραι-ε,

1916 5654 2035 5711 'lib.
2065 5645 2135 5714 tv.
2168 5645 2288 5729 c'ap.
2337 5660 2389 5725 8,
2432 5668 2484 5715 et
2520 5658 2812 5712 Palladium
2854 5656 2907 5707 in
2946 5652 3061 5707 Vita
3095 5645 3490 5715 Chrysostomi,

1937 5744 2058 5799 pag.
2083 5729 2170 5783 85.
2259 5734 2269 5743 ‘
