4040 6336
279 352 397 410 4375
1158 356 1481 415 HISTORIA
1522 353 2078 415 ECCLESIASTICA.
2119 389 2189 399 -——
2222 358 2350 414 LIB.
2389 358 2520 418 VIII.
3372 365 3512 421 15η

275 473 498 531 αἴσθοιτο
517 476 545 528 ὁ
565 473 693 540 λαὸς
721 474 1014 541 ἐπιδιὼξει,
1046 477 1137 529 καὶ
1161 476 1324 530 πάλιν
1346 476 1588 548 βιάσεται
1617 476 1836 530 ἐπανελ-
1863 524 1870 537 ι

1938 478 1993 532 in
2024 475 2337 549 Bithyniam
2369 484 2774 547 transportatur
2820 496 2832 533 :
2867 488 3030 550 atque
3058 479 3187 536 inde
3221 481 3509 538 confestim

273 565 389 627 θεῖν,
425 563 729 632 φθάσαντες
761 564 1111 619 ἀποκλείουσι
1157 565 1255 630 τὰς
1292 566 1463 637 θύρας
1490 566 1590 635 τῆς
1638 566 1834 637 ἐκκλη-

2015 582 2043 621 r
2080 568 2334 637 arripuit.
2373 567 2631 621 Nonnulli
2671 583 2803 624 vero
2835 584 2902 624 ex
2958 568 3186 626 Joannis
3231 571 3515 626 insidiato-

274 653 398 718 σίας.
472 654 625 707 Ἐπεὶ
648 654 706 707 δὲ
735 655 785 707 οί
815 654 919 708 ἀνὰ
942 655 1042 718 τὰς
1079 655 1276 723 ἀγυιὰς
1326 656 1592 726 ἔγνωσαν,
1641 659 1689 710 οἱ
1736 656 1835 727 μὲν
1850 707 1869 739 ⁸,

1914 660 2114 726 ribus,
2148 660 2515 730 prmvidentes
2551 661 2595 717 si
2621 664 2856 733 populus
2882 662 2936 717 id
2982 664 3271 727 sensisset,
3301 663 3416 719 fore
3452 677 3509 720 ut

269 746 506 819 δρομαῖοι
530 744 819 813 ἠπείγοντο
856 746 991 817 πρὸς
1015 745 1308 813 θάλασσαν,
1339 747 1415 810 ὡς
1440 746 1504 817 δὴ
1523 747 1864 819 καταληψό-ἱ

1933 750 2318 820 insequeretur
2371 765 2434 806 ac
2482 766 2676 807 rursus
2725 768 2849 806 eum
2894 753 3073 807 redire
3101 761 3338 823 cegeret,
3365 753 3509 808 fores

270 852 408 907 μενοι
432 852 446 868 ο
472 836 523 888 οἱ
545 835 622 902 δὲ,
656 836 928 907 περιδεεῖς
966 836 1269 907 γενόμενοι,
1314 839 1397 902 είς
1450 840 1627 912 φυγὴν
1664 839 1834 910 ἠλαύ-

1933 841 2180 896 ecclesiae
2208 841 2498 897 occludere
2530 850 2916 912 properarunt.
2966 841 3137 896 Porro
3176 843 3267 911 qui
3300 842 3355 895 in
3394 843 3508 911 pla-

266 945 426 992 νοντο,
460 928 536 991 ὡς
563 928 656 982 ἐπὶ
699 929 940 1000 τοσούτῳ
972 930 1184 1002 θορύϐῳ
1214 932 1308 986 ml.
1348 935 1557 1003 ταραχῇ
1593 933 1836 997 στάσεως

1936 928 2039 983 teis
2075 937 2255 994 erant,
2288 944 2411 982 cum
2443 930 2558 984 hzec
2592 931 3003 999 cognovissent,
3029 930 3118 983 alii
3155 930 3220 984 ad
3250 944 3397 984 mare
3414 945 3509 983 cu-

266 1019 351 1074 καὶ
399 1019 663 1090 βασιλέως
708 1020 879 1091 ὀργῆς
930 1022 1405 1093 προσδοκωμένης.
1477 1026 1540 1077 OE
1580 1025 1637 1078 δὲ
1681 1027 1740 1079 ἐν
1763 1021 1831 1097 τῇ

1933 1025 2248 1084 currerunt,
2306 1025 2566 1088 tanquam
2628 1033 2752 1073 eum
2788 1018 3146 1074 assecuturi:
3209 1018 3303 1072 alii
3361 1027 3507 1074 metu

263 1110 521 1182 ἐκκλησίᾳ
549 1111 628 1164 ἔτι
668 1111 867 1181 μᾶλλον
896 1111 1160 1183 ἐφραττον
1188 1115 1287 1177 τὰς
1315 1112 1547 1179 ἐξόδους,
1584 1116 1677 1170 ἐπὶ
1703 1116 1834 1170 ταύ-

1933 1107 2242 1173 conterriti,
2296 1108 2475 1178 fugam
2538 1109 2911 1178 arripuerunt,
2968 1124 3092 1163 cum
3130 1116 3252 1178 post
3295 1118 3505 1163 tantum

259 1219 353 1267 τας
411 1203 733 1274 συρρέοντες
776 1204 868 1257 καὶ
898 1184 1293 1275 περιωθοῦντες
1342 1207 1622 1277 ἀλλήλους.
1662 1209 1833 1275 Μόλις

1934 1199 2225 1251 tumultum
2308 1206 2618 1269 tantamque
2702 1200 3164 1269 perturbationem
3215 1200 3410 1255 seditio
3454 1209 3508 1255 et

260 1294 312 1347 δὲ
340 1294 435 1356 τὰς
464 1292 634 1363 θύρας
668 1293 942 1348 ἐπέτασαν
971 1295 1066 1347 σὺν
1092 1295 1183 1367 βία
1212 1296 1401 1368 πολλῇ,
1428 1298 1538 1351 τῶν
1556 1300 1833 1369 μὲνλίθοις

1932 1287 2279 1357 imperatoris
2311 1290 2388 1343 ira
2441 1299 2870 1361 exspectaretur.
2930 1292 2994 1344 Ili
3033 1307 3161 1346 vero
3198 1293 3290 1361 qui
3337 1292 3389 1345 in
3419 1307 3509 1347 ec-

259 1382 633 1448 κατεαξάντων
654 1400 667 1414 ⁸
704 1382 811 1437 τῶν
835 1384 893 1438 δὲ
918 1385 1053 1456 πρὸς
1078 1387 1304 1451 ἑαυτοὺς
1332 1389 1716 1453 ἀνθελκόντων,
1737 1393 1832 1446 καὶ

1932 1380 2099 1434 clesia
2128 1389 2305 1444 erant,
2339 1380 2517 1435 adhuc
2567 1386 2738 1453 magis
2785 1384 2967 1438 aditus
3014 1384 3394 1445 obstruebant,
3436 1384 3503 1437 ad

257 1474 345 1528 τὸν
389 1472 531 1529 κατὰ
569 1476 742 1528 νώτου
781 1476 938 1546 ὄχλον
1000 1479 1079 1541 είς
1121 1479 1364 1533 τούπίσω
1406 1482 1828 1552 ἁπωθουμένων.

1932 1480 2122 1540 portas
2155 1471 2499 1538 conﬂuendo,
2525 1482 2580 1529 et
2602 1458 2926 1546 semetipsos
2947 1488 3134 1531 mutuo
3160 1476 3500 1544 impellendo.

254 1562 354 1620 Ἐν
369 1565 542 1638 τούτῳ
569 1567 626 1620 δέ
677 1565 790 1639 πῦρ
823 1569 1082 1641 ἐξαπίνης
1116 1572 1377 1627 πάντοθεν
1397 1572 1495 1645 τὴν
1536 1575 1831 1647 ἐκκλησίαν

1933 1562 2172 1618 Tandem
2202 1580 2334 1619 vero
2386 1582 2528 1635 aegre
2577 1576 2763 1637 portas
2821 1584 3015 1637 magna
3064 1569 3113 1622 vi
3166 1574 3500 1632 reseraruut,

256 1658 600 1712 ἐπεϐόσκετο·
634 1660 727 1713 καὶ
763 1662 948 1716 πᾶσαν
980 1662 1298 1735 διαδραμὸν,
1336 1665 1575 1736 ἐνεμήθη
1614 1667 1707 1721 καὶ
1739 1668 1832 1721 τὸν

1932 1670 2055 1709 cum
2081 1656 2169 1710 alii
2209 1671 2302 1711 cas
2333 1656 2606 1726 lapidibus
2661 1658 3074 1728 perfregissent,
3108 1660 3201 1713 alii
3236 1658 3303 1713 ad
3334 1674 3393 1712 se
3424 1673 3509 1711 re-

256 1750 662 1820 παρακείμενον
714 1752 852 1825 αὐτῇ
901 1755 966 1807 ἐκ
1000 1757 1349 1827 μεσημϐρίας
1392 1758 1647 1828 μέγιστον
1682 1757 1831 1814 οἶκον

1933 1749 2236 1814 traherent,
2287 1756 2340 1803 et
2370 1750 2585 1803 turbam
2627 1765 2749 1818 quae
2795 1764 2822 1803 a
2858 1760 3008 1820 tergo
3050 1759 3186 1813 erat,
3232 1758 3505 1805 retrorsus

392 1815 694 1914 συγκλήτου
748 1815 963 1916 βουλῆς.
1000 1815 1666 1922 ’Τούτου-δὲττηνΙαίτίαν
1716 1855 1835 1908 άντ-

1933 1839 2284 1908 repellerent.
2318 1838 2452 1892 Dum
2488 1839 2602 1892 haec
2640 1815 2899 1909 aguntur,
2928 1815 3070 1909 ignis
3098 1847 3321 1909 repente
3344 1854 3507 1893 exor-

253 1934 457 2002 επῆγον
480 1935 731 2005 ἀλλήλοις
750 1951 765 1965 '
797 1937 847 1990 οί
867 1937 965 2008 μὲν
989 1938 1206 2011 Ἰωάννῃ
1228 1942 1687 2012 ἐπιϐουλεύοντες,
1702 1948 1833 2011 τοὺς

1934 1935 2025 1983 tus
2053 1929 2343 1983 ecclesiam
2381 1930 2748 2000 undequaque
2787 1930 3104 2000 corripuit:
3142 1940 3194 1985 et
3225 1944 3348 1984 cum
3380 1929 3506 1983 uni-

250 2026 317 2080 τὰ
332 2026 498 2081 αὑτοῦ
530 2028 859 2100 φρονοῦντας
887 2031 1292 2104 ἐπαιτιώμενοι,
1321 2035 1396 2097 ὡς
1421 2036 1835 2109 χαλεπήναντας

1932 2033 2146 2073 versam
2176 2020 2634 2088 percucurrisset,
2658 2021 2827 2074 :edem
2861 2036 3078 2090 quoque
3110 2020 3503 2090 amplissimam

252 2115 387 2186 πρὸς
414 2115 512 2186 τὴν
537 2117 636 2187 τῆς
670 2119 888 2173 συνόδου
918 2120 1098 2192 ψῆφον
1120 2139 1133 2154 ·
1183 2124 1232 2176 oI
1269 2125 1347 2189 δὲ,
1380 2129 1831 2196 συκοφαντεῖσθαι

1932 2121 2177 2174 senatus,
2212 2126 2332 2179 quas
2355 2111 2430 2164 illi
2459 2110 2525 2165 ad
2557 2112 2839 2166 meridiem
2876 2112 3055 2165 vicina
3081 2120 3220 2174 erat,
3250 2111 3508 2165 combus-

254 2204 673 2277 ισχυριζόμενοι,
695 2209 790 2263 καὶ
817 2210 917 2281 τὴν
934 2211 1155 2266 ἐκείνων
1181 2214 1378 2284 πρᾶξιν
1404 2218 1553 2285 σφίσι
1577 2220 1831 2290 περιτρέ-

1932 2203 2025 2257 sit.
2077 2200 2250 2270 Cujus
2296 2203 2374 2257 rei
2425 2203 2644 2273 culpam
2692 2203 2795 2258 sibi
2868 2212 3058 2257 mutuo
3112 2202 3502 2257 ascribebant:

251 2311 394 2361 πειν,
426 2296 543 2367 ἅμα
567 2299 632 2368 τῇ
664 2298 931 2372 ἐκκλησίᾳ
974 2301 1063 2355 καὶ
1095 2303 1292 2367 αὐτοὺς
1332 2306 1678 2377 πυρπολῆσαι
1708 2309 1832 2379 βου·-

1928 2292 2159 2348 Joannis
2202 2294 2420 2363 quidem
2475 2294 2853 2358 insidiatores,
2895 2294 3216 2348 accusando
3264 2292 3506 2348 fautores

249 2381 618 2454 λευσαμένων.
664 2386 795 2440 Ἀπὸ
848 2388 1032 2459 δείλης
1085 2391 1143 2444 δέ
1189 2393 1349 2463 ὀψίας
1408 2397 1602 2468 μέχρις
1634 2399 1709 2453 ἕω
1734 2398 1827 2453 τοῦ

1930 2386 2100 2453 illius,
2135 2385 2280 2456 quod
2323 2385 2518 2456 synodi
2570 2386 2839 2454 judicium
2897 2384 3124 2441 moleste
3181 2385 3442 2440 tulissent
3486 2401 3501 2439 :

249 2475 421 2547 σιυρὺς
449 2477 759 2549 περαιτέρω
804 2481 1133 2550 χωροῦντος,
1162 2487 1256 2539 καὶ
1285 2487 1422 2556 πρὸς
1462 2489 1562 2553 τὰς
1593 2490 1674 2543 ἔτι
1712 2508 1832 2546 συν-

1928 2479 2023 2535 isti
2052 2494 2182 2535 vero
2214 2479 2545 2531 calumniam
2583 2494 2642 2532 se
2672 2479 2784 2548 pati
2836 2484 3238 2540 asseverantes,
3288 2476 3506 2546 sibique

248 2565 491 2631 εστὼσας
538 2568 669 2633 ὔλας
712 2570 992 2642 ἐρποντος,
1023 2575 1073 2627 oi
1106 2576 1202 2646 μέν
1236 2578 1617 2645 ἐπιδιώξαντες
1659 2582 1831 2635 Ἰωάν-

1929 2567 2185 2636 imputari
2212 2565 2427 2619 facinus
2457 2565 2695 2631 illorum,
2723 2565 2814 2634 qui
2850 2566 3000 2634 ipsos
3034 2580 3137 2617 una
3168 2580 3292 2619 cum
3324 2566 3504 2620 cccle-

248 2675 349 2729 νην
372 2660 452 2723 είς
479 2661 789 2716 Κουκουσδν
816 2662 1005 2734 διῆγον
1056 2667 1155 2736 τῆς
1212 2669 1522 2740 Ἀρμενίας,
1568 2671 1830 2741 βασιλέως

1928 2657 2009 2712 sia
2043 2656 2337 2711 incendere
2391 2655 2714 2711 voluissent.
2745 2653 2918 2709 Porro
2963 2655 3090 2707 dum
3140 2654 3281 2724 ignis
3337 2670 3368 2707 a
3410 2670 3503 2710 vc—

245 2749 535 2821 γράμματι
565 2754 1027 2812 καταδικασθέντα
1058 2759 1156 2830 τὴν
1189 2762 1366 2814 ἐκεῖσε
1412 2765 1643 2834 οἴκησιν.
1679 2767 1741 2818 Ol
1770 2767 1827 2820 δὲ

1930 2784 2092 2838 spera
2116 2784 2292 2838 usque
2317 2768 2384 2822 ad
2409 2767 2711 2822 diluculum
2744 2766 2809 2821 ad
2842 2767 3101 2821 ulteriora
3133 2767 3500 2838 progreditur,

246 2841 373 2905 τοὺς
416 2842 767 2910 ξυνελθόντας
811 2849 960 2919 αὐτῷ
1016 2851 1343 2915 ἐπισκόπους
1389 2855 1482 2907 κα)⁵
1535 2855 1828 2927 κληρικοὺς

1929 2868 1980 2913 et
2011 2858 2076 2911 ad
2112 2858 2370 2911 materias
2398 2872 2519 2925 quae
2549 2857 2729 2911 adhuc
2771 2858 2993 2926 integra:
3024 2856 3266 2919 stabant,
3306 2857 3500 2927 serpit,

245 2932 574 3004 ἀγαγόντες,
606 2938 664 2990 ἐν
692 2939 993 3010 Χαλκηδόνι
1033 2943 1345 3016 καθεῖρξαν.
1372 2946 1553 2999 Ἀλλοι
1583 2947 1639 3000 δὲ
1668 2966 1819 3019 περι-

1928 2948 1980 3002 hi
2006 2949 2098 3017 qui
2124 2947 2390 3002 Joannem
2420 2948 2911 3018 prosequebantur,
2941 2948 3215 3001 Cucusum
3235 2948 3505 3002 Armeniae

252 3022 422 3086 ιόντες
455 3025 558 3078 ἀνὰ
579 3028 679 3099 τὴν
713 3029 886 3095 πόλιν,
923 3032 1051 3096 τοὺς
1085 3036 1604 3106 καταμηνυομένους
1637 3037 1705 3090 τὰ
1735 3038 1827 3091 αύ-

1925 3057 2049 3097 eum
2084 3042 2475 3111 perduxerunt,
2501 3040 2591 3094 ubi
2624 3041 2818 3111 degere
2848 3040 3047 3094 litteris
3077 3040 3341 3109 principis
3377 3039 3501 3108 jus-

248 3111 371 3207 τοῦ
411 3118 650 3187 φρονεῖν,
700 3118 1165 3191 συνελαμϐάνοντο
1228 3126 1322 3179 καὶ
1370 3126 1689 3199 ἐφρούρουν’
1730 3129 1825 3183 καὶ

1930 3148 2025 3188 sus
2051 3131 2247 3185 fuerat.
2281 3131 2386 3185 Alii
2423 3131 2709 3200 episc0pos
2761 3138 2813 3185 et
2843 3131 3075 3185 clericos
3104 3131 3197 3201 qui
3248 3147 3353 3185 una
3377 3147 3501 3186 cum

242 3204 662 3276 ἀναθεματίζειν
690 3211 850 3264 αὐτὸν
881 3214 1208 3282 ἠνάγκαζον.

1925 3222 2140 3278 Joanne
2181 3219 2416 3291 profecti
2464 3220 2703 3286 fuerant,
2761 3220 3164 3276 Chalcedonem
3213 3222 3498 3286 abductos,

242 3299 512 3355 custodia!
544 3302 948 3372 manciparunt.
990 3307 1095 3361 Alii
1131 3324 1226 3378 per
1256 3310 1444 3366 urbem
1472 3310 1896 3383 circumeuntes,
1943 3330 2038 3371 eos
2112 3314 2205 3384 qui
2283 3313 2450 3369 delati
2504 3312 2719 3367 fuerant
2761 3313 2905 3383 quod
2965 3312 3163 3369 Joanni
3236 3313 3498 3379 fave-‘01".

241 3393 808 3463 comprehenderunt;
854 3405 910 3450 ct
953 3399 1007 3451 in
1048 3403 1358 3457 custodiam
1390 3404 1545 3461 datos
1572 3416 1633 3461 ut
1660 3405 1858 3462 Joanni
1897 3408 2186 3462 anathema
2222 3406 2473 3461 dicerent
2530 3414 2843 3476 coegerunt.

835 3490 1086 3546 ΚΕΦΑΛ.
1114 3496 1238 3549 Kl".

2524 3500 2675 3558 CAP.
2719 3497 2909 3553 XXIII.

240 3576 393 3661 Περὶ
410 3645 423 3661 ν
450 3577 761 3661 Ἆρσακιόι)
808 3579 937 3661 ητοῦ
973 3581 1124 3661 μετᾲ
1187 3584 1465 3661 Ἰωάννην
1528 3602 1824 3658 προχειριυ

1932 3590 2012 3646 De
2047 3593 2268 3646 Arsacia
2296 3593 2385 3661 qui
2430 3603 2546 3660 post
2579 3591 2841 3645 Joannem
2863 3590 3056 3645 electus
3084 3598 3181 3655 est,
3214 3598 3263 3644 et
3291 3594 3500 3661 quantis

314 3645 589 3733 εθέγτος,
649 3647 748 3733 καὶ
779 3647 914 3733 ’ὅσα
971 3645 1124 3733 ira}?
1169 3654 1294 3733 τοῖς
1364 3645 1827 3733 Ξτρο-σκὲιιλὲνρις

1994 3645 2156 3733 malis
2196 3645 2448 3733 alfecerit
2476 3645 2585 3718 eos
2606 3664 2696 3733 qui
2723 3662 2922 3717 Jaamri
2953 3645 3216 3730 favebant.
3252 3645 3387 3717 lt'em
3418 3645 3502 3719 ida

325 3716 562 3839 ‘Iéwrlrm
627 3718 966 3787 εἰργάσατο.
1003 3721 1111 3775 Kal
1137 3716 1283 3792 περῖ
1317 3716 1427 3795 τῆξ·
1456 3716 1633 3795 ὀσίαξ
1650 3716 1823 3785 Mva

307 3804 347 3854 ρ
386 3803 511 3855 της·

863 3735 966 3775 ιτο.
1003 3721 1111 3775 Kal
1137 3716 1283 3792 περῖ
1317 3716 1427 3795 τῆξ·
1456 3716 1633 3795 ὀσίαξ
1650 3716 1823 3785 Mva
2002 3731 2155 3787 beata
2187 3716 2458 3786 Nicarete.

312 3877 389 3931 Οὐ
414 3876 593 3948 πολλῷ
622 3877 679 3932 δέ
705 3877 933 3951 ὕστερον
958 3884 1339 3954 χειροτονεῖται
1375 3886 1817 3943 Κωνσταντινου-

1994 3901 2151 3958 Haud
2188 3904 2360 3958 multo
2409 3910 2534 3973 post
2575 3902 3194 3974 Constantinopolitanae
3240 3904 3497 3966 Ecclesia°

234 3967 452 4033 πόλεως
507 3971 803 4036 ἐπίσκοπος
864 3974 1171 4046 Ἀρσάκιος,
1233 3979 1538 4051 Νεκταρίου
1582 3981 1674 4035 τοῦ
1713 3983 1818 4054 πρὸ

1923 3992 2216 4062 episcopus
2280 3993 2567 4046 ordinatur
2647 3993 2932 4056 Arsacius,
3007 3993 3173 4050 frater
3259 3996 3495 4054 Nectarii

245 4061 501 4115 Ἰωάννου
531 4062 735 4133 ταύτην
760 4065 857 4135 τὴν
881 4067 1180 4139 ἐπισκοπὴν
1199 4070 1547 4136 διανύσαντος
1571 4074 1816 4142 ἀδελφὸς,

1924 4084 2045 4153 ejus
2089 4084 2181 4153 qui
2226 4090 2354 4138 ante
2398 4081 2662 4138 Joannem
2710 4085 3080 4154 episcopatum
3123 4086 3274 4140 illum
3338 4104 3493 4143 rexe-

229 4151 382 4246 άνὴρ
416 4156 608 4223 πρᾶος,
658 4156 750 4208 καὶ
802 4159 932 4227 περὶ
962 4159 1022 4212 τὸ
1053 4161 1206 4213 Θεῖον
1250 4162 1505 4234 εὐλαϐής.
1536 4164 1818 4234 ’Έϐλαψαν

1924 4185 2010 4229 rat
2072 4192 2086 4228 :
2140 4174 2225 4227 vir
2284 4183 2603 4229 mansuetus
2647 4184 2700 4229 et
2739 4189 2867 4243 erga
2918 4173 3086 4230 Deum
3136 4177 3420 4246 religiosus
3453 4181 3493 4233 ¹.

227 4241 294 4293 δὲ
326 4242 427 4313 τὴν
456 4245 514 4296 ἐν
573 4244 652 4314 τῷ
713 4248 1087 4320 πρεσϐυτερίῳ
1135 4252 1262 4323 περὶ
1299 4254 1461 4307 αὐτοῦ
1515 4258 1818 4326 κρατοῦσαν

1926 4265 2125 4322 Verum
2182 4266 2396 4321 laudem
2484 4265 2630 4319 illam
2686 4281 2847 4337 quam
2913 4267 3158 4321 omnium
3218 4284 3492 4325 consensu

227 4332 399 4399 δόξαν
417 4334 666 4406 κληρικοί
682 4355 844 4403 τινες,
864 4340 1141 4405 ποιοῦντες
1160 4345 1255 4413 μὲν
1273 4345 1414 4416 ἅπερ
1432 4346 1774 4402 ἐϐουλεύοντο
1800 4365 1815 4380 ·

1925 4358 2152 4426 adeptus
2202 4355 2378 4410 fuerat
2452 4332 2768 4427 presbyter,
2829 4357 3225 4412 imminuerunt
3299 4371 3490 4430 postea

226 4423 390 4495 αὐτῷ
422 4425 478 4478 δὲ
504 4426 675 4480 ταῦτα
702 4428 1045 4495 ἀνατιθέντες
1065 4450 1076 4462 ·
1102 4434 1309 4489 διέϐαλε
1334 4437 1389 4489 δὲ
1405 4439 1564 4491 αὐτὸν
1588 4440 1818 4510 μάλιστα

1925 4423 2110 4505 clerici
2188 4449 2408 4519 quidam
2444 4423 2467 4511 ,-
2534 4423 2630 4517 qui
2713 4449 3077 4519 quodcunque
3147 4423 3317 4520 ipsis-
3367 4452 3491 4507 libi-

224 4515 333 4569 καὶ
354 4517 423 4570 τὰ
458 4520 736 4588 συμϐάντα
794 4524 931 4591 μετὰ
992 4525 1161 4578 ταῦτα
1202 4528 1328 4598 περὶ
1387 4531 1514 4593 τοὺς
1572 4532 1817 4586 Ἰωάννου

1926 4549 2040 4595 tum
2120 4515 2300 4594 fuerat
2373 4515 2642 4608 agebant,
2716 4515 2859 4593 facta
2914 4515 3043 4595 vero
3110 4515 3185 4594 illi
3256 4541 3486 4611 imputa-

224 4605 551 4669 ἐπαινέτας.
618 4609 769 4662 Ἐπεὶ
814 4612 921 4682 γὰρ
985 4615 1132 4684 αὐτῷ
1179 4618 1272 4669 καὶ
1322 4621 1433 4681 τοῖς
1497 4620 1644 4691 αὐτῷ
1697 4640 1816 4675 συν-

1925 4634 2075 4688 bant.
2124 4630 2229 4686 Sed
2300 4605 2575 4701 praecipue
2636 4632 2969 4686 infamarunt
3033 4633 3186 4687 illum
3243 4605 3489 4704 ea-quaz

220 4694 357 4750 οὖσι
421 4698 531 4768 (76)
570 4704 846 4754 κοινωνεῖν
879 4704 910 4773 ἣ
948 4707 1301 4778 συνεύχεσθαι
1358 4712 1540 4764 οὐκέτι
1591 4714 1815 4769 ἀνεκτὸν

1912 4722 2144 4778 Joannis
2189 4716 2501 4777 fautoribus
2554 4724 2905 4792 postmodum
2961 4725 3304 4780 acciderunt.
3354 4694 3485 4781 Nam

221 4786 504 4855 ἡγοῦντο,
567 4791 1032 4863 ἀναμεμιγμένων
1098 4798 1282 4861 αὐτοῖς
1341 4800 1449 4854 τῶν
1519 4803 1816 4858 ἐπιϐούλων

1914 4816 2075 4887 355
2111 4831 2233 4870 cum
2289 4815 2361 4868 illi
2424 4813 2732 4884 haudquam
2784 4815 3136 4882 sustinerent,
3202 4830 3304 4871 nec
3358 4831 3484 4872 cum

234 4882 522 4945 Ἰωάννου,
575 4886 695 4938 καθ’
731 4887 954 4953 ἑαυτοὺς
982 4890 1059 4955 δὲ,
1091 4890 1166 4954 ὡς
1196 4895 1428 4965 εἴρηται,
1460 4898 1730 4961 συνιέντες
1762 4901 1819 4953 ἐν

1917 4908 2057 4976 ipso,
2115 4921 2215 4960 nec
2277 4921 2401 4960 eum
2456 4906 2805 4961 consortibus
2861 4905 3032 4976 ipsius
3083 4912 3485 4965 communicare

216 4976 358 5037 ταῖς
390 4976 668 5044 ἐσχατιαῖς
716 4981 815 5048 τῆς
871 4980 1080 5044 πόλεως
1134 4984 1511 5055 ἐκκλησίαζον,
1546 4987 1811 5044 κοινοῦται

1917 5006 2010 5051 aut
2048 4997 2425 5068 precationem
2476 4997 2676 5062 facere,
2715 5012 2779 5051 eo
2827 4998 2972 5066 quod
3040 5003 3330 5070 permistos
3380 5004 3484 5060 illis

216 5062 452 5132 βασιλεῖ
480 5067 605 5134 περὶ
628 5065 838 5121 τούτου.
861 5070 1220 5141 Συνηγμένοις
1242 5075 1298 5128 δέ
1324 5081 1811 5153 συνταγματάρχης

1916 5091 2174 5145 videbant
2203 5087 2433 5143 Joannis
2472 5089 2746 5152 inimicos,
2782 5096 2944 5159 atque
2978 5090 3186 5147 idcirco
3213 5108 3482 5158 seorsum,

214 5156 354 5225 ἃμα
388 5155 745 5225 στρατιώταις
771 5158 1026 5227 ἐμϐαλεῖν
1041 5161 1384 5233 ἐπιτραπεὶς,
1402 5168 1463 5220 τὸ
1487 5169 1586 5239 μὲν
1610 5170 1809 5241 πλῆθος

1919 5182 1994 5236 uti
2026 5181 2284 5245 diximus,
2322 5178 2658 5250 congregati,
2687 5179 2740 5233 in
2769 5181 3028 5239 extremis
3057 5183 3294 5240 civitatis
3317 5184 3483 5255 parti-

302 5293 318 5322 ¹
343 5289 501 5345 Socr.
541 5294 631 5348 lib.
660 5312 733 5362 vr,
771 5312 819 5350 c.
855 5295 941 5351 l9.

1402 5450 1676 5508 VALESII
1706 5454 2257 5518 ANNOTATIONES.

298 5541 421 5633 (
452 5541 559 5596 Kal
582 5541 706 5633 τρῖς
732 5539 889 5621 αῠζῷ
908 5542 1187 5633 συνοῦσι.
1218 5539 1275 5597 In
1296 5543 1487 5633 codice
1511 5544 1807 5633 Fttketiano

1916 5554 2137 5633 ιιιίέρῖεῇ
2192 5557 2356 5633 αζδτοῦ
2397 5557 2678 5633 ἐκκλησίᾳ.
2737 5561 2907 5633 Paulo
2959 5572 3101 5632 post,
3156 5561 3247 5633 ubi
3284 5560 3483 5630 legitur

204 5612 502 5705 scripturn
552 5611 944 5705 est'o‘uwoﬁcrtﬁl
984 5615 1204 5705 rectius,
1255 5621 1314 5667 ut
1373 5615 1586 5705 Opinor.
1631 5615 1799 5698 Atque

1914 5626 2032 5705 καθ’
2063 5611 2604 5705 ἐάυεοὺςησυνιέντές,
2634 5617 2827 5685 ἰηιιιίῐη
2856 5611 3031 5705 Iegcrre
3057 5611 3322 5693 συνιόντες
3334 5611 3478 5686 υειιιιι

206 5683 303 5735 ita
352 5679 569 5754 legisse
618 5680 833 5754 videtur
885 5679 1245 5754 Nicephorius,
1282 5692 1339 5736 ut
1374 5679 1559 5738 videre
1614 5679 1806 5741 est'in
1914 5693 2149 5751 Item-ica
2171 5679 2402 5754 δίῃῖίιίόέ

201 5766 355 5820 cap.
390 5750 482 5817 98,
518 5751 611 5806 lib.
638 5765 758 5805 XIII.
793 5748 921 5802 Nam
953 5748 1050 5819 pro
1077 5752 1168 5805 .his
1221 5754 1399 5809 verbis
1435 5754 1545 5809 haec
1600 5755 1803 5809 substi—
