4040 6336
581 351 722 410 1575

2057 334 2399 392 SOZOMENI

3657 345 3764 402 £576

582 474 687 530 bus
703 470 963 526 collectas
975 462 1336 528 celebrarent,
1351 459 1467 532 ipse
1476 458 1543 513 de
1557 473 1619 513 ea
1637 472 1697 513 re
1709 457 1775 511 ad
1789 458 2163 528 imperatorem

2273 454 2448 508 παίων
2478 453 2654 519 ξύλοις
2687 455 2780 508 καὶ
2814 453 3000 519 λίθοις,
3047 455 3126 518 είς
3175 453 3346 525 φυγὴν
3373 454 3578 528 τρέπει·
3606 460 3766 525 scine:

581 563 787 622 retulit.
806 560 1082 615 Tribunus
1097 556 1279 626 itaque
1292 568 1417 609 cum
1450 551 1716 607 militibus
1728 549 1782 604 in
1799 555 2159 619 congregatos

584 655 843 723 impetum
880 648 1060 702 facere
1094 645 1317 715 jussus,
1351 642 1563 715 plebem
1586 640 1804 713 quidem
1834 638 2070 694 fustibus
2104 643 2159 691 et

581 745 730 800 saxis
758 741 996 803 caedens,
1028 736 1213 810 fugere
1248 737 1552 806 compulit,
1588 734 1885 790 nobiliores
1904 745 2060 793 vero,
2104 738 2159 785 et

580 847 677 891 eos
710 831 802 902 qui
831 828 1060 885 Joannis
1085 836 1269 898 partes
1301 826 1585 881 ardentius
1618 824 1937 888 tuebantur,
1969 829 2156 877 custo-

580 927 684 982 die
717 922 962 980 tradidit.
993 921 1132 976 Tum
1162 936 1317 985 vero,
1358 920 1503 976 sicut
1531 918 1648 972 fieri
1692 917 1833 973 solet
1863 931 1989 970 cum
2014 914 2159 969 mili-

579 1016 729 1072 tibus
771 1013 991 1070 licentia
1020 1010 1361 1076 coneeditur,
1399 1009 1663 1065 mulieres
1702 1019 1900 1065 ornatu
1936 1021 2039 1062 suo
2062 1021 2159 1076 per

579 1109 693 1164 vim
724 1106 971 1176 spoliatae
1000 1112 1148 1170 sunt,
1181 1103 1312 1157 dum
1351 1102 1445 1156 alii
1480 1100 1727 1165 monilia,
1759 1114 1929 1155 zonas
1961 1113 2160 1154 aureas

581 1209 634 1255 et
658 1210 884 1268 torques
907 1196 1175 1266 diripiunt
1209 1213 1223 1249 :
1257 1195 1349 1248 alii
1383 1194 1608 1249 inaures
1636 1192 1801 1249 simul
1845 1206 1971 1246 cum
2012 1190 2162 1244 auri-

581 1292 722 1346 culis
758 1288 895 1359 ipsis
926 1288 1240 1343 detrabunt.
1268 1285 1521 1354 Cumque
1574 1285 1770 1355 ingens
1816 1281 2160 1352 perturbatio

582 1398 647 1437 ac
674 1384 856 1437 luctus
882 1381 936 1435 in
966 1380 1099 1434 urbe
1125 1377 1448 1440 exstitisset,
1499 1390 1567 1431 ue
1604 1377 1686 1432 sic
1717 1375 1939 1445 quidem
1973 1374 2161 1444 pristi»

584 1491 708 1530 nam
739 1488 866 1543 erga
919 1470 1185 1526 Joannem
1224 1469 1661 1525 benevolentiam
1712 1468 2049 1537 abiecerunt.
2081 1466 2160 1522 Ac

584 1566 801 1636 publice
828 1563 1049 1634 quidem
1103 1577 1212 1616 non
1264 1561 1501 1630 amplius
1547 1559 1968 1615 conveniebant.
2004 1558 2159 1613 Multi

583 1671 710 1710 vero
739 1670 839 1710 nec
881 1655 938 1709 in
994 1653 1201 1718 forum,
1237 1667 1342 1708 nec
1391 1652 1459 1707 ad
1514 1652 1710 1707 balnea
1768 1651 2157 1720 procedebant.

584 1746 926 1813 Quibusdam
967 1760 1098 1801 vero
1131 1760 1198 1799 ne
1228 1753 1406 1799 tutum
1451 1742 1671 1814 quidem
1718 1752 1837 1798 erat
1866 1743 2016 1799 domi
2047 1758 2163 1797 ma-

2263 548 2664 621 ἐπισημότερον
2693 549 2789 603 καὶ
2815 548 3225 621 προθυμότερον
3248 548 3315 603 τὰ
3340 550 3567 606 Ἰωάννου
3595 551 3772 623 ζηλοῦν.

2262 656 2382 704 τας,
2421 641 2480 693 ἐν
2505 642 2720 713 φρουρᾷ
2745 644 2997 696 ποιεῖται.
3030 641 3294 696 Ἐνταῦθα
3311 642 3385 709 δὲ,
3407 637 3489 697 οἷα
3510 647 3769 715 συμϐαίνειν

2266 730 2431 799 φιλεῖ,
2451 733 2800 802 στρατιωτῶν
2819 734 3230 804 ἐπιτραπέντων
3242 734 3603 802 νεανιεύεσθαι,
3618 739 3772 806 γύναια

2266 824 2401 894 πρὸς
2418 822 2540 892 βίαν
2552 823 2647 878 τοῦ
2676 824 2883 894 κόσμου
2906 825 2991 893 (77
3004 826 3048 895 ),
3064 825 3172 878 τῶν
3203 825 3301 895 μὲν
3318 826 3510 896 ὅρμους
3531 829 3613 881 καὶ
3634 828 3772 894 ζώνας

2264 918 2473 987 χρυσᾶς
2520 918 2615 970 καὶ
2661 916 2983 988 περιδέραια
3020 916 3117 969 καὶ
3150 918 3444 988 στρεπτοὺς
3469 918 3770 991 ληϊζομένωνο

2263 1005 2374 1060 τῶν
2407 1007 2486 1073 δὲ,
2531 1008 2629 1061 σὺν
2686 1008 2870 1071 αὐτοῖς
2908 1006 3084 1070 λοὸοῖς
3119 1006 3437 1072 ἐξελκόντων
3489 1009 3551 1062 τὰ
3599 1011 3770 1067 ἐνώτια.

2264 1100 2542 1171 Μεγίστης
2596 1100 2655 1155 δέ
2702 1100 2950 1172 ταραχῆς
2999 1100 3099 1155 καὶ
3138 1101 3384 1171 οἰμωγῆς
3425 1102 3521 1156 ἀνὰ
3545 1104 3630 1173 τὴν
3657 1105 3777 1160 πόλιν

2268 1192 2574 1263 συμϐάσης,
2610 1193 2717 1247 οὐδ’
2741 1192 2914 1256 οὕτως
2962 1193 3250 1263 μετέθεντο
3293 1195 3388 1247 τοῦ
3419 1196 3539 1265 περὶ
3574 1198 3777 1269 Ἰωάννην

2266 1284 2510 1355 φίλτρου.
2541 1284 2787 1356 Δημοσίᾳ
2811 1285 2866 1338 δὲ
2889 1285 3071 1338 οὐκέτι
3095 1286 3358 1356 συνῄεσαν
3377 1302 3390 1316 ·
3421 1287 3587 1341 πολλοὶ
3602 1288 3666 1351 δὲ,
3684 1289 3778 1343 οὔτε

2265 1380 2345 1440 είς
2366 1378 2593 1447 ἀγορὰν,
2629 1376 2752 1430 οὔτε
2792 1379 2873 1441 εἰς
2911 1378 3169 1446 βαλανεῖα
3198 1378 3425 1447 ἐφοίτων
3445 1395 3459 1409 ’
3491 1381 3589 1433 τισὶ
3626 1380 3677 1432 δέ
3707 1384 3778 1435 καὶ

2265 1472 2327 1525 τὸ
2347 1471 2486 1525 οἴκοι
2518 1472 2719 1543 μένειν,
2749 1473 2850 1525 οὐκ
2875 1473 3154 1526 ἀκίνδυνον
3174 1468 3244 1544 ἦν
3269 1490 3285 1504 ο
3317 1474 3409 1527 καὶ
3430 1473 3589 1545 φυγὴν
3610 1476 3778 1539 ἑαυτοῖς

2268 1563 2647 1628 ἐπιτάξαντες,
2681 1564 2784 1635 τῆς
2820 1564 3026 1629 πόλεως
3072 1564 3321 1635 ἐξῆλθον,
3362 1564 3501 1620 ἄλλοι
3540 1583 3592 1618 τε
3627 1566 3779 1637 ἄνδρες

2269 1656 2567 1720 σπουδαῖοι,
2594 1655 2686 1710 καὶ
2732 1655 2936 1724 ἀγαθαὶ
2973 1660 3231 1725 γυναῖκες
3260 1675 3273 1688 θ
3304 1651 3379 1714 ὧν
3401 1654 3468 1729 ἦν
3497 1658 3778 1731 Νικαρέτηή

2267 1746 2487 1817 Βιθυνὴ,
2524 1745 2634 1801 τῶν
2663 1746 2816 1819 παρὰ
2843 1747 3247 1818 Νικομηδεῦσιν
3280 1748 3604 1821 εὐπατριδῶν
3626 1752 3779 1820 ἐπισή-

586 1854 718 1893 nerc
748 1857 762 1894 :
793 1837 918 1904 sed,
971 1838 1181 1893 indiao
1223 1836 1325 1890 sibi
1361 1835 1498 1905 ipsis
1528 1834 1741 1901 exsilio,
1777 1836 1914 1891 urbe
1933 1836 2163 1893 excede-

2270 1855 2372 1910 μου
2407 1815 2620 1907 γένους,
2649 1815 2917 1910 ἐπὶ-ἀϊδίῳ
2940 1815 3208 1911 παρθενίᾳ
3233 1841 3332 1895 καὶ
3357 1815 3517 1912 ἀρετῇ
3542 1841 3641 1911 βίου
3664 1815 3780 1895 εὕδο-

587 1928 721 1984 bant
763 1942 889 1982 cum
929 1927 1020 1981 alii
1055 1927 1213 1982 multi
1257 1926 1360 1981 viri
1412 1928 1567 1993 boni,
1605 1939 1718 1983 tum
1765 1927 2006 1982 honestas
2044 1943 2165 1982 mu.

588 2022 773 2077 lieres.
805 2022 884 2075 Ex
933 2020 1134 2090 quibus
1170 2018 1272 2073 fuit
1302 2018 1553 2076 Nicarete
1583 2020 1836 2091 Bithyna,
1871 2019 2041 2075 nobili
2072 2034 2167 2089 ge-

587 2128 719 2167 nere
752 2111 895 2181 apud
940 2109 1389 2166 Nicomedienses
1416 2118 1558 2174 orta,
1593 2111 1663 2166 ob
1706 2119 2025 2180 perpetuam
2054 2110 2168 2163 vir-

584 2203 869 2275 ginitatem
908 2209 963 2257 et
1007 2203 1079 2256 ob
1136 2200 1262 2255 vita:
1312 2200 1735 2257 sanctimoniam
1787 2200 2163 2256 celeberrima.

588 2294 716 2349 Erat
740 2294 861 2350 haec
882 2295 1124 2349 omnium
1156 2309 1296 2365 quas
1338 2294 1558 2365 quidem
1590 2295 1718 2349 novi
1770 2294 2160 2365 religiosarum

584 2384 879 2439 mulierum
919 2384 1356 2451 modestissima,
1406 2384 1461 2438 in
1521 2384 1767 2439 moribus
1824 2390 1880 2438 et
1913 2395 2168 2440 sermone

586 2493 652 2532 ac
679 2478 830 2532 victu
870 2478 1094 2532 modum
1158 2484 1322 2548 atque
1374 2477 1621 2532 ordinem
1679 2491 1931 2532 servans.
1978 2473 2167 2545 Usque

586 2569 655 2624 ad
679 2570 885 2625 exitum
928 2571 1051 2625 vitae
1079 2585 1293 2640 semper
1323 2570 1509 2624 divina
1561 2568 1728 2624 rebus
1763 2567 2021 2624 humanis
2063 2581 2166 2622 an-

585 2660 827 2730 teposuit
855 2677 868 2713 :
905 2661 1072 2715 animi
1103 2676 1325 2731 quoque
1346 2660 1672 2716 fortitudine
1698 2668 1753 2715 et
1779 2659 2068 2730 prudentia
2096 2657 2167 2714 ad

585 2752 902 2809 tolerandos
969 2752 1216 2810 adversae.
1260 2753 1496 2811 fortunas
1553 2769 1718 2810 casus
1778 2753 2006 2825 praedita
2036 2751 2163 2818 fuit,

585 2846 724 2903 adeo
746 2854 803 2900 ut
831 2861 955 2901 cum
981 2847 1321 2917 amplissimo
1342 2847 1670 2916 patrimonio
1700 2846 1905 2915 injuste
1937 2845 2167 2915 spoliata

586 2947 757 3004 esset,
786 2941 1011 2995 minime
1038 2949 1220 2994 tamen
1252 2939 1652 3010 indignaretur,
1689 2939 1782 2993 sed
1823 2938 2013 3008 paucis
2059 2936 2166 2993 sibi

586 3031 819 3092 relictis.
847 3038 1069 3101 propter
1103 3031 1303 3086 bonam
1338 3045 1403 3085 ac
1440 3031 1763 3101 prudentem
1812 3029 2165 3099 dispensandi

587 3124 880 3188 rationein,
911 3123 1052 3194 ipsa,
1084 3122 1209 3178 licet
1237 3131 1491 3193 provecta
1535 3121 1648 3190 jam
1693 3128 1871 3185 aetate,
1907 3137 2017 3176 una
2040 3136 2163 3177 cum
2192 3157 2235 3215 ο

586 3212 905 3269 domesticis
978 3215 1292 3269 necessaria
1352 3221 1551 3268 cuneta
1608 3212 1854 3278 haberet,
1921 3220 1978 3268 et
2043 3212 2167 3267 aliis

591 3303 808 3360 abunde
854 3305 1248 3374 suppeditaret.
1286 3303 1456 3360 Porro
1494 3319 1619 3359 cum
1674 3315 1820 3361 esset
1872 3304 2166 3360 admodum

590 3396 897 3466 ingeniosa,
928 3405 981 3450 et
1036 3406 1303 3466 promptas
1356 3412 1483 3466 erga
1533 3411 1726 3453 omnes
1780 3396 2165 3462 humanitatis,

589 3488 990 3542 medicamenta
1049 3488 1252 3542 diversi
1296 3489 1514 3558 generis
1544 3488 1884 3557 prteparabat
1911 3487 1979 3541 ad
2031 3503 2167 3543 usus

587 3592 891 3647 pauperum
952 3578 1357 3647 aigrotantium.
1426 3578 1529 3631 Per
1579 3594 1701 3647 qua:
1760 3579 1949 3635 multis
2000 3579 2165 3633 etiam

588 3666 954 3721 familiaribus
988 3668 1104 3724 suis
1130 3683 1504 3736 saepenumero
1527 3668 1802 3729 subvenit,
1834 3670 1926 3738 qui
1947 3685 2012 3725 ex
2054 3686 2168 3724 me-

587 3755 728 3811 dicis
755 3756 871 3812 suis
902 3756 1109 3809 nullum
1125 3750 1373 3812 fructum
1405 3767 1781 3826 perceperant.
1816 3755 1948 3811 Nam
1982 3757 2165 3814 divino

588 3848 1052 3919 aspirantenutu,
1072 3864 1413 3918 quaacunque
1440 3865 1692 3920 aggressa
1727 3849 1921 3914 fuerat,
1950 3852 2163 3908 felicem

586 3938 789 3994 exitum
826 3939 1222 3994 sortiebantur.
1245 3938 1506 4008 Denique.
1535 3951 1594 3993 ut
1615 3941 1939 4010 compendio
1961 3941 2163 4009 dicam,

585 4033 790 4087 nullam
824 4048 888 4088 ex
927 4032 1194 4103 religiosis
1240 4033 1414 4088 nostri
1472 4036 1736 4102 temporis
1775 4032 1992 4090 feminis
2015 4039 2163 4104 novi,

583 4139 705 4192 quae
739 4124 805 4176 ad
854 4130 1067 4177 tantum
1127 4124 1428 4190 modestiae,
1471 4124 1756 4194 gravitatis
1806 4126 2167 4196 reliquarum-

584 4229 691 4284 que
734 4214 1000 4269 virtutum
1054 4213 1330 4285 fastigium
1400 4218 1729 4285 pervenerit.
1781 4216 1982 4273 Verum
2036 4220 2165 4275 licet

2263 1930 2521 2000 κιμοῦσα.
2556 1930 2921 2001 ’Δτυφοτάτην
2948 1931 3006 1985 δὲ
3037 1928 3113 1985 ὧν
3144 1932 3306 2002 ίσμεν
3335 1933 3616 1986 σπουδαίων
3636 1948 3782 2001 γυναι·

2262 2020 2395 2086 κῶν,
2424 2019 2625 2090 ταύτην
2654 2020 2847 2089 εγνων,
2878 2020 2999 2089 ῆθει
3031 2038 3093 2074 τε
3133 2024 3228 2076 καὶ
3255 2022 3400 2094 λόγῳ
3421 2023 3510 2076 καὶ
3536 2022 3692 2093 διαίτη
3710 2038 3780 2076 τε-

2260 2109 2564 2180 ταγμένην,
2607 2110 2699 2164 καὶ
2727 2109 2798 2164 τὰ
2825 2111 2945 2166 θεῖα
2977 2112 3140 2184 μέχρι
3181 2111 3417 2168 θανάτου
3439 2113 3540 2168 τῶν
3564 2111 3781 2183 promat?"

2265 2204 2589 2275 προτιμῶσα
2619 2205 2734 2275 (78)
2752 2220 2765 2233 ⁸
2798 2205 3021 2277 ἀνδρείᾳ
3040 2222 3100 2257 τε
3137 2207 3230 2259 καὶ
3257 2206 3516 2276 φρονήσει
3531 2206 3652 2276 πρὸς
3668 2220 3784 2275 nepa

2264 2298 2487 2362 πετείας
2518 2297 2797 2369 δυσχερῶν
2830 2298 3174 2368 πραγμάτων
3204 2298 3477 2367 ἀντισχεῖν
3508 2298 3706 2366 ἱκανήν·
3725 2296 3781 2359 ὡς

2268 2391 2428 2463 μήτε,
2460 2389 2663 2462 πολλῆς
2712 2389 2973 2462 πατρῴας
3020 2389 3344 2461 περιουσίας
3387 2390 3574 2451 ἀδίκως
3600 2390 3781 2459 ἀφαιρε-

2266 2481 2477 2546 θεῖσαν,
2503 2482 2854 2551 ἀγανακτείν.
2889 2483 2947 2534 ἐν
2968 2479 3172 2548 ὀλίγοις
3197 2497 3261 2533 τε
3281 2479 3692 2550 περιλειφθεῖσιν,
3706 2474 3784 2530 imi

2264 2573 2493 2645 ἀρίστης
2518 2572 2847 2643 οἰκονομίας,
2892 2572 3095 2642 καίπερ
3133 2574 3214 2636 εἰς
3250 2572 3428 2644 γῆρας
3453 2569 3782 2642 προελθοῦσαν,

2264 2662 2334 2716 τὰ
2363 2662 2640 2734 ἐπιτήδεια
2667 2665 2762 2717 σὺν
2788 2666 2900 2726 τοῖς
2919 2662 3139 2726 οἰκείοις
3162 2662 3252 2734 ἔχε
3263 2681 3332 2727 ιν,
3357 2664 3450 2716 καὶ
3474 2662 3633 2725 ἄλλοις
3658 2659 3784 2729 ἀφθό-

2266 2770 2373 2817 νως
2399 2756 2676 2825 χορηγεῖν.
2714 2753 2851 2806 Ὑπὸ
2865 2751 3252 2823 φιλανθρώπου
3281 2754 3339 2806 δὲ
3364 2751 3648 2823 προθυμίας
3670 2746 3782 2817 9&6-

2266 2844 2432 2909 καλος
2462 2841 2619 2909 οὖσα,
2651 2845 2745 2898 καὶ
2782 2843 3101 2898 παντοδαπὰ
3148 2844 3530 2915 παρεσκεύαζε
3575 2844 3786 2912 φάρμακα

2266 2939 2346 3002 είς
2378 2936 2605 3008 πτωχῶν
2656 2936 2954 2990 νοσούντων
2994 2937 3205 3007 χρείαν.
3251 2931 3351 3000 Οἷς
3393 2936 3457 3006 δὴ
3499 2933 3685 2996 πολλώ
3704 2929 3785 2983 τῶν

2265 3028 2560 3099 γνωρίμων
2617 3027 2876 3089 πολλάκις
2936 3028 3211 3099 ἐπήρκεσε
3266 3026 3438 3098 μηδὲν
3486 3025 3787 3095 ἁπονομένας

2267 3121 2375 3175 τῶν
2398 3120 2640 3192 συνήθων
2672 3120 2894 3192 ἰατρῶν.
2927 3120 3032 3173 Σὺν
3075 3119 3196 3191 θείᾳ
3225 3120 3343 3191 γάρ
3370 3136 3473 3174 τινι
3502 3120 3646 3188 ῥοπῇ,
3679 3114 3787 3183 ἅπερ

2269 3214 2567 3285 ἐπεχείρει,
2592 3215 2671 3277 είς
2687 3212 2923 3284 χρηστὸν
2948 3212 3210 3266 ἀπέϐαινε
3229 3213 3391 3276 τέλος
3413 3228 3427 3242 ·
3453 3207 3789 3278 καὶσυλλήεδην

2269 3308 2463 3371 εἰπεῖν,
2494 3306 2603 3359 τῶν
2629 3304 2750 3357 καθ’
2794 3306 2941 3374 ἡμᾶς
2988 3303 3301 3358 σπουδαίων
3348 3300 3611 3371 γυναικῶν
3637 3299 3789 3370 ἑτέραν

2267 3399 2368 3453 οὐκ
2393 3398 2583 3467 ἔγνων,
2617 3400 2696 3461 είς
2728 3396 2981 3451 τοσοῦτον
3006 3396 3169 3468 ἡθους
3191 3413 3257 3450 τε
3287 3397 3384 3451 καὶ
3406 3395 3699 3467 σεμνότητος
3723 3389 3792 3444 καὶ

2266 3490 2364 3558 τῆς
2398 3487 2565 3558 ἄλλης
2618 3488 2819 3558 ἀρετῆς
2867 3485 3172 3540 ἐπιδοῦσαν.
3242 3485 3452 3555 Ἀλλ’ή
3497 3484 3606 3553 μὲν,
3636 3480 3790 3546 καίπερ

2266 3579 2441 3633 τοιάδε
2469 3574 2622 3640 οὖσα,
2658 3581 2784 3642 τοὺς
2805 3577 3032 3640 πολλοὺς
3063 3577 3383 3631 ἐλάνθανεν.
3411 3577 3543 3631 Ὑπὸ
3561 3573 3791 3647 μετριότη-

2266 3689 2357 3735 τος
2376 3670 2485 3743 γὰρ
2505 3671 2745 3742 τρόπων.
2765 3672 2858 3724 καὶ
2882 3669 3220 3740 φιλοσοφίας,
3243 3670 3337 3723 ἀεὶ
3365 3667 3630 3722 λανθάνειν
3641 3663 3789 3731 ἐπετή-

2265 3762 2454 3817 δευενο
2509 3764 2585 3827 ὡς
2640 3765 2775 3834 μήτε
2832 3766 2911 3827 είς
2966 3762 3186 3832 ἀξίωμα
3238 3761 3491 3815 διακόνου
3549 3754 3789 3811 σπουδάσαι

2267 3853 2568 3926 προελθεῖν,
2606 3857 2765 3926 μήτε,
2794 3852 3240 3925 προτρεπομένου
3267 3852 3528 3914 πολλάκις
3578 3848 3786 3901 Ἰωάννου.

2267 3948 2481 4003 ἑλέσθαι
2504 3949 2634 4002 ποτὲ
2652 3948 2934 4020 παρθένων
2956 3947 3432 4018 ἐκκλησιαστικῶν
3455 3945 3559 4015 (79)
3577 3937 3788 4011 ἡγεῖσθαι.

2265 4042 2542 4111 Μεγίστου
2570 4042 2628 4095 δέ
2657 4042 2822 4110 φόϐου
2873 4042 3036 4095 πᾶσιν
3063 4040 3426 4110 ἐμπεσόντος,
3478 4032 3647 4102 ἐπειδὴ
3673 4028 3790 4097 δῆὶῦν

2263 4130 2332 4206 ἦν
2360 4135 2558 4206 μηκέτι
2611 4133 2923 4197 στασιάζειν
2963 4131 3024 4185 τὸ
3047 4131 3276 4202 πλῆθος,
3314 4128 3545 4201 δημοσία
3573 4117 3791 4195 προελθὼν

2264 4229 2293 4281 ὁ
2345 4228 2445 4296 τῆς
2503 4227 2712 4288 πόλεως
2760 4225 3023 4297 ὕπαρχος,
3067 4223 3143 4287 ὼς
3182 4224 3458 4288 ἐξετάσων
3492 4221 3557 4275 τὰ
3589 4215 3698 4287 περὶ
3719 4212 3790 4279 τῆς

583 4307 709 4359 talis
738 4315 999 4377 tantaque
1026 4314 1192 4370 esset,
1226 4309 1499 4379 plerisque
1547 4309 1730 4379 ignota
1760 4319 1898 4366 erat.
1935 4312 2067 4366 Nam
2096 4315 2163 4369 ob

2267 4319 2443 4389 πυρᾶς
2478 4318 2573 4371 καὶ
2598 4316 2687 4371 τοῦ
2743 4317 3149 4388 βουλευτηρίου,
3198 4316 3436 4379 πολλοὺς
3461 4308 3685 4384 χαλεπῶς
3708 4305 3788 4357 ἔτι·

583 4396 913 4452 modestiam
954 4399 1124 4452 animi
1169 4416 1232 4454 ac
1280 4401 1638 4471 philosophiae
1667 4404 1919 4470 ,studium
1962 4421 2158 4474 perpe-

2277 4409 2587 4478 μωρήσατο.
2638 4406 2836 4477 Ἕλλην
2860 4406 2969 4479 γὰρ
2994 4406 3094 4472 ὢν,
3126 4406 3201 4470 ὼς
3230 4403 3545 4474 ἐπεγγελῶν
3568 4401 3670 4459 ταῖς
3690 4409 3790 4479 cui?

585 4496 682 4542 tuo
713 4489 885 4543 latere
935 4491 1187 4545 studebat
1230 4510 1242 4545 :
1296 4492 1367 4545 ita
1399 4499 1457 4545 ut
1514 4507 1615 4546 nec
1663 4493 1925 4549 honorem
1981 4497 2160 4552 diaco-

2265 4500 2454 4567 φοραῖς
2518 4498 2616 4567 τῆς
2658 4478 3004 4568 Ἐκκλησίας,
3052 4497 3146 4553 καὶ
3207 4497 3351 4568 πρὸς
3384 4492 3570 4566 ἡδονὴν
3613 4486 3716 4556 ἔσχε
3744 4478 3790 4533 τδ

587 4579 751 4632 nissa:
806 4592 1046 4647 unquam
1101 4578 1371 4642 anibierit,
1405 4594 1505 4635 nec
1556 4580 1854 4651 virginibus
1896 4586 2159 4643 ecclesia-
2266 4588 2502 4660 συμϐάν.

587 4667 743 4723 sticis
778 4683 1034 4738 praeesse,
1091 4668 1216 4723 licet
1243 4667 1452 4723 Joanne
1483 4671 1684 4741 saepius
1734 4688 1854 4727 eam
1889 4673 2164 4746 hortante,
2206 4679 2459 4736 voluerit.
2493 4677 2630 4733 Cum
2672 4678 2839 4749 igitur
2873 4677 3067 4748 ingens
3134 4686 3322 4732 metus
3372 4674 3534 4747 356
3588 4664 3788 4726 omnibus

589 4761 821 4833 injectus
851 4770 1018 4828 esset,
1072 4764 1287 4816 tandem
1323 4763 1413 4817 ubi
1463 4767 1718 4835 apparuit
1762 4769 2020 4839 populum
2089 4789 2194 4830 non
2236 4773 2472 4845 amplius
2519 4772 2865 4834 tumultuari,
2908 4772 3199 4842 pl'lIEfCClUS
3248 4771 3430 4833 urbis,
3469 4770 3521 4821 in
3566 4764 3790 4836 publicum

586 4853 890 4924 procedens
917 4860 1176 4923 tanquam
1207 4854 1589 4923 qtiazstionem-
1624 4856 1910 4915 habiturus
1956 4860 2025 4916 de
2081 4863 2334 4920 incendio
2382 4875 2438 4921 et
2482 4866 2550 4920 dc
2614 4865 2782 4920 curia:
2830 4862 3276 4934 conflagratione,
3340 4862 3542 4916 multos
3586 4851 3791 4928 gravibﬂ

1790 5015 2059 5073 VALESH
2095 5019 2652 5076 ANNOTATIO‘NES.

659 5150 770 5228 (Π)
802 5150 1029 5228 Pugna
1069 5149 1217 5217 πρὸς
1239 5151 1389 5215 ,βίαν
1419 5152 1525 5207 τοῦ
1558 5153 1808 5224 κόσμου.
1841 5156 2001 5212 Deest
2043 5175 2163 5212 ver-

2273 5160 2413 5213 stola
2437 5157 2616 5212 Siricii
2636 5173 2806 5227 papas.
2834 5156 2927 5213 lla:
2950 5156 3387 5228 virginesloenm
3419 5145 3791 5228 separatum):-

587 5219 1114 5298 hunidgaﬁpéOrlsav.

657 5262 929 5361 (ἸωῬῶν
946 5262 1241 5355 ,έιωτικῶν
1278 5290 1639 5360 προτιμῶσα.
1674 5293 1729 5347 In
1762 5296 1953 5351 codice
1985 5296 2160 5354 Fuke-

588 5360 758 5433 tiano,
784 5375 885 5430 pro
910 5361 1177 5433 vocabulo
1212 5360 1501 5430 βιωτικῶν,
1548 5365 1819 5433 scriptum
1843 5375 1928 5421 est
1949 5367 2158 5433 ἀνθρω-

584 5432 774 5506 πίνων,
806 5430 1263 5506 quemadmodum
1295 5433 1456 5506 etiam
1492 5430 1688 5506 legitur
1714 5436 1856 5505 apud
1888 5430 2157 5506 Nicepho-

585 5517 704 5555 rum
740 5503 795 5579 i_n
841 5515 963 5570 cap.
995 5500 1085 5563 25,
1121 5500 1212 5579 lib_.
1252 5517 1372 5579 xm:
1407 5501 1509 5555 Sed
1531 5513 1581 5556 et
1610 5500 1982 5574 grammatica:
2012 5500 2155 5579 leges

587 5573 859 5640 postuiant
880 5580 939 5623 ut
968 5570 1322 5640 προτιμῶσαν
1355 5570 1621 5641 legamus.

617 5709 627 5719 _
653 5642 763 5719 (7Q)
792 5641 1106 5719 Παρθένων
1126 5642 1671 5719 ἐκλιᾴηονιαοντικῶν.
1702 5644 1956 5715 Virgines
1979 5648 2158 5719 eccle-

585 5712 820 5786 siasticae
840 5712 1097 5764 dicuntur
1117 5712 1181 5786 ad
1206 5712 1613 5786 dislinetionem
1644 5712 1831 5786 earum
1855 5732 1974 5785 qua).
1990 5718 2153 5786 dego-

588 5780 715 5831 laut
743 5781 794 5832 iu
825 5783 1189 5843 monasteriis,
1216 5798 1336 5851 qua:
1367 5784 1647 5839 monarlizc
1672 5780 1925 5838 dicuntur
1953 5788 2005 5839 ιιι
2024 5780 2151 5856 Epi-

2275 5230 2538 5284 bebantin
2563 5221 2819 5293 ecclesia,
2848 5221 3059 5284 tabulis
3087 5221 3513 5299 conclusumuit
3534 5221 3792 5299 doeel'Aﬂlf

2273 5300 2492 5369 brosius
2528 5300 2582 5352 in
2603 5299 2868 5352 Sermone
2890 5299 2955 5352 ad
2976 5299 3242 5369 virginem
3268 5298 3507 5367 lapsam.
3530 5293 3789 5369 Oblationcs

2264 5369 2393 5422 item
2416 5368 2713 5422 offerebant
2735 5378 2788 5423 et
2810 5358 3294 5423 conuuunicabant
3318 5358 3607 5435 seorsuma
3630 5358 3787 5435 ιέιξξιυδ

2263 5439 2640 5499 multitudine.
2666 5450 2722 5493 ut
2741 5439 3015 5507 colligitur
3046 5454 3110 5491 ex
3139 5452 3262 5505 cap.
3297 5438 3372 5491 26
3404 5432 3610 5492 concilii
3637 5426 3789 5507 Tribu:

2263 5490 2936 5564 senas:"manasseas
2990 5490 3161 5578 mea;
3174 5575 3182 5578 _
3208 5490 3568 5578 'uicebaniur,
3598 5514 3654 5555 eo
3681 5490 3787 5578 qugd

2540 5560 2727 5633 essent
2754 5560 2884 5632 aibo
2905 5560 3006 5632 seu.
3028 5560 3335 5631 matriculze
3361 5560 3600 5649 ecclesiae
3623 5589 3636 5649 ξ

2259 5633 2429 5717 λογον.
2456 5649 2740 5728 παρθένων
2772 5656 2844 5728 _et_
2894 5648 3079 5728 τάγμα
3108 5716 3120 5728 .
3140 5657 3303 5728 vocat
3361 5646 3594 5702 Basilius
3624 5642 3671 5694 in
3697 5633 3789 5705 Ερὲ·

2259 5716 2399 5773 stula
2431 5716 2690 5774 canonica
2719 5719 2784 5773 ad
2819 5716 3286 5788 Amphilochium.

3886 5898 3906 6158 i
