4040 6336
305 399 443 463 1577

1400 412 1726 474 HISTORIA
1758 416 2311 480 ECCLESIASTICA.
2351 454 2419 468 -
2450 424 2582 482 LIB.
2627 427 2754 484 Vlll.

3430 439 3451 495 Ι
3464 438 3568 497 578

305 515 593 610 suppliciis
618 515 815 573 aliecit.
843 514 976 575 Nam
1000 532 1125 577 cum
1152 531 1299 580 esset
1329 540 1597 599 paganus,
1624 526 1888 588 Ecclesiae
1924 535 2332 594 calamitatibus
2357 537 2654 605 insultans,
2683 553 2748 595 eo
2782 540 2929 610 quod
2986 542 3260 602 acciderat
3323 548 3566 606 oblecta-

308 608 484 665 batur.

879 701 1130 760 ΚΕΦΑΛ.
1166 708 1287 763 Xﬁ’.

2575 718 2728 776 CAP.
2776 716 2966 778 XXIV.

302 790 442 861 Περὶ
466 788 799 860 Εὐτροπίου
826 794 934 850 τοῦ
964 794 1375 920 ἁναῖνώστσυ,
1412 802 1511 855 xui
1544 796 1656 872 τῆς
1687 820 1865 875 μακα-

362 864 502 920 ρίας
542 862 962 920 Ὀλυμπιάδος.
1007 884 1085 920 κα
1150 869 1282 920 περὶ
1314 868 1418 920 τοῦ
1458 875 1865 920 ποεσϐυτέηηι

1987 802 2067 859 De
2090 802 2344 876 Eutrapio
2367 810 2579 876 lectore,
2602 823 2653 867 et
2674 815 2738 867 de
2766 815 2917 869 beata
2948 815 3280 886 Olympiade,
3295 828 3345 873 et
3381 816 3564 893 Tigrio

2051 874 2354 920 υνρςώηιρνη
2379 916 2389 920 -
2442 892 2643 920 nuntur.
2700 887 2847 920 ινιηὸ
2901 889 3002 920 nam
3063 887 3275 920 l.........'.
3341 895 3564 920 -..ἐ--..μὶ

362 864 502 944 θέας
521 862 962 944 ⁵’ολιινμθῑῶιτξδος,
996 862 1107 944 -κιξὶ
1150 869 1282 936 περὶ
1314 862 1418 944 τοῦ
1447 862 1881 944 -πρεὰόὖτέρου

376 932 627 1012 Τιτρίουρ
645 932 846 988 οἷαδιὰ
863 932 1320 1012 τὸζὲπισκοτὶον
1335 932 1617 1011 ἰωάνὶμην
1631 932 1877 1012 ἔπαᾶον,

374 1000 477 1055 καῖ
493 1000 624 1071 περὶ
648 1021 818 1072 πατρί
826 1018 898 1074 ap
902 1004 1045 1074 χῶν.

384 1095 471 1148 Ἐν
495 1095 552 1148 δὲ
577 1095 655 1167 τῷ
682 1096 801 1150 τότε
826 1099 920 1151 καὶ
944 1090 1240 1172 Εὐτρόπιός
1270 1108 1354 1167 τις
1382 1102 1735 1176 ἁναγνώστης
1762 1103 1875 1178 (80)

301 1186 603 1258 παραχθεὶς
658 1189 751 1241 ἐπὶ
797 1186 863 1261 τῇ
921 1184 1296 1262 καταμηνύσει
1320 1184 1429 1266 τῶν
1450 1195 1796 1266 ἐμϐαλόντων
1815 1198 1878 1251 τὸ

299 1278 433 1352 πῦρ,
456 1280 577 1335 οὔτε
615 1281 842 1352 βοείαις,
879 1272 1001 1337 οὔτε
1034 1282 1230 1351 ξύλοις,
1254 1285 1376 1341 οὔτε
1397 1265 1545 1356 όνυξι
1564 1289 1877 1360 ξαινόμενος

300 1372 539 1443 πλευράς
588 1391 648 1428 τε
702 1373 797 1428 καὶ
837 1362 1069 1446 παρειάς
1098 1391 1113 1406 °
1162 1377 1256 1431 ἐπὶ
1293 1377 1502 1444 τούτοις
1545 1396 1605 1433 τε
1648 1381 1742 1434 καὶ
1781 1380 1874 1435 τὸν

301 1463 680 1536 ὑφαπτόμενον
728 1465 804 1536 τῷ
853 1462 1064 1536 σώματι
1125 1468 1331 1540 πυρσὸν
1383 1469 1717 1542 ὑπομείνας,
1779 1474 1874 1527 καὶ

296 1554 469 1609 ταῦτα
521 1556 638 1621 νέος
683 1557 778 1611 καὶ
819 1557 1146 1629 ἀπαλόχρως
1197 1559 1293 1627 ὢν,
1346 1560 1497 1614 οὐδὲν
1523 1560 1872 1633 ὡμολόγησεν

297 1648 513 1703 εἰδέναι.
572 1635 726 1703 Μετὰ
772 1648 829 1703 δέ
880 1649 978 1713 τὰς
1037 1650 1326 1720 βασάνους,
1362 1651 1666 1722 ἐγκλείεται
1703 1655 1785 1719 είς
1806 1652 1874 1709 τὸ

294 1741 696 1812 δεσμωτήριον⁵
730 1740 860 1796 ἔνθα
881 1741 966 1814 δή,
989 1742 1089 1797 οὑκ
1115 1744 1195 1807 είς
1231 1744 1450 1816 μακρὰν
1496 1745 1867 1818 ἐτελεύτησεν.

2050 874 2354 962 presbytero
2377 916 2391 943 ,
2442 874 2644 962 quanta
2685 887 2847 962 passi
2897 874 3280 945 εῑηιἿόαηιιίέ
3337 874 3565 962 cpt-3&3;

2052 945 2237 1002 causa.
2268 945 2403 1003 Item
2453 945 2519 1005 de
2552 945 2895 1022 patrihrchis.

2054 1095 2259 1155 Eodem
2281 1109 2521 1175 tempore
2537 1114 2591 1162 et
2607 1106 2904 1181 Eutropius
2920 1113 3142 1184 quidam
3165 1115 3357 1187 lector,
3372 1120 3437 1175 ad
3476 1122 3561 1177 int-
3652 1142 3657 1147 λ

1976 1188 2238 1248 dicandos
2262 1208 2357 1249 eos
2378 1197 2469 1266 qui
2494 1198 2670 1269 ignem
2706 1203 2953 1260 ecclesiae
2982 1205 3305 1279 injecerant,
3344 1211 3559 1283 injudi-

1975 1280 2119 1337 cium
2145 1282 2427 1354 inductus,
2455 1292 2670 1347 tametsi
2690 1293 2823 1349 loris
2839 1302 2894 1351 et
2914 1295 3149 1355 fustibus
3166 1280 3481 1370 caederetur,
3504 1313 3560 1360 et

1975 1374 2144 1431 latera
2178 1377 2228 1432 ei
2255 1392 2321 1434 ac
2368 1396 2519 1451 genae
2560 1386 2833 1456 unguibus
2873 1389 3277 1461 lacerarentur;
3306 1397 3558 1466 quamvis

1973 1464 2121 1524 faces
2144 1466 2402 1529 ardentes
2429 1478 2644 1546 corpori
2685 1480 2938 1537 admotas
2979 1464 3354 1553 sustinuisset,
3391 1489 3559 1560 idque

1972 1556 2153 1614 adhuc
2175 1561 2497 1622 adolescens
2515 1576 2578 1623 et
2609 1571 2782 1625 teneri
2804 1574 3073 1644 corporis,
3106 1577 3244 1632 nihil
3298 1595 3358 1636 se
3409 1556 3557 1638 scire

1969 1648 2256 1710 confessus
2316 1665 2423 1713 est.
2457 1657 2559 1724 Qui
2583 1670 2708 1729 post
2732 1672 3003 1721 tormenta
3035 1667 3089 1722 in
3117 1683 3391 1727 carcerem
3422 1687 3555 1729 cono

1963 1739 2164 1809 jectus,
2220 1745 2337 1801 illic
2375 1749 2614 1805 animam
2668 1752 2811 1809 haud
2861 1756 3033 1812 multo
3086 1769 3210 1828 post
3256 1763 3552 1822 exhalavit.

299 1832 484 1897 Ἀξιον
520 1832 578 1887 δὲ
607 1834 674 1905 τῇ
708 1835 894 1904 γραφῇ
940 1833 1275 1906 παραδοῦναι
1323 1835 1420 1889 καὶ
1446 1835 1507 1889 τὸ
1537 1833 1752 1907 συμϐὰν
1780 1834 1865 1890 ἐπ’

1970 1830 2142 1890 Porro
2175 1851 2355 1907 operae
2402 1841 2638 1911 pretium
2670 1842 2853 1911 fuerit,
2885 1848 3051 1902 etiam
3100 1855 3371 1908 somnium
3404 1859 3553 1931 quod

292 1922 440 1995 αὐτῷ
470 1922 622 1995 δναρ.
647 1924 863 2007 Σισινίῳ
882 1925 992 1996 γάρ
1023 1924 1101 1996 τῷ
1126 1925 1409 1998 ἐπισκόπῳ
1428 1925 1529 1996 τῆς
1551 1926 1662 1980 τῶν
1683 1927 1865 1982 Ναυα-

1970 1924 2035 1980 de
2074 1927 2165 1982 illo
2189 1926 2390 1985 factum
2416 1940 2519 1998 est,
2549 1935 2676 1990 huic
2704 1938 2857 2007 operi
2888 1939 3149 1997 inserere.
3180 1940 3393 1999 Etenim
3416 1922 3555 2004 Cisi-

290 2016 492 2071 τιανῶν
522 2017 786 2089 αἱρέσεως
808 2002 908 2089 ήδη
932 2016 1267 2082 καθεύδοντι,
1291 2019 1430 2090 ἀνήρ
1448 2035 1532 2083 τις
1553 2017 1741 2072 κάλλει
1767 2019 1863 2073 καὶ

1970 2020 2068 2074 nio
2126 2021 2558 2083 Novatianorum
2585 2029 2849 2102 episcopo
2875 2033 3193 2101 dormienti,
3224 2041 3307 2094 vir
3329 2042 3553 2111 quidam

295 2107 511 2179 μεγέθει
543 2106 1025 2180 περιφανέστατος,
1068 2108 1355 2182 παρεστὼς
1377 2109 1456 2181 τῷ
1495 2109 1865 2182 θυσιαστηρίῳ

1970 2111 2379 2181 pulchritudine
2403 2126 2461 2174 et
2510 2128 2723 2176 statura
2772 2124 3039 2192 eximius,
3089 2135 3244 2186 stans
3291 2106 3362 2186 ad
3383 2130 3555 2193 altare

291 2195 392 2270 τῆς
436 2198 617 2253 αὐτῶν
679 2199 994 2272 ἐκκλησίας,
1045 2200 1113 2272 ἣν
1160 2203 1241 2265 είς
1263 2201 1430 2273 τιμὴν
1458 2201 1731 2272 Στεφάνου
1772 2196 1865 2295 τοῦ

1970 2202 2216 2259 ecclesia;
2249 2206 2519 2278 ipsorum,
2553 2226 2716 2281 quam
2748 2213 2804 2268 in
2840 2215 3101 2273 honorem
3126 2217 3392 2291 Stephani
3422 2239 3554 2295 pro-

292 2290 753 2364 πρωτομάρτυρος
790 2289 1159 2363 ᾠκοδόμησεν,
1203 2290 1380 2358 ἔδοξεν
1438 2292 1727 2364 ἀδημονεῖν
1776 2286 1865 2345 ἐπὶ

1972 2298 2298 2377 tomartyris
2349 2300 2779 2370 aedilieaverant,
2837 2307 2993 2365 visus
3038 2319 3142 2377 cst,
3189 2286 3380 2370 dolore
3415 2286 3552 2371 con-

295 2384 488 2438 σπάνει
520 2381 740 2451 ἀγαθῶν
765 2382 993 2454 ἀνδρῶν,
1027 2382 1103 2447 ὡς
1138 2382 1328 2437 τούτου
1361 2383 1521 2455 χάριν
1561 2384 1659 2453 τὴν
1687 2384 1865 2436 πᾶσαν

1972 2386 2148 2481 fectus
2167 2391 2240 2447 ob
2274 2376 2561 2463 penuriam
2601 2397 2871 2455 bonorum
2903 2376 3147 2459 virorum
3184 2423 3201 2462 :
3233 2409 3435 2479 quippe
3455 2412 3552 2481 qui

294 2474 445 2530 πόλιν
474 2472 899 2547 περιεληλυθὼς,
941 2475 1037 2528 καὶ
1061 2474 1263 2547 μηδένα
1289 2473 1465 2547 εὑρὼν
1496 2473 1530 2547 ἢ
1568 2475 1729 2545 μόνον
1759 2472 1866 2528 Εὑ-

292 2568 534 2640 τρόπιον.
572 2565 714 2639 Πρὸς
759 2563 816 2620 δέ
856 2562 957 2638 τὴν
988 2566 1110 2637 ὄψιν
1156 2558 1529 2637 καταπλαγεὶς
1558 2568 1587 2622 ό
1614 2564 1866 2633 Σισίνιος,

294 2661 431 2732 πρός
460 2677 585 2714 τινα
612 2659 719 2714 τῶν
753 2658 844 2713 ὑπ’
875 2659 1043 2715 αὑτὸν
1094 2660 1432 2715 πιστοτάτων
1480 2658 1867 2733 πρεσϐυτέρων

291 2751 635 2822 ὁμολογήσας
663 2750 725 2805 τὸ
750 2751 904 2824 ὄναρ,
929 2750 1215 2806 ἐκέλευσεν
1249 2749 1539 2823 ἀναζητεῖν
1565 2752 1656 2809 τὸν
1697 2752 1869 2823 ἄνδρα

292 2843 442 2909 ὅστις
496 2845 604 2916 εἴη.
660 2845 716 2901 '0
767 2844 846 2910 δέ,
902 2844 1171 2916 εὐστόχως
1224 2844 1516 2916 συμϐαλὼν
1552 2844 1628 2910 ὡς
1670 2844 1728 2899 ἐν
1756 2847 1868 2908 τοῖς

292 2936 520 3008 ἔναγχος
562 2938 655 2991 ἐπὶ
703 2937 797 2993 τοῦ
841 2936 1088 3008 ὑπάρχου
1120 2932 1516 3006 βασανισθεῖσιν
1555 2936 1701 3002 είκὸς
1728 2930 1868 2991 εἶναι

242 3040 263 3054 ‘
291 3029 552 3097 τοιοῦτον,
579 3028 806 3100 περιιὼν
833 3028 902 3083 τὰ
933 3029 1302 3103 δεσμωτήρια,
1341 3028 1672 3084 ἐπυνθάνετο
1708 3029 1760 3082 εἴ
1784 3045 1869 3092 τις

290 3121 441 3174 ἐστὶν
482 3121 541 3175 ἐν
592 3121 777 3185 αὐτοῖς
817 3112 1137 3192 Εὑτρόπιος.
1180 3119 1291 3173 Καὶ
1338 3118 1535 3191 εὑρὼν,
1567 3121 1645 3182 είς
1677 3118 1869 3187 λόγους

289 3207 440 3280 αὑτῷ
491 3203 648 3281 ἦλθε,
695 3209 788 3263 καὶ
818 3208 1116 3279 διηγήσατο
1152 3207 1247 3261 τοῦ
1280 3208 1579 3263 ἐπισκόπου
1610 3207 1671 3262 τὸ
1694 3206 1827 3279 ὄναρ
1849 3226 1863 3239 ο

290 3303 386 3358 καὶ
408 3300 679 3373 δακρύων,
708 3298 963 3379 εὔχεσθαι
993 3299 1134 3370 ὑπὲρ
1170 3298 1337 3353 αὑτοῦ
1365 3299 1614 3370 ἐλιπάρει
1635 3317 1649 3330 ο
1677 3299 1772 3353 καὶ
1799 3297 1869 3352 τὰ

1967 2478 2088 2547 ejus
2125 2482 2205 2538 rei
2257 2497 2423 2541 causa
2476 2492 2646 2542 totam
2689 2490 2969 2549 civitatem
3025 2478 3392 2568 peragrasset,
3443 2478 3551 2559 nec

1971 2571 2141 2655 ullum
2178 2583 2375 2643 praeter
2398 2574 2720 2649 Eutropium
2772 2582 3085 2652 reperisset.
3115 2583 3235 2652 Quo
3274 2590 3395 2644 viso
3433 2599 3550 2647 stu-

1971 2663 2220 2736 pefactus
2243 2656 2507 2733 Sisinius.
2544 2685 2668 2725 cum
2694 2672 2912 2727 cuidam
2946 2676 3269 2748 presbytero
3298 2694 3425 2746 suo,
3457 2685 3547 2738 cui

1970 2756 2209 2813 maxime
2275 2757 2624 2826 conﬁdebat,
2683 2763 2961 2820 somnium
3017 2781 3177 2822 suum
3241 2783 3545 2836 narrasset,

1968 2847 2259 2919 exquirere
2286 2864 2410 2908 eum
2444 2852 2632 2923 jussit,
2673 2855 2931 2925 quisnam
2970 2856 3057 2912 vir
3105 2858 3194 2915 ille
3243 2868 3413 2918 esset.
3449 2862 3548 2921 lllc

1969 2952 2092 2993 cum
2132 2948 2280 2996 recte
2299 2943 2646 3012 coniecisset,
2692 2945 2837 3001 hunc
2863 2946 3092 3010 omnino
3122 2965 3292 3005 unum
3330 2967 3454 3009 esse
3476 2969 3545 3010 ex

1968 3030 2077 3085 illis
2098 3047 2238 3101 quos
2271 3034 2434 3103 paulo
2487 3045 2616 3092 ante
2663 3035 2956 3106 praefectus
2999 3041 3245 3111 torqueri
3281 3042 3544 3114 jusserat,

1968 3134 2221 3178 carceres
2248 3121 2606 3182 circumiens.
2638 3128 2992 3194 percontatus
3015 3135 3102 3182 est
3131 3143 3261 3182 num
3291 3128 3418 3198 quis
3447 3128 3549 3185 Eu-

1970 3214 2185 3283 tropius
2240 3215 2352 3271 illic
2395 3225 2563 3271 esset.
2599 3215 2848 3287 Cumque
2886 3219 3206 3289 reperisset,
3270 3221 3546 3278 allocutus

1967 3311 2052 3357 est
2075 3303 2250 3367 illum,
2277 3314 2332 3359 et
2368 3305 2609 3377 episcopi
2637 3308 2909 3372 somnium
2949 3308 2999 3364 ei
3039 3312 3259 3366 retulit:
3292 3320 3346 3367 et
3372 3313 3548 3386 lacry-

291 3394 396 3466 μὲν
415 3395 557 3448 κατά
579 3392 875 3464 Εὐτρόπιον
901 3384 1004 3446 ὧδε
1025 3390 1172 3462 ἔσχε.
1206 3389 1452 3463 Ἀνδρεία
1477 3390 1533 3443 δέ
1559 3391 1618 3445 ἐν
1647 3389 1865 3454 ταύταις

1971 3393 2300 3463 mabundus,
2349 3404 2410 3451 ut
2456 3412 2558 3467 pro
2616 3413 2676 3453 se
2733 3398 2901 3454 Deum
2944 3409 3264 3471 precaretur
3311 3384 3545 3475 rogavit.

287 3489 407 3550 ταῖς
436 3487 739 3557 συμφοραῖς
788 3482 1027 3554 ἀνεφάνη
1059 3483 1155 3537 καὶ
1191 3481 1494 3553 Ὀλυμπιὰς
1522 3482 1556 3552 ἡ
1599 3481 1863 3545 διάκονος.

300 3578 454 3632 Ἐπεὶ
478 3577 584 3649 γὰρ
611 3578 675 3630 ἐκ
723 3575 924 3647 ταύτης
971 3576 1070 3645 τῆς
1092 3573 1270 3637 αἰτίας
1305 3573 1385 3637 εἰς
1425 3572 1488 3626 τὸ
1518 3572 1868 3643 δικαστήριον

291 3670 564 3741 παρήχθη,
620 3667 929 3739 πυθομένου
966 3665 1059 3722 τοῦ
1096 3664 1342 3736 ὑπάρχου
1400 3664 1454 3718 τί
1520 3663 1720 3737 δήποτε
1768 3663 1867 3736 τὴν

287 3760 578 3832 ἐκκλησίαν
642 3759 963 3831 ἐνέπρησεν,
1005 3757 1373 3821 ὑπολαϐοῦσα,
1410 3756 1522 3828 Οὑχ
1543 3757 1705 3828 αῦτη,
1738 3758 1865 3828 ἔφη,

284 3853 380 3906 τοῦ
428 3853 561 3924 ἐμοῦ
617 3851 732 3922 βίου
763 3852 797 3922 ἡ
827 3850 1145 3922 προαίρεσις
1170 3863 1185 3882 ο
1216 3847 1415 3919 πολλὴν
1452 3848 1562 3919 γὰρ
1588 3841 1755 3902 οὖσαν
1786 3846 1866 3911 είς

286 3945 583 3999 ἀνανέωσιν
642 3943 786 3997 ναῶν
829 3941 963 3996 Θεοῦ
1003 3940 1103 4012 τὴν
1146 3938 1332 3993 οὑσίαν
1361 3937 1633 3993 ἁνάλωσα.
1668 3937 1775 3991 Τοῦ
1809 3934 1866 3991 δὲ

283 4035 374 4089 τὸν
428 4035 595 4106 αὐτῆς
648 4032 760 4103 βίον
821 4031 1141 4086 ἐπίστασθαι
1184 4029 1452 4097 λέγοντος,
1516 4027 1724 4081 Οὐκοῦν
1782 4029 1865 4091 εἰς

286 4127 592 4198 κατηγόρου
618 4126 770 4193 τάξιν
800 4124 1088 4196 μετάϐηθι,
1107 4122 1235 4193 ἔφη,
1260 4120 1353 4175 καὶ
1401 4121 1586 4192 ἔτερος
1619 4122 1750 4191 ἡμῖν
1781 4120 1861 4173 δι-

285 4219 464 4272 κάσει.
512 4210 853 4288 Ἀμαρτύρου
907 4215 963 4268 δὲ
1013 4214 1111 4285 τῆς
1170 4214 1504 4283 κατηγορίας
1555 4210 1742 4283 οὔσης,
1787 4213 1863 4284 μὴ

286 4307 423 4377 ἔχων
451 4308 479 4360 ὁ
513 4305 759 4377 ὕπαρχος
810 4306 839 4358 ὃ
893 4322 947 4358 τι
976 4303 1202 4368 δικαίως
1235 4303 1533 4374 μέμψαιτο,
1557 4303 1864 4374 ὴπιώτερόν

285 4414 401 4460 πως
455 4398 536 4460 εἰς
580 4395 770 4467 ἕτερον
828 4394 1033 4466 μετέϐη
1063 4394 1338 4465 ἔγκλημα.
1389 4395 1499 4450 Καὶ
1527 4394 1602 4459 ὡς
1638 4397 1696 4448 ἐν
1724 4410 1861 4464 συμ-

283 4488 468 4560 ϐουλῇ,
492 4487 677 4543 ἄνοιαν
689 4488 823 4559 αὐτῇ
848 4490 942 4543 καὶ
953 4491 1074 4553 ταῖς
1095 4488 1283 4550 ἄλλαις
1305 4487 1548 4557 γυναιξὶν
1566 4486 1863 4557 ἐμέμφετο,

281 4581 363 4634 ὅτι
406 4579 506 4652 τήν
551 4581 630 4643 εἰς
667 4579 756 4632 τὸν
791 4579 1087 4634 ἐπίσκοπον
1130 4579 1413 4634 κοινωνίαν
1447 4578 1707 4649 ἠρνοῦντο
1726 4577 1863 4649 (Si),

282 4668 403 4735 ἐξὸν
452 4667 893 4740 μεταμεληθῆναι
958 4670 1052 4724 καὶ
1105 4669 1448 4740 πραγμάτων
1493 4667 1858 4738 ἀπηλλάχθαι.

1970 3486 2147 3557 Atque
2186 3486 2301 3542 haec
2343 3497 2472 3543 sunt
2525 3503 2649 3559 qua:
2692 3488 2959 3561 Eutropio
3008 3493 3378 3563 contigerunt.
3422 3492 3546 3548 Jant

1969 3592 2104 3633 vero
2142 3577 2425 3650 Olympias
2459 3596 2681 3650 quoque
2726 3581 3061 3646 diaconissa,
3091 3582 3148 3638 in
3202 3584 3303 3639 hoc
3359 3600 3545 3641 rerum

1967 3668 2289 3727 discrimine
2328 3670 2707 3727 fortitudinem
2737 3672 2907 3727 animi
2939 3675 3026 3730 sui
3048 3663 3371 3731 declaravit.
3406 3673 3543 3730 Natu

1965 3771 2090 3812 cum
2117 3759 2364 3814 eamdem
2389 3762 2458 3816 ob
2475 3777 2698 3817 causam
2736 3763 2790 3817 in
2810 3762 3082 3833 judicium
3116 3766 3354 3822 adducta
3375 3774 3545 3832 esset,

1965 3849 2325 3922 interroganti
2390 3852 2648 3922 praefecto
2700 3868 2802 3909 cur
2828 3854 3114 3911 ecclesiam
3181 3849 3542 3921 incendisset,

1963 3926 2287 4009 respondit:
2315 3939 2436 3994 Non
2466 3949 2548 3997 est
2583 3942 2686 3996 hoc
2719 3943 2841 3997 vitae
2894 3960 3027 4000 mea:
3060 3943 3392 4000 institutum.
3428 3944 3543 4016 Ego

1963 4030 2110 4083 enim
2142 4028 2427 4086 facultates
2452 4046 2602 4086 meas
2635 4048 2757 4101 quae
2789 4034 2976 4087 multae
3004 4043 3237 4089 erantet
3268 4034 3538 4100 inaximaa.

1964 4122 2180 4190 templis
2213 4120 2304 4176 Dei
2333 4123 2707 4179 instaurandis
2756 4124 3017 4194 impendi.
3048 4125 3295 4194 Cumque
3326 4127 3416 4182 ille
3454 4127 3539 4182 di-

1963 4224 2114 4269 ceret
2182 4214 2287 4269 sibi
2348 4215 2516 4285 probc
2574 4215 2851 4285 cognitam
2926 4231 3051 4271 esse
3124 4217 3269 4271 illius
3321 4216 3539 4274 vivendi

1962 4306 2259 4373 rationem,
2313 4305 2550 4376 subjecit
2602 4306 2738 4360 illa:
2791 4305 2875 4360 Tu
2926 4321 3057 4376 ergo
3095 4305 3149 4361 in
3192 4309 3539 4365 accusatoris

1963 4399 2144 4454 locum
2177 4398 2374 4463 transi,
2407 4405 2461 4453 et
2495 4398 2639 4452 alius
2663 4397 2730 4452 de
2759 4398 2918 4452 nobis
2939 4397 3169 4465 judicet.
3205 4397 3381 4455 Porro
3410 4415 3538 4456 cum

1963 4489 2245 4542 accusatio
2284 4488 2518 4543 testibus
2563 4487 2992 4550 destitueretur,
3062 4488 3354 4559 praefectus
3400 4491 3540 4547 nihil

1966 4579 2173 4635 habens
2187 4578 2332 4647 quod
2352 4578 2477 4648 jure
2497 4578 2764 4647 culparet,
2786 4580 2948 4649 paulo
2963 4580 3290 4638 clementius
3307 4584 3374 4639 ad
3391 4584 3538 4639 aliud

1963 4673 2173 4726 crimen
2225 4685 2284 4725 se
2317 4672 2613 4725 convertit.
2668 4673 2746 4725 Ac
2773 4671 2937 4726 veluti
2988 4673 3306 4729 consulendi
3338 4676 3540 4745 gratia,

295 4762 432 4816 nux
468 4764 523 4815 ai
555 4763 672 4832 μὲν,
692 4761 796 4814 ὑπὸ
818 4762 971 4825 δέους
996 4761 1119 4816 τάδε
1139 4760 1216 4831 τῷ
1237 4760 1466 4832 ὑπάρχῳ
1496 4757 1859 4831 προστάξαντι

1970 4759 2125 4831 357
2183 4770 2291 4814 tam
2345 4759 2651 4831 Olympiadi
2710 4776 2875 4830 quam
2932 4763 3159 4832 reliquis
3214 4765 3540 4821 mulieribus

284 4849 434 4918 εἶξαν
455 4871 469 4884 ’
510 4856 543 4924 ή
568 4854 625 4906 δὲ
659 4852 979 4923 Ὀλυμπιὰς,
1020 4853 1094 4904 υύ
1140 4853 1367 4916 δίκαιον,
1403 4851 1530 4921 ἔφη,
1559 4851 1657 4920 τὴν
1694 4852 1753 4903 ἐν
1780 4849 1861 4919 τῷ

286 4944 479 5014 πλήθει
539 4943 645 4997 ὑπὸ
696 4942 1056 5011 συκοφαντίας
1105 4942 1359 5006 ἁλοῦσαν,
1400 4944 1458 4996 ἐν
1486 4942 1542 4994 δὲ
1572 4944 1684 5003 τοῖς
1718 4940 1863 4993 δικα-

285 5034 527 5105 στηρίοις
560 5036 647 5088 ἐπ’
676 5034 852 5087 οὐδενὶ
888 5034 995 5087 τῶν
1022 5035 1510 5106 κατηγορουμένων
1537 5030 1862 5103 διελεγχθεὶ-

290 5142 406 5190 ταν,
468 5127 548 5190 εἰς
601 5125 894 5194 ἀπολογίαν
928 5121 1181 5178 ἕλκεσθαι
1228 5126 1486 5197 μέμψεων
1532 5123 1857 5179 ἁνευθύνων.

296 5218 613 5291 Ἐπίτρεψόν
671 5213 764 5273 οὖν
805 5236 914 5288 μοι,
973 5218 1106 5288 πρὸς
1156 5217 1253 5289 τὴν
1322 5218 1593 5290 προτέραν
1646 5215 1861 5289 γραφὴν

1963 4851 2257 4906 amentiam
2314 4852 2692 4921 exprobravit,
2743 4866 2867 4920 qua}
2924 4853 3367 4914 communionem
3419 4856 3540 4926 epi-

1965 4944 2117 5014 scopi
2162 4943 2247 4999 sui
2298 4951 2692 4999 aversarentur
2728 4964 2739 4997 :
2779 4960 2902 4998 cum
2951 4945 3277 5016 resipiscere
3311 4948 3444 5017 ipsis
3474 4950 3542 5002 li-

1964 5044 2136 5099 ceret,
2166 5050 2340 5105 seque
2365 5035 2511 5105 ipsas
2538 5034 2809 5090 molestiis
2848 5035 3107 5089 omnibus
3144 5034 3401 5090 liberare.
3428 5034 3539 5091 Sed

1970 5133 2178 5179 crctcrae
2226 5124 2449 5194 quidem
2501 5123 2764 5194 praefecto
2809 5124 2914 5179 ista
2967 5124 3304 5196 praecipienti
3354 5140 3540 5181 cesse—

1970 5224 2118 5269 runt.
2154 5212 2446 5285 Olympias
2489 5228 2643 5276 vero,
2679 5212 2900 5267 Minime
2939 5227 3151 5283 aequum
3196 5213 3535 5281 est,'inquit,

1481 5360 1751 5428 VALESII
1790 5370 2349 5428 ANNOTATIONES.

351 5469 464 5539 (80)
531 5473 876 5540 Eii-rpdzwe
904 5467 1328 5540 dicar-rumeno.
1371 5466 1546 5540 liujus
1602 5468 1849 5540 meminit

277 5529 558 5596 Pailadius
583 5529 791 5596 in'Vita
824 5529 1197 5610 Chrysostomi
1242 5529 1360 5610 sub
1380 5529 1538 5592 llucm
1566 5556 1580 5603 ;
1604 5538 1693 5593 ubi
1724 5552 1847 5592 eum

275 5611 487 5681 ψάλτην
532 5624 708 5674 vocat,
767 5609 911 5682 quod
945 5608 1102 5682 idem
1136 5617 1239 5662 est.
1288 5608 1457 5682 Iidem
1487 5610 1666 5682 enim
1691 5616 1851 5662 erant

279 5677 466 5749 psaltse
503 5692 555 5735 ct
582 5677 833 5736 lectores.
868 5677 1021 5733 Unde
1051 5677 1243 5749 juncto
1265 5677 1850 5749 νοίιίώιιιονψαλτανα-

278 5746 515 5818 γνῶσται
542 5752 798 5805 dicuntur
829 5751 880 5803 in
920 5747 1152 5801 .‘Voveltis
1186 5749 1314 5817 imp.
1367 5746 1684 5801 Justiniani.

347 5821 456 5891 (3|)
491 5822 606 5888 Τὴν
631 5825 716 5886 εἰς
732 5822 835 5874 τὸν
862 5820 1197 5872 ἐπίσκοπον
1230 5818 1547 5872 κοινωνίαν
1575 5817 1852 5886 ᾑροῦντο.

600 5916 866 5973 ΡΑἸΠΟΙ..
901 5912 1012 5969 Gtt.
1044 5910 1281 5970 LXV”.

1958 5468 2015 5521 in
2073 5466 2261 5521 codice
2327 5464 2627 5520 Fuketiano
2689 5468 2953 5536 scriptum
3002 5468 3183 5522 inveni
3235 5467 3540 5536 ἠρνοῦνῖο’

1958 5539 2118 5615 longe
2156 5537 2372 5615 _rectius
2442 5551 2564 5615 meo
2619 5534 2839 5615 quidem
2890 5538 3121 5615 judicio.
3180 5534 3540 5615 Epdeutiere

1958 5607 2123 5661 modo
2155 5608 2402 5675 loquitur
2449 5604 2853 5662 Constantinus
2888 5609 3186 5676 imperator
3204 5607 3270 5676 in
3302 5604 3539 5676 cpistola

1960 5678 2025 5731 ad
2049 5672 2421 5731 Alexandrum
2459 5685 2514 5730 et
2539 5677 2729 5730 Arium
2757 5694 2772 5730 :
2798 5678 2834 5746 ή
2873 5672 2981 5746 μέν’
2999 5675 3250 5746 κοινωνία
3296 5672 3536 5746 ἠρνήθη.

1968 5746 2280 5801 Maluissem
2328 5746 2505 5816 οιίθηι
2526 5746 2711 5801 dicere
2758 5743 3057 5816 ’τήνω-πρὸςΔ
3096 5743 3186 5795 τὸν
3238 5743 3540 5798 ἐπίσκοπον

1968 5818 2268 5870 κοινωνίαν.
2297 5817 2388 5871 Sic
2419 5815 2565 5870 enim
2606 5814 2780 5870 Graeci
2818 5814 2959 5888 loqui
2981 5814 3180 5871 solent.

3155 5904 3225 5962 50
