4040 6336
561 270 693 332 1591

2034 283 2380 342 SOZOMENI

3641 298 3744 356 I592

558 377 785 466 quando
817 407 1029 470 tempus
1062 409 1260 458 nactus
1291 402 1488 467 fuerat,
1526 403 1945 475 probatissimos
1971 423 2134 479 quos-

2247 408 2532 472 σπουδαῖος
2565 404 2736 463 εἶναι·
2799 412 2910 474 τοῖς
2941 409 2999 464 δὲ
3042 409 3365 480 ἐτεροδόξοις
3411 411 3628 483 φοὸερός.
3665 416 3748 470 Καὶ

557 505 668 558 que
693 498 938 546 veterum
967 492 1269 562 scriptorcs
1306 495 1608 552 lectitabat.
1643 495 1709 551 Et
1756 499 2016 570 quoniam
2053 501 2140 556 in-

558 583 759 637 doctus
806 597 925 637 esse
971 583 1281 650 videbatur,
1336 602 1462 642 cum
1508 588 1577 645 de
1629 590 1742 648 illis
1795 591 2140 660 dissereret,

557 673 708 742 ipsos
750 675 915 728 etiam
958 675 1150 732 doctos
1195 678 1520 753 plerumque
1549 683 1734 740 latuit.
1786 683 1960 741 Porro
2009 701 2141 757 erga

557 777 676 817 sure
724 764 1005 834 opinionis
1053 767 1307 828 homines
1355 787 1567 843 gnavus
1618 783 1782 846 atque
1833 777 2142 833 industrius

555 854 727 912 fuisse
762 857 1007 915 dicitur:
1047 861 1118 918 iis
1173 878 1308 919 vero
1337 867 1431 936 qui
1469 865 1743 932 diversam
1793 878 2004 930 sectam
2053 887 2142 930 δε·-

552 949 870 1018 quebantur
894 952 1181 1011 terribilis.
1213 955 1290 1012 Ita
1324 965 1384 1012 ut
1416 959 1634 1029 quoties
1663 961 1904 1026 volebat,
1933 971 2138 1024 metam

553 1039 664 1095 illis
714 1041 1024 1099 incuteret:
1076 1061 1273 1104 rursus
1309 1064 1439 1105 vero
1472 1058 1744 1117 mutatus,
1778 1053 1931 1108 mitis
1959 1055 2014 1108 in
2045 1069 2141 1109 eos

553 1144 866 1201 appareret.
923 1135 1105 1208 Atque
1155 1141 1305 1195 [tunc
1365 1143 1588 1212 quidem
1646 1145 1919 1215 ejusmodi
1972 1147 2138 1206 fuisse

551 1224 748 1279 dicunt
796 1227 831 1280 ii
878 1231 972 1300 qui
1022 1231 1180 1287 illum
1235 1237 1406 1302 probe
1455 1245 1675 1292 norant.
1716 1237 1959 1296 Joannes
2009 1256 2138 1295 vero

551 1316 718 1370 etiam
749 1318 804 1373 in
836 1321 1036 1378 exsilio
1091 1325 1298 1396 degens
1338 1329 1513 1399 magis
1542 1330 1820 1384 inclaruit.
1843 1330 1980 1388 Nam
2008 1346 2135 1388 cum

549 1410 804 1476 pecuniis
833 1412 1158 1483 abundaret,
1199 1433 1339 1489 quas
1372 1435 1498 1474 cum
1530 1421 1623 1476 alii
1659 1423 1817 1476 multi
1855 1423 2015 1496 363
2057 1423 2138 1478 al-

551 1498 822 1565 ferebant,
857 1510 968 1557 tum
1012 1506 1290 1577 Olympias
1321 1508 1642 1566 diaconissa
1680 1511 1747 1566 ad
1779 1527 1906 1567 eum
1952 1513 2132 1568 mitte-

549 1592 664 1657 bat,
696 1596 967 1666 plurimos
1005 1603 1253 1671 captivos
1293 1603 1364 1659 ab
1395 1604 1602 1661 Isauris
1629 1602 1885 1669 redemit,
1913 1619 1978 1660 ac
2014 1605 2130 1660 suis

549 1687 815 1743 restituit.
864 1689 1049 1750 Multis
1091 1696 1260 1750 etiam
1299 1697 1589 1768 egentibus
1636 1696 1951 1752 necessaria
2000 1695 2134 1751 sub-

2247 499 2447 569 ῥᾳδίως
2489 501 2592 572 μὲν
2639 502 2824 566 αὐτοῖς
2861 502 3025 572 ἡνίκα
3075 501 3343 572 βούλοιτο,
3389 504 3499 568 δέος
3524 506 3746 574 ἐμποιεῖν

2243 585 2400 654 αὖθις
2427 591 2483 644 δὲ
2513 593 2997 664 μεταϐαλλόμενος,
3034 595 3213 666 πρᾶος
3251 595 3535 664 φαίνεσθαι.
3571 597 3659 656 Καὶ
3682 599 3749 652 τὸν

2246 684 2368 754 μὲν,
2394 685 2597 740 τοιόνδε
2626 687 2876 754 γενέσθαι
2908 687 3106 757 φασὶν,
3155 687 3208 740 οἵ
3233 704 3297 756 γε
3335 687 3420 741 τὸν
3458 689 3605 760 ἄνδρα
3624 690 3751 758 ἔγνω-

2243 792 2366 830 σαν.
2413 778 2470 832 ’0
2501 778 2559 831 δὲ
2595 779 2850 852 Ἰωάννης
2875 780 2969 842 καὶ
2999 780 3239 851 φεύγων,
3283 781 3640 853 ἐπισημότερος
3657 785 3750 851 ὲγέ-

2243 885 2363 922 νετο
2382 885 2396 898 ’
2435 869 2735 943 χρημάτων
2772 870 2880 944 γὰρ
2908 870 3054 942 ἔχων
3093 870 3371 941 ἀφθονίαν,
3407 871 3564 926 ἄλλων
3586 890 3636 926 τε
3655 876 3755 928 πολ·

2241 961 2350 1016 λῶν
2395 963 2850 1036 προσφερόντων,
2902 966 2996 1018 κα)⁷
3035 964 3393 1035 Ὀλυμπιάδος
3435 965 3526 1034 τῆς
3561 965 3752 1020 διακόνου

2241 1056 2590 1126 πεμπούσης,
2640 1057 2869 1122 πολλοὺς
2901 1055 3283 1127 αἰχμαλώτους
3323 1055 3464 1126 παρὰ
3490 1055 3586 1109 τῶν
3623 1059 3755 1111 Ἰσαὺ·

2243 1165 2352 1218 ρων
2400 1148 2624 1214 ὠνεῖτο,
2678 1149 2770 1202 καί
2813 1151 2925 1213 τοῖς
2979 1148 3127 1213 ἰδίοις
3171 1146 3416 1210 ἀπεδίδου
3440 1165 3453 1177 ·
3508 1149 3686 1212 πολλοῖς
3714 1150 3755 1202 δὲ

2239 1239 2514 1311 δεομένοις
2561 1241 2628 1294 τὰ
2677 1242 2949 1311 ἀναγκαῖα
3003 1241 3286 1312 ἐχορήγει⁸
3334 1234 3414 1303 οἷς
3447 1239 3499 1291 δὲ
3532 1239 3660 1293 οὐδὲν
3677 1241 3754 1294 ἔδει

2239 1334 2563 1405 χρημάτων,
2595 1333 2673 1404 τῷ
2699 1333 2842 1405 λόγῳ
2877 1335 3186 1406 προσήγετο
3214 1352 3226 1364 ’
3265 1332 3358 1388 καὶ
3381 1334 3456 1394 είς
3488 1331 3608 1398 ἄγαν
3632 1348 3757 1402 κεχα-

2243 1425 2496 1498 ρισμένος
2529 1425 2844 1495 ἐτύγχανεν,
2895 1425 3200 1496 Ἀρμενίοις
3234 1440 3293 1478 τε
3343 1423 3466 1494 παρ’
3495 1417 3567 1486 οἷς
3585 1417 3660 1494 ἦν,
3691 1423 3761 1476 καὶ

2165 1553 2208 1608 Β
2237 1522 2350 1584 τοῖς
2393 1518 2807 1590 πλησιοχώροις.
2864 1517 3117 1572 Πλεῖστοι
3146 1517 3202 1608 δέ
3220 1607 3223 1608 ν
3243 1515 3385 1608 πρὸς
3406 1515 3555 1608 αὐτὸν

2185 1606 2196 1680 ί
2246 1609 2356 1664 ἀπό
2380 1627 2439 1663 τε
2491 1611 2850 1682 Ἀντιοχείας,
2893 1609 2986 1663 καὶ
3023 1609 3121 1678 τῆς
3150 1607 3318 1686 ἄλλης
3352 1606 3539 1680 Συρίας
3573 1607 3651 1660 καὶ
3684 1607 3762 1660 Κι-

2243 1699 2441 1762 λικίας.

547 1781 923 1842 ministrabat.
977 1785 1083 1843 Eos
1135 1805 1268 1844 vero
1310 1791 1515 1861 quibus
1572 1791 1822 1862 pecuniis
1850 1805 1993 1862 opus
2018 1806 2130 1848 non
2171 1801 2312 1856 erat,
2345 1794 2598 1848 oratione
2636 1793 2743 1849 sibi
2810 1791 3166 1848 conciliabat.
3243 1791 3478 1860 Eratque
3524 1787 3762 1844 admodum

546 1877 753 1933 ebarus
788 1887 902 1933 tum
935 1883 1213 1940 Armeniis
1249 1885 1394 1956 apud
1432 1901 1574 1957 quos
1622 1886 1878 1958 degebat.
1949 1893 2066 1942 tum
2111 1888 2363 1946 ﬁnitimis
2405 1890 2688 1949 omnibus.
2739 1887 2894 1948 Multi
2967 1888 3219 1960 quotidie
3283 1887 3353 1955 ad
3399 1901 3516 1942 eum
3570 1883 3766 1941 conﬂue-

547 1969 682 2024 bant
707 1986 772 2025 ex
805 1973 937 2028 urbe
962 1974 1274 2040 Antiochia,
1307 1986 1360 2032 et
1388 1993 1453 2033 ex
1499 1979 1710 2049 reliqua
1748 1977 1910 2049 Syria
1942 1992 2007 2033 ac
2036 1977 2252 2036 Cilicia.

1100 2072 1251 2127 CAP.
1296 2072 1532 2127 XXVIII.

547 2159 823 2234 Quomodo
871 2161 1210 2217 Innocentius
1266 2165 1547 2234 episcopus,
1580 2163 1848 2218 Romanus
1899 2167 2132 2234 impense

617 2231 882 2304 studuerit
934 2243 991 2285 ut
1033 2234 1259 2288 collecta
1285 2231 1487 2304 synodo
1517 2233 1780 2289 Joannem
1813 2231 2080 2290 revocaret
2106 2253 2127 2298 ,-

618 2310 668 2352 et
699 2301 764 2356 de
799 2302 988 2378 legatis
1008 2303 1194 2378 _ab_eo
1230 2301 1410 2360 missis
1441 2305 1511 2378 nd
1538 2306 1948 2378 inquirendum;
1988 2316 2038 2361 et
2068 2307 2134 2363 de

616 2382 788 2426 morte
816 2373 1046 2430 Joannis
1086 2374 1478 2445 Cltrysostolti.

534 2466 535 2469 ‘
617 2459 789 2518 Porro
834 2461 1197 2525 Innocentius
1253 2465 1516 2522 Romana:
1573 2465 1734 2523 urbis
1791 2467 2138 2540 episcopus,

546 2566 676 2605 cum
721 2553 868 2608 sicut
908 2561 1037 2611 ante
1083 2557 1419 2628 scripserat,
1481 2559 1732 2630 impense
1782 2560 2035 2617 studeret
2081 2570 2140 2617 ut

545 2639 786 2700 Joannes
825 2646 1239 2715 resutucretur;
1278 2662 1389 2704 una
1432 2662 1560 2704 cum
1603 2649 1888 2720 episcopis
1937 2651 2032 2720 qui
2070 2666 2139 2708 ex

2822 2079 3076 2134 ΚΕΦΔΛ.
3119 2079 3254 2132 κη’.

2247 2172 2351 2260 Ὦς,
2375 2169 2797 2260 semesae
2816 2165 3419 2260 ﬁ:f¥re:e*fe3¢i
3443 2167 3669 2260 ῘΡξίλιέῑιςε
3683 2163 3767 2260 se.

2308 2237 2578 2296 συνόδου
2607 2240 2716 2295 τὸν
2740 2237 3024 2307 Ἰωάννην
3046 2239 3373 2309 ἐπαγαγεῖν
3390 2257 3402 2270 ·
3433 2240 3525 2294 καὶ
3550 2237 3663 2309 περὶ
3681 2237 3768 2309 τῶν

2310 2309 2707 2382 πεμφθὲν-τίθη
2730 2312 2872 2382 παρέ
2891 2304 3078 2364 αὑτοῦ
3104 2304 3202 2364 ἐπὶ
3226 2304 3495 2382 ἐξετάσει
3514 2326 3528 2338 ·
3557 2304 3642 2361 καὶ
3669 2304 3765 2374 περὶ

2311 2379 2744 2451 τῆξτελευτῆς
2770 2380 2875 2441 τοῦ
2909 2382 3349 2448 Χρυσοστόμου
3371 2379 3644 2435 Ἰωάννου.

2325 2474 2632 2538 ἐινοκέντιος
2660 2473 2717 2527 δὲ
2743 2477 2771 2528 ὁ
2806 2472 3024 2544 Ῥώμης
3049 2473 3372 2538 ἐπίσκοπος,
3398 2471 3534 2525 καθὰ
3556 2469 3768 2542 πρότερον

2241 2567 2504 2641 ἔγραψεν,
2542 2565 2857 2622 ἐπανελθεῖν
2894 2566 3057 2619 αὐτὸν
3095 2564 3440 2628 σπουδάζων,
3476 2564 3564 2617 σὺν
3605 2563 3698 2624 τοῖς
3725 2559 3770 2612 ὲκ

2240 2661 2340 2732 τῆς
2364 2660 2481 2714 Ἕω
2503 2658 2580 2731 (4)
2600 2659 2731 2729 περὶ
2761 2656 2953 2710 τούτου
2989 2655 3454 2728 πρεσϐευομένοις
3490 2652 3768 2715 ἐπισκόποις,

545 2734 772 2794 Oriente
818 2738 983 2810 legati
1023 2740 1091 2810 ad
1135 2755 1261 2796 eum
1295 2751 1597 2810 venerant,
1640 2741 1795 2798 misit
1847 2742 2137 2814 episcopos

2243 2751 2532 2823 πέπομφεν
2563 2749 2898 2812 ἐπισκόπους
2927 2748 3087 2802 πέντε
3107 2785 3122 2812 ,
3168 2749 3270 2800 καὶ
3300 2745 3676 2819 πρεσϐυτέρους
3703 2741 3772 2796 δύο

545 2829 828 2900 quinque,
863 2837 920 2886 et
948 2830 1092 2887 duos
1125 2829 1392 2887 Ecclesiae
1433 2829 1699 2888 Romanae
1744 2833 2136 2905 presbyteros,

2238 2847 2337 2917 τῆς
2370 2843 2657 2915 Ῥωμαίων
2701 2841 3025 2914 Ἐκκλησίας
3054 2840 3190 2913 πρὸς
3221 2840 3482 2911 Ὀνώριον
3507 2839 3593 2892 καὶ
3622 2837 3771 2908 Ἀρκάο

546 2921 614 2978 ad
644 2921 954 2980 Honorium
976 2931 1030 2979 et
1057 2923 1354 2982 Arcadium
1381 2928 1688 2995 Augustos,
1715 2926 1816 2996 qui
1863 2925 2135 2998 synodum

2243 2936 2353 2991 διον
2393 2937 2486 2992 τὸν
2534 2935 2790 3007 βασιλέα.
2844 2935 3062 2990 σύνοδον
3103 2936 3466 3006 αἰτήσοντας,
3505 2932 3592 2986 καὶ
3624 2929 3771 2999 κειρδν

544 3011 778 3084 ejusque
805 3015 1145 3072 celebranda;
1169 3023 1384 3087 tempus
1415 3032 1480 3072 ac
1511 3019 1696 3074 locum
1725 3019 2076 3090 postularent
2094 3019 2132 3072 ί.

548 3103 754 3160 Verum
795 3105 853 3162 bi
893 3108 990 3178 qui
1032 3109 1178 3180 apud
1213 3108 1763 3182 Constantinopolim
1809 3108 2012 3167 «ἰοειηηὶ
2047 3111 2134 3169 in-

546 3194 692 3251 fensi
726 3205 924 3262 erant,
966 3198 1131 3269 quasi
1164 3199 1221 3254 in
1263 3201 1660 3257 contumeliam
1693 3199 1994 3258 Orientalis
2031 3202 2135 3257 im-

545 3287 686 3356 perii
713 3289 830 3345 haec
855 3299 976 3346 acta
1005 3298 1217 3358 essent,
1249 3279 1580 3354 calumniari
1614 3306 1926 3364 cmperunt.
1957 3293 2136 3364 Atque

545 3381 927 3458 hosquidem,
967 3393 1158 3456 utpote
1185 3386 1279 3455 qui
1305 3395 1536 3441 externo
1559 3386 1880 3455 imperatori
1919 3386 2136 3442 molesti

547 3473 816 3537 fuissent,
862 3489 990 3532 cum
1031 3477 1342 3549 ignominia
1382 3477 1586 3532 dimitti
1621 3485 1916 3533 curarunt.
1946 3475 2134 3546 Ipsum

547 3583 679 3623 vero
700 3567 970 3628 Joannem
1001 3568 1184 3624 edicto
1211 3569 1562 3638 imperatoris
1589 3569 1808 3639 longius
1843 3567 2137 3624 transferri

549 3660 620 3715 ad
652 3659 918 3730 oppidum
953 3659 1262 3732 Pityuntem
1310 3660 1690 3731 perfecerunt.
1729 3661 1932 3716 Milites
1971 3661 2138 3732 igitur

549 3749 841 3808 confestim
872 3751 1252 3816 advenientes,
1282 3752 1525 3810 edictum
1545 3752 1890 3810 exsecutioni
1915 3751 2140 3807 manda-

551 3856 703 3902 runt.
749 3847 1023 3905 Cazteruni
1063 3847 1220 3902 aiunt
1251 3846 1521 3903 Joannem
1547 3887 1561 3912 ,
1621 3861 1748 3902 eum
1796 3861 1826 3902 a
1866 3845 2138 3901 militibus

553 3936 942 4012 abduceretur,
974 3939 1029 3992 in
1067 3937 1265 3993 itinere
1288 3936 1435 3993 diem
1463 3936 1652 3996 obitus
1673 3936 1758 3992 sui
1785 3933 2136 4005 praevidisse,

552 4040 855 4102 apparente
888 4030 994 4101 ipsi
1035 4029 1305 4086 Basilisco
1339 4037 1584 4100 martyre
1617 4029 1674 4084 in
1704 4028 1908 4099 oppido
1938 4028 2139 4083 Arme-

553 4126 659 4179 nias
708 4122 990 4179 Comanis.
1043 4122 1164 4189 Quo
1213 4123 1271 4177 in
1320 4123 1443 4178 loco
1483 4136 1606 4178 cum
1643 4122 1791 4178 vires
1830 4121 1878 4177 ei
1927 4121 1995 4176 ad
2034 4121 2141 4175 iter

553 4215 868 4272 faciendum
897 4213 1236 4279 deﬁcerent,
1272 4216 1474 4286 capitis
1508 4216 1656 4270 enim
1694 4214 1886 4269 dolore
1921 4214 2139 4268 labora-

554 4308 682 4370 bat,
723 4319 823 4360 nec
861 4305 996 4360 solis
1030 4304 1220 4360 radios
1272 4303 1520 4374 perferre
1561 4311 1786 4374 posset,
1835 4319 1904 4359 ex
1947 4301 2141 4357 morbo

556 4401 789 4456 interiit.

633 4492 648 4521 ¹
694 4488 875 4556 Socr.,
909 4491 1002 4543 lib.
1042 4506 1117 4553 γι,
1143 4508 1192 4545 c.
1225 4491 1315 4542 21.

2243 3027 2448 3098 ταύτης
2485 3027 2582 3080 καὶ
2621 3026 2806 3080 τόπον.
2867 3026 2930 3080 Ol
2977 3025 3035 3079 δὲ
3084 3024 3178 3079 ἐπὶ
3203 3018 3771 3078 Κωνσταντινουπόλεως

2243 3117 2678 3188 ἀπεχθανόμενοι
2717 3117 2969 3188 Ἰωάννῃ,
3012 3114 3089 3179 ὡς
3135 3113 3232 3167 ἐπὶ
3274 3114 3434 3186 ὕϐρει
3475 3113 3569 3183 τῆς
3595 3105 3772 3164 ἐνταῦθα

2245 3210 2523 3282 βασιλείας
2548 3209 2754 3262 τούτων
2772 3205 3103 3278 γενομένων,
3123 3205 3387 3277 διαϐολὴν
3405 3201 3771 3259 κατεσκεύασαν·

2244 3299 2340 3353 καὶ
2380 3299 2506 3361 τοὺς
2555 3297 2654 3368 μὲν
2702 3298 2778 3361 ὼς
2831 3297 3128 3368 ὑπερορίαν
3183 3296 3369 3368 ἀρχὴν
3418 3294 3771 3366 ἐνοχλήσαντας.

2243 3388 2455 3459 ἀτίμως
2477 3386 2862 3458 ἐκπεμφθῆναι
2889 3384 3316 3454 παρεσκεύασαν
3341 3401 3355 3420 η
3392 3385 3550 3438 αὑτὸν
3573 3379 3774 3436 δὲίωάν·

2244 3497 2342 3548 νην
2387 3478 2555 3550 ψήφῳ
2589 3477 2854 3549 βασιλέως
2897 3474 3237 3547 πορρωτέρω
3304 3471 3683 3546 μετοικισθῆναι
3716 3467 3775 3530 εις

2245 3569 2547 3630 Πιτυοῦντα
2587 3567 2986 3637 κατώρθωσαν
3027 3567 3087 3620 ὲν
3127 3565 3293 3637 τάχει
3321 3583 3382 3619 τε
3409 3562 3775 3635 παραγενόμενα

2246 3660 2598 3733 στρατιῶται,
2627 3660 2785 3714 τοῦτο
2805 3658 3112 3714 ἐπετέλουν.
3139 3659 3221 3710 Φα
3231 3658 3286 3710 ei.
3310 3657 3367 3711 δὲ
3397 3656 3553 3711 αὐτὸν
3577 3653 3668 3708 ὑπὸ
3691 3650 3774 3704 τού·

2248 3769 2358 3806 των
2383 3753 2653 3825 ἀγόμενον
2672 3793 2687 3818 ,
2738 3750 2863 3804 καθ’
2896 3750 3014 3804 ὁδὸν
3062 3749 3312 3820 προῑδεῖν
3339 3749 3441 3820 τὴν
3470 3748 3660 3820 ἡμέραν
3686 3734 3774 3814 ἐνῇ

2244 3844 2502 3915 τελευτᾷν
2528 3841 2771 3914 ἔμελλεν,
2813 3841 3170 3912 ἐπιφανέντος
3206 3839 3369 3911 αὐτῷ
3391 3837 3684 3894 Βασιλίσκου
3706 3829 3775 3885 τοῦ

2249 3935 2526 4007 μάρτυρος
2555 3936 2612 3991 ἐν
2641 3934 2932 4004 Κωμάνοις
2965 3932 3065 4004 τῆς
3096 3931 3402 4003 Ἀρμενίας
3421 3947 3436 3961 ·
3484 3930 3603 3984 ἔνθα
3624 3929 3677 3999 δὴ
3701 3943 3777 3996 μη.

2248 4027 2366 4080 κέτι
2399 4027 2534 4097 πρὸς
2554 4027 2653 4096 τὴν
2680 4025 2796 4079 ὁδὸν
2819 4022 3110 4094 ἀντισχὼν,
3132 4023 3293 4093 ἤλγει
3315 4023 3428 4093 γὰρ
3452 4021 3546 4092 τὴν
3570 4015 3774 4087 κεφαλὴνν

2247 4118 2342 4170 καὶ
2368 4116 2468 4186 τὴν
2497 4118 2693 4171 ἀκτῖνα
2719 4114 2814 4170 τοῦ
2841 4113 2993 4185 ἡλίου
3019 4112 3206 4184 φέρειν
3232 4113 3336 4182 οὐχ
3359 4106 3471 4175 οἷός
3495 4127 3551 4162 τε
3571 4108 3651 4173 ὢν,
3674 4105 3776 4169 νόσῳ

2247 4208 2338 4262 τὸν
2369 4207 2486 4279 βίον
2517 4206 2873 4280 μετήλλαξεν.

1746 4583 1840 4636 VA
1853 4579 2033 4636 LESII
2073 4573 2643 4634 ANNOTATIONES.

627 4680 705 4747 (4)
747 4680 871 4734 Σὺν
914 4680 1040 4746 τοῖς
1078 4680 1146 4733 ἐκ
1179 4679 1290 4749 τῆς
1331 4680 1474 4736 Ἕω.
1508 4678 1859 4736 Innocentius
1905 4693 2030 4749 cum
2063 4677 2132 4732 ad

555 4749 854 4820 Arcadium
880 4751 1267 4820 imperatorem
1296 4750 1865 4820 quinquc_episcopos
1893 4748 2136 4803 mitteret

556 4827 614 4872 et
643 4819 783 4892 duos
825 4817 1171 4892 presbyteros
1217 4817 1480 4892 Ecclesia:
1538 4817 1832 4892 Romanae,
1880 4820 1976 4887 qui
2006 4833 2137 4892 suas

555 4897 614 4944 et
643 4888 1005 4961 imperatoris
1025 4889 1250 4945 Ilonorii
1303 4890 1520 4946 litteras
1564 4891 1612 4946 ei
1657 4888 2142 4961 oﬂerrent,_misit

558 4974 672 5017 una
708 4957 832 5017 eum
878 4961 987 5018 illis
1019 4968 1260 5033 quatuor
1301 4961 1594 5033 episcopos
1633 4960 1894 5024 Orientis,
1949 4957 2141 5013 Deme-

2242 4673 2436 4737 trium,
2455 4670 2788 4741 _Cyriacum.
2821 4665 3109 4741 Eulysium
3139 4678 3202 4741 ae
3226 4663 3570 4741 _Palladium,
3599 4663 3685 4741 qui
3706 4664 3779 4741 pr?

2245 4729 3086 4820 causa'JoannisClirysostomi
3118 4735 3186 4790 ad
3209 4734 3417 4820 ipsum
3450 4729 3779 4820 [veneran‘tj‘ut

2246 4813 2441 4876 scribit
2487 4809 2770 4870 Palladius
2820 4802 2879 4864 in
2926 4805 3153 4878 Dialogo
3185 4802 3268 4870 de“
3295 4805 3410 4862 vita
3448 4802 3761 4874 Chryseston"

2247 4895 2301 4940 et
2330 4900 2392 4941 ex
2424 4897 2492 4942 eo
2524 4880 2888 4953 Nicepliorus.
