4040 6336
297 313 320 367 l
331 312 437 369 593

1352 322 1674 379 HISTORIA
1715 325 2272 385 ECCLESIASTICA.
2308 362 2376 372 --
2413 333 2541 388 LIB.
2575 335 2666 390 IX.

3289 309 3292 312 ’
3394 341 3529 395 ιεςῡιι

987 659 1715 796 ΕΡΜΕΙΟΥ
1819 663 2614 804 ΣΩΖΟΜΕΝ
2619 665 2852 799 ΟΥ

1689 888 2124 952 ΣΔΛΔΜΙΝΙΟΥ

667 1047 2248 1175 ΕΚΚΑΗΣΙΑΣΤΙΚΗΣ
2357 1062 3150 1182 ΙΣΤΟΡΙΑΣ

1633 1281 2014 1369 ΤΟΜΟΣ
2086 1275 2210 1370 Θ’.

1116 1639 1782 1774 ΗΕΒΜΙΙΕ
1897 1640 2690 1772 SOZOMENI

1733 1873 2086 1930 SALAMlNll

763 2045 2126 2191 ECCLESIASTIC/E
2211 2051 3066 2171 HISTORIAE

1566 2285 1920 2379 LIBER
2023 2289 2192 2380 IX.

889 2629 1140 2686 ΚΕΦΔΛ.
1179 2633 1260 2688 A'.

282 2721 424 2794 Περὶ
445 2720 556 2794 τῆς
596 2723 898 2794 Ἆρκαδίου
928 2722 1232 2793 τελευτῆς,
1261 2723 1358 2780 καὶ
1398 2723 1505 2779 τοῦ
1530 2724 1686 2780 Νέου
1717 2727 1855 2780 Θεο-

352 2792 564 2876 δοσίου
597 2792 836 2876 ᾀηρῃἷςη
861 2795 962 2876 καὶ
991 2794 1125 2876 {rapi
1156 2792 1275 2876 τῶν·
1313 2795 1591 2876 daal-96v
1628 2795 1814 2876 αὐτοῦ
1837 2813 1853 2828 ⁸

352 2864 452 2916 καὶ
483 2861 749 2931 περὶτῆς
778 2861 1104 2930 εὐσεϐείας,
1151 2865 1251 2917 καὶ
1295 2861 1511 2933 ἀρετῆς
1566 2866 1665 2921 καὶ
1709 2879 1856 2933 παρ-

354 2933 555 2999 θενίας
581 2935 948 3002 Πουλχερίας
968 2933 1074 3001 τῆς
1094 2934 1438 3000 βασιλίδος,
1459 2936 1557 2989 καὶ
1581 2936 1714 3002 περὶ
1742 2935 1861 2990 τῶν

353 3003 646 3074 θεοφιλῶν
673 3006 896 3074 ταύτης
928 3004 1134 3074 ἔργων,
1183 3007 1282 3060 καὶ
1319 3006 1400 3074 ὡς
1444 3006 1551 3060 τὸν
1592 3006 1860 3070 βασιλέα

351 3072 696 3140 πρεπόντως
733 3073 940 3142 ἀνῆγε.

352 3165 434 3218 Τὰ
469 3164 566 3236 μὲν
593 3164 656 3236 δὴ
686 3165 826 3218 κατὰ
855 3165 1108 3236 Ἰωάννην
1149 3157 1250 3219 ὦδε
1280 3165 1424 3237 ἔσχε.
1455 3167 1590 3221 Μετ’
1621 3167 1682 3220 οὐ
1724 3167 1858 3222 πολὺ

281 3255 339 3310 δὲ
369 3255 470 3325 τῆς
507 3256 697 3309 τούτου
740 3256 1026 3326 τελευτῆς,
1076 3256 1255 3328 τρίτον
1302 3256 1420 3324 ἔτος
1462 3258 1562 3328 ἤδη
1611 3258 1858 3312 Ἀττικοῦ

280 3347 585 3411 διανύοντος
608 3346 706 3418 τὴν
734 3347 1351 3411 Κωνσταντινουπόλεως
1379 3349 1701 3420 ἐπισκοπὴν,
1727 3350 1862 3404 Βάσ-

283 3457 378 3492 σου
425 3439 518 3491 καὶ
565 3439 832 3491 Φιλίππου
877 3438 1285 3505 ὑπατευόντων,
1331 3439 1557 3510 τελευτᾷ
1610 3441 1701 3493 τὸν
1746 3441 1860 3512 βίον

296 3532 609 3603 Ἀρκάδιοῆ
657 3531 895 3601 διάδοχον
947 3533 1046 3602 τῆς
1102 3531 1395 3601 ἡγεμονίας
1443 3530 1720 3584 Θεοδόσιον
1768 3530 1861 3584 τὸν

284 3625 405 3676 υἱέα
448 3623 778 3692 καταλιπὼν,
823 3622 1022 3695 ἀρτίως
1045 3622 1278 3691 γάλακτι
1324 3621 1618 3693 τρέφεσθαι
1649 3640 1860 3675 πεπαυ-

287 3716 447 3786 μένον
471 3731 484 3744 ·
524 3715 823 3787 Θυγατέρας
853 3714 929 3780 δὲ,
965 3714 1295 3786 Πουλχερίαν
1327 3716 1421 3768 καὶ
1452 3714 1739 3786 Ἀρκαδίαν
1767 3716 1862 3770 καὶ

282 3807 553 3878 Μαρίναν,
582 3806 661 3860 ἔτι
690 3807 882 3877 κομιδῇ
912 3805 1056 3870 νέας.
1107 3801 1188 3876 τῌ
1219 3823 1307 3878 μοι
1335 3806 1482 3859 δοκεῖ
1509 3805 1741 3876 μάλιστα
1769 3806 1861 3859 τὸν

283 3899 418 3952 Θεὸν
448 3898 731 3964 ἐπιδεῖξαι,
779 3897 945 3968 μόνην
985 3897 1266 3950 εὐσέϐειαν
1294 3899 1480 3969 ἀρκεῖν
1510 3897 1645 3968 πρὸς
1687 3915 1862 3970 σωτη-

2527 2634 2692 2708 364
2736 2636 2890 2694 CAP.
2928 2634 2970 2691 ι.

1957 2727 2039 2783 De
2063 2735 2228 2784 morte
2254 2729 2496 2794 Arcadii.
2530 2730 2670 2785 etde
2701 2730 2919 2798 imperio
2952 2727 3230 2784 Theodosii
3263 2725 3533 2794 Junioris,

2028 2815 2090 2856 ac
2116 2798 2180 2852 de
2212 2801 2484 2855 sororibus
2519 2797 2781 2868 ejusdem.
2808 2797 2946 2855 Item
2975 2797 3039 2854 de
3070 2801 3265 2868 pietate
3289 2839 3304 2863 ,
3343 2800 3536 2854 virtute

2029 2886 2092 2922 ac
2113 2870 2410 2939 virginitate
2439 2870 2738 2926 Pulcheriw
2766 2871 3060 2939 Augustw;
3093 2880 3142 2923 et
3180 2869 3242 2924 de
3276 2869 3536 2938 religiosis

2029 2937 2237 2994 aetibds
2261 2941 2410 2994 illius
2438 2957 2457 2994 :
2491 2952 2542 2995 et
2573 2957 2731 3010 quam
2759 2937 2895 2995 recte
2919 2937 3274 2995 Theodosium
3306 2937 3537 3007 impera-

2023 3019 2189 3066 torem
2211 3010 2534 3066 educaverit.
2785 3043 2792 3050 -

2029 3162 2138 3218 Res
2161 3164 2388 3234 quidem
2433 3161 2666 3224 Joannis
2707 3162 3027 3232 hujusmodi
3051 3162 3227 3220 fuere.
3261 3162 3535 3222 Caeterum

1959 3252 2104 3308 haud
2133 3253 2203 3308 ita
2234 3253 2327 3308 diu
2356 3262 2481 3324 post
2509 3253 2631 3324 ejus
2657 3265 2914 3318 mortem,
2943 3269 3065 3309 cum
3089 3255 3305 3311 Atticus
3331 3266 3537 3307 annum

1961 3345 2184 3398 tertium
2221 3353 2406 3414 ageret
2443 3343 2497 3398 in
2529 3344 2848 3414 episcopatu
2882 3343 3537 3414 ConstantinOpolitano,

1963 3435 2468 3510 Basso_et_Philippo
2483 3437 2832 3501 consulibus,
2850 3438 3125 3492 Arcadius
3145 3436 3304 3490 linem
3323 3434 3539 3488 vivendi

1962 3529 2111 3595 fecit,
2136 3544 2460 3586 successore
2489 3529 2703 3599 imperii
2731 3529 2926 3585 relicto
2948 3527 3260 3585 Theodosio
3291 3526 3428 3591 ﬁlio,
3446 3523 3539 3593 qui

1962 3629 2078 3674 tum
2119 3634 2314 3676 recens
2344 3627 2464 3677 erat
2492 3620 2834 3688 ablactatus;
2869 3620 3084 3676 ﬁliabus
3111 3626 3290 3673 autem
3307 3615 3542 3670 Pulche-

1962 3712 2303 3776 ria,Arcadia
2318 3720 2373 3770 et
2390 3712 2600 3771 Marina
2614 3714 2843 3779 relictis,
2861 3713 3041 3769 adhuc
3054 3707 3485 3768 adolescentulis
3500 3707 3540 3758 '.

1962 3802 2080 3870 Qua
2108 3805 2331 3874 quidem
2361 3820 2420 3860 re
2437 3806 2520 3860 vel
2559 3805 2801 3862 maxime
2819 3805 3132 3862 declarasse
3159 3803 3295 3858 mihi
3325 3799 3546 3855 videtur

1965 3895 2144 3962 Deus,
2178 3897 2350 3952 solam
2402 3896 2660 3966 pietatem
2709 3898 3141 3968 imperatoribus
3188 3895 3254 3947 ad
3302 3889 3542 3947 salutem

285 3990 412 4060 ρίαν
442 3991 553 4052 τοῖς
585 3987 950 4059 βασιλεύουσιν
976 4004 991 4018 θ
1035 3987 1161 4042 ἄνευ
1191 3988 1246 4041 δὲ
1269 3987 1493 4058 ταύτης,
1523 3988 1687 4058 μηδὲν
1723 3982 1861 4042 εἶναι

1966 3986 2213 4042 sulﬁcere
2245 4004 2258 4040 :
2304 3988 2424 4044 sine
2469 3987 2561 4042 illa
2599 4003 2728 4043 vero
2757 4002 2857 4042 nec
2903 3988 3205 4050 exercitus,
3231 3998 3331 4039 nec
3366 3982 3544 4052 impe-

285 4082 671 4153 στρα-τεύματα
697 4081 790 4136 καὶ
815 4079 1076 4150 βασιλέως
1111 4080 1261 4150 ἰσχὺν
1289 4081 1387 4149 (5),
1431 4081 1525 4135 καὶ
1566 4080 1664 4152 τὴν
1693 4079 1859 4152 ἄλλην

285 4172 662 4242 παρασκευήν.
726 4171 879 4223 'Erzs‘t
919 4166 1011 4222 οὖν
1063 4167 1446 4222 εὐσεϐέστατον
1495 4168 1586 4222 τὸν
1639 4167 1862 4238 βασιλέα

284 4262 508 4316 ἔσεσθαι
555 4261 801 4332 προεῖδεν
852 4258 1020 4324 ἡτῶν
1066 4259 1203 4313 ὅλων
1254 4259 1500 4329 οἰκουρὸς
1538 4259 1656 4314 θεία
1699 4259 1859 4314 δύνα-

285 4376 385 4430 μις
423 4359 518 4430 (6),
565 4358 856 4428 ἐπίτροπον
889 4353 1052 4410 αὐτοῦ
1099 4354 1195 4408 xui.
1238 4353 1336 4424 τῆς
1382 4340 1675 4426 ἡγεμονίας
1727 4371 1862 4406 κατ-

283 4455 481 4523 έστησε
508 4451 840 4523 Πουλχερίαν
866 4450 961 4522 τὴν
993 4449 1244 4520 ἀδελφήν.
1291 4448 1356 4502 Ἠ
1384 4448 1460 4516 δὲ,
1497 4447 1650 4502 οὔπω
1676 4465 1865 4502 πεντειι

285 4544 607 4599 καιδέκατον
639 4543 757 4606 ἔτος
790 4542 1016 4611 ἄγουσα,
1065 4541 1204 4613 ὑπὲρ
1241 4540 1338 4612 τὴν
1371 4539 1584 4612 ἡλικίαν
1622 4537 1866 4609 σοφώτα-

281 4654 377 4690 τον
407 4636 501 4689 καὶ
533 4635 672 4688 οεῖον
712 4634 869 4688 ἔλαϐε
900 4633 1039 4686 νοῦν.
1074 4633 1183 4686 Καὶ
1225 4631 1414 4703 πρῶτα
1453 4632 1549 4702 μὲν
1575 4631 1671 4701 τὴν
1695 4632 1864 4702 αὐτῆς

281 4728 584 4798 παρθενίαν
609 4727 688 4799 τῷ
721 4725 839 4796 Θεῷ
870 4725 1121 4796 ἀνέθηκε.
1153 4725 1246 4780 καὶ
1272 4727 1369 4789 τὰς
1398 4723 1627 4790 ἀδελφὰς
1661 4724 1752 4777 ἐπὶ
1773 4723 1862 4777 τὸν

281 4820 451 4874 αὑτὸν
498 4817 910 4892 ἐπαιδάγὼγησε
957 4817 1098 4886 βίον,
1148 4818 1295 4879 ὅπως
1354 4815 1426 4886 μὴ
1484 4814 1641 4868 ἄλλον
1697 4813 1863 4885 ἄνδρα

281 4912 626 4980 ὲπεισαγάγῃ
655 4914 767 4972 τοῖς
799 4908 1107 4978 βασιλείοις,
1136 4910 1228 4961 καὶ
1257 4907 1417 4979 ζήλου
1448 4908 1541 4962 καὶ
1571 4907 1861 4979 ἐπιϐουλῆς

283 5001 470 5052 πᾶσαν
494 4998 659 5070 ἀνέλῃ
690 4999 960 5071 ἀφορμήν.
1004 4997 1421 5053 Ἐπιϐεὸαιοῦσα
1451 4999 1506 5051 δὲ
1526 4998 1592 5052 τὰ
1613 4998 1856 5064 δόξαντα,

284 5090 382 5143 καὶ
409 5089 538 5142 Θεὸν
569 5089 763 5154 αὐτὸν,
817 5090 908 5144 καὶ
947 5089 1154 5159 ἱερέας,
1200 5089 1292 5144 καὶ
1339 5089 1512 5144 πάντα
1563 5089 1858 5161 ἀρχόμενον

287 5182 571 5252 μάρτυρας
615 5180 907 5251 ποιουμένη
953 5179 1059 5233 τῶν
1104 5181 1241 5250 αὐτῇ
1289 5179 1744 5250 βεϐουλευμένων,
1795 5181 1859 5234 ὲκ

1964 4078 2163 4132 ratoris
2200 4078 2398 4142 robur,
2443 4095 2544 4134 nec
2570 4081 2842 4150 reliquum
2895 4086 3215 4149 apparatum
3239 4075 3539 4148 quidquam

1961 4168 2384 4240 prodessc.Nam
2403 4185 2528 4224 cum
2554 4169 2719 4242 hujus
2742 4169 2986 4224 universi
3009 4177 3197 4224 custos
3218 4167 3404 4222 divina
3419 4166 3538 4222 vir—

1967 4267 2077 4324 tus,
2102 4260 2487 4330 imperatorem
2514 4261 2995 4332 religiosissimum
3030 4262 3147 4314 fore
3171 4259 3535 4330 praevidisset,

1964 4351 2300 4406 curatricem
2319 4350 2468 4406 illius
2491 4366 2557 4406 ac
2585 4353 2752 4406 telius
2772 4350 2980 4421 imperii
3005 4348 3540 4405 eonstituitPulche-

1966 4443 2103 4500 riam
2123 4458 2391 4499 sororem.
2428 4442 2560 4510 Qua:
2578 4442 2708 4500 licet
2741 4442 2986 4498 nondum
3014 4440 3332 4512 quindecim
3362 4455 3538 4495 annos

1969 4547 2096 4593 nata
2119 4577 2132 4603 ,
2169 4551 2334 4608 supra
2361 4544 2580 4594 aetatem
2612 4545 2792 4592 tamen
2817 4537 3122 4603 sapientem
3143 4548 3207 4588 ac
3240 4548 3370 4588 vere
3401 4531 3539 4586 divi-

1966 4646 2096 4686 num
2122 4645 2345 4689 sensum
2369 4629 2597 4701 accepit.
2617 4629 2694 4682 Ac
2706 4628 2943 4699 primum
2957 4626 3175 4697 quidem
3192 4625 3539 4694 suamipsius

1965 4722 2344 4794 virginitatem
2381 4720 2490 4778 Deo
2524 4719 2908 4788 consecravit,
2941 4727 2995 4774 et
3035 4732 3256 4774 sorores
3311 4731 3440 4772 suas
3471 4715 3539 4769 ad

1968 4813 2117 4870 idem
2174 4811 2392 4870 vivendi
2437 4827 2610 4882 genus
2655 4809 3006 4875 informavit,
3056 4824 3126 4864 ne
3171 4823 3333 4880 quem
3371 4806 3538 4860 alium

1968 4907 2144 4962 virum
2179 4905 2233 4958 in
2253 4904 2515 4975 palatium
2534 4903 2932 4967 introduceret,
2958 4910 3128 4973 utque
3167 4899 3538 4956 :emulationis

1967 5005 2020 5054 et
2050 4996 2380 5054 insidiarum
2397 4996 2744 5052 occasionem
2768 5009 2982 5048 omnem
3002 4991 3339 5049 excluderet.
3376 4990 3541 5046 Deni-

1967 5106 2073 5159 que
2113 5097 2174 5146 ut
2217 5106 2281 5146 ea
2327 5105 2450 5160 quae
2495 5089 2811 5144 decreverat
2861 5087 3096 5158 amplius
3134 5086 3534 5152 ﬁeonﬁrmaret,

1968 5179 2247 5248 Deumque
2278 5194 2342 5233 ac
2371 5177 2690 5234 sacerdotes
2711 5219 2726 5244 ,
2759 5188 2812 5231 et
2841 5176 3098 5232 subditos
3127 5189 3337 5236 omnes,
3367 5180 3537 5226 testes

285 5271 492 5343 χρυσοῦ
541 5273 634 5326 καὶ
668 5271 830 5325 λίθων
862 5271 1056 5341 τιμίων
1091 5271 1389 5342 θαυμάσιόν
1421 5289 1472 5326 τι
1512 5273 1700 5346 χρῆμα
1739 5270 1893 5326 θέα-ι

1965 5271 2191 5334 habe-ret
2245 5280 2494 5332 actorum
2541 5286 2814 5338 suorum,
2867 5286 2932 5327 ex
2987 5285 3125 5326 auro
3179 5278 3235 5324 et
3279 5264 3536 5336 pretiosis

364 5371 377 5398 '
409 5369 588 5435 Socr.,
619 5369 712 5424 lib.
738 5384 814 5431 γι,
840 5367 997 5426 ο.25.

1487 5460 1758 5516 VALESH
1795 5458 2349 5518 ANNOTATIONES.

363 5558 438 5641 (Β)
480 5555 589 5641 Kal
629 5554 937 5620 βασιλέως
978 5555 1181 5624 ἰσχύν.
1224 5554 1360 5610 Vide
1403 5570 1532 5609 num
1561 5556 1760 5610 melius
1791 5555 1865 5610 sit

290 5627 588 5762 βαῗέἴεὶῗῗ.
612 5695 730 5747 τῶν
762 5695 919 5747 ὅλων
955 5694 1254 5762 ὑπουργὸς
1290 5693 1418 5746 θεία
1463 5693 1733 5762 δύναμις.
1771 5694 1863 5748 Sic

287 5766 465 5824 Cdldll
503 5767 774 5822 “obortus
805 5765 1136 5834 Stephanus,
1180 5780 1302 5819 cum
1342 5763 1399 5818 in
1453 5764 1642 5820 codice
1691 5766 1858 5834 [legio

1969 5569 2132 5627 quem
2179 5557 2321 5627 typis
2371 5556 2487 5612 suis
2537 5555 2839 5627 expressit,
2908 5555 3176 5627 legeretur
3225 5546 3532 5627 οἰκουργὸςέ

1969 5615 2168 5678 Verum
2202 5615 2282 5680 'i'n
2332 5627 2521 5682 codice
2580 5615 2881 5681 Fukctiano
2937 5615 3212 5688 οἷκουρὸς
3252 5615 3532 5688 scribitur,

1967 5694 2188 5764 optimc.
2223 5695 2300 5748 Ac
2337 5695 2582 5763 proiecto
2641 5698 2811 5752 miror
2845 5684 3147 5749 ltobertuiu
3193 5684 3528 5756 Stephanum

1967 5765 2018 5820 id
2048 5781 2157 5819 non
2188 5765 2413 5821 vidisse.
