4040 6336
624 376 765 431 ms
838 338 845 345 ’

2050 370 2389 429 SOZOMENI

3657 385 3756 441 lSElG

622 488 899 561 lapidibus
925 487 1251 545 admirabile
1285 487 1562 558 quoddam
1603 488 1889 544 donarium
1915 528 1930 555 ,
1963 501 2192 557 operum

2251 501 2270 545 ι
2295 487 2486 557 μάτων
2518 489 2824 557 κάλλιστον,
2858 489 2999 560 ὑπὲρ
3023 488 3120 561 τῆς
3152 489 3283 553 ἰδίας
3308 489 3567 562 παρθενίας
3592 497 3663 548 καὶ
3690 499 3760 568 τῆς

621 596 745 650 qua:
812 588 1132 651 spectantur
1198 580 1357 650 longe
1420 578 1855 650 pulcherrimum
1890 619 1906 644 ,
1970 591 2189 633 sacram

621 672 793 743 365:
818 687 1059 728 mensam
1094 668 1161 726 in‘
1177 672 1416 728 ecclesia
1440 672 2059 743 Constantinopolitana
2091 685 2192 742 pro

625 762 943 833 virginitate
989 778 1090 819 sua
1141 770 1196 818 et
1236 778 1336 833 pro
1376 762 1562 819 fratris
1602 763 1839 833 imperio
1887 761 2190 818 dedicavit.

625 851 690 906 Et
730 852 786 907 in
831 851 1011 908 fronte
1048 851 1229 924 ipsius
1267 869 1494 919 mensae,
1543 862 1603 908 ut
1642 854 1862 909 cunctis
1893 853 2192 923 conspicua

621 951 831 1008 essent,
865 943 977 999 haec
1008 944 1198 999 eadem
1228 943 1526 1015 inscripsit.
1554 943 1852 1015 Postquam
1885 960 2012 999 vero
2041 945 2192 1015 prin-

623 1032 839 1103 cipatus
872 1046 1061 1087 curant
1102 1033 1387 1103 suscepit,
1428 1033 1614 1089 orbem
1647 1032 1957 1088 Romanum
1988 1034 2195 1104 optime

622 1138 686 1177 ac
744 1122 1135 1180 decentissime
1180 1125 1554 1195 gubernavit:
1611 1125 1818 1196 quippe
1868 1140 1993 1196 quze
2048 1133 2195 1189 recte

623 1215 969 1279 consuleret,
1022 1223 1079 1271 et
1115 1216 1368 1272 consulta
1406 1217 1660 1273 celeriter
1705 1225 2101 1288 exsequeretur
2132 1232 2195 1272 ac

624 1305 909 1363 scriberet.
935 1307 1068 1362 Nam
1089 1317 1144 1363 et
1175 1309 1323 1379 loqui
1355 1318 1408 1364 et
1438 1311 1687 1365 scribere
1713 1310 1994 1380 eleganter
2027 1309 2197 1364 calle-

626 1398 717 1452 bat
741 1438 756 1460 ,
801 1406 910 1452 tam
956 1396 1148 1454 Graeco
1186 1415 1347 1470 quam
1392 1398 1591 1454 Latino
1628 1415 1901 1455 sermone.
1938 1398 2194 1455 Omnium

624 1503 755 1543 vero
776 1505 897 1561 qua:
917 1491 1274 1560 gerebantur,
1308 1490 1526 1546 laudem
1550 1490 1619 1546 ad
1645 1490 1872 1545 fratrem
1899 1489 2195 1546 referebat.

628 1578 908 1651 Dabatque
931 1597 1152 1651 operam
1197 1590 1257 1637 ut
1302 1582 1615 1652 disciplinis
1660 1581 1728 1637 ad
1760 1582 1941 1637 aetatis
1973 1590 2196 1652 captuut

626 1669 1075 1733 accommodatis,
1094 1669 1372 1740 regaliter,
1394 1678 1658 1739 quantum
1688 1669 1805 1725 fleri
1832 1677 2035 1739 posset,
2057 1669 2196 1725 edu-

624 1765 867 1813 caretur.
928 1760 994 1813 Et
1028 1766 1204 1814 artem
1260 1760 1483 1829 quidem
1545 1759 1875 1830 equitandi,
1917 1773 2194 1815 armorum

624 1866 846 1921 quoque
892 1866 958 1906 ac
1007 1852 1317 1909 litterarum
1369 1852 1694 1918 scientiam,
1754 1852 1825 1908 ab
1875 1852 2195 1923 ltujusmodi
2229 1831 2269 1889 Β

625 1958 808 1995 rerum
852 1923 1045 2013 peritis
1091 1942 1355 1999 discebat.
1412 1942 1481 1998 Ut
1531 1959 1662 1999 vero
1721 1944 1775 1999 in
1835 1944 2199 2015 processibus

625 2032 867 2102 graviter
899 2047 964 2088 ac
1002 2049 1103 2102 pro
1138 2034 1489 2104 imperatoria
1529 2033 1815 2106 majestate
1845 2051 1905 2091 se
1931 2045 2152 2107 gereret
2180 2074 2199 2101 ,

626 2140 657 2178 a
687 2139 874 2180 sorore
906 2124 1298 2180 instituebatur
1341 2140 1356 2179 :
1402 2127 1686 2195 quomodo
1726 2134 1931 2185 vestem
1981 2136 2201 2198 gestare

628 2213 851 2269 deberet
882 2232 895 2269 :
931 2215 1207 2285 quomodo
1245 2214 1567 2299 sedendo-tn,
1595 2226 1650 2272 et
1678 2218 1917 2288 qualiter
1939 2218 2203 2273 inceden-

627 2306 756 2361 dum
787 2319 969 2364 esset:
1009 2307 1284 2377 quomodo
1315 2307 1490 2363 risum
1512 2308 1823 2375 continere,
1859 2318 1914 2363 et
1942 2324 2044 2381 pro
2078 2310 2201 2365 loco

628 2415 693 2456 ac
742 2408 987 2471 tempore
1035 2414 1183 2455 nunc
1227 2399 1421 2464 mitis,
1473 2415 1622 2455 nunc
1666 2399 2033 2457 formidabilis
2078 2417 2205 2458 esse

628 2492 889 2560 deberet,
928 2502 984 2549 et
1013 2508 1109 2549 eos
1152 2494 1248 2564 qui
1293 2494 1363 2549 ab
1406 2494 1527 2565 ipso
1556 2494 1764 2565 aliquid
1791 2503 2072 2566 peterent,
2106 2496 2203 2551 de-

627 2590 820 2637 center
872 2581 1086 2638 audire.
1136 2581 1244 2638 Sed
1297 2585 1575 2654 praecipue
1636 2600 1763 2640 eum
1822 2584 1889 2639 ad
1944 2586 2202 2655 pietatem

628 2673 986 2737 iuformabat,
1020 2672 1398 2731 assuefaciens
1438 2675 1593 2730 illum
1629 2683 1689 2731 ut
1722 2675 1950 2732 assidue
1981 2685 2205 2741 oraret,

625 2774 683 2822 et
709 2767 977 2822 ecclesias
1019 2767 1196 2822 adiret
1234 2805 1250 2831 ,
1315 2781 1525 2838 easque
1562 2766 1814 2822 donariis
1852 2781 1917 2823 ac
1949 2767 2207 2839 pretiosis

628 2859 949 2915 muneribus
1000 2852 1276 2914 ornaret:
1344 2867 1405 2929 ut
1466 2858 1782 2915 sacerd0tes
1819 2899 1834 2926 ,
1904 2873 2207 2929 omnesque

628 2950 780 3006 viros
825 2950 1034 3016 bonos,
1087 2958 1144 3005 et
1186 2964 1283 3006 eos
1329 2950 1424 3021 qui
1489 2949 1933 3006 Christianorum
1990 2951 2208 3022 legibus

629 3050 794 3110 atque
827 3041 1095 3098 institutis
1137 3041 1692 3113 philosopharentur,
1748 3041 1803 3095 in
1834 3042 2015 3112 pretio
2039 3042 2207 3098 babe-

2290 579 2385 634 τοῦ
2415 580 2642 651 ἀδελφοῦ
2677 582 2990 653 ἡγεμονίας,
3047 581 3201 653 ἱεράν
3244 581 3447 636 ἀνέθετο
3475 585 3693 655 τράπεζαν
3719 591 3759 640 ἐν

2290 675 2359 744 τῇ
2431 672 2701 744 ἐκκλησίᾳ
2757 672 3403 735 Κωνσταντινουπόλεως·
3455 674 3538 727 καί
3580 676 3655 729 ἰπὶ
3693 678 3762 731 τοῦ

2296 763 2547 835 μετώπου
2576 763 2676 834 τῆς
2702 763 3001 834 τραπέζης,
3031 762 3107 825 ὡς
3134 761 3201 816 ἂν
3233 764 3390 816 πᾶσιν
3413 762 3582 834 ἔκδηλα
3606 760 3651 838 ᾗ,
3674 768 3763 821 τάδε

2292 856 2622 928 ἐπέγραψεν.
2680 853 3103 909 ’Υπεισελθοῦσα
3158 853 3217 907 δὲ
3269 854 3362 924 τῆς
3408 855 3653 925 ἡγεμονίας
3699 860 3767 928 τὴν

2294 948 2572 1019 φροντίδα,
2603 947 2798 1021 άριστα
2828 947 2924 1000 καὶ
2948 946 3006 999 ὲν
3029 945 3218 1016 κόσμῳ
3247 944 3414 1016 πολλῷ
3437 945 3523 1016 τὴν
3552 948 3768 1017 Ῥωμαίων

2293 1038 2615 1109 οἰκουμένην
2644 1036 2910 1107 διῴκησεν
2934 1055 2947 1068 ·
2996 1031 3054 1091 εὖ
3092 1036 3462 1108 βουλευομένη,
3499 1037 3562 1101 ὡς
3591 1038 3638 1090 ὲν
3659 1038 3770 1108 rixa:

2292 1131 2364 1186 τὰ
2385 1129 2630 1201 πρακτέα
2658 1128 2978 1184 ὲπιτελοῦσα
2999 1128 3093 1183 καὶ
3117 1127 3396 1199 γράφουσα
3418 1127 3507 1197 (7).
3540 1128 3772 1198 Ἦκρίϐωτο

2294 1223 2402 1295 γὰρ
2433 1224 2630 1292 λέγειν,
2677 1225 2771 1277 καὶ
2798 1222 3030 1296 γράφειν
3075 1220 3250 1291 ὀρθῶς
3280 1220 3411 1274 κατὰ
3435 1219 3522 1291 τήν
3555 1220 3772 1289 Ῥωμαίων

2294 1317 2389 1369 καὶ
2451 1315 2714 1387 Ἐλλήνων
2777 1316 2981 1385 φωνήν.
3047 1312 3169 1365 Τῶν
3223 1310 3282 1364 δὲ
3330 1310 3668 1383 πραττομένων
3706 1310 3773 1378 τὴν

2295 1406 2514 1477 δόκησιν
2561 1408 2641 1467 είς
2670 1406 2761 1459 τὸν
2802 1404 3027 1474 ἀδελφὸν
3070 1403 3302 1472 ἀνέφερε
3329 1418 3342 1431 '
3394 1404 3481 1455 καὶ
3515 1401 3773 1471 ἐπεμελεῖτο,

2296 1497 2369 1561 ὡς
2398 1496 2463 1550 ἂν
2492 1496 2723 1566 μάλιστα
2757 1494 3048 1567 βασιλικῶς
3075 1494 3336 1564 ἀναχθείη
3366 1495 3470 1555 τοῖς
3496 1492 3600 1544 καθ’
3618 1492 3777 1561 ἡλικίαν

2296 1588 2702 1660 παιδευομένοις
2734 1586 3068 1658 μαθήμασιν.
3105 1583 3247 1637 Ἀλλ’
3284 1582 3497 1653 ἱππικὴν
3518 1582 3600 1654 μὲν
3619 1582 3692 1635 καὶ
3708 1581 3777 1650 τὴν

2297 1683 2355 1735 ὲν
2394 1684 2507 1744 τοῖς
2542 1679 2728 1744 ὅπλοις
2772 1679 3010 1740 καὶτοῖς
3040 1674 3219 1744 λόγοις
3265 1674 3505 1744 ἄσκησιν,
3549 1670 3673 1742 παρὰ
3703 1670 3780 1722 τῶν

2299 1772 2674 1842 ἐπιστημόνων
2727 1767 3114 1834 έξεδιδάσκετο.
3173 1767 3310 1838 Περὶ
3364 1763 3545 1825 δὲτὰς
3584 1762 3779 1832 προόδους

2298 1863 2521 1933 κόσμιος
2554 1857 2689 1915 εἶναι
2730 1863 2821 1914 καὶ
2849 1861 3141 1932 βασιλικὸς,
3177 1859 3330 1931 παρά
3365 1858 3459 1926 τῆς
3496 1854 3690 1923 ἀδελφῆς
3719 1855 3784 1924 ap-

2300 1952 2591 2024 ῥυθμίζετο
2620 1971 2634 1984 ·
2682 1948 2948 2025 ὲσθῆταῇ
2996 1951 3102 2023 χρή
3146 1949 3509 2022 περιστέλλειν
3548 1946 3781 2016 μανθάνων,

2298 2046 2393 2099 καὶ
2416 2046 2602 2115 τρόπῳ
2627 2044 2734 2099 τίνι
2761 2043 3053 2115 καθῆσθαι,
3095 2043 3189 2098 καὶ
3218 2041 3470 2112 βαδίζειν,
3506 2039 3588 2092 καὶ
3613 2037 3786 2099 γέλωτος

2299 2140 2539 2201 κρατεῖν,
2574 2136 2671 2189 καὶ
2700 2135 2873 2206 πρᾶος
2900 2134 2995 2187 καὶ
3029 2134 3159 2203 φοὸε
3170 2133 3264 2204 ρὺς
3289 2134 3345 2185 ὲν
3376 2130 3541 2203 καιρῷ
3567 2124 3697 2191 εἶναι,
3723 2128 3787 2179 καί

2300 2227 2573 2299 ἁρμοδίως
2619 2226 2979 2281 πυνθάνεσθαι
3010 2227 3118 2280 τῶν
3153 2226 3285 2297 περί
3321 2243 3413 2278 του
3436 2223 3685 2292 δεομένων.
3713 2221 3788 2287 Οὐχ

2298 2319 2497 2390 ἥκιστα
2516 2318 2575 2372 δὲ
2598 2319 2678 2378 εἰς
2705 2318 2988 2373 εὐσέϐειαν
3008 2319 3167 2373 αὑτὸν
3192 2314 3320 2389 ἦγε,
3344 2314 3564 2386 συνεχῶς
3582 2310 3786 2382 εὔχεσθαι.

2301 2413 2396 2465 καὶ
2450 2413 2572 2473 ταῖς
2623 2410 2939 2481 ἐκκλησίαις
2973 2411 3162 2481 φοιτᾷν
3189 2407 3443 2473 ἐθίζουσα
3464 2425 3478 2438 ⁸
3527 2406 3609 2459 καὶ
3642 2402 3791 2470 ἀναθήο

2304 2521 2437 2575 μασι
2457 2503 2552 2556 καὶ
2570 2502 2873 2574 κειμηλίοις
2893 2502 3021 2565 τοὺς
3038 2500 3363 2572 εύκτηρίους
3381 2499 3548 2560 οἴκους
3562 2495 3789 2565 γεραίρειν

2300 2599 2398 2650 καὶ
2423 2598 2481 2650 ὲν
2507 2598 2638 2667 τιμῇ
2686 2596 2827 2667 ἔχειν
2873 2597 3000 2659 τοὺς
3030 2594 3210 2666 ἱερέας
3230 2634 3249 2659 ,
3301 2593 3392 2648 καὶ
3418 2592 3592 2652 ἄλλους
3621 2586 3796 2657 ἀγαθοὺς

2302 2687 2520 2758 ἄνδρας,
2561 2686 2657 2740 καὶ
2703 2685 2831 2750 τοὺς
2859 2686 3009 2756 νόμῳ
3051 2683 3393 2756 Χριστιανῶν
3434 2677 3793 2751 φιλοσοφοῦνταῶ

2304 2778 2377 2832 Ού
2408 2778 2514 2848 μὴν
2542 2776 2678 2831 ἀλλά
2703 2776 2795 2830 καὶ
2825 2776 2930 2829 ὑπὸ
2956 2775 3124 2830 νόθων
3153 2775 3441 2846 δογμάτων
3467 2766 3798 2847 νεωτερίζεσθαι

2305 2866 2717 2938 κινδυνευούσης
2774 2867 2871 2937 τῆς
2918 2865 3214 2937 θρησκείας
3240 2904 3255 2926 ,
3310 2862 3507 2932 σπουδῇ
3554 2862 3636 2915 καὶ
3675 2856 3798 2924 σθῴς

2305 2954 2573 3028 προῦστη.
2618 2956 2728 3009 Καὶ
2751 2957 2848 3009 τοῦ
2880 2955 2955 3026 μὴ
2987 2953 3182 3017 καινὰς
3211 2955 3453 3023 αἱρέσεις
3499 2953 3553 3004 ὲν
3592 2951 3685 3010 τοῖς
3716 2943 3802 2997 καθ’

2304 3048 2454 3118 ἡμᾶς
2484 3046 2698 3117 χρόνοις
2744 3047 2984 3117 κρατεῖν,
3036 3044 3273 3115 μάλιστα
3304 3043 3471 3113 αὐτὴν
3510 3039 3666 3095 αἰτίαν
3690 3036 3785 3105 εύρή

631 3141 733 3189 ret.
778 3133 1043 3191 Praaterea
1086 3149 1210 3189 cum
1243 3150 1335 3207 per
1366 3134 1676 3189 adulterina
1707 3132 1965 3205 dogmata
2004 3136 2198 3208 religio

2251 3161 2271 3219 Ξ
2307 3156 2503 3208 “ll”:
2555 3137 2633 3203 ὡς
2673 3138 2731 3191 ἓν
2779 3138 2890 3201 τοῖς
2938 3135 3079 3207 μετά
3116 3135 3295 3191 ταῦτα
3346 3132 3608 3204 εἰσόμεθα.
3650 3127 3740 3181 Δέει

631 3227 905 3283 turbanda
940 3242 1066 3284 esse
1089 3227 1391 3293 videretur,
1417 3229 1536 3300 ipsa
1564 3228 1815 3285 studiose
1840 3243 1903 3284 ac
1932 3230 2211 3300 sapienter

633 3322 933 3391 prospexit.
964 3319 1124 3377 Certe
1151 3321 1299 3392 quod
1349 3336 1506 3378 nova:
1541 3322 1779 3379 haereses
1824 3331 2018 3377 nostra
2049 3330 2211 3379 aetate

637 3413 861 3469 minime
892 3413 1314 3484 prmvaluerint,
1366 3413 1515 3469 illam
1555 3413 1611 3468 in
1641 3428 1807 3470 causa
1843 3411 2015 3469 fuisse
2050 3428 2208 3483 repe-

637 3502 874 3567 riemus,
903 3504 1047 3558 sicut
1072 3504 1126 3557 in
1163 3504 1522 3573 sequentibus
1553 3513 1921 3576 cognoscetur
1943 3504 2207 3574 apertius.

637 3591 808 3646 Porro
836 3606 959 3646 cum
1002 3591 1171 3645 Deum
1216 3594 1456 3647 maxima
1501 3593 1774 3663 religione
1802 3592 2010 3648 coleret
2033 3632 2049 3657 ,
2082 3608 2212 3663 pro-

638 3683 811 3737 lixum
855 3680 1019 3736 fuerit
1069 3696 1398 3744 recensere,
1450 3683 1591 3752 apud
1634 3696 1777 3753 quos
1813 3681 1908 3737 illa
1934 3724 1949 3748 ,
1992 3692 2047 3739 et
2078 3692 2213 3753 quot

637 3772 906 3829 ecclesias
954 3771 1243 3843 magnifice
1285 3774 1706 3828 construxerit:
1744 3780 1877 3843 quot
1909 3772 2211 3831 diversoria

639 3877 939 3933 pauperum
972 3875 1037 3916 ac
1071 3863 1533 3933 peregrinorum:
1579 3870 1713 3934 quot
1753 3862 1991 3934 denique
2021 3870 2214 3919 ‘mona-

638 3952 806 4010 steria
857 3952 1241 4016 constituerit,
1281 3953 1560 4023 perpetuis
1610 3953 1927 4023 sumptibus
1975 3953 2044 4008 ad
2097 3954 2213 4011 hac

638 4045 976 4111 destinatis,
1041 4054 1097 4101 et
1148 4060 1367 4100 annona
1413 4044 1481 4099 ad
1526 4046 1754 4101 alendus
1811 4060 1906 4102 eos
1956 4047 2049 4118 qui
2102 4049 2214 4104 illic

637 4144 945 4193 manerent.
988 4134 1143 4203 Quod
1192 4137 1238 4193 si
1276 4137 1402 4207 quis
1437 4151 1505 4191 ex
1547 4138 1715 4194 rebus
1757 4139 1894 4210 ipsis
1925 4140 2212 4196 veritatem

641 4230 879 4286 serutari
925 4231 1113 4294 malit,
1147 4244 1310 4299 quam
1343 4230 1528 4285 verbis
1579 4232 1717 4286 meis
1756 4231 2013 4297 credere,
2064 4232 2216 4287 inve-

641 4324 757 4379 niet
786 4320 1063 4394 profecto,
1108 4338 1195 4378 me
1225 4338 1325 4377 nec
1354 4320 1534 4387 falso,
1575 4338 1676 4378 nec
1716 4324 1781 4377 ad
1828 4324 2057 4390 gratiam
2108 4324 2213 4378 ista

642 4416 932 4470 scribere:
977 4413 1106 4468 dum
1148 4414 1343 4469 barum
1379 4430 1560 4469 rerum
1604 4416 1901 4480 notitiam,
1951 4429 1980 4469 a
2010 4431 2213 4484 procu-

643 4506 924 4562 ratoribus
962 4506 1229 4561 bonorum
1283 4506 1435 4561 illius
1481 4509 1849 4577 perscriptam
1900 4507 2130 4578 legerit,
2164 4519 2216 4563 et

2310 3227 2489 3300 πολλῷ
2523 3228 2584 3282 τὺ
2610 3228 2764 3282 Θεϊον
2798 3225 3175 3300 θρησκεύουσα
3196 3268 3212 3292 ,
3274 3224 3483 3296 μακρὸν
3521 3222 3580 3276 ἂν
3608 3219 3677 3288 εἴη
3703 3216 3805 3286 πιρᾶ

2309 3319 2420 3373 τίσι
2459 3319 2669 3388 λέγειν,
2717 3319 2813 3373 καὶ
2854 3319 3051 3381 πόσους
3085 3315 3413 3387 εύκτηρίους
3449 3314 3612 3374 οἴκους
3638 3304 3806 3379 μέτελθε

2312 3409 2535 3481 πρεπῶς
2559 3409 2899 3480 ἐτεκτήνατο·
2931 3407 3071 3461 πόσα
3100 3405 3157 3460 δὲ
3185 3403 3511 3475 καταγώγια
3532 3398 3722 3470 πτωχῶν
3745 3391 3809 3445 καὶ

2314 3498 2500 3565 ξένων,
2550 3498 2645 3552 καὶ
2683 3497 3012 3569 μοναστικάς
3060 3496 3340 3560 συνοικίας
3389 3492 3726 3560 συνεστήσατο,
3757 3483 3808 3535 δι·

2312 3593 2480 3662 ηνεκῆ
2508 3589 2714 3654 τάξασα
2746 3588 2845 3660 τήν
2881 3589 2961 3650 εἰς
2992 3587 3165 3642 ταῦτα
3205 3587 3479 3657 δαπάνην,
3518 3581 3676 3638 καὶτὸ
3708 3592 3811 3643 σιτη-

2314 3683 2493 3756 ρέσιον
2520 3682 2628 3736 τῶν
2654 3680 3025 3736 ἐνοικούντων.
3060 3680 3127 3733 Εἴ
3149 3697 3225 3750 τῳ
3254 3680 3316 3733 δὲ
3349 3678 3500 3749 φίλον
3522 3677 3582 3728 ἐκ
3606 3671 3694 3725 τῶν
3716 3682 3810 3735 πραυ

2313 3773 2539 3843 γμάτων
2576 3771 2864 3843 πειρᾶσθαι
2905 3771 3001 3841 τῆς
3040 3770 3323 3841 ἀληθείας,
3375 3770 3468 3823 καὶ
3503 3766 3573 3837 μὴ
3596 3764 3689 3824 τοῖς
3710 3757 3813 3826 ἐμαῖς

2313 3862 2595 3918 πείθεσθαι
2621 3863 2819 3931 λόγοις,
2864 3862 3166 3934 μαθήσεται
3197 3860 3277 3934 μὴ
3309 3859 3538 3931 ψευδῶς,
3586 3851 3698 3926 μηδὲ
3722 3846 3812 3919 πρὸς

2255 4024 2264 4031 α
2313 3957 2473 4029 χάριν
2510 3973 2577 4027 με
2611 3955 2737 4009 τάδε
2768 3954 3121 4025 συγγράφειν,
3163 3955 3212 4006 εί
3244 3951 3400 4024 παρά
3436 3948 3542 4004 τῶν
3564 3949 3814 4031 ἐπιτροπευ-

2312 4026 2480 4101 όντων
2503 4026 2594 4100 τὸν
2622 4046 2789 4116 αὐτῆς
2817 4041 2963 4098 οἷκον
2993 4044 3345 4115 ἀνάγραπτον
3377 4038 3538 4095 οὖσαν
3564 4034 3724 4090 διέλθοι
3744 4026 3815 4080 τῶν

2314 4137 2566 4191 τοιούτων
2607 4136 2842 4205 γνῶσιν,
2892 4135 2985 4189 καὶ
3028 4133 3179 4205 παρά
3225 4133 3340 4187 τῶν
3392 4125 3745 4202 γεγραμμένων
3765 4118 3815 4205 (δ)

2316 4226 2558 4291 πύθοιτο,
2588 4204 2638 4281 εί
2678 4229 2744 4297 τῇ
2788 4228 2974 4297 γραφῇ
3025 4204 3241 4295 συνᾴδει
3270 4223 3342 4276 τὰ
3374 4223 3671 4292 πράγματα·
3708 4204 3815 4297 ’ῼῷ

2319 4320 2392 4392 μὴ
2440 4319 2613 4372 ταῦτα
2650 4317 2783 4389 μόνα
2821 4316 2957 4388 πρὸς
3006 4317 3184 4369 πίστιν
3225 4316 3414 4387 ἀρκεῖ,
3452 4304 3721 4365 πιστούτθω
3757 4295 3816 4350 κεὑ

2317 4412 2449 4473 Θεὸς
2482 4410 2664 4472 αὐτὸς,
2704 4409 2918 4470 πάντως
2947 4424 3051 4460 που
3090 4406 3179 4460 διά
3211 4406 3313 4477 τὴν
3342 4402 3607 4459 πολιτείαν
3654 4404 3816 4462 κεχαρι-

2248 4489 2291 4545 Ῑ)
2322 4502 2526 4573 σμένην
2545 4498 2887 4570 αύτὴνέχωνο
2903 4498 2978 4560 ὼς
2993 4496 3295 4579 εύχομένης
3319 4495 3552 4565 ἑτοίμως
3571 4484 3818 4579 ὑπακούειν.

2321 4595 2415 4649 καὶ
2439 4592 2696 4654 πολλάκις
2721 4592 2859 4661 αὐτῇ
2886 4574 3141 4658 περὶτῶν
3163 4587 3457 4660 πρακτέων
3486 4574 3819 4655 προφαίνεσθαι.

2322 4689 2397 4742 Οὐ
2428 4689 2539 4758 γὰρ
2574 4685 2638 4740 ἂν
2667 4684 2831 4755 φαίην
2872 4683 3002 4737 ποτὲ
3031 4682 3340 4751 θεοφίλειαν
3367 4672 3727 4750 παραγίνεσθαι
3748 4669 3823 4725 τοῖς

644 4614 707 4653 ex
741 4598 966 4668 scriptis
995 4597 1362 4668 exploraverit
1398 4612 1531 4651 num
1580 4613 1668 4654 res
1706 4599 1839 4669 ipsa:
1877 4611 2001 4653 cum
2034 4598 2215 4653 verbis

646 4689 854 4745 nostris
889 4688 1260 4743 consentiant.
1308 4686 1364 4741 Si
1397 4687 1486 4742 cui
1532 4703 1662 4743 vero
1714 4689 1830 4744 base
1871 4705 1966 4759 per
1999 4706 2059 4745 se
2098 4690 2215 4745 sola

648 4798 758 4838 non
789 4780 1097 4842 sufﬁciunt,
1129 4786 1185 4832 at
1217 4786 1365 4833 certe
1397 4777 1540 4833 Deus
1579 4780 1656 4833 illi
1699 4780 1859 4837 [idem
1893 4780 2089 4846 faciat,
2123 4785 2205 4853 qui

2321 4778 2647 4850 ἀνθρώποις,
2678 4776 2746 4846 ἢν
2782 4774 2856 4846 μὴ
2883 4774 3019 4843 σφᾶς
3047 4772 3227 4839 ἀξίους
3247 4772 3461 4842 ταύτης
3486 4767 3571 4821 διά
3589 4761 3823 4857 τῶν

648 4874 796 4928 illam
822 4874 892 4930 ob
918 4873 1041 4927 vitae
1069 4871 1495 4926 sanctimoniam
1528 4872 1664 4927 adeo
1695 4872 1921 4927 charam
1966 4850 2205 4929 babetvel

2322 4870 2651 4941 παρέχωσιν.
2686 4865 2824 4920 Ἀλλ’
2858 4865 2958 4919 ὅσα
2986 4863 3083 4935 μὲν
3110 4862 3217 4916 τῶν
3250 4860 3379 4915 καθ’
3408 4860 3625 4913 ἕκαστον
3643 4854 3710 4913 είς
3733 4850 3824 4941 ἀπδς

649 4976 928 5035 acceptam
950 5004 965 5027 ,
1014 4971 1074 5018 ut
1110 4977 1229 5019 eam
1267 4970 1514 5018 orantem
1546 4964 1801 5019 celeriter
1833 4965 2126 5029 exaudiat,
2154 4980 2205 5019 at

2322 4962 2487 5025 δειξιν
2522 4954 2690 5032 ἧκεν,
2739 4954 3152 5010 ἐπιδεικνύντων
3188 4951 3419 5021 θεοφιλῆ
3469 4947 3601 5002 εἶναι
3644 4943 3725 5011 τὴν

649 5070 1024 5127 smpenumero
1053 5070 1176 5126 qua:
1212 5057 1447 5125 gerenda
1480 5063 1609 5112 sunt
1640 5057 1688 5112 ei
1724 5057 2075 5127 pra-nuntiet.
2113 5056 2205 5112 Ne.

2325 5024 2587 5123 βασιλέως
2635 5048 2898 5117 ἀδελφὴν,
2949 5043 3089 5098 έκὼν
3151 5044 3391 5114 παρήσω
3437 5039 3607 5103 τέως,
3646 5032 3723 5136 ,μή
3761 5024 3827 5079 καὶ

648 5165 755 5221 que
775 5148 922 5207 enim
955 5146 1047 5203 Dei
1072 5163 1313 5203 amorem
1344 5165 1408 5205 ac
1437 5150 1871 5206 benevolentiam
1902 5149 2205 5205 hominibus

2327 5144 2653 5216 μωμήσηταί
2671 5158 2754 5205 τις
2774 5141 2848 5204 ὡς
2870 5138 3031 5211 ἕτερα
3053 5133 3597 5209 πραγματευόμενος.
3617 5128 3685 5188 εἰς
3706 5128 3830 5190 ἐγω

1841 5322 2112 5381 VALESII
2150 5318 2702 5378 ANNOTATIONES.

724 5423 802 5491 (7)
845 5421 1226 5510 Td-apaafzéa
1254 5420 1768 5510 υκᾳὶμγράροιίσιι.
1837 5419 1971 5510 Post
2023 5402 2205 5510 vocem

2321 5425 2414 5471 tur
2450 5416 2554 5470 hoc
2601 5415 2739 5477 loco,
2779 5410 2940 5467 modo
2976 5408 3299 5481 particulam
3322 5399 3738 5475 ‘conjunrtivant
3764 5385 3827 5483 ad;

2328 5488 2517 5510 ,ιη-...η
2562 5483 2580 5510 l
2606 5484 2762 5510 -...t...
2787 5483 2927 5510 ....:...
2955 5481 3297 5510 n..t..t.....:.....
3324 5477 3659 5510 αηηηηιοηης
3676 5462 3827 5510 dunlul

658 5466 941 5563 1:92.215",
1254 5466 1944 5563 Fttktétiajtu'sv“interserit.
1990 5490 2215 5563 verbum
2323 5488 2537 5563 damus.
2562 5466 2928 5563 Laudatcnim
2954 5466 3298 5563 [iulcberiattt
3324 5466 3829 5563 szJIu‘eltttfffﬂt'f

655 5537 976 5617 ἑῖιτελοξᾶα
1000 5537 1524 5632 ,wqtiemadmodum
1560 5537 2109 5632 υ(ᾷιιτίειοριιοιέοιιιιε
2163 5559 2216 5632 in
2324 5558 2567 5632 nomine.
2605 5564 2718 5610 tum
2755 5551 2900 5622 quod
2922 5537 3829 5632 celeriterperspiceretdqttitf1%“?

656 5633 986 5702 quibusdam
1005 5621 1411 5700 exémplaribus
1440 5632 1702 5699 scriptum
1731 5621 2034 5702 invenerat.
2062 5630 2217 5700 Apud
2317 5628 2445 5702 duo]
2474 5634 2642 5702 οξξυιρ
2684 5621 2798 5702 “illi
2833 5622 2979 5692 ιιιιηίι
3007 5621 3257 5702 θυηξυιιίι
3294 5621 3704 5702 cgscqnyrffgf;
3730 5667 3807 5702 mi

659 5680 1023 5775 ﬁiccpltorutu
1057 5680 1258 5775 tamen,
1298 5702 1349 5753 iu
1382 5718 1501 5770 cap.
1533 5680 1582 5754 εἴ
1613 5702 1705 5775 lib.
1743 5718 1853 5762 ειν,
1886 5719 1995 5775 non
2024 5680 2205 5775 legito:

2320 5680 2347 5775 ζ
2388 5696 2465 5775 (8)
2506 5680 2795 5775 nepita”
2848 5680 3280 5775 5‘52‘Pﬂmtérwr.
3320 5680 3522 5742 Procul
3554 5680 3705 5737 dubio
3728 5683 3833 5727 sm.

662 5772 764 5825 ltot:
796 5766 1073 5851 'vcrbum‘:
1110 5772 1251 5844 quod
1286 5766 1468 5827 tamen
1495 5790 1600 5832 non
1634 5771 1867 5826 otiosqu
1908 5771 2036 5826 mihi
2070 5766 2220 5827 vidc-
2320 5766 2559 5823 bcndum
2594 5774 2677 5820 est
2718 5766 2887 5835 παρὰ.
