4040 6336
251 391 383 448 1597
1159 392 1479 450 HISTORIA
1520 393 2073 451 ECCLESIASTICA.
2112 428 2183 437 -—-
2221 392 2350 453 LIB.
2391 399 2481 455 IX.
3369 406 3507 462 l598

254 509 390 579 μεων
430 507 591 579 νόμον
627 507 889 579 ὲτράπην.
938 509 1004 563 Ὃ
1036 506 1092 562 δέ
1131 526 1221 580 μοι
1259 510 1353 563 καὶ
1379 511 1501 563 κατ’
1529 509 1690 564 αὑτὸν
1720 507 1820 581 (9),

1954 526 2173 580 mquam
2206 515 2499 569 conciliari
2537 515 2769 570 dixerim
2794 557 2809 581 ,
2848 500 2952 573 nisi
2991 519 3067 572 illi
3097 520 3364 589 operibus
3394 523 3508 579 suis

249 596 713 672 ἐκκλησιαστικῆς
747 617 805 653 τε
836 600 1075 671 ἱστορίας
1091 600 1222 655 ῐδιον
1253 597 1391 655 εἴναι
1407 601 1572 667 δοκεῖ,
1587 601 1680 654 καὶ
1709 599 1826 654 θεο-

1954 601 2123 672 lignos
2156 618 2215 657 se
2245 620 2432 663 amore
2459 607 2557 662 illo
2592 610 2969 677 praestiterint.
3012 610 3091 667 Ac
3137 614 3350 685 singula
3384 618 3510 686 qui-

250 691 459 762 φιλείας
506 691 675 763 αὑτῆς
712 691 1015 765 περιφανὴς
1069 691 1307 764 ἔλεγχος,
1354 693 1581 747 αὐτόθεν
1610 690 1740 765 ἐρῶ,
1771 692 1820 746 εί

1954 692 2050 748 lem
2090 710 2155 749 ex
2199 696 2400 767 quibus
2450 697 2823 754 demonstrari
2888 712 3067 773 potest
3128 704 3236 761 Deo
3281 707 3506 786 cbaram

250 786 342 838 καὶ
369 784 546 856 χρόνῳ
569 782 791 855 ὕστερον
822 784 1039 855 συνέϐη.
1070 784 1223 855 Ἔχει
1258 784 1313 839 δὲ
1340 779 1467 840 ὧδε.

1954 799 2050 840 εεθ
2084 787 2440 858 imperatoris
2469 805 2737 855 sororem,
2777 792 3135 865 366Iibens
3165 794 3256 851 hic
3284 779 3511 867 praeter-

250 890 347 942 eo,
396 891 462 929 ne
500 877 622 946 quis
654 877 794 931 forte
846 877 1213 933 calumnietur
1241 894 1349 944 me,
1393 878 1487 949 qui
1539 875 1689 933 aliud
1736 874 2016 932 scribendi
2061 892 2447 951 argumentum
2494 887 2855 954 susceperim,
2921 888 2987 942 ad
3027 888 3220 944 laudes
3257 898 3312 945 et
3344 906 3511 945 enco-

251 967 356 1021 mia
399 966 689 1023 divertere.
732 966 869 1023 Illud
911 984 1041 1025 vero
1082 970 1227 1040 quod
1273 985 1371 1040 per
1422 972 1666 1041 seipsum
1712 976 1767 1023 et
1803 968 2203 1027 ecclesiasticae
2255 974 2503 1030 historia:
2549 991 2856 1047 congruum
2881 994 3004 1034 esse
3067 981 3200 1034 mihi
3266 981 3507 1046 videtur,

249 1066 305 1111 et
334 1057 505 1113 divini
539 1059 593 1113 in
624 1060 775 1115 illam
803 1050 1007 1116 amoris
1033 1064 1388 1132 per5picuum
1445 1068 1850 1133 argumentum,
1891 1058 1993 1116 hoc
2042 1062 2165 1119 loco
2206 1068 2653 1123 commemorabo
2675 1106 2692 1132 ,
2746 1070 2998 1140 quamvis
3032 1072 3317 1143 aliquanto
3385 1082 3513 1145 post

250 1148 534 1204 acciderit.
572 1149 663 1205 Est
701 1164 878 1208 autem
911 1154 1254 1221 huiusmodi.

712 1286 760 1314 η
861 1250 1112 1305 ΚΕΦΛΛ.
1153 1250 1229 1304 Β’.

322 1333 465 1405 Περὶ
495 1334 606 1405 τῆς
633 1339 924 1423 summa);
954 1339 1072 1393 τῶν
1094 1340 1403 1423 λειψάκων
1431 1339 1550 1393 τῶν
1580 1336 1765 1409 ἁγίων

637 1413 1090 1476 τεσσαράκοντα
1119 1413 1452 1481 μαρτύρων.

323 1497 462 1570 Γυνή
492 1515 575 1562 τις
610 1498 844 1553 Εὑσεὸία
881 1498 1139 1571 τοῦνομα,
1173 1502 1420 1566 διάκονος
1450 1502 1551 1572 τῆς
1588 1502 1835 1557 Μακεδο-

252 1590 370 1644 νίου
407 1591 693 1662 αἱρέσεως,
737 1594 943 1664 οἴκημα
986 1594 1080 1647 καὶ
1111 1594 1286 1666 κῆπον
1315 1592 1428 1666 εἶχε
1457 1594 1566 1666 πρὸ
1590 1593 1687 1648 τοῦ
1718 1593 1831 1647 τεί-

252 1699 384 1753 χους
417 1682 518 1753 τῆς
561 1685 1185 1749 Κωνσταντινουπὸλεως
1216 1702 1229 1717 ·
1287 1687 1383 1740 καὶ
1432 1685 1555 1758 ἱερὰ
1602 1685 1834 1754 λείψανα

2585 1246 2738 1303 CAP.
2789 1248 2852 1303 ll.

1942 1333 2018 1390 De
2066 1337 2363 1394 inventione
2401 1337 2748 1410 reliquiarum
2794 1350 3101 1397 sanctorum
3156 1343 3513 1413 quaaragima

2557 1421 2879 1480 martyrum.

2007 1500 2207 1556 Mulier
2254 1501 2541 1572 quaedam,
2600 1502 2840 1559 Eusebia
2886 1505 3143 1572 nomine,
3196 1504 3513 1561 diaconissa

1935 1605 2099 1650 secta:
2123 1593 2557 1658 Macedonianaz,
2591 1595 2736 1652 mdes
2764 1604 2819 1652 et
2850 1598 3066 1651 hortum
3098 1598 3336 1653 habebat
3362 1597 3510 1652 haud

1939 1687 2130 1757 procul
2158 1703 2187 1739 a
2225 1687 2503 1743 mtenibus
2529 1687 2687 1741 urbis
2726 1685 3368 1758 Constantinopolitanae.
3399 1687 3515 1743 lllic

252 1775 443 1830 ἐνθάδε
489 1775 754 1846 ἐφύλαττε
796 1777 905 1831 τῶν
950 1778 1008 1832 ὲν
1050 1777 1345 1850 Σεδαστείᾳ
1388 1776 1491 1848 τῆς
1537 1777 1832 1848 Ἀρμενίας

1954 1794 2131 1833 sacras
2180 1778 2445 1849 reliquias
2489 1776 2840 1833 custodiebat
2878 1777 3246 1847 quadraginta
3276 1779 3513 1832 militum

253 1867 398 1922 κατὰ
426 1868 553 1932 τοὺς
584 1869 826 1922 Λικινίου
868 1870 1093 1941 χρόνους
1125 1869 1593 1941 μαρτυρησάντων
1638 1886 1833 1923 τεσσα-

257 1960 494 2030 ράκοντα
519 1959 864 2032 στρατιωτῶν
877 1969 928 2016 ι.
963 1960 1248 2015 Μέλλουσα
1279 1960 1336 2013 δὲ
1364 1960 1643 2029 τελευτᾷν,
1700 1975 1835 2012 κατ-

257 2050 413 2103 ἐλιπε
441 2051 533 2105 τὸν
556 2051 948 2123 προειρημένον
975 2052 1139 2105 τόπον
1167 2054 1415 2122 μοναχοϊς
1443 2050 1837 2122 όμοδόξοιςμαλ.

261 2144 383 2213 μεθ’
416 2134 596 2215 ὅρκων
633 2143 812 2197 αὐτῶν
841 2143 1030 2216 ἐδεήθη
1064 2146 1246 2198 ἐκεῖσε
1290 2144 1523 2213 ταῂναι
1548 2159 1564 2174 ο
1610 2143 1752 2215 ὑπὲρ
1778 2143 1835 2196 δὲ

257 2235 502 2306 κεφαλῆς
537 2237 632 2291 ἐπὶ
676 2236 756 2307 τῷ
799 2236 952 2309 ἄκρῳ
980 2237 1078 2308 τῆς
1108 2236 1279 2307 αὑτῆς
1307 2236 1469 2307 σορὸν
1515 2236 1622 2307 ἰδίᾳ
1648 2235 1836 2303 ξέσαι,

259 2328 356 2380 καὶ
395 2327 827 2396 συγκαταθέσθαι
855 2328 992 2400 αὑτῇ
1023 2327 1131 2382 τῶν
1161 2327 1451 2399 μαρτύρων
1478 2328 1547 2382 τὰ
1584 2328 1835 2398 λείψανα,

258 2419 355 2472 καὶ
397 2420 587 2489 μηδενὶ
633 2419 1035 2492 καταμηνύσαι.
1081 2420 1191 2474 Καὶ
1222 2422 1271 2473 oi
1314 2419 1414 2490 μὲν
1447 2414 1550 2475 ὧδε
1595 2421 1832 2474 ἐποίουν.

254 2509 427 2564 ’Ὥστε
452 2510 507 2565 δὲ
542 2511 642 2581 τῆς
674 2511 1058 2583 προσηκούσης
1087 2511 1381 2583 θεραπείας
1411 2512 1838 2582 μεταλαγχάνειν

258 2603 388 2665 τοὺς
426 2601 710 2675 μάρτυρας
738 2620 750 2633 ·
793 2603 887 2657 καὶ
914 2604 1040 2666 τοὺς
1068 2602 1269 2667 ἔξωθεν
1308 2605 1522 2673 ἀγνοεῖν
1543 2619 1558 2634 ο
1602 2602 1744 2656 κατὰ
1771 2602 1841 2655 τὰ

263 2694 654 2765 συντεθειμένα
698 2695 836 2766 πρὸς
870 2695 1169 2758 Εὑσεὸίαν,
1220 2696 1507 2766 εὑκτήριον
1540 2690 1686 2749 οἷκον
1734 2694 1841 2748 ὑπδ

261 2786 367 2857 γῆν
408 2786 761 2857 ὲτεκτήναντο
805 2787 933 2858 περὶ
975 2786 1073 2859 τὴν
1119 2787 1289 2857 αὐτῆς
1321 2787 1526 2858 θήκην·
1581 2788 1662 2850 εἰς
1691 2783 1842 2839 δὲτὸ

264 2879 560 2949 προφανὲς,
579 2878 785 2951 οἴκημα
814 2881 1070 2954 ὑπεράνω
1092 2880 1330 2945 πλίνθοις
1354 2881 1545 2945 ὀπταῖς
1568 2880 1628 2933 τὸ
1649 2880 1843 2950 ἔδαφος

263 2970 660 3042 ἠμφιεσμένον,
693 2972 788 3026 καὶ
812 2972 1143 3028 καταϐάσιον
1170 2976 1234 3027 ἐκ
1260 2972 1449 3026 τούτου
1470 2971 1729 3027 λανθάνον
1752 2973 1844 3025 ἐπὶ

264 3063 393 3126 τοὺς
425 3062 727 3134 μάρτυρας.
758 3064 914 3117 Μετὰ
941 3065 997 3118 δὲ
1034 3064 1205 3118 ταῦτα
1238 3064 1540 3135 Καισάριος
1572 3063 1711 3135 ἀνὴρ
1736 3063 1844 3117 τῶν

265 3154 387 3206 τότε
413 3153 471 3207 ὲν
494 3152 740 3224 δυνάμει,
768 3153 827 3218 ὃς
848 3154 942 3207 καὶ
968 3154 1175 3208 ὑπάτου
1202 3156 1295 3209 καὶ
1313 3154 1558 3226 ὑπάρχου
1586 3155 1665 3218 είς
1690 3154 1847 3220 ἀξίαν

268 3244 531 3315 προῆλθε,
576 3243 840 3299 θανοῦσαν
889 3244 1055 3299 αὑτοῦ
1113 3246 1214 3317 τὴν
1268 3246 1514 3318 γαμετὴν
1559 3244 1711 3318 παρὰ
1750 3245 1849 3317 τὴν

268 3334 537 3398 Εὑσεόίας
564 3332 719 3405 σορὸν
742 3333 926 3404 ἔθαψε.
961 3334 1131 3389 Τοῦτο
1162 3335 1272 3408 γὰρ
1298 3336 1379 3389 ἔτι
1412 3336 1731 3409 περιούσαις
1757 3337 1853 3389 αὑ-

269 3426 392 3488 ταῖς
428 3421 724 3490 συνέδοξεν,
774 3424 1070 3496 ὑπερφυῶς
1112 3427 1541 3497 κεχαρισμέναις
1572 3426 1851 3499 ἀλλήλαις,

272 3517 369 3569 καὶ
398 3514 526 3587 περὶ
549 3515 609 3570 τὸ
636 3516 812 3588 δόγμα
836 3518 930 3571 καὶ
952 3517 1050 3588 τὴν
1073 3517 1370 3590 θρησκείαν
1400 3519 1850 3590 ὁμοφρονούσαις.

285 3604 567 3659 Ἐντεῦθεν
616 3607 888 3677 πρόφασις
935 3607 1153 3677 ἐγένετο
1214 3609 1502 3681 Καισαρίῳ
1552 3610 1854 3681 κτήσασθαι

273 3695 468 3750 τοῦτον
497 3695 589 3749 τὸν
619 3697 804 3762 τόπον,
847 3699 923 3760 ὼς
950 3698 1015 3753 ἂν
1049 3700 1142 3752 καὶ
1177 3699 1339 3765 αὐτὸς
1374 3701 1601 3773 πλησίον
1629 3704 1729 3772 τῆς
1758 3718 1856 3771 γα-

280 3785 451 3855 μετῆς
476 3783 694 3856 ταφείη.
745 3787 808 3838 Οί
854 3786 911 3839 δὲ
942 3788 1330 3859 προειρημένοι
1374 3791 1616 3860 μοναχοὶ,
1650 3790 1853 3860 ἀλλαχῆ

279 3875 719 3947 μετῳκίσθησαν,
767 3877 930 3948 μηδὲν
964 3879 1089 3949 περὶ
1120 3880 1228 3935 τῶν
1264 3880 1556 3952 μαρτύρων
1587 3881 1855 3953 ὁμολογή-

279 3982 493 4027 σαντες.
527 3967 941 4029 Καταπεσόντος
976 3967 1032 4020 δὲ
1058 3968 1151 4021 τοῦ
1182 3970 1329 4022 οἴκου
1362 3970 1500 4038 μετὰ
1525 3970 1717 4035 ταῦτα,
1752 3971 1856 4041 γῆς

276 4075 341 4113 τε
384 4059 478 4113 καὶ
525 4059 759 4131 φορυτοῦ
817 4059 1236 4130 ὲπιϐληθέντος,
1292 4065 1400 4125 πᾶς
1450 4065 1479 4116 ό
1523 4064 1650 4134 τῇδε
1692 4066 1857 4127 τόπος

278 4149 666 4220 ἑξωμαλίσθη·
734 4151 922 4225 καθότι
983 4150 1144 4214 αὐτὸς
1206 4152 1506 4226 Καισάριος
1556 4157 1635 4219 εἰς
1692 4157 1857 4228 τιμὴν

278 4242 494 4313 Θύρσου
536 4242 628 4296 τοῦ
668 4241 963 4313 μάρτυρος,
1017 4243 1406 4314 μεγαλοπρεπῆ
1456 4246 1582 4298 ναὸν
1618 4245 1696 4317 τῷ
1738 4246 1857 4317 Θεῷ

279 4334 470 4388 ἐνθάδε
500 4334 919 4405 ἀνέστησεν.“Ως
952 4332 1094 4387 ἔοικε
1128 4334 1205 4398 δὲ,
1239 4336 1513 4405 ἐπιμελῶς
1538 4331 1642 4391 ὦδε
1671 4339 1858 4407 ἀφανι-

1870 3111 1917 3172 C

1941 1870 2159 1923 illorum
2181 1909 2194 1935 ,
2222 1868 2314 1939 qui
2373 1869 2527 1934 olim,
2591 1876 2854 1939 regnante
2908 1866 3117 1922 Licinio
3144 1909 3158 1934 ,
3188 1869 3547 1940 martyrium“

1941 1958 2192 2028 perpessi
2239 1966 2398 2013 erant
2439 1955 2723 2011 Sebastizr.
2770 1956 2903 2023 Quae
2939 1971 3063 2011 eum
3108 1959 3372 2010 moritura
3402 1956 3517 2026 jam

1941 2056 2107 2114 esset,
2138 2048 2514 2118 supradictum
2552 2048 2733 2101 locum
2771 2049 3055 2101 monachis
3075 2047 3520 2131 ejusdem\seeta:

1942 2140 2201 2210 reliquit,
2256 2146 2313 2193 et
2355 2138 2720 2210 jurejurando
2760 2153 2861 2192 eos
2890 2137 3220 2205 obstrinxit,
3253 2147 3312 2192 ut
3344 2138 3520 2209 ipsam

1944 2231 2055 2285 illic
2088 2230 2417 2301 sepelirent,
2469 2245 2533 2285 ac
2574 2244 2744 2300 supra
2797 2238 2959 2299 caput
3004 2229 3057 2284 in
3101 2244 3315 2284 summa
3367 2238 3522 2298 parte

1945 2322 2183 2376 loculum
2217 2322 2389 2391 ipsius
2415 2322 2711 2393 separatim
2749 2322 3090 2387 inciderent,
3133 2318 3189 2378 et
3215 2331 3517 2394 martyrum

1944 2415 2206 2484 reliquias
2239 2430 2347 2468 una
2396 2430 2519 2469 cum
2558 2414 2676 2485 ipsa
2716 2413 3093 2485 deponerent,
3133 2430 3235 2471 nec
3266 2415 3362 2469 ulli
3406 2429 3519 2469 rem

1948 2507 2272 2562 indicarent.
2310 2504 2388 2560 Ac
2414 2504 2666 2559 monachi
2697 2505 2912 2575 quidem
2946 2506 2997 2559 id
3027 2506 3170 2576 quod
3204 2506 3521 2561 mandatum

1946 2607 2067 2652 erat
2117 2595 2388 2651 fecerunt.
2442 2596 2645 2652 Verum
2698 2609 2752 2652 ut
2806 2608 3077 2669 martyres
3134 2598 3320 2652 debito
3368 2600 3522 2651 cultu

1947 2689 2336 2753 allicerentur,
2386 2697 2441 2744 et
2492 2704 2581 2744 res
2625 2689 3018 2754 nihilominus,
3071 2691 3238 2745 sicuti
3276 2688 3526 2745 Eusebia

1948 2782 2179 2852 polliciti
2209 2783 2459 2848 fuerant,
2492 2790 2783 2839 extraneos
2824 2784 3050 2846 lateret,
3088 2786 3389 2839 oratorium
3421 2787 3525 2841 sub

1949 2882 2094 2928 terra
2122 2873 2268 2928 circa
2296 2871 2546 2929 mulieris
2569 2872 2839 2927 tumulum
2868 2871 3210 2927 aediﬁcarunt
3242 2893 3255 2927 :
3290 2890 3527 2943 superne

1949 2980 2082 3019 vero
2138 2965 2509 3020 habitaculum
2570 2974 3059 3031 construxerunt,
3128 2966 3291 3033 cujus
3347 2967 3523 3021 solum

1952 3056 2132 3112 coctis
2191 3056 2459 3112 lateribus
2515 3064 2859 3111 constratum
2911 3064 3075 3122 erat,
3131 3068 3294 3127 atque
3343 3072 3407 3112 ex
3459 3071 3527 3111 eo

1950 3150 2276 3205 descensum
2302 3149 2578 3205 occultum
2605 3147 2671 3202 ad
2705 3156 2991 3220 martyres.
3012 3148 3367 3203 Postmodum
3398 3163 3528 3202 vero

1950 3241 2243 3303 Cmsarius,
2275 3241 2358 3295 vir
2381 3256 2443 3296 ea
2472 3248 2796 3311 tempestate
2830 3240 3248 3310 potentissimus
3272 3279 3287 3302 ,
3328 3239 3527 3309 quippe

1951 3332 2041 3404 qui
2098 3332 2167 3388 ad
2227 3332 2576 3387 consulatum
2628 3341 2683 3387 et
2737 3330 2805 3386 ad
2853 3330 3231 3402 prtefecturam
3288 3329 3525 3400 prtctorii

1952 3432 2176 3480 evectus
2216 3423 2413 3489 fuerit,
2468 3439 2695 3479 uxorem
2743 3440 2899 3479 suam
2948 3422 3061 3477 fato
3100 3422 3344 3476 functam
3374 3421 3529 3491 juxta

1954 3513 2204 3571 Eusebiae
2228 3514 2469 3570 loculum
2495 3515 2767 3586 sepelivit.
2790 3515 2845 3568 ιιι
2875 3515 3019 3569 enim
3050 3515 3208 3583 ipsis,
3236 3513 3363 3566 dum
3391 3512 3532 3566 vive-

1953 3611 2116 3671 rent,
2165 3618 2232 3660 ex
2280 3613 2567 3675 compacto
2611 3604 2934 3675 placuerat;
2987 3603 3190 3673 quippe
3239 3617 3359 3671 quae
3411 3617 3533 3657 sese

1954 3697 2187 3752 invicem
2240 3696 2478 3755 maxime
2526 3696 2849 3766 diligerent,
2905 3705 2957 3750 et
3009 3696 3065 3749 in
3117 3694 3239 3748 lidei
3283 3693 3532 3748 doctrina

1957 3788 2100 3843 inter
2126 3803 2186 3844 se
2217 3790 2620 3845 consentirent.
2656 3787 2795 3842 ﬂinc
2824 3788 2952 3842 data
2986 3795 3070 3841 est
3107 3788 3327 3842 occasio
3358 3788 3537 3840 Caesa-

1958 3880 2062 3945 rio,
2094 3881 2277 3937 locum
2301 3882 2452 3936 illum
2487 3879 2594 3937 sibi
2625 3881 2863 3944 emendi,
2897 3888 2954 3932 ut
2992 3887 3042 3933 et
3076 3879 3193 3949 ipse
3222 3879 3378 3947 juxta
3406 3893 3537 3930 con-

1951 3972 2139 4042 jugem
2182 3987 2339 4028 suam
2381 3973 2726 4043 sepeliretur.
2770 3971 3084 4043 Supradicti
3114 3987 3243 4024 vero
3280 3967 3532 4022 monachi

1958 4068 2123 4120 alium
2179 4065 2234 4119 in
2276 4064 2457 4119 locum
2503 4066 2848 4133 migrat-unt,
2903 4063 3039 4117 nihil
3086 4061 3153 4116 de
3199 4060 3537 4130 martyribus

1959 4158 2289 4215 indicantes.
2338 4158 2585 4214 Posthmc
2640 4159 2885 4225 collapso
2940 4154 3201 4215 aedilicio,
3264 4153 3539 4220 bumoque

1959 4266 2021 4304 ac
2050 4249 2342 4306 ruderibus
2372 4249 2724 4320 superjectis,
2759 4248 3053 4301 universus
3084 4246 3171 4299 ille
3200 4245 3354 4299 locus
3387 4259 3541 4299 com-

1959 4345 2214 4416 planatus
2262 4352 2365 4399 est.
2414 4343 2549 4397 Nam
2599 4341 2879 4398 Caesarius
2925 4340 2980 4394 in
3035 4340 3296 4394 honorem
3342 4336 3537 4410 'i‘hyrsi

283 4424 483 4495 σθῆναι
536 4425 626 4479 τὸν
662 4425 1058 4497 προειρημένον
1092 4425 1275 4492 τόπον,
1311 4428 1404 4481 καὶ
1442 4429 1694 4484 τοσοῦτον
1726 4449 1850 4504 προ-

1966 4436 2248 4508 martyris,
2268 4437 2612 4508 magniﬁcam
2657 4435 2770 4490 illic
2789 4432 3076 4489 ecclesiam
3102 4430 3210 4486 Deo
3233 4430 3539 4486 :edilicavit.

1434 4582 1445 4587 ’
1496 4603 1766 4663 VALESll
1800 4608 2346 4669 ANNOTATIONES.

364 4739 440 4809 (9)
481 4739 541 4790 Ὀ
571 4737 637 4791 δέ
663 4757 765 4807 μοι
790 4738 886 4792 καὶ
918 4739 1045 4791 κατ’
1071 4737 1275 4792 αὐτόν.
1310 4738 1578 4796 Henricus
1621 4741 1860 4799 Savilius

283 4809 429 4863 duas
462 4819 768 4876 postremas
796 4824 957 4863 voces
995 4809 1190 4879 lineola
1220 4809 1561 4877 subnotavit,
1596 4820 1859 4879 tanquam

286 4887 579 4947 suspectas
633 4885 688 4932 et
736 4879 1013 4933 intellectu
1089 4878 1352 4934 diliiciles.
1414 4880 1622 4935 Sensus
1679 4878 1857 4936 tamen

286 4958 517 5017 apertus
554 4956 660 5013 est,
700 4948 747 5003 si
782 4949 900 5002 κατ’
935 4949 1067 5001 αὐτὸ
1103 4950 1369 5020 legamus,
1401 4959 1461 5004 ut
1491 4951 1547 5006 in
1591 4952 1863 5023 interpre-

1968 4747 2175 4802 tatione
2196 4762 2315 4802 mea
2347 4753 2594 4817 apparet.
2634 4744 2829 4817 Posset
2858 4744 3025 4817 etiam
3048 4739 3544 4817 ΔιιυιιᾸικτιιιιιῃιοάρ

1969 4818 2134 4872 scribi
2154 4819 2295 4871 κατὰ
2321 4808 2540 4881 ταίύτόν,
2573 4817 2653 4870 vel
2704 4815 2845 4868 κατὰ
2894 4812 3082 4877 ταύτό,
3137 4811 3191 4867 id
3230 4819 3316 4868 est
3359 4808 3541 4864 simul.

1966 4885 2140 4953 Quam
2178 4888 2470 4945 lectionem
2501 4887 2677 4957 magis
2706 4885 2905 4956 probo.

1748 5121 2129 5181 VARIOBUM.

370 5247 398 5275 ιι
436 5234 958 5304 Μαρτυρησάντων
990 5233 1442 5301 τεσσαράκοντα
1473 5235 1868 5303 στρατιωτῶν.

296 5305 505 5376 "orum
543 5313 841 5376 martyrum
878 5304 1325 5376 nominavidere
1358 5311 1443 5357 est
1477 5306 1631 5376 apud,
1661 5304 1868 5376 Theud.

298 5375 556 5436 ltuiuart,
590 5374 708 5429 Act.
758 5385 943 5438 mart.,
998 5391 1049 5443 p.
1090 5375 1211 5437 58l,
1261 5382 1315 5427 et
1346 5374 1490 5442 apud
1524 5374 1865 5430 Bollandum.

297 5444 455 5503 Passi
487 5453 615 5497 sunt
646 5448 728 5512 (ut
762 5461 955 5499 omnes
994 5444 1364 5512 consentiunt)
1391 5444 1494 5498 sub
1525 5444 1737 5498 Licinio
1769 5446 1870 5498 im-

299 5521 575 5584 peratore,
607 5514 851 5584 Scbastae
873 5514 927 5567 in
958 5515 1233 5578 Armenia,
1259 5514 1637 5584 circaannum
1669 5529 1860 5579 cccxx,

300 5582 415 5653 quo
442 5591 683 5654 tempore
709 5583 906 5654 Licinii
938 5584 1247 5652 persecutio
1277 5582 1550 5646 efferbuit,
1583 5592 1640 5635 ut
1671 5584 1866 5654 probat

300 5652 576 5708 Antonius
604 5652 756 5723 l’agi.
796 5653 948 5707 Brevi
985 5662 1105 5723 post
1151 5654 1343 5706 horum
1380 5667 1590 5714 necem,
1621 5653 1871 5707 ecclesirc

301 5723 476 5777 variis
514 5723 566 5775 in
596 5724 896 5792 provinciis
927 5724 979 5776 in
1008 5738 1197 5776 eorum
1238 5725 1497 5776 honorem
1535 5731 1870 5792 constructa:

306 5804 459 5850 sunt.
488 5791 699 5859 Quibus
721 5792 1107 5851 construendis
1135 5793 1482 5848 occasionem
1514 5791 1869 5862 praebuerunt

1977 5239 2299 5312 eorumdem
2325 5241 2593 5311 reliquias,
2630 5256 2774 5312 quae,
2810 5246 2951 5293 teste
2980 5235 3243 5312 Gregorio
3276 5234 3537 5312 Nysscno,

1975 5311 2030 5363 in
2063 5307 2239 5383 orbem
2267 5301 2527 5383 terrori-tm
2548 5301 2627 5365 ita
2650 5301 2838 5383 divisa:
2860 5318 3005 5383 sunt,
3028 5301 3281 5383 efferare
3301 5301 3539 5383 riumlibct

1971 5380 2243 5455 provincia
2268 5380 2675 5455 benedictionem
2699 5382 2833 5455 inde
2844 5379 3143 5455 participat.
3168 5374 3536 5455 βειίᾳιιξξιτέιξιι

1972 5437 2342 5505 inventionem
2379 5437 2890 5520 Constantinopoli,
2923 5449 3008 5524 de
3041 5437 3147 5524 qua
3180 5443 3269 5524 hic
3301 5437 3409 5524 agit
3437 5437 3537 5524 ξρ-

1972 5532 2254 5583 zomenus,
2299 5506 2689 5588 commemorat
2722 5506 3193 5588 alui-to'rﬂhrbniqi
3240 5506 3535 5588 Ρίέἧίῖἠαίίθ

1970 5588 2038 5661 ad
2071 5577 2273 5644 annum
2304 5591 2428 5644 451.
2475 5578 2549 5644 Ex
2577 5592 2743 5645 variis
2780 5590 2878 5644 SS.
2915 5585 3130 5661 Patrum
3161 5577 3399 5661 homiliis
3419 5590 3541 5661 quae

1969 5657 2039 5713 de
2073 5674 2140 5712 τι.
2173 5661 2506 5729 martyribus
2540 5662 2839 5720 habentur.
2885 5653 3097 5729 caeteris
3133 5648 3348 5703 videtur
3382 5650 3541 5729 apte-

1970 5711 2219 5797 pultenda
2250 5711 2369 5782 eaJa
2394 5711 3170 5799 ﬂagitio-conscripta,
3206 5728 3372 5788 quam
3400 5711 3534 5767 liui-

1968 5809 2162 5854 nartus
2199 5800 2419 5855 exhibet
2467 5802 2586 5855 loco
2624 5813 2785 5867 supra
2825 5799 3005 5850 citato.
