4040 6336
316 340 451 395 {tibi}

1306 336 1630 393 HISTORIA
1668 336 2218 396 ECCLESIASTICA.
2261 370 2327 379 —-
2367 340 2491 394 LIB.
2536 338 2625 395 IX.

3394 345 3424 411 ,Ι
3435 343 3540 401 606

312 456 472 523 ἦλθεν
499 454 577 515 είς
630 451 875 507 Ἰταλίαν.
915 452 1137 506 Μέλλων
1179 453 1287 524 γὰρ
1325 453 1583 524 ἐκδημεῖν
1632 454 1773 510 κατὰ
1816 456 1865 510 τὲ

1982 474 2101 513 rum
2142 458 2423 529 profectus
2450 466 2555 513 est.
2587 456 2835 529 Cumque
2870 458 3031 530 longo
3061 458 3325 531 temporis
3365 460 3543 531 spatio

290 543 692 611 ⁸ουιιιτεθειμένα
720 540 866 610 (18),
930 540 1185 613 Ὀνωρίου
1237 542 1559 614 γράμμασιν
1587 546 1876 617 ἐπεσχέθη.

324 631 478 685 Ἐπεὶ
507 631 563 683 δὲ
592 630 936 702 ἐτελεύτησεν
976 632 1254 702 Ἀρκάδιος
1278 673 1293 696 ,
1323 632 1549 706 ὥρμησε
1584 636 1683 705 μὲν
1718 637 1879 691 '0th-

318 737 428 790 ριος
470 720 639 787 φειδοῖ
676 722 741 790 τῇ
784 719 912 791 περὶ
955 720 1046 773 τὸν
1094 721 1406 790 ἀδελφιδοῦν
1459 724 1772 778 ἐπανελθεῖν
1802 728 1881 791 είς

317 808 897 873 Κωνσταντινούπολιν,
912 810 1006 864 καὶ
1026 813 1247 876 πιστοὺς
1267 812 1530 884 ἄρχοντας
1547 820 1880 888 καταστῆσαι

314 901 410 970 τῆς
458 899 620 953 αὑτοῦ
656 901 928 971 σωτηρίας
975 902 1069 955 καὶ
1101 902 1398 973 βασιλείας.
1459 906 1549 958 Ἐν
1585 907 1735 972 τάξει
1772 910 1879 979 γὰρ

314 993 454 1056 υἱέος
485 992 647 1047 αὑτὸν
681 991 851 1063 ἔχων,
891 993 1078 1048 ἐδεδίει
1118 996 1249 1066 μήτι
1302 997 1462 1051 πάθοι
1511 998 1597 1053 διὰ
1627 999 1689 1054 τὸ
1738 1000 1878 1064 νέον,

313 1084 527 1154 ἕτοιμος
550 1082 625 1135 ῶν
653 1083 787 1153 πρὸς
808 1083 1118 1154 ἐπιϐουλήν.
1129 1086 1269 1157 Ἤδη
1296 1087 1353 1140 δὲ
1383 1088 1642 1159 μέλλοντα
1663 1089 1879 1161 ἔχεσθαι

311 1174 409 1244 τῆς
439 1172 557 1227 ὁδοῦ
578 1214 593 1235 .
629 1173 802 1227 πείθει
832 1175 1095 1247 Στελίχων
1127 1178 1185 1231 ἐν
1230 1181 1297 1249 τῇ
1344 1178 1539 1252 Ἰταλίᾳ
1585 1181 1763 1251 μένειν
1788 1182 1880 1237 τὸν

328 1266 578 1335 Ὀνώριον
603 1306 616 1326 ,
673 1266 966 1334 ἀναγκαῖον
1019 1264 1158 1321 εἶναι
1223 1268 1380 1323 τοῦτο
1433 1271 1601 1325 εἰπὼν
1623 1313 1638 1337 ,
1692 1272 1879 1328 καθότι

313 1358 715 1421 Κωνσταντῖνός
741 1376 825 1421 τις
883 1359 1177 1429 ἐτύγχανεν
1222 1361 1451 1432 ἔναγχος
1505 1364 1564 1417 ὲν
1601 1364 1880 1436 ’Δρηλάτῳ

312 1445 667 1515 τυραννήσας.
705 1445 943 1517 Θάτερον
969 1447 1026 1499 δὲ
1063 1446 1170 1500 τῶν
1217 1449 1511 1520 σκήπτρων
1559 1450 1587 1503 δ
1620 1451 1880 1523 Λάϐωρον

325 1537 580 1606 Ῥωμαῖοι
628 1536 885 1598 καλοῦσι,
920 1537 1015 1590 καὶ
1043 1538 1347 1608 γράμματα
1386 1538 1649 1607 βασιλέως
1676 1540 1876 1605 λαϐὼν,

314 1628 674 1699 ἐπιτρέποντα
727 1627 876 1698 αὐτῷ
906 1629 1006 1699 τὴν
1058 1630 1138 1692 εἰς
1169 1629 1268 1699 τὴν
1334 1629 1623 1701 Ἀνατολὴν
1674 1631 1875 1700 ἄφιξιν,

314 1718 535 1790 ἔμελλεν
584 1719 838 1789 ἐκδημεῖν
863 1757 879 1782 ,
911 1720 1184 1791 τέσσαρας
1216 1719 1481 1791 ἀριθμοὺς
1531 1721 1877 1792 στρατιωτῶν

1984 552 2091 605 illic
2118 550 2476 616 substitisset,
2514 565 2572 605 re
2607 550 2830 615 infecta,
2865 553 2919 606 in
2947 550 3152 606 Italiam
3196 553 3373 609 rediit.
3407 552 3540 609 Nam

1979 656 2102 695 cum
2131 655 2197 695 ex
2232 647 2519 711 compacto
2547 640 2649 695 iter
2678 641 2928 697 facturus
2974 649 3119 697 esset
3153 642 3207 697 in
3241 642 3541 715 Illyricum,

1979 727 2207 784 Honorii
2235 730 2431 784 litteris
2456 737 2540 785 est
2565 738 2829 785 retentus.
2857 730 2990 787 Post
3014 733 3223 786 obitum
3258 748 3390 787 vero
3437 733 3541 787 Ar-

1979 818 2146 885 cadii,
2173 818 2449 875 Honorius
2479 820 2722 891 quidem,
2749 830 2810 875 ut
2838 821 3023 879 fratris
3059 823 3169 877 ﬁlio
3208 823 3541 886 consuleret,

1980 910 2505 980 Constantitwpolim
2541 911 2814 981 proﬁcisci
2849 912 3188 976 decreverat,
3227 923 3280 969 et
3313 913 3451 969 ﬁdos
3482 914 3545 969 il-

1980 998 2053 1054 lic
2084 1000 2311 1057 comites
2353 1002 2713 1065 constituere,
2762 1001 2875 1072 qui.
2900 1002 3129 1058 salutem
3167 1009 3220 1058 et
3252 1002 3543 1073 imperium

1980 1093 2172 1164 pupilli
2205 1102 2620 1148 conservarent.
2651 1093 2785 1149 Nam
2820 1110 2944 1149 eum
2987 1096 3140 1149 illum
3172 1094 3265 1149 ﬁlii
3292 1095 3416 1150 loco
3453 1095 3547 1150 ha.

1980 1185 2153 1249 beret,
2180 1186 2472 1240 verebatur
2501 1201 2571 1242 ne
2614 1183 2745 1256 quid
2779 1185 2828 1241 ei
2883 1187 3177 1249 accideret,
3219 1187 3419 1256 quippe
3449 1184 3545 1256 qui

1979 1272 2050 1326 ob
2083 1279 2326 1327 teneram
2354 1282 2568 1328 aetatem
2596 1271 2815 1328 insidiis
2841 1273 3111 1331 obnoxius
3148 1281 3309 1331 esset.
3340 1273 3543 1330 Verum

1980 1362 2233 1432 cumjam
2260 1363 2365 1417 iter
2392 1372 2715 1433 arrepturus
2740 1372 2904 1429 esset,
2935 1366 3214 1435 persuasit
3257 1366 3306 1419 ei
3355 1364 3546 1419 Stilico

1980 1460 2042 1507 ut
2088 1454 2143 1507 in
2187 1451 2339 1507 Italia
2371 1463 2710 1509 remaneret:
2757 1457 3133 1511 neCessarium
3165 1455 3217 1510 id
3246 1471 3370 1512 esse
3397 1455 3547 1511 afﬁr-

1981 1555 2159 1607 mans,
2199 1548 2483 1611 propterea
2523 1540 2667 1610 quod
2702 1541 3103 1597 Constantinus
3145 1542 3366 1611 quidam
3406 1540 3541 1595 Are-

1980 1631 2089 1685 late
2134 1629 2480 1701 tyrannidem
2511 1631 2674 1700 paulo
2721 1640 2881 1685 antea
2918 1633 3226 1687 invasisset.
3263 1633 3383 1702 Ipse
3413 1647 3547 1687 vero

1982 1718 2154 1774 altero
2182 1733 2249 1774 ex
2301 1718 2536 1787 sceptris
2565 1720 2710 1788 quod
2747 1717 2982 1773 Romani
3014 1720 3288 1775 Labarum
3316 1727 3541 1783 vocant,

313 1809 661 1882 παραλαϐών.
705 1811 794 1864 Ἐν
843 1810 1015 1881 τούτῳ
1038 1811 1095 1864 δὲ
1148 1812 1333 1882 φήμης
1378 1810 1779 1882 διαδραμούσης
1803 1812 1865 1876 ὡς

1985 1816 2259 1880 accepto,
2319 1824 2426 1863 una
2472 1825 2596 1864 cum
2653 1812 3003 1882 imperatoris
3047 1811 3285 1874 litteris.
3344 1813 3548 1882 quibus

311 1898 649 1953 ἐπιϐουλεύει
706 1898 783 1969 τῷ
834 1899 1084 1969 βασιλεῖ,
1152 1901 1246 1953 καὶ
1298 1903 1390 1954 ἐπὶ
1442 1902 1730 1972 τυραννίδα
1780 1901 1874 1955 τοῦ

312 1992 470 2054 υίέως
522 1989 631 2062 (I9)
686 1991 1188 2063 παρασκευάζεται,
1234 1993 1683 2063 συμπράττοντας
1736 1992 1876 2063 ἔχων

310 2083 432 2145 τοὺς
462 2084 518 2134 ἐν
544 2081 796 2151 δυνάμει,
853 2083 1244 2147 στασιάσαντες
1273 2084 1322 2135 οί
1367 2082 1694 2154 στρατιῶται
1726 2084 1873 2137 κτεί-

308 2189 456 2225 νουσι
481 2171 570 2226 τὸν
603 2172 832 2236 Ἰταλίας
869 2171 1120 2247 ὕπαρχον
1149 2174 1260 2245 (20)
1281 2214 1295 2239 ,
1328 2175 1424 2229 καὶ
1461 2174 1548 2230 τὸν
1575 2175 1683 2230 τῶν
1709 2174 1880 2229 Γαλα-

307 2264 449 2328 τῶν,
498 2264 590 2317 καὶ
639 2265 765 2328 τοὺς
805 2265 1145 2336 στρατηγοὺς
1169 2306 1184 2330 ,
1217 2265 1312 2321 καὶ
1357 2266 1483 2329 τοὺς
1532 2265 1723 2330 ἄλλους
1755 2267 1881 2331 τοὺς

305 2352 587 2416 διέποντας
622 2353 721 2417 τὰς
750 2353 809 2406 ἐν
835 2356 947 2417 τοῖς
986 2353 1275 2423 βασιλείοις
1317 2354 1509 2425 ἀρχάς.
1555 2355 1878 2426 Ἀναιρεῖται

304 2444 360 2497 δὲ
390 2447 484 2498 καὶ
539 2445 700 2509 αὐτὸς
738 2446 888 2516 παρὰ
936 2446 1045 2500 τῶν
1096 2448 1153 2499 ἐν
1196 2446 1458 2518 Ῥαδέννῃ
1491 2445 1837 2517 στρατιωτῶν
1860 2461 1877 2478 ⁸

304 2533 442 2604 ἀνὴρ
476 2535 636 2605 εἰπερ
690 2552 775 2599 τις
822 2535 980 2601 ἄλλος
1030 2536 1278 2598 πώποτε,
1320 2539 1378 2590 ἐν
1433 2536 1600 2607 πολλῇ
1652 2536 1877 2606 δυνάμει

1982 1900 2279 1957 Orientalis
2316 1901 2589 1969 expeditio
2621 1903 2725 1970 ipsi
2769 1902 3235 1964 committebatur,
3270 1902 3547 1972 proﬁcisci

1977 1991 2089 2059 jam
2123 1990 2377 2061 parabat,
2424 1992 2663 2062 sumptis
2710 2007 2895 2047 secum
2934 2000 3170 2063 quatuor
3215 1993 3546 2061 legionibus.

1983 2083 2134 2135 Inter
2180 2080 2296 2135 hate
2343 2092 2497 2143 vero,
2528 2078 2653 2136 cuin
2701 2097 2893 2136 rumor
2933 2096 3162 2153 sparsus
3200 2089 3348 2139 esset
3393 2083 3547 2139 illum

1979 2170 2299 2240 imperatori
2335 2171 2568 2227 insidias
2592 2178 2826 2234 struere,
2848 2177 2902 2225 et
2932 2171 3119 2227 ascitis
3145 2170 3203 2225 in
3230 2171 3547 2228 societatem

1978 2261 2315 2330 potentibus,
2346 2263 2459 2316 lilio
2503 2277 2604 2317 suo
2637 2263 2926 2331 imperium
2958 2276 3171 2331 parare,
3196 2263 3419 2329 milites,
3458 2276 3549 2320 se-

1977 2348 2186 2403 ditione
2222 2349 2383 2413 facta,
2413 2348 2730 2419 praefectum
2762 2351 3014 2419 praetorio
3043 2350 3229 2418 Italite,
3269 2362 3324 2407 et
3354 2353 3549 2423 praefe-

1976 2447 2125 2494 ctum
2158 2441 2412 2510 praetorio
2432 2439 2752 2505 Galliarum,
2774 2442 2937 2496 simul
2966 2443 3263 2514 magistros
3282 2445 3544 2511 militum,

1976 2539 2032 2586 et
2069 2530 2312 2601 reliquos
2342 2531 2436 2601 qui
2478 2531 2533 2586 in
2564 2532 2767 2601 palatio
2792 2532 3098 2604 praecipuas
3129 2534 3427 2607 dignitates
3454 2554 3547 2610 ge-

304 2626 593 2696 γενόμενος
616 2666 630 2689 ,
664 2628 757 2681 καὶ
809 2628 1017 2692 πάντας
1036 2667 1051 2691 ,
1100 2629 1176 2692 ὡς
1226 2629 1399 2683 εἰπεῖν
1424 2669 1438 2694 ,
1470 2628 1789 2700 Βαρδάρους
1817 2645 1865 2682 τι

1973 2622 2192 2689 rebant,
2222 2621 2587 2678 interﬁciunt.
2614 2623 2735 2694 Ipse
2760 2641 2978 2695 quoque
3003 2626 3198 2681 Stilico
3219 2641 3250 2681 a
3278 2627 3547 2687 militibus

242 2722 247 2727 '
303 2717 397 2769 καὶ
437 2717 741 2788 Ῥωμαίους
787 2719 1139 2790 πειθομένους
1167 2719 1325 2790 ἔχων.
1360 2719 1626 2791 Στελίχων
1656 2721 1754 2790 μὲν
1783 2715 1876 2775 οὖν

299 2807 617 2879 ὑπονοηθεὶς
642 2810 905 2874 κακόνους
933 2806 1071 2864 εἶναι
1100 2813 1211 2875 τοῖς
1262 2811 1554 2883 βασιλείοις
1578 2850 1592 2875 ,
1640 2805 1743 2865 ὧδε
1773 2812 1880 2865 άπ-

296 2897 468 2951 ώλετο
492 2917 505 2929 ·
538 2900 814 2954 κτίννυται
842 2900 898 2954 δὲ
932 2902 1026 2955 καὶ
1056 2901 1317 2971 Εὑχέριος
1347 2903 1376 2955 6
1416 2900 1607 2956 τούτου
1639 2901 1772 2965 υίός.

1971 2715 2194 2771 occisus
2237 2723 2321 2771 est
2363 2714 2674 2772 Ravennae:
2728 2717 2834 2782 vir,
2872 2719 2918 2772 si
2964 2719 3091 2789 quis
3138 2734 3425 2790 unquam,
3473 2720 3543 2777 ad

1968 2821 2223 2878 magnam
2258 2807 2558 2878 potentiam
2608 2815 2853 2873 evectus,
2899 2816 2954 2862 et
2988 2809 3081 2878 qui
3130 2812 3438 2874 universos,
3485 2821 3547 2868 ut

1967 2899 2045 2954 ita
2071 2899 2275 2966 dicam,
2308 2898 2587 2954 Romanos
2633 2913 2699 2954 ac
2731 2900 2996 2955 barbaros
3025 2901 3129 2956 sibi
3164 2908 3422 2972 parentes
3447 2902 3547 2956 ba-

301 2989 436 3043 huit.
486 2991 561 3044 Ac
617 2990 808 3046 Stilico
849 2991 1089 3062 quidem,
1146 3007 1269 3047 cum
1314 2993 1369 3046 in
1412 2992 1788 3063 suspicionem
1848 2989 2085 3047 venisset
2127 2989 2287 3061 quasi
2328 2988 2560 3060 imperio
2598 2989 2976 3057 insidiaretur,
3042 2991 3147 3047 hoc
3180 2991 3543 3050 modointer-

310 3079 396 3132 iit.
456 3077 564 3134 Sed
601 3091 655 3136 et
689 3080 994 3136 Eucherius
1037 3080 1158 3151 ejus
1204 3083 1347 3139 ﬁlius
1386 3098 1493 3139 una
1526 3082 1850 3140 interfectus
1888 3091 1993 3139 est.

903 3171 1153 3225 ΚΕΦᾹΔ.
1192 3172 1268 3225 E'.

298 3257 437 3326 Περὶ
463 3328 471 3331 Α
493 3258 789 3331 διαροίοων
833 3260 1023 3331 ἐθνῶν
1070 3262 1670 3331 ἐπιστρατευσάντων
1731 3264 1869 3319 Ῥω-

363 3328 561 3401 μαίοις
586 3369 600 3392 ,
630 3330 727 3382 καὶ
759 3330 907 3401 Θεοῦ
947 3333 1198 3400 προνοίᾳ
1227 3328 1600 3401 ἡττηθέντων
1619 3351 1631 3364 ·
1661 3334 1868 3389 ἄλλων

367 3398 435 3449 δὲ
461 3399 559 3451 καὶ
600 3398 1003 3454 ὑποσπόνδων
1026 3398 1378 3471 γενομένων.

369 3491 524 3544 Κατὰ
555 3492 747 3546 ταυτὸν
800 3492 857 3545 δὲ
904 3493 1103 3564 συνέϐη
1151 3496 1245 3549 καὶ
1292 3495 1524 3559 Οὖννους
1570 3512 1867 3567 στρατοπεο

290 3582 611 3652 δευομένους
634 3585 691 3638 ὲν
720 3584 930 3657 Θρᾴκῃ,
958 3585 1095 3656 μήτε
1125 3586 1486 3655 πολεμοῦντος
1512 3587 1699 3649 αὐτοῦ,
1727 3588 1865 3659 μήτε

286 3675 577 3739 διώκοντος
597 3716 611 3740 ,
644 3678 884 3748 αἰσχρῶς
912 3679 1279 3749 ὑποστρέψαι,
1318 3680 1443 3744 τοὺς
1482 3680 1695 3743 πλείους
1726 3680 1864 3732 ἁπο-

280 3765 575 3830 6αλόντας.
614 3768 767 3821 Ἐπεὶ
814 3769 923 3840 γὰρ
953 3769 1144 3834 Οὗλδις
1181 3772 1210 3825 6
1251 3772 1549 3842 ἡγούμενος
1581 3773 1690 3826 τῶν
1736 3772 1865 3836 περὶ

284 3855 386 3909 ’,ὸν
436 3859 646 3927 Ἴστρον
719 3859 1045 3932 βαρϐάρων,
1106 3863 1363 3935 πλείστην
1415 3864 1554 3933 ἔχων
1606 3865 1862 3935 στρατιὰν

284 3949 602 4021 ἐπεραιώθη
653 3952 742 4005 τὸν
802 3954 1083 4023 ποταμὸν,
1140 3957 1198 4008 ἐν
1264 3960 1378 4019 τοῖς
1435 3956 1666 4027 Θρακῶν
1713 3958 1861 4027 ὅροις

285 4041 800 4110 ἐστρατοπεδεύετο.
837 4045 944 4097 Καὶ
976 4045 1404 4117 Καστράμαρτις
1452 4047 1604 4100 πόλιν
1623 4048 1718 4116 τῆς
1744 4049 1862 4100 Μυ-

285 4129 415 4194 σίας
471 4132 730 4204 προδοσίᾳ
779 4133 950 4200 ὲλὼν,
994 4135 1240 4189 ἐντεῦθεν
1286 4136 1388 4204 τὴν
1431 4136 1596 4206 ἄλλην
1639 4136 1859 4209 Θρᾴκην

286 4220 606 4292 κατέτρεχε,
639 4222 734 4275 καὶ
764 4223 995 4287 σπονδὰς
1030 4224 1215 4277 θέσθαι
1256 4225 1390 4295 πρὸς
1430 4226 1733 4295 Ῥωμαίους
1767 4228 1858 4279 ὑπ’

282 4309 606 4375 ἀλαζονείας
634 4314 732 4366 οὐκ
756 4314 1020 4385 ἠνείχετο.
1050 4314 1441 4385 Διαλεγομένου
1470 4316 1524 4369 δὲ
1554 4316 1701 4385 αύτῴ
1732 4317 1858 4388 περὶ

276 4403 511 4473 εἰρήνης
539 4404 632 4457 τοῦ
667 4405 912 4476 ὑπάρχου
958 4405 1067 4459 τῶν
1110 4405 1363 4477 Θρᾳκίων
1412 4407 1852 4477 στρατευμάτων,

2622 3170 2775 3228 CAP.
2819 3170 2885 3228 V.

1970 3259 2050 3314 De
2082 3259 2304 3347 diversis
2352 3260 2592 3347 gentilia:
2629 3278 2746 3332 qua:
2778 3262 2996 3347 bellum
3025 3263 3318 3347 intulerunt
3345 3263 3542 3347 Roma-

2038 3333 2143 3395 nis,
2175 3342 2225 3385 et
2266 3332 2383 3400 qua:
2420 3332 2600 3385 divina
2642 3333 2973 3400 providentia
3014 3333 3233 3390 deuicta:
3261 3346 3408 3403 sunt,
3443 3348 3540 3393 aut

2037 3400 2208 3470 [trdus
2240 3417 2357 3454 cum
2389 3400 2641 3457 Romanis
2671 3404 2994 3474 pepigerunt.

2034 3491 2252 3545 Accidit
2277 3498 2541 3561 praeterea
2578 3492 2773 3547 eodem
2809 3501 3060 3564 tempore
3089 3501 3148 3549 ut
3178 3492 3388 3559 IIunni,
3442 3494 3538 3565 qui

1966 3582 2024 3636 in
2051 3583 2283 3637 Thracia
2314 3593 2494 3639 castra
2517 3584 2813 3649 habebant,
2836 3587 3052 3642 nemine
3066 3602 3161 3642 eos
3186 3586 3541 3658 aggrediente

1966 3690 2030 3728 ac
2062 3683 2445 3745 persequente,
2479 3676 2731 3745 pluribus
2760 3692 2989 3732 suorum
3019 3678 3260 3745 amissis,
3290 3694 3418 3733 cum
3444 3678 3541 3734 de-

1965 3764 2166 3819 decore
2212 3773 2364 3834 terga
2403 3768 2619 3821 darent.
2674 3766 2889 3838 Quippe
2944 3769 3122 3833 Uldis,
3172 3770 3537 3825 barbarorum

1962 3858 2055 3927 qui
2107 3857 2257 3913 circa
2295 3857 2602 3912 Danubium
2652 3867 2831 3923 erant,
2882 3860 3126 3931 regulus,
3165 3876 3288 3915 cum
3324 3861 3533 3932 ingenti

1961 3951 2206 4005 exercitu
2259 3966 2473 4005 amnem
2524 3959 2924 4023 transgressus,
2967 3952 3022 4007 in
3059 3951 3257 4009 ﬁnibus
3287 3951 3534 4009 Thracia:

1960 4050 2383 4096 castrametatus
2410 4041 2612 4096 fuerat.
2659 4044 2904 4113 Cumque
2936 4043 3125 4098 urbem
3156 4043 3378 4107 Moesiae,
3409 4060 3532 4114 quae

1959 4131 2158 4187 Castra
2196 4130 2385 4187 Martis
2425 4133 2646 4195 dicitur,
2675 4134 2986 4203 proditione
3015 4134 3276 4203 cepisset,
3307 4134 3434 4190 inde
3471 4135 3529 4191 in

1959 4222 2224 4292 reliquam
2277 4223 2567 4278 Thraciam
2614 4225 2978 4280 excursiones
3017 4224 3273 4289 faciebat,
3301 4239 3404 4281 nec
3425 4224 3528 4283 [ω-

1957 4313 2061 4370 dus
2110 4329 2233 4369 cum
2266 4312 2527 4371 Romanis
2560 4316 2742 4371 facere
2791 4332 2902 4387 pra:
2949 4318 3209 4387 superbia
3259 4316 3526 4389 dignaba-

1960 4416 2068 4461 tur.
2122 4407 2188 4461 Et
2232 4424 2356 4463 cum
2408 4408 2701 4478 aliquando
2750 4413 3009 4480 magister
3062 4410 3221 4481 3'71
3290 4412 3525 4487 militum

274 4494 574 4564 ἀνίσχοντα
620 4496 712 4549 τὸν
765 4497 914 4568 ἥλιον
957 4497 1267 4564 ἐπιδείξας,
1316 4498 1377 4551 ού
1428 4499 1659 4569 χαλεπὸν
1704 4500 1852 4570 αὐτῷ

1968 4498 2212 4554 Thracia:
2242 4515 2368 4555 cum
2407 4500 2502 4555 illo
2525 4502 2691 4557 verba
2733 4500 2937 4556 faceret
2964 4500 3033 4556 de
3054 4516 3207 4571 pace,
3230 4502 3322 4557 ille
3351 4503 3522 4558 solem

276 4586 425 4653 ἔφη,
460 4587 833 4657 ἥνβούλοιτο,
871 4590 1052 4642 πᾶσαν
1099 4591 1165 4659 ῆν
1209 4589 1380 4660 ἐφορᾷ
1414 4589 1516 4658 γῆν
1551 4591 1851 4660 καταστρέ-

271 4675 509 4745 ψασθαι.
541 4678 973 4750 Τερατευομένου
1006 4680 1063 4734 δὲ
1109 4679 1321 4745 τοιάδε,
1364 4680 1457 4734 καὶ
1489 4680 1693 4750 δασμὸν
1728 4683 1850 4736 ὅσον

1958 4592 2228 4647 orientem
2262 4592 2679 4658 demonstrans,
2713 4593 2875 4649 facile
2904 4595 3009 4649 sibi
3044 4609 3165 4651 esse
3205 4595 3366 4659 dixit,
3398 4596 3522 4649 uni-

1955 4699 2175 4741 versam
2208 4698 2369 4755 quam
2422 4686 2515 4742 ille
2556 4686 2723 4744 radiis
2765 4685 2884 4744 suis
2916 4689 3292 4752 collustraret,
3315 4697 3518 4743 terram

1482 4856 1564 4911 VA
1573 4854 1720 4912 LESI
1727 4857 1745 4911 I
1783 4857 2328 4917 ANNOTATIONES.

271 4972 503 5025 Grzeciaa
534 4974 834 5041 vastatione
870 4971 1017 5026 etde
1060 4971 1470 5041 oppugnatione
1500 4969 1652 5041 urbis
1679 4970 1846 5026 Athe-

273 5057 499 5097 narum.
542 5039 645 5095 Ista
676 5042 820 5095 enim
861 5042 954 5094 diu
979 5039 1113 5095 ante
1136 5039 1503 5109 Contigerant,
1543 5040 1647 5095 sub
1687 5055 1846 5094 exor-

273 5112 428 5163 dium
454 5111 663 5180 impcrii
692 5110 931 5172 Arcadii,
959 5112 1085 5164 dum
1108 5109 1340 5164 Ruﬁnus
1364 5112 1542 5164 adhuc
1568 5118 1846 5179 superstes

272 5189 451 5241 esset,
481 5196 509 5232 a
544 5196 653 5249 quo
681 5191 941 5235 evocatus
986 5180 1162 5236 fuerat
1193 5181 1465 5246 Alaricus,
1506 5180 1647 5234 sicut
1681 5186 1846 5234 testa-

278 5262 374 5304 tur
400 5249 651 5304 Zosimus
683 5252 734 5303 in
770 5252 863 5303 lib.
897 5268 948 5309 ν.
979 5251 1111 5317 Quae
1141 5267 1270 5304 vero
1302 5250 1388 5304 hic
1426 5261 1477 5304 et
1507 5250 1561 5305 in
1605 5264 1726 5318 cap.
1775 5249 1845 5303 25

273 5321 377 5377 lib.
409 5336 529 5385 vm,
563 5334 591 5372 a
626 5319 929 5391 Sozomeno
972 5321 1307 5387 referuntur,
1340 5328 1493 5391 gesta
1521 5328 1651 5375 sunt
1683 5319 1846 5389 paulo

273 5400 404 5444 ante
438 5397 663 5442 mortem
693 5390 932 5444 Arcadii.

351 5459 465 5529 (l8)
504 5457 756 5512 Μέλλων
800 5458 907 5528 γὰρ
934 5458 1214 5527 ἐκδημεῖν
1253 5457 1416 5529 κατὰᾼ
1441 5457 1513 5529 τὰ
1543 5462 1846 5529 συντεθει-

266 5527 455 5599 μένα.
480 5529 602 5582 Ila-c
631 5545 735 5583 non
770 5527 837 5583 de
870 5530 1109 5593 Alarico,
1137 5528 1233 5583 sed
1282 5529 1349 5599 de
1374 5527 1651 5599 _Stilicone
1681 5528 1842 5583 intel-

272 5597 494 5667 ligenda
525 5610 673 5652 sunt.
712 5603 890 5664 Quare
935 5599 1247 5654 necessario
1283 5597 1546 5651 addenda:
1586 5606 1712 5651 sunt
1763 5599 1844 5652 ha:

263 5684 463 5730 «oces,
509 5667 537 5718 6
577 5668 859 5737 Στελίχων,
911 5677 968 5722 ut
1011 5670 1208 5737 legitur
1238 5670 1289 5721 in
1318 5682 1436 5735 cap.
1471 5667 1543 5720 25
1595 5668 1688 5720 lib.
1721 5683 1838 5721 vm.

269 5740 472 5796 Mirum
525 5747 606 5793 cst
673 5748 852 5793 tamen
921 5739 1274 5808 Epiphanium
1331 5737 1734 5792 Scholasticum
1784 5738 1836 5791 in

1952 4975 2270 5046 supradicto
2300 4974 2477 5044 capite
2519 4989 2615 5046 eas
2640 4989 2800 5046 voces
2833 4990 2941 5029 non
2975 4976 3190 5046 legisse.
3244 4977 3335 5036 Sic
3370 4986 3516 5041 enim

1950 5045 2115 5097 vertit
2154 5064 2166 5098 :
2206 5046 2348 5112 Quia
2388 5061 2507 5099 rum
2548 5044 2811 5098 discedere
2840 5044 3119 5110 voluisset,
3167 5047 3394 5106 Honorii
3427 5057 3515 5108 lit-

1953 5113 2075 5184 teris
2111 5125 2190 5168 est
2214 5117 2483 5180 detentus,
2525 5115 2661 5184 sicut
2699 5116 2807 5184 ipse
2835 5116 3103 5184 confessus
3133 5129 3232 5173 est.

2020 5183 2131 5251 (l9)
2177 5184 2306 5237 Ἐπὶ
2339 5183 2665 5251 τυραννίδα
2700 5182 2806 5237 τοῦ
2849 5182 3039 5250 υἱέως.
3079 5187 3381 5246 Accusatus
3428 5202 3513 5245 est

1952 5248 2182 5323 Stilicho
2253 5248 2773 5323 quod'Eucberium
2826 5248 3006 5308 ﬁlium
3049 5272 3207 5311 suum
3271 5260 3513 5314 Orientis

1949 5321 2329 5391 imperatorem
2353 5339 2539 5378 creare
2560 5323 2843 5386 voluisset,
2871 5325 3084 5380 sublato
3102 5325 3324 5383 Juniore
3341 5328 3513 5382 Theo-

1949 5389 2136 5466 dosio.
2187 5402 2249 5466 ut
2286 5393 2476 5448 scribit
2519 5392 2853 5466 So_zomeuus
2886 5396 3058 5466 initio
3099 5397 3259 5466 hujus
3292 5398 3505 5466 capitis.

1948 5460 2292 5535 Idemuetiant
2322 5470 2552 5519 testatur
2581 5462 2836 5535 Zosimus
2884 5465 2936 5535 in
2985 5465 3076 5518 lib.
3119 5460 3185 5530 νζ
3221 5481 3339 5535 pag.
3360 5460 3503 5532 ⁷808,

1949 5544 1980 5585 a
2012 5529 2327 5602 Stilichouis
2360 5534 2845 5589 calumniatoribus
2878 5529 3431 5602 divulgatum'fu'isse.

2020 5600 2130 5670 (2t!)
2192 5602 2303 5656 Τὸν
2357 5604 2609 5668 Ἰταλίας
2648 5603 2938 5671 ὕπαρχον.
2996 5600 3361 5672 Longinianus
3414 5604 3504 5659 hic

1947 5674 2267 5727 vocabatur.
2302 5683 2359 5727 ut
2402 5674 2595 5744 scribit
2622 5672 2871 5744 Zosimus
2900 5672 3073 5744 in_lib.
3116 5689 3183 5738 v;
3214 5673 3504 5744 praefectus

1946 5751 2125 5794 autem
2153 5744 2407 5812 prmtorio
2433 5743 2726 5798 Galliarum
2763 5741 3062 5796 Litnenius.
