4040 6336
310 391 327 444 1
337 391 418 447 629

1224 399 1557 459 HISTORiA
1602 402 2163 462 ECCLESIASTICA.
2200 440 2268 450 —
2306 407 2434 466 LIB.
2479 411 2566 467 IX.

3412 419 3553 474 i630

305 509 385 602 τήν
412 507 544 602 ’ὁδὸν
709 510 802 602 επὶ
828 512 1142 586 Βιθθερέσιν
1170 516 1284 589 (50)
1309 522 1407 590 τὴν
1428 520 1582 576 πόλιν
1603 523 1857 592 ἄγουσαν.

1970 525 2233 595 hortum,
2268 543 2431 585 secus
2465 530 2606 586 viam
2639 547 2759 602 quae
2805 531 2963 589 ducit
2996 533 3066 590 ad
3105 535 3298 592 urbem
3336 535 3549 594 Bittbe-

307 597 549 668 Εὐρήσεις
574 599 632 652 δὲ
659 600 903 671 λάρνακα
932 603 1148 675 διπλῆν,
1198 609 1418 682 ξυλίνην
1464 612 1562 684 τὴν
1603 613 1774 680 ἔνδον,
1812 615 1872 669 ὲν

307 689 568 762 μολυϐδίνῃ
646 695 714 762 τῇ
793 693 994 759 ἔξωθεν
1023 715 1036 731 ·
1107 701 1250 771 ἀμφὶ
1301 701 1358 756 δὲ
1419 705 1519 774 τὴν
1583 705 1828 777 λάρνακα
1852 749 1868 774 ,

304 779 483 834 ὑέλινον
525 783 717 849 σκεῦος
759 786 963 859 πλῆρες
1000 790 1228 857 ὑδάτων,
1255 795 1347 848 καὶ
1371 796 1464 850 δύο
1506 795 1657 866 ὄφεις
1709 798 1872 868 μεγέ-

302 871 368 924 θει
402 873 672 943 μετρίους,
726 879 818 931 καὶ
852 880 1064 952 πράους
1101 887 1195 938 καὶ
1225 886 1502 953 ἀϐλαϐεῖς,
1557 889 1634 953 ὡς
1686 889 1867 946 δοκεῖν

299 960 580 1052 χειροήθεις
636 961 798 1020 εἶναι.
846 969 1003 1024 Κατὰ
1043 971 1100 1026 δὲ
1146 973 1242 1045 τὴν
1292 976 1540 1043 σύνταξιν
1587 979 1682 1033 τοῦ
1737 997 1869 1052 προ-

300 1051 446 1142 φήτου
497 1056 938 1127 παραγενόμενος
1003 1062 1331 1134 Καλήμερος
1395 1067 1492 1121 ἐπὶ
1556 1069 1648 1123 τὸν
1695 1051 1867 1142 δηλω-

299 1140 437 1197 θέντα
459 1145 645 1211 τόπον,
689 1151 890 1222 σπουδῇ
921 1151 1012 1205 τοῦ
1043 1153 1206 1225 ἔργου
1235 1159 1430 1227 εἴχετο.
1469 1159 1608 1214 Ὑπὸ
1643 1161 1704 1216 δὲ
1746 1140 1868 1228 τοῖς

297 1237 694 1308 προειρημένοις
740 1242 1028 1312 συμϐόλοις
1059 1246 1535 1322 ἀνακαλυφθείσης
1576 1253 1674 1323 τῆς
1706 1256 1856 1324 ίερᾶς

296 1326 484 1398 θήκης,
537 1332 780 1405 ἀνεφάνη
829 1337 858 1388 ὁ
891 1335 1033 1401 θεῖος
1077 1341 1386 1413 προφήτης,
1441 1343 1641 1416 λευκὴν
1673 1347 1865 1417 στολὴν

294 1419 665 1490 ἠμφιεσμένος,
715 1417 805 1479 οἷά
829 1443 914 1495 γε,
945 1423 1121 1498 οἶμαι,
1156 1432 1251 1484 καὶ
1277 1435 1456 1504 ίερεὺς
1500 1435 1576 1489 ὢν
1605 1453 1619 1467 ο
1671 1437 1776 1491 ὑπὸ
1807 1439 1864 1493 δὲ

291 1507 402 1572 τοὺς
447 1509 614 1575 πόδας
657 1514 822 1568 αὑτοῦ
883 1516 1086 1584 ἔξωθεν
1137 1520 1238 1592 τῆς
1286 1521 1594 1595 λάρνακος,
1648 1528 1862 1582 παιδίον

291 1597 447 1654 ἔκειτο
469 1601 760 1676 βασιλικῆς
783 1604 1086 1679 ἠξιωμένον
1112 1613 1305 1683 ταφῆς.
1335 1609 1462 1686 Εἶχε
1495 1617 1596 1688 μὲν
1612 1619 1740 1690 γάρ,
1766 1620 1860 1675 ἐπὶ

291 1690 496 1784 μὲν-τῆς
531 1695 798 1766 κεφαλῆς,
846 1699 1084 1770 χρυσοῦν
1133 1704 1397 1784 στέφανον
1427 1725 1440 1738 ·
1499 1713 1678 1781 χρυσᾶ
1706 1712 1763 1766 δὲ
1789 1713 1860 1768 τά

287 1781 610 1872 ὑποδήματα,
645 1786 740 1840 καὶ
772 1787 870 1859 τὴν
901 1791 1106 1862 ἐσθῆτα
1134 1781 1343 1866 τιμίαν.
1398 1798 1774 1872 Ἀπορούντων
1799 1805 1857 1858 δὲ

284 1869 382 1924 τῶν
405 1873 524 1926 τότε
560 1874 743 1944 σοφῶν
777 1878 872 1933 καὶ
905 1880 1094 1952 ἱερέων
1120 1886 1248 1956 περῖ⁴
1275 1888 1466 1943 τούτου
1490 1869 1585 1944 τοῦ
1619 1893 1854 1962 παιδίου,
1888 1879 1934 1937 Β

282 1963 357 2027 τίς
381 1981 436 2017 τε
461 1964 546 2037 εἴη
577 1967 670 2021 καὶ
703 1967 886 2034 πόθεν,
918 1972 1012 2026 καὶ
1031 1966 1093 2028 οὗ
1121 1975 1282 2048 χάριν
1321 1981 1501 2034 τοιάδε
1551 1983 1850 2052 ἠμφίεστο,

281 2053 483 2125 λέγεται
527 2060 806 2132 Ζαχαρίαν
848 2063 940 2118 τὸν
992 2067 1300 2139 ἡγούμενον
1348 2073 1448 2142 τῆς
1492 2074 1550 2129 ὲν
1591 2075 1855 2146 Γεράροις

281 2151 566 2223 μοναχικῆς
595 2154 889 2224 συνοικίας,
926 2157 1158 2231 Ἐὁραία
1183 2163 1278 2216 καὶ
1306 2163 1511 2236 παλαιᾷ
1539 2171 1854 2238 περιτυχεῖν

276 2245 470 2314 γραφῇ,
492 2245 554 2298 οὐ
576 2245 686 2302 τῶν
708 2248 1248 2323 ὲκκλησιαζομένων.
1279 2255 1501 2328 Ἐδήλου
1525 2259 1579 2312 δὲ
1599 2259 1676 2324 ὡς
1691 2261 1852 2331 ἡνίκα

273 2334 538 2405 Ζαχαρίαν
565 2336 655 2391 τὸν
671 2342 955 2414 προφήτην
970 2344 1181 2398 ἀνεῖλεν
1233 2346 1387 2411 Ἰωὰς
1406 2351 1434 2402 ὁ
1464 2349 1565 2419 τῆς
1593 2351 1853 2417 Ἰουδαίας

272 2423 534 2494 βασιλεὺς,
547 2426 646 2480 οὐκ
666 2429 746 2492 είς
764 2431 982 2500 μακρὰν
1015 2434 1141 2504 περὶ
1163 2435 1254 2488 τὸν
1277 2433 1424 2490 οἶκον
1441 2439 1652 2511 χαλεπῇ
1690 2443 1853 2513 ἐχρή-

272 2529 394 2568 σατο
424 2521 700 2590 συμφορᾷ.
739 2520 973 2595 Ἐὄδόμῃ
1030 2523 1140 2594 γὰρ
1169 2526 1355 2598 ἡμέρᾳ
1384 2528 1485 2599 τῆς
1511 2529 1850 2602 ἀναιρέσεως

267 2603 356 2658 τοῦ
385 2609 690 2679 προφήτου,
736 2611 996 2683 ἐξαπίνης
1026 2614 1174 2686 αὐτῷ
1208 2617 1355 2687 μάλα
1396 2621 1793 2692 κεχαρισμένος
1822 2623 1852 2675 δ

265 2700 392 2761 παῖς
442 2698 731 2754 ἀπολώλει.
791 2702 1092 2774 Συμϐαλὼν
1139 2705 1196 2759 δὲ
1245 2706 1387 2760 κατά
1433 2708 1725 2782 θεομηνίαν
1774 2712 1851 2785 οιῷ

263 2787 488 2860 τοιούτῳ
515 2789 800 2862 παθήματι
827 2795 1168 2865 περιπεσεῖν,
1200 2795 1304 2850 ὑπὸ
1332 2799 1460 2863 τοὺς
1488 2801 1657 2867 πόδας
1681 2803 1848 2858 αὑτοῦ

260 2877 323 2932 τὺ
348 2880 627 2952 μειράκιον
658 2882 875 2953 ἔθαψεν,
907 2886 1344 2958 ἀπολογούμενος
1384 2890 1554 2967 ταύτῃ
1605 2894 1745 2962 ὑπὲρ
1774 2889 1852 2950 ὧν

261 2972 342 3035 είς
392 2973 552 3029 αὐτὸν
601 2975 841 3046 ἥμαρτε.
895 2978 1005 3032 Καὶ
1034 2978 1101 3034 τὰ
1137 2981 1236 3051 μὲν
1278 2974 1380 3035 ὧδε
1430 2982 1622 3052 ἔγνων.
1684 2987 1744 3041 '0
1793 2987 1850 3041 δὲ

259 3065 569 3136 προφήτης,
602 3067 811 3139 καίπερ
867 3069 972 3141 πρὸ
1022 3070 1293 3126 πλείστων
1337 3075 1540 3143 γενεῶν
1591 3077 1695 3131 ὑπὸ
1727 3079 1848 3151 ,γῆν

256 3155 530 3225 κείμενος,
558 3157 695 3221 σῶος
722 3159 985 3232 ἀνεφάνη,
1028 3161 1087 3215 ὲν
1114 3161 1232 3233 χρῷ
1257 3167 1620 3236 κεκαρμένος,
1652 3169 1849 3243 εὐθύῤ-

259 3248 366 3317 ῥις,
396 3248 646 3315 γενειάδα
678 3249 914 3320 μετρίως
943 3250 1278 3325 καθειμένην
1316 3234 1476 3326 ἔχων,
1524 3257 1623 3329 τὴν
1667 3258 1725 3312 δὲ
1757 3234 1850 3312 κέ-
1877 3234 1923 3295 C

254 3337 434 3408 φαλὴν
484 3339 846 3412 βραχυτέραν,
895 3342 990 3396 καὶ
1030 3345 1156 3406 τοὺς
1195 3345 1513 3419 ὀφθαλμοὺς
1559 3348 1738 3420 ὀλίγον
1787 3351 1845 3404 ἐν

254 3429 410 3500 βάθει
438 3434 557 3496 ταῖς
588 3432 786 3507 ὀφρύσι
820 3433 1285 3508 καλυπτομένους.

1976 629 2187 671 reman.
2226 617 2491 688 Reperies
2524 631 2706 677 autem
2743 636 2928 678 arcam
2962 623 3234 694 duplicem
3265 645 3278 681 :
3316 626 3551 684 interio-

1972 723 2090 764 rem
2121 708 2343 779 quidem
2382 711 2645 783 ligneam,
2680 714 2997 785 plumbeam
3027 731 3158 772 vero
3175 721 3497 774 exteriorem
3533 742 3547 778 :

1972 809 2026 855 et
2074 799 2224 856 circa
2269 815 2455 857 arcam
2501 819 2599 859 vas
2646 805 2882 860 vitreum
2925 821 3070 876 aqua
3104 808 3375 878 plenum:
3409 809 3550 866 duos

1971 891 2106 949 item
2145 908 2360 967 angues
2390 897 2655 952 mediocri
2702 900 3122 969 magnitudine,
3176 903 3340 958 mites
3384 912 3551 972 atque

1971 984 2272 1052 innoxios,
2305 986 2382 1042 ita
2416 993 2477 1042 ut
2521 990 2798 1046 mansueti
2845 1007 2970 1049 esse
3017 993 3332 1048 videantur.
3379 995 3550 1066 Igitur

1969 1077 2290 1136 Calemerus
2329 1096 2398 1136 ex
2439 1083 2722 1154 prophetae
2755 1084 3015 1139 mandato
3046 1085 3114 1140 ad
3162 1086 3345 1144 locum
3391 1102 3548 1140 mon-

1967 1177 2205 1226 stratum
2248 1171 2529 1243 profectus
2550 1215 2565 1239 ,
2591 1190 2816 1230 manum
2851 1176 3006 1246 operi
3039 1176 3332 1232 admovere
3358 1179 3544 1246 coepit.

1965 1263 2216 1335 Cumque
2244 1265 2405 1335 juxta
2435 1266 2594 1338 signa
2618 1282 2741 1339 quae
2787 1284 2958 1339 supra
3003 1269 3332 1331 retulimus,
3387 1283 3546 1322 sacra

1964 1371 2132 1427 capsa
2160 1365 2352 1427 aperta
2387 1357 2626 1424 fuisset,
2664 1360 2927 1430 apparuit
2971 1361 3196 1416 divinus
3242 1360 3542 1430 praphela,

1965 1447 2088 1501 alba
2115 1455 2267 1504 veste
2295 1448 2520 1504 indutus
2541 1489 2556 1514 ,
2593 1450 2797 1521 quippe
2829 1455 2921 1521 qui
2954 1451 3215 1507 sacerdos
3245 1451 3410 1505 etiam
3434 1491 3449 1514 ,
3486 1459 3546 1504 ut

1963 1536 2182 1606 Opinor,
2233 1536 2453 1594 fuisset.
2486 1537 2662 1592 Porro
2713 1540 2820 1595 sub
2863 1539 3099 1610 pedibus
3151 1540 3339 1603 illius,
3391 1548 3545 1594 extra

1962 1641 2145 1682 arcam
2175 1637 2359 1684 tamen
2378 1669 2393 1694 ,
2423 1628 2607 1686 infans
2632 1630 2853 1699 jacebat
2881 1633 3027 1702 regia
3055 1632 3338 1701 sepultura
3370 1631 3548 1686 hono-

1961 1733 2133 1775 ratus.
2150 1717 2396 1774 Habebat
2415 1720 2562 1775 enim
2581 1735 2802 1776 auream
2821 1737 3086 1776 coronam
3114 1723 3171 1777 in
3195 1723 3378 1793 capite
3403 1742 3417 1778 :
3449 1739 3546 1777 au-

1960 1824 2049 1864 rea
2077 1808 2207 1864 item
2240 1807 2614 1865 calceamenta
2639 1817 2692 1864 et
2716 1817 2919 1864 vestem
2947 1809 3268 1879 pretiosam.
3295 1809 3548 1879 Cumque

1963 1901 2243 1972 sapientes
2271 1908 2327 1957 et
2351 1901 2724 1958 sacerdotalis
2757 1902 2973 1956 ordinis
3005 1901 3108 1955 viri
3143 1903 3208 1956 de
3235 1901 3346 1955 hoc
3376 1916 3549 1970 puero

1962 1992 2338 2063 ambigerem,
2378 1992 2634 2062 quisnam
2665 1999 2720 2048 et
2749 1993 2896 2049 unde
2927 1999 3108 2056 esset,
3161 2001 3216 2048 et
3265 2007 3428 2062 quam
3476 1993 3549 2046 oh

1961 2097 2184 2138 causam
2214 2082 2490 2153 ejusmodi
2516 2091 2669 2139 veste
2690 2084 2929 2139 amictus
2951 2091 3133 2147 esset,
3159 2084 3316 2138 aiunt
3337 2084 3550 2140 Zacha-

1960 2175 2098 2229 riam
2128 2174 2223 2245 qni
2260 2182 2375 2229 tum
2411 2176 2756 2230 monasterio
2789 2175 2844 2230 in
2878 2175 3104 2232 Geraris
3146 2184 3412 2246 praeerat,
3457 2192 3550 2232 ve-

1959 2273 2168 2322 tustum
2199 2266 2492 2337 quemdam
2526 2264 2885 2322 Hebraeorum
2923 2268 3125 2324 librum
3149 2308 3164 2334 ,
3209 2283 3319 2324 non
3363 2279 3548 2323 tamen

1958 2358 2291 2413 canonicum
2314 2397 2329 2423 ,
2364 2355 2510 2413 forte
2545 2365 2771 2412 nactum
2800 2374 2948 2416 esse.
2985 2358 3268 2431 Scriptum
3315 2371 3436 2416 erat
3490 2361 3548 2415 in

1957 2465 2024 2506 eo
2051 2449 2231 2514 libro,
2269 2447 2400 2506 Joas
2429 2463 2612 2520 regem
2642 2448 2959 2506 Judaeornm
2982 2491 2998 2517 ,
3047 2467 3174 2506 cum
3219 2451 3548 2508 Zachariam

1956 2540 2276 2612 prophetam
2331 2540 2754 2608 interfecisset,
2808 2557 2921 2597 non
2979 2543 3160 2598 multo
3213 2552 3340 2614 post
3396 2543 3548 2598 domi

1957 2631 2314 2687 acerbissima
2339 2631 2658 2687 calamitate
2685 2631 3010 2702 perculsum
3058 2630 3254 2687 fuisse.
3302 2630 3549 2703 Septimo

1956 2726 2101 2783 enim
2133 2725 2225 2781 die
2265 2733 2395 2796 post
2439 2740 2630 2782 necem
2660 2726 2976 2796 prophetae,
3008 2725 3155 2781 filius
3187 2725 3290 2797 ipsi
3337 2726 3549 2795 jucun-

1956 2818 2218 2874 dissimus
2275 2819 2566 2889 repentina
2620 2825 2800 2874 morte
2853 2818 3082 2874 interiit.
3111 2817 3364 2889 Cumque
3417 2833 3546 2874 eam

1955 2911 2323 2968 calamitatem
2376 2910 2474 2968 Dei
2521 2911 2899 2985 indignatione
2943 2911 3053 2968 sibi
3100 2911 3374 2968 invectam
3423 2926 3550 2968 esse

1955 3003 2292 3073 conjiceret,
2319 3019 2554 3074 puerum
2581 3006 2687 3062 sub
2729 3005 2961 3076 pedibus
3007 3004 3286 3075 prophetae
3326 3004 3546 3059 humari

1953 3097 2253 3166 praecepit:
2292 3097 2396 3150 hoc
2448 3098 2614 3153 modo
2663 3097 3015 3154 satisfaciens
3047 3113 3146 3168 pro
3183 3096 3266 3152 his
3298 3112 3421 3168 quae
3450 3095 3549 3152 ad-

1953 3203 2152 3245 versus
2185 3188 2512 3260 prophetam
2548 3190 2926 3245 commiserat.
2960 3190 3138 3260 Atque
3167 3189 3285 3246 haec
3319 3189 3547 3260 quidem

1955 3282 2031 3336 ita
2060 3281 2271 3353 accepi.
2305 3282 2582 3339 Caeterum
2632 3285 2930 3354 prophetes
2958 3325 2975 3352 ,
3006 3285 3136 3341 licet
3183 3283 3372 3338 multis
3420 3288 3548 3337 ante

1952 3375 2204 3454 anatibus
2231 3375 2336 3430 sub
2367 3383 2514 3431 terra
2544 3376 2803 3432 conditus
2833 3376 3054 3446 fuisset,
3097 3377 3314 3447 integer
3343 3375 3549 3428 nihilo-

1949 3455 2134 3520 minus
2187 3466 2477 3535 apparuit,
2527 3465 2598 3522 ad
2640 3474 2823 3523 cutem
2887 3476 3115 3532 tonsus,
3180 3480 3320 3520 naso
3355 3472 3544 3530 recto,

251 3538 433 3597 barba
506 3542 720 3599 modice
763 3547 1070 3615 promissa,
1116 3549 1295 3618 capite
1341 3551 1610 3617 breviore,
1663 3554 1854 3609 oculos
1910 3554 2118 3611 habens
2173 3554 2457 3624 paululum
2514 3569 2685 3611 cavos
2726 3563 2782 3611 et
2833 3555 3154 3626 superciliis
3182 3555 3457 3609 obtectos.

613 3664 794 3732 Τέλος
823 3665 946 3720 σὺν
978 3667 1054 3736 τῇ
1088 3659 1226 3738 ἁγίᾳ
1269 3669 1482 3738 Τριάδι.

2025 3673 2182 3730 Finis
2220 3691 2313 3746 ope
2346 3683 2504 3748 alque
2541 3677 2749 3731 auxilio
2793 3677 3152 3732 sanctissima:
3190 3675 3499 3759 Trinitatis,

1454 3846 1726 3903 VALESII
1761 3848 2312 3906 ANNOTATIONES.

246 3934 549 4013 Sozomeni
579 3937 784 4013 verbis,
811 3937 1051 4013 ἀγρρτην
1081 3941 1393 4013 substituit,
1419 3943 1470 3997 id
1502 3954 1587 3997 est
1617 3944 1836 4013 agrico-

243 4007 400 4084 lam._
424 4006 519 4084 Ad_
535 4021 694 4084 quem
720 4006 900 4061 locum
927 4006 1166 4084 Joannes
1193 4010 1411 4084 Langus
1453 4014 1620 4084 verba
1653 4006 1834 4068 Soza-

242 4076 404 4152 rneni
457 4077 754 4152 adducens,
806 4079 1030 4152 exponit
1083 4076 1338 4152 servum'
1359 4083 1552 4152 glebae.
1583 4084 1746 4138 Certe
1786 4085 1839 4137 in

245 4143 382 4215 l‘ege
419 4145 604 4214 unica,
627 4147 817 4202 codice
844 4143 911 4202 tle
938 4150 1152 4204 colonis
1177 4143 1611 4218 ThracEnsibus,
1649 4153 1840 4207 dicun-

241 4220 345 4289 tur
381 4218 524 4289 servi
559 4227 718 4272 terra:
746 4219 835 4289 cui
872 4221 986 4272 nati
1019 4229 1169 4284 sunt,
1197 4221 1325 4276 licet
1354 4225 1671 4278 conditione
1693 4225 1842 4289 inge-

239 4284 347 4358 nui
384 4285 714 4358 habeantur.
749 4288 938 4358 Itaque
997 4289 1190 4344 borum
1242 4300 1422 4349 status
1469 4293 1686 4348 medius
1725 4284 1844 4348 erat

239 4353 398 4428 inter
423 4357 771 4428 ingenuoset
805 4353 1030 4424 servos,
1068 4369 1128 4414 ut
1171 4369 1405 4417 testatur
1437 4364 1521 4418 lex
1573 4363 1840 4428 secunda,

233 4423 445 4482 codice
487 4423 569 4482 ’1η
593 4427 783 4500 quibus
840 4431 1017 4485 causis
1076 4431 1269 4488 coloni.
1307 4432 1512 4490 Horum
1562 4433 1654 4488 alii
1689 4423 1848 4490 erant

1945 3946 2265 4028 origin-atii,
2297 3947 2386 4028 alii
2431 3945 2708 4028 inquilini?!
2751 3948 3003 4028 ut'tloeet
3053 3947 3160 4028 lex__
3193 3947 3368 4016 prima
3401 3943 3544 4028 Clod?

1947 4015 2155 4070 Theod.
2196 4015 2272 4069 De
2301 4015 2523 4070 colonis;
2555 4015 2854 4086 Originarii
2887 4018 3045 4072 aliter
3091 4015 3255 4070 etiam
3311 4015 3538 4082 ascriptl

1947 4087 2230 4146 dicuntur.
2256 4100 2321 4139 eo
2354 4086 2498 4155 quod
2559 4088 2820 4141 censibus
2870 4087 3100 4155 ascripti
3177 4096 3367 4139 essent
3426 4100 3538 4139 una

1948 4172 2070 4209 rum
2108 4156 2256 4226 agris
2282 4172 2422 4224 quos
2446 4155 2719 4211 colebant.
2747 4157 3104 4211 Possessorcs
3131 4161 3312 4226 autem
3344 4169 3533 4207 eorum

1951 4242 2099 4280 nunc
2128 4225 2358 4286 domini,
2398 4241 2542 4280 nunc
2578 4230 2792 4295 patroni
2829 4234 3098 4295 vocantur
3136 4228 3187 4279 in
3216 4225 3425 4295 codice.

2023 4295 2133 4365 (50)
2169 4295 2286 4364 Τὴν
2308 4296 2406 4349 ἐπὶ
2448 4294 2808 4364 Βιθθερέϐιν.
2851 4297 2910 4352 In
2967 4294 3161 4352 codice
3227 4294 3536 4352 Fuketiano

1953 4369 2220 4437 scripturn
2252 4375 2338 4423 est
2366 4366 2714 4439 Βιοϐερέμιν.
