4040 6336
651 363 792 423 i655

657 503 678 538 ι
719 481 927 553 polim,
969 487 1029 553 ut
1078 476 1484 533 Alexandrinus
1532 475 1827 553 epis_c0pus
1874 475 2085 553 horum‘
2111 491 2233 530 om-

659 573 680 604 ι
723 545 872 612 hinni
913 550 1108 603 habeat
1147 557 1472 618 potestatem
1506 545 1701 618 siquia
1726 545 1796 600 'et
1840 547 1992 601 urbis
2049 545 2236 618 [toruae

659 642 680 674 ι
721 625 978 692 episcopo
1009 615 1196 687 parilis
1227 634 1345 673 lllOS
1364 627 1466 672 est.
1501 615 1765 692 Similiter
1790 627 1971 692 autem
2002 616 2234 692 etapud

662 710 680 740 σ
719 686 1076 759 Antiochiam
1093 697 1432 759 cmterasqtie
1461 687 1777 759 provincias
1811 686 1926 742 suis
1950 686 2233 759 privilegia

661 780 679 810 α
722 767 1007 814 serventur
1038 756 1322 812 Ecclesiis.
1345 756 1505 812 —|llud
1553 766 1732 811 autem
1766 757 2094 825 generaliter
2122 759 2234 808 cla-

661 849 681 880 ι
721 847 838 884 rum
895 835 1019 892 est,
1076 828 1221 894 quod
1277 829 1322 884 si
1386 828 1509 895 quis
1564 835 1761 896 printer
1825 825 2231 895 metropolitani

662 921 679 949 ι
725 898 1048 955 sententiam
1094 896 1259 951 fuerit
1311 899 1489 951 factus
1543 899 1868 966 episcopus,
1924 897 2070 951 hunc
2117 912 2233 948 ma-

663 989 682 1021 ε
722 985 824 1040 gna
863 969 1106 1039 synodus
1133 967 1382 1023 deﬁnivit
1408 967 1725 1038 episcOpum
1753 982 1880 1021 esse
1911 981 2017 1020 non
2062 981 2230 1036 Opor-

662 1060 680 1088 ο
725 1051 858 1096 tere.
893 1058 914 1091 ι

1309 1107 1464 1163 CAP.
1508 1107 1574 1162 ll.

728 1201 844 1258 Duo
877 1202 1154 1273 praecipue
1194 1200 1388 1273 inhoc
1416 1215 1635 1273 canone
1663 1199 1899 1256 notanda
1933 1207 2060 1255 sunt
2088 1217 2100 1251 :
2129 1199 2230 1267 pri-

653 1286 803 1341 mum
839 1282 960 1335 est,
994 1271 1084 1327 hic
1122 1272 1205 1341 agi
1238 1272 1304 1326 de
1343 1271 1710 1341 patriarcbis;
1743 1274 2086 1341 alterumest
2119 1286 2229 1324 non

653 1340 724 1396 de
758 1343 872 1396 sola
900 1340 1249 1396 ordinatione
1289 1340 1377 1395 hic
1411 1342 1495 1407 agi
1517 1381 1533 1404 ,
1571 1340 1664 1396 sed
1701 1342 1766 1395 de
1792 1343 1939 1394 omni
1972 1340 2098 1408 jure
2137 1355 2230 1408 pa-

653 1413 973 1468 triarchico.
1005 1413 1083 1467 Ac
1111 1413 1268 1482 prius
1293 1410 1511 1482 quidem
1555 1411 1690 1464 illud
1739 1411 1812 1465 ita
1856 1410 2227 1482 demonstrari

652 1491 858 1551 potest.
900 1478 1361 1538 Patres—concilii
1409 1479 1650 1543 Nicacni,
1697 1496 1819 1535 cum
1855 1478 2222 1534 Ecclesiarum

653 1553 823 1619 quieti
858 1553 1278 1622 prospicerent,
1327 1553 1378 1604 in
1419 1566 1628 1605 canone
1658 1559 1869 1622 quarto
1920 1557 2226 1622 sangerunt

654 1637 765 1691 quo
827 1619 951 1676 ritu'
985 1619 1325 1677 celebranda:
1364 1631 1548 1674 essent
1582 1621 1961 1689 cpisc0porum
2001 1619 2226 1691 electioe

650 1690 752 1747 nes
783 1731 797 1753 .
830 1707 1030 1761 easque
1068 1707 1098 1746 a
1142 1691 1576 1760 metropolitanis
1609 1691 1882 1759 episcopis
1910 1690 2226 1761 conﬁrmari

652 1760 968 1817 voluerunt.
1016 1761 1153 1816 Cum
1197 1762 1360 1831 igitur
1392 1769 1633 1831 potestas
1675 1760 2222 1831 metropolitanorum

651 1832 709 1886 in
760 1833 938 1901 capite
981 1831 1074 1886 illo
1117 1830 1314 1902 quarto
1358 1830 1574 1902 abunde
1614 1830 1854 1902 stabilita
1883 1839 2052 1902 esset,

652 1917 790 1970 opus
814 1899 930 1956 erat
961 1899 1155 1958 rursus
1187 1905 1239 1955 in
1269 1909 1422 1956 sexto
1453 1901 1520 1970 de
1549 1900 1986 1970 metmpolitanis
2009 1899 2227 1954 dicere?

650 1969 888 2026 Prorsus
937 1971 1118 2027 inanis
1167 1987 1232 2026 ac
1276 1969 1548 2037 superﬂua
1594 1969 1743 2024 esset
1786 1970 1899 2023 haec
1940 1970 2220 2038 repetitio,

651 2057 776 2111 qum
810 2042 862 2094 iu
897 2041 1046 2096 viros
1079 2049 1186 2095 tam
1223 2055 1418 2110 graves
1453 2040 1652 2111 cadere
1687 2056 1796 2094 non
1833 2048 2030 2111 potest.
2074 2038 2220 2111 Praef

650 2109 798 2166 terea
837 2128 890 2165 ιη
925 2111 1027 2166 hoc
1067 2109 1250 2178 capite
1291 2121 1446 2165 sexto
1488 2109 1669 2178 agitur
1708 2112 1774 2164 de
1817 2110 2094 2179 episcopis
2125 2109 2220 2179 qui

649 2192 851 2249 regunt
890 2181 1174 2236 dimcesim
1202 2221 1217 2245 ,
1263 2195 1374 2234 non
1423 2188 1604 2233 autem
1653 2181 1722 2233 de
1761 2180 1848 2234 his
1887 2180 1978 2249 qui
2027 2187 2221 2247 regunt

648 2253 865 2305 unicam
896 2251 1254 2319 provinciam.
1279 2251 1440 2317 Atqui
1464 2251 1866 2318 metrOpolitani
1899 2265 2058 2302 unam
2087 2249 2222 2302 dun-

647 2329 802 2375 taxat
851 2322 1188 2391 provinciam
1223 2328 1462 2391 regunt.
1521 2319 1730 2391 Singuli
1778 2321 1943 2391 enim,
1982 2327 2220 2388 praesunt

647 2387 925 2515 episcopis
951 2405 1065 2446 suae
1082 2389 1394 2471 provincia‘.
1418 2387 1754 2444 Patriarcha:
1773 2405 1900 2443 vero
1917 2387 2220 2453 diasttesitn,

647 2460 666 2514 i
723 2471 806 2515 est
829 2462 1031 2515 inultas
1050 2463 1210 2515 sunul
1243 2460 1458 2515 iunctas
1477 2460 1789 2515 Drmincius
1809 2459 2217 2515 administrant.

645 2459 702 2515 id
723 2471 806 2516 est
829 2459 1031 2516 inultas
1050 2459 1210 2515 simul
1237 2460 1458 2527 junctas
1477 2460 1789 2527 pr0\'incias
1809 2459 2217 2522 athuinistrant,

647 2539 702 2584 et
729 2531 1006 2599 subjectos
1035 2530 1138 2584 sibi
1169 2527 1367 2584 habent
1397 2530 1597 2582 multos
1629 2530 2101 2599 metropolitanos.
2138 2527 2214 2582 De

646 2599 735 2656 his
752 2617 882 2670 ergo
906 2600 1293 2670 intelligendus
1324 2607 1407 2670 est
1431 2599 1738 2670 hiccanon,
1775 2616 1882 2653 non
1907 2600 1974 2653 de
2006 2600 2218 2668 simpli-

649 2669 1541 2741 cibusnietropolitanis._Alioqui
1570 2685 1762 2741 manca
1809 2679 1976 2738 atque
2018 2670 2218 2740 imper-

646 2739 790 2794 fecta
832 2749 974 2795 esset
1010 2737 1349 2796 constitutio
1400 2737 1624 2792 Patrum
1671 2737 2033 2792 Nicaenorum.
2083 2737 2217 2793 Cum

644 2811 792 2864 enim
835 2813 1220 2880 episcoporum
1263 2808 1596 2880 ordinatioui
1638 2809 1856 2880 abunde
1901 2809 2215 2878 prospexis-

645 2889 794 2944 sent,
829 2878 993 2950 quam
1028 2878 1059 2934 a
1090 2879 1526 2949 tnetropolitanis
1547 2878 1860 2950 conﬁrmari
1893 2888 2216 2950 sanxerunt,

643 2949 890 3004 restabat
929 2959 992 3004 ut
1033 2951 1103 3006 de
1142 2950 1690 3018 metropolitanorum
1721 2949 1966 3016 ipsorum
1994 2949 2219 3003 ordina-

643 3021 797 3074 tione
831 3027 1154 3076 statuerent.
1199 3019 1256 3072 Id
1289 3028 1469 3073 autem
1495 3020 1697 3073 diserte
1738 3020 1948 3074 faciunt
1988 3019 2092 3073 hoc
2123 3033 2218 3072 ca-

644 3105 790 3145 none
821 3090 888 3155 6,
932 3091 1057 3146 illos
1093 3104 1123 3143 a
1165 3089 1493 3159 patriarchis
1525 3089 1768 3143 ordinari
1801 3089 2090 3158 iubentes,
2122 3087 2217 3158 qui

644 3168 775 3230 sunt
809 3161 1214 3230 metropolitani
1259 3159 1828 3228 metropolitanorum.
1875 3161 1950 3212 lta
1982 3159 2216 3230 oinnino

643 3225 1001 3300 intelligenda
1048 3238 1176 3284 sunt
1215 3230 1330 3300 [nec
1356 3225 1518 3283 verba
1559 3230 1788 3300 canonis
1821 3227 2033 3283 nostri:
2070 3225 2217 3282 Illud

645 3298 1170 3368 autent’generaliter
1206 3298 1410 3352 clarum
1453 3307 1566 3362 est,
1611 3299 1748 3368 quod
1793 3300 1838 3352 si
1872 3300 1989 3368 quis
2026 3310 2217 3366 printer

643 3370 1038 3436 metropolitani
1090 3369 1406 3424 sententiam
1454 3369 1614 3436 fuerit
1672 3369 1848 3436 factus
1901 3370 2212 3436 episcopus,

643 3439 779 3492 ltuitc
829 3456 1020 3509 magna
1071 3439 1302 3509 synodus
1349 3438 1584 3509 deﬁnivit
1627 3439 1924 3507 episcopum
1956 3454 2067 3509 esse
2113 3454 2215 3490 non

641 3507 1113 3575 oportereﬁCerte
1153 3507 1395 3562 Joannes
1446 3507 1692 3562 Zonaras
1761 3507 2215 3574 metropolitauos

642 3577 748 3630 hoc
779 3580 897 3630 loco
928 3578 1318 3645 interpretatur
1348 3577 1722 3645 patriarchas,
1757 3577 1850 3645 qui
1881 3587 2009 3629 sunt
2040 3577 2214 3642 majo-

642 3660 734 3716 res
758 3643 1187 3716 mctr0politani.
1211 3643 1493 3698 Nam'cum
1530 3643 1860 3716 Alexandria
1895 3646 2214 3713 metropolis

644 3715 715 3768 sit
757 3714 1213 3784 totius—Egypti,
1257 3723 1475 3784 etcuur
1513 3714 1804 3768 Antiochia
1858 3729 1886 3765 a
1939 3716 2215 3768 veteribus

642 3785 790 3837 dicta
817 3786 887 3839 sit
914 3781 1230 3854 metropolis
1253 3787 1423 3838 totius
1445 3781 1710 3847 Orientis,
1728 3784 1969 3852 episcopi
1998 3785 2214 3854 illarum

643 3854 928 3909 civitatum
982 3853 1384 3923 metropolitani
1403 3854 1530 3924 jure
1560 3854 1668 3906 dici
1696 3862 1945 3922 possunt.
1969 3853 2215 3922 Cumque

643 3925 1079 3993 patriarcharum
1116 3939 1315 3978 nomen
1349 3925 1592 3978 nondum
1630 3925 1885 3991 usurpari
1927 3925 2212 3991 cmpisset,

646 4010 749 4064 pro
797 3995 1124 4064 patriarchis
1166 3993 1376 4049 Nicaaui
1421 3993 1614 4048 Patres
1652 3993 2104 4064 metropolitanos
2134 3995 2216 4048 vi-

642 4065 844 4120 dentur
869 4067 1142 4136 posuisse.

1285 4155 1438 4212 CAP.
1471 4141 1556 4211 ut.

714 4247 923 4305 Omnes
954 4259 1122 4315 certe,
1161 4258 1271 4303 tam
1304 4249 1514 4319 antiqui
1539 4263 1705 4318 quam
1742 4247 2082 4319 recentiores
2115 4248 2210 4318 qui

643 4327 771 4375 ante
800 4319 1106 4375 Launoium
1135 4318 1458 4388 scripsere,
1500 4334 1768 4373 cauonem
1815 4318 1963 4372 hunc
1991 4319 2060 4372 rle
2115 4334 2213 4386 pa-

642 4389 912 4445 triarchis
951 4391 1288 4445 intellexere.
1356 4390 1599 4442 Primum
1653 4390 1800 4444 enim
1849 4391 2211 4442 Innocentius

644 4473 783 4529 papa
819 4459 872 4512 in
928 4461 1159 4528 epistola
1209 4458 1276 4511 ad
1307 4459 1705 4523 Alexandrum,
1741 4461 1887 4512 hunc
1933 4457 2211 4529 Metennio

643 4528 912 4583 eauouem
940 4530 1013 4582 ita
1049 4529 1316 4583 intellexit
1351 4548 1365 4582 :
1403 4529 1477 4581 ait
1505 4529 1775 4598 siquidem
1807 4528 2210 4582 Antiochenam

647 4598 950 4654 Eeclesiam
987 4613 1017 4652 a
1058 4598 1294 4653 Nicaenis
1343 4598 1598 4652 Patribus
1642 4598 1745 4652 hoc
1800 4599 2045 4663 decreto,
2097 4613 2210 4653 non

645 4683 812 4737 supra
841 4682 1006 4722 unam
1051 4668 1413 4738 provinciam,
1454 4667 1548 4722 sed
1579 4682 1746 4738 supra
1795 4683 1950 4738 suam
2006 4668 2210 4723 dioece-

645 4736 750 4791 sim
777 4753 900 4794 esse
938 4736 1319 4792 conétitutam.
1371 4736 1577 4792 Deinde
1616 4736 1768 4791 addit
1799 4737 2206 4792 Antiocheuum

643 4809 962 4877 episc0pum
1003 4807 1454 4877 iuetropolitauos
1486 4809 1760 4876 praecipuo
1813 4808 2050 4877 quodam
2079 4809 2208 4875 jure

642 4877 903 4932 ordinare
926 4878 1146 4931 solitum
1181 4893 1322 4936 esse,
1355 4893 1418 4930 ex
1445 4883 1769 4931 auctoritate
1799 4878 2012 4931 scilicet
2043 4878 2208 4946 hujus

643 4947 874 5002 canonis
918 4945 1142 5017 Nicami.
1183 4946 1347 5016 Atqui
1382 4947 1488 5000 ista
1537 4949 1670 5002 Solis
1718 4947 2054 5001 conveniunt
2113 4945 2208 5017 pa-

643 5017 920 5072 triarehis.
951 5016 1017 5070 Hi
1069 5019 1214 5072 enim
1266 5018 1367 5072 soli
1414 5017 1698 5071 dioecesim
1748 5017 1969 5080 habent,
2013 5025 2067 5071 et
2100 5016 2210 5073 me-

641 5088 1006 5156 tropolitanos
1045 5089 1338 5151 ordinant,
1373 5094 1431 5140 ut
1458 5087 1601 5140 inl'ra
1633 5087 1956 5141 videbimus.

714 5155 1036 5228 Innocentio
1081 5157 1293 5228 accedit
1344 5156 1812 5228 llieronytnushin
1855 5156 2090 5227 epistola
2139 5155 2209 5211 ad

641 5227 1056 5282 Pammachium
1078 5227 1145 5296 de
1165 5227 1444 5281 erroribus
1461 5225 1695 5282 Joannis
1725 5225 2206 5296 llierosolytnitani

641 5302 716 5352 ita
753 5298 1004 5352 scribens
1036 5313 1050 5350 :
1091 5295 1166 5350 Tu
1209 5299 1298 5364 qui
1340 5299 1547 5365 regulas
1581 5299 1779 5367 qua'ris
1812 5295 2206 5352 ecclesiasticas

640 5379 689 5422 et
721 5367 930 5421 Nirteni
952 5368 1163 5421 concilii
1194 5369 1484 5420 canonibns
1519 5370 1710 5432 uteris,
1739 5379 1788 5422 et
1823 5368 2024 5422 alienos
2045 5368 2203 5420 cleri-

641 5455 750 5503 cos,
786 5447 836 5492 et
863 5455 981 5490 cum
1021 5439 1131 5492 suis
1155 5439 1412 5504 episcopis
1436 5450 1822 5492 commorantes
1876 5441 1971 5492 tibi
2017 5439 2205 5492 niteris

640 5525 920 5577 usurpare,
954 5511 1205 5575 responde
1241 5509 1366 5559 mihi
1393 5547 1405 5569 ,
1444 5509 1512 5560 ad
1557 5510 1976 5562 Alexandrinum
2003 5510 2206 5572 episco-

639 5596 764 5647 pum
800 5579 1096 5632 Palwstina
1140 5579 1265 5647 quid
1303 5581 1568 5645 pertinet?
1619 5581 1693 5632 Ni
1747 5580 1930 5648 fallor,
1991 5586 2086 5631 hoc
2131 5580 2206 5632 ibi

639 5651 956 5713 decernitur,
1003 5659 1058 5702 ut
1100 5649 1406 5702 Palwstinw
1442 5650 1741 5715 metropolis
1765 5650 2010 5703 Ca'sarea
2035 5652 2124 5708 sit,
2155 5658 2207 5701 et

641 5721 800 5771 totius
830 5720 1061 5773 Orientis
1094 5720 1388 5772 Antiochia.
1424 5722 1530 5772 Aut
1580 5721 1744 5789 igitur
1787 5719 1854 5772 ad
1901 5720 2206 5772 Cwsarien-

640 5805 748 5841 sem
775 5791 1075 5860 episcopum
1109 5791 1302 5859 referre
1333 5789 1607 5857 debueras,
1641 5792 1724 5844 cui
1757 5800 1931 5860 spreta
1969 5805 2200 5843 Commu-

1706 359 1772 414 IN
1824 357 2198 416 SOCRATEM
2236 357 2326 415 ΕΤ
2367 357 2793 418 SOZOMENUM

2092 1829 2224 1898 quid
2276 1873 2291 1892 ,

3683 375 3777 434 i636

2343 473 2500 531 nione
2535 489 2627 556 tua
2653 476 3048 556 communicare
3076 492 3397 556 nos‘noperas
3425 519 3437 534 .
3471 488 3548 536 aut
3585 487 3623 539 εἰ
3654 497 3781 556 procul

2337 547 2686 619 expetendum
2701 547 3130 619 judiciumerat,
3149 549 3462 603 Antiochiam
3487 556 3630 619 potius
3651 547 3780 616 littere

2335 615 2648 687 dirigendtc.
2700 615 2928 670 Fatetur
2971 615 3292 687 Launoius.
3335 615 3524 675 sextum
3587 615 3779 687 canoneni

2335 684 2552 764 Nicazni
2585 687 2806 764 concilii
2849 687 2936 741 hic
2971 687 3042 740 ab
3075 686 3394 764 Hieronymo
3422 691 3666 764 designari.
3691 684 3782 756 Curii

2335 770 2468 836 ergo
2502 757 2652 810 dicat
2681 755 3090 836 .llieronymusl,
3146 755 3781 836 Antiochenutn'episcopuin

2335 839 2400 898 ex
2433 827 2656 898 decreto
2681 826 2832 881 illius
2870 826 3108 898 canonis
3176 828 3422 884 habuisse
3466 831 3542 898 jus
3576 826 3625 888 in
3652 826 3782 893 Eécle

2335 896 2474 950 siam
2502 895 3034 976 Palaestina-“idque
3083 913 3250 968 supra
3281 895 3688 976 metropolitanum
3708 910 3784 976 epi-

2333 979 2590 1034 scopum,
2623 966 2690 1020 de
2723 966 3052 1034 patriarchis
3103 966 3229 1022 eum
3265 966 3508 1024 canoném
3537 966 3784 1031 intellexerit

2333 1049 2566 1110 necesse
2593 1045 2696 1092 est.
2730 1037 3066 1110 Patriarchae
3095 1041 3238 1092 enim
3272 1051 3434 1110 erant
3464 1055 3605 1110 supra
3639 1057 3784 1100 metro-

2331 1107 2630 1174 politanos,
2687 1116 2741 1159 et
2796 1108 2954 1182 quasi
2976 1107 3785 1182 metropolitanimetropolitano-

2334 1190 2478 1251 rum,
2523 1185 2582 1251 ut
2608 1189 2775 1246 supra
2807 1177 2944 1229 dixi.
2976 1176 3131 1251 Linde
3159 1176 3320 1251 etiam
3359 1176 3687 1251 Hieronymus,
3709 1194 3782 1238 tant

2331 1245 2756 1319 antiocheuum,
2791 1261 2953 1319 quam
2987 1247 3374 1304 Caesariensem
3403 1245 3685 1319 episcopum
3719 1255 3785 1308 ilii-

2331 1314 2455 1392 (lem
2493 1324 2649 1392 vocat
2681 1314 3164 1392 metropolitanum
3191 1337 3206 1383 ;
3237 1320 3314 1392 sic
3361 1314 3505 1392 enim
3534 1314 3782 1392 su'lijungit:

2331 1382 2435 1438 Sed
2483 1387 2720 1438 novicur
2759 1382 3082 1448 Cresaream,
3133 1382 3231 1440 cur
3285 1389 3583 1442 Antiochiam
3617 1382 3783 1446 notatam

2329 1456 2554 1508 mittere.
2592 1453 2806 1509 Sciebas
2827 1455 2953 1525 quid
2987 1455 3214 1524 fugeres,
3237 1457 3356 1525 quid
3402 1460 3587 1514 vitam.
3612 1459 3786 1516 Metuisti

2329 1527 2597 1597 occupatis
2627 1526 2848 1579 auribus
2893 1527 3192 1597 molestiam
3238 1529 3436 1597 facere,
3461 1546 3592 1597 quam
3621 1530 3783 1584 debitum

2328 1594 2733 1668 metropolitano
2771 1605 2858 1668 tuo
2887 1596 3136 1649 honorem
3166 1594 3392 1652 reddere.
3426 1594 3572 1652 Recte
3595 1615 3696 1668 ergo
3721 1603 3785 1655 Pe-

2327 1671 2447 1719 trus
2481 1666 2548 1719 de
2590 1664 2771 1718 Marca
2803 1666 3138 1732 observavit,
3168 1682 3426 1720 canouem
3447 1680 3625 1722 sextum
3645 1664 3785 1726 Nicani

2328 1735 2552 1808 concilii
2581 1736 2647 1788 de
2680 1735 3030 1808 patriarehis,
3063 1745 3119 1789 ct
3151 1737 3221 1790 de
3273 1738 3605 1808 patriarchico
3623 1740 3712 1808 jure
3731 1744 3787 1794 iu-

2325 1805 2600 1877 tellectum
2642 1821 2768 1877 esse
2800 1805 2870 1858 ab
2899 1805 3260 1877 Hieronymo.

2395 1873 2666 1948 Praaterea
2715 1873 2956 1948 Joannes
3014 1873 3413 1948 scholasticus,
3469 1879 3550 1946 qui
3595 1890 3786 1948 regnante

2322 1940 2642 2018 Iustiniano
2673 1945 2990 2013 patriarcha
3048 1946 3151 1998 fuit
3195 1940 3718 2018 ponstanti'nOpoleos.
3748 1952 3784 2005 in

2328 2011 2652 2085 Collectionis
2675 2011 2944 2068 canonum
2979 2031 3156 2085 nuper
3193 2015 3417 2072 Parisiis
3438 2011 3584 2082 edita,
3634 2011 3786 2074 sextum

2322 2081 2472 2157 hunc
2500 2099 2766 2157 canonem
2807 2085 2876 2157 de
2923 2081 3260 2157 patriarcliis
3310 2081 3577 2157 intelligit.
3611 2087 3712 2140 Nam
3747 2091 3784 2142 in

2323 2155 2512 2227 primo
2541 2155 2701 2208 titulo
2723 2154 3077 2212 Collectionis
3128 2171 3267 2227 suaf,
3299 2157 3387 2227 qui
3420 2154 3502 2212 est
3539 2157 3596 2210 de
3622 2159 3786 2226 patriar-

2324 2224 2466 2297 ehis,
2501 2225 2649 2297 hunc
2680 2236 2893 2297 sextum
2923 2240 3192 2297 canonem
3227 2224 3426 2282 Nic'zeni
3451 2224 3642 2282 concilii
3669 2230 3788 2297 primo

2322 2293 2444 2366 loco
2479 2295 2654 2362 ponit.
2705 2293 2832 2366 Fuit
2858 2303 3042 2366 autem
3089 2295 3334 2352 Joannes
3369 2293 3696 2351 Seholastictis
3731 2314 3788 2366 pa-

2323 2364 2589 2437 triarcha,
2623 2373 2682 2416 tit
2715 2364 2828 2433 jam
2861 2364 3008 2430 dixi;
3059 2380 3122 2419 ac
3158 2367 3387 2437 proinde
3442 2364 3786 2437 patriarcharum

2324 2431 2445 2514 jura
2517 2431 2772 2514 ignorare
2839 2447 2950 2514 non
3003 2431 3205 2514 potuit.
3267 2431 3585 2514 Frustraque
3631 2440 3792 2490 omnino

2369 2505 2606 2557 aunoius
2655 2505 2774 2570 ejus
2824 2507 3212 2560 auctoritatem
3267 2505 3570 2561 imminuere
3609 2517 3790 2569 conatur,

2319 2571 2450 2647 dum
2497 2576 2545 2627 ei
2577 2573 2792 2638 objicit,
2825 2575 2972 2642 quod
3008 2576 3110 2647 sub
3140 2577 3308 2647 t_i_tulo
3343 2578 3409 2632 de
3438 2577 3789 2647 patriarchisse-

2319 2644 2552 2711 ptimum
2578 2657 2845 2698 canouem
2886 2645 3105 2699 concilii
3145 2645 3356 2700 Νὴ)πηί
3389 2644 3629 2708 retulerit,
3659 2647 3700 2698 in
3720 2661 3791 2712 quo

2319 2714 2502 2781 agitur
2523 2713 2590 2787 de
2621 2715 2828 2787 honore
2882 2712 3145 2787 {Eliensis
3198 2718 3460 2787 episc0pi.
3497 2718 3652 2769 Primo
3691 2719 3789 2769 enim

2317 2782 2638 2851 responderi
2666 2791 2862 2852 potest,
2885 2782 3361 2852 idadditunresse
3388 2782 3657 2841 recentiore
3679 2799 3787 2838 manu

2316 2866 2418 2906 nec
2447 2854 2516 2908 ab
2554 2851 2675 2926 ipso
2699 2851 2908 2926 Joanne
2933 2851 3282 2926 scholastice
3304 2855 3665 2926 scriptum.Cur
3679 2855 3790 2926 enim,

2315 2936 2538 2992 quaeso,
2579 2923 2821 2978 Joannes
2867 2923 3260 2981 Antiochenus
3315 2941 3359 2980 a.
3393 2923 3588 2980 canone
3629 2925 3791 2992 septimo

2315 2991 2545 3064 l‘s'ica‘ni
2577 2993 2818 3064 concilii,
2852 2993 3057 3064 potius
3086 3010 3258 3064 quam
3301 3011 3331 3049 a
3383 3005 3532 3053 sexto
3563 2991 3697 3050 ordiri
3720 3008 3794 3046 nn-

2316 3062 2554 3117 luisset?
2601 3061 2804 3118 Deinde
2835 3062 2945 3116 dici
2993 3061 3176 3132 potest
3205 3081 3476 3121 canonem
3511 3067 3642 3120 illum
3680 3064 3790 3131 septi~

2317 3148 2488 3207 mum,
2519 3133 2653 3207 licet
2674 3149 2734 3187 re
2763 3147 2892 3207 vera
2929 3148 3042 3188 non
3082 3144 3214 3205 agat
3243 3137 3311 3190 de
3338 3137 3463 3207 jure
3512 3133 3793 3207 patriarchico

2315 3203 2561 3272 episc0pi
2593 3201 3143 3272 Hierosolymorum;
3163 3201 3542 3260 videri'tai'nen
3573 3206 3613 3259 ei
3635 3204 3793 3271 jnrioc-

2316 3273 2593 3343 easiouem
2623 3273 2942 3342 praebuisse.
2981 3275 3335 3343 Auctoritate
3387 3278 3525 3331 enim
3571 3275 3701 3343 hujus
3734 3284 3794 3323 ca-

2315 3342 2479 3417 nonis
2511 3342 2622 3395 nixi
2658 3343 2941 3417 antistites
2986 3342 3501 3417 Hierosolymitani,
3531 3342 3666 3401 altius
3710 3355 3796 3412 μυ·

2315 3411 2490 3482 latim
2508 3427 2629 3467 sese
2659 3412 2908 3466 attollere
2939 3411 3255 3482 coeperunt.

2389 3480 2494 3552 Sed
2530 3491 2583 3552 et
2613 3492 2807 3535 octava
2838 3480 3084 3552 synodus
3107 3499 3386 3540 canouem
3421 3486 3556 3539 hunc
3583 3481 3796 3538 nonaliter

2316 3549 2604 3604 intellexit.
2641 3553 2734 3604 Sic
2768 3549 2915 3604 enim
2949 3553 3108 3607 habet
3161 3555 3219 3607 in
3267 3557 3488 3610 actione
3530 3555 3703 3609 decima
3741 3566 3798 3604 ca-

2313 3621 2426 3689 pite
2465 3619 2679 3692 decimo
2713 3621 2994 3692 septimo,
3021 3621 3099 3676 De
3144 3633 3417 3690 potestate
3465 3623 3797 3692 patriarchma

2312 3700 2361 3743 et
2391 3691 2912 3758 metropolitanorum
2927 3690 2995 3742 ad
3007 3707 3092 3746 eos
3126 3689 3382 3748 adtentu.
3422 3713 3439 3746 t
3466 3689 3648 3748 Sancta
3668 3689 3799 3747 cluni-

2315 3757 2807 3834 versalisl‘licaana
2849 3763 3022 3834 prima
3042 3764 3298 3832 synodus
3339 3766 3606 3834 antiquam
3636 3776 3797 3834 consue-

2315 3829 2558 3905 tudinem
2606 3829 2778 3905 jubet.
2807 3831 3018 3884 servari
3073 3829 3174 3905 per
3217 3829 3516 3905 Egy'ptuiu
3560 3845 3608 3888 et
3649 3833 3798 3905 provin-

2314 3900 2430 3953 cias
2463 3915 2584 3966 qua:
2615 3899 2718 3953 sub
2766 3899 2886 3967 ipso
2940 3899 3089 3965 sunt;
3155 3903 3236 3956 ita
3287 3899 3580 3959 tit—horum
3629 3899 3798 3956 omnium

2313 3969 3031 4042 Alexandri_nus_episcopus
3065 3972 3274 4027 habeat
3328 3983 3651 4042 potestatem,
3675 3973 3800 4042 dicens

2312 4039 2443 4107 quia
2493 4047 2567 4112 et_
2603 4040 2658 4094 iu
2711 4039 3085 4093 Romanorum
3139 4039 3372 4098 civitate
3422 4041 3693 4112 hujusmodi
3726 4051 3800 4091 tuos

2311 4109 2639 4182 praevaluit:
2677 4124 2783 4182 qua
2823 4125 2920 4178 pro
2960 4126 3126 4182 causa
3163 4120 3222 4165 et
3249 4113 3366 4168 hzec
3400 4109 3584 4182 magna
3613 4124 3655 4166 et
3677 4117 3801 4182 sancti

2312 4179 2558 4250 synodus
2580 4218 2593 4241 ,
2625 4189 2730 4250 tam
2770 4178 2823 4232 in
2878 4180 3081 4250 seniori
3131 4191 3188 4235 et
3222 4199 3369 4238 nova
3403 4178 3587 4243 Roma,
3613 4195 3737 4250 quam
3767 4181 3799 4226 in

2313 4249 2441 4302 sede
2481 4249 2804 4323 Antiochia
2830 4257 2883 4303 et
2907 4248 3461 4323 Hierosolymorum,
3495 4248 3800 4323 priscani_con-

2312 4319 2661 4373 suetudinem
2698 4319 2946 4373 decernit
2971 4320 3025 4373 in
3060 4319 3332 4379 omnibus
3365 4319 3674 4383 conservari,
3699 4320 3802 4371 itaut

2311 4404 2498 4462 earum
2524 4458 2535 4462 Α
2562 4391 2826 4462 pra-sules
2885 4390 3279 4446 universorum
3348 4393 3798 4462 metropolitanorum

2312 4459 2404 4532 qui
2431 4460 2499 4511 ab
2523 4458 2665 4532 ipsis
2693 4466 3102 4532 promoventur,
3132 4469 3191 4514 et
3223 4462 3344 4517 sive
3371 4478 3466 4532 per
3491 4458 3662 4516 manus
3689 4460 3803 4532 itnpof

2313 4525 2595 4602 sitionem,
2621 4525 2735 4602 sive
2761 4545 2860 4598 per
2882 4531 3033 4602 pallii
3069 4530 3358 4586 dationem
3372 4525 3679 4602 episcopalis
3693 4525 3805 4594 digni-

2311 4598 2805 4672 tat_is__lirmit_atem
2860 4599 3162 4668 accipiunt,
3221 4598 3468 4657 habeant
3521 4598 3802 4672 potestatem:

2311 4668 2571 4744 videlicet
2598 4668 2664 4744 ad
2694 4671 3106 4723 convocaudum
3132 4685 3257 4744 eos,
3289 4668 3806 4744 urgente'necessitate.

2311 4739 2377 4809 ad
2402 4737 2715 4809 synodalem
2739 4749 3092 4809 conventum,
3118 4742 3204 4809 vel
3236 4736 3410 4796 etiam
3437 4742 3502 4795 ad
3527 4736 3805 4809 coercendum

2309 4807 2512 4881 illos‘et
2539 4808 2954 4881 corrigendum,
2997 4825 3120 4863 cum
3160 4808 3314 4864 fama
3347 4829 3445 4867 eos
3480 4824 3627 4881 super
3645 4807 3808 4881 quibusf

2310 4879 2434 4950 dam
2477 4877 2957 4950 deflictis’forsium
2999 4883 3379 4936 accusaverit.
3417 4901 3435 4932 ι
3473 4877 3705 4950 Είρειιιυ
3727 4879 3809 4948 post

2311 4949 2476 5002 iidem
2523 4947 2713 5018 Patres
2744 4949 2811 5002 de
2843 4950 3102 5004 conciliis
3135 4947 3587 5018 patriarcharum
3623 4952 3683 5018 ita
3713 4947 3810 4998 scri-

2309 5018 2526 5092 ὺυιιιςηι
2551 5017 2656 5070 Sed
2682 5026 2874 5072 sancta
2907 5019 3022 5073 haec
3045 5017 3472 5092 et__univcrsalis
3505 5017 3726 5092 synodus,
3745 5022 3810 5065 MC

2309 5088 2546 5162 concilia
2590 5103 2791 5162 quaee
2840 5089 3313 5162 u'ietropolitanis
3350 5093 3486 5146 [lunt
3531 5087 3810 5162 interdicenS.

2311 5159 2484 5212 multo
2507 5155 2678 5226 magis
2698 5159 2790 5212 illa
2813 5163 2964 5212 novit
2988 5155 3423 5216 rationabiliora
3444 5177 3559 5217 esse
3579 5175 3633 5212 ac
3649 5155 3807 5226 utiliora

2312 5219 2856 5301 metropolitanorum
2915 5229 3210 5301 conciliis,
3280 5247 3407 5301 qua:
3455 5248 3484 5286 a
3537 5219 3808 5301 patriarchal‘i

2309 5299 2436 5352 sede
2473 5293 2911 5369 congregantur;
2946 5308 3001 5352 et
3047 5299 3263 5353 ideirco
3298 5293 3419 5356 haec
3466 5293 3573 5354 liei-i
3604 5297 3748 5419 exigit.
3781 5293 3808 5338 Α

2309 5371 2658 5419 metronolita
2687 5371 2890 5419 unione
2929 5370 3090 5419 unius
3119 5370 3356 5419 quidem
3387 5371 3658 5419 nrovincize
3709 5375 3803 5419 I500"

2307 5371 2658 5437 metropolita
2687 5371 2890 5438 quippe
2929 5370 3090 5440 unius
3119 5370 3356 5440 quidem
3387 5371 3658 5440 provinciis
3677 5370 3803 5429 dispo-

2309 5441 2436 5510 sitio
2471 5439 2703 5493 ctlicitur
2731 5459 2744 5493 :
2776 5457 2804 5492 a
2834 5439 3151 5508 patriarcha
3182 5456 3318 5495 vero
3347 5439 3490 5510 siepe
3522 5442 3671 5494 totius
3696 5442 3809 5510 caus-‘1

2307 5508 2608 5564 dioeceseos
2626 5506 2998 5579 dispensatur.
3024 5529 3041 5561 ι
3061 5511 3282 5575 Quibus
3305 5506 3489 5565 verbis
3507 5506 3732 5564 sententia
3748 5512 3809 5578 [ξο-

2309 5588 2429 5650 stra
2455 5583 2802 5648 apertissime
2835 5580 3219 5634 conﬁrmatur.
3263 5583 3440 5636 Aiunt
3469 5584 3603 5635 enim
3640 5580 3807 5650 sanctit-

2308 5649 2434 5702 simi
2489 5642 2713 5712 Patres.
2780 5650 2835 5702 in
2889 5665 3099 5703 canone
3154 5663 3326 5706 sexto
3376 5651 3575 5705 Niemni
3621 5642 3806 5700 cont-ilii-

2308 5721 2659 5792 nequeeuim
2691 5721 2858 5792 alium
2907 5735 3200 5792 canoncnr
3221 5723 3534 5792 designant,
3564 5719 3635 5788 agi
3673 5715 3723 5766 de
3747 5723 3806 5792 P‘r'

2310 5789 2569 5846 triarchis
2606 5799 2659 5846 et
2693 5791 2759 5846 de.
2785 5791 2908 5860 jure
2942 5789 3697 5860 patriarchico.'Contirmaut
3721 5791 3809 5852 με*
