4040 6336
305 391 439 448 Ιϐὒὸ

305 503 414 576 fere
437 507 560 576 post
591 501 741 557 illum
772 503 1016 575 episcopi
1035 498 1626 576 Constantmopolitani
1649 505 1708 576 in
1740 519 1870 575 syn-

301 572 833 646 oderpiscoporuui
872 572 1107 630 ordinati
1143 572 1420 646 leguntur,
1479 583 1539 628 ut
1573 572 1873 629 videre'est

303 648 354 698 in
388 642 686 712 Annalibus
728 644 1122 700 ecclesiasticis.
1154 642 1328 700 Porro
1367 645 1532 700 simul
1573 656 1735 712 atque
1783 659 1873 698 or-

302 713 472 768 dinati
513 711 750 785 fuerant,
778 715 1074 785 synodicas
1109 715 1327 771 litteras
1351 711 1662 785 mittebant
1689 713 1756 767 ad
1783 729 1872 768 re-

303 785 478 852 liquos
515 783 880 852 patriarchas,
921 787 1123 852 quibus
1167 795 1222 841 et
1265 784 1672 841 ordinationem
1712 798 1870 838 suam

303 854 412 908 illis
445 853 774 908 nuntiabant
797 863 853 907 et
877 853 1002 909 ﬁdei
1035 871 1146 910 suae
1176 855 1464 911 formulam
1498 853 1869 923 exponebant,

301 930 589 994 poscentes
621 931 682 976 ut
710 925 778 977 ab
812 924 920 978 illis
965 926 1211 980 vicissim
1245 927 1455 979 litteras
1490 924 1748 994 paciﬁcus
1774 939 1872 978 seu

302 994 824 1064 communicatorias
886 995 1221 1064 acciperent.
1278 995 1422 1060 Quin
1477 1003 1531 1048 et
1578 994 1872 1062 episcopus

304 1063 604 1135 Romanus,
631 1071 920 1135 postquam
947 1063 1385 1135 ad’pontilicatus
1409 1065 1618 1133 apicem
1649 1072 1873 1135 evectus

302 1134 499 1198 fuerat,
543 1132 816 1200 ejusmodi
863 1132 1075 1190 litteras
1108 1134 1176 1188 ad
1228 1132 1470 1204 reliquos
1522 1132 1872 1204 patriarchas

301 1204 542 1271 collegas
574 1217 707 1258 suos
746 1204 964 1258 mittere
993 1203 1379 1266 consueverat,
1408 1203 1566 1258 fidem
1606 1217 1760 1258 suam
1791 1203 1872 1258 eis

300 1288 606 1344 exponens,
636 1282 936 1344 petensque
963 1283 1022 1328 ut
1051 1291 1240 1330 eorum
1271 1275 1528 1344 precibus
1556 1283 1611 1328 et
1636 1273 1874 1344 consilio

302 1342 675 1415 adiuvaretur.
727 1342 1052 1415 Huiusmodi
1103 1342 1288 1401 exstat
1329 1344 1568 1415 epistola
1622 1342 1872 1413 Gregorii

299 1414 715 1484 paptn,scripta
759 1413 952 1468 eodem
995 1416 1244 1484 exemplo
1279 1413 1346 1468 ad
1375 1413 1587 1469 'omnes
1638 1414 1872 1482 patriar-

299 1483 457 1555 chas,
479 1483 534 1537 in
561 1484 703 1555 libro
751 1483 927 1554 primo
960 1485 1088 1555 ejus
1121 1483 1502 1555 epistolarum.
1539 1484 1666 1539 Duae
1711 1498 1873 1553 porro

301 1553 464 1626 simul
499 1553 858 1626 mittebantur
886 1554 1132 1626 epistolae
1158 1553 1462 1626 synodicae.
1499 1555 1632 1626 Nam
1671 1561 1725 1608 et
1753 1555 1872 1622 cpi-

301 1623 449 1694 scopi
484 1625 577 1693 qui
604 1624 671 1678 ad
703 1625 1107 1680 ordinationem
1149 1623 1279 1679 novi
1317 1625 1645 1694 patriarchae
1675 1638 1874 1694 conve-

301 1693 516 1758 nerant,
545 1695 864 1764 synodicam
910 1711 1013 1749 suo
1041 1697 1260 1751 nomine
1308 1693 1374 1749 ad
1405 1710 1598 1750 omnes
1633 1693 1874 1763 patriar-

299 1766 433 1819 chas
472 1765 760 1836 epistolam
795 1765 1136 1836 scribebant,
1165 1781 1286 1836 quze
1318 1765 1648 1836 patriarcha:
1675 1777 1870 1836 recens

302 1837 370 1890 ab
398 1835 532 1904 ipsis
572 1835 810 1889 ordinati
843 1833 1195 1904 praeconium
1221 1833 1581 1900 continebat;
1614 1844 1669 1889 et
1695 1834 1743 1888 is
1771 1833 1864 1902 qui

301 1913 520 1960 creatus
570 1905 751 1960 fuerat
790 1906 1128 1973 patriarcha,
1162 1906 1479 1975 synodicam
1530 1919 1685 1975 suam
1723 1919 1874 1975 seor-_-

302 1989 420 2030 sum
452 1975 703 2030 mittebat
732 1975 799 2028 ad
846 1976 1086 2044 reliquos
1117 1973 1356 2044 collegas
1404 1990 1556 2030 suos.
1586 1973 1767 2044 Cujus,
1793 1973 1870 2027 rei

301 2045 515 2115 illustre
544 2045 849 2113 exemplum
896 2043 1163 2115 habemus
1198 2043 1593 2115 inii-Ipiphauio
1633 2043 1872 2115 patriar-

300 2115 401 2169 cha
424 2112 1058 2184 Constantinopolitano.
1088 2114 1222 2169 Nam
1251 2112 1650 2185 cuiu—episcopi
1684 2128 1714 2166 a
1745 2112 1872 2185 qui-

301 2185 404 2239 bus
443 2185 730 2255 ordinatus
777 2183 958 2239 fuerat
1007 2187 1321 2255 patriarcha
1365 2183 1870 2255 Constantinopoli-

302 2263 486 2321 tanus,
512 2254 827 2326 synodicam
860 2253 1025 2308 suam
1045 2256 1400 2324 scripsissent
1427 2257 1492 2310 ad
1523 2253 1870 2326 liormisdam

299 2340 518 2447 papam,
544 2324 691 2395 ‘ipse
738 2326 1070 2393 peculiarem
1121 2327 1442 2396 synodicam
1497 2325 1562 2379 ad
1616 2324 1870 2378 eumdem

326 2393 646 2447 lormisdam
677 2409 774 2447 per
805 2396 1014 2447 lecatos
1046 2410 1176 2447 suos
1204 2397 1424 2447 direxit.
1457 2396 1536 2447 Ac
1569 2394 1724 2447 nrior
1750 2395 1870 2447 aui-

326 2393 646 2450 lt'irmisdaiu
677 2409 774 2464 per
805 2396 1014 2464 legatos
1046 2393 1176 2450 suos
1204 2397 1424 2451 direxit.
1457 2396 1536 2450 Ac
1569 2394 1724 2463 prior
1750 2395 1873 2458 qui-

299 2465 421 2519 dem
458 2465 548 2519 illa
588 2467 806 2536 proprie
835 2465 1098 2534 synodica
1142 2466 1263 2530 fuit,
1297 2467 1501 2536 quippe
1529 2479 1651 2536 quae
1680 2478 1710 2516 a
1743 2478 1874 2534 syn-

299 2536 406 2590 odo
454 2537 662 2603 scripta
691 2534 843 2590 esset
890 2542 944 2588 et
975 2537 1191 2605 praefixa
1243 2534 1468 2591 haberet
1503 2534 1724 2589 nomina
1753 2548 1873 2587 om-

300 2605 452 2659 nium
471 2606 856 2676 episcoporpm
885 2605 974 2676 qui
999 2605 1213 2676 synodo
1238 2607 1626 2666 interfuerant,
1653 2611 1874 2676 praeter:

300 2690 465 2743 quam
512 2673 694 2744 ipsius
752 2673 1064 2743 Epiphanii.
1125 2676 1400 2731 Posterior
1458 2690 1588 2730 vero
1647 2673 1872 2728 nonnisi

299 2745 598 2816 improprie
645 2745 918 2816 synodica
975 2745 1083 2799 dici
1133 2753 1334 2814 potest.
1374 2745 1616 2816 Utraque
1676 2744 1870 2816 harum

298 2815 657 2886 epistolarum
692 2815 936 2870 habetur
973 2816 1118 2886 apud
1160 2815 1452 2871 Barouium
1486 2818 1540 2871 in
1576 2815 1872 2869 Annalibus

297 2885 705 2956 ecclesiasticis,
761 2899 906 2956 anno
964 2885 1170 2940 Christi
1227 2887 1354 2941 520.
1413 2887 1546 2941 lllud
1608 2893 1873 2956 praeterea

299 2955 703 3027 observandum
736 2955 1078 3027 cs_t,_legatos
1118 2958 1552 3026 patriarcharum
1586 2955 1680 3027 qui
1715 2970 1874 3027 syno-

299 3024 452 3081 dicas
497 3027 712 3098 litteras
767 3024 1248 3098 deferebant,iuna
1283 3043 1406 3081 cum
1452 3024 1765 3098 patriarcha
1803 3024 1872 3079 ad

295 3111 459 3166 quem
493 3096 646 3150 missi
691 3094 930 3167 fuerant,
963 3095 1028 3148 ad
1062 3091 1231 3151 altare
1278 3091 1571 3167 procedere
1599 3103 1652 3150 et
1686 3094 1871 3167 Missa-

299 3165 420 3220 rum
474 3167 736 3221 solemnia
789 3166 1069 3221 celebrare
1111 3165 1302 3222 solitos
1348 3184 1487 3224 esse.
1533 3167 1699 3236 quue
1721 3165 1872 3219 indi-

295 3237 444 3290 cium
475 3247 595 3292 erat
627 3244 832 3289 mutua:
867 3236 1010 3289 inter
1055 3239 1404 3305 patriarchas
1433 3236 1864 3292 communionis.

296 3307 469 3373 Cujus
513 3308 590 3361 rei
635 3305 747 3360 duo
797 3307 1063 3362 habemus
1115 3310 1453 3362 testimonia.
1491 3307 1737 3360 Primum
1783 3313 1870 3360 est

295 3374 539 3431 Liberati
567 3376 808 3440 diaconi,
837 3376 929 3444 qui
964 3375 1016 3429 iu
1044 3379 1223 3446 capite
1256 3378 1321 3430 18
1353 3377 1639 3440 llreviarii,
1671 3376 1739 3430 de
1770 3375 1870 3428 Mi-

297 3461 432 3500 seno
463 3457 514 3502 et
549 3446 726 3501 Vitale
777 3447 974 3515 legatis
1023 3446 1282 3503 Ecclesia:
1329 3446 1590 3502 Romanae
1628 3446 1696 3500 ad
1728 3446 1870 3499 Aca-

297 3517 442 3587 cium
471 3517 1141 3584 Coustantinopolitauum
1169 3519 1491 3587 episcopum
1537 3519 1610 3570 ita
1630 3517 1864 3587 scribit:

298 3535 442 3570 crum
471 3535 1141 3584 uouswntmopoutauum
1169 3535 1198 3572 e
1244 3535 1491 3587 Iscopum
1537 3535 1610 3570 ita
1630 3535 1864 3572 scribit:

298 3584 442 3640 Itum
473 3597 550 3640 est
590 3587 1129 3658 Constantinopolim.
1174 3535 1244 3640 ἐξ
1297 3587 1590 3658 supradicti
1639 3586 1871 3658 episcapi

296 3658 352 3709 in
392 3658 687 3711 custodiam
718 3665 841 3710 sunt
878 3654 1102 3720 redacti,
1145 3654 1629 3718 chartis’sublatis,
1661 3672 1723 3709 ne
1759 3654 1868 3709 Ca-

295 3727 527 3793 tholicis,
560 3730 746 3798 quibus
795 3728 1050 3794 scriptum
1090 3729 1286 3796 fuerat,
1321 3728 1678 3781 redderentur.
1723 3724 1867 3791 Quos

295 3797 488 3851 iterant
523 3799 745 3856 Aeacius
782 3807 896 3864 post
926 3799 1036 3850 lucc
1059 3799 1124 3851 de
1151 3801 1394 3852 custodia
1425 3799 1659 3865 ejiciens,
1692 3812 1867 3850 secum

297 3867 420 3935 fecit
449 3870 745 3936 procedere,
773 3877 828 3919 ut
857 3869 1012 3936 quasi
1048 3871 1362 3937 conﬁrmato
1398 3869 1543 3922 Petri
1573 3867 1866 3920 sacerdotio

293 3939 705 3993 dimitterentur.
759 3939 1002 3991 Alterum
1049 3941 1426 3993 testimonium
1487 3945 1570 3993 est
1616 3937 1866 4006 Gregorii

297 4007 500 4078 Magni,
546 4011 641 4078 qui
694 4009 747 4061 in
791 4009 1019 4077 epistola
1070 4010 1157 4073 5|,
1195 4011 1291 4064 lib.
1341 4025 1419 4071 rt,
1463 4010 1530 4062 ad
1577 4007 1864 4075 Eulogium

295 4079 721 4133 Alexandrinum
750 4084 804 4131 et
835 4078 1186 4132 Auastasium
1217 4080 1621 4132 Autiovheuum
1650 4083 1866 4144 episco-

296 4164 394 4217 pos
447 4152 521 4202 ita
570 4149 806 4203 scribit:
841 4146 1190 4214 Rcsponsales
1240 4150 1428 4216 fratris
1478 4159 1525 4200 et
1571 4147 1864 4217 coepiscopi

293 4215 459 4271 nostri
487 4219 703 4288 Cyriaci
724 4218 1001 4288 venientes,
1030 4219 1144 4286 ejus
1173 4219 1240 4271 ad
1271 4235 1351 4272 me
1382 4217 1688 4287 synodicam
1714 4215 1866 4270 detu-

293 4288 461 4341 lerunt
501 4287 798 4358 epistolam.
824 4287 892 4340 Et
931 4288 1137 4357 quidem
1170 4289 1305 4341 inter
1336 4307 1426 4342 nos
1455 4299 1502 4341 et
1535 4302 1724 4353 ipsum,
1761 4289 1866 4340 sic-

289 4370 345 4409 ut
389 4369 558 4413 vestra
616 4359 882 4414 beatitudo
944 4359 1083 4412 novit
1123 4401 1136 4423 ,
1198 4372 1408 4427 propter
1460 4358 1863 4426 appellationem

289 4429 502 4497 profani
534 4431 760 4484 nominis
794 4440 866 4482 est
909 4430 1086 4497 gravis
1135 4429 1428 4482 discordia.
1467 4427 1569 4482 Sed
1617 4427 1669 4479 in
1699 4444 1862 4482 causa

288 4498 412 4567 fidei
459 4503 798 4556 transmissos
866 4499 1193 4567 responsales
1222 4500 1362 4568 ejus
1407 4499 1704 4554 existimavi
1752 4515 1863 4553 esse

284 4572 668 4640 suscipiendos,
693 4587 754 4630 ne
777 4569 930 4638 culpa
957 4567 1226 4640 elationis,
1258 4567 1373 4641 quia
1401 4572 1456 4625 in
1484 4568 1862 4625 Constantino-

1604 388 2209 452 OBSERVATIONES.

3410 389 3549 446 1666

1975 507 2215 576 politana
2258 504 2494 562 Ecclesia
2529 523 2655 576 pene
2676 515 2860 563 contra
2906 523 3082 564 omnes
3116 510 3410 561 sacerdotes
3453 519 3551 556 ex.

1975 588 2093 649 orta
2126 587 2224 639 est,
2270 579 2648 649 dissensignem
2697 579 2822 649 ﬁdei
2865 588 2914 633 et
2965 580 3137 631 ria‘am
3175 576 3550 649 ecclesiasticis

1976 647 2172 715 faceret
2213 649 2427 703 unitati.
2479 644 2706 702 Eosdem
2743 665 2863 703 vero
2909 648 3258 716 responsales,
3293 645 3416 716 quia
3452 644 3551 697 hoc

1976 717 2188 772 omnino
2245 719 2495 772 similiter
2541 719 2912 787 precabantur,
2962 719 3247 772 missarum
3293 715 3550 787 solemnia

1979 803 2184 860 uterum
2217 788 2482 860 celebrare
2513 783 2614 857 feci
2633 805 2652 844 :
2681 790 2806 860 quia
2838 793 2975 842 sicut
3018 797 3066 842 et
3091 785 3422 860 serenissima
3451 783 3551 860 do-

1975 859 2118 928 mino
2151 858 2458 926 imperatori
2479 869 2662 913 nostro
2684 857 2986 928 signiﬁcare
3001 857 3548 928 studui,rresponsales

1977 927 2162 999 fratris
2191 939 2240 999 et
2257 929 2657 999 consacerdotis
2687 926 2856 983 nostri
2896 928 3108 999 Cyriaci
3147 926 3273 999 milii
3311 940 3548 999 commu-

1975 998 2156 1051 nicare
2181 997 2487 1062 debuerunt,
2524 1001 2613 1062 qui
2635 1010 2849 1053 auctore
2877 995 2984 1052 Deo
3018 1001 3074 1051 in
3111 995 3354 1050 elationis
3401 1010 3543 1048 erro-

1977 1083 2089 1139 rem
2122 1084 2223 1122 non
2277 1068 2462 1139 cecidi.
2514 1063 2615 1123 Ubi
2663 1069 2836 1139 vides,
2869 1083 2968 1139 pro
2994 1083 3059 1123 eo
3092 1064 3236 1139 quod
3265 1063 3549 1139 Liberatus

1977 1137 2244 1208 diaconus
2275 1138 2509 1205 dixerat,
2545 1138 2842 1207 procedere,
2871 1133 3201 1208 Gregorium
3229 1148 3426 1208 papam
3463 1133 3550 1186 di.-

1977 1207 2144 1270 xisse,
2187 1202 2777 1262 missarum’s'olemnia
2825 1202 3105 1263 celebrare.
3152 1202 3338 1258 Utitur
3367 1210 3549 1255 tamen

1977 1276 2187 1348 ibidem
2215 1275 2512 1348 Gregorius
2535 1280 2700 1348 verbo
2731 1277 3027 1347 procedere,
3053 1280 3106 1330 in
3139 1275 3328 1330 eodem
3359 1286 3546 1327 sensu.

1978 1344 2071 1417 Sic
2103 1346 2250 1417 enim
2278 1344 2598 1417 subjungit:
2639 1344 2784 1403 Meus
2823 1365 2941 1402 vero
2971 1349 3225 1417 diaconus
3273 1359 3389 1396 cum
3413 1358 3552 1417 pra'o

1976 1415 2116 1469 dicto
2149 1411 2693 1486 Cyriaco'ntissarum
2749 1419 3003 1472 solemnia
3037 1414 3296 1471 celebrare
3324 1429 3426 1466 non
3459 1411 3550 1486 de-

1977 1487 2080 1551 bet,
2115 1483 2208 1556 qui
2233 1503 2322 1555 per
2362 1489 2643 1556 profanum
2691 1489 2999 1542 vocabulum
3045 1487 3253 1556 culpam
3294 1483 3550 1556 superbia:

1977 1565 2088 1632 aut
2119 1553 2410 1632 commisit,
2437 1553 2814 1632 autsequitur.
2853 1557 2936 1612 Ne
2969 1553 3200 1632 si,Aqu'od
3250 1553 3552 1632 absi‘t,.pro-

1977 1627 2111 1681 cedit
2139 1627 2185 1680 ei
2213 1627 2268 1681 in
2297 1629 2394 1680 tali
2425 1622 2654 1697 elatione
2698 1632 2894 1697 posito,
2930 1622 3240 1697 vanitatem_
3261 1622 3416 1697 stulti
3453 1637 3549 1697 no-

1978 1697 2135 1772 minis
2149 1699 2483 1772 _c_onfirm_are
2512 1691 2804 1772 videamur.
2844 1699 2991 1772 Idem
3019 1694 3314 1772 Gregorius
3348 1692 3403 1772 in
3435 1691 3551 1772 epi-

1979 1768 2117 1839 stola
2148 1768 2217 1821 30
2246 1761 2492 1839 ejusdem
2515 1768 2640 1839 libri
2671 1783 2840 1839 quam
2869 1766 3092 1839 scripsit
3125 1761 3205 1839 5a
3227 1761 3550 1839 hiauricium

1975 1833 2388 1906 imperatorem,
2421 1837 2489 1892 de
2527 1833 2714 1892 eadem
2743 1853 2802 1891 re
2834 1838 2908 1890 ita
2943 1833 3114 1906 dicit:
3149 1833 3440 1906 Meliusque
3462 1846 3550 1884 eos

1971 1905 2131 1982 quam
2162 1908 2482 1982 consuetudo
2518 1909 2696 1976 prisca
2732 1908 2918 1982 fuerat
2950 1905 3224 1982 honoravi,
3252 1911 3302 1956 et
3347 1916 3553 1982 mecum

1973 1976 2073 2044 feci
2091 1993 2177 2030 eos
2206 1994 2361 2051 sacra
2389 1975 2676 2051 missarum
2700 1975 2955 2051 solemnia
2981 1975 3274 2029 celebrare:
3295 1975 3419 2051 quia
3447 1975 3556 2051 sic;

1971 2039 2030 2099 ut
2076 2063 2220 2099 meus
2253 2048 2510 2100 diaconus
2559 2047 2626 2100 ad
2673 2046 2966 2101 exhibenda
3006 2061 3162 2099 sacra
3188 2041 3442 2111 mysteria
3473 2039 3555 2092 illi

1972 2131 2074 2169 non
2104 2116 2252 2170 debet
2274 2118 2600 2183 ministrare,
2633 2119 2722 2183 qui
2762 2116 3008 2172 elationis
3039 2113 3249 2181 culpam
3278 2119 3370 2183 aut
3413 2126 3556 2183 com-

1972 2187 2141 2249 misit,
2169 2195 2259 2239 aut
2289 2187 2353 2241 ab
2380 2187 2502 2240 aliis
2527 2181 2862 2241 commissam
2889 2188 3000 2254 ipse
3027 2201 3128 2239 non
3163 2182 3378 2254 corrigit
3407 2195 3424 2233 :
3478 2181 3554 2232 ita

1973 2257 2206 2310 ministri
2236 2258 2381 2310 illius
2407 2258 2460 2310 in
2491 2258 2842 2312 celebratione
2875 2252 3006 2309 mihi
3037 2253 3222 2309 adesse
3243 2252 3554 2314 debuerunt,

1972 2329 2081 2396 qui,
2119 2327 2444 2396 custodiente
2489 2327 2620 2390 Deo,
2651 2329 2707 2380 in
2758 2327 3016 2394 superbia:
3059 2339 3291 2396 errorem
3321 2337 3426 2376 non
3469 2337 3556 2373 ce-

1973 2391 2099 2448 cidi.
2142 2395 2387 2466 Denique
2426 2397 2532 2467 ipsi
2584 2391 2936 2467 patriarchae,
2990 2396 3037 2467 si
3090 2394 3229 2467 forte
3261 2391 3329 2467 _in
3373 2405 3555 2467 unum

1974 2460 2398 2531 convenisse-ut,
2451 2460 2746 2522 missarum
2798 2465 3065 2521 solemnia
3116 2462 3278 2520 simul
3308 2460 3558 2531 celebra.

1975 2535 2126 2609 bant.
2159 2535 2250 2609 Sic
2283 2530 2820 2609 imperanteﬁBasilio
2849 2534 3391 2609 Porphyrogenncto,
3415 2530 3559 2609 499-

1973 2608 2090 2674 pius
2125 2597 2546 2676 archiepiscopus
2581 2605 2834 2661 Seleucia:
2873 2597 3165 2676 inA'Sy'ria,‘
3197 2602 3387 2676 factus
3432 2597 3560 2652 llic-

1974 2669 2363 2747 rosolymorum
2393 2669 2723 2745 patriarcha,
2752 2679 2898 2747 cuni?
2925 2669 3442 2747 Constantinopolim
3475 2684 3560 2722 ve-

1975 2744 2160 2809 nisset,
2191 2744 2476 2801 missarum
2514 2747 2778 2803 solemnia
2824 2744 3104 2801 celebravit
3133 2760 3244 2797 una
3291 2756 3409 2794 cum
3456 2755 3558 2808 pa-

1976 2818 2212 2872 triarcha
2247 2818 2842 2888 Constantinopolitano
2880 2813 3134 2888 Nicolao,
3157 2822 3214 2888 et
3248 2827 3370 2888 gum
3402 2825 3561 2888 saga

1975 2889 2200 2957 synodo;
2229 2897 2296 2959 ut
2320 2890 2520 2959 legitur
2551 2878 2616 2959 in'
2642 2889 2782 2944 libro
2811 2895 3007 2959 quarto
3043 2883 3078 2938 .1
3085 2885 3206 2959 uris!
3222 2878 3561 2959 Caeco-[la-

1976 2949 2148 3029 niani,
2182 2949 2530 3029 paginav294.
2564 2958 2750 3014 Graeca
2791 2949 2871 3014 sic
2896 2956 3147 3029 habent:
3185 2949 3560 3029 'Ogslcemt‘uv

1981 3021 2217 3100 enasci:
2241 3021 2280 3091 ,⁷
2315 3029 2798 3100 συνελειτούργησε
2994 3023 3397 3100 μα-καριωιιξάτιρ
3438 3021 3561 3100 ,καὶ

1979 3097 2271 3178 ἁγιἯτάτιρ
2313 3092 2638 3178 πατρεάρχῖί
2661 3092 2842 3178 septa
2864 3092 3160 3178 _Ntuo).diq),
3197 3095 3292 3148 καὶ
3335 3094 3401 3178 τῇ
3437 3092 3560 3178 iis.in

1979 3115 2274 3221 aytwsartg
2313 3115 2628 3172 πατριαρχῃ
2661 3115 2835 3170 κυριῳ
2878 3115 3154 3166 Νικολαῳ,
3197 3115 3292 3148 και
3335 3115 3401 3178 τῃ
3438 3115 3557 3161 ιερᾳ

1975 3169 2196 3240 συνόδῳ.
2278 3176 2430 3223 ostea
2468 3169 2767 3240 imperante
2815 3167 3006 3240 Alexio
3053 3166 3331 3240 Coumque
3361 3163 3557 3240 babas,

1972 3232 2274 3309 episcopus
2303 3232 2569 3312 Caesarea}
2599 3237 2871 3312 Philippi,_
2891 3236 3071 3312 factu_s
3123 3243 3207 3291 est
3242 3232 3560 3312 Hierosoly-

1972 3301 2186 3384 morum
2229 3309 2568 3384 patriarcha,
2624 3310 2725 3384 qui
2748 3301 2978 3384 veniens
3020 3301 3558 3384 Constantinopolim

1971 3378 2270 3454 missarum
2294 3379 2564 3454 soiemnia
2594 3378 2893 3434 celebravit
2922 3392 3032 3431 una
3057 3391 3178 3454 cum
3206 3378 3558 3454 sanctissimo

1971 3449 2287 3518 patriarcha
2334 3447 2560 3519 Nicolao
2605 3457 2661 3505 et
2720 3463 2877 3504 sacra
2912 3446 3144 3519 synodo,
3183 3453 3243 3519 ut
3274 3443 3472 3519 legitur
3502 3443 3559 3496 in

1970 3513 2164 3573 eodem
2197 3519 2334 3573 libro
2365 3518 2516 3574 luris
2539 3513 3014 3575 Graeco-Romani:
3071 3513 3559 3584 Συνελειτούργῃσε

1970 3587 2060 3662 ’ξῷΔ
2101 3589 2758 3662 ἁγιωτάτῳΑπατμάρχῃ
2798 3588 3052 3662 Νικολάῳ
3091 3588 3187 3640 καὶ
3219 3586 3286 3654 τῇ
3329 3581 3557 3662 σύνρδιρ.

1974 3652 2100 3733 §cio
2137 3652 2526 3733 Leltncla'vium
2556 3652 2962 3733 'do'cii's'simum
3008 3652 3361 3733 interpretem
3405 3652 3558 3733 luris

1974 3725 2704 3795 erco-Romani,verbum
2759 3723 3424 3798 culletroupyeivlaatiue
3474 3723 3560 3774 in-

1973 3805 2328 3866 terpretatum
2353 3791 2494 3864 esse,
2526 3814 2743 3852 sacrum
2779 3791 3142 3852 ministerium
3173 3791 3558 3866 obire.Verum

1972 3863 2184 3937 nostra
2215 3868 2594 3937 interpretatio
2632 3869 2828 3921 melior
2869 3875 2973 3928 est,
3011 3867 3214 3936 quippe
3257 3863 3558 3937 quae_Cre~

1971 3938 2111 4006 gorii
2136 3936 2321 4006 Magni
2355 3932 2682 3991 auctoritate
2707 3939 2976 4000 firmatur,
3011 3932 3068 3989 ιῖῑ
3096 3932 3554 4006 έιὶρηῑνῇιιίηιυε.

1970 4003 2437 4075 ΕῙιιεόεωίῐιοτὶε
2465 4007 2676 4063 illustre
2702 4007 2962 4061 habemus
2985 4005 3295 4075 exetnplum
3333 4003 3384 4056 in
3425 4016 3561 4075 _s_vu_-

1969 4072 2074 4130 odo
2121 4075 2162 4128 V
2211 4077 2574 4141 mcumenica,
2612 4077 2702 4131 cui
2733 4085 2972 4145 quatuor
3021 4072 3370 4145 pa_triarchae_
3391 4072 3558 4145 simul

1969 4145 2374 4221 in_terl‘uerunt,_
2393 4155 2448 4201 et
2490 4140 2770 4221 inmagna
2803 4140 3035 4221 ecclesia
3079 4143 3293 4198 Sanctae
3339 4140 3557 4221 Sophia:

1970 4219 2263 4271 missarum
2298 4217 2564 4272 solemnia
2596 4211 2757 4271 simul
2794 4216 3188 4279 celebrarunt;
3248 4224 3308 4268 ut
3358 4211 3557 4265 scribit

1969 4285 2295 4340 Eustathius
2342 4288 2395 4358 in
2425 4284 2546 4340 Vita
2579 4287 2718 4340 beati
2768 4285 3013 4358 Eutychii
3049 4284 3376 4358 patriarchae
3403 4280 3555 4336 (ἐΡο-

1971 4359 2165 4412 litani:
2215 4356 2651 4424 Quadruplicem,
2687 4356 2886 4427 inquit,
2933 4356 3219 4425 quamdam
3255 4363 3304 4408 et
3337 4368 3556 4427 auream

1970 4427 2360 4499 quodammodo
2387 4423 2690 4499 conﬁciunt
2713 4423 2987 4481 catenam:
3011 4428 3065 4480 in
3098 4440 3344 4495 magnam
3389 4423 3558 4499 eccle-

1969 4493 2107 4552 siam
2133 4498 2359 4568 ingressi
2383 4493 2527 4560 sunt,
2559 4510 2608 4552 et
2637 4497 2875 4553 divinum
2898 4493 3337 4568 incruentumquc
3377 4493 3556 4549 sacri-

1972 4570 2154 4640 ﬁcium
2183 4568 2503 4636 obtulerunt,
2525 4578 2630 4624 etc.
