3970 6358
1529 492 1697 538 ANNO
1729 491 1958 538 DOI‘HNI
2003 491 2155 538 υιι.

474 610 3175 879 DIONYSII_l__S__EXIGUUS.
3425 612 3428 623 ’
3506 856 3518 879 τ

1537 926 1817 985 NOTlTlA
1847 930 1938 1000 (ex
1966 929 2155 1000 Cave).

1711 1032 1953 1045 _

257 1084 543 1159 Dionysius
591 1087 852 1159 Exiguus,
900 1088 1119 1146 natione
1171 1088 1369 1161 Scytha
1390 1130 1407 1156 ,
1437 1088 1775 1159 professione
1805 1100 1858 1154 Α
1952 1089 2191 1161 Epistola
2221 1086 2470 1159 synodica
2500 1084 2562 1142 S.
2596 1084 2783 1156 Cyrilli
2804 1093 2854 1140 et
2879 1084 3087 1140 concilii
3101 1082 3471 1152 Alexandrini,

190 1179 503 1244 monachus,
546 1186 603 1235 et
628 1179 795 1235 abbas
835 1179 1140 1246 Romanus,
1166 1180 1473 1237 Cassiodori
1502 1181 1780 1239 familiaris
1885 1182 2130 1247 adversus
2173 1176 2498 1245 Nestorium,
2528 1175 2719 1231 Latine
2740 1190 2915 1231 versa.
2945 1173 3135 1230 Exstat
3181 1182 3293 1229 tum
3322 1172 3470 1242 alibi,

188 1267 413 1339 ejusque
434 1269 486 1323 in
509 1269 790 1325 dialectica
812 1270 1134 1327 addiscenda
1147 1270 1560 1342 condiscipulus.
1579 1271 1785 1327 Claruit
1883 1280 1997 1329 tum
2027 1287 2058 1325 a
2084 1269 2309 1325 Justello
2341 1266 2484 1323 edita
2513 1282 2634 1322 cum
2658 1266 2927 1336 prioribus
2956 1263 3256 1334 Opusculis.

188 1359 395 1413 anuo5
440 1360 494 1414 5.
541 1358 687 1414 Obiit
725 1369 851 1415 ante
892 1376 1093 1417 annum
1121 1359 1258 1429 556,
1288 1378 1396 1432 quo
1425 1361 1783 1419 Cassiodorus
1956 1360 2199 1433 Epistola
2252 1358 2529 1414 Paschalis
2574 1357 2802 1412 Proterii
2847 1356 2916 1410 ad
2972 1354 3230 1421 Leonem,
3278 1353 3471 1410 Latine

190 1444 385 1501 librum
412 1446 481 1502 de
501 1447 708 1502 Divinis
732 1447 1076 1503 Lectionibus
1104 1450 1321 1520 scripsit
1348 1468 1363 1503 :
1395 1466 1459 1505 ac
1478 1451 1532 1505 in
1561 1466 1628 1506 eo
1658 1450 1781 1507 Dio-
1884 1471 2065 1520 vcrsa,
2088 1470 2193 1510 una
2216 1469 2336 1510 cum
2360 1452 2611 1524 Epistolis
2626 1452 2824 1505 duabus
2850 1451 3017 1522 ipsius
3037 1450 3225 1520 Exigui
3254 1449 3475 1521 pascha-

189 1540 401 1610 nysium
425 1539 669 1609 iamiam.
694 1542 771 1595 uti
801 1541 898 1609 ait,
929 1540 1244 1597 defunctum
1295 1543 1538 1611 impense
1577 1544 1783 1599 laudat.
1889 1549 2021 1606 libus
2049 1550 2117 1603 ad
2137 1547 2443 1603 Petronium
2472 1555 2521 1601 et
2547 1545 2905 1616 Bonifacium;
2934 1543 3163 1599 habetur
3185 1544 3237 1598 in
3260 1542 3478 1614 Appenc

189 1632 419 1687 General
451 1634 722 1701 hodieque,
748 1634 920 1704 inquit
942 1634 1092 1705 (Cap.
1117 1634 1229 1703 25),
1254 1632 1490 1688 Ecclesia
1518 1634 1777 1689 catholica
1891 1642 2010 1696 dice
2040 1640 2315 1696 Petaviani
2341 1639 2522 1709 operis
2541 1638 2608 1693 de
2639 1637 2881 1692 Doctrin.
2919 1635 3109 1706 Temp.

188 1725 328 1778 uiros
354 1724 580 1777 illustres
601 1725 945 1794 probabilium
968 1730 1274 1796 dogmatum
1299 1725 1481 1779 decore
1508 1726 1783 1796 fulgentes.
1972 1732 2091 1787 Vim
2130 1732 2194 1786 s.
2246 1730 2517 1785 Pachomii
2566 1728 2787 1792 abbatis,
2838 1727 3024 1782 ιαιξιιε
3066 1744 3229 1793 νει-δα,
3257 1734 3314 1783 ει
3340 1728 3483 1787 inter

189 1813 318 1867 Fuit
338 1815 478 1868 enim
504 1817 695 1869 nostris
735 1815 1051 1884 temporibus
1076 1824 1127 1868 et
1169 1815 1451 1886 Dionysius
1480 1815 1785 1879 monachus,
1891 1823 2042 1877 Vitas
2070 1819 2289 1875 Patrum
2323 1820 2391 1874 ab
2421 1817 2706 1875 [leriberto
2733 1817 3020 1891 Rosveydo
3043 1818 3187 1874 edita
3216 1817 3476 1888 Autverp.

187 1907 337 1960 -—in
358 1915 576 1975 utraque
598 1907 775 1978 lingua
807 1907 956 1961 valde
990 1907 1339 1974 doctissimus,
1371 1905 1591 1961 reddens
1613 1906 1783 1959 actio-
1891 1911 2052 1977 1615,
2078 1911 2237 1975 1628,
2263 1910 2492 1966 iii—folio.

191 1995 343 2051 nibus
369 1997 498 2061 suis,
521 2014 675 2068 quam
705 1998 758 2050 in
789 1998 937 2051 libris
970 1995 1178 2052 Domini
1207 1997 1424 2067 legerat,
1455 1997 1782 2068 (equitatem:
1966 2004 2151 2059 Οιοαιὶο
2187 2002 2367 2058 Procli
2393 2000 2458 2057 de
2506 2000 2744 2057 laudibus
2785 1999 3030 2073 Deipara:
3059 1999 3253 2071 (quam
3295 2006 3478 2053 tamen

189 2088 278 2158 qui
309 2086 614 2156 Scripturas
633 2087 836 2141 divinas
869 2096 1013 2140 tanta
1040 2088 1341 2141 curiositate
1368 2086 1682 2141 discusserat
1706 2094 1789 2139 αι·
1890 2108 1999 2152 non
2030 2095 2098 2149 ab
2126 2092 2356 2161 Exiguo,
2386 2090 2483 2146 sed
2510 2105 2541 2145 a
2570 2089 2741 2145 Mario
2770 2089 3089 2155 Mercatore,
3118 2103 3328 2143 versam
3360 2102 3481 2141 esse

189 2194 289 2247 que
309 2177 651 2242 intellexerat,
684 2186 809 2231 ut...
833 2176 959 2230 Fuit
987 2178 1043 2231 in
1071 2178 1163 2232 illo
1185 2192 1300 2230 cum
1318 2176 1575 2247 sapientia
1596 2191 1757 2246 magn.

1916 2182 2165 2239 :ontendit
2220 2179 2555 2236 Garnerius:
2604 2193 2668 2233 ac
2723 2176 2954 2247 proinde
2996 2175 3295 2231 versionem
3343 2174 3484 2229 inter

189 2268 521 2338 simplicitas,
551 2283 665 2320 cum
687 2267 923 2321 doctrina
953 2267 1242 2331 humilitas,
1274 2283 1391 2321 cum
1432 2264 1683 2337 facundia
1708 2265 1787 2319 lo-
1890 2275 2044 2332 istius
2067 2287 2231 2344 opera
2260 2271 2514 2342 adjuncto
2544 2277 2695 2323 textu
2712 2268 2901 2323 Grteeo
2931 2266 3251 2336 cdiditpart.
3280 2282 3336 2329 ll,
3356 2279 3477 2334 pag.

190 2359 381 2431 quendi
400 2359 649 2429 parcitas.
678 2357 837 2413 Totus
857 2359 1158 2425 catholicus,
1185 2368 1320 2415 totus
1346 2358 1577 2430 paternis
1600 2357 1787 2431 regulis
1893 2365 2013 2437 19),
2046 2362 2285 2435 Ερὶειοια
2306 2360 2539 2434 ejusdem
2580 2359 2644 2413 de
2668 2357 2800 2412 Fide
2828 2355 2897 2411 ad
2925 2359 3199 2427 Armenes,
3230 2366 3278 2409 et
3311 2355 3479 2408 altera

190 2462 579 2522 perseveranter
611 2452 922 2523 adjunctus;
951 2463 1002 2507 et
1038 2453 1287 2526 quidquid
1325 2460 1540 2522 possunt
1561 2450 1788 2523 legentes
1822 2460 1865 2520 Β
1893 2459 1964 2510 ad
2006 2453 2266 2508 Domuum
2305 2467 2399 2523 pro
2447 2448 2735 2504 Athanasio
2791 2446 3174 2501 Perrhenorum
3219 2446 3481 2517 episcopo,

190 2559 286 2612 per
331 2543 561 2597 diversos
585 2559 815 2615 qutcrere
834 2583 853 2611 ,
882 2546 938 2599 in
972 2545 1112 2601 illius
1140 2546 1356 2601 scientia
1385 2541 1787 2617 cognoscebatur
1890 2548 2083 2611 Latine
2106 2560 2303 2610 versa};
2341 2544 2608 2600 habentur
2638 2541 2691 2596 in
2731 2539 2968 2595 editione
2997 2537 3173 2594 Procli
3201 2552 3427 2609 operum
3447 2552 3481 2591 a

187 2649 348 2704 Ροαε
375 2632 596 2705 iuge"-
1892 2638 2046 2693 Vinc.
2082 2633 2348 2691 Riccardo
2374 2632 2635 2688 adornata
2668 2631 2853 2684 Roma:
2880 2626 3034 2691 l630,
3062 2628 3229 2683 in-i".

860 2724 1113 2783 OPERA.
1970 2724 2208 2798 Gregorii
2234 2720 2464 2795 Nysseni
2494 2720 2557 2775 de
2602 2719 2827 2791 Opi/icio
2853 2718 3073 2772 hominis
3104 2715 3231 2771 liber
3260 2716 3311 2770 in
3355 2716 3487 2770 duas

265 2814 515 2871 Collectio
563 2818 669 2872 sive
712 2818 887 2873 Codex
938 2834 1196 2873 canonum
1233 2815 1724 2883 ecclesiasticarum,
1755 2829 1787 2870 a
1890 2820 2085 2875 divisus
2134 2816 2410 2878 homilias,
2441 2813 2630 2869 Latine
2666 2828 2859 2868 uersus.
2903 2809 3091 2864 Exstat
3119 2810 3291 2863 versit)
3319 2807 3482 2867 Basil,

191 2907 493 2979 Dionysio;
544 2919 771 2979 rogante
817 2898 1095 2981 Stephano
1146 2909 1404 2979 episcopo
1447 2906 1787 2971 Saloninno,
1892 2908 2055 2977 1562,
2084 2907 2277 2963 Colon.
2306 2905 2467 2973 1575,
2497 2904 2594 2960 sed
2634 2904 2753 2959 sine
2800 2903 3026 2972 epistola
3078 2901 3313 2972 Dionysii
3346 2917 3483 2955 nun-

192 2996 392 3053 Latine
418 3015 607 3055 versus
632 3008 689 3055 et
728 3003 1173 3072 compaginatus,
1198 3008 1457 3055 constans
1489 2996 1791 3052 canonibus
1897 3001 2181 3073 cupatoria
2210 3001 2280 3056 ad
2325 2999 2663 3071 Eugyppium
2701 2996 3096 3068 presbyterum,
3130 3002 3186 3048 et
3238 2994 3489 3048 versione

191 3092 511 3163 apostolicis
531 3093 799 3161 prioribus
822 3092 889 3147 50
917 3101 971 3147 et
991 3092 1291 3148 canonibus
1310 3090 1664 3146 conciliorum
1692 3088 1789 3143 Ni-
1905 3092 2234 3164 praefationis
2262 3090 2489 3164 Nysseni
2527 3108 2539 3144 :
2572 3105 2707 3161 quas
2749 3089 2955 3160 primus
3004 3087 3056 3141 in
3111 3085 3281 3141 lucem
3323 3084 3490 3140 edidit

191 3183 358 3250 aeni,
378 3181 984 3253 Constantinopolitani,
1012 3181 1489 3246 Chalcedonensis,
1512 3172 1794 3237 Sardicen-
1840 3206 1843 3209 -
1894 3182 2234 3238 Mabillonius
2263 3182 2506 3238 Analect.
2548 3188 2681 3236 tom.
2705 3178 2772 3245 ll,
2793 3194 2846 3248 p.
2872 3178 2920 3231 l.

189 3272 295 3337 sis,
315 3280 370 3326 et
394 3272 769 3327 Africanorum
814 3272 1190 3343 quorumdam.
1225 3270 1414 3326 Exstat
1456 3271 1509 3325 in
1539 3269 1792 3326 omnibus
1969 3272 2210 3329 Historia
2236 3273 2546 3330 inventionis
2569 3272 2755 3342 capitis
2781 3269 2842 3327 S.
2885 3267 3111 3325 Joannis
3155 3268 3422 3339 Baptistae,
3453 3285 3489 3324 α

190 3365 555 3421 conciliorum
576 3364 1002 3427 collectionibus,
1026 3373 1082 3419 ct
1100 3380 1132 3418 a
1155 3363 1382 3419 Justello
1407 3362 1585 3419 editus
1611 3360 1785 3417 Paris.
1897 3363 2151 3419 Marcello
2172 3362 2354 3417 abbate
2374 3360 2553 3420 Grazce
2571 3362 2884 3432 conscripta,
2909 3368 2966 3415 et
2984 3360 3051 3415 ab
3069 3358 3273 3428 Exiguo
3301 3357 3490 3413 Latine

196 3452 367 3520 1628,
398 3452 573 3519 ill-8°,
614 3461 673 3509 et
713 3453 767 3509 in
794 3452 1126 3509 Bibliotheca
1154 3450 1299 3509 luris
1333 3450 1543 3507 Callon.
1582 3458 1714 3507 lom-
1747 3447 1789 3517 Ι,
1897 3472 2079 3521 uersa;
2102 3455 2244 3510 edita
2273 3461 2356 3509 est
2378 3469 2407 3508 a
2431 3451 2539 3509 CL.
2571 3452 2652 3507 Du
2676 3450 2879 3507 Fresue
2922 3450 2987 3505 ad
3022 3450 3224 3505 calcem
3245 3448 3490 3503 historici

194 3559 258 3616 P-
290 3544 386 3600 97-
1900 3554 2162 3602 tractatus
2200 3544 2270 3601 de
2312 3543 2503 3615 Capite
2531 3536 2589 3598 S.
2630 3540 2855 3600 Joannis
2896 3540 3052 3613 Bapt.
3103 3538 3274 3595 Paris.
3330 3536 3488 3606 1665,

273 3633 523 3689 Collectio
544 3634 867 3690 decretorum
887 3636 1190 3706 pontiﬁcum
1216 3633 1567 3692 Romanorum
1588 3651 1621 3688 a
1650 3632 1792 3690 Siri-
1902 3636 2076 3693 iit-5°.

196 3725 285 3779 cia
303 3724 373 3777 ad
397 3724 833 3792 Anastasiumll,
855 3734 1124 3795 quotquot
1152 3726 1375 3795 reperiri
1392 3733 1663 3794 poterant,
1687 3738 1794 3778 una
1958 3728 2148 3799 Cyclas
2168 3726 2443 3782 Paschalis
2484 3742 2737 3781 annorum
2786 3740 2947 3790 xcvu,
2979 3723 3047 3779 ab
3076 3738 3219 3781 anno
3254 3722 3360 3778 527
3391 3723 3496 3778 ini-

194 3830 327 3869 cum
357 3814 574 3881 epistola
606 3816 995 3885 nuncupatoria
1034 3815 1103 3868 ad
1139 3814 1409 3869 lulianum
1435 3813 1790 3885 presbyterum
1827 3849 1874 3914 ο
1905 3818 2035 3873 tium
2064 3816 2305 3872 ducens:
2336 3816 2491 3885 cujus
2540 3814 2898 3883 fragmentum
2956 3813 3124 3869 babes
3168 3815 3220 3869 in
3269 3813 3494 3867 Mai-iani

199 3902 523 3970 Romanum,
544 3904 636 3973 qui
668 3904 889 3975 synodis
913 3904 1099 3959 Roma:
1122 3920 1211 3959 an.
1244 3903 1350 3958 488
1384 3914 1439 3959 et
1460 3903 1564 3959 499
1603 3902 1801 3958 habitis
1833 3901 1874 3914 “’
1906 3907 2055 3963 Scoti
2079 3905 2349 3961 Cln'onico
2376 3905 2443 3959 ad
2471 3921 2598 3959 ann.
2648 3904 2771 3959 5‘27.
2803 3901 2861 3958 In
2917 3903 3021 3958 hoc
3057 3904 3211 3975 cyclo
3260 3920 3432 3959 annos
3460 3920 3493 3957 ει

193 3994 543 4063 subscripsit.
594 3992 787 4049 Exstat
825 3995 879 4048 in
926 4009 1249 4064 unaquaque
1289 3992 1657 4049 Conciliorum
1680 3991 1799 4047 edi-
1902 4000 2103 4057 Clu-isti
2163 3998 2539 4055 lncarnatione
2585 3997 2890 4053 numeravit
2938 3996 3225 4069 Dionysius
3266 4013 3277 4047 :
3331 4002 3495 4063 atque

186 4086 379 4153 tione.
409 4095 463 4141 et
491 4102 524 4140 ει
570 4084 795 4140 Justello
818 4102 921 4141 una
949 4102 1070 4141 cum
1118 4086 1316 4142 Codice
1344 4101 1613 4141 canonum
1655 4083 1800 4139 edita
1903 4092 2063 4147 istam
2090 4107 2253 4144 teram
2284 4090 2488 4159 primus
2536 4090 2774 4146 omnium
2809 4089 2963 4143 annis
3009 4086 3363 4158 supputandis
3396 4086 3493 4141 ad-

196 4175 380 4230 Paris.
406 4175 566 4239 lli-28,
590 4175 753 4243 ini-8",
768 4184 823 4231 et
848 4175 1244 4233 inBibliotlieca
1264 4174 1408 4232 luris
1430 4175 1639 4231 Canon.
1665 4182 1795 4229 tom.
1906 4184 2099 4238 “ibi”,

193 4265 246 4335 ι,
280 4282 338 4337 p.
374 4266 492 4321 l8l.

931 4499 1331 4606 PARS
1462 4498 1955 4605 PRIMA
2088 4496 2778 4603 OPERUM.

498 4737 1011 4870 OPERA
1087 4739 2014 4871 DOGMATICA
2100 4743 2298 4865 ET
2366 4726 3203 4869 CANONICA.

1341 4916 2407 5100 srisioMICA

600 5159 711 5265 S.
769 5159 1281 5263 CYRILLI
1340 5156 1503 5259 ET
1580 5154 2138 5262 CONCILII
2214 5148 3110 5259 ALEXANDRINI

1299 5315 1729 5417 CONTRA
1796 5312 2429 5386 NESTomUM

1174 5444 1207 5486 Δ
1250 5442 1543 5486 υποκγδιο
1582 5441 1820 5484 ιιχιίςυο
1876 5440 2104 5482 LATINE
2152 5441 2540 5482 TRANSLATA.

1617 4676 2083 4691 ψ

1724 5527 1986 5542 _

616 5560 983 5619 νηλείτιδΉο
1020 5563 1374 5620 EPISTULA“?
1834 5573 1888 5635 Ι)
1981 5565 2367 5625 Beneﬁciorum
2399 5576 2699 5622 vestrorum
2722 5583 2951 5636 memor,
2976 5567 3298 5623 venerabilis
3314 5566 3500 5638 Pater,

518 5666 563 5708 8.
601 5669 812 5710 εηηιιι
847 5672 1203 5713 Αιεχλκυκικι
1245 5675 1496 5715 ειηεοονι.
1808 5684 1813 5687 “
1905 5668 1963 5715 et
1989 5667 2080 5714 aut

1929 5668 1963 5714 :t
1989 5658 2286 5716 antistitum
2310 5656 2509 5712 Christi
2530 5656 2693 5713 decus
2713 5660 3006 5726 egregium,
3030 5672 3348 5724 semperque
3369 5666 3497 5713 ante

270 5743 520 5799 Domino
548 5744 863 5803 beatissimo
891 5748 1032 5802 Patri
1063 5746 1221 5807 Petro
1241 5750 1498 5824 episcopo
1518 5749 1803 5827 Dionysius
1909 5750 2099 5806 oculos
2127 5748 2321 5804 mentis
2349 5762 2630 5819 apponens
2676 5755 2865 5802 sancta
2898 5744 3349 5823 llUll'llllClthl'tllll
3372 5760 3503 5801 ves-

182 5837 465 5908 Exiguus
491 5833 544 5890 in
574 5833 805 5890 Domino
834 5838 1078 5897 salutem.
1913 5850 2121 5901 trorum
2167 5838 2342 5897 studia
2370 5854 2405 5895 a
2432 5838 2656 5913 parvulo
2695 5836 2826 5891 mihi
2873 5836 3107 5908 depensa
3128 5875 3141 5901 ,
3178 5851 3299 5903 qua:
3353 5835 3496 5890 nulla

663 5929 936 5992 Panos.
972 5934 1217 6005 LXVII.
3031 5931 3060 5989 1
