3970 6358
624 322 684 377 η
1900 322 2259 383 DlONYSlUS
2294 324 2614 387 EXIGUUS.
3790 338 3804 389 ι

616 432 790 506 spatia
820 431 1061 490 locorum
1090 442 1346 507 poterunt
1371 434 1705 503 oblitteram,
1739 437 1822 492 vel
1864 445 2206 509 temporum:
2237 443 2289 504 Δ
2315 445 2564 511 structio,
2592 457 2815 517 propter
2862 462 2958 503 eos
2991 446 3082 519 qui
3130 463 3239 504 non
3282 451 3625 506 contentionis
3667 466 3807 505 amor.

616 542 800 597 quaero
829 527 1003 582 vicem
1035 528 1236 585 referre
1262 528 1470 599 gratim,
1500 542 1663 599 quam
1693 543 1779 584 me
1818 529 1937 586 scio
1968 531 2211 600 reperire

617 631 724 670 non
751 631 930 687 posse.
955 615 1062 672 Seil
1104 618 1232 688 quia
1264 604 1582 690 plerumqm
1608 618 1888 691 perﬁcitur
1907 629 2036 677 voto
2066 622 2214 693 quod

615 707 804 765 deesse
831 710 1043 766 videtur
1072 711 1272 778 oit‘teio,
1302 712 1629 769 desiderium
1654 713 1802 785 quod
1822 720 1950 786 erga
1975 722 2211 773 vestram

614 803 993 872 paternitatem
1020 804 1220 874 jugiter
1246 818 1399 873 gero,
1442 821 1552 875 quo
1602 822 1822 876 possum
1880 808 2061 862 studio
2087 823 2217 878 pan-

614 895 745 950 dere
775 911 882 951 non
906 896 1131 966 desisto,
1163 906 1325 968 atque
1359 897 1480 952 ideo
1510 898 1666 954 vobis
1690 899 1977 969 epistolam
2003 900 2215 971 synodi-

614 1000 736 1040 cam
784 987 957 1042 sancti
1000 987 1185 1061 Cyrilli
1240 988 1589 1045 Alexandrini
1637 990 1909 1059 pontiﬁcis
1960 989 2213 1046 Nestorio

610 1076 885 1144 quondam
933 1076 1546 1150 Constantinopolitanze
1591 1079 1741 1135 urbis
1770 1080 2028 1151 episcopo
2058 1080 2215 1136 desti-

614 1175 815 1234 natam,
846 1171 932 1225 eui
954 1168 1242 1227 duodecim
1272 1179 1401 1227 sunt
1434 1171 1673 1226 admixta
1703 1173 1937 1242 capitula
1967 1172 2214 1243 blasphe-

611 1258 732 1312 mia:
760 1259 1001 1328 ejusdem
1043 1260 1275 1317 Nestorii
1305 1264 1405 1317 sub
1434 1264 1798 1321 anathematis
1833 1265 2212 1322 obsecratione

610 1348 922 1405 damnantia
958 1369 971 1404 :
1000 1366 1161 1420 quam
1205 1368 1379 1423 nuper
1405 1353 1473 1408 de
1499 1353 1690 1410 Graeco
1726 1356 1778 1409 in
1819 1354 2068 1411 Latinum
2097 1357 2213 1412 elo-

606 1440 793 1509 quium
825 1442 1107 1509 transtuli,
1158 1458 1257 1513 pcr
1299 1452 1674 1499 veneratorein
1712 1453 1950 1500 vestrum
1990 1444 2209 1501 fratrem

608 1528 923 1586 Sanetulum
951 1531 1214 1589 destinavi
1250 1552 1263 1588 :
1292 1545 1659 1605 opportunum
1681 1551 1903 1607 prorsus
1939 1536 2045 1592 hoc
2074 1544 2211 1592 tem-

608 1637 743 1691 pore
770 1623 1111 1692 existimans,
1143 1640 1252 1695 quo
1299 1626 1433 1681 tanti
1477 1627 1719 1683 doctoris
1748 1628 2046 1698 apostolica
2077 1627 2208 1685 fides

607 1713 809 1769 Graecis
843 1714 1159 1784 jamdudum
1191 1716 1328 1772 bene
1354 1725 1655 1786 comperta,
1686 1716 1786 1772 sed
1818 1717 2062 1785 ignorata
2100 1714 2208 1772 La-

2313 535 2412 591 sed
2431 537 2661 606 quadam
2683 539 3027 610 simplicitate
3057 540 3334 609 falluntur,
3358 543 3483 613 quia
3510 557 3631 614 sepe
3656 544 3807 612 eontig

2315 634 2375 683 ut
2405 628 2679 698 aspirante
2716 630 2829 686 Deo
2868 631 3086 687 veritati
3133 632 3482 689 commodent
3518 634 3722 691 studium
3768 651 3808 704 ψ

2314 720 2600 778 mendacio
2629 723 2912 793 praebuere
2936 730 3283 787 consensum.
3304 723 3579 781 Memorati
3598 741 3709 796 ergo
3724 727 3808 782 bea

2313 809 2498 883 Cyrilii
2530 814 2731 884 scripta
2758 816 3046 885 praesentia
3074 815 3323 871 eumdem
3336 816 3620 873 Nestorium
3641 833 3808 874 commt

2315 912 2466 969 nent,
2494 913 2554 960 ut
2577 906 2910 974 unigenitum
2941 907 3036 962 Dei
3064 907 3257 962 Filium
3282 907 3350 962 de
3379 905 3534 963 Patre
3560 917 3717 964 natum
3745 926 3803 964 an

2320 994 2501 1049 omnia
2530 996 2744 1062 saecula,
2776 997 3127 1066 ejusdemque
3165 998 3319 1067 cujus
3340 1006 3425 1053 est
3449 996 3594 1053 Pater
3613 1001 3808 1054 essentia

2316 1085 2407 1154 qui
2432 1094 2654 1155 propter
2674 1093 2914 1141 nostram
2942 1087 3173 1142 salutem
3203 1086 3501 1151 descendit,
3517 1098 3567 1142 et
3592 1087 3807 1142 incaruat

2317 1185 2398 1230 cst
2420 1175 2488 1230 de
2503 1176 2709 1246 Spiritu
2734 1186 2944 1244 sancto,
2973 1193 3039 1233 ex
3058 1178 3224 1232 Maria
3247 1178 3597 1247 Virgine,non
3624 1180 3792 1233 audeat

2314 1268 2451 1324 duos
2492 1268 2761 1339 dividere,
2812 1285 2912 1325 nec
2952 1270 3116 1325 solita
3145 1270 3441 1326 calliditate
3469 1270 3807 1339 conjunctione

2313 1355 2621 1424 quamdam,
2650 1364 2706 1411 et
2729 1356 3047 1412 societatem
3076 1356 3171 1411 Dei
3222 1364 3276 1411 et
3314 1356 3544 1411 hominis
3584 1372 3803 1411 assevcra

2314 1447 2551 1501 nitatur:
2583 1462 2703 1517 quae
2731 1447 2990 1502 vocabula
3022 1448 3166 1502 nulla
3203 1448 3484 1518 utriusque
3534 1456 3716 1502 naturzn
3743 1449 3808 1502 ius

2313 1537 2606 1608 parabilem
2631 1539 2912 1604 unitatem,
2946 1553 3049 1594 nec
3071 1538 3498 1606 singularitatem
3523 1554 3763 1609 personae,
3787 1548 3808 1592 ἡ

2322 1636 2472 1684 certe
2515 1628 2877 1685 subsistentia:
2900 1628 3019 1683 Filii
3042 1628 3137 1684 Dei
3158 1629 3225 1683 ab
3245 1643 3311 1683 eo
3340 1629 3547 1698 prolata
3571 1629 3805 1698 signiﬁcat

2311 1719 2408 1775 sed
2435 1719 2542 1776 duo
2590 1720 2838 1792 quaedam
2865 1720 2954 1776 vel
2984 1721 3137 1790 plura
3185 1720 3373 1793 potius
3403 1711 3512 1774 sub
3541 1721 3635 1775 hac
3661 1720 3808 1774 istoru

608 1804 736 1860 tinis
756 1805 1338 1862 liactetmsinnotcscat
1363 1824 1375 1859 :
1397 1816 1455 1861 ut
1473 1806 1791 1863 Nestoriana
1815 1808 1963 1865 labes
1987 1808 2207 1864 eviden-
2239 1820 2286 1880 Β
2314 1812 2588 1867 heminum
2619 1812 2907 1867 occasione
2942 1811 3334 1879 demonstrant,
3366 1811 3807 1881 sceleratamquet

606 1908 692 1952 ter
712 1907 1035 1967 agnoscatur
1055 1899 1123 1954 ab
1151 1899 1475 1966 hominibus,
1509 1909 1566 1955 et
1597 1913 1695 1971 pro
1735 1916 1831 1956 sua
1862 1901 2199 1969 malignitate

605 1987 802 2043 merito
826 1996 1131 2062 respuatur,
1178 2003 1299 2060 qua:
1327 1989 1427 2045 sub
1455 1998 1721 2061 przctextu
1751 1989 1874 2045 tidei
1917 1988 2199 2060 perﬁdiam

606 2079 883 2137 insinuare
923 2097 1030 2138 nou
1079 2082 1299 2150 desinit,
1344 2092 1400 2138 et
1444 2081 1627 2138 furore
1664 2082 1889 2138 Judaico
1917 2082 2120 2153 pariter
2149 2084 2203 2138 et

603 2186 791 2228 errore
821 2173 1264 2243 tranquillitatem
1294 2174 1576 2231 catholicae
1606 2172 1866 2230 Ecclesia:
1893 2183 2009 2229 toto
2040 2184 2208 2231 terra-

607 2263 878 2319 rumorbc
918 2263 1124 2319 ditl‘usm
1156 2264 1375 2321 turbare
1403 2266 1705 2322 contendit.
1740 2266 1808 2322 Et
1849 2267 1973 2323 licet
2001 2268 2205 2339 optime

607 2353 846 2407 noverim
866 2353 1012 2423 quod
1038 2364 1309 2426 przeccpta
1340 2357 1575 2412 salubria
1608 2359 1920 2428 nequissimi
1957 2359 2203 2414 homines

605 2441 876 2499 hostiliter
894 2445 1144 2513 audiant,
1181 2460 1389 2515 suaque
1417 2446 1725 2517 dependere
1769 2448 1995 2502 consilia
2028 2463 2198 2518 prava

605 2536 928 2606 persistant;
971 2544 1150 2593 mineo
1183 2537 1480 2594 omittenda
1512 2554 1620 2594 non
1648 2548 1731 2595 cst
1758 2539 2095 2609 quantalibet
2122 2541 2204 2594 in-

2308 1905 2573 1960 visionem
2626 1911 2735 1958 tam
2777 1904 2967 1958 nefarii
3020 1904 3287 1973 dogmatis
3342 1904 3605 1971 conditor,
3630 1918 3727 1973 qua
3765 1907 3808 1978 ej

2310 1994 2609 2066 impiissimi
2630 2001 2929 2050 sectatores
2949 1993 3211 2063 dignitate
3225 1993 3454 2063 quadam
3482 2002 3534 2049 et
3552 1994 3808 2048 auctoritat

2308 2101 2410 2141 nec
2433 2101 2539 2141 non
2565 2093 2618 2140 et
2642 2084 2909 2140 relatione
2942 2085 3020 2141 sic
3044 2092 3104 2139 ut
3150 2085 3250 2155 ipsi
3281 2085 3549 2155 desipiunt
3572 2088 3808 2141 eonnectc

2309 2177 2625 2232 moliuntur.
2654 2175 2759 2232 Sed
2785 2175 2899 2247 jam
2929 2176 3123 2232 melius
3151 2177 3253 2231 ista
3278 2192 3421 2247 smpe
3450 2176 3574 2233 dicti
3602 2175 3767 2232 Patris
3792 2192 3808 2230 ε

2307 2271 2547 2326 sertione
2591 2270 2918 2341 pandantur,
2973 2269 3321 2325 beatitudinis
3375 2278 3564 2325 vestrae
3615 2268 3807 2324 catholi

2309 2374 2497 2428 pacem
2552 2358 2923 2428 redintegrare
2970 2359 3256 2431 propitius,
3308 2374 3515 2429 nosque
3559 2360 3609 2416 in
3637 2359 3808 2421 memb

2305 2453 2423 2520 ejus
2452 2451 2645 2508 vestris
2664 2450 2914 2522 precibus
2937 2449 3214 2508 custodire
3236 2451 3502 2520 dignetur.

1303 2767 1686 2829 EPISTULA
1723 2768 1786 2827 S.
1836 2768 2160 2829 CYRILLI
2203 2764 2762 2829 ALEXANDRINI
2805 2765 3184 2840 EPISCOPI,

636 2885 909 2929 DIBECTA
958 2885 1272 2929 NESTORIO
1316 2884 1622 2937 ρυοτωηι
1679 2882 2463 2929 ςοδετικτικοινοιιτηω
2520 2882 2707 2926 URBIS
2756 2881 3082 2942 EPISCOPO,
3138 2882 3470 2931 DUODEOIM
3514 2886 3808 2933 CONTINBS

1794 2983 2322 3029 ANATIHIMATISMI
2365 2983 2701 3029 CAPITULA.

2156 3086 2343 3115 0—“

670 3170 899 3227 Domino
940 3178 1129 3225 saneto
1185 3167 1334 3224 fratri
1385 3168 1632 3227 Nestorle
1671 3169 1928 3241 episcopo
1956 3169 2187 3242 Cyrillus
2217 3174 2261 3238 C
2292 3140 2417 3242 gata
2443 3178 2547 3231 est.
2580 3171 2907 3240 pnnsidente
2932 3172 3277 3230 sanctissimo
3316 3171 3483 3229 fratre
3523 3181 3579 3229 et
3607 3189 3807 3231 consact

597 3262 904 3335 episcopus,
935 3268 991 3316 et
1018 3274 1139 3330 qua:
1168 3269 1419 3316 eonventt
1441 3261 1588 3330 apud
1618 3260 1996 3315 Alexandriam
2026 3277 2191 3334 syno-

597 3357 698 3411 dus
724 3372 790 3411 ex
815 3352 1067 3425 {Egyptia
1093 3352 1314 3409 dioecesi
1346 3353 1396 3407 in
1428 3352 1658 3411 Domino
1687 3353 1939 3408 salutem.

667 3448 802 3503 Cum
847 3446 1098 3503 Salvator
1146 3456 1331 3501 noster
1379 3458 1568 3517 aperte
1618 3448 1932 3517 pronuntiet
1970 3448 2187 3513 dicens,

597 3538 699 3605 (lui
720 3539 890 3612 diligit
932 3549 1131 3609 patrem
1157 3546 1246 3591 aut
1285 3549 1502 3592 matrem
1532 3554 1686 3608 super
1712 3554 1810 3604 me,
1862 3553 1965 3594 non
1994 3550 2069 3592 est
2098 3555 2178 3593 me

595 3633 821 3704 dignus;
852 3638 899 3683 et
928 3629 1016 3702 qui
1042 3629 1218 3700 diligit
1257 3629 1425 3700 [ilium
1456 3640 1546 3683 aut
1575 3629 1740 3699 ﬁliam
1771 3645 1925 3699 super
1949 3644 2049 3698 me,
2087 3647 2191 3684 non

593 3734 667 3779 ru
699 3740 778 3777 me
806 3722 995 3793 dignus
1027 3738 1042 3774 :
1074 3721 1203 3790 quid
1236 3735 1334 3775 nos
1363 3721 1630 3791 patiemur
1657 3721 1745 3790 qui
1787 3720 2132 3791 deposcimus
2160 3737 2190 3776 a

595 3826 684 3872 tua
737 3814 997 3883 religione
1028 3822 1085 3868 ut
1129 3823 1182 3869 te
1211 3828 1375 3885 super
1401 3812 1673 3870 Christum
1704 3812 2044 3867 Salvatorem
2075 3828 2192 3867 om-

596 3910 741 3964 nium
765 3906 1092 3975 diligamus?
1119 3905 1248 3972 Quis
1277 3905 1422 3959 enim
1474 3904 1626 3960 nobis
1656 3904 1712 3959 in
1739 3904 1827 3960 die
1843 3903 2029 3975 ju‘dicii
2061 3904 2189 3959 sub-

592 4001 778 4057 venire
800 4000 1018 4071 poterit,
1043 4006 1135 4052 aut
1162 4013 1323 4070 quam
1353 3997 1777 4053 satisfactionem
1807 3999 2049 4067 reperire
2094 4013 2192 4068 po-

594 4093 840 4157 terimus,
878 4090 952 4145 ita
1007 4088 1322 4145 diuturnum
1371 4089 1645 4144 silentium
1691 4089 1760 4143 de
1804 4090 2031 4160 prolatis
2076 4098 2192 4146 ate

590 4193 782 4241 contra
810 4199 932 4239 eum
955 4182 1304 4252 biasphemiis
1325 4183 1700 4238 continentes?
1726 4181 1900 4236 Etiam
1924 4183 2189 4252 siquidem

591 4284 647 4332 te
680 4273 1053 4334 tantummodo
1106 4273 1359 4339 laederes,
1400 4274 1603 4329 docens
1646 4273 1749 4328 ista
1796 4275 1880 4329 vel
1925 4276 2188 4343 sentiens,

589 4366 898 4423 sollicitudo
923 4364 1080 4422 nobis
1122 4362 1299 4420 minor
1342 4365 1601 4419 existeret
1633 4382 1646 4417 :
1702 4380 1825 4421 cum
1856 4381 1984 4420 vero
2017 4374 2189 4421 totam

588 4456 1042 4512 seandalizaveris
1082 4454 1417 4519 Ecclesium,
1458 4465 1513 4510 et
1578 4457 1902 4513 fermentum
1958 4458 2190 4533 insolitae

2298 3262 2430 3318 dote
2453 3272 2642 3319 nostro
2670 3262 2965 3319 Coelestino
2992 3264 3268 3334 episeopo,
3296 3264 3378 3320 his
3403 3265 3620 3335 scriptis
3648 3266 3759 3335 jam
3781 3276 3808 3320 ιι

2295 3355 2371 3410 tio
2397 3356 2767 3422 convenimus,
2793 3356 3080 3411 consilium
3123 3357 3314 3411 dantes
3345 3364 3403 3411 ut
3435 3365 3487 3411 te
3511 3373 3541 3412 a
3572 3366 3684 3412 tam
3716 3375 3808 3433 pra

2292 3445 2566 3503 abstineas
2609 3445 2969 3517 distortisque
3010 3448 3370 3517 dogmatibus,
3418 3464 3537 3518 qua:
3584 3458 3642 3505 et
3694 3459 3808 3505 sent

2292 3539 2652 3605 cognosceris,
2686 3547 2742 3593 et
2770 3540 2983 3595 docere.
3020 3539 3271 3609 Itecipias
3302 3557 3429 3597 vero
3478 3540 3639 3597 ﬁdem
3690 3555 3808 3601 rect

2293 3624 2547 3683 Eeclesiis
2593 3641 2693 3696 per
2717 3627 3056 3682 beatissimos
3086 3628 3369 3697 apostolos
3426 3639 3480 3683 et
3529 3633 3808 3700 evangel.s

2292 3715 2360 3769 ab
2389 3715 2541 3770 initio
2566 3716 2839 3784 traditam,
2872 3718 2964 3786 qui
2993 3726 3047 3773 et
3094 3718 3266 3773 oculis
3294 3720 3681 3788 inspexerunt,
3711 3730 3768 3774 et
3798 3738 3808 3773 ι

2293 3806 2447 3859 nistri
2477 3806 2627 3859 verbi
2656 3798 2820 3860 fuisse
2848 3814 3240 3862 monstrantur.
3275 3807 3431 3875 Quod
3476 3808 3521 3863 si
3571 3809 3681 3864 hoc
3711 3811 3808 3865 reli

2293 3905 2381 3951 tua
2413 3895 2591 3952 facere
2622 3898 2909 3964 distulerit,
2931 3897 3083 3967 juxta
3110 3900 3419 3955 dilationem
3444 3899 3645 3956 litteris
3660 3901 3808 3972 pnell

2294 3998 2400 4043 tam
2445 3989 2767 4045 sanctissimi
2794 4000 2848 4045 et
2873 3991 3319 4047 venerandissimi
3357 3994 3781 4050 consaeerdotis

2291 4081 2388 4135 stri
2433 4080 2693 4135 Romamn
2734 4083 2978 4151 prmsulis
3017 4082 3269 4138 Ecclesia:
3315 4083 3601 4140 leestini
3633 4103 3645 4139 :
3682 4087 3808 4141 scia:

2292 4174 2491 4228 nullam
2521 4183 2723 4230 sortem
2757 4175 2957 4231 habere
2986 4177 3288 4244 nobiscum,
3323 4195 3421 4235 nec
3450 4180 3636 4236 locum
3668 4189 3769 4235 aut
3795 4198 3808 4235 t

2292 4265 2530 4336 loquium
2556 4282 2733 4321 meum
2760 4267 2827 4322 de
2852 4268 3224 4323 sacerdotibus
3249 4278 3303 4324 et
3324 4273 3602 4342 epise0pis
3625 4270 3808 4328 obtint

2292 4374 2397 4413 non
2428 4359 2571 4413 enim
2622 4359 2700 4414 fas
2730 4368 2812 4415 est
2841 4368 3190 4415 contemnere
3221 4376 3319 4416 nos
3358 4358 3639 4420 Ecclesias
3690 4364 3770 4418 ita
3804 4378 3808 4411 t

2289 4450 2465 4512 batas.
2513 4458 2567 4505 et
2595 4450 2991 4506 scandalizatos
3035 4452 3302 4525 populos,
3340 4454 3616 4523 fidemque
3665 4458 3808 4511 recti

590 4547 871 4617 pravitatis
900 4555 955 4602 et
981 4562 1133 4601 nova:
1155 4547 1374 4603 haeresis
1404 4544 1687 4604 miscueris
1717 4550 1769 4604 in
1806 4552 2040 4620 populis,
2078 4567 2185 4606 non
2212 4552 2266 4615 D
2291 4554 2433 4596 mam
2455 4542 2742 4612 Violatam,
2800 4542 3125 4612 dissipatum
3144 4545 3441 4617 quinetiam
3477 4560 3717 4615 ετθξεηι
3748 4564 3807 4618 (ιι

593 4647 661 4690 ta:
689 4645 798 4690 tum
847 4636 1048 4692 ibidem
1092 4638 1309 4708 positis,
1356 4637 1453 4694 sed
1494 4639 1691 4710 ubique
1742 4642 2180 4699 consistentibus.

591 4728 724 4781 Nam
756 4734 970 4781 tuarum
1015 4728 1413 4797 expositionum
1446 4728 1566 4784 libri
1599 4744 1697 4800 per
1737 4740 1933 4787 cuncta
1981 4735 2184 4803 vu'gati

589 4828 715 4873 sunt
741 4834 862 4891 qum
891 4834 1055 4888 super
1085 4830 1270 4874 nostro
1293 4819 1508 4875 silentio
1538 4821 1675 4875 ultra
1707 4821 1793 4875 vel
1820 4823 2187 4879 excusationis

590 4926 771 4966 sermo
800 4909 1052 4977 sufficiat,
1085 4918 1177 4964 aut
1202 4910 1479 4979 quomodo
1510 4927 1616 4967 non
1648 4927 1871 4968 necesse
1897 4913 1967 4968 sit
1992 4914 2184 4968 memi-

593 5003 738 5057 nisse
764 5001 961 5058 Christi
991 5001 1201 5058 Domini
1240 5002 1318 5058 sic
1350 5002 1616 5058 dicentis:
1650 5001 1776 5058 Non
1813 5009 2004 5074 putetis
2045 5008 2183 5077 quod

589 5092 814 5144 venerim
841 5109 1019 5162 pacem
1058 5094 1263 5147 mittere
1299 5093 1354 5146 in
1400 5102 1587 5147 terram
1609 5134 1623 5159 ,
1653 5093 1747 5148 sed
1771 5095 2037 5165 gladium;
2067 5098 2183 5151 veni

589 5181 724 5235 enim
767 5199 1011 5249 separare
1048 5184 1305 5237 hominem
1334 5182 1579 5237 adversus
1609 5192 1808 5255 patrem
1848 5202 2015 5249 smnu,
2039 5195 2089 5240 et
2113 5188 2182 5257 ﬁ—

588 5272 713 5326 liam
743 5272 987 5327 adversus
1029 5283 1245 5327 matrem
1288 5290 1456 5328 suam.
1481 5273 1611 5328 Nam
1640 5290 1761 5331 eum
1793 5277 2003 5332 lmditur
2025 5277 2185 5343 ﬁdes;

591 5372 876 5434 parentum
919 5368 1222 5418 reverent'a
1250 5364 1399 5419 velut
1426 5363 1627 5421 inutilis
1650 5375 1705 5421 et
1731 5368 2032 5436 periculosa
2076 5368 2177 5424 de-

589 5457 843 5527 Spicitur,
874 5464 931 5512 et
961 5470 1113 5510 amor
1146 5470 1270 5524 erga
1322 5454 1461 5511 tilios
1498 5455 1796 5527 fratresque
1829 5459 2030 5513 vitatur
2062 5477 2076 5513 :
2109 5460 2177 5514 ad

589 5557 922 5619 postremum
944 5562 1107 5617 super
1128 5547 1295 5617 ipsam
1312 5548 1476 5602 vitam
1501 5564 1647 5603 mors
1669 5551 1846 5618 potius
1873 5566 1901 5604 a
1926 5550 2028 5619 piis
2049 5551 2178 5605 viris

588 5638 820 5708 eligitur,
850 5647 909 5694 ut
934 5639 1211 5695 meliorem
1244 5641 1716 5704 resurrectionem,
1749 5643 1889 5697 sicut
1916 5645 2175 5712 scriptum

587 5738 684 5794 est,
720 5726 1138 5800 consequantur.
1166 5730 1301 5786 Ecce
1350 5732 1531 5802 itaque
1557 5742 1609 5788 te
1648 5735 1804 5789 simul
1832 5749 1953 5790 cum
1986 5744 2175 5791 sancta

593 5820 843 5897 synodus,
873 5836 992 5891 qua:
1019 5821 1158 5891 apud
1189 5822 1423 5893 amplam
1453 5824 1639 5880 urbem
1683 5823 1911 5880 Romam
1943 5837 2178 5895 congre-

2295 4633 2566 4688 custodire
2594 4633 2878 4698 debueras,
2906 4642 2961 4689 et
2977 4634 3129 4703 juxta
3163 4652 3261 4691 nos
3291 4646 3569 4693 amatores
3599 4640 3746 4693 recti
3780 4639 3808 4693 d

2293 4724 2453 4780 matis
2478 4726 2801 4792 exstitisses,
2833 4736 2889 4780 et
2937 4737 3244 4783 sanctorum
3294 4726 3514 4785 Patrum
3551 4733 3799 4799 Vestigia

2292 4824 2632 4872 consectans.
2664 4815 2864 4872 Omnes
2910 4818 3092 4888 itaque
3134 4834 3292 4887 quos,
3325 4830 3554 4890 propter
3583 4823 3795 4888 fidem,

2294 4908 2484 4979 religio
2512 4923 2541 4962 a
2575 4910 2958 4965 communione
2987 4910 3234 4975 removit,
3267 4920 3361 4965 aut
3389 4926 3419 4966 a
3450 4927 3555 4968 suo
3582 4914 3799 4969 ordine

2292 4999 2490 5069 posuit,
2522 4997 2690 5055 laicos
2712 5008 2768 5055 et
2795 4998 3037 5063 clericos,
3086 5000 3137 5053 in
3180 5008 3363 5055 nostra
3385 5004 3807 5059 communione

2290 5090 2563 5160 cepimus,
2604 5106 2714 5149 non
2755 5089 2964 5159 justum
2993 5097 3076 5144 est
3102 5105 3198 5146 eos
3224 5090 3329 5145 tuis
3358 5091 3603 5150 decretis
3646 5110 3805 5166 oppr

2288 5182 2379 5249 qui
2408 5188 2677 5236 noverunt
2701 5188 2847 5235 recta
2877 5181 3099 5245 sentire,
3128 5181 3218 5251 qui
3248 5183 3413 5237 etiam
3455 5184 3607 5240 bene
3641 5186 3808 5242 faciet

2290 5272 2382 5325 tibi
2407 5270 2821 5340 prudentissime
2861 5271 3179 5335 restiterunt
3207 5290 3219 5324 :
3253 5271 3361 5328 hoc
3399 5273 3545 5329 idem
3575 5291 3807 5345 namqu

2286 5361 2514 5431 epistola
2560 5376 2721 5431 quam
2772 5361 2963 5415 misisti
3011 5361 3076 5414 ad
3117 5362 3400 5431 praesulem
3453 5365 3669 5435 ampla:
3729 5366 3808 5422 Rc

2288 5464 2532 5510 sanctum
2561 5464 2617 5509 et
2637 5455 3019 5525 coepiscopum
3057 5462 3302 5509 nostrum
3332 5455 3713 5514 Caelestinum
3745 5461 3808 5525 si;

2290 5547 2450 5601 ticare
2477 5545 2674 5601 curasti
2712 5562 2724 5599 :
2760 5558 2865 5600 non
2913 5552 3094 5599 autem
3133 5543 3331 5601 sufficit
3361 5555 3463 5602 tua:
3511 5549 3799 5619 religioni

2290 5637 2564 5693 lummodo
2597 5635 2716 5692 fidei
2761 5636 3062 5708 symbolum
3100 5635 3368 5705 confiteri,
3400 5639 3551 5707 quod
3588 5642 3808 5709 exposi

2287 5741 2369 5788 est
2399 5746 2494 5803 per
2525 5731 2666 5786 idem
2700 5738 2937 5801 tempus,
2968 5729 3138 5783 sancti
3162 5727 3392 5801 Spiritus
3421 5730 3732 5799 largitate,
3765 5748 3798 5787 a

2287 5824 2526 5882 nerando
2555 5832 2609 5880 et
2630 5837 2826 5895 magno
2849 5822 3076 5877 c-mcilio
3100 5820 3244 5890 apud
3267 5820 3504 5876 Niczeam
3529 5838 3719 5894 congi
3735 5840 3808 5895 eg
