3970 6358
207 408 281 467 ts
1199 403 1529 463 EPISTOLA
1567 402 1905 462 svuomca
1940 403 1996 476 s,
2039 401 2512 466 crmuamrc.
2987 471 2996 478 _
3201 469 3210 478 ,
3417 361 3486 468 tt

204 525 316 583 hoc
339 523 484 582 enim
511 537 610 580 nec
638 520 971 586 intellexisti,
999 536 1098 578 nec
1126 530 1276 578 recte
1305 523 1688 593 interpretatus
1717 537 1802 590 es,
1829 530 1881 586 Α
1907 518 2294 591 plenitudinem
2325 518 2539 574 deitatis
2561 519 2938 590 corporaliter,
2971 525 3209 579 attamen
3238 522 3490 593 intelligi,

203 616 452 686 quinimo
473 629 742 684 perversa:
777 613 903 668 licet
927 627 1064 668 sono
1092 614 1237 668 vocis
1268 611 1457 668 eadem
1487 613 1648 667 verba
1676 628 1804 682 pro-

206 707 420 767 tuleris,
448 705 543 761 sed
590 718 929 772 consequens
959 711 1044 759 est
1091 715 1147 759 et
1189 703 1542 774 jurejurando
1573 703 1726 758 fateri
1752 711 1804 759 te

206 798 356 870 quod
382 796 808 852 anathematizes
837 793 994 850 fidem
1019 803 1163 850 tuam
1189 793 1473 865 pollutam,
1504 803 1559 848 ct
1581 795 1804 865 profana

205 889 536 946 documenta
561 901 668 958 qua
696 885 864 943 sentis
885 894 939 940 et
955 886 1151 940 doceas
1172 900 1292 954 quae
1317 900 1412 940 nos
1437 886 1669 940 universi
1692 885 1806 941 sive

207 995 308 1052 per
335 977 634 1044 Orientem,
663 992 761 1033 seu
792 992 889 1048 per
917 974 1259 1031 Occidentem
1286 975 1524 1046 episcopi
1549 983 1604 1031 et
1635 975 1805 1043 magi-

205 1073 309 1128 stri
357 1071 721 1142 prmsulesque
747 1069 1088 1140 populorum,
1118 1067 1387 1124 credimus
1433 1076 1488 1122 et
1525 1066 1802 1124 docemus.

208 1159 472 1230 Epistolis
501 1168 681 1214 autem
697 1160 764 1213 ab
788 1157 1118 1214 Alexandria
1152 1167 1253 1212 tua:
1281 1157 1532 1227 religioni
1561 1158 1801 1226 directis,

206 1248 466 1305 Ecclesiae
485 1263 807 1305 consensum
831 1247 1078 1320 praebuit,
1106 1256 1211 1302 tam
1236 1263 1298 1303 ea
1321 1263 1438 1318 quae
1455 1248 1594 1319 apud
1617 1248 1806 1310 urbem

210 1339 441 1396 Romam
472 1339 727 1394 convenit
775 1347 961 1394 sancta
989 1340 1245 1408 synodus,
1279 1355 1440 1410 quam
1495 1340 1658 1394 etiam
1710 1356 1807 1395 nos

209 1445 400 1488 Omnes
426 1430 574 1486 velut
625 1436 775 1485 recte
828 1428 1418 1499 interpretabiliterque
1465 1429 1805 1500 conscriptis.

207 1521 557 1580 Subdidimus
585 1529 772 1577 autem
810 1519 896 1576 his
922 1520 1125 1575 nostris
1152 1521 1346 1576 litteris
1370 1537 1488 1590 quae
1525 1531 1576 1578 te
1605 1523 1808 1580 sentire

210 1621 432 1684 Oportet
460 1621 516 1668 et
543 1612 762 1677 docere,
811 1619 867 1668 et
891 1628 921 1665 a
952 1612 1148 1681 quibus
1181 1611 1455 1668 abstinere
1498 1614 1806 1678 conveniat,

211 1701 342 1758 limo
363 1709 445 1758 est
469 1702 615 1758 enim
639 1700 770 1756 ﬁdes
791 1701 1075 1756 catholica:
1111 1711 1164 1755 et
1188 1701 1500 1772 apostolicae
1531 1700 1806 1767 Ecclesiae,

210 1797 301 1852 cui
333 1795 512 1855 cuneti
537 1795 885 1851 consentiunt
913 1793 1202 1849 orthodoxi
1233 1809 1330 1866 per
1361 1793 1634 1852 Orientem
1661 1791 1810 1852 Occi-

1907 625 2027 664 mus
2060 625 2204 674 eum,
2228 609 2373 680 quod
2397 626 2524 664 caro
2547 608 2740 676 factus,
2766 628 2871 666 non
2902 612 3043 668 sicut
3073 611 3126 668 in
3154 614 3357 670 sanctis
3402 616 3491 670 hac

1908 701 2078 757 bitare
2126 701 2352 766 dicatur,
2405 718 2507 758 nec
2559 703 2719 758 talem
2770 703 2821 758 in
2854 705 2970 774 ipso
2999 704 3388 764 habitationem
3415 708 3491 761 fa.

1905 804 2047 848 ctam
2079 791 2302 848 definire
2329 793 2672 860 tentavimus,
2725 794 2818 849 sed
2847 793 3194 864 unitusjuxta
3223 806 3489 865 naturam,

1907 898 2006 938 nec
2035 882 2086 936 in
2113 898 2327 940 carnem
2373 884 2585 953 penitus
2612 894 2973 942 commutatus
3003 886 3166 941 talem
3214 887 3316 942 sibi
3367 888 3494 948 fecit

1906 973 2294 1028 habitationem
2323 973 2539 1048 qualem
2561 981 2616 1029 et
2643 973 2820 1028 anima
2846 973 3078 1034 hominis
3121 976 3322 1033 habere
3371 993 3493 1034 cre-

1905 1065 2050 1121 ditur
2071 1065 2137 1119 ad
2165 1065 2445 1136 proprium
2474 1081 2692 1137 corpus.
2722 1064 2870 1120 Unus
2909 1067 3070 1138 igitur
3119 1077 3207 1124 est
3249 1067 3496 1130 Christus

1906 1145 2073 1214 Filius
2112 1159 2370 1214 Dominus
2397 1166 2579 1216 noster
2605 1174 2714 1213 non
2745 1159 2890 1215 velut
2915 1159 3296 1229 conjunctione
3318 1161 3494 1234 quali-

1907 1247 2020 1317 bet,
2054 1260 2111 1307 ut
2137 1252 2187 1306 in
2212 1251 2418 1306 unitate
2446 1249 2722 1319 dignitatis
2768 1259 2823 1305 et
2876 1251 3214 1309 auctoritatis
3260 1253 3499 1308 hominis

1907 1343 2154 1399 habentis
2177 1342 2242 1396 ad
2267 1341 2433 1398 Deum
2463 1359 2474 1393 :
2511 1357 2617 1395 non
2648 1341 2791 1397 enim
2838 1348 3016 1410 potest
3071 1341 3225 1398 unire
3274 1351 3497 1397 naturas

1908 1433 2024 1492 Sola
2053 1433 2328 1502 dignitatis
2355 1432 2656 1502 mqualitas.
2689 1431 2929 1502 Denique
2960 1430 3150 1488 Petrus
3177 1441 3232 1488 et
3260 1429 3498 1488 Joannes

1906 1525 2128 1597 aequalis
2156 1532 2283 1580 sunt
2327 1524 2586 1578 alteruter
2631 1522 2927 1594 dignitatis,
2976 1529 3198 1594 propter
3244 1521 3388 1593 quod
3441 1529 3498 1585 it

1907 1614 2138 1692 apostoli
2169 1623 2224 1669 et
2245 1614 2417 1670 sancti
2441 1613 2684 1684 discipuli
2708 1629 2829 1669 esse
2851 1619 3220 1670 monstrantur
3245 1630 3258 1666 :
3293 1627 3498 1667 verum-

1909 1712 2110 1769 tamen,
2140 1712 2366 1774 uterque
2395 1719 2501 1759 non
2531 1719 2668 1759 unus
2695 1712 2798 1771 est,
2833 1718 2930 1759 nec
2950 1702 3104 1772 juxta
3129 1701 3498 1772 collationem,

1911 1794 1997 1849 vel
2025 1793 2437 1860 connexionem,
2470 1792 2688 1848 modum
2713 1793 3107 1861 conjunctionis
3135 1791 3496 1847 advertimus:

211 1881 1209 1956 dentemquepontifices:Credimusin
1226 1899 1391 1939 unum
1409 1882 1574 1939 Deum
1589 1883 1805 1949 Patrem
1839 1902 1886 1963 Β
1913 1882 2017 1941 hoc
2036 1881 2178 1940 enim
2206 1882 2272 1938 ad
2301 1883 2558 1938 unitatem
2590 1899 2698 1938 non
2728 1880 2927 1940 sufﬁcit
2947 1880 3266 1946 naturalem,
3291 1896 3391 1936 nec
3410 1897 3502 1934 sc-

215 1977 660 2048 omnipotentem,
684 1985 741 2031 et
767 1973 1294 2049 e'eteraSequentes
1315 1975 1496 2045 itaque
1511 1991 1609 2046 per
1624 1975 1805 2033 omnia

219 2076 528 2126 sanctorum
554 2075 850 2138 martyrum
872 2064 1258 2133 confessiones,
1282 2081 1438 2136 quas,
1469 2067 1727 2139 loquente
1752 2067 1807 2125 in

216 2157 296 2213 eis
310 2164 500 2213 sancto
514 2155 738 2226 Spiritu,
756 2153 1120 2225 protulerunt,
1145 2155 1497 2224 etintentioni
1514 2169 1633 2226 quae
1659 2155 1806 2213 estin

219 2262 403 2304 eorum
431 2246 817 2311 intellectibus,
843 2246 1014 2317 aequis
1041 2245 1280 2316 vestigiis
1328 2247 1654 2302 inhaerentes
1673 2286 1690 2313 ,
1721 2255 1807 2302 at-

215 2353 324 2408 que
347 2338 449 2393 iter
477 2337 815 2394 ambulantes
845 2334 1074 2403 regium,
1107 2336 1423 2406 prolitemur
1445 2336 1589 2410 quod
1635 2335 1808 2406 ipsum

218 2427 552 2495 unigenitum
581 2425 677 2481 Dei
705 2423 966 2491 Verbum,
1000 2423 1301 2482 Dominum
1335 2432 1522 2483 natum
1572 2441 1640 2482 ex
1691 2425 1808 2497 ipsa

217 2517 395 2576 Patris
418 2518 678 2585 essentia,
703 2515 772 2572 de
802 2515 914 2572 Deo
942 2531 1075 2572 vero
1104 2516 1248 2574 Deus
1290 2533 1473 2588 verus,
1515 2517 1696 2574 lumen
1740 2519 1810 2577 de

220 2608 438 2674 lumine,
469 2623 568 2678 per
605 2622 766 2680 quem
797 2607 979 2662 omnia
1019 2606 1158 2662 facta
1187 2615 1333 2676 sunt,
1366 2608 1480 2666 sive
1526 2607 1581 2664 in
1634 2608 1808 2678 caelis,

217 2698 336 2755 sive
383 2699 437 2752 in
477 2706 642 2764 terra,
690 2697 880 2752 salutis
931 2704 1129 2752 nostrte
1179 2712 1342 2753 causa
1382 2698 1713 2758 descendens
1739 2697 1809 2757 ad

219 2786 645 2845 exinanitionem
672 2801 794 2842 esse
821 2786 1071 2855 dignatus
1092 2795 1176 2842 est
1204 2787 1466 2844 inclinare
1493 2806 1507 2843 :
1557 2790 1807 2845 incarna-

221 2885 309 2936 tus
333 2888 514 2936 autem
544 2887 599 2935 et
626 2879 790 2936 homo
816 2879 1006 2944 factus,
1040 2879 1093 2934 id
1121 2889 1205 2934 est
1233 2895 1453 2935 carnem
1481 2880 1549 2936 de
1591 2879 1811 2952 Virgine

219 2982 408 3031 sancta
439 2973 757 3044 suscipiens,
791 2984 1016 3042 eamque
1039 2972 1311 3044 prepriam
1344 2971 1565 3040 faciens,
1609 2973 1809 3029 nativi-

222 3074 392 3120 tatem
418 3073 656 3120 nostram
686 3079 755 3120 ex
781 3063 936 3117 vulva
968 3063 1241 3127 sustinuit,
1270 3063 1436 3120 homo
1465 3064 1532 3120 de
1585 3064 1812 3120 muliere

219 3156 538 3226 procedens,
569 3169 667 3211 nec
694 3153 837 3224 quod
857 3161 973 3209 erat
1002 3153 1279 3225 abjiciens.
1314 3154 1446 3208 Nam
1488 3154 1614 3211 licet
1636 3153 1810 3211 fac‘tus

1908 1975 2142 2032 cundum
2171 1973 2600 2046 participationis
2625 1971 2894 2040 affectum,
2929 1973 3066 2029 sicut
3093 1988 3193 2029 nos
3218 1971 3496 2032 etiamad.

1910 2051 2176 2128 inuentes
2198 2066 2451 2134 Domino,
2475 2081 2612 2122 unus
2644 2081 2766 2122 cum
2792 2081 2857 2121 eo
2890 2065 3111 2136 spiritus
3138 2079 3352 2131 sumus,
3388 2063 3499 2118 imo

1909 2159 2090 2232 potius
2118 2155 2520 2226 eonjunctionis
2549 2172 2748 2214 nomen
2769 2156 3056 2222 evitamus,
3085 2167 3336 2228 tanquam
3389 2171 3502 2215 non

1910 2251 2152 2310 existens
2176 2248 2428 2306 idoneum
2459 2247 2603 2319 quod
2633 2247 2900 2317 signiﬁcet
2949 2247 3170 2304 unitatis
3199 2261 3497 2306 arcanum;

1908 2339 2007 2398 sed
2035 2353 2210 2409 neque
2239 2337 2409 2395 Deum
2435 2346 2528 2395 aut
2574 2336 2859 2392 Dominum
2889 2335 3091 2392 Christi
3118 2335 3354 2392 Verbum
3404 2333 3500 2391 Dei

1910 2425 2092 2486 Patris
2113 2428 2426 2496 asserimus,
2457 2441 2527 2482 ue
2557 2427 2752 2484 iterum
2774 2425 3110 2482 manifestius
3132 2427 3187 2484 in
3234 2426 3340 2486 duo
3367 2427 3503 2482 divi.

1909 2521 2099 2598 damus
2124 2536 2288 2580 unum
2317 2518 2591 2578 Christum
2615 2518 2810 2580 Filium
2834 2529 2889 2580 et
2914 2519 3219 2585 Dominum,
3244 2519 3373 2574 etin
3396 2518 3503 2574 crio

1910 2629 2034 2670 men
2063 2610 2333 2680 sacrilegii
2357 2609 2680 2680 recidamus,
2701 2607 2866 2668 Deum
2889 2609 2964 2665 illi
2987 2609 3221 2688 seipsum
3244 2608 3503 2666 facientrs

1909 2713 1964 2761 et
1995 2703 2298 2760 Dominum.
2332 2699 2526 2758 Unitus
2552 2702 2770 2774 quippe,
2805 2702 2943 2760 sicut
2964 2704 3210 2772 superius
3238 2701 3499 2771 diximus,

1912 2791 2053 2850 Deus
2083 2791 2320 2852 Verbum
2361 2793 2512 2849 carni
2556 2793 2851 2848 secundum
2890 2793 3327 2858 subsistentiam,
3360 2791 3503 2870 Deus

1909 2885 2126 2958 quidem
2155 2893 2238 2941 est
2251 2884 2490 2941 omnium
2521 2892 2575 2939 et
2592 2881 2900 2943 dominatur
2925 2884 3504 2951 universitati,verunn

1910 2985 2090 3036 tamen
2116 2991 2215 3032 nec
2229 2991 2413 3034 servus
2442 2984 2496 3031 et
2519 2975 2622 3032 sibi
2661 2976 2807 3046 ipse,
2837 2991 2936 3032 nec
2962 2976 3361 3046 dominus,quia
3389 2979 3507 3034 ine-

1908 3080 2061 3142 ptum
2073 3069 2249 3128 estvel
2263 3069 2442 3141 potius
2453 3069 2673 3140 impium
2687 3068 2791 3124 hoc
2803 3069 3002 3125 sentire
3013 3069 3096 3125 vel
3111 3069 3504 3137 dicere.Qnany

1912 3167 1992 3222 vis
2005 3165 2148 3224 enim
2164 3151 2328 3222 Deum
2344 3179 2500 3222 suum
2516 3172 2723 3232 patrem
2742 3161 2960 3232 dixerit,
2972 3178 3092 3218 cum
3107 3163 3246 3220 Deus
3261 3163 3328 3220 sit
3342 3163 3506 3220 etiam

220 3251 291 3306 sit
319 3249 372 3304 in
399 3248 764 3318 assumptione
792 3246 970 3302 carnis
1003 3255 1059 3301 et
1084 3245 1379 3316 sanguinis,
1417 3253 1596 3301 tamen
1642 3247 1807 3302 etiam
1838 3276 1884 3341 Ο
1915 3258 2032 3328 ipse
2073 3264 2293 3320 natura,
2344 3263 2402 3314 cl,
2448 3255 2518 3311 de
2539 3254 2681 3310 illius
2708 3253 2960 3320 essentia,
2994 3262 3172 3308 tamen
3201 3253 3508 3309 nullatenus

220 3345 300 3398 sic
327 3341 470 3411 quod
491 3349 606 3397 erat
637 3340 797 3403 Deus,
829 3345 1020 3395 natura
1068 3339 1277 3394 scilicet
1298 3347 1354 3394 et
1405 3337 1633 3395 veritate
1684 3355 1810 3411 per-.-

221 3433 438 3490 sistens.
468 3430 578 3487 Nec
604 3445 826 3487 carnem
875 3431 1056 3500 itaque
1087 3429 1314 3485 dicimus
1343 3429 1395 3485 in
1427 3440 1673 3485 naturam
1698 3431 1813 3486 dei-

225 3525 353 3580 tatis
380 3539 501 3580 esse
522 3539 861 3588 conversam,
895 3538 993 3580 nec
1021 3523 1075 3582 in
1121 3522 1474 3578 substantiam
1514 3531 1815 3592 commota:

224 3627 374 3674 tam:
421 3617 848 3674 inconvertibilis
903 3616 1107 3672 etenim
1139 3624 1222 3671 est
1250 3623 1307 3674 et
1337 3615 1809 3683 incommutabilis,

228 3709 476 3778 idemque
521 3707 638 3779 ipse
685 3707 840 3778 juxta
885 3701 1194 3780 Scripturas
1236 3707 1437 3777 jugiter
1470 3722 1810 3776 permanens.

225 3799 385 3856 Visus
403 3808 486 3856 est
513 3809 693 3854 autem
720 3808 778 3857 et
823 3799 1094 3870 parvulus,
1144 3798 1238 3856 sed
1288 3799 1498 3870 positus
1546 3797 1721 3854 adhuc
1759 3800 1814 3856 in

226 3890 507 3947 cunabulis
522 3899 575 3945 et
603 3891 656 3948 in
680 3889 883 3946 sinibus
905 3889 1180 3960 genitricis
1201 3889 1437 3960 Virginis
1465 3891 1812 3958 constitutus,

227 3980 535 4037 universam
557 3991 858 4038 creaturam
880 3981 1143 4052 replebat,
1200 3988 1260 4036 ut
1289 3980 1429 4036 Deus
1456 3982 1685 4050 genitori
1715 3997 1815 4037 suo

230 4071 490 4127 indivisus
509 4072 778 4138 existens;
810 4071 955 4142 quod
979 4072 1218 4127 divinum
1245 4081 1329 4127 est
1353 4072 1494 4127 enim
1515 4072 1632 4127 sine
1652 4088 1818 4142 quan-

227 4161 382 4215 titate
422 4168 479 4215 et
531 4160 653 4215 sine
690 4161 830 4216 mole
866 4161 1233 4230 cognoscitur,
1287 4175 1387 4216 nec
1425 4161 1544 4216 ullis
1574 4160 1816 4216 terminis

227 4251 554 4309 continetur.
581 4249 798 4309 Unitqu
844 4265 973 4320 ergo
1000 4267 1162 4307 carne
1195 4250 1428 4307 Verbum
1460 4249 1576 4316 Dei,
1625 4266 1816 4306 secun-

228 4342 357 4396 dum
369 4341 725 4397 substantiam
750 4341 1092 4406 conﬁtentes,
1128 4359 1291 4396 unum
1314 4343 1601 4397 adoramus
1622 4340 1814 4398 Filium

229 4443 284 4490 et
311 4433 598 4488 Dominum
618 4431 801 4490 Iesum
828 4432 1121 4500 Christum,
1157 4452 1264 4489 non
1283 4449 1528 4489 seorsum
1551 4442 1817 4504 ponentes

230 4536 286 4584 et
309 4526 732 4582 determinantes
761 4526 1032 4581 hominem
1059 4535 1114 4582 et
1166 4525 1335 4582 Deum
1387 4526 1536 4582 velut
1587 4525 1817 4581 invicem

230 4621 334 4678 sibi
389 4620 663 4691 dignitatis
716 4629 774 4677 et
826 4620 1164 4677 auctoritatis
1212 4621 1419 4676 unitate
1447 4617 1813 4688 eonjunctos:

231 4712 334 4767 hoc
355 4713 497 4767 enim
524 4714 738 4768 novitas
759 4713 910 4766 vocis
939 4720 1040 4778 est,
1064 4720 1119 4767 et
1141 4710 1284 4765 aliud
1326 4710 1478 4770 nihil,
1534 4707 1643 4765 Nec
1689 4709 1816 4764 item

230 4804 506 4860 Christum
529 4803 835 4875 specialiter
855 4804 1196 4864 nominantes
1218 4802 1386 4859 Deum
1399 4793 1658 4865 Verbum,
1673 4797 1818 4870 quod

232 4920 300 4961 ex
327 4904 460 4968 Deo,
490 4912 624 4971 etc,,
655 4920 752 4960 nec
781 4906 1009 4960 alterum
1032 4903 1280 4959 similiter
1308 4901 1578 4959 Christum
1608 4900 1819 4970 specia-

233 4996 360 5051 liter
403 4995 494 5065 qui
541 4995 610 5050 dc
656 4996 882 5051 muliere
907 5003 1083 5063 natus,
1141 5005 1228 5050 etc
1251 5033 1269 5062 ,
1295 4993 1390 5049 sed
1422 5009 1584 5047 unum
1615 4991 1822 5047 solum-

233 5095 399 5151 modo
426 5094 700 5152 Christum
723 5094 818 5150 Dei
850 5096 1022 5152 Patris
1053 5093 1289 5150 Verbum
1316 5109 1437 5150 cum
1464 5093 1681 5164 propria
1706 5107 1825 5148 car-

233 5212 306 5252 ne
329 5195 744 5266 cognoscimus:
774 5205 900 5249 tunc
939 5195 1082 5250 enim
1112 5195 1274 5262 etiam
1317 5192 1472 5262 juxta
1500 5209 1599 5247 nos
1629 5200 1824 5246 unctus

232 5305 342 5362 (δι.
362 5296 610 5368 quamvis
635 5296 880 5367 spiritum
909 5296 1086 5364 dignis
1111 5295 1229 5364 ipse
1255 5295 1562 5361 contulerit,
1622 5304 1677 5350 et
1717 5310 1824 5349 non

232 5397 302 5452 ad
321 5409 656 5464 mensuram,
679 5395 819 5476 sicut
844 5397 1039 5453 beatus
1070 5395 1400 5466 evangelista
1450 5393 1686 5450 Joannes
1739 5410 1825 5449 as-

234 5500 429 5556 seruit.
453 5497 560 5553 Sed
585 5512 684 5552 nec
711 5496 839 5553 illud
865 5498 1094 5553 dicimus
1113 5497 1261 5567 quod
1288 5497 1385 5552 Dei
1412 5495 1652 5554 Verbum
1680 5495 1833 5551 velut

235 5603 290 5657 in
313 5599 539 5657 homine
563 5598 854 5663 communi,
884 5598 976 5669 qni
999 5597 1066 5654 de
1085 5607 1273 5654 sancta
1299 5597 1519 5668 Virgine
1546 5605 1705 5652 natus
1727 5604 1827 5662 est,

233 5703 519 5768 habitarit,
546 5716 614 5756 ne
643 5699 811 5755 Deum
847 5700 1006 5755 homo
1030 5699 1278 5757 Christus
1307 5701 1671 5756 habitatorem
1702 5714 1829 5769 pos-

230 5803 424 5860 sidere
452 5799 722 5855 credatur.
753 5797 1007 5865 Quamvis
1033 5797 1176 5854 enim
1217 5798 1447 5856 Verbum
1507 5798 1831 5854 habitaverit

230 5905 293 5963 in
321 5901 512 5971 nobis,
535 5909 592 5955 ct
635 5899 834 5954 dictum
865 5899 934 5957 sit
965 5899 1016 5954 in
1046 5899 1256 5960 Christo
1313 5900 1558 5960 habitare
1607 5911 1826 5957 omnem

1913 3347 2224 3416 ignoramus
2258 3344 2404 3415 quod
2431 3359 2655 3401 rnancns
2685 3343 2846 3409 Dens,
2879 3342 3040 3398 homo
3068 3359 3284 3413 quoque
3329 3344 3508 3400 factus

1913 3437 2002 3501 sit,
2033 3436 2125 3506 qui
2147 3435 2246 3494 sub
2275 3435 2387 3492 Deo
2411 3435 2566 3506 juxta
2589 3435 2826 3490 debitam
2876 3434 3047 3504 legem
3077 3443 3270 3490 natura
3317 3435 3506 3490 hama-

1914 3533 2098 3588 uitatis
2117 3531 2394 3596 existeret,
2417 3529 2536 3599 ipse
2565 3543 2692 3582 vero
2720 3527 2822 3586 sibi
2867 3526 2952 3583 vel
2986 3527 3127 3581 Deus
3147 3533 3362 3596 poterat
3386 3542 3508 3582 essu

1914 3621 2000 3680 vel
2027 3621 2283 3677 Dominus
2301 3637 2320 3676 ι
2350 3632 2480 3686 ergo
2505 3620 2650 3680 sicut
2675 3617 2838 3672 homo
2877 3623 3082 3686 quanto
3110 3615 3366 3672 decenter
3389 3619 3507 3672 exi~

1913 3709 2207 3776 nanitionis
2235 3723 2498 3764 mensura:
2525 3706 2794 3775 congruit,
2832 3706 2933 3762 sub
2960 3705 3074 3765 Deo
3122 3720 3183 3762 se
3225 3707 3509 3764 uobiscum

1915 3815 2035 3858 esse
2063 3798 2350 3866 disseruit,
2381 3796 2486 3852 hoc
2533 3797 2696 3854 etiam
2725 3795 2887 3851 modo
2915 3794 3015 3852 sub
3059 3796 3175 3864 lege
3203 3795 3376 3855 factus
3401 3806 3508 3859 est,

1915 3892 2162 3966 quamvis
2204 3892 2322 3962 ipse
2367 3888 2788 3960 promnlgaverit
2842 3887 3038 3959 legem,
3062 3896 3118 3946 et
3147 3888 3423 3956 legislator
3453 3899 3512 3945 ut

1917 3981 2060 4038 Deus
2103 3978 2387 4036 exstiterit.
2420 3978 2685 4034 Cavemus
2737 3992 2918 4035 autem
2948 3977 3016 4033 de
3041 3976 3257 4038 Christo
3303 3978 3510 4054 dicere,

1917 4071 2146 4143 Propter
2171 4079 2533 4127 assumentem
2563 4085 2793 4124 veneror
2819 4078 3171 4140 assumptum,
3203 4078 3259 4126 et
3288 4077 3510 4144 propter

1919 4165 2238 4226 invisibilem
2289 4163 2458 4220 adoro
2508 4161 2790 4223 visibilem,
2819 4161 3158 4222 Horrendqu
3190 4179 3318 4224 vero
3345 4179 3511 4235 super

1917 4259 2023 4317 hoc
2048 4257 2211 4314 etiam
2240 4253 2366 4310 illud
2394 4252 2648 4326 adjicere,
2681 4252 2730 4308 ls
2754 4253 2847 4322 qui
2871 4262 3152 4323 susceptus
3190 4260 3272 4310 est
3291 4268 3413 4310 cum
3441 4269 3511 4310 eo

1919 4349 2012 4420 qui
2035 4347 2272 4416 suscepit
2298 4345 2445 4417 quod
2475 4353 2813 4414 nuncupatur
2842 4342 3021 4401 Deus:
3071 4344 3162 4413 qui
3207 4345 3349 4402 enim
3395 4345 3513 4402 hazc

1919 4441 2069 4506 dicit,
2101 4437 2293 4495 dividit
2317 4437 2514 4494 iterum
2540 4435 2595 4491 in
2624 4435 2759 4490 duos
2805 4433 3071 4499 Christus,
3098 4451 3224 4498 cum
3249 4435 3340 4507 qni
3371 4452 3512 4491 unus

1919 4542 2026 4604 est,
2057 4530 2331 4590 hominem
2371 4544 2616 4587 seorsum
2662 4528 2714 4586 in
2752 4537 2947 4598 parte,
2985 4537 3041 4582 et
3071 4528 3234 4582 Deum
3261 4529 3513 4602 similiter

1848 4649 1900 4709 ι)
1925 4623 1978 4678 in
2005 4629 2159 4694 parte
2184 4619 2536 4677 constituens.
2561 4616 2852 4676 Evidenter
2899 4618 3043 4673 enim
3089 4617 3294 4674 dividet
3334 4621 3515 4676 unita-

1924 4725 2054 4780 tem,
2110 4711 2256 4784 quod
2309 4726 2417 4768 non
2470 4711 2606 4765 alter
2651 4724 2775 4764 cum
2823 4709 2998 4766 altero
3025 4708 3370 4780 coadoratur,
3419 4721 3516 4769 aut

1923 4805 2066 4877 quod
2091 4810 2428 4872 nuncupatur
2455 4801 2622 4870 Deus,
2643 4799 2737 4856 sed
2765 4815 2902 4856 unus
2928 4801 3247 4872 intelligitur
3270 4802 3514 4862 Christus

1922 4897 2078 4953 .Iesus
2104 4895 2197 4951 Dei
2227 4893 2410 4958 Filius,
2444 4891 2772 4963 unigenitus,
2813 4908 2918 4948 una
2947 4894 3208 4950 servitute
3231 4911 3356 4951 cum
3386 4913 3514 4966 pro-

1925 4987 2042 5058 pria
2073 4998 2236 5040 carne
2267 4980 2626 5038 venerandus.
2650 4979 2986 5038 Conlitemur
3005 4983 3170 5039 etiam
3196 4986 3341 5055 quod
3371 4985 3513 5042 idem

1928 5079 2040 5147 ipse
2082 5075 2173 5146 qui
2221 5090 2288 5129 ex
2346 5073 2457 5128 Deo
2506 5069 2668 5127 Patre
2721 5081 2878 5126 natus
2906 5082 2988 5129 est
3016 5073 3180 5129 Filius
3209 5077 3516 5146 unigenitus
3560 5075 3568 5086 '

1928 5169 2088 5232 Deus,
2122 5166 2248 5221 licet
2272 5165 2428 5235 juxta
2457 5174 2702 5224 naturam
2734 5179 2884 5218 suam
2915 5179 3109 5234 etpers
3129 5167 3396 5237 passionis
3417 5184 3516 5224 ea-

1926 5262 2146 5328 stitcrit,
2178 5277 2273 5330 pro
2303 5259 2457 5315 nobis
2497 5267 2674 5314 tamen
2717 5258 3009 5314 secundum
3037 5257 3344 5330 Scripturas
3390 5276 3516 5331 per-

1931 5371 2118 5428 pessus
2146 5357 2236 5422 sit,
2261 5362 2314 5408 et
2336 5364 2454 5408 erat
2483 5353 2536 5408 in
2559 5368 2719 5409 cruce
2749 5353 2856 5408 tixo
2883 5367 3114 5424 corpore
3135 5355 3366 5425 propria:
3394 5368 3516 5408 car-

1931 5448 2014 5502 nis
2043 5445 2442 5516 impassibiliter
2468 5443 2538 5498 ad
2583 5458 2643 5498 se
2695 5441 2934 5498 referens
2990 5445 3269 5513 passiones
3298 5460 3311 5494 :
3341 5444 3514 5510 gratia

1933 5551 2063 5593 vero
2091 5536 2206 5602 Dei,
2238 5551 2337 5606 pro
2364 5534 2614 5591 omnibus
2644 5535 2878 5605 gustavit
2917 5542 3166 5598 mortem,
3199 5531 3418 5588 tradens
3461 5535 3514 5589 ei

1935 5627 2209 5698 proprium
2235 5640 2450 5695 corpus,
2483 5625 2727 5695 quamvis
2757 5625 3073 5680 naturaliter
3099 5625 3212 5693 ipse
3235 5625 3342 5678 vita
3369 5627 3438 5680 sit
3459 5637 3516 5682 et

1933 5715 2254 5770 resurrectio
2275 5722 2629 5769 mortuorum.
2657 5714 2786 5768 Nam
2810 5722 2866 5766 ut
2887 5721 3114 5767 mortem
3140 5712 3392 5770 ineffabili
3417 5733 3515 5785 pu-

1933 5809 2098 5861 tentia
2133 5806 2488 5877 proculcaret,
2513 5820 2576 5858 ac
2601 5805 2802 5874 primus
2824 5804 2876 5856 in
2915 5817 3008 5857 sua
3035 5820 3198 5862 carne
3246 5807 3512 5877 primogr-

1931 5897 2073 5954 nitus
2128 5911 2194 5955 ex
2240 5895 2465 5955 mortuis
2513 5893 2684 5965 ﬁeret,
2711 5902 2764 5952 et
2815 5893 3066 5976 primitite
3109 5898 3506 5966 dormientium.
