3970 6358
575 398 646 454 15

1846 386 2205 447 DIONYSIUS
2242 386 2559 449 EXIUUUS.

3748 388 3807 447 46

576 514 825 579 viamque
848 504 1315 564 facerethtmante
1337 509 1539 560 natura:
1562 500 1628 560 ad
1657 503 2019 575 corruptionis
2066 518 2155 558 rc-
2185 508 2223 560 Α
2257 502 2446 573 dignos
2501 498 2868 559 exinanitione
2908 512 3188 557 sermones
3236 498 3518 570 effugerit?
3553 498 3647 557 Uni
3667 500 3809 571 igitur

576 615 808 666 cursum,
839 599 1009 668 gratia
1042 598 1159 667 Dei,
1181 597 1320 652 sient
1363 610 1527 665 supra
1556 593 1757 649 dictum
1787 601 1891 662 est,
1912 609 2012 665 pro
2040 608 2160 649 om-

578 692 733 747 nibus
769 687 1002 759 gustavit
1029 694 1278 750 mortem,
1309 694 1367 743 et
1395 685 1554 741 tertio
1574 685 1661 739 die
1699 697 1984 754 resurgens
2031 696 2159 753 spo-

576 782 727 838 liavit
766 780 1050 835 infernum.
1091 776 1298 832 Idcirco
1348 776 1594 847 quamvis
1633 774 1844 831 dicatur
1888 771 2035 846 quod
2061 786 2162 845 per

577 874 848 929 hominem
878 870 1016 926 facta
1046 869 1117 925 sit
1144 869 1469 925 resurrectio
1490 878 1843 931 mortuorum,
1870 874 2047 921 tamen
2076 866 2161 922 in-

566 963 865 1033 telligimus
891 959 1165 1016 hominem
1194 958 1394 1014 factum
1416 957 1651 1014 Verbum
1675 956 1819 1028 quod
1840 971 1909 1011 ex
1929 955 2042 1011 Deo
2053 962 2157 1016 est.

574 1062 755 1123 ctper
780 1052 955 1123 ipsum
991 1050 1184 1105 mortis
1234 1047 1517 1119 imperium
1575 1046 1738 1103 fuisse
1780 1045 2110 1101 destructum
2141 1061 2156 1099 :

574 1145 757 1201 veniet
783 1152 961 1198 autem
982 1140 1315 1214 temporibus
1330 1138 1629 1210 praefinitis,
1655 1138 1795 1193 sicut
1811 1151 1948 1192 unus
1967 1144 2051 1192 est
2072 1135 2164 1191 Fi-

577 1235 681 1292 lius
726 1243 783 1291 et
811 1233 1086 1298 Dominus,
1144 1231 1199 1286 in
1227 1230 1397 1300 gloria
1424 1227 1621 1297 Patris,
1655 1239 1716 1284 ut
1740 1226 1947 1297 judicet
1974 1226 2161 1282 orbem

575 1337 841 1383 terrarum
905 1325 960 1379 in
1007 1322 1281 1393 mquitate,
1310 1322 1451 1376 sicut
1478 1319 1756 1391 Scriptura
1784 1326 2028 1374 testatur.
2059 1316 2164 1372 Ne-

574 1416 811 1473 cessario
850 1413 1011 1484 igitur
1036 1420 1094 1468 et
1134 1412 1239 1466 hoc
1267 1409 1579 1480 adjicitnus;
1611 1410 1994 1464 annuutiantes
2020 1408 2164 1463 enim

574 1505 868 1563 secundum
890 1517 1109 1560 carnem
1137 1508 1365 1557 mortem
1391 1500 1651 1570 unigeniti
1674 1498 1796 1555 Filii
1817 1498 1933 1565 Dei,
1982 1499 2035 1554 ld
2081 1505 2166 1554 est

575 1596 703 1653 Jesu
728 1596 948 1663 Christi,
979 1602 1035 1650 et
1074 1592 1529 1649 resurrectionem
1559 1592 1695 1661 ejus,
1727 1591 1859 1647 etin
1887 1590 2040 1648 cmlis
2078 1604 2169 1646 as-

575 1686 885 1744 wnsionem
934 1684 1140 1755 pariter
1190 1680 1533 1748 conﬁtentes,
1563 1681 1895 1736 incruentam
1926 1678 2167 1736 celebra-

575 1790 697 1834 mus
720 1776 776 1833 in
805 1775 1046 1834 ecclesiis
1088 1772 1336 1831 sacriilcii
1379 1772 1732 1837 servitutem;
1762 1769 1840 1825 sic
1886 1770 2049 1825 etiam
2097 1764 2166 1824 ad

2257 608 2505 664 persona:
2526 600 2749 649 cunctas
2779 592 2893 662 ejus
2913 591 2966 647 in
2997 590 3289 660 Evangelio
3314 607 3478 649 voces
3497 595 3804 663 ascribitnus,

2258 684 2348 738 uni
2403 683 2780 749 subsistentim,
2826 681 2989 737 Verbi
3043 682 3251 738 scilicet
3294 690 3352 738 et
3399 684 3669 753 incarnati,
3696 691 3809 755 quia

2258 789 2396 829 unus
2415 782 2497 829 est
2524 773 2779 829 Dominus
2799 772 2953 831 Jesus
3002 771 3265 839 Christus,
3315 783 3379 830 ut
3427 775 3673 847 scriptum
3719 788 3810 834 est.

2260 862 2600 934 Appellatum
2622 878 2751 918 vero
2773 862 3090 937 Apostolum
3115 872 3166 920 et
3200 863 3514 921 Pontiﬁcem
3543 866 3813 924 confessio-

2260 954 2343 1010 nis
2373 961 2567 1010 nostra:
2598 962 2851 1025 tanquam
2880 954 3211 1011 sacriﬁcante
3256 953 3367 1021 Deo
3414 964 3469 1012 et
3518 954 3655 1012 Patri
3701 956 3816 1015 iidci

2260 1052 2458 1099 nostra:
2486 1042 2897 1111 confessionem,
2928 1060 3089 1116 quam
3119 1060 3150 1100 a
3173 1044 3328 1102 nobis
3350 1045 3523 1117 ipsiet
3549 1062 3641 1118 per
3658 1047 3818 1118 ipsum

2262 1133 2375 1190 Deo
2428 1141 2485 1190 et
2513 1134 2654 1189 Patri
2684 1134 3017 1191 incessanter
3044 1134 3269 1191 oli'ertur
3389 1135 3586 1193 Iterum
3609 1154 3721 1194 cum
3743 1137 3821 1195 di-

2260 1224 2453 1293 cimus,
2483 1224 2574 1297 qui
2602 1239 2671 1281 ex
2698 1224 2811 1281 Deo
2839 1232 2922 1281 est
2947 1224 3242 1284 secundum
3272 1234 3517 1284 naturam
3538 1227 3694 1285 Filius
3714 1230 3825 1287 uni-

2261 1315 2492 1386 genitus,
2544 1312 2643 1371 n'ec
2696 1314 2900 1371 homini
2939 1323 3135 1387 praeter
3178 1332 3300 1371 eum
3348 1317 3504 1374 alteri
3554 1320 3825 1378 sacerdotii

2264 1420 2461 1461 nomen
2500 1414 2555 1461 et
2584 1404 2818 1461 ofﬁcium
2842 1406 3184 1477 deputamus.
3218 1405 3416 1464 Factus
3453 1418 3537 1465 est
3561 1412 3696 1467 enim
3720 1426 3829 1468 me-

2264 1497 2440 1553 diator
2497 1497 2593 1553 Dei
2656 1506 2715 1554 et
2770 1499 3071 1568 hominum,
3129 1508 3186 1555 et
3222 1502 3597 1559 reconciliator
3638 1503 3704 1559 ad
3737 1520 3829 1576 pa-

2264 1602 2421 1655 cem,
2477 1588 2824 1659 semetipsum
2880 1589 2992 1645 Deo
3055 1599 3114 1645 et
3177 1588 3323 1646 Patri
3375 1607 3472 1662 pro
3519 1593 3667 1653 nobis
3700 1595 3827 1653 oile-

2264 1692 2390 1733 rens
2443 1678 2496 1732 in
2543 1679 2767 1734 odorem
2799 1680 3117 1735 suavitatis:
3172 1680 3402 1754 ideoque
3444 1686 3744 1755 sacriﬁcium
3781 1694 3830 1741 et

2265 1764 2576 1822 oblationem
2605 1768 2858 1836 noluisti;
2905 1769 3206 1825 holocausta
3235 1788 3329 1841 pro
3370 1782 3579 1841 peccato
3606 1791 3703 1829 non
3747 1776 3833 1830 tibi

575 1869 829 1943 mysticas
856 1865 1258 1923 benedictiones
1284 1860 1609 1929 accedimus,
1641 1868 1700 1917 et
1743 1859 2161 1928 sanetiticamur,
2195 1875 2240 1938 Β
2266 1858 2587 1929 Placuerat“:
2619 1876 2806 1931 εοηηιε
2846 1870 3017 1914 amem
3052 1862 3313 1932 perfeciin
3345 1863 3499 1929 πτίλίῖ
3542 1874 3656 1918 ωηο
3689 1866 3792 1920 dixi
3811 1881 3832 1922 ε

575 1958 868 2032 participes
887 1956 1057 2014 sancti
1076 1954 1321 2027 corporis
1349 1960 1405 2009 et
1431 1951 1654 2024 pretiosi
1679 1950 1953 2021 sanguinis
2001 1949 2161 2005 Chri-

575 2050 644 2104 sti
670 2049 909 2105 omnium
934 2053 1176 2103 nostrum
1213 2043 1572 2115 redemptoris
1596 2040 1796 2109 eil'ecti,
1829 2040 1971 2097 sicut
2012 2054 2165 2096 com-

562 2149 793 2192 munem
822 2147 1043 2190 carnem
1068 2130 1451 2203 percipientes,
1482 2129 1627 2200 quod
1656 2128 1834 2183 absit:
1862 2142 1965 2184 nec
1984 2136 2045 2183 ut
2063 2126 2163 2183 viri

574 2224 895 2283 sanetiiicati
922 2231 979 2280 et
1005 2222 1183 2280 Verbo
1228 2221 1504 2293 conjuncti
1541 2220 1836 2277 secundum
1889 2218 2165 2288 dignitatis

562 2319 857 2383 .unitatem,
876 2323 970 2372 aut
990 2314 1131 2373 sicut
1150 2313 1384 2370 divinam
1408 2312 1732 2385 possidentis
1754 2310 2163 2378 habitationem,

576 2410 671 2467 sed
699 2417 759 2464 ut
785 2422 913 2465 vere
939 2404 1364 2471 vivificatrieem,
1393 2413 1451 2461 et
1478 2405 1648 2476 ipsius
1674 2403 1836 2460 Verbi
1890 2404 2166 2476 propriam

560 2501 778 2556 :factam
804 2515 821 2565 ;
852 2499 958 2553 vita
989 2497 1131 2553 enim
1158 2494 1475 2551 naturaliter
1494 2510 1553 2550 ut
1580 2494 1721 2551 Deus
1743 2495 1998 2562 existens,
2042 2493 2167 2564 quia

570 2592 811 2665 propria:
837 2591 987 2648 carni
1009 2590 1191 2647 unitus
1210 2596 1312 2654 est,
1342 2586 1741 2644 vivificatrieem
1767 2602 1887 2644 eam
1911 2602 2031 2643 esse
2042 2602 2169 2657 pro-

560 2688 752 2742 :fessus
776 2692 880 2742 est.
909 2681 979 2738 Et
1006 2683 1128 2740 ideo
1153 2680 1400 2753 quamvis
1419 2678 1563 2736 dicat
1585 2678 1653 2735 ad
1676 2692 1793 2744 nos,
1811 2680 1994 2745 Amen,
2018 2693 2168 2733 amen

562 2778 697 2832 lico
722 2774 884 2843 vobis,
934 2775 1037 2829 nisi
1062 2770 1497 2828 manducareritis
1524 2784 1735 2824 carnem
1762 2768 1895 2823 Filii
1920 2769 2166 2832 hominis,

560 3207 706 3300 apter
733 3241 832 3282 nos
860 3225 1001 3282 ﬁlius
1031 3224 1264 3281 hominis
1293 3231 1350 3278 et
1379 3221 1551 3278 factus
1577 3230 1661 3278 est
1687 3228 1744 3276 et
1770 3230 2014 3276 vocatus.
2066 3218 2172 3276 Eas
2200 3207 2246 3271 C

578 2876 629 2922 et
651 2865 876 2922 biberitis
903 2866 1014 2937 ejus
1043 2861 1368 2935 sanguinem,
1393 2876 1500 2916 non
1532 2868 1711 2915 tamen
1737 2873 1855 2916 eam
1888 2866 1945 2914 ut
1993 2859 2172 2915 homi-

582 2959 667 3014 nis
694 2952 852 3013 un‘ius
876 2970 943 3012 ex
973 2954 1128 3011 nobis
1148 2952 1458 3010 existimare
1483 2950 1761 3015 debemus,
1793 2949 2067 3022 quomodo
2090 2948 2174 3004 ni-

559 3049 656 3105 :liil
681 3047 835 3118 juxta
858 3054 1100 3103 naturam
1128 3058 1279 3099 suam
1299 3040 1617 3098 viviﬁcatrix
1638 3055 1761 3096 esse
1788 3054 1916 3096 caro
1939 3038 2173 3097 hominis

581 3138 783 3209 poterit
809 3152 824 3191 :
855 3132 952 3191 sed
981 3141 1041 3189 ut
1067 3147 1194 3189 vere
1217 3131 1491 3203 propriam
1536 3129 1654 3199 ejus
1683 3128 1903 3198 iactam,
1926 3128 2018 3199 qui
2047 3144 2174 3200 pro-

576 3327 764 3373 autem
790 3331 954 3393 voces
981 3316 1116 3386 quas
1137 3313 1395 3370 Salvator
1423 3319 1607 3367 noster
1647 3311 1702 3366 in
1731 3308 2022 3380 Evangelio
2046 3324 2174 3381 pro-

584 3410 727 3475 tulit,
758 3423 869 3463 non
894 3407 966 3463 -in
995 3406 1203 3462 duabus
1246 3402 1610 3460 subsistentiis
1637 3410 1730 3457 aut
1783 3402 2028 3474 personis
2054 3416 2174 3458 om-

578 3500 718 3557 nino
745 3497 1023 3569 partimur.
1049 3496 1166 3552 Non
1188 3495 1334 3552 enim
1362 3494 1558 3565 duplex
1590 3502 1674 3551 est
1700 3510 1838 3550 unus
1858 3492 2100 3550 Christus
2119 3501 2177 3549 et

583 3591 751 3656 soliis,
782 3587 1029 3659 quamvis
1057 3601 1126 3642 ex
1151 3585 1362 3642 duabus
1390 3585 1724 3655 diversisque
1770 3584 1934 3641 rebus
1961 3584 2028 3640 ad
2055 3583 2175 3639 uni-

572 3688 753 3735 tatem
766 3684 1125 3747 cognoscatur
1146 3673 1471 3731 individuam
1484 3674 1829 3731 convenisse:
1848 3673 1990 3730 sicut
2008 3673 2173 3729 homo

565 3784 804 3845 «quoque
832 3785 902 3825 ex
923 3769 1101 3824 anima
1122 3774 1377 3824 constans
1404 3775 1460 3823 et
1475 3782 1707 3838 corpore
1732 3782 1840 3823 non
1853 3764 2048 3836 duplex
2078 3779 2176 3835 po-

568 3872 716 3937 :tius,
763 3865 859 3923 sed
881 3879 1019 3921 unus
1046 3871 1129 3921 est
1156 3878 1224 3920 ex
1249 3870 1498 3934 utroque.
1518 3860 1800 3917 Humanas
1827 3873 1958 3929 ergo
1982 3867 2039 3915 et
2088 3858 2175 3913 di-

574 3961 739 4015 vinas
783 3958 1003 4027 insuper
1038 3970 1205 4012 voces
1247 3955 1316 4011 ab
1358 3970 1466 4010 uno
1494 3953 1710 4010 Christo
1732 3952 1904 4009 dictas
1932 3951 2175 4024 animad-

586 4054 1034 4105 vertentesrecte
1059 4045 1342 4102 sentimus.
1371 4044 1506 4099 Cum
1528 4044 1671 4100 enim
1689 4042 1799 4098 Deo
1826 4028 2137 4109 dignissime
2153 4041 2173 4062 '

587 4140 825 4211 loquitur
847 4138 916 4195 de
934 4138 1111 4209 seipse
1137 4155 1149 4190 :
1183 4136 1285 4203 Qui
1309 4153 1388 4191 me
1409 4137 1557 4204 vidit,
1585 4135 1711 4189 vidit
1748 4143 1797 4188 et
1826 4131 2073 4197 Patrem;
2095 4138 2174 4201 et,

576 4230 709 4305 Ego
744 4243 794 4287 et
815 4230 976 4287 Pater
1003 4245 1160 4284 unum
1191 4245 1384 4294 sumus,
1419 4228 1656 4283 divinam
1686 4226 1802 4294 ejus
1830 4222 2177 4294 intelligimus

590 4322 1020 4392 ineil‘abilemque
1048 4330 1312 4386 naturam,
1363 4318 1659 4377 secundum
1695 4330 1854 4386 quam
1884 4329 2048 4370 unum
2093 4322 2179 4369 est

593 4430 715 4469 cum
762 4410 920 4468 Patre
947 4426 1068 4479 suo,
1102 4420 1323 4482 propter
1354 4424 1513 4465 unam
1542 4405 1896 4475 eamdemque
1922 4406 2175 4461 substan-

591 4508 743 4573 tiam,
789 4505 967 4577 imago
995 4511 1051 4561 et
1076 4503 1373 4569 character,
1422 4499 1781 4574 splendorque
1828 4498 2013 4571 gloria:
2060 4496 2176 4568 ejus

2264 1948 2398 2004 Ecce
2420 1950 2585 2006 venio.
2610 1948 2674 2005 In
2697 1952 2862 2022 capite
2882 1951 2999 2006 libri
3018 1952 3263 2021 scriptum
3283 1962 3358 2007 est
3380 1953 3443 2007 de
3461 1970 3561 2021 me,
3582 1964 3635 2009 ut
3653 1957 3836 2026 faciam

2264 2039 2579 2096 voluntatem
2620 2049 2780 2098 tuam.
2822 2040 3026 2097 Obtulit
3068 2042 3211 2098 enim
3240 2042 3471 2114 primum
3506 2058 3696 2116 corpus
3732 2062 3839 2103 non

2265 2144 2365 2201 pro
2389 2143 2467 2195 se,
2497 2129 2593 2186 sed
2622 2145 2721 2201 pro
2750 2130 2905 2187 nobis
2932 2130 2984 2186 in
3014 2128 3237 2188 odorem
3261 2133 3559 2189 suavitatis.
3586 2133 3712 2191 Nam
3736 2150 3840 2206 qua

2266 2235 2366 2294 pro
2385 2237 2445 2277 se
2472 2223 2746 2280 oblatione
2763 2223 2849 2280 vel
2871 2224 3147 2280 sacriﬁciis
3168 2223 3431 2296 indigeret
3456 2225 3525 2281 ab
3550 2227 3692 2282 omni
3715 2242 3841 2297 pec-

2267 2321 2391 2369 cato
2418 2313 2553 2369 liber
2578 2321 2635 2368 ut
2658 2313 2798 2370 Deus
2825 2314 3098 2370 existens?
3124 2313 3280 2382 Quod
3306 2315 3351 2370 si
3378 2330 3566 2372 omnes
3588 2330 3841 2387 peccave-

2269 2413 2395 2459 runt
2421 2413 2475 2459 et
2502 2414 2661 2473 egent
2688 2405 2856 2475 gloria
2885 2402 3017 2472 Dei,
3047 2405 3343 2461 secundum
3370 2405 3476 2462 hoc
3498 2406 3639 2475 quod
3666 2422 3845 2463 sumus

2269 2494 2335 2551 ad
2359 2494 2729 2551 mutabilitatis
2748 2510 3025 2552 excessum
3046 2495 3405 2566 promptiores
3424 2494 3623 2561 effecti,
3644 2505 3699 2552 et
3718 2513 3845 2568 pec-

2269 2587 2406 2643 catis
2432 2586 2714 2659 :cgrotavit
2742 2588 2972 2642 humana
3006 2596 3195 2641 natura
3219 2624 3237 2652 ,
3272 2588 3387 2657 ipse
3424 2603 3555 2644 vero
3592 2604 3698 2644 non
3726 2590 3798 2644 ita
3824 2606 3844 2645 :

2272 2675 2501 2748 ideoque
2524 2693 2623 2733 nos
2650 2677 2821 2747 gloria
2850 2676 2966 2747 ejus
2992 2676 3305 2743 evincimur,
3330 2692 3425 2732 cur
3445 2679 3549 2733 erit
3574 2678 3709 2734 ultra
3736 2679 3846 2748 jam

2272 2769 2493 2826 dubium
2521 2769 2663 2840 quod
2692 2770 2875 2840 Agnus
2902 2784 3059 2825 verus
3086 2776 3310 2842 propter
3347 2784 3448 2826 nos
3490 2778 3547 2826 et
3575 2786 3671 2841 pro
3697 2772 3846 2828 nobis

2270 2863 2341 2920 sit
2366 2862 2708 2918 immolatus?
2735 2861 2836 2929 Qui
2856 2860 2984 2919 dicit
3010 2868 3191 2916 autem
3215 2861 3340 2930 quia
3366 2860 3713 2932 semetipsum
3741 2871 3846 2917 tam

2274 2968 2373 3025 pro
2404 2968 2463 3010 se
2491 2968 2653 3023 quam
2682 2967 2781 3022 pro
2820 2950 2978 3008 nobis
3000 2950 3287 3018 obtulerit,
3319 2952 3623 3007 nullatenus
3661 2952 3846 3022 impie-

2276 3045 2398 3101 tatis
2422 3045 2626 3100 crimen
2655 3041 2891 3114 eil'ugiet,
2939 3058 3061 3099 cum
3088 3043 3224 3099 nihil
3252 3059 3472 3114 prorsus
3498 3043 3598 3099 iste
3626 3042 3846 3113 delique

2276 3140 2382 3206 rit,
2414 3153 2515 3195 nec
2542 3137 2707 3193 ullum
2737 3136 2925 3193 fecerit
2952 3138 3173 3193 omnino
3209 3144 3509 3207 peccatum.
3553 3135 3668 3202 Qua
3699 3136 3844 3205 igitut

2276 3237 2461 3301 egeret
2490 3229 2769 3288 oblatione
2798 3227 2947 3284 nullo
2990 3242 3088 3284 suo
3128 3228 3399 3284 excitante
3447 3226 3685 3280 facinore
3707 3266 3723 3291 ,
3760 3241 3843 3296 ρι’(

2275 3336 2384 3397 quo
2411 3320 2455 3376 si
2484 3326 2629 3377 esset
2664 3318 2795 3374 satis
2832 3317 3117 3374 admodum
3166 3317 3552 3374 convenienter
3597 3317 3844 3373 oilerret‘

2275 3409 2352 3465 De
2370 3408 2571 3479 Spiritu
2597 3421 2815 3479 quoque
2840 3422 2961 3464 cum
2988 3406 3136 3471 dicit,
3171 3405 3269 3461 lue
3294 3424 3376 3461 me
3399 3406 3733 3478 gloriﬁcavit,
3756 3406 3844 3461 hoc

2276 3498 2575 3555 rectissime
2603 3498 2901 3557 sentientes
2927 3511 3089 3567 quam
3126 3495 3395 3553 Christum
3424 3505 3479 3551 et
3502 3494 3720 3563 Filium,
3752 3509 3844 3550 net

2273 3588 2421 3645 velut
2449 3588 2669 3646 alterius
2706 3596 2952 3660 egentem
2997 3586 3167 3658 gloria
3190 3628 3206 3655 ,
3252 3585 3573 3643 confitemur
3597 3601 3628 3641 a
3658 3584 3844 3656 Spiritt

2275 3689 2466 3737 saneto
2495 3681 2720 3753 gloriam
2750 3688 3098 3736 consecutum
3125 3718 3143 3746 ,
3179 3678 3305 3750 quia
3352 3678 3573 3750 spiritus
3616 3676 3739 3749 ejus
3767 3692 3844 3733 net

2276 3771 2467 3826 melior
2496 3787 2597 3829 nec
2640 3771 2889 3842 superior
2930 3769 3023 3825 illo
3067 3778 3151 3825 est
3182 3786 3193 3822 :
3223 3769 3317 3825 sed
3346 3771 3470 3839 quia
3516 3768 3653 3823 mira
3699 3784 3844 3840 oper;

2274 3861 2477 3919 faciens
2505 3862 2571 3916 ad
2600 3859 3115 3917 demonstrationem
3144 3874 3253 3915 sua":
3282 3858 3496 3915 deitatis
3520 3859 3722 3914 virtute
3752 3872 3844 3928 pro

2276 3954 2379 4026 prii
2426 3953 2648 4023 spiritus
2695 3952 2984 4018 utebatur,
3032 3951 3100 4006 ab
3152 3952 3266 4022 ipsa
3312 3950 3601 4021 gloriﬁcari
3647 3950 3844 4005 dicitur

2278 4040 2738 4110 Quemadmodum
2770 4042 2813 4097 si
2841 4041 2962 4111 quis
2990 4038 3058 4095 de
3085 4039 3391 4095 hominibus
3419 4045 3697 4095 asseveret
3726 4052 3838 4108 quo

2276 4138 2445 4192 virtus
2483 4151 2578 4189 sua
2617 4150 2715 4190 seu
2762 4132 3040 4204 disciplina
3089 4131 3384 4203 quemlibet
3430 4145 3843 4200 unumquemqu

2277 4227 2535 4283 clariiteet
2560 4244 2573 4279 :
2606 4226 2849 4297 quamvis
2876 4225 3017 4280 enim
3048 4225 3099 4279 in
3130 4240 3223 4279 sua
3253 4225 3323 4279 sit
3346 4223 3693 4279 subsistentia
3719 4222 3837 4291 spir

2278 4326 2386 4385 tus,
2413 4325 2468 4371 et
2488 4315 2944 4385 ejusintelligatur
2972 4316 3024 4370 in
3049 4330 3278 4387 persona
3307 4314 3607 4385 proprietas
3633 4313 3799 4384 juxta
3829 4314 3843 4366 i

2280 4407 2421 4477 quod
2466 4405 2683 4476 spiritus
2708 4414 2793 4462 est
2821 4414 2877 4461 ct
2903 4422 3006 4461 non
3036 4405 3172 4460 filius
3194 4445 3210 4472 ,
3241 4413 3480 4460 attamen
3520 4404 3736 4477 alienus
3768 4420 3843 4459 no

2281 4507 2364 4553 est
2389 4516 2402 4550 :
2438 4497 2503 4552 ab
2530 4497 2621 4553 illo
2652 4497 2793 4552 enim
2823 4486 3053 4569 Spiritus
3081 4496 3379 4568 appellatus
3408 4506 3488 4552 est
3517 4495 3795 4563 veritatis,
3828 4510 3844 4550 ι

592 4596 852 4654 existens.
884 4594 1020 4654 Cum
1041 4596 1440 4652 vero-humana:
1472 4602 1675 4648 natura:
1703 4606 2009 4647 mensuram
2057 4590 2176 4646 nul-
2210 4571 2256 4631 Ῑ)
2285 4590 2479 4643 veritas
2506 4588 2751 4647 Christus
2777 4596 2862 4645 est
2886 4632 2901 4658 ,
2933 4588 3072 4645 unde
3101 4597 3156 4644 et
3190 4588 3257 4643 ab
3301 4588 3405 4642 isto
3451 4587 3708 4645 similiter
3737 4587 3841 4641 siet

594 4690 807 4744 latenus
832 4687 1163 4744 inhonorans
1182 4682 1400 4740 ‘Judtcos
1422 4680 1729 4753 alloquitur,
1750 4679 1906 4736 Nunc
1931 4697 2012 4736 me
2032 4696 2173 4753 qutie-

572 4778 710 4854 Or-itis
730 4777 962 4835 occidere
980 4778 1236 4834 hominem
1257 4777 1341 4848 qui
1369 4775 1631 4829 ceritatem
1658 4774 1797 4829 vobis
1825 4773 2022 4827 locutus
2043 4788 2175 4834 sum,

599 4868 729 4925 item
761 4883 868 4924 non
896 4867 1074 4923 minus
1104 4880 1226 4922 eum
1256 4864 1347 4934 qui
1379 4863 1432 4918 in
1482 4863 1832 4919 similitudine
1879 4872 1933 4917 et
1962 4862 2181 4931 aequali-

595 4970 713 5016 tate
743 4959 913 5016 Patris
938 4968 1039 5025 est,
1058 4958 1234 5013 ‘Deum
1264 4955 1498 5011 Verbum
1526 4957 1689 5010 etiam
1711 4956 1765 5009 in
1787 4957 2052 5009 mensuris
2080 4952 2181 5008 hu-

599 5054 873 5108 manitatis
887 5054 1016 5123 ejus
1033 5050 1392 5121 agnoscimus.
1425 5049 1481 5103 Si
1507 5056 1685 5103 autem
1729 5047 2037 5103 necessario
2065 5059 2183 5102 ere-

597 5144 742 5200 ditur
760 5143 905 5216 quod
931 5152 1118 5198 natura
1151 5141 1289 5195 Deus
1318 5141 1555 5195 existens
1601 5139 1771 5195 laetus
1799 5139 1869 5193 sit
1890 5153 2042 5206 caro,
2073 5138 2181 5193 imo

602 5236 783 5306 potius
836 5236 999 5290 homo
1050 5232 1316 5287 animatus
1370 5231 1547 5284 anima
1579 5228 1848 5296 rationali,
1882 5243 2001 5298 qua:
2024 5242 2183 5283 causa

601 5335 686 5380 est
716 5335 774 5380 ut
802 5324 855 5379 in
878 5323 995 5392 ejus
1014 5321 1241 5392 quilibet
1268 5322 1488 5375 vocibus
1516 5320 1819 5385 erubescat,
1852 5319 1897 5374 si
1946 5332 2038 5374 eas
2087 5318 2185 5373 bo-

603 5419 749 5473 mine
796 5415 985 5485 dignas
1030 5413 1221 5469 eii‘atus
1265 5414 1383 5468 est?
1417 5412 1573 5479 Quod
1601 5413 1644 5467 si
1674 5425 1953 5466 sermones
1979 5408 2186 5465 homini

602 5511 962 5573 congruentes
983 5502 1185 5571 abjicit,
1204 5503 1353 5573 juxta
1380 5519 1477 5557 nos
1491 5503 1767 5557 hominem
1792 5500 1906 5555 fieri
1923 5500 2042 5569 quis
2064 5514 2193 5553 eoe-

603 5595 717 5661 git?
741 5593 877 5647 Cum
900 5608 1028 5649 vero
1050 5608 1108 5648 se
1138 5603 1359 5664 propter
1379 5609 1477 5648 nos
1502 5593 1567 5648 ad
1588 5592 2007 5647 exinanitioncm
2027 5603 2191 5659 spon-

606 5691 819 5739 taneatn
867 5683 1290 5740 misericorditer
1337 5684 1647 5748 inclinaret,
1681 5696 1839 5751 quam
1870 5680 1940 5735 ob
1969 5693 2186 5735 causam

681 5798 697 5869 '_
730 5795 1040 5869 Dignissime
1068 5798 1193 5866 Deo,
1226 5801 1274 5855 id
1304 5809 1405 5866 est,
1435 5809 1489 5852 ut
1514 5796 1673 5851 Deum
1703 5798 1862 5869 decet.
1893 5794 2043 5869 Eon.

682 5867 722 5889 “
755 5865 967 5926 Plit-usis
991 5886 1212 5942 prorsus
1242 5865 1457 5936 vitiosa,
1488 5883 1605 5938 quae
1643 5869 1718 5922 sic
1748 5865 1927 5921 le‘Sili»:
1962 5865 2184 5934 legenda

2285 4696 2350 4737 ex
2366 4680 2477 4736 Deo
2489 4677 2646 4735 Patre
2667 4679 2928 4751 procedit.
2951 4678 3189 4749 Denique
3210 4677 3297 4734 hic
3320 4678 3434 4749 ipse
3452 4676 3691 4749 Spiritus
3713 4676 3842 4731 etiat

2285 4788 2382 4844 per
2408 4782 2717 4828 sanctorum
2739 4787 2930 4827 manus
2958 4769 3323 4841 apostolorum
3350 4767 3608 4823 miracula
3638 4766 3842 4836 glorior

2286 4863 2568 4935 perliciens
2588 4862 2869 4918 Dominum
2889 4860 3207 4931 gloriiicavit
3228 4855 3409 4912 Jesum
3431 4856 3713 4911 Christum
3740 4872 3842 4927 pos

2285 4970 2445 5025 quam
2473 4952 2713 5011 ascendit
2749 4953 2801 5007 in
2832 4952 3048 5008 coelum.
3090 4948 3220 5005 Nam
3248 4947 3485 5004 creditus
3514 4955 3600 5003 est
3629 4946 3842 5003 Chl‘iSll

2285 5054 2476 5099 natura
2509 5044 2646 5099 Deus
2690 5044 2965 5110 existens,
3012 5054 3109 5111 per
3152 5054 3306 5095 suum
3354 5038 3603 5108 spiritum
3651 5038 3838 5093 virtut

2286 5136 2543 5201 eﬂlciens,
2569 5136 2799 5205 ideoque
2824 5133 3035 5189 dicebat
3066 5151 3078 5187 :
3113 5131 3190 5186 De
3211 5148 3323 5187 meo
3352 5132 3570 5208 accipiet
3592 5139 3646 5185 et
3672 5147 3842 5184 annus

2286 5229 2434 5283 tiabit
2464 5228 2619 5282 vobis.
2654 5226 3000 5297 Nequaquam
3028 5240 3159 5279 vero
3195 5223 3613 5294 participatione
3652 5222 3841 5275 alterit

2287 5320 2425 5372 idem
2455 5318 2686 5387 Spiritus
2714 5316 2927 5387 sapiens
2971 5323 3066 5369 aut
3110 5323 3303 5385 potens
3348 5313 3575 5379 dicitur,
3614 5311 3754 5382 quia
3800 5326 3839 5379 [ν

2287 5409 2467 5464 omnia
2498 5404 2765 5478 perfectus
2793 5416 2897 5469 est,
2928 5415 2983 5461 et
3011 5406 3160 5461 nullo
3186 5421 3406 5477 prorsus
3433 5404 3687 5471 indigens
3715 5402 3838 5457 bon

2289 5500 2422 5554 Nam
2452 5507 2688 5570 paterna:
2714 5498 2929 5553 virtutis
2958 5505 3011 5552 et
3038 5496 3348 5567 sapientiae,
3376 5494 3427 5550 id
3456 5503 3538 5549 est
3574 5493 3705 5547 Filii
3737 5493 3842 5562 spit

2292 5605 2377 5648 tns
2404 5592 2655 5658 creditur,
2686 5600 2740 5645 et
2768 5590 2890 5645 ideo
2923 5590 3036 5660 ipsa
3075 5604 3134 5643 re
3168 5597 3223 5644 et
3251 5586 3593 5643 subsistentia
3629 5585 3815 5637 virtus

2289 5683 2551 5752 sapientia
2583 5679 2983 5751 comprobatur.
3034 5678 3201 5748 Igitur
3234 5678 3357 5749 quia
3388 5676 3555 5731 Deum
3586 5674 3752 5730 carni
3788 5690 3842 5726 ut

2290 5801 2432 5847 esset
2464 5810 2477 5842 τ
2522 5792 2791 5861 Apellatur
2829 5807 2945 5846 vero
2986 5789 3246 5861 apostolus
3280 5797 3328 5842 et
3368 5789 3831 5861 pon{ifex....._‘trt

2292 5879 2442 5929 quam
2485 5854 2788 5916 sacriﬁcans
2928 5854 3043 5934 quia
3079 5877 3111 5912 α
3150 5854 3385 5914 nobis...
3434 5854 3678 5928 oﬂ'crtur.
3734 5854 3841 5908 lini
