3970 6358
180 382 247 437 t7
1166 379 1499 439 EPISTOLA
1538 376 1877 437 SVNODICA
1919 377 1978 435 S.
2020 377 2316 449 CYllILLI,
2357 375 2509 434 ETC.
3418 385 3481 435 εδ

177 508 301 553 tum
331 498 490 568 juxta
527 496 933 554 subsistentiam
980 506 1170 554 sancta
1219 496 1383 567 Virgo
1430 494 1787 566 corporaliter
1815 495 1862 554 Α
1964 492 2030 549 V.
2063 491 2119 549 Si
2148 494 2269 565 quis
2297 492 2456 550 audet
2488 492 2670 550 dicere
2695 491 2969 549 Christum
2999 491 3272 549 hominem
3302 490 3486 572 ἄνθρω-

178 592 420 661 peperit,
450 591 654 647 idcirco
684 606 804 646 eam
834 589 928 646 Dei
956 590 1274 659 genitricem
1301 604 1420 645 esse
1446 585 1786 662 proﬁtemur,

178 701 294 739 nam
319 684 467 754 quod
494 684 655 740 Verbi
686 691 879 739 natura
902 681 1168 739 existendi
1196 681 1519 753 principium
1540 681 1607 735 de
1627 693 1791 734 carne

176 777 381 831 stirtita
411 776 482 830 sit
508 792 525 842 ;
574 785 688 831 erat
715 774 858 830 enim
894 774 949 829 in
978 772 1235 845 principio
1279 769 1502 826 Verbum
1524 810 1539 835 ,
1572 780 1620 826 et
1649 768 1789 824 Deus

178 876 301 921 erat
337 865 580 932 Verbum,
612 875 663 920 et
702 864 926 921 Verbum
947 874 1062 919 erat
1084 864 1225 936 apud
1254 860 1448 931 Deum,
1477 871 1534 918 ct
1562 862 1677 933 ipse
1708 868 1791 916 est

181 959 445 1013 conditor
465 958 808 1023 surculorum,
834 956 980 1011 Patri
1002 966 1325 1022 coaeternus,
1348 963 1404 1010 ct
1426 952 1790 1009 universitatis

181 1059 434 1117 creator;
464 1050 562 1106 scd
585 1049 731 1119 quod
759 1049 1008 1119 superius
1034 1048 1288 1113 diximus,
1315 1047 1470 1117 juxta
1499 1045 1793 1101 subsisten-

184 1143 324 1197 tiam
351 1142 570 1197 sibimet
598 1141 789 1195 unicus
817 1140 1108 1194 humanam
1138 1146 1384 1193 naturam
1403 1179 1421 1207 ,
1452 1136 1789 1191 nativitatem

182 1234 513 1290 sustinuerit
538 1248 608 1289 ea
636 1233 751 1302 ipsa
779 1231 937 1287 vulva
958 1245 1248 1300 corporea,
1278 1244 1388 1285 non
1409 1227 1557 1297 quod
1583 1226 1792 1296 eguerit

186 1326 503 1382 necessario
522 1333 616 1380 aut
638 1332 863 1394 propter
885 1338 1038 1378 suam
1066 1330 1335 1385 naturam,
1360 1319 1641 1374 nativitate
1665 1317 1789 1384 ista,

182 1432 315 1487 qme
341 1425 429 1472 est
457 1416 512 1471 in
541 1414 801 1471 extremis
825 1413 1007 1469 surculi
1035 1412 1175 1468 facta
1207 1410 1563 1480 temporibus,
1606 1408 1701 1465 sed
1731 1416 1791 1462 ut

194 1507 347 1576 ursas
391 1503 745 1561 benediceret
786 1502 1100 1560 substantim
1148 1510 1348 1557 nostrae
1392 1500 1675 1571 primitias.
1723 1497 1790 1552 Et

185 1596 324 1652 dum
348 1611 473 1651 eum
494 1596 646 1652 carni
676 1596 884 1651 unitum
914 1593 1107 1649 mulier
1128 1592 1404 1654 edidisset,
1433 1592 1523 1645 illa
1552 1606 1671 1660 quae
1698 1588 1792 1646 ad-

186 1703 383 1744 versus
409 1703 573 1744 omne
598 1701 771 1757 genus
798 1686 1095 1742 humanum
1126 1683 1433 1740 maledictio
1468 1682 1642 1737 fuerat
1670 1697 1792 1750 pro—

189 1780 305 1833 lata
333 1777 602 1833 desineret
624 1818 642 1845 ,
690 1792 793 1833 nec
816 1776 931 1846 jam
959 1776 1120 1831 morti
1147 1783 1333 1831 nostra
1362 1788 1591 1843 corpora
1618 1772 1788 1827 desti-

1890 611 1987 644 πον
2012 589 2259 663 Οεοφόρον,
2279 589 2330 642 ίιι
2352 597 2433 643 est
2453 588 2729 667 hominem
2748 587 2859 643 Deo
2875 594 3115 643 utentem
3130 602 3190 643 se
3210 596 3486 657 asportan-

1892 687 1998 735 tcm
2015 670 2176 749 (Sic),
2189 692 2365 735 etnon
2385 679 2554 735 Deum
2572 670 2691 737 esSe
2711 686 2979 736 veraciter
2998 679 3210 743 dixerit,
3230 688 3484 749 tanquam

1891 772 2106 826 unicum
2135 770 2300 827 ﬁlium
2330 787 2428 842 per
2456 781 2725 839 naturam,
2754 770 3050 828 secundum
3075 771 3222 841 quod
3245 771 3489 827 Verbum

1889 876 2017 917 caro
2048 862 2249 917 factum
2279 871 2391 926 est,
2424 862 2827 934 participaverit
2853 862 3012 918 nobis
3050 861 3298 919 similiter
3325 878 3490 921 carne

1889 959 1946 1008 et
1968 953 2255 1021 sanguine,
2288 954 2574 1009 anathema
2601 954 2690 1009 sit.

1978 1043 2062 1097 Vl.
2096 1044 2156 1100 Si
2185 1045 2303 1115 quis
2328 1044 2457 1100 dicit
2498 1045 2666 1100 Deum
2703 1045 2790 1103 vel
2828 1044 3115 1103 Dominum
3140 1060 3260 1101 esse
3287 1044 3489 1101 Christi

1891 1132 1988 1189 Dei
2036 1133 2212 1191 Patris
2244 1134 2521 1202 Verbum,
2554 1144 2610 1190 et
2649 1151 2757 1190 non
2804 1136 2976 1206 magis
3018 1134 3266 1191 eumdem
3314 1134 3489 1206 ipsum

1891 1221 2182 1279 conlitctur
2230 1224 2398 1280 Deum
2447 1234 2502 1280 et
2537 1224 2812 1282 hominem
2858 1225 3059 1293 simul,
3091 1234 3316 1296 propter
3342 1225 3489 1296 quod

1890 1314 2128 1371 Verbum
2152 1331 2280 1372 caro
2309 1314 2507 1372 factum
2532 1324 2637 1383 est,
2678 1320 2976 1374 secundum
3003 1315 3335 1387 Scripturas.
3365 1330 3489 1373 ana.

1892 1405 2072 1460 thema
2102 1407 2192 1461 sit.
3472 1444 3479 1479 τ

1965 1498 2076 1553 Vll.
2098 1497 2156 1553 Si
2180 1500 2301 1569 quis
2324 1499 2454 1556 dicit
2475 1508 2727 1570 tanquam
2747 1499 2802 1556 in
2822 1499 3105 1557 hominem
3115 1498 3297 1556 Iesum
3319 1498 3489 1556 Deum

1892 1587 2130 1644 Verbum
2182 1588 2349 1644 fuisse
2395 1600 2676 1660 operatum
2702 1628 2718 1655 ,
2763 1600 2819 1646 et
2851 1588 3123 1660 Unigeniti
3150 1588 3486 1671 dignitatem,

1896 1688 2155 1750 tanquam
2185 1682 2340 1737 alteri
2371 1690 2566 1751 praeter
2596 1682 2769 1753 ipsum
2805 1679 3488 1755 existenti,,tribuit,.anag

1891 1769 2074 1826 thema
2104 1770 2193 1825 sit.

186 1880 369 1926 naret.
396 1869 533 1925 Illud
551 1884 769 1939 quoque
786 1867 933 1938 quod
950 1867 1150 1924 dictum
1170 1874 1276 1935 est,
1297 1865 1363 1921 In
1381 1865 1592 1920 tristitia
1614 1865 1786 1935 paries
1818 1867 1865 1928 Β
1962 1860 2098 1917 Vlll.
2130 1861 2189 1919 Si
2232 1863 2353 1933 quis
2402 1861 2564 1918 audet
2610 1861 2793 1918 dicere
2831 1870 3168 1933 assumptum
3215 1846 3493 1919 hominem

185 1962 336 2033 ﬂio:
360 2003 377 2030 ,
406 1962 523 2032 ipse
550 1960 852 2017 dissolvens
873 2000 889 2028 ,
920 1975 1108 2016 verum
1136 1974 1258 2016 esse
1284 1964 1618 2015 monstraret
1642 1956 1791 2027 quod

188 2053 474 2124 propheta:
525 2067 658 2109 voce
705 2052 1027 2123 prmdixerat
1067 2067 1082 2106 :
1120 2049 1381 2121 Abaorpta
1422 2056 1499 2104 est
1546 2065 1685 2104 more
1732 2049 1790 2104 in

186 2146 406 2201 victoria
428 2185 444 2211 ,
489 2153 546 2200 et
570 2144 769 2200 iterum
799 2161 815 2199 :
845 2142 1073 2199 Abstulit
1103 2141 1242 2197 Deus
1267 2157 1471 2198 omnem
1499 2139 1790 2211 lacrymam

191 2236 260 2290 ab
288 2237 429 2291 omni
457 2237 636 2307 facie;
670 2241 893 2305 propter
919 2233 1061 2289 hanc
1088 2232 1289 2288 etenim
1316 2245 1535 2288 causam
1563 2229 1791 2286 dicimus

191 2342 321 2383 eum
347 2326 740 2397 dispensatorie
778 2332 837 2381 et
864 2325 995 2396 ipsis
1041 2323 1385 2381 benedixisse
1413 2330 1541 2378 tunc
1567 2321 1786 2392 nuptiis,

188 2434 319 2476 etim
345 2418 400 2475 in
422 2418 608 2475 Canan
634 2417 857 2475 Galilea:
882 2434 1005 2475 cum
1034 2419 1236 2475 sanctis
1278 2425 1504 2474 vocatus
1529 2416 1791 2487 apostolis

189 2508 385 2565 adesse
406 2509 656 2579 dignatus
683 2518 787 2567 est.
818 2508 945 2565 liam
973 2524 1167 2580 sapere
1188 2524 1375 2565 sumus
1397 2507 1576 2563 edocti
1604 2521 1639 2561 a
1661 2521 1790 2563 san-

188 2599 296 2656 ctis
324 2598 585 2671 apostolis
625 2607 684 2656 et
723 2598 1070 2670 evangelistis
1092 2640 1110 2667 ,
1139 2606 1197 2655 et
1221 2598 1290 2654 ab
1314 2598 1465 2653 omni
1508 2596 1795 2668 Scriptura

188 2690 446 2747 divinitus
482 2691 767 2763 inspirata,
793 2705 896 2747 nec
922 2705 1032 2748 non
1060 2699 1118 2746 et
1144 2704 1176 2746 a
1204 2689 1380 2745 beatis
1407 2686 1626 2743 Patrum
1654 2702 1787 2744 con-

190 2782 513 2840 fessionibus
561 2784 793 2841 veritate
837 2782 1101 2840 subnixis.
1173 2779 1270 2836 His
1314 2778 1566 2837 omnibus
1619 2779 1785 2834 etiam

186 2883 339 2930 tuam
358 2875 672 2944 religionem
691 2872 1111 2939 concordat-met
1128 2878 1326 2942 praeter
1343 2869 1576 2939 aliquem
1597 2867 1786 2925 dolum

184 2966 277 3021 vel
302 2965 572 3022 ﬁctionem
600 2966 909 3023 consentire
934 2954 1233 3029 convenit;
1278 2977 1399 3032 qua:
1427 2976 1556 3017 vero
1595 2961 1795 3029 religio

186 3065 283 3113 tua
306 3057 763 3113 anathematizare
790 3071 1014 3113 necesse
1039 3062 1147 3122 est,
1165 3054 1294 3110 huic
1319 3052 1564 3123 epistolae
1585 3059 1784 3107 nostra:

183 3146 435 3217 subjecta
484 3156 654 3202 sunt:
686 3147 832 3217 quod
880 3147 928 3203 si
969 3145 1191 3202 minime
1212 3181 1231 3213 ,
1277 3141 1483 3200 eisdem
1525 3141 1795 3212 subjectis

186 3236 517 3291 sententiam
544 3235 916 3305 consequeris.
1152 3280 1179 3297 .

263 3322 306 3379 ι.
336 3323 396 3380 Si
420 3324 542 3397 quis
566 3340 676 3380 non
703 3321 991 3379 conﬁtetur
1018 3322 1187 3378 Deum
1215 3337 1337 3380 esse
1364 3320 1631 3379 veraciter
1656 3318 1786 3374 Em-

187 3416 405 3472 manuel
429 3453 446 3479 ,
473 3424 529 3471 et
568 3424 792 3487 propter
819 3415 923 3470 hoc
949 3414 1125 3484 ipsum
1165 3413 1264 3469 Dei
1291 3412 1622 3469 Genitricem
1662 3426 1784 3467 san-

183 3515 332 3560 ctam
376 3503 660 3572 Virginem
702 3503 953 3575 (peperit
996 3504 1143 3558 enim
1186 3502 1476 3557 carnaliter
1525 3499 1791 3569 Verbum,

186 3594 333 3665 quod
356 3610 427 3650 ex
455 3594 566 3650 Deo
594 3602 681 3650 est
700 3632 718 3660 ,
746 3592 1052 3649 secundum.
1090 3592 1233 3663 quod
1260 3592 1521 3662 scriptum
1550 3599 1633 3646 est
1664 3608 1678 3644 :
1709 3588 1781 3644 Et

201 3684 418 3742 Verbum
439 3702 562 3739 caro
588 3686 784 3755 factum
810 3684 933 3753 est),
949 3684 1235 3737 anathema
1258 3682 1346 3737 sit.

258 3776 327 3832 ll.
371 3775 431 3833 Si
478 3776 601 3849 quis
645 3790 755 3830 non
799 3774 1091 3831 conﬁtetur
1142 3787 1307 3828 carne
1357 3769 1782 3827 substantialiter

190 3884 357 3947 unum
384 3884 504 3925 esse
530 3868 769 3925 Verbum
799 3866 976 3924 Patris
998 3905 1016 3934 ,
1045 3882 1213 3921 unum
1240 3879 1457 3935 quoque
1484 3879 1603 3920 esse
1625 3863 1781 3920 Chri-

190 3971 333 4019 stum
356 3977 478 4018 cum
510 3962 730 4034 propria
758 3977 944 4025 carne,
976 3970 1033 4017 et
1058 3960 1307 4016 eumdem
1339 3958 1513 4029 ipsum
1540 3957 1658 4014 sine
1681 3956 1779 4013 du-

190 4054 281 4109 bio
306 4051 477 4109 Deum
503 4053 666 4109 simul
692 4062 749 4108 et
770 4054 1046 4109 hominem
1068 4092 1084 4119 ,
1117 4052 1403 4106 anathema
1432 4050 1524 4106 sit.

259 4144 350 4201 ιιι.
378 4145 437 4201 Si
464 4148 583 4216 quis
609 4147 662 4202 in
688 4162 797 4202 uno
821 4146 1037 4203 Christo
1078 4145 1268 4201 dividit
1306 4143 1634 4201 substantias
1658 4150 1783 4215 post

194 4239 488 4294 unitienem
518 4239 633 4294 sola
661 4253 754 4293 eas
800 4238 1061 4294 societate
1104 4236 1438 4305 conjungens
1465 4250 1529 4290 ea
1557 4250 1675 4304 qua:
1703 4249 1785 4291 se-

192 4328 429 4385 cundum
457 4330 773 4399 dignitatem
800 4338 911 4394 est,
942 4329 1029 4384 vel
1057 4327 1221 4384 etiam
1251 4326 1656 4394 auctoritatem,
1689 4332 1784 4379 aut

193 4430 557 4491 potestatem,
605 4430 662 4476 et
712 4436 821 4475 non
872 4420 1044 4489 magis
1097 4426 1368 4476 conventu
1404 4416 1472 4472 ad
1519 4416 1781 4471 unitatem

194 4511 515 4579 naturalem,
546 4513 837 4568 anathema
856 4512 948 4569 sit.

1893 1959 2177 2017 coadorari
2202 1975 2324 2016 cum
2350 1958 2462 2016 Deo
2484 1959 2665 2015 Verbo
2692 1965 3056 2030 oportere,_et
3082 1958 3491 2039 coununeupari

1889 2048 2085 2119 Deum,
2119 2060 2373 2121 tanquam
2403 2048 2637 2108 alterum
2664 2066 2793 2109 cum
2830 2050 3005 2105 altero
3056 2047 3313 2121 (adiectio
3342 2048 3486 2107 enim

1890 2143 2049 2201 unius
2072 2142 2293 2214 syllabae
2331 2141 2437 2199 hoc
2478 2143 2626 2212 cogit
2653 2140 2927 2212 intelligi),
2960 2149 3016 2197 et
3045 2156 3153 2195 non
3179 2139 3350 2209 magis
3379 2125 3487 2197 una

1890 2234 2196 2289 reverentia
2226 2241 2515 2290 veneratur
2544 2232 2886 2294 Emmanuel.
2916 2245 3186 2300 unamque
3213 2231 3265 2286 ei
3291 2229 3489 2299 gloriﬁ-

1889 2327 2159 2383 cationem
2184 2325 2477 2397 dependit,
2508 2324 2663 2395 juxta
2690 2323 2837 2394 quod
2867 2323 3100 2379 Verbum
3130 2336 3260 2379 caro
3285 2319 3485 2381 factum

1889 2426 1992 2480 est,
2023 2418 2324 2473 anathema.
2336 2418 2425 2471 sit.

1961 2509 2054 2565 IX.
2085 2508 2142 2565 Si
2172 2510 2293 2581 quis
2321 2523 2487 2565 unum
2512 2506 2801 2564 Dominum
2823 2504 3006 2563 Jesum
3029 2505 3299 2562 Christum
3324 2503 3487 2573 glori:

1889 2600 2108 2656 ﬁcatum
2151 2599 2287 2655 dicit
2319 2614 2351 2654 a
2390 2597 2597 2669 Spiritu
2640 2604 2831 2653 sancto
2854 2637 2869 2665 ,
2903 2594 3265 2666 tanquamab
3304 2593 3491 2655 aliena

1888 2690 2127 2757 virtute,
2155 2704 2262 2761 qua
2302 2704 2401 2762 per
2437 2704 2563 2745 eum
2592 2696 2858 2755 uteretur,
2903 2696 2960 2744 et
3002 2688 3071 2743 ab
3110 2702 3176 2744 eo
3215 2687 3488 2758 acceperit

1887 2781 2183 2841 efﬁcaciam
2211 2790 2403 2840 contra
2431 2780 3087 2851 immundos.spiritus,.et
3115 2794 3213 2850 per
3232 2794 3357 2834 eum
3389 2779 3501 2833 im-r

1885 2875 2065 2947 plesse
2090 2875 2270 2930 divina
2297 2874 2472 2944 signa,
2502 2881 2558 2928 et
2582 2888 2689 2927 non
2718 2872 2889 2943 magis
2916 2870 3032 2939 ejus
3057 2869 3331 2940 proprium
3361 2884 3487 2929 esse

1886 2968 2133 3038 spiritum
2160 2968 2317 3024 dicat.
2335 2968 2474 3023 sicut
2501 2973 2559 3021 et
2588 2964 2905 3034 Patris,.per
2928 2978 3089 3033 quem
3117 2963 3268 3034 signa
3293 2978 3493 3036 operae.

1888 3066 1974 3115 tus
1991 3065 2093 3124 est,
2127 3057 2414 3114 anathema
2444 3058 2533 3114 sit.

1957 3148 2025 3205 X.
2068 3148 2384 3206 Pontiﬁcem
2431 3157 2487 3203 et
2535 3146 2855 3218 Apostolum
2894 3145 3249 3204 conlessmnis
3277 3130 3485 3202 nostrai

1806 3236 1853 3300 C
1885 3240 2088 3297 factum
2118 3254 2240 3297 esse
2259 3237 2534 3295 Christum
2555 3238 2735 3293 divina
2762 3236 3042 3308 Scriptura
3063 3244 3475 3293 commemorat.

1885 3332 2094 3389 Obtulit
2139 3332 2283 3387 enim
2331 3331 2682 3401 semetipsum
2728 3346 2826 3401 pro
2861 3329 3021 3387 nobis
3069 3329 3179 3383 Deo
3230 3327 3375 3384 Patri
3421 3328 3476 3383 in

1883 3424 2111 3481 odorem
2144 3423 2423 3480 suavitatis
2454 3440 2467 3478 :
2497 3422 2543 3478 si
2584 3422 2704 3492 quis
2743 3436 2872 3492 ergo
2901 3418 3215 3477 Pontiﬁcem
3256 3429 3313 3474 et
3340 3419 3480 3491 Apo-

1882 3515 2083 3571 stolum
2124 3523 2368 3571 nostrum
2409 3514 2571 3569 alium
2615 3513 2812 3569 dixerit
2853 3527 2977 3569 esse
3015 3512 3233 3579 factum,
3264 3519 3479 3583 praeter

1880 3623 2045 3679 quam
2071 3607 2248 3678 ipsum
2276 3605 2449 3661 Deum
2479 3604 2575 3661 Dei
2604 3604 2841 3659 Verbum
2866 3644 2883 3672 ,
2925 3602 3138 3673 quando
3168 3602 3365 3657 facttnn
3394 3610 3479 3657 cst

1882 3713 2047 3763 caro,
2094 3703 2150 3752 et
2192 3695 2485 3752 secundum
2529 3709 2628 3749 nos
2675 3692 2877 3759 homo,
2926 3692 3020 3748 sed
3052 3691 3206 3763 quasi
3246 3690 3485 3767 alterum

1884 3794 2082 3859 praeter
2106 3787 2284 3857 ipsum
2311 3785 2620 3856 specialiter
2646 3784 2919 3839 hominem
2950 3799 3020 3839 ex
3050 3783 3311 3851 muliere;
3351 3792 3406 3839 et
3430 3783 3479 3838 si

1883 3881 2006 3953 quis
2027 3879 2159 3935 dicit
2181 3877 2307 3948 quia
2333 3891 2433 3949 pro
2466 3891 2526 3932 se
2554 3875 2750 3931 obtulit
2777 3875 3015 3946 seipsum
3042 3874 3397 3943 oblationem,
3423 3882 3481 3930 et

1884 3986 1995 4027 non
2022 3970 2194 4039 magis
2232 3982 2333 4040 pro
2359 3966 2515 4024 nobis
2541 3966 2678 4022 solis
2723 3966 2870 4037 (non
2901 3964 3046 4020 enim
3076 3963 3305 4034 indiguit
3332 3963 3485 4039 oblag

1885 4063 2032 4119 tione
2051 4062 2143 4134 qui
2173 4068 2455 4133 peccatum
2476 4057 2750 4128 nescivit),
2778 4056 3067 4113 anathema
3091 4056 3192 4116 sit.
3482 4128 3485 4131 Δ

1958 4151 2045 4207 XI.
2072 4152 2129 4208 Si
2154 4151 2275 4223 quis
2301 4166 2410 4205 non
2439 4148 2730 4206 conﬁtetur
2757 4163 2977 4204 carnem
3009 4145 3221 4205 Domini
3250 4144 3486 4203 viviﬁca-

1886 4247 2076 4302 tricem
2107 4259 2228 4301 esse
2258 4253 2517 4314 tanquam
2546 4242 2821 4314 propriam
2852 4241 3018 4313 ipsius
3048 4240 3143 4299 Dei
3170 4238 3355 4307 Verbi,
3385 4239 3481 4296 sed

1886 4337 2041 4408 qttasi
2088 4335 2314 4391 alterius
2362 4334 2661 4405 cuiuspiam
2705 4341 2902 4404 praeter
2948 4332 3158 4403 ipsum,
3205 4330 3481 4402 conjuncti

1887 4428 2105 4499 quidem
2133 4425 2428 4483 secundum
2469 4425 2784 4495 dignitatem
2810 4465 2832 4493 ,
2873 4431 2966 4479 aut
3010 4421 3304 4480 secundum
3334 4422 3485 4491 quod

1887 4519 2062 4575 solam
2092 4518 2326 4574 divinam
2366 4515 2814 4573 inhabitationcm
2843 4513 3094 4572 habuerit
3124 4530 3139 4567 :
3169 4521 3226 4569 et
3251 4527 3357 4568 non
3389 4527 3484 4587 po-

261 4602 351 4658 lV.
380 4602 438 4660 Si
458 4606 580 4674 quis
603 4604 813 4660 duabus
836 4604 1082 4675 personis
1100 4603 1188 4660 vel
1209 4602 1575 4660 subsistentiis
1601 4602 1785 4658 decer-
1811 4621 1865 4685 ι)
1888 4611 1995 4668 tius
2024 4619 2082 4665 ut
2109 4610 2404 4665 dixerimus
2434 4606 2833 4665 viviﬁcatricem
2862 4621 2983 4662 esse
3008 4645 3033 4672 ,
3066 4606 3190 4675 quia
3231 4603 3369 4665 facta
3397 4614 3485 4664 est

193 4704 290 4751 nat
306 4711 400 4754 eas
417 4712 580 4755 voces
597 4711 720 4767 qua:
740 4706 851 4752 tam
873 4698 927 4753 in
948 4698 1273 4768 evangelicis
1291 4712 1454 4768 quam
1476 4696 1790 4768 apostolicis

195 4786 386 4844 litteris
422 4788 800 4854 continentur,
831 4788 917 4845 vel
946 4790 1112 4845 etiam
1141 4804 1235 4846 eas
1271 4804 1393 4859 qua:
1418 4788 1487 4845 de
1514 4786 1729 4845 Christo
1758 4804 1791 4845 a

192 4879 396 4933 sanctis
434 4878 716 4945 dicuntur,
746 4881 832 4936 vel
860 4882 927 4937 ab
970 4882 1088 4953 ipso
1122 4880 1339 4937 Christo
1364 4881 1432 4937 de
1459 4897 1519 4937 se
1548 4882 1663 4953 ipso
1687 4922 1709 4950 ,
1735 4889 1792 4937 et

193 4968 399 5036 aliquas
436 4967 654 5039 quidem
694 4984 765 5026 ex
793 4971 877 5027 bis
921 4981 1177 5042 tanquam
1219 4972 1426 5029 homini
1468 4982 1664 5045 praeter
1694 4973 1795 5030 Dei

195 5059 431 5115 Verbum
458 5062 766 5132 specialiter
795 5064 1077 5135 intelligat,
1110 5065 1456 5136 applicandas
1483 5066 1792 5133 crediderit,

194 5154 401 5223 aliquas
447 5168 581 5211 vero
628 5164 883 5226 tanquam
937 5157 1053 5217 Deo
1098 5158 1290 5229 dignas
1326 5159 1429 5215 soli
1468 5158 1649 5217 Verbo
1693 5159 1790 5216 Dei

199 5245 371 5302 Patris
396 5245 755 5319 deputaverit,
788 5251 1077 5307 anathema
1101 5252 1191 5308 sit.

1892 4702 2113 4775 propria
2139 4701 2301 4756 Verbi
2330 4700 2446 4767 Dei,
2472 4699 2561 4756 cui
2586 4698 2768 4755 omnia
2799 4696 3070 4755 viviﬁcare
3093 4697 3347 4769 possibile
3377 4706 3479 4763 est,

1894 4794 2181 4851 anathema
2210 4792 2299 4847 sit.

1967 4883 2083 4939 Xll.
2112 4882 2171 4939 Si
2199 4882 2320 4952 quis
2350 4898 2456 4939 non
2495 4882 2784 4938 conﬁtetur
2819 4879 2990 4937 Deum
3016 4880 3274 4936 Verbum
3321 4896 3483 4937 carne

1895 4991 2114 5047 passum
2143 4989 2295 5043 esse,
2326 4982 2379 5029 et
2412 4988 2576 5030 carne
2601 4972 2916 5030 cruciﬁxum
2934 5010 2950 5037 ,
2980 4980 3035 5027 et
3062 4980 3293 5027 mortem
3321 4986 3484 5027 carne

1896 5074 2141 5137 gustasse
2162 5104 2179 5133 ,
2221 5064 2530 5134 factumque
2560 5064 2977 5135 primogenitum
3006 5078 3075 5118 ex
3102 5064 3331 5119 mortuis
3349 5101 3366 5129 ,
3405 5077 3483 5118 se-

1896 5161 2131 5217 cundum
2161 5157 2308 5229 quod
2336 5166 2501 5215 estet
2528 5157 2666 5225 vita,
2686 5166 2743 5212 et
2765 5153 3064 5212 viviﬁcator
3095 5164 3152 5211 ut
3178 5154 3341 5225 Deus,
3366 5170 3483 5209 ana-

1901 5253 2079 5309 thema
2106 5252 2193 5309 sit.
