3970 6358
558 268 623 331 19
1934 274 2224 353 DiONYSiI
2262 278 2499 336 EXIGUI
3719 280 3775 332 sa

1248 393 1255 397 ἢ

593 387 1441 433 Ψῌ-Ἥ

1150 588 1159 598 .
1410 497 2101 612 DIONYS

2214 500 2249 608 i
2302 495 2954 610 EXIGUI

936 703 1592 813 EPISTOLZE
1652 708 1943 809 DU/E
2007 707 2107 806 Di

2245 706 2731 813 ΒΑΤΙΟΝ
2738 712 2813 809 Ε
2894 706 3208 814 PASC
3224 712 3466 816 H/E.

1036 976 1370 1035 EHSTOLA
1410 980 1427 1032 i
1453 979 1639 1033 RiiiA.

655 1102 872 1148 scntrn
925 1108 1062 1149 uno
1110 1108 1318 1149 cnmsri
1363 1088 1505 1161 3:25,
1552 1108 1719 1148 paene
1764 1102 2023 1161 cessere,

1136 1179 1442 1220 INDIOTIONE
1477 1179 1533 1216 Θ.

615 1269 848 1328 Domino
902 1273 1245 1336 beatissimo,
1296 1279 1351 1328 et
1400 1272 1622 1327 nimium
1669 1271 2129 1328 desideratissimo

546 1354 693 1420 Patri
729 1364 985 1420 Petronio
1014 1367 1286 1438 episcopo,
1320 1365 1602 1437 Dionysius
1626 1365 1879 1435 Exiguus.

623 1459 896 1515 Paschalis
925 1461 1044 1514 lesti
1076 1461 1338 1515 rationem
1358 1500 1372 1525 ,
1405 1475 1565 1529 quam
1594 1461 1886 1515 multorum
1917 1460 2007 1515 diu
2037 1460 2135 1515 fre-

543 1556 777 1619 quenter
802 1562 832 1605 a
862 1550 1018 1605 nobis
1046 1552 1289 1619 exposcit
1320 1552 1593 1618 instantia,
1643 1567 1784 1606 nunc
1812 1552 1980 1620 adjuti
2007 1566 2132 1621 pre-

541 1641 697 1695 cibus
745 1641 951 1695 vestris
979 1641 1249 1711 explicare
1294 1643 1600 1696 curavimus
1636 1659 1649 1693 :
1699 1648 1991 1711 sequentes
2034 1654 2133 1712 per

538 1733 723 1785 omnia
752 1731 1136 1789 venerabilium
1170 1739 1538 1787 trecentorum
1569 1739 1626 1786 et
1659 1733 1959 1788 octodecim
1989 1748 2129 1804 pon-

543 1819 779 1883 tilicum,
809 1820 901 1891 qui
937 1820 1078 1892 apud
1122 1820 1355 1893 Nicaeam
1398 1823 1671 1878 civitatem
1702 1821 1965 1894 Bithynia:
1993 1836 2128 1879 cen-

540 1914 625 1966 tra
656 1914 930 1968 vesaniam
960 1914 1072 1969 Arii
1104 1923 1493 1981 convenerunt,
1528 1916 1693 1970 etiam
1732 1916 1813 1971 rei
1844 1916 2005 1987 hujus
2032 1917 2129 1972 ab—

538 2002 774 2057 solutam
801 2014 1093 2076 veramque
1133 2007 1458 2061 sententiam
1491 2025 1503 2060 :
1546 2007 1636 2076 qui
1666 2006 2127 2077 quartasdecimas

539 2092 698 2150 lunas
725 2096 993 2166 paschalis
1022 2097 1378 2153 observantiae
1405 2112 1501 2167 per
1545 2098 1916 2153 novemdecim
1955 2114 2127 2154 anno-

538 2198 659 2238 rum
687 2184 1003 2242 redeuntem
1033 2201 1250 2258 semper
1296 2188 1350 2242 in
1380 2204 1438 2243 se
1480 2187 1739 2243 circulum
1769 2188 1990 2245 stabiles
2020 2189 2124 2243 im-

535 2282 822 2345 motasque
851 2273 1118 2333 ﬁxerunt:
1172 2288 1291 2349 Quae
1319 2280 1527 2335 cunctis
1554 2281 1765 2337 saeculis
1793 2281 1983 2336 eodem
2014 2296 2123 2353 quo

2164 986 2215 1045 Α
2246 979 2487 1048 ejusdem
2538 977 2836 1051 pentiltcts,
2886 980 2994 1038 imo
3045 985 3225 1054 potius
3271 1002 3413 1057 smpe
3459 987 3581 1046 dicti
3618 990 3781 1048 Νίκωιί

2238 1073 2473 1136 concilii,
2504 1089 2603 1128 nos
2624 1074 2908 1131 ordinasse
2935 1076 3269 1145 proﬁtemur.

2305 1182 2440 1250 Quia
2470 1198 2601 1239 vero
2628 1193 2847 1240 sanctus
2874 1184 3105 1256 Cyriiius
3132 1186 3362 1257 primum
3388 1191 3594 1263 cyeluin
3621 1195 3683 1248 ab
3703 1210 3785 1249 an-

2234 1288 2305 1329 no
2334 1274 2651 1331 Diocletiani
2680 1277 2973 1333 centesimo
2999 1280 3440 1350 quinquagesimo
3459 1286 3609 1340 tertio
3625 1290 3783 1355 eiepit,

2234 1373 2289 1420 et
2319 1366 2563 1421 ultimum
2612 1368 2666 1421 in
2713 1368 3085 1425 ducentesimo
3133 1372 3541 1442 quadragesimo
3583 1378 3784 1446 septimo

2235 1457 2581 1523 terminavit;
2612 1473 2713 1513 nos
2742 1474 2770 1512 a
2794 1459 3168 1517 ducentesimo
3186 1463 3589 1531 quadragesimo
3615 1476 3785 1521 octavo

2234 1558 2376 1601 anno
2395 1547 2633 1614 ejusdem
2655 1549 2865 1619 tyranni
2888 1550 3069 1618 potius
3086 1565 3255 1619 qttam
3270 1554 3524 1624 principis
3546 1554 3784 1609 inchoan-

2234 1644 2337 1705 tes,
2392 1639 2659 1693 noluimus
2711 1640 2925 1695 circulis
2971 1642 3170 1697 nostris
3216 1646 3532 1699 memoriam
3579 1647 3710 1716 impii
3737 1658 3784 1703 et

2234 1729 2593 1799 persecutoris
2643 1729 2957 1796 innectere;
3011 1732 3107 1787 sed
3149 1734 3318 1802 magis
3348 1735 3599 1804 elegimus
3621 1737 3682 1791 ab
3709 1737 3786 1791 ln-

2231 1822 2548 1877 Carnatione
2579 1821 2789 1876 Domini
2810 1823 2979 1877 nostri
3008 1822 3136 1878 Iesu
3162 1824 3365 1881 Christi
3394 1841 3644 1882 annorum
3667 1838 3787 1882 tem-

2230 1926 2363 1983 pora
2412 1923 2761 1983 praenotare:
2813 1924 3079 1983 quatenus
3120 1917 3399 1972 exordium
3447 1920 3560 1989 spei
3610 1930 3788 1976 nostne

2230 2004 2412 2059 notius
2434 2005 2589 2059 nobis
2609 2004 2885 2068 existeret,
2914 2016 2969 2061 et
2984 2021 3143 2061 causa
3166 2010 3517 2078 reperationis
3543 2012 3787 2076 humanm,

2230 2094 2281 2147 id
2326 2101 2411 2149 est
2460 2096 2642 2166 passio
2693 2095 3066 2167 Redemptoris
3110 2100 3299 2165 nostri,
3345 2101 3636 2157 evidentius
3676 2105 3788 2159 eiu-

2227 2193 2396 2239 eeret.
2760 2218 2763 2221 -
3226 2179 3230 2184 ’

2298 2273 2414 2330 Hoc
2439 2283 2699 2345 prmterea
2743 2277 2998 2333 lectorem
3041 2281 3344 2348 putavimus
3388 2283 3787 2351 admonendum,

536 2374 856 2435 repetuntur
886 2369 1006 2439 (aL,
1040 2370 1397 2441 reponuntur)
1429 2371 1652 2427 exordio
1699 2372 1816 2427 sine
1843 2373 2120 2428 varietatis
2153 2359 2197 2420 Β
2222 2366 2367 2435 quod
2404 2368 2638 2423 circulus
2683 2369 2787 2424 iste
2834 2372 3124 2440 nonaginta
3172 2380 3229 2426 et
3269 2372 3505 2442 quinque
3542 2390 3788 2431 annorum

533 2454 787 2512 labuntur
814 2472 1063 2514 excursu.
1105 2459 1255 2516 Hanc
1282 2470 1459 2517 autem
1498 2463 1736 2531 regulam
1770 2465 1978 2536 prmfati
2011 2466 2119 2522 cir-

531 2548 638 2602 culi
668 2565 774 2604 non
801 2558 910 2604 tam
938 2551 1131 2620 peritia
1160 2553 1417 2623 singulari
1455 2569 1614 2623 quam
1666 2556 1843 2611 sancti
1887 2556 2119 2626 Spiritus

533 2639 896 2697 illustratione
938 2650 1251 2708 sanxerunt,
1301 2654 1356 2701 et
1397 2646 1545 2701 velut
1590 2648 1878 2703 anchoram
1909 2646 2117 2703 firmam

532 2740 589 2787 et
636 2732 883 2789 stabilem
915 2735 1040 2791 huic
1085 2737 1281 2792 rationi
1326 2738 1529 2793 lunaris
1570 2739 1921 2794 dimensionis
1949 2754 2117 2811 appo-

531 2825 706 2880 suisse
729 2836 1021 2881 cernuntur
1045 2845 1057 2880 :
1085 2841 1245 2897 quam
1275 2830 1616 2899 postmodum
1648 2831 1892 2887 nonnulli
1914 2833 1998 2887 vel
2028 2849 2116 2888 ar-

528 2920 777 2987 rogantia
805 2920 1183 2990 despicientes,
1211 2922 1295 2977 vel
1325 2924 1780 2993 transgredientes
1807 2924 2110 2993 inscientia,

527 3006 765 3064 Judaicis
788 3006 994 3065 inducti
1025 3012 1236 3079 fabulis,
1286 3014 1549 3069 diversam
1580 3024 1741 3085 atque
1787 3017 2112 3072 contrariam

527 3095 755 3153 formam
795 3100 1098 3158 lisstivitatis
1137 3104 1308 3159 unica:
1338 3106 1690 3161 tradiderunt.
1738 3105 1807 3161 Et
1842 3109 1968 3177 quia
1995 3109 2114 3164 sine

526 3187 859 3247 fundamenti
889 3190 1165 3251 soliditate
1208 3207 1315 3251 non
1345 3201 1526 3267 potest
1553 3206 1822 3254 structura
1848 3198 1951 3254 ulla
1981 3215 2111 3255 con-

526 3284 741 3353 sistere,
787 3284 944 3353 longe
968 3286 1123 3342 aliter
1151 3289 1204 3343 in
1235 3290 1553 3359 quibusdam
1585 3292 1738 3346 annis
1778 3290 2109 3347 dominicum

527 3369 733 3430 Pascha
766 3381 821 3431 et
850 3374 991 3431 luna:
1016 3386 1325 3449 computum
1353 3380 1630 3451 praefigere
1669 3382 1995 3452 maluerunt,
2028 3384 2112 3438 in-

527 3465 805 3523 ordinatos
855 3470 1083 3526 circulos
1130 3472 1439 3528 ordinantes
1481 3472 1598 3546 (al.,
1651 3472 1985 3548 ordientes):
2016 3478 2107 3546 qui

524 3570 636 3610 non
687 3557 861 3613 solum
909 3560 1108 3615 nullam
1168 3577 1418 3619 recursus
1466 3567 1860 3633 stabilitatem,
1917 3581 2104 3623 verum

523 3645 687 3701 etiam
716 3662 931 3703 cursum
962 3650 1253 3719 prmferunt
1281 3668 1464 3709 errore
1495 3657 1807 3712 notabilem.

2228 2473 2389 2529 quem
2432 2460 2675 2526 iecimus,
2722 2476 2843 2517 cum
2894 2461 3045 2517 ﬁnito
3086 2471 3331 2531 tempore
3358 2464 3410 2517 in
3440 2465 3665 2535 idipsum
3711 2483 3790 2522 re-

2221 2551 2359 2606 Verti
2388 2553 2630 2623 creperit,
2662 2568 2770 2607 non
2799 2568 2896 2623 per
2915 2552 3103 2608 omnia
3134 2555 3469 2623 propositam
3502 2566 3677 2613 teneat
3708 2560 3790 2612 lir-

2219 2643 2481 2697 mitatem.
2522 2643 2654 2698 Nam
2684 2644 2809 2699 licet
2847 2647 2974 2699 enni
3009 2644 3221 2699 Domini
3252 2647 3421 2701 nostri
3448 2646 3575 2703 Iesu
3601 2647 3793 2704 Christi

2220 2734 2467 2789 ordinem
2497 2750 2653 2790 suum
2683 2734 2996 2791 continuata
3043 2734 3183 2791 serie
3210 2738 3537 2803 custodiant,
3586 2748 3642 2794 et
3668 2741 3796 2795 indi-

2219 2828 2427 2883 ctiones
2468 2843 2569 2897 per
2596 2842 2767 2882 annos
2790 2827 3096 2897 quindecim
3142 2829 3299 2883 solita
3342 2831 3676 2887 revolutioue
3698 2832 3795 2887 de-

2218 2925 2457 2982 currant,
2503 2923 2722 2987 epactas
2749 2918 2933 2981 etiam,
2984 2933 3122 2988 quas
3148 2918 3320 2974 Graeci
3349 2928 3568 2985 vocant,
3615 2921 3669 2975 id
3713 2930 3795 2977 est

2217 3008 2547 3079 adjectiones
2592 3024 2799 3063 annuas
2846 3009 3063 3065 lunares
3100 3010 3369 3076 undecim,
3417 3026 3537 3081 qua:
3581 3013 3796 3082 triginta

2215 3100 2419 3155 dierum
2453 3098 2559 3154 line
2587 3099 2639 3153 in
2667 3114 2728 3154 se
2768 3099 3017 3169 redeunt,
3048 3101 3167 3156 lixis
3191 3103 3388 3171 regulis
3416 3103 3661 3158 invenias
3696 3103 3799 3159 ad-

2214 3198 2465 3256 notatas,
2510 3188 3057 3247 decemnoveanaiem
3105 3208 3323 3263 quoque
3379 3208 3657 3249 recursum
3683 3233 3700 3257 ,
3743 3204 3799 3249 et

2212 3280 2493 3353 paschales
2555 3279 3013 3351 quartasdecimas
3066 3281 3223 3337 lunas
3280 3283 3497 3338 easdem
3552 3286 3797 3340 omnium

2211 3387 2449 3429 :cvorum
2481 3373 2819 3430 revolutione
2846 3374 3083 3444 reperias
3109 3391 3122 3427 :
3157 3382 3336 3430 tamen
3377 3386 3625 3431 tenorem
3649 3377 3797 3431 simi-

2209 3463 2318 3519 lem
2364 3464 2685 3520 constantiae
2748 3471 3025 3534 nequeunt
3084 3464 3359 3520 custodire
3408 3476 3805 3522 concurrentes

2209 3555 2325 3611 dies
2355 3554 2773 3622 hebdomadum,
2804 3563 2860 3611 et
2886 3556 3007 3612 dies
3036 3553 3258 3612 Pascha:
3295 3557 3531 3627 Domini,
3562 3560 3805 3629 lunaque

2210 3646 2377 3717 ipsius
2424 3645 2532 3701 diei
2563 3645 2845 3701 Dominici.
2898 3644 3346 3703 Concurrentium
3377 3656 3557 3703 autem
3593 3650 3801 3704 hebdm

612 3735 721 3793 Sed
779 3738 1154 3796 Alexandrinae
1212 3744 1359 3799 urbis
1412 3746 1849 3817 archiepiscOpus
1913 3749 2104 3805 beatus
2130 3735 2177 3798 C
2209 3740 2422 3795 madum
2447 3738 2566 3812 (aL,
2590 3749 2795 3810 septem
2814 3739 3046 3811 dierum)
3070 3741 3229 3803 ratio,
3253 3755 3371 3810 quas
3392 3741 3459 3795 de
3478 3743 3610 3796 solis
3636 3759 3806 3797 cursu

525 3825 868 3896 Athanasius,
887 3832 977 3900 qui
1005 3834 1164 3887 etiam
1194 3834 1309 3903 ipse
1339 3836 1455 3906 (aL,
1490 3843 1546 3892 et
1576 3837 1710 3907 ipse)
1730 3837 1942 3894 Nicmno
1972 3851 2104 3895 con-

520 3917 645 3973 cilio
674 3927 802 3974 tunc
827 3921 998 3977 sancti
1028 3922 1315 3980 Alexandri
1343 3928 1611 3996 pontificis
1638 3929 1897 3985 diaconus
1916 3971 1929 3995 ,
1963 3940 2017 3986 et
2046 3931 2101 3987 in

448 4084 453 4092 .
519 4011 769 4067 omnibus
798 4012 1013 4082 adjutor
1048 4015 1327 4087 interluit;
1378 4028 1433 4076 et
1479 4020 1732 4089 deinceps
1777 4024 2113 4081 venerabilis

518 4098 870 4172 Theophilus,
924 4113 979 4161 ct
1024 4105 1274 4180 Cyrillus,
1323 4111 1390 4166 ab
1432 4111 1532 4167 hac
1576 4112 1763 4182 synodi
1795 4116 2098 4171 veneranda

516 4193 905 4252 constitutione
944 4197 1165 4254 minime
1212 4200 1570 4257 desciserunt.
1602 4202 1712 4256 imo
1743 4204 1921 4274 potius
1944 4221 2099 4261 eum-

517 4285 641 4340 (iem
664 4286 1208 4347 decenmovennalcm
1232 4295 1509 4360 circulum,
1535 4297 1624 4366 qui
1647 4295 2103 4354 Enneacaidecae-

515 4378 685 4432 terida
713 4377 899 4437 Grreeo
926 4384 1188 4440 vocabulo
1218 4392 1571 4455 nuncupatur,
1605 4388 1833 4444 sollicite
1862 4391 2100 4445 retinen-

513 4476 618 4535 tes,
648 4472 954 4540 paschalem
987 4490 1200 4529 cursum
1240 4477 1400 4531 nullis
1428 4479 1822 4535 diversitatibus
1854 4482 2097 4552 interpo-

513 4561 654 4618 lasse
683 4574 1068 4621 monstrantur.
1100 4566 1238 4638 Papa
1271 4567 1501 4638 denique
1527 4567 1853 4642 Theophilus
1882 4582 2096 4631 centum

512 4668 776 4708 annorum
825 4671 1038 4711 cursum
1086 4657 1392 4714 Theodosio
1436 4661 1635 4715 seniori
1677 4663 1901 4734 principi
1948 4664 2099 4719 dedi-

510 4756 659 4807 cans,
687 4752 741 4797 et
766 4752 984 4799 sanctus
1003 4744 1233 4815 Cyrillus
1253 4747 1458 4817 cyclum
1482 4757 1781 4819 temporum
1807 4752 2099 4821 nonaginta

510 4843 566 4888 ct
596 4837 832 4906 quinque
863 4848 1125 4891 annorum
1168 4852 1528 4907 componens,
1580 4842 1720 4897 hanc
1749 4845 1920 4897 sancti
1967 4859 2097 4898 con-

510 4926 617 4980 (“illi
650 4928 989 4981 traditionem
1020 4927 1086 4980 ad
1125 4927 1488 4986 observandas
1524 4933 1979 5002 quartusdecimas
2013 4934 2095 4989 lu-

508 5034 606 5071 nas
635 5017 916 5088 paschales
952 5034 1049 5088 per
1076 5020 1257 5074 omnia
1293 5031 1664 5078 servaverunt.
1717 5023 1781 5078 Et
1823 5026 1947 5094 quia
1979 5033 2095 5080 stu-

2206 3831 2487 3903 provenit;
2499 3839 2725 3899 septeno
2751 3830 2872 3901 (aL,
2895 3829 3122 3900 septem)
3146 3845 3406 3886 annorum
3425 3831 3534 3900 jugi
3567 3833 3808 3887 circuitu

2205 3921 2542 3978 terminatur.
2584 3915 2642 3975 ln
2684 3936 2791 3991 quo
2817 3932 2916 3991 per
2939 3936 3109 3976 annos
3136 3921 3376 3990 singulos
3400 3937 3569 3977 unum
3602 3937 3809 3977 nume-

2204 4028 2326 4068 rare
2375 4011 2625 4077 curabis:
2675 4010 2728 4065 in
2774 4025 2843 4065 eo
2872 4011 3244 4066 tantummodo
3283 4027 3427 4067 anno
3466 4012 3518 4066 in
3549 4027 3666 4082 quo
3697 4013 3809 4067 his-

2204 4115 2388 4162 sextus
2412 4105 2593 4171 fuerit,
2635 4104 2770 4159 duos
2798 4104 3054 4173 adjicies;
3103 4119 3222 4174 qute
3248 4119 3409 4160 causa
3449 4104 3622 4159 etiam
3672 4104 3811 4160 facit

2202 4207 2262 4254 ut
2291 4215 2398 4254 non
2438 4215 2535 4268 per
2564 4197 2743 4252 omnia
2786 4196 3018 4252 circulus
3065 4196 3167 4251 iste
3212 4198 3499 4265 nonaginta
3552 4199 3814 4268 quinque

2203 4304 2465 4345 annorum
2491 4304 2590 4345 suo
2620 4288 2857 4344 recursui
2879 4288 3196 4344 concordari
3217 4288 3479 4343 videatur.
3505 4288 3649 4344 Nam
3674 4304 3814 4345 cum

2204 4381 2256 4435 in
2287 4380 2498 4435 czeteris
2527 4379 2685 4435 annis
2708 4395 2813 4434 non
2844 4379 3149 4448 dissentiat,
3196 4380 3247 4434 in
3278 4381 3391 4436 illis“
3412 4382 3542 4437 solis
3573 4382 3630 4436 in
3677 4383 3817 4451 qui-

2202 4475 2301 4529 bus
2323 4490 2382 4531 se
2409 4475 2677 4529 bissextus
2705 4473 2996 4539 interserit,
3040 4473 3241 4527 Pascha
3285 4471 3621 4528 dominicum
3676 4489 3817 4528 eum

2200 4583 2293 4621 sua
2325 4566 2448 4620 luna
2477 4566 2628 4620 vario
2674 4565 2836 4619 modo
2880 4565 3109 4620 rationis
3138 4566 3390 4619 occurrit.
3446 4564 3556 4620 Sed
3591 4565 3652 4620 hi
3710 4567 3819 4633 qui

2201 4658 2389 4712 ordine
2413 4657 2518 4712 iixo
2548 4671 2646 4727 per
2674 4658 2854 4710 omnia
2884 4656 3176 4711 decurrunt
3207 4661 3472 4725 tempora,
3500 4655 3822 4710 mobilium

2202 4763 2421 4803 casuum
2476 4763 2570 4801 sua
2628 4747 2809 4803 stabili
2861 4748 3180 4803 circuitione
3230 4748 3346 4801 sine
3398 4748 3504 4800 ulla
3560 4759 3822 4816 possunt

2198 4838 2513 4895 difﬁcultate
2542 4838 2796 4906 dirigere.
2830 4832 2896 4891 Et
2918 4837 3038 4891 ideo
3070 4845 3191 4905 post
3220 4836 3591 4905 expletionem
3630 4852 3825 4892 nona-

2199 4932 2346 4999 ginta
2374 4931 2610 4999 quinque
2636 4943 2918 4993 annorum,
2969 4943 3091 4981 cum
3123 4928 3312 4980 harum
3341 4942 3522 4981 rerum
3556 4928 3826 4995 diiigcns

2199 5022 2265 5076 ad
2309 5022 2588 5075 exordium
2638 5020 2817 5074 redire
2853 5019 3103 5082 voluerit,
3152 5034 3258 5071 non
3310 5017 3378 5071 ad
3408 5019 3674 5086 quintum
3708 5036 3825 5088 (ry-

509 5106 699 5171 diosis,
745 5114 801 5161 et
845 5109 1208 5176 qumrentibus
1239 5111 1377 5166 scire
1405 5112 1547 5180 quod
1582 5129 1763 5168 verum
1791 5124 1895 5182 est,
1932 5115 2094 5170 debet
2123 5113 2168 5172 D
2196 5112 2336 5166 clum
2366 5112 2536 5165 sancti
2568 5110 2770 5181 Cyrilli,
2804 5122 2963 5178 quem
2988 5108 3143 5161 nobis
3167 5110 3470 5163 necessario
3486 5111 3827 5178 proposui-

507 5195 746 5264 ejusdem
769 5197 952 5251 circuli
969 5199 1150 5268 regula
1176 5198 1330 5256 ﬁxius
1351 5202 1638 5267 ininerere,
1665 5205 1803 5259 hanc
1822 5214 1943 5274 post
1964 5222 2089 5276 pne

510 5289 763 5343 lationem
789 5298 1023 5345 nostram
1046 5292 1373 5348 credidimus
1401 5296 1790 5350 ascribcndam.
1826 5298 2087 5366 Nonagin-

509 5389 557 5434 ta
588 5381 825 5451 quinque
857 5391 1036 5437 autem
1061 5399 1323 5438 annorum
1355 5386 1497 5441 hunc
1540 5388 1746 5458 cyclum
1772 5389 1949 5442 studio
1979 5405 2087 5457 quo

508 5469 769 5527 valuimus
798 5473 1053 5543 expedire
1097 5476 1508 5533 contendimus:
1559 5478 1803 5533 ultimum
1844 5479 2084 5548 ejusdem

505 5562 647 5616 beati
675 5560 879 5635 Cyrilli,
917 5565 969 5618 id
998 5574 1081 5619 est
1108 5565 1352 5635 quintum
1383 5567 1663 5634 circulum,
1695 5569 1818 5637 quia
1846 5584 1940 5624 sex
1984 5574 2051 5622 ad

502 5652 606 5709 huc
631 5669 701 5709 ex
729 5669 796 5710 eo
826 5656 950 5710 anui
979 5668 1313 5728 supererant,
1347 5660 1400 5714 i'n
1429 5670 1614 5715 nostro
1636 5661 1737 5716 hoc
1760 5676 1923 5731 Opere
1946 5676 2078 5731 pra:-

505 5745 775 5803 lcrentes:
825 5762 888 5804 ac
926 5747 1121 5806 deinde
1166 5751 1401 5815 quinque
1448 5751 1583 5808 alios
1634 5752 1778 5825 juxta
1831 5768 2077 5808 normam

2196 5219 2332 5267 mas,
2366 5202 2457 5256 sed
2480 5201 2546 5254 ad
2577 5207 2819 5253 nostrum
2842 5200 3070 5268 primum
3101 5200 3384 5267 vigilanter
3404 5210 3677 5255 excurrat
3704 5216 3721 5263 ;
3762 5212 3826 5255 et

2196 5294 2407 5359 ordine,
2434 5309 2541 5363 quo
2570 5293 2820 5357 diximus,
2852 5307 2950 5361 per
2978 5308 3071 5347 cos
3101 5293 3190 5362 qui
3217 5294 3425 5347 tirmum
3454 5310 3692 5347 cursum
3724 5310 3829 5347 rc-

2193 5386 2387 5452 tincnt,
2436 5400 2620 5439 eorum
2667 5398 3032 5453 progressum,
3086 5386 3176 5453 qui
3226 5385 3475 5439 videnlur
3522 5386 3826 5450 titubare,

2190 5485 2472 5532 sustentet.

2262 5570 2391 5621 Illud
2422 5583 2637 5637 quoque
2663 5584 2768 5621 non
2798 5568 2992 5623 minori
3023 5583 3149 5623 cura
3173 5567 3464 5624 notandum
3495 5583 3629 5624 esse
3664 5584 3833 5622 cen-

2191 5661 2413 5722 suimus,
2446 5675 2513 5713 ne
2536 5660 2587 5713 in
2618 5660 2775 5730 primi
2806 5662 3003 5714 mensis
3032 5661 3303 5727 agnitione
3333 5659 3611 5712 lallamur.
3660 5659 3834 5715 Hinc

2190 5751 2331 5809 enim
2359 5766 2495 5816 pene
2524 5760 2745 5806 cunctus
2774 5767 2923 5806 error
2953 5750 3321 5819 discrepantiae
3350 5749 3632 5820 paschalis
3668 5764 3830 5804 exo-
