  <div class='ocr_page' id='page_1' title='image "/cluster/home/n/w/nwhite01/storage/ocr_20150623/67/hvd.32044073505141/018.png"; bbox 0 0 3970 6358; ppageno 0'>
   <div class='ocr_carea' id='block_1_1' title="bbox 242 340 1819 411">
    <p class='ocr_par' dir='ltr' id='par_1_1' title="bbox 242 340 1811 405">
     <span class='ocr_line' id='line_1_1' title="bbox 242 340 1811 405; baseline 0.002 -5"><span class='ocrx_word' id='word_1_1' title='bbox 242 341 301 400; x_wconf 61' lang='lat' dir='ltr'><strong>il</strong></span> <span class='ocrx_word' id='word_1_2' title='bbox 1284 340 1622 405; x_wconf 77' lang='lat' dir='ltr'><strong>EPISTULA</strong></span> <span class='ocrx_word' id='word_1_3' title='bbox 1656 342 1678 403; x_wconf 85' lang='lat' dir='ltr'><strong>l</strong></span> <span class='ocrx_word' id='word_1_4' title='bbox 1714 342 1811 403; x_wconf 76' lang='lat' dir='ltr'><strong>DE</strong></span> 
     </span>
    </p>
   </div>
   <div class='ocr_carea' id='block_1_2' title="bbox 1926 340 3509 411">
    <p class='ocr_par' dir='ltr' id='par_1_2' title="bbox 1926 344 3509 411">
     <span class='ocr_line' id='line_1_2' title="bbox 1926 344 3509 411; baseline 0.006 -10"><span class='ocrx_word' id='word_1_5' title='bbox 1926 344 2134 404; x_wconf 74' lang='grc' dir='ltr'><strong>,ΤΙΘΝΕ</strong></span> <span class='ocrx_word' id='word_1_6' title='bbox 2171 344 2487 406; x_wconf 72' lang='grc' dir='ltr'><strong>ΡΑΞΟΠᾸΞ.</strong></span> <span class='ocrx_word' id='word_1_7' title='bbox 3446 357 3509 411; x_wconf 66' lang='grc' dir='ltr'><strong>ξε</strong></span> 
     </span>
    </p>
   </div>
   <div class='ocr_carea' id='block_1_3' title="bbox 240 459 3510 547">
    <p class='ocr_par' dir='ltr' id='par_1_3' title="bbox 240 459 3510 547">
     <span class='ocr_line' id='line_1_3' title="bbox 240 459 3510 547; baseline 0.003 -26"><span class='ocrx_word' id='word_1_8' title='bbox 240 463 399 528; x_wconf 82' lang='lat' dir='ltr'><strong>ritur,</strong></span> <span class='ocrx_word' id='word_1_9' title='bbox 443 462 573 519; x_wconf 76' lang='lat' dir='ltr'><strong>dum</strong></span> <span class='ocrx_word' id='word_1_10' title='bbox 619 459 880 534; x_wconf 82' lang='lat' dir='ltr'><strong>temporis</strong></span> <span class='ocrx_word' id='word_1_11' title='bbox 924 461 1136 520; x_wconf 83' lang='lat' dir='ltr'><strong>initium</strong></span> <span class='ocrx_word' id='word_1_12' title='bbox 1185 462 1481 534; x_wconf 72' lang='lat' dir='ltr'><strong>ignoratur.</strong></span> <span class='ocrx_word' id='word_1_13' title='bbox 1519 463 1655 521; x_wconf 80' lang='lat' dir='ltr'><strong>Nam</strong></span> <span class='ocrx_word' id='word_1_14' title='bbox 1702 478 1824 522; x_wconf 87' lang='lat' dir='ltr'><strong>cum</strong></span> <span class='ocrx_word' id='word_1_15' title='bbox 1854 464 1905 530; x_wconf 78' lang='grc' dir='ltr'>Α</span> <span class='ocrx_word' id='word_1_16' title='bbox 1931 466 2205 524; x_wconf 72' lang='lat' dir='ltr'><strong>sententia</strong></span> <span class='ocrx_word' id='word_1_17' title='bbox 2238 468 2667 541; x_wconf 85' lang='lat' dir='ltr'><strong>comprobatur:</strong></span> <span class='ocrx_word' id='word_1_18' title='bbox 2695 468 2810 543; x_wconf 86' lang='lat' dir='ltr'><strong>qui,</strong></span> <span class='ocrx_word' id='word_1_19' title='bbox 2846 467 3011 542; x_wconf 79' lang='lat' dir='ltr'><strong>juxta</strong></span> <span class='ocrx_word' id='word_1_20' title='bbox 3042 470 3186 529; x_wconf 85' lang='lat' dir='ltr'><strong>hanc</strong></span> <span class='ocrx_word' id='word_1_21' title='bbox 3229 470 3510 547; x_wconf 63' lang='lat' dir='ltr'><strong>Egyptia-</strong></span> 
     </span>
    </p>
   </div>
   <div class='ocr_carea' id='block_1_4' title="bbox 247 552 1829 627">
    <p class='ocr_par' dir='ltr' id='par_1_4' title="bbox 247 552 1829 627">
     <span class='ocr_line' id='line_1_4' title="bbox 247 552 1829 627; baseline 0.001 -16"><span class='ocrx_word' id='word_1_22' title='bbox 247 552 499 611; x_wconf 77' lang='lat' dir='ltr'><strong>Dominus</strong></span> <span class='ocrx_word' id='word_1_23' title='bbox 522 554 871 627; x_wconf 80' lang='lat' dir='ltr'><strong>omnipotens</strong></span> <span class='ocrx_word' id='word_1_24' title='bbox 900 554 1047 612; x_wconf 78' lang='lat' dir='ltr'><strong>hanc</strong></span> <span class='ocrx_word' id='word_1_25' title='bbox 1076 556 1491 612; x_wconf 79' lang='lat' dir='ltr'><strong>sacratissimum</strong></span> <span class='ocrx_word' id='word_1_26' title='bbox 1514 557 1829 615; x_wconf 75' lang='lat' dir='ltr'><strong>solemnitao</strong></span> 
     </span>
    </p>
   </div>
   <div class='ocr_carea' id='block_1_5' title="bbox 242 646 1828 724">
    <p class='ocr_par' dir='ltr' id='par_1_5' title="bbox 242 646 1828 724">
     <span class='ocr_line' id='line_1_5' title="bbox 242 646 1828 724; baseline 0.004 -20"><span class='ocrx_word' id='word_1_27' title='bbox 242 658 349 706; x_wconf 79' lang='lat' dir='ltr'><strong>teut</strong></span> <span class='ocrx_word' id='word_1_28' title='bbox 376 648 756 707; x_wconf 79' lang='lat' dir='ltr'><strong>celebrandam</strong></span> <span class='ocrx_word' id='word_1_29' title='bbox 784 646 909 705; x_wconf 78' lang='lat' dir='ltr'><strong>ﬁliis</strong></span> <span class='ocrx_word' id='word_1_30' title='bbox 931 649 1117 717; x_wconf 86' lang='lat' dir='ltr'><strong>israel,</strong></span> <span class='ocrx_word' id='word_1_31' title='bbox 1152 651 1243 721; x_wconf 87' lang='lat' dir='ltr'><strong>qui</strong></span> <span class='ocrx_word' id='word_1_32' title='bbox 1271 665 1341 707; x_wconf 83' lang='lat' dir='ltr'><strong>ex</strong></span> <span class='ocrx_word' id='word_1_33' title='bbox 1370 650 1624 724; x_wconf 67' lang='lat' dir='ltr'><strong>Egyptia</strong></span> <span class='ocrx_word' id='word_1_34' title='bbox 1656 655 1828 710; x_wconf 78' lang='lat' dir='ltr'><strong>servi-</strong></span> 
     </span>
    </p>
   </div>
   <div class='ocr_carea' id='block_1_6' title="bbox 240 742 1825 809">
    <p class='ocr_par' dir='ltr' id='par_1_6' title="bbox 240 742 1825 809">
     <span class='ocr_line' id='line_1_6' title="bbox 240 742 1825 809; baseline 0.004 -14"><span class='ocrx_word' id='word_1_35' title='bbox 240 751 356 798; x_wconf 71' lang='lat' dir='ltr'><strong>tute</strong></span> <span class='ocrx_word' id='word_1_36' title='bbox 397 742 798 809; x_wconf 82' lang='lat' dir='ltr'><strong>liberabantur,</strong></span> <span class='ocrx_word' id='word_1_37' title='bbox 832 742 1116 807; x_wconf 86' lang='lat' dir='ltr'><strong>indiceret,</strong></span> <span class='ocrx_word' id='word_1_38' title='bbox 1168 744 1247 798; x_wconf 88' lang='lat' dir='ltr'><strong>ait</strong></span> <span class='ocrx_word' id='word_1_39' title='bbox 1289 744 1343 799; x_wconf 92' lang='lat' dir='ltr'><strong>in</strong></span> <span class='ocrx_word' id='word_1_40' title='bbox 1387 744 1526 799; x_wconf 89' lang='lat' dir='ltr'><strong>libro</strong></span> <span class='ocrx_word' id='word_1_41' title='bbox 1555 744 1727 802; x_wconf 82' lang='lat' dir='ltr'><strong>Exodi</strong></span> <span class='ocrx_word' id='word_1_42' title='bbox 1757 745 1825 802; x_wconf 89' lang='lat' dir='ltr'><strong>ad</strong></span> 
     </span>
    </p>
   </div>
   <div class='ocr_carea' id='block_1_7' title="bbox 241 832 1825 908">
    <p class='ocr_par' dir='ltr' id='par_1_7' title="bbox 241 832 1825 908">
     <span class='ocr_line' id='line_1_7' title="bbox 241 832 1825 908; baseline 0.003 -20"><span class='ocrx_word' id='word_1_43' title='bbox 241 832 461 903; x_wconf 62' lang='lat' dir='ltr'><strong>Moysen</strong></span> <span class='ocrx_word' id='word_1_44' title='bbox 489 840 545 889; x_wconf 88' lang='lat' dir='ltr'><strong>et</strong></span> <span class='ocrx_word' id='word_1_45' title='bbox 574 832 755 890; x_wconf 83' lang='lat' dir='ltr'><strong>Aaron</strong></span> <span class='ocrx_word' id='word_1_46' title='bbox 782 835 839 889; x_wconf 88' lang='lat' dir='ltr'><strong>in</strong></span> <span class='ocrx_word' id='word_1_47' title='bbox 855 843 1002 893; x_wconf 85' lang='lat' dir='ltr'><strong>terra</strong></span> <span class='ocrx_word' id='word_1_48' title='bbox 1032 833 1288 908; x_wconf 68' lang='lat' dir='ltr'><strong>Egypti:</strong></span> <span class='ocrx_word' id='word_1_49' title='bbox 1320 834 1518 892; x_wconf 83' lang='lat' dir='ltr'><strong>Mensis</strong></span> <span class='ocrx_word' id='word_1_50' title='bbox 1553 839 1651 893; x_wconf 90' lang='lat' dir='ltr'><strong>iste</strong></span> <span class='ocrx_word' id='word_1_51' title='bbox 1677 840 1825 908; x_wconf 88' lang='lat' dir='ltr'><strong>prin-</strong></span> 
     </span>
    </p>
   </div>
   <div class='ocr_carea' id='block_1_8' title="bbox 236 926 1820 1001">
    <p class='ocr_par' dir='ltr' id='par_1_8' title="bbox 236 926 1820 1001">
     <span class='ocr_line' id='line_1_8' title="bbox 236 926 1820 1001; baseline 0.004 -21"><span class='ocrx_word' id='word_1_52' title='bbox 236 926 428 995; x_wconf 76' lang='lat' dir='ltr'><strong>cipium</strong></span> <span class='ocrx_word' id='word_1_53' title='bbox 454 926 723 992; x_wconf 71' lang='lat' dir='ltr'><strong>mensium,</strong></span> <span class='ocrx_word' id='word_1_54' title='bbox 753 928 951 997; x_wconf 83' lang='lat' dir='ltr'><strong>primus</strong></span> <span class='ocrx_word' id='word_1_55' title='bbox 974 929 1074 983; x_wconf 82' lang='lat' dir='ltr'><strong>erit</strong></span> <span class='ocrx_word' id='word_1_56' title='bbox 1100 930 1156 981; x_wconf 86' lang='lat' dir='ltr'><strong>in</strong></span> <span class='ocrx_word' id='word_1_57' title='bbox 1178 928 1440 984; x_wconf 83' lang='lat' dir='ltr'><strong>mensibus</strong></span> <span class='ocrx_word' id='word_1_58' title='bbox 1466 931 1592 984; x_wconf 88' lang='lat' dir='ltr'><strong>anni</strong></span> <span class='ocrx_word' id='word_1_59' title='bbox 1623 928 1820 1001; x_wconf 76' lang='lat' dir='ltr'><strong>(Exod.</strong></span> 
     </span>
    </p>
   </div>
   <div class='ocr_carea' id='block_1_9' title="bbox 240 1016 1824 1090">
    <p class='ocr_par' dir='ltr' id='par_1_9' title="bbox 240 1016 1824 1090">
     <span class='ocr_line' id='line_1_9' title="bbox 240 1016 1824 1090; baseline 0.006 -20"><span class='ocrx_word' id='word_1_60' title='bbox 240 1031 331 1080; x_wconf 77' lang='lat' dir='ltr'><strong>xu,</strong></span> <span class='ocrx_word' id='word_1_61' title='bbox 352 1016 435 1086; x_wconf 76' lang='grc'><strong>2).</strong></span> <span class='ocrx_word' id='word_1_62' title='bbox 464 1016 705 1087; x_wconf 80' lang='lat' dir='ltr'><strong>itemque</strong></span> <span class='ocrx_word' id='word_1_63' title='bbox 732 1018 930 1074; x_wconf 81' lang='lat' dir='ltr'><strong>ibidem</strong></span> <span class='ocrx_word' id='word_1_64' title='bbox 961 1038 974 1073; x_wconf 91' lang='lat'><strong>:</strong></span> <span class='ocrx_word' id='word_1_65' title='bbox 1001 1018 1200 1085; x_wconf 88' lang='lat' dir='ltr'><strong>Primo,</strong></span> <span class='ocrx_word' id='word_1_66' title='bbox 1233 1020 1426 1090; x_wconf 83' lang='lat' dir='ltr'><strong>inquit,</strong></span> <span class='ocrx_word' id='word_1_67' title='bbox 1453 1038 1645 1089; x_wconf 83' lang='lat' dir='ltr'><strong>mense,</strong></span> <span class='ocrx_word' id='word_1_68' title='bbox 1683 1022 1824 1080; x_wconf 88' lang='lat' dir='ltr'><strong>deci-</strong></span> 
     </span>
    </p>
   </div>
   <div class='ocr_carea' id='block_1_10' title="bbox 238 1108 1822 1183">
    <p class='ocr_par' dir='ltr' id='par_1_10' title="bbox 238 1108 1822 1183">
     <span class='ocr_line' id='line_1_10' title="bbox 238 1108 1822 1183; baseline 0.003 -21"><span class='ocrx_word' id='word_1_69' title='bbox 238 1123 322 1162; x_wconf 70' lang='lat' dir='ltr'><strong>m</strong></span> <span class='ocrx_word' id='word_1_70' title='bbox 341 1116 530 1178; x_wconf 68' lang='lat' dir='ltr'><strong>quarto</strong></span> <span class='ocrx_word' id='word_1_71' title='bbox 550 1108 632 1165; x_wconf 83' lang='lat' dir='ltr'><strong>die</strong></span> <span class='ocrx_word' id='word_1_72' title='bbox 658 1111 852 1164; x_wconf 71' lang='lat' dir='ltr'><strong>mensis</strong></span> <span class='ocrx_word' id='word_1_73' title='bbox 879 1110 950 1164; x_wconf 84' lang='lat' dir='ltr'><strong>ad</strong></span> <span class='ocrx_word' id='word_1_74' title='bbox 986 1126 1250 1174; x_wconf 82' lang='lat' dir='ltr'><strong>uesperum</strong></span> <span class='ocrx_word' id='word_1_75' title='bbox 1293 1111 1568 1167; x_wconf 85' lang='lat' dir='ltr'><strong>comedetis</strong></span> <span class='ocrx_word' id='word_1_76' title='bbox 1615 1129 1822 1183; x_wconf 75' lang='lat' dir='ltr'><strong>azyma,</strong></span> 
     </span>
    </p>
   </div>
   <div class='ocr_carea' id='block_1_11' title="bbox 234 1198 1826 1273">
    <p class='ocr_par' dir='ltr' id='par_1_11' title="bbox 234 1198 1826 1273">
     <span class='ocr_line' id='line_1_11' title="bbox 234 1198 1826 1273; baseline 0.004 -22"><span class='ocrx_word' id='word_1_77' title='bbox 234 1212 395 1269; x_wconf 68' lang='lat' dir='ltr'><strong>usque</strong></span> <span class='ocrx_word' id='word_1_78' title='bbox 434 1198 507 1252; x_wconf 83' lang='lat' dir='ltr'><strong>ad</strong></span> <span class='ocrx_word' id='word_1_79' title='bbox 551 1199 853 1269; x_wconf 69' lang='lat' dir='ltr'><strong>vigesimum</strong></span> <span class='ocrx_word' id='word_1_80' title='bbox 897 1200 1121 1271; x_wconf 83' lang='lat' dir='ltr'><strong>primum</strong></span> <span class='ocrx_word' id='word_1_81' title='bbox 1166 1202 1399 1272; x_wconf 85' lang='lat' dir='ltr'><strong>ejusdem</strong></span> <span class='ocrx_word' id='word_1_82' title='bbox 1446 1202 1516 1256; x_wconf 85' lang='lat' dir='ltr'><strong>ad</strong></span> <span class='ocrx_word' id='word_1_83' title='bbox 1558 1218 1826 1273; x_wconf 83' lang='lat' dir='ltr'><strong>uesperum</strong></span> 
     </span>
    </p>
   </div>
   <div class='ocr_carea' id='block_1_12' title="bbox 235 1287 1826 1362">
    <p class='ocr_par' dir='ltr' id='par_1_12' title="bbox 235 1287 1826 1362">
     <span class='ocr_line' id='line_1_12' title="bbox 235 1287 1826 1362; baseline 0.002 -18"><span class='ocrx_word' id='word_1_84' title='bbox 235 1287 428 1358; x_wconf 74' lang='lat' dir='ltr'><strong>(lbid.,</strong></span> <span class='ocrx_word' id='word_1_85' title='bbox 459 1288 571 1358; x_wconf 69' lang='lat'><strong>£8).</strong></span> <span class='ocrx_word' id='word_1_86' title='bbox 612 1290 670 1345; x_wconf 87' lang='lat' dir='ltr'><strong>in</strong></span> <span class='ocrx_word' id='word_1_87' title='bbox 700 1291 1120 1345; x_wconf 81' lang='lat' dir='ltr'><strong>Deutsronomlo</strong></span> <span class='ocrx_word' id='word_1_88' title='bbox 1147 1306 1363 1362; x_wconf 86' lang='lat' dir='ltr'><strong>quoque</strong></span> <span class='ocrx_word' id='word_1_89' title='bbox 1383 1291 1525 1347; x_wconf 90' lang='lat' dir='ltr'><strong>idem</strong></span> <span class='ocrx_word' id='word_1_90' title='bbox 1547 1292 1826 1361; x_wconf 87' lang='lat' dir='ltr'><strong>legislator</strong></span> 
     </span>
    </p>
   </div>
   <div class='ocr_carea' id='block_1_13' title="bbox 235 1383 1818 1455">
    <p class='ocr_par' dir='ltr' id='par_1_13' title="bbox 235 1383 1818 1455">
     <span class='ocr_line' id='line_1_13' title="bbox 235 1383 1818 1455; baseline 0.001 -16"><span class='ocrx_word' id='word_1_91' title='bbox 235 1383 450 1453; x_wconf 74' lang='lat' dir='ltr'><strong>Moyses</strong></span> <span class='ocrx_word' id='word_1_92' title='bbox 486 1385 561 1440; x_wconf 89' lang='lat' dir='ltr'><strong>ita</strong></span> <span class='ocrx_word' id='word_1_93' title='bbox 592 1386 844 1455; x_wconf 78' lang='lat' dir='ltr'><strong>populum</strong></span> <span class='ocrx_word' id='word_1_94' title='bbox 882 1385 951 1440; x_wconf 89' lang='lat' dir='ltr'><strong>de</strong></span> <span class='ocrx_word' id='word_1_95' title='bbox 993 1386 1095 1441; x_wconf 84' lang='lat' dir='ltr'><strong>hac</strong></span> <span class='ocrx_word' id='word_1_96' title='bbox 1138 1400 1199 1441; x_wconf 92' lang='lat' dir='ltr'><strong>re</strong></span> <span class='ocrx_word' id='word_1_97' title='bbox 1244 1398 1555 1443; x_wconf 83' lang='lat' dir='ltr'><strong>commonet</strong></span> <span class='ocrx_word' id='word_1_98' title='bbox 1592 1387 1818 1444; x_wconf 88' lang='lat' dir='ltr'><strong>dicens:</strong></span> 
     </span>
    </p>
   </div>
   <div class='ocr_carea' id='block_1_14' title="bbox 237 1473 1823 1549">
    <p class='ocr_par' dir='ltr' id='par_1_14' title="bbox 237 1473 1823 1549">
     <span class='ocr_line' id='line_1_14' title="bbox 237 1473 1823 1549; baseline 0.003 -20"><span class='ocrx_word' id='word_1_99' title='bbox 237 1473 467 1530; x_wconf 71' lang='lat' dir='ltr'><strong>Observa</strong></span> <span class='ocrx_word' id='word_1_100' title='bbox 512 1492 740 1531; x_wconf 76' lang='lat' dir='ltr'><strong>mensem</strong></span> <span class='ocrx_word' id='word_1_101' title='bbox 785 1492 1034 1532; x_wconf 78' lang='lat' dir='ltr'><strong>novarum</strong></span> <span class='ocrx_word' id='word_1_102' title='bbox 1075 1479 1302 1549; x_wconf 77' lang='lat' dir='ltr'><strong>frugum,</strong></span> <span class='ocrx_word' id='word_1_103' title='bbox 1352 1485 1402 1533; x_wconf 80' lang='lat' dir='ltr'><strong>et</strong></span> <span class='ocrx_word' id='word_1_104' title='bbox 1429 1479 1574 1533; x_wconf 82' lang='lat' dir='ltr'><strong>verni</strong></span> <span class='ocrx_word' id='word_1_105' title='bbox 1599 1480 1823 1549; x_wconf 87' lang='lat' dir='ltr'><strong>primum</strong></span> 
     </span>
    </p>
   </div>
   <div class='ocr_carea' id='block_1_15' title="bbox 148 1566 1818 1643">
    <p class='ocr_par' dir='ltr' id='par_1_15' title="bbox 148 1566 1818 1643">
     <span class='ocr_line' id='line_1_15' title="bbox 148 1566 1818 1643; baseline 0.003 -22"><span class='ocrx_word' id='word_1_106' title='bbox 148 1628 153 1632; x_wconf 95' lang='lat'>_</span> <span class='ocrx_word' id='word_1_107' title='bbox 236 1568 500 1637; x_wconf 70' lang='lat' dir='ltr'><strong>temporis,</strong></span> <span class='ocrx_word' id='word_1_108' title='bbox 530 1576 587 1622; x_wconf 83' lang='lat' dir='ltr'><strong>ut</strong></span> <span class='ocrx_word' id='word_1_109' title='bbox 613 1568 782 1639; x_wconf 81' lang='lat' dir='ltr'><strong>facias</strong></span> <span class='ocrx_word' id='word_1_110' title='bbox 824 1566 1025 1622; x_wconf 79' lang='lat' dir='ltr'><strong>Pascha</strong></span> <span class='ocrx_word' id='word_1_111' title='bbox 1052 1567 1278 1624; x_wconf 85' lang='lat' dir='ltr'><strong>Domino</strong></span> <span class='ocrx_word' id='word_1_112' title='bbox 1299 1568 1407 1626; x_wconf 87' lang='lat' dir='ltr'><strong>Deo</strong></span> <span class='ocrx_word' id='word_1_113' title='bbox 1436 1580 1543 1637; x_wconf 91' lang='lat' dir='ltr'><strong>tuo,</strong></span> <span class='ocrx_word' id='word_1_114' title='bbox 1573 1572 1818 1643; x_wconf 85' lang='lat' dir='ltr'><strong>quoniam</strong></span> 
     </span>
    </p>
   </div>
   <div class='ocr_carea' id='block_1_16' title="bbox 233 1658 1821 1733">
    <p class='ocr_par' dir='ltr' id='par_1_16' title="bbox 233 1658 1821 1733">
     <span class='ocr_line' id='line_1_16' title="bbox 233 1658 1821 1733; baseline 0.004 -22"><span class='ocrx_word' id='word_1_115' title='bbox 233 1659 289 1711; x_wconf 73' lang='lat' dir='ltr'><strong>in</strong></span> <span class='ocrx_word' id='word_1_116' title='bbox 310 1659 413 1714; x_wconf 79' lang='lat' dir='ltr'><strong>isto</strong></span> <span class='ocrx_word' id='word_1_117' title='bbox 437 1672 613 1715; x_wconf 73' lang='lat' dir='ltr'><strong>Iliense</strong></span> <span class='ocrx_word' id='word_1_118' title='bbox 638 1660 818 1714; x_wconf 67' lang='lat' dir='ltr'><strong>eduxit</strong></span> <span class='ocrx_word' id='word_1_119' title='bbox 839 1669 889 1713; x_wconf 89' lang='lat' dir='ltr'><strong>te</strong></span> <span class='ocrx_word' id='word_1_120' title='bbox 910 1658 1163 1714; x_wconf 77' lang='lat' dir='ltr'><strong>Dominus</strong></span> <span class='ocrx_word' id='word_1_121' title='bbox 1195 1660 1335 1716; x_wconf 86' lang='lat' dir='ltr'><strong>Deus</strong></span> <span class='ocrx_word' id='word_1_122' title='bbox 1362 1670 1479 1716; x_wconf 81' lang='lat' dir='ltr'><strong>tuus</strong></span> <span class='ocrx_word' id='word_1_123' title='bbox 1505 1662 1567 1717; x_wconf 89' lang='lat' dir='ltr'><strong>de</strong></span> <span class='ocrx_word' id='word_1_124' title='bbox 1589 1662 1821 1733; x_wconf 65' lang='lat' dir='ltr'><strong>At‘gypto</strong></span> 
     </span>
    </p>
   </div>
   <div class='ocr_carea' id='block_1_17' title="bbox 230 1748 1820 1820">
    <p class='ocr_par' dir='ltr' id='par_1_17' title="bbox 230 1748 1820 1820">
     <span class='ocr_line' id='line_1_17' title="bbox 230 1748 1820 1820; baseline 0.001 -16"><span class='ocrx_word' id='word_1_125' title='bbox 230 1757 387 1804; x_wconf 68' lang='lat' dir='ltr'><strong>noctu</strong></span> <span class='ocrx_word' id='word_1_126' title='bbox 417 1748 653 1817; x_wconf 70' lang='lat' dir='ltr'><strong>(Denter.</strong></span> <span class='ocrx_word' id='word_1_127' title='bbox 687 1765 804 1812; x_wconf 72' lang='lat' dir='ltr'><strong>xu,</strong></span> <span class='ocrx_word' id='word_1_128' title='bbox 837 1749 861 1802; x_wconf 75' lang='grc' dir='ltr'>ι</span> <span class='ocrx_word' id='word_1_129' title='bbox 890 1756 940 1803; x_wconf 82' lang='lat' dir='ltr'><strong>et</strong></span> <span class='ocrx_word' id='word_1_130' title='bbox 973 1751 1132 1820; x_wconf 85' lang='lat' dir='ltr'><strong>seq.).</strong></span> <span class='ocrx_word' id='word_1_131' title='bbox 1156 1749 1326 1805; x_wconf 84' lang='lat' dir='ltr'><strong>Tanta</strong></span> <span class='ocrx_word' id='word_1_132' title='bbox 1360 1751 1462 1806; x_wconf 86' lang='lat' dir='ltr'><strong>hac</strong></span> <span class='ocrx_word' id='word_1_133' title='bbox 1497 1753 1820 1807; x_wconf 82' lang='lat' dir='ltr'><strong>auctoritate</strong></span> 
     </span>
    </p>
   </div>
   <div class='ocr_carea' id='block_1_18' title="bbox 1927 561 3510 637">
    <p class='ocr_par' dir='ltr' id='par_1_18' title="bbox 1927 561 3510 637">
     <span class='ocr_line' id='line_1_18' title="bbox 1927 561 3510 637; baseline 0.003 -19"><span class='ocrx_word' id='word_1_134' title='bbox 1927 575 2048 618; x_wconf 88' lang='lat' dir='ltr'><strong>rum</strong></span> <span class='ocrx_word' id='word_1_135' title='bbox 2075 561 2507 629; x_wconf 89' lang='lat' dir='ltr'><strong>calculationem,</strong></span> <span class='ocrx_word' id='word_1_136' title='bbox 2536 572 2758 633; x_wconf 81' lang='lat' dir='ltr'><strong>quartas</strong></span> <span class='ocrx_word' id='word_1_137' title='bbox 2785 564 3021 620; x_wconf 87' lang='lat' dir='ltr'><strong>decimas</strong></span> <span class='ocrx_word' id='word_1_138' title='bbox 3049 565 3204 621; x_wconf 86' lang='lat' dir='ltr'><strong>lunas</strong></span> <span class='ocrx_word' id='word_1_139' title='bbox 3245 569 3510 637; x_wconf 75' lang='lat' dir='ltr'><strong>paschalis</strong></span> 
     </span>
    </p>
   </div>
   <div class='ocr_carea' id='block_1_19' title="bbox 1924 650 3512 712">
    <p class='ocr_par' dir='ltr' id='par_1_19' title="bbox 1924 650 3512 712">
     <span class='ocr_line' id='line_1_19' title="bbox 1924 650 3512 712; baseline 0.003 -6"><span class='ocrx_word' id='word_1_140' title='bbox 1924 650 2282 707; x_wconf 76' lang='lat' dir='ltr'><strong>observantia:</strong></span> <span class='ocrx_word' id='word_1_141' title='bbox 2307 652 2655 709; x_wconf 84' lang='lat' dir='ltr'><strong>tradiderunt.</strong></span> <span class='ocrx_word' id='word_1_142' title='bbox 2688 652 2795 708; x_wconf 87' lang='lat' dir='ltr'><strong>Sed</strong></span> <span class='ocrx_word' id='word_1_143' title='bbox 2839 654 3080 709; x_wconf 85' lang='lat' dir='ltr'><strong>nonnulli</strong></span> <span class='ocrx_word' id='word_1_144' title='bbox 3115 662 3278 711; x_wconf 70' lang='lat' dir='ltr'><strong>tanta:</strong></span> <span class='ocrx_word' id='word_1_145' title='bbox 3305 655 3512 712; x_wconf 69' lang='lat' dir='ltr'><strong>subtili.</strong></span> 
     </span>
    </p>
   </div>
   <div class='ocr_carea' id='block_1_20' title="bbox 1927 742 3510 820">
    <p class='ocr_par' dir='ltr' id='par_1_20' title="bbox 1927 742 3510 820">
     <span class='ocr_line' id='line_1_20' title="bbox 1927 742 3510 820; baseline 0.004 -24"><span class='ocrx_word' id='word_1_146' title='bbox 1927 742 2072 809; x_wconf 86' lang='lat' dir='ltr'><strong>tatis,</strong></span> <span class='ocrx_word' id='word_1_147' title='bbox 2098 743 2213 798; x_wconf 84' lang='lat' dir='ltr'><strong>sive</strong></span> <span class='ocrx_word' id='word_1_148' title='bbox 2239 744 2421 813; x_wconf 86' lang='lat' dir='ltr'><strong>potius</strong></span> <span class='ocrx_word' id='word_1_149' title='bbox 2447 745 2743 800; x_wconf 85' lang='lat' dir='ltr'><strong>sanctionis</strong></span> <span class='ocrx_word' id='word_1_150' title='bbox 2762 745 2953 814; x_wconf 85' lang='lat' dir='ltr'><strong>ignari,</strong></span> <span class='ocrx_word' id='word_1_151' title='bbox 2986 746 3112 801; x_wconf 83' lang='lat' dir='ltr'><strong>dum</strong></span> <span class='ocrx_word' id='word_1_152' title='bbox 3133 747 3234 801; x_wconf 90' lang='lat' dir='ltr'><strong>alia</strong></span> <span class='ocrx_word' id='word_1_153' title='bbox 3259 758 3510 820; x_wconf 83' lang='lat' dir='ltr'><strong>supputa-</strong></span> 
     </span>
    </p>
   </div>
   <div class='ocr_carea' id='block_1_21' title="bbox 1926 831 3510 905">
    <p class='ocr_par' dir='ltr' id='par_1_21' title="bbox 1926 831 3510 905">
     <span class='ocr_line' id='line_1_21' title="bbox 1926 831 3510 905; baseline 0.007 -19"><span class='ocrx_word' id='word_1_154' title='bbox 1926 831 2091 889; x_wconf 90' lang='lat' dir='ltr'><strong>tionis</strong></span> <span class='ocrx_word' id='word_1_155' title='bbox 2120 842 2438 903; x_wconf 84' lang='lat' dir='ltr'><strong>argumenta</strong></span> <span class='ocrx_word' id='word_1_156' title='bbox 2470 836 2807 905; x_wconf 88' lang='lat' dir='ltr'><strong>perquirunt,</strong></span> <span class='ocrx_word' id='word_1_157' title='bbox 2838 850 2869 890; x_wconf 92' lang='lat' dir='ltr'><strong>a</strong></span> <span class='ocrx_word' id='word_1_158' title='bbox 2898 836 3140 893; x_wconf 82' lang='lat' dir='ltr'><strong>veritatis</strong></span> <span class='ocrx_word' id='word_1_159' title='bbox 3178 841 3395 895; x_wconf 85' lang='lat' dir='ltr'><strong>tramite</strong></span> <span class='ocrx_word' id='word_1_160' title='bbox 3423 855 3510 897; x_wconf 80' lang='lat' dir='ltr'><strong>re-</strong></span> 
     </span>
    </p>
   </div>
   <div class='ocr_carea' id='block_1_22' title="bbox 1924 920 3512 1002">
    <p class='ocr_par' dir='ltr' id='par_1_22' title="bbox 1924 920 3512 1002">
     <span class='ocr_line' id='line_1_22' title="bbox 1924 920 3512 1002; baseline 0.004 -23"><span class='ocrx_word' id='word_1_161' title='bbox 1924 920 2144 979; x_wconf 87' lang='lat' dir='ltr'><strong>cedunt.</strong></span> <span class='ocrx_word' id='word_1_162' title='bbox 2193 921 2345 980; x_wconf 88' lang='lat' dir='ltr'><strong>Unde</strong></span> <span class='ocrx_word' id='word_1_163' title='bbox 2374 924 2694 995; x_wconf 87' lang='lat' dir='ltr'><strong>plerumque</strong></span> <span class='ocrx_word' id='word_1_164' title='bbox 2723 925 3004 996; x_wconf 83' lang='lat' dir='ltr'><strong>contingit,</strong></span> <span class='ocrx_word' id='word_1_165' title='bbox 3038 934 3096 982; x_wconf 91' lang='lat' dir='ltr'><strong>ut</strong></span> <span class='ocrx_word' id='word_1_166' title='bbox 3122 928 3338 999; x_wconf 81' lang='lat' dir='ltr'><strong>quando</strong></span> <span class='ocrx_word' id='word_1_167' title='bbox 3366 942 3512 1002; x_wconf 77' lang='lat' dir='ltr'><strong>szt-pe</strong></span> 
     </span>
    </p>
   </div>
   <div class='ocr_carea' id='block_1_23' title="bbox 1925 1011 3509 1089">
    <p class='ocr_par' dir='ltr' id='par_1_23' title="bbox 1925 1011 3509 1089">
     <span class='ocr_line' id='line_1_23' title="bbox 1925 1011 3509 1089; baseline 0.005 -20"><span class='ocrx_word' id='word_1_168' title='bbox 1925 1011 2056 1070; x_wconf 88' lang='lat' dir='ltr'><strong>dicti</strong></span> <span class='ocrx_word' id='word_1_169' title='bbox 2100 1012 2288 1071; x_wconf 83' lang='lat' dir='ltr'><strong>Patres</strong></span> <span class='ocrx_word' id='word_1_170' title='bbox 2314 1014 2580 1072; x_wconf 88' lang='lat' dir='ltr'><strong>decimam</strong></span> <span class='ocrx_word' id='word_1_171' title='bbox 2620 1024 2863 1086; x_wconf 89' lang='lat' dir='ltr'><strong>quartam</strong></span> <span class='ocrx_word' id='word_1_172' title='bbox 2897 1017 3074 1072; x_wconf 87' lang='lat' dir='ltr'><strong>lunam</strong></span> <span class='ocrx_word' id='word_1_173' title='bbox 3121 1026 3348 1089; x_wconf 89' lang='lat' dir='ltr'><strong>ponunt,</strong></span> <span class='ocrx_word' id='word_1_174' title='bbox 3389 1033 3509 1077; x_wconf 88' lang='lat' dir='ltr'><strong>eam</strong></span> 
     </span>
    </p>
   </div>
   <div class='ocr_carea' id='block_1_24' title="bbox 1925 1102 3509 1181">
    <p class='ocr_par' dir='ltr' id='par_1_24' title="bbox 1925 1102 3509 1181">
     <span class='ocr_line' id='line_1_24' title="bbox 1925 1102 3509 1181; baseline 0.006 -22"><span class='ocrx_word' id='word_1_175' title='bbox 1925 1102 2013 1159; x_wconf 87' lang='lat' dir='ltr'><strong>isti</strong></span> <span class='ocrx_word' id='word_1_176' title='bbox 2041 1104 2304 1162; x_wconf 88' lang='lat' dir='ltr'><strong>decimam</strong></span> <span class='ocrx_word' id='word_1_177' title='bbox 2343 1107 2587 1176; x_wconf 87' lang='lat' dir='ltr'><strong>quintam</strong></span> <span class='ocrx_word' id='word_1_178' title='bbox 2617 1108 2993 1179; x_wconf 85' lang='lat' dir='ltr'><strong>suspicentur;</strong></span> <span class='ocrx_word' id='word_1_179' title='bbox 3024 1116 3081 1165; x_wconf 88' lang='lat' dir='ltr'><strong>et</strong></span> <span class='ocrx_word' id='word_1_180' title='bbox 3106 1125 3226 1180; x_wconf 67' lang='lat' dir='ltr'><strong>quae</strong></span> <span class='ocrx_word' id='word_1_181' title='bbox 3256 1110 3509 1181; x_wconf 82' lang='lat' dir='ltr'><strong>vigesima</strong></span> 
     </span>
    </p>
   </div>
   <div class='ocr_carea' id='block_1_25' title="bbox 1924 1198 3506 1274">
    <p class='ocr_par' dir='ltr' id='par_1_25' title="bbox 1924 1198 3506 1274">
     <span class='ocr_line' id='line_1_25' title="bbox 1924 1198 3506 1274; baseline 0.004 -22"><span class='ocrx_word' id='word_1_182' title='bbox 1924 1198 2100 1268; x_wconf 86' lang='lat' dir='ltr'><strong>prima</strong></span> <span class='ocrx_word' id='word_1_183' title='bbox 2139 1206 2243 1267; x_wconf 91' lang='lat' dir='ltr'><strong>est,</strong></span> <span class='ocrx_word' id='word_1_184' title='bbox 2290 1200 2605 1268; x_wconf 78' lang='lat' dir='ltr'><strong>vigesimum</strong></span> <span class='ocrx_word' id='word_1_185' title='bbox 2646 1202 2936 1256; x_wconf 88' lang='lat' dir='ltr'><strong>secundam</strong></span> <span class='ocrx_word' id='word_1_186' title='bbox 2977 1216 3098 1258; x_wconf 87' lang='lat' dir='ltr'><strong>esse</strong></span> <span class='ocrx_word' id='word_1_187' title='bbox 3135 1204 3506 1274; x_wconf 88' lang='lat' dir='ltr'><strong>pronuntient.</strong></span> 
     </span>
    </p>
   </div>
   <div class='ocr_carea' id='block_1_26' title="bbox 1923 1289 3508 1360">
    <p class='ocr_par' dir='ltr' id='par_1_26' title="bbox 1923 1289 3508 1360">
     <span class='ocr_line' id='line_1_26' title="bbox 1923 1289 3508 1360; baseline 0.003 -16"><span class='ocrx_word' id='word_1_188' title='bbox 1923 1289 2031 1345; x_wconf 87' lang='lat' dir='ltr'><strong>Sed</strong></span> <span class='ocrx_word' id='word_1_189' title='bbox 2062 1291 2239 1359; x_wconf 85' lang='lat' dir='ltr'><strong>nobis,</strong></span> <span class='ocrx_word' id='word_1_190' title='bbox 2269 1290 2464 1360; x_wconf 89' lang='lat' dir='ltr'><strong>quibus</strong></span> <span class='ocrx_word' id='word_1_191' title='bbox 2492 1306 2647 1347; x_wconf 88' lang='lat' dir='ltr'><strong>amor</strong></span> <span class='ocrx_word' id='word_1_192' title='bbox 2675 1300 2731 1347; x_wconf 91' lang='lat' dir='ltr'><strong>et</strong></span> <span class='ocrx_word' id='word_1_193' title='bbox 2755 1308 2881 1348; x_wconf 88' lang='lat' dir='ltr'><strong>cura</strong></span> <span class='ocrx_word' id='word_1_194' title='bbox 2912 1301 2994 1348; x_wconf 92' lang='lat' dir='ltr'><strong>est</strong></span> <span class='ocrx_word' id='word_1_195' title='bbox 3022 1292 3340 1349; x_wconf 63' lang='lat' dir='ltr'><strong>Christianae</strong></span> <span class='ocrx_word' id='word_1_196' title='bbox 3377 1294 3508 1351; x_wconf 79' lang='lat' dir='ltr'><strong>reli-</strong></span> 
     </span>
    </p>
   </div>
   <div class='ocr_carea' id='block_1_27' title="bbox 1922 1378 3507 1452">
    <p class='ocr_par' dir='ltr' id='par_1_27' title="bbox 1922 1378 3507 1452">
     <span class='ocr_line' id='line_1_27' title="bbox 1922 1378 3507 1452; baseline 0.004 -19"><span class='ocrx_word' id='word_1_197' title='bbox 1922 1379 2119 1448; x_wconf 82' lang='lat' dir='ltr'><strong>gionis,</strong></span> <span class='ocrx_word' id='word_1_198' title='bbox 2148 1379 2294 1435; x_wconf 88' lang='lat' dir='ltr'><strong>nulla</strong></span> <span class='ocrx_word' id='word_1_199' title='bbox 2324 1396 2547 1451; x_wconf 86' lang='lat' dir='ltr'><strong>prorsus</strong></span> <span class='ocrx_word' id='word_1_200' title='bbox 2572 1390 2791 1452; x_wconf 88' lang='lat' dir='ltr'><strong>oportet</strong></span> <span class='ocrx_word' id='word_1_201' title='bbox 2820 1383 3029 1438; x_wconf 88' lang='lat' dir='ltr'><strong>ratione</strong></span> <span class='ocrx_word' id='word_1_202' title='bbox 3058 1382 3371 1449; x_wconf 83' lang='lat' dir='ltr'><strong>discedere;</strong></span> <span class='ocrx_word' id='word_1_203' title='bbox 3408 1378 3507 1441; x_wconf 84' lang='lat' dir='ltr'><strong>sed</strong></span> 
     </span>
    </p>
   </div>
   <div class='ocr_carea' id='block_1_28' title="bbox 1921 1470 3504 1545">
    <p class='ocr_par' dir='ltr' id='par_1_28' title="bbox 1921 1470 3504 1545">
     <span class='ocr_line' id='line_1_28' title="bbox 1921 1470 3504 1545; baseline 0.005 -20"><span class='ocrx_word' id='word_1_204' title='bbox 1921 1470 2196 1542; x_wconf 61' lang='lat' dir='ltr'><strong>praefixum</strong></span> <span class='ocrx_word' id='word_1_205' title='bbox 2246 1472 2315 1528; x_wconf 89' lang='lat' dir='ltr'><strong>ab</strong></span> <span class='ocrx_word' id='word_1_206' title='bbox 2363 1473 2446 1528; x_wconf 89' lang='lat' dir='ltr'><strong>his</strong></span> <span class='ocrx_word' id='word_1_207' title='bbox 2493 1472 2804 1544; x_wconf 87' lang='lat' dir='ltr'><strong>paschalem</strong></span> <span class='ocrx_word' id='word_1_208' title='bbox 2854 1474 3096 1545; x_wconf 86' lang='lat' dir='ltr'><strong>regulam</strong></span> <span class='ocrx_word' id='word_1_209' title='bbox 3146 1476 3504 1534; x_wconf 72' lang='lat' dir='ltr'><strong>sincerissima</strong></span> 
     </span>
    </p>
   </div>
   <div class='ocr_carea' id='block_1_29' title="bbox 1922 1563 2852 1622">
    <p class='ocr_par' dir='ltr' id='par_1_29' title="bbox 1922 1563 2852 1622">
     <span class='ocr_line' id='line_1_29' title="bbox 1922 1563 2852 1622; baseline 0.004 -5"><span class='ocrx_word' id='word_1_210' title='bbox 1922 1563 2179 1619; x_wconf 77' lang='lat' dir='ltr'><strong>convenit</strong></span> <span class='ocrx_word' id='word_1_211' title='bbox 2208 1563 2589 1620; x_wconf 81' lang='lat' dir='ltr'><strong>observatione</strong></span> <span class='ocrx_word' id='word_1_212' title='bbox 2616 1580 2852 1622; x_wconf 84' lang='lat' dir='ltr'><strong>servare.</strong></span> 
     </span>
    </p>
   </div>
   <div class='ocr_carea' id='block_1_30' title="bbox 1993 1653 3505 1722">
    <p class='ocr_par' dir='ltr' id='par_1_30' title="bbox 1993 1653 3505 1722">
     <span class='ocr_line' id='line_1_30' title="bbox 1993 1653 3505 1722; baseline 0.005 -13"><span class='ocrx_word' id='word_1_213' title='bbox 1993 1653 2206 1722; x_wconf 85' lang='lat' dir='ltr'><strong>Quanta</strong></span> <span class='ocrx_word' id='word_1_214' title='bbox 2234 1670 2362 1712; x_wconf 89' lang='lat' dir='ltr'><strong>vero</strong></span> <span class='ocrx_word' id='word_1_215' title='bbox 2391 1657 2445 1712; x_wconf 92' lang='lat' dir='ltr'><strong>in</strong></span> <span class='ocrx_word' id='word_1_216' title='bbox 2473 1654 2728 1714; x_wconf 84' lang='lat' dir='ltr'><strong>Ecclesiis</strong></span> <span class='ocrx_word' id='word_1_217' title='bbox 2757 1665 2872 1714; x_wconf 91' lang='lat' dir='ltr'><strong>toto</strong></span> <span class='ocrx_word' id='word_1_218' title='bbox 2903 1665 3170 1715; x_wconf 90' lang='lat' dir='ltr'><strong>terrarum</strong></span> <span class='ocrx_word' id='word_1_219' title='bbox 3192 1658 3327 1716; x_wconf 86' lang='lat' dir='ltr'><strong>orbe</strong></span> <span class='ocrx_word' id='word_1_220' title='bbox 3354 1658 3505 1716; x_wconf 75' lang='lat' dir='ltr'><strong>ditiu-</strong></span> 
     </span>
    </p>
   </div>
   <div class='ocr_carea' id='block_1_31' title="bbox 1921 1745 3509 1818">
    <p class='ocr_par' dir='ltr' id='par_1_31' title="bbox 1921 1745 3509 1818">
     <span class='ocr_line' id='line_1_31' title="bbox 1921 1745 3509 1818; baseline 0.004 -17"><span class='ocrx_word' id='word_1_221' title='bbox 1921 1745 1999 1801; x_wconf 84' lang='lat' dir='ltr'><strong>sis</strong></span> <span class='ocrx_word' id='word_1_222' title='bbox 2026 1746 2219 1802; x_wconf 88' lang='lat' dir='ltr'><strong>horum</strong></span> <span class='ocrx_word' id='word_1_223' title='bbox 2266 1745 2487 1802; x_wconf 84' lang='lat' dir='ltr'><strong>Patrum</strong></span> <span class='ocrx_word' id='word_1_224' title='bbox 2530 1748 2767 1804; x_wconf 85' lang='lat' dir='ltr'><strong>nitamur</strong></span> <span class='ocrx_word' id='word_1_225' title='bbox 2806 1750 3151 1818; x_wconf 87' lang='lat' dir='ltr'><strong>auctoritate,</strong></span> <span class='ocrx_word' id='word_1_226' title='bbox 3200 1765 3309 1807; x_wconf 92' lang='lat' dir='ltr'><strong>non</strong></span> <span class='ocrx_word' id='word_1_227' title='bbox 3357 1751 3509 1809; x_wconf 90' lang='lat' dir='ltr'><strong>labor</strong></span> 
     </span>
    </p>
   </div>
   <div class='ocr_carea' id='block_1_32' title="bbox 230 1836 3509 1927">
    <p class='ocr_par' dir='ltr' id='par_1_32' title="bbox 230 1836 3509 1927">
     <span class='ocr_line' id='line_1_32' title="bbox 230 1836 3509 1927; baseline 0.002 -34"><span class='ocrx_word' id='word_1_228' title='bbox 230 1836 412 1893; x_wconf 79' lang='lat' dir='ltr'><strong>divina</strong></span> <span class='ocrx_word' id='word_1_229' title='bbox 437 1837 838 1909; x_wconf 84' lang='lat' dir='ltr'><strong>claruit,primo</strong></span> <span class='ocrx_word' id='word_1_230' title='bbox 856 1853 1060 1905; x_wconf 89' lang='lat' dir='ltr'><strong>mense,</strong></span> <span class='ocrx_word' id='word_1_231' title='bbox 1082 1839 1296 1927; x_wconf 71' lang='lat' dir='ltr'><strong>decimo</strong></span> <span class='ocrx_word' id='word_1_232' title='bbox 1312 1851 1509 1911; x_wconf 87' lang='lat' dir='ltr'><strong>quarto</strong></span> <span class='ocrx_word' id='word_1_233' title='bbox 1530 1841 1617 1896; x_wconf 89' lang='lat' dir='ltr'><strong>die</strong></span> <span class='ocrx_word' id='word_1_234' title='bbox 1640 1842 1705 1895; x_wconf 89' lang='lat' dir='ltr'><strong>ad</strong></span> <span class='ocrx_word' id='word_1_235' title='bbox 1732 1855 1814 1897; x_wconf 66' lang='lat' dir='ltr'><strong>ve</strong></span> <span class='ocrx_word' id='word_1_236' title='bbox 1848 1842 1897 1906; x_wconf 86' lang='grc' dir='ltr'><strong>Β</strong></span> <span class='ocrx_word' id='word_1_237' title='bbox 1923 1846 2005 1895; x_wconf 88' lang='lat' dir='ltr'><strong>est</strong></span> <span class='ocrx_word' id='word_1_238' title='bbox 2032 1840 2317 1897; x_wconf 85' lang='lat' dir='ltr'><strong>ostendere</strong></span> <span class='ocrx_word' id='word_1_239' title='bbox 2348 1860 2361 1894; x_wconf 90' lang='lat'><strong>:</strong></span> <span class='ocrx_word' id='word_1_240' title='bbox 2411 1857 2533 1899; x_wconf 90' lang='lat' dir='ltr'><strong>cum</strong></span> <span class='ocrx_word' id='word_1_241' title='bbox 2578 1845 2873 1900; x_wconf 88' lang='lat' dir='ltr'><strong>secundum</strong></span> <span class='ocrx_word' id='word_1_242' title='bbox 2923 1844 3210 1901; x_wconf 85' lang='lat' dir='ltr'><strong>concilium</strong></span> <span class='ocrx_word' id='word_1_243' title='bbox 3251 1844 3391 1917; x_wconf 92' lang='lat' dir='ltr'><strong>apud</strong></span> <span class='ocrx_word' id='word_1_244' title='bbox 3420 1844 3509 1900; x_wconf 48' lang='lat' dir='ltr'><strong>Ni‘</strong></span> 
     </span>
    </p>
   </div>
   <div class='ocr_carea' id='block_1_33' title="bbox 232 1929 1814 2000">
    <p class='ocr_par' dir='ltr' id='par_1_33' title="bbox 232 1929 1814 2000">
     <span class='ocr_line' id='line_1_33' title="bbox 232 1929 1814 2000; baseline 0.001 -16"><span class='ocrx_word' id='word_1_245' title='bbox 232 1942 470 2000; x_wconf 74' lang='lat' dir='ltr'><strong>sperum,</strong></span> <span class='ocrx_word' id='word_1_246' title='bbox 516 1929 791 1998; x_wconf 75' lang='lat' dir='ltr'><strong>usquead</strong></span> <span class='ocrx_word' id='word_1_247' title='bbox 820 1929 1136 1998; x_wconf 71' lang='lat' dir='ltr'><strong>vigesimum</strong></span> <span class='ocrx_word' id='word_1_248' title='bbox 1164 1930 1415 2000; x_wconf 86' lang='lat' dir='ltr'><strong>primum,</strong></span> <span class='ocrx_word' id='word_1_249' title='bbox 1454 1930 1814 1986; x_wconf 71' lang='lat' dir='ltr'><strong>festivitatem</strong></span> 
     </span>
    </p>
   </div>
   <div class='ocr_carea' id='block_1_34' title="bbox 228 2022 1818 2093">
    <p class='ocr_par' dir='ltr' id='par_1_34' title="bbox 228 2022 1818 2093">
     <span class='ocr_line' id='line_1_34' title="bbox 228 2022 1818 2093; baseline 0.002 -15"><span class='ocrx_word' id='word_1_250' title='bbox 228 2022 542 2093; x_wconf 78' lang='lat' dir='ltr'><strong>paschalcm</strong></span> <span class='ocrx_word' id='word_1_251' title='bbox 592 2022 795 2078; x_wconf 80' lang='lat' dir='ltr'><strong>debere</strong></span> <span class='ocrx_word' id='word_1_252' title='bbox 833 2023 1117 2080; x_wconf 83' lang='lat' dir='ltr'><strong>celebrari.</strong></span> <span class='ocrx_word' id='word_1_253' title='bbox 1163 2022 1272 2078; x_wconf 89' lang='lat' dir='ltr'><strong>Sed</strong></span> <span class='ocrx_word' id='word_1_254' title='bbox 1318 2022 1443 2092; x_wconf 83' lang='lat' dir='ltr'><strong>quia</strong></span> <span class='ocrx_word' id='word_1_255' title='bbox 1487 2024 1690 2081; x_wconf 82' lang='lat' dir='ltr'><strong>mensis</strong></span> <span class='ocrx_word' id='word_1_256' title='bbox 1726 2023 1818 2081; x_wconf 83' lang='lat' dir='ltr'><strong>hic</strong></span> 
     </span>
    </p>
   </div>
   <div class='ocr_carea' id='block_1_35' title="bbox 234 2111 1822 2181">
    <p class='ocr_par' dir='ltr' id='par_1_35' title="bbox 234 2111 1822 2181">
     <span class='ocr_line' id='line_1_35' title="bbox 234 2111 1822 2181; baseline 0.001 -13"><span class='ocrx_word' id='word_1_257' title='bbox 234 2111 375 2168; x_wconf 80' lang='lat' dir='ltr'><strong>unde</strong></span> <span class='ocrx_word' id='word_1_258' title='bbox 400 2120 579 2169; x_wconf 81' lang='lat' dir='ltr'><strong>sumat</strong></span> <span class='ocrx_word' id='word_1_259' title='bbox 605 2111 1021 2181; x_wconf 79' lang='lat' dir='ltr'><strong>exordium,vel</strong></span> <span class='ocrx_word' id='word_1_260' title='bbox 1046 2114 1135 2168; x_wconf 87' lang='lat' dir='ltr'><strong>ubi</strong></span> <span class='ocrx_word' id='word_1_261' title='bbox 1168 2115 1507 2181; x_wconf 87' lang='lat' dir='ltr'><strong>terminetur,</strong></span> <span class='ocrx_word' id='word_1_262' title='bbox 1541 2114 1822 2171; x_wconf 80' lang='lat' dir='ltr'><strong>evidenter</strong></span> 
     </span>
    </p>
   </div>
   <div class='ocr_carea' id='block_1_36' title="bbox 233 2202 1823 2275">
    <p class='ocr_par' dir='ltr' id='par_1_36' title="bbox 233 2202 1823 2275">
     <span class='ocr_line' id='line_1_36' title="bbox 233 2202 1823 2275; baseline -0.001 -15"><span class='ocrx_word' id='word_1_263' title='bbox 233 2203 308 2260; x_wconf 82' lang='lat' dir='ltr'><strong>ibi</strong></span> <span class='ocrx_word' id='word_1_264' title='bbox 335 2217 443 2259; x_wconf 83' lang='lat' dir='ltr'><strong>non</strong></span> <span class='ocrx_word' id='word_1_265' title='bbox 464 2203 693 2272; x_wconf 79' lang='lat' dir='ltr'><strong>legitur,</strong></span> <span class='ocrx_word' id='word_1_266' title='bbox 712 2204 924 2273; x_wconf 66' lang='lat' dir='ltr'><strong>praefati</strong></span> <span class='ocrx_word' id='word_1_267' title='bbox 949 2203 1176 2260; x_wconf 87' lang='lat' dir='ltr'><strong>trecenti</strong></span> <span class='ocrx_word' id='word_1_268' title='bbox 1200 2211 1257 2259; x_wconf 91' lang='lat' dir='ltr'><strong>et</strong></span> <span class='ocrx_word' id='word_1_269' title='bbox 1278 2204 1584 2261; x_wconf 87' lang='lat' dir='ltr'><strong>octodecim</strong></span> <span class='ocrx_word' id='word_1_270' title='bbox 1611 2202 1823 2275; x_wconf 79' lang='lat' dir='ltr'><strong>pontiﬁ-</strong></span> 
     </span>
    </p>
   </div>
   <div class='ocr_carea' id='block_1_37' title="bbox 231 2292 1818 2365">
    <p class='ocr_par' dir='ltr' id='par_1_37' title="bbox 231 2292 1818 2365">
     <span class='ocr_line' id='line_1_37' title="bbox 231 2292 1818 2365; baseline 0.003 -16"><span class='ocrx_word' id='word_1_271' title='bbox 231 2308 343 2359; x_wconf 80' lang='lat' dir='ltr'><strong>ces,</strong></span> <span class='ocrx_word' id='word_1_272' title='bbox 376 2295 583 2365; x_wconf 77' lang='lat' dir='ltr'><strong>antiqui</strong></span> <span class='ocrx_word' id='word_1_273' title='bbox 604 2292 775 2351; x_wconf 78' lang='lat' dir='ltr'><strong>moris</strong></span> <span class='ocrx_word' id='word_1_274' title='bbox 800 2295 1219 2362; x_wconf 78' lang='lat' dir='ltr'><strong>observantiam,</strong></span> <span class='ocrx_word' id='word_1_275' title='bbox 1258 2304 1315 2351; x_wconf 89' lang='lat' dir='ltr'><strong>et</strong></span> <span class='ocrx_word' id='word_1_276' title='bbox 1342 2297 1537 2352; x_wconf 83' lang='lat' dir='ltr'><strong>exinde</strong></span> <span class='ocrx_word' id='word_1_277' title='bbox 1566 2311 1597 2352; x_wconf 90' lang='lat' dir='ltr'><strong>a</strong></span> <span class='ocrx_word' id='word_1_278' title='bbox 1627 2306 1818 2353; x_wconf 87' lang='lat' dir='ltr'><strong>sancto</strong></span> 
     </span>
    </p>
   </div>
   <div class='ocr_carea' id='block_1_38' title="bbox 232 2385 1820 2458">
    <p class='ocr_par' dir='ltr' id='par_1_38' title="bbox 232 2385 1820 2458">
     <span class='ocr_line' id='line_1_38' title="bbox 232 2385 1820 2458; baseline 0.001 -16"><span class='ocrx_word' id='word_1_279' title='bbox 232 2385 415 2458; x_wconf 76' lang='lat' dir='ltr'><strong>lioyse</strong></span> <span class='ocrx_word' id='word_1_280' title='bbox 441 2386 723 2450; x_wconf 78' lang='lat' dir='ltr'><strong>traditam,</strong></span> <span class='ocrx_word' id='word_1_281' title='bbox 740 2385 883 2442; x_wconf 85' lang='lat' dir='ltr'><strong>sicut</strong></span> <span class='ocrx_word' id='word_1_282' title='bbox 911 2386 965 2441; x_wconf 91' lang='lat' dir='ltr'><strong>in</strong></span> <span class='ocrx_word' id='word_1_283' title='bbox 997 2387 1232 2457; x_wconf 81' lang='lat' dir='ltr'><strong>septimo</strong></span> <span class='ocrx_word' id='word_1_284' title='bbox 1261 2386 1401 2443; x_wconf 90' lang='lat' dir='ltr'><strong>libro</strong></span> <span class='ocrx_word' id='word_1_285' title='bbox 1428 2386 1820 2444; x_wconf 72' lang='lat' dir='ltr'><strong>Ecclesiasticte</strong></span> 
     </span>
    </p>
   </div>
   <div class='ocr_carea' id='block_1_39' title="bbox 230 2475 1818 2547">
    <p class='ocr_par' dir='ltr' id='par_1_39' title="bbox 230 2475 1818 2547">
     <span class='ocr_line' id='line_1_39' title="bbox 230 2475 1818 2547; baseline 0.001 -14"><span class='ocrx_word' id='word_1_286' title='bbox 230 2475 461 2537; x_wconf 61' lang='grc' dir='ltr'><strong>πίθηαι»</strong></span> <span class='ocrx_word' id='word_1_287' title='bbox 487 2476 753 2542; x_wconf 79' lang='lat' dir='ltr'><strong>Historiae,</strong></span> <span class='ocrx_word' id='word_1_288' title='bbox 785 2477 1043 2533; x_wconf 81' lang='lat' dir='ltr'><strong>solet-tius</strong></span> <span class='ocrx_word' id='word_1_289' title='bbox 1090 2477 1495 2547; x_wconf 81' lang='lat' dir='ltr'><strong>investigantes,</strong></span> <span class='ocrx_word' id='word_1_290' title='bbox 1526 2479 1595 2535; x_wconf 88' lang='lat' dir='ltr'><strong>ab</strong></span> <span class='ocrx_word' id='word_1_291' title='bbox 1622 2487 1818 2536; x_wconf 88' lang='lat' dir='ltr'><strong>octavo</strong></span> 
     </span>
    </p>
   </div>
   <div class='ocr_carea' id='block_1_40' title="bbox 233 2567 1820 2641">
    <p class='ocr_par' dir='ltr' id='par_1_40' title="bbox 233 2567 1820 2641">
     <span class='ocr_line' id='line_1_40' title="bbox 233 2567 1820 2641; baseline 0 -14"><span class='ocrx_word' id='word_1_292' title='bbox 233 2567 357 2627; x_wconf 72' lang='lat' dir='ltr'><strong>idus</strong></span> <span class='ocrx_word' id='word_1_293' title='bbox 383 2568 581 2632; x_wconf 66' lang='lat' dir='ltr'><strong>Martii,</strong></span> <span class='ocrx_word' id='word_1_294' title='bbox 638 2582 808 2638; x_wconf 85' lang='lat' dir='ltr'><strong>usque</strong></span> <span class='ocrx_word' id='word_1_295' title='bbox 849 2570 902 2624; x_wconf 91' lang='lat' dir='ltr'><strong>in</strong></span> <span class='ocrx_word' id='word_1_296' title='bbox 930 2568 1073 2625; x_wconf 88' lang='lat' dir='ltr'><strong>diem</strong></span> <span class='ocrx_word' id='word_1_297' title='bbox 1104 2584 1369 2625; x_wconf 82' lang='lat' dir='ltr'><strong>nonarum</strong></span> <span class='ocrx_word' id='word_1_298' title='bbox 1395 2570 1677 2641; x_wconf 83' lang='lat' dir='ltr'><strong>Aprilium,</strong></span> <span class='ocrx_word' id='word_1_299' title='bbox 1729 2586 1820 2627; x_wconf 85' lang='lat' dir='ltr'><strong>na-</strong></span> 
     </span>
    </p>
   </div>
   <div class='ocr_carea' id='block_1_41' title="bbox 230 2656 1813 2729">
    <p class='ocr_par' dir='ltr' id='par_1_41' title="bbox 230 2656 1813 2729">
     <span class='ocr_line' id='line_1_41' title="bbox 230 2656 1813 2729; baseline 0.001 -16"><span class='ocrx_word' id='word_1_300' title='bbox 230 2665 341 2713; x_wconf 80' lang='lat' dir='ltr'><strong>tam</strong></span> <span class='ocrx_word' id='word_1_301' title='bbox 367 2657 551 2715; x_wconf 78' lang='lat' dir='ltr'><strong>lunam</strong></span> <span class='ocrx_word' id='word_1_302' title='bbox 574 2656 754 2714; x_wconf 67' lang='lat' dir='ltr'><strong>facere</strong></span> <span class='ocrx_word' id='word_1_303' title='bbox 775 2657 1030 2715; x_wconf 82' lang='lat' dir='ltr'><strong>dixerunt</strong></span> <span class='ocrx_word' id='word_1_304' title='bbox 1058 2658 1219 2729; x_wconf 82' lang='lat' dir='ltr'><strong>primi</strong></span> <span class='ocrx_word' id='word_1_305' title='bbox 1246 2659 1449 2715; x_wconf 82' lang='lat' dir='ltr'><strong>mensis</strong></span> <span class='ocrx_word' id='word_1_306' title='bbox 1488 2659 1771 2717; x_wconf 79' lang='lat' dir='ltr'><strong>exordium</strong></span> <span class='ocrx_word' id='word_1_307' title='bbox 1797 2677 1813 2714; x_wconf 85' lang='lat'><strong>:</strong></span> 
     </span>
    </p>
   </div>
   <div class='ocr_carea' id='block_1_42' title="bbox 230 2748 1822 2822">
    <p class='ocr_par' dir='ltr' id='par_1_42' title="bbox 230 2748 1822 2822">
     <span class='ocr_line' id='line_1_42' title="bbox 230 2748 1822 2822; baseline 0.003 -17"><span class='ocrx_word' id='word_1_308' title='bbox 230 2756 289 2805; x_wconf 77' lang='lat' dir='ltr'><strong>rt</strong></span> <span class='ocrx_word' id='word_1_309' title='bbox 311 2748 684 2807; x_wconf 74' lang='lat' dir='ltr'><strong>aduodeeimo</strong></span> <span class='ocrx_word' id='word_1_310' title='bbox 702 2749 791 2807; x_wconf 87' lang='lat' dir='ltr'><strong>die</strong></span> <span class='ocrx_word' id='word_1_311' title='bbox 810 2751 1155 2808; x_wconf 85' lang='lat' dir='ltr'><strong>calendarum</strong></span> <span class='ocrx_word' id='word_1_312' title='bbox 1176 2750 1439 2822; x_wconf 80' lang='lat' dir='ltr'><strong>Aprilium</strong></span> <span class='ocrx_word' id='word_1_313' title='bbox 1460 2766 1631 2821; x_wconf 89' lang='lat' dir='ltr'><strong>usque</strong></span> <span class='ocrx_word' id='word_1_314' title='bbox 1652 2752 1705 2808; x_wconf 89' lang='lat' dir='ltr'><strong>in</strong></span> <span class='ocrx_word' id='word_1_315' title='bbox 1725 2753 1822 2809; x_wconf 57' lang='lat' dir='ltr'><strong>de.</strong></span> 
     </span>
    </p>
   </div>
   <div class='ocr_carea' id='block_1_43' title="bbox 230 2840 1821 2914">
    <p class='ocr_par' dir='ltr' id='par_1_43' title="bbox 230 2840 1821 2914">
     <span class='ocr_line' id='line_1_43' title="bbox 230 2840 1821 2914; baseline 0.001 -17"><span class='ocrx_word' id='word_1_316' title='bbox 230 2840 428 2897; x_wconf 65' lang='lat' dir='ltr'><strong>eiussu</strong></span> <span class='ocrx_word' id='word_1_317' title='bbox 446 2851 696 2912; x_wconf 82' lang='lat' dir='ltr'><strong>quartum</strong></span> <span class='ocrx_word' id='word_1_318' title='bbox 716 2842 967 2899; x_wconf 85' lang='lat' dir='ltr'><strong>calendas</strong></span> <span class='ocrx_word' id='word_1_319' title='bbox 986 2841 1154 2898; x_wconf 80' lang='lat' dir='ltr'><strong>Maias</strong></span> <span class='ocrx_word' id='word_1_320' title='bbox 1177 2842 1356 2907; x_wconf 86' lang='lat' dir='ltr'><strong>lunam</strong></span> <span class='ocrx_word' id='word_1_321' title='bbox 1375 2842 1638 2899; x_wconf 84' lang='lat' dir='ltr'><strong>decimam</strong></span> <span class='ocrx_word' id='word_1_322' title='bbox 1658 2857 1821 2914; x_wconf 88' lang='lat' dir='ltr'><strong>quar-</strong></span> 
     </span>
    </p>
   </div>
   <div class='ocr_carea' id='block_1_44' title="bbox 230 2930 1819 3004">
    <p class='ocr_par' dir='ltr' id='par_1_44' title="bbox 230 2930 1819 3004">
     <span class='ocr_line' id='line_1_44' title="bbox 230 2930 1819 3004; baseline 0.004 -19"><span class='ocrx_word' id='word_1_323' title='bbox 230 2938 341 2985; x_wconf 74' lang='lat' dir='ltr'><strong>tam</strong></span> <span class='ocrx_word' id='word_1_324' title='bbox 359 2930 620 2988; x_wconf 71' lang='lat' dir='ltr'><strong>solertiae</strong></span> <span class='ocrx_word' id='word_1_325' title='bbox 642 2932 1034 3003; x_wconf 83' lang='lat' dir='ltr'><strong>inquirendam.</strong></span> <span class='ocrx_word' id='word_1_326' title='bbox 1061 2932 1193 3000; x_wconf 77' lang='lat' dir='ltr'><strong>Quae</strong></span> <span class='ocrx_word' id='word_1_327' title='bbox 1218 2933 1343 3004; x_wconf 88' lang='lat' dir='ltr'><strong>quia</strong></span> <span class='ocrx_word' id='word_1_328' title='bbox 1367 2948 1489 2989; x_wconf 90' lang='lat' dir='ltr'><strong>cum</strong></span> <span class='ocrx_word' id='word_1_329' title='bbox 1509 2934 1640 2991; x_wconf 89' lang='lat' dir='ltr'><strong>solis</strong></span> <span class='ocrx_word' id='word_1_330' title='bbox 1657 2948 1819 2991; x_wconf 89' lang='lat' dir='ltr'><strong>cursu</strong></span> 
     </span>
    </p>
   </div>
   <div class='ocr_carea' id='block_1_45' title="bbox 230 3021 1821 3094">
    <p class='ocr_par' dir='ltr' id='par_1_45' title="bbox 230 3021 1821 3094">
     <span class='ocr_line' id='line_1_45' title="bbox 230 3021 1821 3094; baseline 0.001 -15"><span class='ocrx_word' id='word_1_331' title='bbox 230 3035 341 3079; x_wconf 77' lang='lat' dir='ltr'><strong>non</strong></span> <span class='ocrx_word' id='word_1_332' title='bbox 360 3021 645 3093; x_wconf 58' lang='lat' dir='ltr'><strong>qualiter</strong></span> <span class='ocrx_word' id='word_1_333' title='bbox 669 3022 931 3092; x_wconf 68' lang='lat' dir='ltr'><strong>volvitur,</strong></span> <span class='ocrx_word' id='word_1_334' title='bbox 962 3030 1237 3078; x_wconf 84' lang='lat' dir='ltr'><strong>tantorum</strong></span> <span class='ocrx_word' id='word_1_335' title='bbox 1264 3022 1474 3078; x_wconf 84' lang='lat' dir='ltr'><strong>dierum</strong></span> <span class='ocrx_word' id='word_1_336' title='bbox 1507 3023 1697 3094; x_wconf 84' lang='lat' dir='ltr'><strong>spatiis</strong></span> <span class='ocrx_word' id='word_1_337' title='bbox 1725 3038 1821 3081; x_wconf 85' lang='lat' dir='ltr'><strong>oc-</strong></span> 
     </span>
    </p>
   </div>
   <div class='ocr_carea' id='block_1_46' title="bbox 227 3114 1817 3185">
    <p class='ocr_par' dir='ltr' id='par_1_46' title="bbox 227 3114 1817 3185">
     <span class='ocr_line' id='line_1_46' title="bbox 227 3114 1817 3185; baseline 0.001 -13"><span class='ocrx_word' id='word_1_338' title='bbox 227 3128 447 3172; x_wconf 72' lang='lat' dir='ltr'><strong>cur-sum</strong></span> <span class='ocrx_word' id='word_1_339' title='bbox 474 3114 710 3171; x_wconf 75' lang='lat' dir='ltr'><strong>vernalis</strong></span> <span class='ocrx_word' id='word_1_340' title='bbox 736 3115 1049 3185; x_wconf 66' lang='lat' dir='ltr'><strong>aequinoctii</strong></span> <span class='ocrx_word' id='word_1_341' title='bbox 1069 3122 1473 3184; x_wconf 86' lang='lat' dir='ltr'><strong>consequatur:</strong></span> <span class='ocrx_word' id='word_1_342' title='bbox 1506 3115 1598 3184; x_wconf 88' lang='lat' dir='ltr'><strong>qui</strong></span> <span class='ocrx_word' id='word_1_343' title='bbox 1627 3130 1657 3169; x_wconf 86' lang='lat' dir='ltr'><strong>a</strong></span> <span class='ocrx_word' id='word_1_344' title='bbox 1680 3116 1817 3173; x_wconf 80' lang='lat' dir='ltr'><strong>duo-</strong></span> 
     </span>
    </p>
   </div>
   <div class='ocr_carea' id='block_1_47' title="bbox 1924 1935 3509 2006">
    <p class='ocr_par' dir='ltr' id='par_1_47' title="bbox 1924 1935 3509 2006">
     <span class='ocr_line' id='line_1_47' title="bbox 1924 1935 3509 2006; baseline 0.003 -19"><span class='ocrx_word' id='word_1_345' title='bbox 1924 1945 2093 1989; x_wconf 75' lang='lat' dir='ltr'><strong>emam</strong></span> <span class='ocrx_word' id='word_1_346' title='bbox 2123 1942 2248 2004; x_wconf 90' lang='lat' dir='ltr'><strong>post</strong></span> <span class='ocrx_word' id='word_1_347' title='bbox 2273 1942 2517 2005; x_wconf 90' lang='lat' dir='ltr'><strong>tempora</strong></span> <span class='ocrx_word' id='word_1_348' title='bbox 2545 1949 2655 1993; x_wconf 89' lang='lat' dir='ltr'><strong>non</strong></span> <span class='ocrx_word' id='word_1_349' title='bbox 2688 1935 2845 2006; x_wconf 84' lang='lat' dir='ltr'><strong>longa</strong></span> <span class='ocrx_word' id='word_1_350' title='bbox 2871 1936 3203 1993; x_wconf 88' lang='lat' dir='ltr'><strong>conveniens</strong></span> <span class='ocrx_word' id='word_1_351' title='bbox 3232 1947 3279 2003; x_wconf 74' lang='grc'><em>³,</em></span> <span class='ocrx_word' id='word_1_352' title='bbox 3322 1949 3509 1993; x_wconf 89' lang='lat' dir='ltr'><strong>eorum</strong></span> 
     </span>
    </p>
   </div>
   <div class='ocr_carea' id='block_1_48' title="bbox 1920 2024 3509 2097">
    <p class='ocr_par' dir='ltr' id='par_1_48' title="bbox 1920 2024 3509 2097">
     <span class='ocr_line' id='line_1_48' title="bbox 1920 2024 3509 2097; baseline 0.004 -20"><span class='ocrx_word' id='word_1_353' title='bbox 1920 2024 2169 2093; x_wconf 80' lang='lat' dir='ltr'><strong>primitus</strong></span> <span class='ocrx_word' id='word_1_354' title='bbox 2216 2024 2627 2091; x_wconf 74' lang='lat' dir='ltr'><strong>definitionem,</strong></span> <span class='ocrx_word' id='word_1_355' title='bbox 2682 2040 2843 2097; x_wconf 88' lang='lat' dir='ltr'><strong>quam</strong></span> <span class='ocrx_word' id='word_1_356' title='bbox 2893 2026 2963 2082; x_wconf 91' lang='lat' dir='ltr'><strong>de</strong></span> <span class='ocrx_word' id='word_1_357' title='bbox 3019 2025 3257 2097; x_wconf 83' lang='lat' dir='ltr'><strong>paschali</strong></span> <span class='ocrx_word' id='word_1_358' title='bbox 3299 2026 3509 2083; x_wconf 82' lang='lat' dir='ltr'><strong>ratione</strong></span> 
     </span>
    </p>
   </div>
   <div class='ocr_carea' id='block_1_49' title="bbox 1924 2115 3508 2184">
    <p class='ocr_par' dir='ltr' id='par_1_49' title="bbox 1924 2115 3508 2184">
     <span class='ocr_line' id='line_1_49' title="bbox 1924 2115 3508 2184; baseline 0.003 -16"><span class='ocrx_word' id='word_1_359' title='bbox 1924 2115 2278 2184; x_wconf 85' lang='lat' dir='ltr'><strong>protulerant,</strong></span> <span class='ocrx_word' id='word_1_360' title='bbox 2320 2115 2470 2172; x_wconf 90' lang='lat' dir='ltr'><strong>nullo</strong></span> <span class='ocrx_word' id='word_1_361' title='bbox 2514 2115 2679 2173; x_wconf 86' lang='lat' dir='ltr'><strong>modo</strong></span> <span class='ocrx_word' id='word_1_362' title='bbox 2720 2115 3029 2173; x_wconf 79' lang='lat' dir='ltr'><strong>violandam</strong></span> <span class='ocrx_word' id='word_1_363' title='bbox 3071 2130 3192 2174; x_wconf 90' lang='lat' dir='ltr'><strong>esse</strong></span> <span class='ocrx_word' id='word_1_364' title='bbox 3219 2118 3508 2174; x_wconf 84' lang='lat' dir='ltr'><strong>censuerit.</strong></span> 
     </span>
    </p>
   </div>
   <div class='ocr_carea' id='block_1_50' title="bbox 1924 2203 3507 2281">
    <p class='ocr_par' dir='ltr' id='par_1_50' title="bbox 1924 2203 3507 2281">
     <span class='ocr_line' id='line_1_50' title="bbox 1924 2203 3507 2281; baseline 0.003 -22"><span class='ocrx_word' id='word_1_365' title='bbox 1924 2203 2167 2276; x_wconf 88' lang='lat' dir='ltr'><strong>Denique</strong></span> <span class='ocrx_word' id='word_1_366' title='bbox 2197 2208 2250 2262; x_wconf 91' lang='lat' dir='ltr'><strong>in</strong></span> <span class='ocrx_word' id='word_1_367' title='bbox 2280 2207 2483 2263; x_wconf 88' lang='lat' dir='ltr'><strong>sanctis</strong></span> <span class='ocrx_word' id='word_1_368' title='bbox 2505 2210 2824 2276; x_wconf 88' lang='lat' dir='ltr'><strong>canonibus,</strong></span> <span class='ocrx_word' id='word_1_369' title='bbox 2853 2212 2955 2265; x_wconf 88' lang='lat' dir='ltr'><strong>sub</strong></span> <span class='ocrx_word' id='word_1_370' title='bbox 2981 2209 3140 2265; x_wconf 88' lang='lat' dir='ltr'><strong>titulo</strong></span> <span class='ocrx_word' id='word_1_371' title='bbox 3173 2209 3507 2281; x_wconf 83' lang='lat' dir='ltr'><strong>septuagesi-</strong></span> 
     </span>
    </p>
   </div>
   <div class='ocr_carea' id='block_1_51' title="bbox 1922 2299 3519 2372">
    <p class='ocr_par' dir='ltr' id='par_1_51' title="bbox 1922 2299 3519 2372">
     <span class='ocr_line' id='line_1_51' title="bbox 1922 2299 3519 2372; baseline 0.003 -20"><span class='ocrx_word' id='word_1_372' title='bbox 1922 2312 2013 2353; x_wconf 88' lang='lat' dir='ltr'><strong>mo</strong></span> <span class='ocrx_word' id='word_1_373' title='bbox 2058 2313 2222 2365; x_wconf 92' lang='lat' dir='ltr'><strong>nono,</strong></span> <span class='ocrx_word' id='word_1_374' title='bbox 2264 2299 2356 2368; x_wconf 90' lang='lat' dir='ltr'><strong>qui</strong></span> <span class='ocrx_word' id='word_1_375' title='bbox 2380 2308 2464 2356; x_wconf 89' lang='lat' dir='ltr'><strong>est</strong></span> <span class='ocrx_word' id='word_1_376' title='bbox 2498 2301 2702 2371; x_wconf 83' lang='lat' dir='ltr'><strong>primus</strong></span> <span class='ocrx_word' id='word_1_377' title='bbox 2733 2301 2899 2372; x_wconf 83' lang='lat' dir='ltr'><strong>ipsius</strong></span> <span class='ocrx_word' id='word_1_378' title='bbox 2928 2301 3246 2357; x_wconf 82' lang='lat' dir='ltr'><strong>Antiocheni</strong></span> <span class='ocrx_word' id='word_1_379' title='bbox 3274 2301 3519 2368; x_wconf 71' lang='lat' dir='ltr'><strong>concilii,</strong></span> 
     </span>
    </p>
   </div>
   <div class='ocr_carea' id='block_1_52' title="bbox 1921 2386 3506 2465">
    <p class='ocr_par' dir='ltr' id='par_1_52' title="bbox 1921 2386 3506 2465">
     <span class='ocr_line' id='line_1_52' title="bbox 1921 2386 3506 2465; baseline 0.002 -21"><span class='ocrx_word' id='word_1_380' title='bbox 1921 2386 2005 2446; x_wconf 84' lang='lat' dir='ltr'><strong>his</strong></span> <span class='ocrx_word' id='word_1_381' title='bbox 2031 2389 2209 2445; x_wconf 82' lang='lat' dir='ltr'><strong>verbis</strong></span> <span class='ocrx_word' id='word_1_382' title='bbox 2230 2390 2500 2448; x_wconf 82' lang='lat' dir='ltr'><strong>invenitur</strong></span> <span class='ocrx_word' id='word_1_383' title='bbox 2525 2407 2844 2462; x_wconf 81' lang='lat' dir='ltr'><strong>expressum</strong></span> <span class='ocrx_word' id='word_1_384' title='bbox 2864 2410 2884 2457; x_wconf 68' lang='grc' dir='ltr'>ς</span> <span class='ocrx_word' id='word_1_385' title='bbox 2918 2390 3113 2459; x_wconf 85' lang='lat' dir='ltr'><strong>Omnes</strong></span> <span class='ocrx_word' id='word_1_386' title='bbox 3142 2393 3230 2465; x_wconf 86' lang='lat' dir='ltr'><strong>qui</strong></span> <span class='ocrx_word' id='word_1_387' title='bbox 3256 2393 3371 2449; x_wconf 83' lang='lat' dir='ltr'><strong>ausi</strong></span> <span class='ocrx_word' id='word_1_388' title='bbox 3393 2395 3506 2464; x_wconf 78' lang='lat' dir='ltr'><strong>{ue-</strong></span> 
     </span>
    </p>
   </div>
   <div class='ocr_carea' id='block_1_53' title="bbox 1921 2478 3513 2553">
    <p class='ocr_par' dir='ltr' id='par_1_53' title="bbox 1921 2478 3513 2553">
     <span class='ocr_line' id='line_1_53' title="bbox 1921 2478 3513 2553; baseline -0.003 -18"><span class='ocrx_word' id='word_1_389' title='bbox 1921 2480 2028 2535; x_wconf 85' lang='lat' dir='ltr'><strong>rint</strong></span> <span class='ocrx_word' id='word_1_390' title='bbox 2073 2481 2351 2537; x_wconf 86' lang='lat' dir='ltr'><strong>dissolvere</strong></span> <span class='ocrx_word' id='word_1_391' title='bbox 2396 2481 2751 2553; x_wconf 79' lang='lat' dir='ltr'><strong>deﬁnitionem</strong></span> <span class='ocrx_word' id='word_1_392' title='bbox 2793 2483 2960 2538; x_wconf 81' lang='lat' dir='ltr'><strong>sancti</strong></span> <span class='ocrx_word' id='word_1_393' title='bbox 3001 2492 3051 2537; x_wconf 88' lang='lat' dir='ltr'><strong>et</strong></span> <span class='ocrx_word' id='word_1_394' title='bbox 3092 2482 3268 2553; x_wconf 85' lang='lat' dir='ltr'><strong>magni</strong></span> <span class='ocrx_word' id='word_1_395' title='bbox 3309 2478 3513 2537; x_wconf 81' lang='lat' dir='ltr'><strong>concilii</strong></span> 
     </span>
    </p>
   </div>
   <div class='ocr_carea' id='block_1_54' title="bbox 1922 2569 3508 2645">
    <p class='ocr_par' dir='ltr' id='par_1_54' title="bbox 1922 2569 3508 2645">
     <span class='ocr_line' id='line_1_54' title="bbox 1922 2569 3508 2645; baseline 0.003 -21"><span class='ocrx_word' id='word_1_396' title='bbox 1922 2571 2061 2643; x_wconf 89' lang='lat' dir='ltr'><strong>quod</strong></span> <span class='ocrx_word' id='word_1_397' title='bbox 2106 2571 2246 2642; x_wconf 89' lang='lat' dir='ltr'><strong>apud</strong></span> <span class='ocrx_word' id='word_1_398' title='bbox 2273 2569 2515 2628; x_wconf 66' lang='lat' dir='ltr'><strong>Nicaeam</strong></span> <span class='ocrx_word' id='word_1_399' title='bbox 2541 2581 2907 2645; x_wconf 84' lang='lat' dir='ltr'><strong>congregatum</strong></span> <span class='ocrx_word' id='word_1_400' title='bbox 2952 2582 3052 2641; x_wconf 87' lang='lat' dir='ltr'><strong>est,</strong></span> <span class='ocrx_word' id='word_1_401' title='bbox 3095 2572 3188 2628; x_wconf 88' lang='lat' dir='ltr'><strong>sub</strong></span> <span class='ocrx_word' id='word_1_402' title='bbox 3234 2574 3508 2643; x_wconf 70' lang='lat' dir='ltr'><strong>praesentia</strong></span> 
     </span>
    </p>
   </div>
   <div class='ocr_carea' id='block_1_55' title="bbox 1922 2663 3506 2736">
    <p class='ocr_par' dir='ltr' id='par_1_55' title="bbox 1922 2663 3506 2736">
     <span class='ocr_line' id='line_1_55' title="bbox 1922 2663 3506 2736; baseline 0.003 -19"><span class='ocrx_word' id='word_1_403' title='bbox 1922 2663 2146 2735; x_wconf 80' lang='lat' dir='ltr'><strong>piissimi</strong></span> <span class='ocrx_word' id='word_1_404' title='bbox 2167 2674 2217 2718; x_wconf 91' lang='lat' dir='ltr'><strong>et</strong></span> <span class='ocrx_word' id='word_1_405' title='bbox 2243 2664 2525 2720; x_wconf 76' lang='lat' dir='ltr'><strong>venerandi</strong></span> <span class='ocrx_word' id='word_1_406' title='bbox 2552 2667 2800 2736; x_wconf 83' lang='lat' dir='ltr'><strong>principis</strong></span> <span class='ocrx_word' id='word_1_407' title='bbox 2841 2665 3191 2731; x_wconf 83' lang='lat' dir='ltr'><strong>Constantini,</strong></span> <span class='ocrx_word' id='word_1_408' title='bbox 3237 2666 3300 2720; x_wconf 90' lang='lat' dir='ltr'><strong>de</strong></span> <span class='ocrx_word' id='word_1_409' title='bbox 3326 2666 3506 2722; x_wconf 86' lang='lat' dir='ltr'><strong>saluti-</strong></span> 
     </span>
    </p>
   </div>
   <div class='ocr_carea' id='block_1_56' title="bbox 1925 2754 3507 2826">
    <p class='ocr_par' dir='ltr' id='par_1_56' title="bbox 1925 2754 3507 2826">
     <span class='ocr_line' id='line_1_56' title="bbox 1925 2754 3507 2826; baseline 0.001 -18"><span class='ocrx_word' id='word_1_410' title='bbox 1925 2755 2041 2826; x_wconf 79' lang='lat' dir='ltr'><strong>fera</strong></span> <span class='ocrx_word' id='word_1_411' title='bbox 2082 2754 2411 2810; x_wconf 81' lang='lat' dir='ltr'><strong>solemnitate</strong></span> <span class='ocrx_word' id='word_1_412' title='bbox 2457 2755 2711 2826; x_wconf 82' lang='lat' dir='ltr'><strong>paschali,</strong></span> <span class='ocrx_word' id='word_1_413' title='bbox 2768 2754 3309 2821; x_wconf 68' lang='lat' dir='ltr'><strong>excommunicandos,</strong></span> <span class='ocrx_word' id='word_1_414' title='bbox 3358 2764 3408 2809; x_wconf 87' lang='lat' dir='ltr'><strong>et</strong></span> <span class='ocrx_word' id='word_1_415' title='bbox 3449 2754 3507 2809; x_wconf 72' lang='lat' dir='ltr'><strong>de</strong></span> 
     </span>
    </p>
   </div>
   <div class='ocr_carea' id='block_1_57' title="bbox 1922 2842 3509 2916">
    <p class='ocr_par' dir='ltr' id='par_1_57' title="bbox 1922 2842 3509 2916">
     <span class='ocr_line' id='line_1_57' title="bbox 1922 2842 3509 2916; baseline -0.001 -18"><span class='ocrx_word' id='word_1_416' title='bbox 1922 2842 2163 2899; x_wconf 80' lang='lat' dir='ltr'><strong>Ecclesia</strong></span> <span class='ocrx_word' id='word_1_417' title='bbox 2183 2843 2450 2916; x_wconf 88' lang='lat' dir='ltr'><strong>pellendos</strong></span> <span class='ocrx_word' id='word_1_418' title='bbox 2472 2861 2583 2900; x_wconf 89' lang='lat' dir='ltr'><strong>esse</strong></span> <span class='ocrx_word' id='word_1_419' title='bbox 2602 2860 2898 2909; x_wconf 82' lang='lat' dir='ltr'><strong>censemus;</strong></span> <span class='ocrx_word' id='word_1_420' title='bbox 2923 2846 2968 2899; x_wconf 88' lang='lat' dir='ltr'><strong>si</strong></span> <span class='ocrx_word' id='word_1_421' title='bbox 2991 2853 3159 2899; x_wconf 87' lang='lat' dir='ltr'><strong>tamen</strong></span> <span class='ocrx_word' id='word_1_422' title='bbox 3181 2845 3509 2907; x_wconf 85' lang='lat' dir='ltr'><strong>contentiosi,</strong></span> 
     </span>
    </p>
   </div>
   <div class='ocr_carea' id='block_1_58' title="bbox 1923 2932 3507 3009">
    <p class='ocr_par' dir='ltr' id='par_1_58' title="bbox 1923 2932 3507 3009">
     <span class='ocr_line' id='line_1_58' title="bbox 1923 2932 3507 3009; baseline -0.002 -18"><span class='ocrx_word' id='word_1_423' title='bbox 1923 2936 2166 2992; x_wconf 83' lang='lat' dir='ltr'><strong>adversus</strong></span> <span class='ocrx_word' id='word_1_424' title='bbox 2195 2952 2256 2992; x_wconf 88' lang='lat' dir='ltr'><strong>ea</strong></span> <span class='ocrx_word' id='word_1_425' title='bbox 2282 2952 2396 3009; x_wconf 70' lang='lat' dir='ltr'><strong>qua:</strong></span> <span class='ocrx_word' id='word_1_426' title='bbox 2431 2936 2565 2991; x_wconf 83' lang='lat' dir='ltr'><strong>bene</strong></span> <span class='ocrx_word' id='word_1_427' title='bbox 2616 2944 2736 2991; x_wconf 89' lang='lat' dir='ltr'><strong>sunt</strong></span> <span class='ocrx_word' id='word_1_428' title='bbox 2780 2935 3007 3003; x_wconf 85' lang='lat' dir='ltr'><strong>decreta,</strong></span> <span class='ocrx_word' id='word_1_429' title='bbox 3051 2934 3389 3006; x_wconf 84' lang='lat' dir='ltr'><strong>perstiterint.</strong></span> <span class='ocrx_word' id='word_1_430' title='bbox 3442 2932 3507 2988; x_wconf 82' lang='lat' dir='ltr'><strong>Et</strong></span> 
     </span>
    </p>
   </div>
   <div class='ocr_carea' id='block_1_59' title="bbox 1924 3024 3516 3100">
    <p class='ocr_par' dir='ltr' id='par_1_59' title="bbox 1924 3024 3516 3100">
     <span class='ocr_line' id='line_1_59' title="bbox 1924 3024 3516 3100; baseline -0.003 -18"><span class='ocrx_word' id='word_1_431' title='bbox 1924 3028 2036 3083; x_wconf 73' lang='lat' dir='ltr'><strong>Itazc</strong></span> <span class='ocrx_word' id='word_1_432' title='bbox 2064 3026 2269 3100; x_wconf 84' lang='lat' dir='ltr'><strong>quidem</strong></span> <span class='ocrx_word' id='word_1_433' title='bbox 2294 3026 2358 3081; x_wconf 87' lang='lat' dir='ltr'><strong>de</strong></span> <span class='ocrx_word' id='word_1_434' title='bbox 2389 3026 2539 3081; x_wconf 88' lang='lat' dir='ltr'><strong>laicis</strong></span> <span class='ocrx_word' id='word_1_435' title='bbox 2566 3026 2705 3080; x_wconf 87' lang='lat' dir='ltr'><strong>dicta</strong></span> <span class='ocrx_word' id='word_1_436' title='bbox 2733 3028 2856 3082; x_wconf 84' lang='lat' dir='ltr'><strong>sint.</strong></span> <span class='ocrx_word' id='word_1_437' title='bbox 2906 3024 2969 3081; x_wconf 87' lang='lat' dir='ltr'><strong>Si</strong></span> <span class='ocrx_word' id='word_1_438' title='bbox 2994 3026 3110 3097; x_wconf 79' lang='lat' dir='ltr'><strong>quis</strong></span> <span class='ocrx_word' id='word_1_439' title='bbox 3138 3033 3308 3079; x_wconf 89' lang='lat' dir='ltr'><strong>autem</strong></span> <span class='ocrx_word' id='word_1_440' title='bbox 3336 3038 3516 3079; x_wconf 78' lang='lat' dir='ltr'><strong>eorum</strong></span> 
     </span>
    </p>
   </div>
   <div class='ocr_carea' id='block_1_60' title="bbox 1923 3117 3520 3194">
    <p class='ocr_par' dir='ltr' id='par_1_60' title="bbox 1923 3117 3520 3194">
     <span class='ocr_line' id='line_1_60' title="bbox 1923 3117 3520 3194; baseline -0.003 -19"><span class='ocrx_word' id='word_1_441' title='bbox 1923 3123 2010 3194; x_wconf 89' lang='lat' dir='ltr'><strong>qui</strong></span> <span class='ocrx_word' id='word_1_442' title='bbox 2038 3130 2269 3192; x_wconf 73' lang='lat' dir='ltr'><strong>praesunt</strong></span> <span class='ocrx_word' id='word_1_443' title='bbox 2295 3118 2563 3187; x_wconf 72' lang='lat' dir='ltr'><strong>Ecclesiaz,</strong></span> <span class='ocrx_word' id='word_1_444' title='bbox 2582 3130 2672 3175; x_wconf 89' lang='lat' dir='ltr'><strong>aut</strong></span> <span class='ocrx_word' id='word_1_445' title='bbox 2695 3121 2987 3192; x_wconf 85' lang='lat' dir='ltr'><strong>episcopus,</strong></span> <span class='ocrx_word' id='word_1_446' title='bbox 3011 3127 3099 3172; x_wconf 90' lang='lat' dir='ltr'><strong>aut</strong></span> <span class='ocrx_word' id='word_1_447' title='bbox 3118 3117 3401 3190; x_wconf 81' lang='lat' dir='ltr'><strong>presbyter,</strong></span> <span class='ocrx_word' id='word_1_448' title='bbox 3424 3126 3520 3171; x_wconf 74' lang='lat' dir='ltr'><strong>aut</strong></span> 
     </span>
    </p>
   </div>
   <div class='ocr_carea' id='block_1_61' title="bbox 227 3204 3507 3283">
    <p class='ocr_par' dir='ltr' id='par_1_61' title="bbox 227 3204 3507 3283">
     <span class='ocr_line' id='line_1_61' title="bbox 227 3204 3507 3283; baseline -0.001 -19"><span class='ocrx_word' id='word_1_449' title='bbox 227 3206 444 3264; x_wconf 72' lang='lat' dir='ltr'><strong>decimo</strong></span> <span class='ocrx_word' id='word_1_450' title='bbox 468 3204 813 3262; x_wconf 81' lang='lat' dir='ltr'><strong>calendarum</strong></span> <span class='ocrx_word' id='word_1_451' title='bbox 841 3205 1103 3277; x_wconf 81' lang='lat' dir='ltr'><strong>Aprilium</strong></span> <span class='ocrx_word' id='word_1_452' title='bbox 1134 3206 1241 3270; x_wconf 73' lang='lat' dir='ltr'><strong>die,</strong></span> <span class='ocrx_word' id='word_1_453' title='bbox 1276 3213 1593 3262; x_wconf 90' lang='lat' dir='ltr'><strong>cunctorum</strong></span> <span class='ocrx_word' id='word_1_454' title='bbox 1622 3204 1814 3263; x_wconf 83' lang='lat' dir='ltr'><strong>Orien-</strong></span> <span class='ocrx_word' id='word_1_455' title='bbox 1842 3209 1889 3273; x_wconf 75' lang='grc' dir='ltr'><strong>Β</strong></span> <span class='ocrx_word' id='word_1_456' title='bbox 1923 3210 2196 3278; x_wconf 86' lang='lat' dir='ltr'><strong>diaconus,</strong></span> <span class='ocrx_word' id='word_1_457' title='bbox 2223 3221 2339 3283; x_wconf 86' lang='lat' dir='ltr'><strong>post</strong></span> <span class='ocrx_word' id='word_1_458' title='bbox 2365 3212 2500 3265; x_wconf 89' lang='lat' dir='ltr'><strong>hanc</strong></span> <span class='ocrx_word' id='word_1_459' title='bbox 2526 3211 2880 3281; x_wconf 76' lang='lat' dir='ltr'><strong>deﬁnitionem</strong></span> <span class='ocrx_word' id='word_1_460' title='bbox 2908 3211 3175 3264; x_wconf 83' lang='lat' dir='ltr'><strong>tentaverit</strong></span> <span class='ocrx_word' id='word_1_461' title='bbox 3205 3208 3275 3262; x_wconf 87' lang='lat' dir='ltr'><strong>ad</strong></span> <span class='ocrx_word' id='word_1_462' title='bbox 3302 3209 3507 3263; x_wconf 82' lang='lat' dir='ltr'><strong>subrcr-</strong></span> 
     </span>
    </p>
   </div>
   <div class='ocr_carea' id='block_1_62' title="bbox 231 3297 1815 3371">
    <p class='ocr_par' dir='ltr' id='par_1_62' title="bbox 231 3297 1815 3371">
     <span class='ocr_line' id='line_1_62' title="bbox 231 3297 1815 3371; baseline 0.004 -20"><span class='ocrx_word' id='word_1_463' title='bbox 231 3298 419 3353; x_wconf 90' lang='lat' dir='ltr'><strong>talium</strong></span> <span class='ocrx_word' id='word_1_464' title='bbox 439 3298 741 3366; x_wconf 88' lang='lat' dir='ltr'><strong>sententiis,</strong></span> <span class='ocrx_word' id='word_1_465' title='bbox 763 3306 819 3354; x_wconf 89' lang='lat' dir='ltr'><strong>et</strong></span> <span class='ocrx_word' id='word_1_466' title='bbox 842 3299 1076 3354; x_wconf 78' lang='lat' dir='ltr'><strong>maxime</strong></span> <span class='ocrx_word' id='word_1_467' title='bbox 1097 3297 1497 3371; x_wconf 65' lang='lat' dir='ltr'><strong>Egyptiorum,</strong></span> <span class='ocrx_word' id='word_1_468' title='bbox 1522 3300 1613 3370; x_wconf 90' lang='lat' dir='ltr'><strong>qui</strong></span> <span class='ocrx_word' id='word_1_469' title='bbox 1635 3300 1815 3357; x_wconf 82' lang='lat' dir='ltr'><strong>calca-</strong></span> 
     </span>
    </p>
   </div>
   <div class='ocr_carea' id='block_1_63' title="bbox 225 3389 1814 3460">
    <p class='ocr_par' dir='ltr' id='par_1_63' title="bbox 225 3389 1814 3460">
     <span class='ocr_line' id='line_1_63' title="bbox 225 3389 1814 3460; baseline 0.001 -14"><span class='ocrx_word' id='word_1_470' title='bbox 225 3389 448 3447; x_wconf 72' lang='lat' dir='ltr'><strong>talionis</strong></span> <span class='ocrx_word' id='word_1_471' title='bbox 461 3403 573 3459; x_wconf 70' lang='lat' dir='ltr'><strong>pne</strong></span> <span class='ocrx_word' id='word_1_472' title='bbox 592 3390 843 3445; x_wconf 90' lang='lat' dir='ltr'><strong>omnibus</strong></span> <span class='ocrx_word' id='word_1_473' title='bbox 853 3390 1004 3460; x_wconf 83' lang='lat' dir='ltr'><strong>gnari</strong></span> <span class='ocrx_word' id='word_1_474' title='bbox 1021 3397 1165 3456; x_wconf 88' lang='lat' dir='ltr'><strong>sunt,</strong></span> <span class='ocrx_word' id='word_1_475' title='bbox 1184 3390 1490 3460; x_wconf 88' lang='lat' dir='ltr'><strong>specialiter</strong></span> <span class='ocrx_word' id='word_1_476' title='bbox 1505 3391 1700 3447; x_wconf 88' lang='lat' dir='ltr'><strong>adnota</strong></span> <span class='ocrx_word' id='word_1_477' title='bbox 1708 3399 1814 3447; x_wconf 91' lang='lat' dir='ltr'><strong>tur.</strong></span> 
     </span>
    </p>
   </div>
   <div class='ocr_carea' id='block_1_64' title="bbox 227 3478 1816 3550">
    <p class='ocr_par' dir='ltr' id='par_1_64' title="bbox 227 3478 1816 3550">
     <span class='ocr_line' id='line_1_64' title="bbox 227 3478 1816 3550; baseline 0.003 -16"><span class='ocrx_word' id='word_1_478' title='bbox 227 3478 288 3534; x_wconf 79' lang='lat' dir='ltr'><strong>In</strong></span> <span class='ocrx_word' id='word_1_479' title='bbox 314 3494 429 3550; x_wconf 82' lang='lat' dir='ltr'><strong>quo</strong></span> <span class='ocrx_word' id='word_1_480' title='bbox 452 3481 637 3549; x_wconf 83' lang='lat' dir='ltr'><strong>etiam,</strong></span> <span class='ocrx_word' id='word_1_481' title='bbox 684 3481 730 3537; x_wconf 89' lang='lat' dir='ltr'><strong>si</strong></span> <span class='ocrx_word' id='word_1_482' title='bbox 759 3481 887 3536; x_wconf 88' lang='lat' dir='ltr'><strong>luna</strong></span> <span class='ocrx_word' id='word_1_483' title='bbox 914 3481 1124 3537; x_wconf 89' lang='lat' dir='ltr'><strong>decima</strong></span> <span class='ocrx_word' id='word_1_484' title='bbox 1157 3491 1353 3550; x_wconf 87' lang='lat' dir='ltr'><strong>quarta</strong></span> <span class='ocrx_word' id='word_1_485' title='bbox 1377 3482 1602 3538; x_wconf 88' lang='lat' dir='ltr'><strong>sabbato</strong></span> <span class='ocrx_word' id='word_1_486' title='bbox 1639 3482 1816 3539; x_wconf 86' lang='lat' dir='ltr'><strong>conti-</strong></span> 
     </span>
    </p>
   </div>
   <div class='ocr_carea' id='block_1_65' title="bbox 228 3569 1820 3641">
    <p class='ocr_par' dir='ltr' id='par_1_65' title="bbox 228 3569 1820 3641">
     <span class='ocr_line' id='line_1_65' title="bbox 228 3569 1820 3641; baseline 0.003 -16"><span class='ocrx_word' id='word_1_487' title='bbox 228 3570 369 3637; x_wconf 79' lang='lat' dir='ltr'><strong>gen&#39;t</strong></span> <span class='ocrx_word' id='word_1_488' title='bbox 396 3569 565 3641; x_wconf 83' lang='lat' dir='ltr'><strong>(quod</strong></span> <span class='ocrx_word' id='word_1_489' title='bbox 602 3571 772 3626; x_wconf 84' lang='lat' dir='ltr'><strong>semel</strong></span> <span class='ocrx_word' id='word_1_490' title='bbox 814 3571 868 3625; x_wconf 89' lang='lat' dir='ltr'><strong>in</strong></span> <span class='ocrx_word' id='word_1_491' title='bbox 897 3571 1192 3640; x_wconf 77' lang='lat' dir='ltr'><strong>nonaginta</strong></span> <span class='ocrx_word' id='word_1_492' title='bbox 1221 3572 1460 3641; x_wconf 90' lang='lat' dir='ltr'><strong>quinque</strong></span> <span class='ocrx_word' id='word_1_493' title='bbox 1492 3574 1647 3628; x_wconf 88' lang='lat' dir='ltr'><strong>annis</strong></span> <span class='ocrx_word' id='word_1_494' title='bbox 1675 3574 1820 3629; x_wconf 83' lang='lat' dir='ltr'><strong>acci-</strong></span> 
     </span>
    </p>
   </div>
   <div class='ocr_carea' id='block_1_66' title="bbox 226 3662 1823 3735">
    <p class='ocr_par' dir='ltr' id='par_1_66' title="bbox 226 3662 1823 3735">
     <span class='ocr_line' id='line_1_66' title="bbox 226 3662 1823 3735; baseline 0.004 -18"><span class='ocrx_word' id='word_1_495' title='bbox 226 3662 361 3718; x_wconf 82' lang='lat' dir='ltr'><strong>dere</strong></span> <span class='ocrx_word' id='word_1_496' title='bbox 384 3662 728 3719; x_wconf 77' lang='lat' dir='ltr'><strong>tnanitestum</strong></span> <span class='ocrx_word' id='word_1_497' title='bbox 760 3664 866 3733; x_wconf 90' lang='lat' dir='ltr'><strong>est)</strong></span> <span class='ocrx_word' id='word_1_498' title='bbox 885 3705 900 3729; x_wconf 93' lang='lat'><strong>,</strong></span> <span class='ocrx_word' id='word_1_499' title='bbox 930 3665 1178 3733; x_wconf 87' lang='lat' dir='ltr'><strong>sequenti</strong></span> <span class='ocrx_word' id='word_1_500' title='bbox 1206 3664 1294 3721; x_wconf 92' lang='lat' dir='ltr'><strong>die</strong></span> <span class='ocrx_word' id='word_1_501' title='bbox 1333 3665 1627 3735; x_wconf 86' lang='lat' dir='ltr'><strong>dominico,</strong></span> <span class='ocrx_word' id='word_1_502' title='bbox 1656 3667 1708 3721; x_wconf 91' lang='lat' dir='ltr'><strong>id</strong></span> <span class='ocrx_word' id='word_1_503' title='bbox 1737 3675 1823 3723; x_wconf 90' lang='lat' dir='ltr'><strong>est</strong></span> 
     </span>
    </p>
   </div>
   <div class='ocr_carea' id='block_1_67' title="bbox 225 3751 1816 3825">
    <p class='ocr_par' dir='ltr' id='par_1_67' title="bbox 225 3751 1816 3825">
     <span class='ocr_line' id='line_1_67' title="bbox 225 3751 1816 3825; baseline 0.004 -18"><span class='ocrx_word' id='word_1_504' title='bbox 225 3751 513 3808; x_wconf 79' lang='lat' dir='ltr'><strong>undecimo</strong></span> <span class='ocrx_word' id='word_1_505' title='bbox 533 3752 783 3809; x_wconf 83' lang='lat' dir='ltr'><strong>calendas</strong></span> <span class='ocrx_word' id='word_1_506' title='bbox 811 3753 1028 3825; x_wconf 84' lang='lat' dir='ltr'><strong>Aprilis,</strong></span> <span class='ocrx_word' id='word_1_507' title='bbox 1055 3755 1178 3810; x_wconf 85' lang='lat' dir='ltr'><strong>luna</strong></span> <span class='ocrx_word' id='word_1_508' title='bbox 1200 3755 1407 3812; x_wconf 85' lang='lat' dir='ltr'><strong>decima</strong></span> <span class='ocrx_word' id='word_1_509' title='bbox 1431 3756 1639 3825; x_wconf 87' lang='lat' dir='ltr'><strong>quinta,</strong></span> <span class='ocrx_word' id='word_1_510' title='bbox 1671 3758 1816 3814; x_wconf 82' lang='lat' dir='ltr'><strong>cele-</strong></span> 
     </span>
    </p>
   </div>
   <div class='ocr_carea' id='block_1_68' title="bbox 223 3841 1813 3919">
    <p class='ocr_par' dir='ltr' id='par_1_68' title="bbox 223 3841 1813 3919">
     <span class='ocr_line' id='line_1_68' title="bbox 223 3841 1813 3919; baseline 0.003 -20"><span class='ocrx_word' id='word_1_511' title='bbox 223 3841 495 3899; x_wconf 79' lang='lat' dir='ltr'><strong>brandum</strong></span> <span class='ocrx_word' id='word_1_512' title='bbox 522 3842 752 3912; x_wconf 75' lang='lat' dir='ltr'><strong>Pascha,</strong></span> <span class='ocrx_word' id='word_1_513' title='bbox 782 3844 972 3900; x_wconf 83' lang='lat' dir='ltr'><strong>eadem</strong></span> <span class='ocrx_word' id='word_1_514' title='bbox 1001 3854 1191 3901; x_wconf 88' lang='lat' dir='ltr'><strong>sancta</strong></span> <span class='ocrx_word' id='word_1_515' title='bbox 1220 3845 1460 3919; x_wconf 86' lang='lat' dir='ltr'><strong>synodus</strong></span> <span class='ocrx_word' id='word_1_516' title='bbox 1492 3847 1610 3903; x_wconf 90' lang='lat' dir='ltr'><strong>sine</strong></span> <span class='ocrx_word' id='word_1_517' title='bbox 1639 3848 1813 3904; x_wconf 88' lang='lat' dir='ltr'><strong>ambi-</strong></span> 
     </span>
    </p>
   </div>
   <div class='ocr_carea' id='block_1_69' title="bbox 224 3933 1819 4006">
    <p class='ocr_par' dir='ltr' id='par_1_69' title="bbox 224 3933 1819 4006">
     <span class='ocr_line' id='line_1_69' title="bbox 224 3933 1819 4006; baseline 0.003 -17"><span class='ocrx_word' id='word_1_518' title='bbox 224 3934 440 4002; x_wconf 80' lang='lat' dir='ltr'><strong>guitate</strong></span> <span class='ocrx_word' id='word_1_519' title='bbox 481 3933 735 3991; x_wconf 72' lang='lat' dir='ltr'><strong>ﬁrmavit.</strong></span> <span class='ocrx_word' id='word_1_520' title='bbox 783 3933 900 3992; x_wconf 80' lang='lat' dir='ltr'><strong>Hoc</strong></span> <span class='ocrx_word' id='word_1_521' title='bbox 925 3937 1102 3996; x_wconf 81' lang='lat' dir='ltr'><strong>modis</strong></span> <span class='ocrx_word' id='word_1_522' title='bbox 1129 3937 1379 3993; x_wconf 85' lang='lat' dir='ltr'><strong>omnibus</strong></span> <span class='ocrx_word' id='word_1_523' title='bbox 1407 3937 1723 4006; x_wconf 83' lang='lat' dir='ltr'><strong>admonens,</strong></span> <span class='ocrx_word' id='word_1_524' title='bbox 1756 3946 1819 3994; x_wconf 92' lang='lat' dir='ltr'><strong>ut</strong></span> 
     </span>
    </p>
   </div>
   <div class='ocr_carea' id='block_1_70' title="bbox 224 4028 1816 4104">
    <p class='ocr_par' dir='ltr' id='par_1_70' title="bbox 224 4028 1816 4104">
     <span class='ocr_line' id='line_1_70' title="bbox 224 4028 1816 4104; baseline 0.003 -18"><span class='ocrx_word' id='word_1_525' title='bbox 224 4036 360 4086; x_wconf 72' lang='lat' dir='ltr'><strong>ante</strong></span> <span class='ocrx_word' id='word_1_526' title='bbox 385 4028 762 4086; x_wconf 81' lang='lat' dir='ltr'><strong>duodecimum</strong></span> <span class='ocrx_word' id='word_1_527' title='bbox 795 4031 1048 4089; x_wconf 86' lang='lat' dir='ltr'><strong>calendas</strong></span> <span class='ocrx_word' id='word_1_528' title='bbox 1077 4032 1276 4104; x_wconf 85' lang='lat' dir='ltr'><strong>Aprilis</strong></span> <span class='ocrx_word' id='word_1_529' title='bbox 1315 4033 1497 4089; x_wconf 88' lang='lat' dir='ltr'><strong>lunam</strong></span> <span class='ocrx_word' id='word_1_530' title='bbox 1550 4033 1816 4091; x_wconf 85' lang='lat' dir='ltr'><strong>decimam</strong></span> 
     </span>
    </p>
   </div>
   <div class='ocr_carea' id='block_1_71' title="bbox 222 4126 1819 4202">
    <p class='ocr_par' dir='ltr' id='par_1_71' title="bbox 222 4126 1819 4202">
     <span class='ocr_line' id='line_1_71' title="bbox 222 4126 1819 4202; baseline 0.004 -21"><span class='ocrx_word' id='word_1_531' title='bbox 222 4134 481 4195; x_wconf 79' lang='lat' dir='ltr'><strong>quartam</strong></span> <span class='ocrx_word' id='word_1_532' title='bbox 508 4126 775 4198; x_wconf 87' lang='lat' dir='ltr'><strong>paschalis</strong></span> <span class='ocrx_word' id='word_1_533' title='bbox 799 4127 922 4184; x_wconf 78' lang='lat' dir='ltr'><strong>festi</strong></span> <span class='ocrx_word' id='word_1_534' title='bbox 952 4128 1127 4185; x_wconf 90' lang='lat' dir='ltr'><strong>nullus</strong></span> <span class='ocrx_word' id='word_1_535' title='bbox 1153 4129 1451 4199; x_wconf 90' lang='lat' dir='ltr'><strong>inquireret</strong></span> <span class='ocrx_word' id='word_1_536' title='bbox 1480 4147 1495 4197; x_wconf 89' lang='lat'><strong>;</strong></span> <span class='ocrx_word' id='word_1_537' title='bbox 1527 4146 1685 4202; x_wconf 86' lang='lat' dir='ltr'><strong>quam</strong></span> <span class='ocrx_word' id='word_1_538' title='bbox 1707 4146 1819 4188; x_wconf 89' lang='lat' dir='ltr'><strong>non</strong></span> 
     </span>
    </p>
   </div>
   <div class='ocr_carea' id='block_1_72' title="bbox 222 4217 1436 4291">
    <p class='ocr_par' dir='ltr' id='par_1_72' title="bbox 222 4217 1436 4291">
     <span class='ocr_line' id='line_1_72' title="bbox 222 4217 1436 4291; baseline 0 -17"><span class='ocrx_word' id='word_1_539' title='bbox 222 4217 391 4291; x_wconf 85' lang='lat' dir='ltr'><strong>primi</strong></span> <span class='ocrx_word' id='word_1_540' title='bbox 418 4218 641 4283; x_wconf 87' lang='lat' dir='ltr'><strong>mensis,</strong></span> <span class='ocrx_word' id='word_1_541' title='bbox 666 4217 763 4275; x_wconf 89' lang='lat' dir='ltr'><strong>sed</strong></span> <span class='ocrx_word' id='word_1_542' title='bbox 786 4217 963 4273; x_wconf 90' lang='lat' dir='ltr'><strong>ultimi</strong></span> <span class='ocrx_word' id='word_1_543' title='bbox 991 4232 1112 4274; x_wconf 88' lang='lat' dir='ltr'><strong>esse</strong></span> <span class='ocrx_word' id='word_1_544' title='bbox 1140 4225 1436 4275; x_wconf 89' lang='lat' dir='ltr'><strong>constaret.</strong></span> 
     </span>
    </p>
   </div>
   <div class='ocr_carea' id='block_1_73' title="bbox 202 4307 1816 4381">
    <p class='ocr_par' dir='ltr' id='par_1_73' title="bbox 202 4307 1816 4381">
     <span class='ocr_line' id='line_1_73' title="bbox 202 4307 1816 4381; baseline -0.001 -15"><span class='ocrx_word' id='word_1_545' title='bbox 202 4344 207 4379; x_wconf 83' lang='grc'><em>,</em></span> <span class='ocrx_word' id='word_1_546' title='bbox 294 4308 413 4366; x_wconf 77' lang='lat' dir='ltr'><strong>Sed</strong></span> <span class='ocrx_word' id='word_1_547' title='bbox 437 4323 542 4366; x_wconf 91' lang='lat' dir='ltr'><strong>nec</strong></span> <span class='ocrx_word' id='word_1_548' title='bbox 569 4310 673 4365; x_wconf 83' lang='lat' dir='ltr'><strong>hoc</strong></span> <span class='ocrx_word' id='word_1_549' title='bbox 697 4308 1134 4380; x_wconf 76' lang='lat' dir='ltr'><strong>prancreundum</strong></span> <span class='ocrx_word' id='word_1_550' title='bbox 1161 4323 1282 4365; x_wconf 90' lang='lat' dir='ltr'><strong>csse</strong></span> <span class='ocrx_word' id='word_1_551' title='bbox 1311 4310 1636 4379; x_wconf 80' lang='lat' dir='ltr'><strong>putavimus,</strong></span> <span class='ocrx_word' id='word_1_552' title='bbox 1668 4307 1816 4381; x_wconf 91' lang='lat' dir='ltr'><strong>quod</strong></span> 
     </span>
    </p>
   </div>
   <div class='ocr_carea' id='block_1_74' title="bbox 221 4398 1819 4471">
    <p class='ocr_par' dir='ltr' id='par_1_74' title="bbox 221 4398 1819 4471">
     <span class='ocr_line' id='line_1_74' title="bbox 221 4398 1819 4471; baseline -0.001 -14"><span class='ocrx_word' id='word_1_553' title='bbox 221 4401 391 4457; x_wconf 83' lang='lat' dir='ltr'><strong>nimis</strong></span> <span class='ocrx_word' id='word_1_554' title='bbox 416 4408 601 4457; x_wconf 84' lang='lat' dir='ltr'><strong>errant</strong></span> <span class='ocrx_word' id='word_1_555' title='bbox 628 4401 720 4470; x_wconf 86' lang='lat' dir='ltr'><strong>qui</strong></span> <span class='ocrx_word' id='word_1_556' title='bbox 762 4400 943 4455; x_wconf 86' lang='lat' dir='ltr'><strong>lunam</strong></span> <span class='ocrx_word' id='word_1_557' title='bbox 972 4413 1231 4471; x_wconf 85' lang='lat' dir='ltr'><strong>peragere</strong></span> <span class='ocrx_word' id='word_1_558' title='bbox 1269 4414 1483 4456; x_wconf 88' lang='lat' dir='ltr'><strong>cursum</strong></span> <span class='ocrx_word' id='word_1_559' title='bbox 1515 4401 1597 4456; x_wconf 89' lang='lat' dir='ltr'><strong>sui</strong></span> <span class='ocrx_word' id='word_1_560' title='bbox 1630 4398 1819 4457; x_wconf 89' lang='lat' dir='ltr'><strong>circuli</strong></span> 
     </span>
    </p>
   </div>
   <div class='ocr_carea' id='block_1_75' title="bbox 219 4492 1818 4564">
    <p class='ocr_par' dir='ltr' id='par_1_75' title="bbox 219 4492 1818 4564">
     <span class='ocr_line' id='line_1_75' title="bbox 219 4492 1818 4564; baseline 0.002 -17"><span class='ocrx_word' id='word_1_561' title='bbox 219 4492 448 4563; x_wconf 75' lang='lat' dir='ltr'><strong>triginta</strong></span> <span class='ocrx_word' id='word_1_562' title='bbox 472 4492 681 4549; x_wconf 82' lang='lat' dir='ltr'><strong>dierum</strong></span> <span class='ocrx_word' id='word_1_563' title='bbox 702 4494 888 4564; x_wconf 87' lang='lat' dir='ltr'><strong>spatiis</strong></span> <span class='ocrx_word' id='word_1_564' title='bbox 907 4493 1258 4561; x_wconf 79' lang='lat' dir='ltr'><strong>:estimantes,</strong></span> <span class='ocrx_word' id='word_1_565' title='bbox 1287 4493 1570 4549; x_wconf 86' lang='lat' dir='ltr'><strong>duodecim</strong></span> <span class='ocrx_word' id='word_1_566' title='bbox 1596 4494 1818 4550; x_wconf 85' lang='lat' dir='ltr'><strong>lunares</strong></span> 
     </span>
    </p>
   </div>
   <div class='ocr_carea' id='block_1_76' title="bbox 1922 3300 3507 3375">
    <p class='ocr_par' dir='ltr' id='par_1_76' title="bbox 1922 3300 3507 3375">
     <span class='ocr_line' id='line_1_76' title="bbox 1922 3300 3507 3375; baseline -0.004 -16"><span class='ocrx_word' id='word_1_567' title='bbox 1922 3305 2119 3359; x_wconf 88' lang='lat' dir='ltr'><strong>sionem</strong></span> <span class='ocrx_word' id='word_1_568' title='bbox 2158 3304 2501 3375; x_wconf 87' lang='lat' dir='ltr'><strong>populorum,</strong></span> <span class='ocrx_word' id='word_1_569' title='bbox 2553 3313 2604 3359; x_wconf 86' lang='lat' dir='ltr'><strong>et</strong></span> <span class='ocrx_word' id='word_1_570' title='bbox 2649 3301 3005 3357; x_wconf 87' lang='lat' dir='ltr'><strong>Ecclesiarum</strong></span> <span class='ocrx_word' id='word_1_571' title='bbox 3053 3300 3507 3372; x_wconf 85' lang='lat' dir='ltr'><strong>perturbationem,</strong></span> 
     </span>
    </p>
   </div>
   <div class='ocr_carea' id='block_1_77' title="bbox 1922 3390 3506 3466">
    <p class='ocr_par' dir='ltr' id='par_1_77' title="bbox 1922 3390 3506 3466">
     <span class='ocr_line' id='line_1_77' title="bbox 1922 3390 3506 3466; baseline -0.005 -16"><span class='ocrx_word' id='word_1_572' title='bbox 1922 3396 2136 3451; x_wconf 88' lang='lat' dir='ltr'><strong>seorsim</strong></span> <span class='ocrx_word' id='word_1_573' title='bbox 2191 3395 2451 3466; x_wconf 81' lang='lat' dir='ltr'><strong>colligere,</strong></span> <span class='ocrx_word' id='word_1_574' title='bbox 2496 3405 2545 3449; x_wconf 89' lang='lat' dir='ltr'><strong>et</strong></span> <span class='ocrx_word' id='word_1_575' title='bbox 2572 3410 2688 3449; x_wconf 90' lang='lat' dir='ltr'><strong>cum</strong></span> <span class='ocrx_word' id='word_1_576' title='bbox 2726 3391 2924 3447; x_wconf 81' lang='lat' dir='ltr'><strong>Judccis</strong></span> <span class='ocrx_word' id='word_1_577' title='bbox 2973 3390 3180 3447; x_wconf 83' lang='lat' dir='ltr'><strong>Pascha</strong></span> <span class='ocrx_word' id='word_1_578' title='bbox 3206 3390 3506 3453; x_wconf 82' lang='lat' dir='ltr'><strong>celebrare;</strong></span> 
     </span>
    </p>
   </div>
   <div class='ocr_carea' id='block_1_78' title="bbox 1923 3479 3507 3556">
    <p class='ocr_par' dir='ltr' id='par_1_78' title="bbox 1923 3479 3507 3556">
     <span class='ocr_line' id='line_1_78' title="bbox 1923 3479 3507 3556; baseline -0.006 -16"><span class='ocrx_word' id='word_1_579' title='bbox 1923 3494 2103 3541; x_wconf 86' lang='lat' dir='ltr'><strong>sancta</strong></span> <span class='ocrx_word' id='word_1_580' title='bbox 2132 3486 2360 3556; x_wconf 83' lang='lat' dir='ltr'><strong>synodus</strong></span> <span class='ocrx_word' id='word_1_581' title='bbox 2388 3485 2525 3538; x_wconf 88' lang='lat' dir='ltr'><strong>hunc</strong></span> <span class='ocrx_word' id='word_1_582' title='bbox 2572 3485 2799 3538; x_wconf 86' lang='lat' dir='ltr'><strong>alienum</strong></span> <span class='ocrx_word' id='word_1_583' title='bbox 2830 3484 2945 3555; x_wconf 84' lang='lat' dir='ltr'><strong>jam</strong></span> <span class='ocrx_word' id='word_1_584' title='bbox 2998 3482 3120 3537; x_wconf 81' lang='lat' dir='ltr'><strong>hinc</strong></span> <span class='ocrx_word' id='word_1_585' title='bbox 3165 3480 3230 3535; x_wconf 90' lang='lat' dir='ltr'><strong>ab</strong></span> <span class='ocrx_word' id='word_1_586' title='bbox 3272 3479 3507 3533; x_wconf 81' lang='lat' dir='ltr'><strong>Ecclesia</strong></span> 
     </span>
    </p>
   </div>
   <div class='ocr_carea' id='block_1_79' title="bbox 1922 3573 3506 3647">
    <p class='ocr_par' dir='ltr' id='par_1_79' title="bbox 1922 3573 3506 3647">
     <span class='ocr_line' id='line_1_79' title="bbox 1922 3573 3506 3647; baseline -0.006 -16"><span class='ocrx_word' id='word_1_587' title='bbox 1922 3578 2193 3642; x_wconf 81' lang='lat' dir='ltr'><strong>indicauit,</strong></span> <span class='ocrx_word' id='word_1_588' title='bbox 2228 3576 2365 3647; x_wconf 88' lang='lat' dir='ltr'><strong>quod</strong></span> <span class='ocrx_word' id='word_1_589' title='bbox 2389 3591 2493 3631; x_wconf 86' lang='lat' dir='ltr'><strong>non</strong></span> <span class='ocrx_word' id='word_1_590' title='bbox 2518 3576 2687 3631; x_wconf 90' lang='lat' dir='ltr'><strong>solum</strong></span> <span class='ocrx_word' id='word_1_591' title='bbox 2714 3574 2831 3639; x_wconf 88' lang='lat' dir='ltr'><strong>sibi,</strong></span> <span class='ocrx_word' id='word_1_592' title='bbox 2855 3574 2947 3628; x_wconf 87' lang='lat' dir='ltr'><strong>sed</strong></span> <span class='ocrx_word' id='word_1_593' title='bbox 2966 3573 3203 3643; x_wconf 85' lang='lat' dir='ltr'><strong>plurimis</strong></span> <span class='ocrx_word' id='word_1_594' title='bbox 3226 3586 3381 3624; x_wconf 89' lang='lat' dir='ltr'><strong>causa</strong></span> <span class='ocrx_word' id='word_1_595' title='bbox 3406 3587 3506 3624; x_wconf 80' lang='lat' dir='ltr'><strong>cor-</strong></span> 
     </span>
    </p>
   </div>
   <div class='ocr_carea' id='block_1_80' title="bbox 1922 3659 3508 3737">
    <p class='ocr_par' dir='ltr' id='par_1_80' title="bbox 1922 3659 3508 3737">
     <span class='ocr_line' id='line_1_80' title="bbox 1922 3659 3508 3737; baseline -0.005 -16"><span class='ocrx_word' id='word_1_596' title='bbox 1922 3668 2178 3737; x_wconf 72' lang='lat' dir='ltr'><strong>ruptionis</strong></span> <span class='ocrx_word' id='word_1_597' title='bbox 2208 3682 2270 3718; x_wconf 87' lang='lat' dir='ltr'><strong>ac</strong></span> <span class='ocrx_word' id='word_1_598' title='bbox 2302 3664 2706 3736; x_wconf 87' lang='lat' dir='ltr'><strong>perturbationis</strong></span> <span class='ocrx_word' id='word_1_599' title='bbox 2734 3665 3008 3719; x_wconf 78' lang='lat' dir='ltr'><strong>exstiterit.</strong></span> <span class='ocrx_word' id='word_1_600' title='bbox 3037 3659 3149 3717; x_wconf 88' lang='lat' dir='ltr'><strong>Nec</strong></span> <span class='ocrx_word' id='word_1_601' title='bbox 3173 3662 3337 3717; x_wconf 89' lang='lat' dir='ltr'><strong>solum</strong></span> <span class='ocrx_word' id='word_1_602' title='bbox 3360 3677 3391 3715; x_wconf 93' lang='lat' dir='ltr'><strong>a</strong></span> <span class='ocrx_word' id='word_1_603' title='bbox 3413 3660 3508 3715; x_wconf 56' lang='lat' dir='ltr'><strong>mi.</strong></span> 
     </span>
    </p>
   </div>
   <div class='ocr_carea' id='block_1_81' title="bbox 1923 3751 3505 3824">
    <p class='ocr_par' dir='ltr' id='par_1_81' title="bbox 1923 3751 3505 3824">
     <span class='ocr_line' id='line_1_81' title="bbox 1923 3751 3505 3824; baseline -0.002 -13"><span class='ocrx_word' id='word_1_604' title='bbox 1923 3757 2136 3812; x_wconf 84' lang='lat' dir='ltr'><strong>nistcrio</strong></span> <span class='ocrx_word' id='word_1_605' title='bbox 2164 3755 2293 3810; x_wconf 84' lang='lat' dir='ltr'><strong>tales</strong></span> <span class='ocrx_word' id='word_1_606' title='bbox 2320 3764 2571 3822; x_wconf 71' lang='lat' dir='ltr'><strong>removet,</strong></span> <span class='ocrx_word' id='word_1_607' title='bbox 2603 3754 2694 3810; x_wconf 88' lang='lat' dir='ltr'><strong>sed</strong></span> <span class='ocrx_word' id='word_1_608' title='bbox 2716 3756 2871 3808; x_wconf 87' lang='lat' dir='ltr'><strong>etiam</strong></span> <span class='ocrx_word' id='word_1_609' title='bbox 2916 3751 2995 3808; x_wconf 85' lang='lat' dir='ltr'><strong>illi</strong></span> <span class='ocrx_word' id='word_1_610' title='bbox 3024 3755 3110 3824; x_wconf 80' lang='lat' dir='ltr'><strong>qui</strong></span> <span class='ocrx_word' id='word_1_611' title='bbox 3136 3762 3253 3824; x_wconf 90' lang='lat' dir='ltr'><strong>post</strong></span> <span class='ocrx_word' id='word_1_612' title='bbox 3282 3752 3505 3808; x_wconf 79' lang='lat' dir='ltr'><strong>damna-</strong></span> 
     </span>
    </p>
   </div>
   <div class='ocr_carea' id='block_1_82' title="bbox 1923 3845 3507 3919">
    <p class='ocr_par' dir='ltr' id='par_1_82' title="bbox 1923 3845 3507 3919">
     <span class='ocr_line' id='line_1_82' title="bbox 1923 3845 3507 3919; baseline -0.001 -19"><span class='ocrx_word' id='word_1_613' title='bbox 1923 3848 2115 3902; x_wconf 85' lang='lat' dir='ltr'><strong>tionem</strong></span> <span class='ocrx_word' id='word_1_614' title='bbox 2146 3845 2440 3919; x_wconf 84' lang='lat' dir='ltr'><strong>hujnsmodi</strong></span> <span class='ocrx_word' id='word_1_615' title='bbox 2468 3845 2847 3900; x_wconf 85' lang='lat' dir='ltr'><strong>communicare</strong></span> <span class='ocrx_word' id='word_1_616' title='bbox 2895 3845 3222 3913; x_wconf 81' lang='lat' dir='ltr'><strong>(entaverint,</strong></span> <span class='ocrx_word' id='word_1_617' title='bbox 3269 3845 3507 3899; x_wconf 81' lang='lat' dir='ltr'><strong>damnati</strong></span> 
     </span>
    </p>
   </div>
   <div class='ocr_carea' id='block_1_83' title="bbox 1921 3935 3509 4011">
    <p class='ocr_par' dir='ltr' id='par_1_83' title="bbox 1921 3935 3509 4011">
     <span class='ocr_line' id='line_1_83' title="bbox 1921 3935 3509 4011; baseline -0.003 -16"><span class='ocrx_word' id='word_1_618' title='bbox 1921 3947 2062 4006; x_wconf 88' lang='lat' dir='ltr'><strong>sunt,</strong></span> <span class='ocrx_word' id='word_1_619' title='bbox 2111 3941 2251 3995; x_wconf 89' lang='lat' dir='ltr'><strong>omni</strong></span> <span class='ocrx_word' id='word_1_620' title='bbox 2280 3954 2477 4011; x_wconf 87' lang='lat' dir='ltr'><strong>quoque</strong></span> <span class='ocrx_word' id='word_1_621' title='bbox 2512 3939 2836 3993; x_wconf 77' lang='lat' dir='ltr'><strong>extrinsecus</strong></span> <span class='ocrx_word' id='word_1_622' title='bbox 2881 3935 3076 3992; x_wconf 80' lang='lat' dir='ltr'><strong>honore</strong></span> <span class='ocrx_word' id='word_1_623' title='bbox 3112 3938 3321 4007; x_wconf 80' lang='lat' dir='ltr'><strong>privati,</strong></span> <span class='ocrx_word' id='word_1_624' title='bbox 3361 3950 3509 4008; x_wconf 75' lang='lat' dir='ltr'><strong>quem</strong></span> 
     </span>
    </p>
   </div>
   <div class='ocr_carea' id='block_1_84' title="bbox 1925 4024 3507 4101">
    <p class='ocr_par' dir='ltr' id='par_1_84' title="bbox 1925 4024 3507 4101">
     <span class='ocr_line' id='line_1_84' title="bbox 1925 4024 3507 4101; baseline -0.003 -16"><span class='ocrx_word' id='word_1_625' title='bbox 1925 4038 2106 4085; x_wconf 86' lang='lat' dir='ltr'><strong>sancta</strong></span> <span class='ocrx_word' id='word_1_626' title='bbox 2134 4029 2335 4101; x_wconf 83' lang='lat' dir='ltr'><strong>regula,</strong></span> <span class='ocrx_word' id='word_1_627' title='bbox 2366 4040 2415 4083; x_wconf 90' lang='lat' dir='ltr'><strong>et</strong></span> <span class='ocrx_word' id='word_1_628' title='bbox 2441 4030 2787 4086; x_wconf 87' lang='lat' dir='ltr'><strong>sacerdotium</strong></span> <span class='ocrx_word' id='word_1_629' title='bbox 2811 4026 2907 4083; x_wconf 81' lang='lat' dir='ltr'><strong>Dei</strong></span> <span class='ocrx_word' id='word_1_630' title='bbox 2936 4028 3235 4099; x_wconf 87' lang='lat' dir='ltr'><strong>promeruit.</strong></span> <span class='ocrx_word' id='word_1_631' title='bbox 3276 4024 3372 4083; x_wconf 84' lang='lat' dir='ltr'><strong>His</strong></span> <span class='ocrx_word' id='word_1_632' title='bbox 3399 4040 3507 4082; x_wconf 85' lang='lat' dir='ltr'><strong>non</strong></span> 
     </span>
    </p>
   </div>
   <div class='ocr_carea' id='block_1_85' title="bbox 1920 4117 3507 4190">
    <p class='ocr_par' dir='ltr' id='par_1_85' title="bbox 1920 4117 3507 4190">
     <span class='ocr_line' id='line_1_85' title="bbox 1920 4117 3507 4190; baseline -0.003 -12"><span class='ocrx_word' id='word_1_633' title='bbox 1920 4121 2205 4180; x_wconf 87' lang='lat' dir='ltr'><strong>dissimilia</strong></span> <span class='ocrx_word' id='word_1_634' title='bbox 2235 4120 2557 4176; x_wconf 87' lang='lat' dir='ltr'><strong>venerabilis</strong></span> <span class='ocrx_word' id='word_1_635' title='bbox 2583 4134 2719 4190; x_wconf 88' lang='lat' dir='ltr'><strong>papa</strong></span> <span class='ocrx_word' id='word_1_636' title='bbox 2750 4117 2861 4175; x_wconf 91' lang='lat' dir='ltr'><strong>Leo</strong></span> <span class='ocrx_word' id='word_1_637' title='bbox 2880 4118 3024 4174; x_wconf 88' lang='lat' dir='ltr'><strong>sedis</strong></span> <span class='ocrx_word' id='word_1_638' title='bbox 3047 4118 3357 4189; x_wconf 68' lang='lat' dir='ltr'><strong>apostolicae</strong></span> <span class='ocrx_word' id='word_1_639' title='bbox 3381 4132 3507 4189; x_wconf 70' lang='lat' dir='ltr'><strong>prte-</strong></span> 
     </span>
    </p>
   </div>
   <div class='ocr_carea' id='block_1_86' title="bbox 1922 4207 3507 4283">
    <p class='ocr_par' dir='ltr' id='par_1_86' title="bbox 1922 4207 3507 4283">
     <span class='ocr_line' id='line_1_86' title="bbox 1922 4207 3507 4283; baseline -0.004 -13"><span class='ocrx_word' id='word_1_640' title='bbox 1922 4213 2009 4270; x_wconf 88' lang='lat' dir='ltr'><strong>sul</strong></span> <span class='ocrx_word' id='word_1_641' title='bbox 2036 4211 2370 4283; x_wconf 86' lang='lat' dir='ltr'><strong>pronuntiat,</strong></span> <span class='ocrx_word' id='word_1_642' title='bbox 2408 4211 2593 4266; x_wconf 77' lang='lat' dir='ltr'><strong>dicens</strong></span> <span class='ocrx_word' id='word_1_643' title='bbox 2621 4227 2633 4262; x_wconf 92' lang='lat'>:</span> <span class='ocrx_word' id='word_1_644' title='bbox 2677 4207 2873 4264; x_wconf 85' lang='lat' dir='ltr'><strong>Contra</strong></span> <span class='ocrx_word' id='word_1_645' title='bbox 2900 4217 3097 4264; x_wconf 88' lang='lat' dir='ltr'><strong>statuta</strong></span> <span class='ocrx_word' id='word_1_646' title='bbox 3126 4224 3385 4264; x_wconf 88' lang='lat' dir='ltr'><strong>canonum</strong></span> <span class='ocrx_word' id='word_1_647' title='bbox 3414 4225 3507 4279; x_wconf 84' lang='lat' dir='ltr'><strong>pa-</strong></span> 
     </span>
    </p>
   </div>
   <div class='ocr_carea' id='block_1_87' title="bbox 1927 4299 3507 4374">
    <p class='ocr_par' dir='ltr' id='par_1_87' title="bbox 1927 4299 3507 4374">
     <span class='ocr_line' id='line_1_87' title="bbox 1927 4299 3507 4374; baseline -0.001 -17"><span class='ocrx_word' id='word_1_648' title='bbox 1927 4312 2213 4368; x_wconf 87' lang='lat' dir='ltr'><strong>ternorum,</strong></span> <span class='ocrx_word' id='word_1_649' title='bbox 2256 4318 2372 4374; x_wconf 75' lang='lat' dir='ltr'><strong>quat</strong></span> <span class='ocrx_word' id='word_1_650' title='bbox 2411 4310 2532 4355; x_wconf 80' lang='lat' dir='ltr'><strong>ante</strong></span> <span class='ocrx_word' id='word_1_651' title='bbox 2560 4299 2876 4372; x_wconf 77' lang='lat' dir='ltr'><strong>longissima:</strong></span> <span class='ocrx_word' id='word_1_652' title='bbox 2904 4300 3075 4354; x_wconf 67' lang='lat' dir='ltr'><strong>artatis</strong></span> <span class='ocrx_word' id='word_1_653' title='bbox 3112 4316 3279 4355; x_wconf 88' lang='lat' dir='ltr'><strong>annos</strong></span> <span class='ocrx_word' id='word_1_654' title='bbox 3305 4300 3360 4353; x_wconf 86' lang='lat' dir='ltr'><strong>in</strong></span> <span class='ocrx_word' id='word_1_655' title='bbox 3389 4299 3507 4355; x_wconf 73' lang='lat' dir='ltr'><strong>urbe</strong></span> 
     </span>
    </p>
   </div>
   <div class='ocr_carea' id='block_1_88' title="bbox 1927 4390 3509 4465">
    <p class='ocr_par' dir='ltr' id='par_1_88' title="bbox 1927 4390 3509 4465">
     <span class='ocr_line' id='line_1_88' title="bbox 1927 4390 3509 4465; baseline -0.003 -15"><span class='ocrx_word' id='word_1_656' title='bbox 1927 4393 2113 4450; x_wconf 66' lang='lat' dir='ltr'><strong>Nicaea</strong></span> <span class='ocrx_word' id='word_1_657' title='bbox 2134 4393 2455 4465; x_wconf 85' lang='lat' dir='ltr'><strong>spiritalibus</strong></span> <span class='ocrx_word' id='word_1_658' title='bbox 2475 4400 2595 4447; x_wconf 87' lang='lat' dir='ltr'><strong>sunt</strong></span> <span class='ocrx_word' id='word_1_659' title='bbox 2617 4392 2837 4464; x_wconf 75' lang='lat' dir='ltr'><strong>fundata</strong></span> <span class='ocrx_word' id='word_1_660' title='bbox 2866 4391 3100 4455; x_wconf 85' lang='lat' dir='ltr'><strong>decretis,</strong></span> <span class='ocrx_word' id='word_1_661' title='bbox 3124 4390 3255 4444; x_wconf 87' lang='lat' dir='ltr'><strong>nihil</strong></span> <span class='ocrx_word' id='word_1_662' title='bbox 3274 4392 3509 4461; x_wconf 87' lang='lat' dir='ltr'><strong>cuiquam</strong></span> 
     </span>
    </p>
   </div>
   <div class='ocr_carea' id='block_1_89' title="bbox 1926 4480 3508 4553">
    <p class='ocr_par' dir='ltr' id='par_1_89' title="bbox 1926 4480 3508 4553">
     <span class='ocr_line' id='line_1_89' title="bbox 1926 4480 3508 4553; baseline -0.004 -11"><span class='ocrx_word' id='word_1_663' title='bbox 1926 4487 2118 4543; x_wconf 85' lang='lat' dir='ltr'><strong>audere</strong></span> <span class='ocrx_word' id='word_1_664' title='bbox 2148 4485 2447 4543; x_wconf 85' lang='lat' dir='ltr'><strong>conceditur</strong></span> <span class='ocrx_word' id='word_1_665' title='bbox 2470 4502 2488 4539; x_wconf 91' lang='lat'><strong><em>:</em></strong></span> <span class='ocrx_word' id='word_1_666' title='bbox 2535 4484 2611 4537; x_wconf 88' lang='lat' dir='ltr'><strong>ita</strong></span> <span class='ocrx_word' id='word_1_667' title='bbox 2641 4492 2696 4536; x_wconf 85' lang='lat' dir='ltr'><strong>ut</strong></span> <span class='ocrx_word' id='word_1_668' title='bbox 2733 4484 2777 4537; x_wconf 90' lang='lat' dir='ltr'><strong>si</strong></span> <span class='ocrx_word' id='word_1_669' title='bbox 2805 4483 2916 4553; x_wconf 87' lang='lat' dir='ltr'><strong>quis</strong></span> <span class='ocrx_word' id='word_1_670' title='bbox 2947 4482 3204 4535; x_wconf 84' lang='lat' dir='ltr'><strong>diversum</strong></span> <span class='ocrx_word' id='word_1_671' title='bbox 3242 4480 3365 4551; x_wconf 86' lang='lat' dir='ltr'><strong>quid</strong></span> <span class='ocrx_word' id='word_1_672' title='bbox 3391 4480 3508 4537; x_wconf 84' lang='lat' dir='ltr'><strong>relit</strong></span> 
     </span>
    </p>
   </div>
   <div class='ocr_carea' id='block_1_90' title="bbox 217 4572 3508 4653">
    <p class='ocr_par' dir='ltr' id='par_1_90' title="bbox 217 4572 3508 4653">
     <span class='ocr_line' id='line_1_90' title="bbox 217 4572 3508 4653; baseline -0.003 -14"><span class='ocrx_word' id='word_1_673' title='bbox 217 4598 450 4640; x_wconf 78' lang='lat' dir='ltr'><strong>menses</strong></span> <span class='ocrx_word' id='word_1_674' title='bbox 493 4584 549 4639; x_wconf 85' lang='lat' dir='ltr'><strong>in</strong></span> <span class='ocrx_word' id='word_1_675' title='bbox 586 4584 849 4640; x_wconf 88' lang='lat' dir='ltr'><strong>trecentis</strong></span> <span class='ocrx_word' id='word_1_676' title='bbox 889 4585 1165 4653; x_wconf 80' lang='lat' dir='ltr'><strong>sexaginta</strong></span> <span class='ocrx_word' id='word_1_677' title='bbox 1192 4584 1381 4639; x_wconf 79' lang='lat' dir='ltr'><strong>diebus</strong></span> <span class='ocrx_word' id='word_1_678' title='bbox 1412 4592 1812 4653; x_wconf 85' lang='lat' dir='ltr'><strong>annumerant;</strong></span> <span class='ocrx_word' id='word_1_679' title='bbox 1847 4584 1897 4649; x_wconf 81' lang='grc' dir='ltr'><strong>ι)</strong></span> <span class='ocrx_word' id='word_1_680' title='bbox 1923 4580 2214 4645; x_wconf 83' lang='lat' dir='ltr'><strong>decernere,</strong></span> <span class='ocrx_word' id='word_1_681' title='bbox 2265 4593 2320 4633; x_wconf 84' lang='lat' dir='ltr'><strong>se</strong></span> <span class='ocrx_word' id='word_1_682' title='bbox 2362 4578 2529 4649; x_wconf 81' lang='lat' dir='ltr'><strong>potius</strong></span> <span class='ocrx_word' id='word_1_683' title='bbox 2576 4576 2811 4639; x_wconf 87' lang='lat' dir='ltr'><strong>minuat,</strong></span> <span class='ocrx_word' id='word_1_684' title='bbox 2861 4588 3016 4645; x_wconf 86' lang='lat' dir='ltr'><strong>quam</strong></span> <span class='ocrx_word' id='word_1_685' title='bbox 3052 4572 3145 4626; x_wconf 87' lang='lat' dir='ltr'><strong>illa</strong></span> <span class='ocrx_word' id='word_1_686' title='bbox 3190 4581 3508 4641; x_wconf 72' lang='lat' dir='ltr'><strong>corrumpat.</strong></span> 
     </span>
    </p>
   </div>
   <div class='ocr_carea' id='block_1_91' title="bbox 217 4672 1813 4745">
    <p class='ocr_par' dir='ltr' id='par_1_91' title="bbox 217 4672 1813 4745">
     <span class='ocr_line' id='line_1_91' title="bbox 217 4672 1813 4745; baseline 0.001 -17"><span class='ocrx_word' id='word_1_687' title='bbox 217 4672 426 4745; x_wconf 68' lang='lat' dir='ltr'><strong>quibus</strong></span> <span class='ocrx_word' id='word_1_688' title='bbox 449 4672 610 4728; x_wconf 88' lang='lat' dir='ltr'><strong>etiam</strong></span> <span class='ocrx_word' id='word_1_689' title='bbox 640 4672 879 4744; x_wconf 85' lang='lat' dir='ltr'><strong>quinque</strong></span> <span class='ocrx_word' id='word_1_690' title='bbox 908 4672 1021 4727; x_wconf 87' lang='lat' dir='ltr'><strong>dies</strong></span> <span class='ocrx_word' id='word_1_691' title='bbox 1050 4672 1326 4742; x_wconf 84' lang='lat' dir='ltr'><strong>adjiciunt,</strong></span> <span class='ocrx_word' id='word_1_692' title='bbox 1361 4688 1496 4744; x_wconf 90' lang='lat' dir='ltr'><strong>quos</strong></span> <span class='ocrx_word' id='word_1_693' title='bbox 1526 4673 1813 4730; x_wconf 77' lang='lat' dir='ltr'><strong>intercala-</strong></span> 
     </span>
    </p>
   </div>
   <div class='ocr_carea' id='block_1_92' title="bbox 218 4765 1816 4837">
    <p class='ocr_par' dir='ltr' id='par_1_92' title="bbox 218 4765 1816 4837">
     <span class='ocr_line' id='line_1_92' title="bbox 218 4765 1816 4837; baseline -0.002 -14"><span class='ocrx_word' id='word_1_694' title='bbox 218 4781 321 4823; x_wconf 77' lang='lat' dir='ltr'><strong>res</strong></span> <span class='ocrx_word' id='word_1_695' title='bbox 348 4766 642 4837; x_wconf 85' lang='lat' dir='ltr'><strong>appellavit</strong></span> <span class='ocrx_word' id='word_1_696' title='bbox 687 4766 998 4836; x_wconf 88' lang='lat' dir='ltr'><strong>antiquitas,</strong></span> <span class='ocrx_word' id='word_1_697' title='bbox 1045 4774 1105 4820; x_wconf 90' lang='lat' dir='ltr'><strong>ut</strong></span> <span class='ocrx_word' id='word_1_698' title='bbox 1158 4766 1388 4821; x_wconf 88' lang='lat' dir='ltr'><strong>solarem</strong></span> <span class='ocrx_word' id='word_1_699' title='bbox 1416 4780 1615 4821; x_wconf 84' lang='lat' dir='ltr'><strong>annum</strong></span> <span class='ocrx_word' id='word_1_700' title='bbox 1647 4765 1816 4821; x_wconf 86' lang='lat' dir='ltr'><strong>adim-</strong></span> 
     </span>
    </p>
   </div>
   <div class='ocr_carea' id='block_1_93' title="bbox 219 4855 1818 4930">
    <p class='ocr_par' dir='ltr' id='par_1_93' title="bbox 219 4855 1818 4930">
     <span class='ocr_line' id='line_1_93' title="bbox 219 4855 1818 4930; baseline -0.001 -16"><span class='ocrx_word' id='word_1_701' title='bbox 219 4857 385 4930; x_wconf 80' lang='lat' dir='ltr'><strong>plere</strong></span> <span class='ocrx_word' id='word_1_702' title='bbox 436 4857 744 4913; x_wconf 79' lang='lat' dir='ltr'><strong>videantur.</strong></span> <span class='ocrx_word' id='word_1_703' title='bbox 792 4856 927 4913; x_wconf 88' lang='lat' dir='ltr'><strong>Cum</strong></span> <span class='ocrx_word' id='word_1_704' title='bbox 965 4855 1192 4927; x_wconf 82' lang='lat' dir='ltr'><strong>diligens</strong></span> <span class='ocrx_word' id='word_1_705' title='bbox 1242 4856 1521 4927; x_wconf 87' lang='lat' dir='ltr'><strong>inquisitio</strong></span> <span class='ocrx_word' id='word_1_706' title='bbox 1577 4857 1818 4913; x_wconf 86' lang='lat' dir='ltr'><strong>veritatis</strong></span> 
     </span>
    </p>
   </div>
   <div class='ocr_carea' id='block_1_94' title="bbox 215 4946 1816 5017">
    <p class='ocr_par' dir='ltr' id='par_1_94' title="bbox 215 4946 1816 5017">
     <span class='ocr_line' id='line_1_94' title="bbox 215 4946 1816 5017; baseline -0.001 -14"><span class='ocrx_word' id='word_1_707' title='bbox 215 4947 531 5004; x_wconf 79' lang='lat' dir='ltr'><strong>ostenderit</strong></span> <span class='ocrx_word' id='word_1_708' title='bbox 578 4946 633 5003; x_wconf 87' lang='lat' dir='ltr'><strong>in</strong></span> <span class='ocrx_word' id='word_1_709' title='bbox 679 4947 889 5003; x_wconf 89' lang='lat' dir='ltr'><strong>duobus</strong></span> <span class='ocrx_word' id='word_1_710' title='bbox 942 4947 1081 5003; x_wconf 67' lang='lat' dir='ltr'><strong>lunae</strong></span> <span class='ocrx_word' id='word_1_711' title='bbox 1120 4946 1336 5003; x_wconf 86' lang='lat' dir='ltr'><strong>circulis</strong></span> <span class='ocrx_word' id='word_1_712' title='bbox 1377 4963 1485 5002; x_wconf 92' lang='lat' dir='ltr'><strong>non</strong></span> <span class='ocrx_word' id='word_1_713' title='bbox 1535 4948 1816 5017; x_wconf 81' lang='lat' dir='ltr'><strong>sexaginta</strong></span> 
     </span>
    </p>
   </div>
   <div class='ocr_carea' id='block_1_95' title="bbox 214 5039 1818 5111">
    <p class='ocr_par' dir='ltr' id='par_1_95' title="bbox 214 5039 1818 5111">
     <span class='ocr_line' id='line_1_95' title="bbox 214 5039 1818 5111; baseline -0.001 -14"><span class='ocrx_word' id='word_1_714' title='bbox 214 5041 369 5107; x_wconf 75' lang='lat' dir='ltr'><strong>dies,</strong></span> <span class='ocrx_word' id='word_1_715' title='bbox 397 5041 493 5097; x_wconf 86' lang='lat' dir='ltr'><strong>sed</strong></span> <span class='ocrx_word' id='word_1_716' title='bbox 523 5040 907 5111; x_wconf 80' lang='lat' dir='ltr'><strong>quinquaginta</strong></span> <span class='ocrx_word' id='word_1_717' title='bbox 941 5054 1134 5096; x_wconf 87' lang='lat' dir='ltr'><strong>novem</strong></span> <span class='ocrx_word' id='word_1_718' title='bbox 1173 5039 1371 5096; x_wconf 85' lang='lat' dir='ltr'><strong>debere</strong></span> <span class='ocrx_word' id='word_1_719' title='bbox 1410 5042 1698 5096; x_wconf 89' lang='lat' dir='ltr'><strong>numerari.</strong></span> <span class='ocrx_word' id='word_1_720' title='bbox 1739 5040 1818 5096; x_wconf 79' lang='lat' dir='ltr'><strong>Ac</strong></span> 
     </span>
    </p>
   </div>
   <div class='ocr_carea' id='block_1_96' title="bbox 212 5130 1819 5203">
    <p class='ocr_par' dir='ltr' id='par_1_96' title="bbox 212 5130 1819 5203">
     <span class='ocr_line' id='line_1_96' title="bbox 212 5130 1819 5203; baseline -0.001 -16"><span class='ocrx_word' id='word_1_721' title='bbox 212 5146 328 5203; x_wconf 68' lang='lat' dir='ltr'><strong>per</strong></span> <span class='ocrx_word' id='word_1_722' title='bbox 363 5132 467 5188; x_wconf 80' lang='lat' dir='ltr'><strong>hoc</strong></span> <span class='ocrx_word' id='word_1_723' title='bbox 509 5133 563 5186; x_wconf 89' lang='lat' dir='ltr'><strong>in</strong></span> <span class='ocrx_word' id='word_1_724' title='bbox 602 5130 886 5187; x_wconf 88' lang='lat' dir='ltr'><strong>duodecim</strong></span> <span class='ocrx_word' id='word_1_725' title='bbox 929 5131 1205 5187; x_wconf 88' lang='lat' dir='ltr'><strong>lunaribus</strong></span> <span class='ocrx_word' id='word_1_726' title='bbox 1243 5131 1518 5188; x_wconf 84' lang='lat' dir='ltr'><strong>mensibus</strong></span> <span class='ocrx_word' id='word_1_727' title='bbox 1547 5140 1819 5187; x_wconf 87' lang='lat' dir='ltr'><strong>trecento-</strong></span> 
     </span>
    </p>
   </div>
   <div class='ocr_carea' id='block_1_97' title="bbox 213 5221 1816 5292">
    <p class='ocr_par' dir='ltr' id='par_1_97' title="bbox 213 5221 1816 5292">
     <span class='ocr_line' id='line_1_97' title="bbox 213 5221 1816 5292; baseline -0.001 -15"><span class='ocrx_word' id='word_1_728' title='bbox 213 5236 349 5277; x_wconf 76' lang='lat' dir='ltr'><strong>rum</strong></span> <span class='ocrx_word' id='word_1_729' title='bbox 372 5222 759 5292; x_wconf 80' lang='lat' dir='ltr'><strong>quinquaginta</strong></span> <span class='ocrx_word' id='word_1_730' title='bbox 792 5230 1026 5291; x_wconf 87' lang='lat' dir='ltr'><strong>quatuor</strong></span> <span class='ocrx_word' id='word_1_731' title='bbox 1062 5221 1268 5277; x_wconf 86' lang='lat' dir='ltr'><strong>dierum</strong></span> <span class='ocrx_word' id='word_1_732' title='bbox 1304 5234 1565 5276; x_wconf 89' lang='lat' dir='ltr'><strong>summam</strong></span> <span class='ocrx_word' id='word_1_733' title='bbox 1597 5221 1816 5292; x_wconf 85' lang='lat' dir='ltr'><strong>colligi;</strong></span> 
     </span>
    </p>
   </div>
   <div class='ocr_carea' id='block_1_98' title="bbox 211 5310 1818 5385">
    <p class='ocr_par' dir='ltr' id='par_1_98' title="bbox 211 5310 1818 5385">
     <span class='ocr_line' id='line_1_98' title="bbox 211 5310 1818 5385; baseline -0.001 -16"><span class='ocrx_word' id='word_1_734' title='bbox 211 5312 315 5369; x_wconf 74' lang='lat' dir='ltr'><strong>cui</strong></span> <span class='ocrx_word' id='word_1_735' title='bbox 354 5321 575 5384; x_wconf 84' lang='lat' dir='ltr'><strong>epactas</strong></span> <span class='ocrx_word' id='word_1_736' title='bbox 622 5310 861 5385; x_wconf 62' lang='lat' dir='ltr'><strong>[Egyptii</strong></span> <span class='ocrx_word' id='word_1_737' title='bbox 912 5328 1149 5380; x_wconf 82' lang='lat' dir='ltr'><strong>annuas,</strong></span> <span class='ocrx_word' id='word_1_738' title='bbox 1194 5312 1244 5368; x_wconf 87' lang='lat' dir='ltr'><strong>id</strong></span> <span class='ocrx_word' id='word_1_739' title='bbox 1285 5321 1367 5367; x_wconf 86' lang='lat' dir='ltr'><strong>est</strong></span> <span class='ocrx_word' id='word_1_740' title='bbox 1408 5314 1655 5367; x_wconf 84' lang='lat' dir='ltr'><strong>uu-lecim</strong></span> <span class='ocrx_word' id='word_1_741' title='bbox 1684 5313 1818 5380; x_wconf 83' lang='lat' dir='ltr'><strong>dies,</strong></span> 
     </span>
    </p>
   </div>
   <div class='ocr_carea' id='block_1_99' title="bbox 212 5402 1819 5475">
    <p class='ocr_par' dir='ltr' id='par_1_99' title="bbox 212 5402 1819 5475">
     <span class='ocr_line' id='line_1_99' title="bbox 212 5402 1819 5475; baseline 0 -18"><span class='ocrx_word' id='word_1_742' title='bbox 212 5402 683 5459; x_wconf 80' lang='lat' dir='ltr'><strong>accommodant:</strong></span> <span class='ocrx_word' id='word_1_743' title='bbox 716 5411 775 5458; x_wconf 90' lang='lat' dir='ltr'><strong>ut</strong></span> <span class='ocrx_word' id='word_1_744' title='bbox 818 5402 891 5457; x_wconf 89' lang='lat' dir='ltr'><strong>ita</strong></span> <span class='ocrx_word' id='word_1_745' title='bbox 934 5402 1147 5459; x_wconf 89' lang='lat' dir='ltr'><strong>demum</strong></span> <span class='ocrx_word' id='word_1_746' title='bbox 1179 5404 1387 5460; x_wconf 81' lang='lat' dir='ltr'><strong>lunaris</strong></span> <span class='ocrx_word' id='word_1_747' title='bbox 1432 5402 1670 5458; x_wconf 87' lang='lat' dir='ltr'><strong>cmensio</strong></span> <span class='ocrx_word' id='word_1_748' title='bbox 1698 5403 1819 5475; x_wconf 77' lang='lat' dir='ltr'><strong>(aL,</strong></span> 
     </span>
    </p>
   </div>
   <div class='ocr_carea' id='block_1_100' title="bbox 211 5493 1822 5567">
    <p class='ocr_par' dir='ltr' id='par_1_100' title="bbox 211 5493 1822 5567">
     <span class='ocr_line' id='line_1_100' title="bbox 211 5493 1822 5567; baseline -0.004 -14"><span class='ocrx_word' id='word_1_749' title='bbox 211 5496 517 5565; x_wconf 63' lang='lat' dir='ltr'><strong>dimensio)</strong></span> <span class='ocrx_word' id='word_1_750' title='bbox 547 5496 744 5551; x_wconf 85' lang='lat' dir='ltr'><strong>rationi</strong></span> <span class='ocrx_word' id='word_1_751' title='bbox 771 5496 903 5552; x_wconf 83' lang='lat' dir='ltr'><strong>solis</strong></span> <span class='ocrx_word' id='word_1_752' title='bbox 935 5493 1262 5567; x_wconf 69' lang='lat' dir='ltr'><strong>adsequetur.</strong></span> <span class='ocrx_word' id='word_1_753' title='bbox 1299 5493 1453 5563; x_wconf 84' lang='lat' dir='ltr'><strong>Quod</strong></span> <span class='ocrx_word' id='word_1_754' title='bbox 1485 5494 1822 5549; x_wconf 83' lang='lat' dir='ltr'><strong>verissimum</strong></span> 
     </span>
    </p>
   </div>
   <div class='ocr_carea' id='block_1_101' title="bbox 211 5581 1820 5667">
    <p class='ocr_par' dir='ltr' id='par_1_101' title="bbox 211 5581 1820 5667">
     <span class='ocr_line' id='line_1_101' title="bbox 211 5581 1820 5667; baseline -0.002 -24"><span class='ocrx_word' id='word_1_755' title='bbox 211 5600 351 5643; x_wconf 63' lang='lat' dir='ltr'><strong>esse</strong></span> <span class='ocrx_word' id='word_1_756' title='bbox 408 5595 572 5657; x_wconf 85' lang='lat' dir='ltr'><strong>atque</strong></span> <span class='ocrx_word' id='word_1_757' title='bbox 630 5587 989 5643; x_wconf 84' lang='lat' dir='ltr'><strong>certissimum</strong></span> <span class='ocrx_word' id='word_1_758' title='bbox 1046 5588 1541 5667; x_wconf 84' lang='lat' dir='ltr'><strong>suprascriptorum</strong></span> <span class='ocrx_word' id='word_1_759' title='bbox 1598 5581 1820 5640; x_wconf 83' lang='lat' dir='ltr'><strong>Patrum</strong></span> 
     </span>
    </p>
   </div>
   <div class='ocr_carea' id='block_1_102' title="bbox 1932 4661 3508 4737">
    <p class='ocr_par' dir='ltr' id='par_1_102' title="bbox 1932 4661 3508 4737">
     <span class='ocr_line' id='line_1_102' title="bbox 1932 4661 3508 4737; baseline -0.004 -15"><span class='ocrx_word' id='word_1_760' title='bbox 1932 4670 2063 4734; x_wconf 64' lang='lat' dir='ltr'><strong>autc</strong></span> <span class='ocrx_word' id='word_1_761' title='bbox 2088 4670 2155 4736; x_wconf 89' lang='lat' dir='ltr'><strong>si,</strong></span> <span class='ocrx_word' id='word_1_762' title='bbox 2193 4677 2249 4722; x_wconf 86' lang='lat' dir='ltr'><strong>ut</strong></span> <span class='ocrx_word' id='word_1_763' title='bbox 2279 4676 2498 4737; x_wconf 86' lang='lat' dir='ltr'><strong>oportet,</strong></span> <span class='ocrx_word' id='word_1_764' title='bbox 2544 4682 2577 4719; x_wconf 83' lang='grc' dir='ltr'><em>α</em></span> <span class='ocrx_word' id='word_1_765' title='bbox 2607 4665 2802 4719; x_wconf 87' lang='lat' dir='ltr'><strong>cunctis</strong></span> <span class='ocrx_word' id='word_1_766' title='bbox 2840 4661 3172 4733; x_wconf 79' lang='lat' dir='ltr'><strong>pontiﬁcibus</strong></span> <span class='ocrx_word' id='word_1_767' title='bbox 3202 4664 3508 4717; x_wconf 77' lang='lat' dir='ltr'><strong>intemerata</strong></span> 
     </span>
    </p>
   </div>
   <div class='ocr_carea' id='block_1_103' title="bbox 1918 4754 3510 4831">
    <p class='ocr_par' dir='ltr' id='par_1_103' title="bbox 1918 4754 3510 4831">
     <span class='ocr_line' id='line_1_103' title="bbox 1918 4754 3510 4831; baseline -0.006 -14"><span class='ocrx_word' id='word_1_768' title='bbox 1918 4769 2200 4826; x_wconf 76' lang='lat' dir='ltr'><strong>serventur,</strong></span> <span class='ocrx_word' id='word_1_769' title='bbox 2241 4775 2332 4831; x_wconf 87' lang='lat' dir='ltr'><strong>per</strong></span> <span class='ocrx_word' id='word_1_770' title='bbox 2359 4759 2624 4813; x_wconf 84' lang='lat' dir='ltr'><strong>universas</strong></span> <span class='ocrx_word' id='word_1_771' title='bbox 2648 4754 2912 4811; x_wconf 80' lang='lat' dir='ltr'><strong>Ecclesias</strong></span> <span class='ocrx_word' id='word_1_772' title='bbox 2952 4770 3058 4826; x_wconf 78' lang='lat' dir='ltr'><strong>pax</strong></span> <span class='ocrx_word' id='word_1_773' title='bbox 3094 4754 3220 4820; x_wconf 84' lang='lat' dir='ltr'><strong>erit,</strong></span> <span class='ocrx_word' id='word_1_774' title='bbox 3266 4763 3317 4810; x_wconf 84' lang='lat' dir='ltr'><strong>et</strong></span> <span class='ocrx_word' id='word_1_775' title='bbox 3356 4755 3510 4825; x_wconf 83' lang='lat' dir='ltr'><strong>ﬁrma</strong></span> 
     </span>
    </p>
   </div>
   <div class='ocr_carea' id='block_1_104' title="bbox 1922 4844 3569 4927">
    <p class='ocr_par' dir='ltr' id='par_1_104' title="bbox 1922 4844 3569 4927">
     <span class='ocr_line' id='line_1_104' title="bbox 1922 4844 3569 4927; baseline -0.006 -21"><span class='ocrx_word' id='word_1_776' title='bbox 1922 4850 2221 4909; x_wconf 87' lang='lat' dir='ltr'><strong>concordia.</strong></span> <span class='ocrx_word' id='word_1_777' title='bbox 2253 4847 2321 4903; x_wconf 80' lang='lat' dir='ltr'><strong>Et</strong></span> <span class='ocrx_word' id='word_1_778' title='bbox 2347 4849 2578 4904; x_wconf 86' lang='lat' dir='ltr'><strong>iterum:</strong></span> <span class='ocrx_word' id='word_1_779' title='bbox 2636 4844 2703 4901; x_wconf 83' lang='lat' dir='ltr'><strong>In</strong></span> <span class='ocrx_word' id='word_1_780' title='bbox 2739 4844 3007 4911; x_wconf 86' lang='lat' dir='ltr'><strong>omnibus,</strong></span> <span class='ocrx_word' id='word_1_781' title='bbox 3040 4844 3245 4916; x_wconf 85' lang='lat' dir='ltr'><strong>inquit,</strong></span> <span class='ocrx_word' id='word_1_782' title='bbox 3275 4844 3510 4900; x_wconf 49' lang='lat' dir='ltr'><strong>ecctesiao</strong></span> <span class='ocrx_word' id='word_1_783' title='bbox 3562 4915 3569 4927; x_wconf 34' lang='grc'><strong>⁸</strong></span> 
     </span>
    </p>
   </div>
   <div class='ocr_carea' id='block_1_105' title="bbox 1923 4934 3589 5012">
    <p class='ocr_par' dir='ltr' id='par_1_105' title="bbox 1923 4934 3589 5012">
     <span class='ocr_line' id='line_1_105' title="bbox 1923 4934 3589 5012; baseline -0.004 -14"><span class='ocrx_word' id='word_1_784' title='bbox 1923 4944 2066 4998; x_wconf 84' lang='lat' dir='ltr'><strong>s&#39;icis</strong></span> <span class='ocrx_word' id='word_1_785' title='bbox 2089 4943 2280 5006; x_wconf 87' lang='lat' dir='ltr'><strong>causis,</strong></span> <span class='ocrx_word' id='word_1_786' title='bbox 2304 4941 2382 4995; x_wconf 91' lang='lat' dir='ltr'><strong>his</strong></span> <span class='ocrx_word' id='word_1_787' title='bbox 2409 4939 2603 5012; x_wconf 71' lang='lat' dir='ltr'><strong>legibus</strong></span> <span class='ocrx_word' id='word_1_788' title='bbox 2626 4936 2968 5008; x_wconf 87' lang='lat' dir='ltr'><strong>obsequimur,</strong></span> <span class='ocrx_word' id='word_1_789' title='bbox 2993 4952 3122 5009; x_wconf 83' lang='lat' dir='ltr'><strong>quas</strong></span> <span class='ocrx_word' id='word_1_790' title='bbox 3146 4937 3215 4990; x_wconf 89' lang='lat' dir='ltr'><strong>ad</strong></span> <span class='ocrx_word' id='word_1_791' title='bbox 3235 4937 3509 5008; x_wconf 81' lang='lat' dir='ltr'><strong>paciﬁcum</strong></span> <span class='ocrx_word' id='word_1_792' title='bbox 3584 4934 3589 4937; x_wconf 71' lang='grc'><strong>’</strong></span> 
     </span>
    </p>
   </div>
   <div class='ocr_carea' id='block_1_106' title="bbox 1921 5028 3502 5099">
    <p class='ocr_par' dir='ltr' id='par_1_106' title="bbox 1921 5028 3502 5099">
     <span class='ocr_line' id='line_1_106' title="bbox 1921 5028 3502 5099; baseline -0.007 -9"><span class='ocrx_word' id='word_1_793' title='bbox 1921 5034 2302 5090; x_wconf 83' lang='lat' dir='ltr'><strong>observantiam</strong></span> <span class='ocrx_word' id='word_1_794' title='bbox 2331 5035 2559 5087; x_wconf 87' lang='lat' dir='ltr'><strong>omnimn</strong></span> <span class='ocrx_word' id='word_1_795' title='bbox 2592 5028 2916 5087; x_wconf 83' lang='lat' dir='ltr'><strong>sacerdotum</strong></span> <span class='ocrx_word' id='word_1_796' title='bbox 2956 5044 3048 5099; x_wconf 87' lang='lat' dir='ltr'><strong>per</strong></span> <span class='ocrx_word' id='word_1_797' title='bbox 3075 5036 3330 5084; x_wconf 85' lang='lat' dir='ltr'><strong>trecentos</strong></span> <span class='ocrx_word' id='word_1_798' title='bbox 3361 5037 3502 5082; x_wconf 81' lang='lat' dir='ltr'><strong>octo-</strong></span> 
     </span>
    </p>
   </div>
   <div class='ocr_carea' id='block_1_107' title="bbox 1925 5118 3511 5193">
    <p class='ocr_par' dir='ltr' id='par_1_107' title="bbox 1925 5118 3511 5193">
     <span class='ocr_line' id='line_1_107' title="bbox 1925 5118 3511 5193; baseline -0.005 -14"><span class='ocrx_word' id='word_1_799' title='bbox 1925 5124 2091 5179; x_wconf 80' lang='lat' dir='ltr'><strong>decim</strong></span> <span class='ocrx_word' id='word_1_800' title='bbox 2114 5124 2370 5179; x_wconf 86' lang='lat' dir='ltr'><strong>antistites</strong></span> <span class='ocrx_word' id='word_1_801' title='bbox 2394 5124 2621 5193; x_wconf 84' lang='lat' dir='ltr'><strong>Spiritus</strong></span> <span class='ocrx_word' id='word_1_802' title='bbox 2645 5130 2856 5176; x_wconf 88' lang='lat' dir='ltr'><strong>sanctus</strong></span> <span class='ocrx_word' id='word_1_803' title='bbox 2878 5120 3137 5175; x_wconf 87' lang='lat' dir='ltr'><strong>instituit:</strong></span> <span class='ocrx_word' id='word_1_804' title='bbox 3159 5118 3236 5174; x_wconf 88' lang='lat' dir='ltr'><strong>ita</strong></span> <span class='ocrx_word' id='word_1_805' title='bbox 3259 5128 3317 5173; x_wconf 87' lang='lat' dir='ltr'><strong>ut</strong></span> <span class='ocrx_word' id='word_1_806' title='bbox 3340 5122 3511 5174; x_wconf 82' lang='lat' dir='ltr'><strong>etimn-</strong></span> 
     </span>
    </p>
   </div>
   <div class='ocr_carea' id='block_1_108' title="bbox 1923 5212 3509 5287">
    <p class='ocr_par' dir='ltr' id='par_1_108' title="bbox 1923 5212 3509 5287">
     <span class='ocr_line' id='line_1_108' title="bbox 1923 5212 3509 5287; baseline -0.006 -15"><span class='ocrx_word' id='word_1_807' title='bbox 1923 5218 1971 5273; x_wconf 83' lang='lat' dir='ltr'><strong>si</strong></span> <span class='ocrx_word' id='word_1_808' title='bbox 1998 5218 2160 5273; x_wconf 84' lang='lat' dir='ltr'><strong>multo</strong></span> <span class='ocrx_word' id='word_1_809' title='bbox 2184 5216 2354 5287; x_wconf 84' lang='lat' dir='ltr'><strong>plures</strong></span> <span class='ocrx_word' id='word_1_810' title='bbox 2378 5216 2542 5281; x_wconf 87' lang='lat' dir='ltr'><strong>aliud,</strong></span> <span class='ocrx_word' id='word_1_811' title='bbox 2591 5228 2745 5285; x_wconf 87' lang='lat' dir='ltr'><strong>quam</strong></span> <span class='ocrx_word' id='word_1_812' title='bbox 2788 5212 2870 5269; x_wconf 87' lang='lat' dir='ltr'><strong>illi</strong></span> <span class='ocrx_word' id='word_1_813' title='bbox 2915 5221 3164 5277; x_wconf 80' lang='lat' dir='ltr'><strong>statuere,</strong></span> <span class='ocrx_word' id='word_1_814' title='bbox 3209 5212 3509 5275; x_wconf 83' lang='lat' dir='ltr'><strong>decernant,</strong></span> 
     </span>
    </p>
   </div>
   <div class='ocr_carea' id='block_1_109' title="bbox 1922 5300 3510 5377">
    <p class='ocr_par' dir='ltr' id='par_1_109' title="bbox 1922 5300 3510 5377">
     <span class='ocr_line' id='line_1_109' title="bbox 1922 5300 3510 5377; baseline -0.005 -16"><span class='ocrx_word' id='word_1_815' title='bbox 1922 5309 1979 5361; x_wconf 88' lang='lat' dir='ltr'><strong>in</strong></span> <span class='ocrx_word' id='word_1_816' title='bbox 2028 5306 2174 5361; x_wconf 89' lang='lat' dir='ltr'><strong>nulla</strong></span> <span class='ocrx_word' id='word_1_817' title='bbox 2217 5311 2503 5361; x_wconf 82' lang='lat' dir='ltr'><strong>rererentia</strong></span> <span class='ocrx_word' id='word_1_818' title='bbox 2548 5306 2616 5359; x_wconf 85' lang='lat' dir='ltr'><strong>sit</strong></span> <span class='ocrx_word' id='word_1_819' title='bbox 2658 5303 2966 5370; x_wconf 85' lang='lat' dir='ltr'><strong>habendum,</strong></span> <span class='ocrx_word' id='word_1_820' title='bbox 3016 5300 3265 5377; x_wconf 82' lang='lat' dir='ltr'><strong>quidquid</strong></span> <span class='ocrx_word' id='word_1_821' title='bbox 3295 5303 3454 5376; x_wconf 74' lang='lat' dir='ltr'><strong>fuerit</strong></span> <span class='ocrx_word' id='word_1_822' title='bbox 3484 5315 3510 5353; x_wconf 83' lang='grc' dir='ltr'><em>α</em></span> 
     </span>
    </p>
   </div>
   <div class='ocr_carea' id='block_1_110' title="bbox 1927 5395 2991 5471">
    <p class='ocr_par' dir='ltr' id='par_1_110' title="bbox 1927 5395 2991 5471">
     <span class='ocr_line' id='line_1_110' title="bbox 1927 5395 2991 5471; baseline -0.004 -18"><span class='ocrx_word' id='word_1_823' title='bbox 1927 5400 2293 5471; x_wconf 65' lang='lat' dir='ltr'><strong>praedictorum</strong></span> <span class='ocrx_word' id='word_1_824' title='bbox 2316 5398 2684 5453; x_wconf 84' lang='lat' dir='ltr'><strong>constitutione</strong></span> <span class='ocrx_word' id='word_1_825' title='bbox 2711 5395 2991 5450; x_wconf 79' lang='lat' dir='ltr'><strong>diversum.</strong></span> 
     </span>
    </p>
   </div>
   <div class='ocr_carea' id='block_1_111' title="bbox 1995 5484 3507 5561">
    <p class='ocr_par' dir='ltr' id='par_1_111' title="bbox 1995 5484 3507 5561">
     <span class='ocr_line' id='line_1_111' title="bbox 1995 5484 3507 5561; baseline -0.003 -15"><span class='ocrx_word' id='word_1_826' title='bbox 1995 5490 2354 5558; x_wconf 83' lang='lat' dir='ltr'><strong>Suﬂicienter,</strong></span> <span class='ocrx_word' id='word_1_827' title='bbox 2408 5497 2467 5545; x_wconf 93' lang='lat' dir='ltr'><strong>ut</strong></span> <span class='ocrx_word' id='word_1_828' title='bbox 2516 5498 2787 5561; x_wconf 88' lang='lat' dir='ltr'><strong>putamus,</strong></span> <span class='ocrx_word' id='word_1_829' title='bbox 2840 5486 3050 5544; x_wconf 89' lang='lat' dir='ltr'><strong>cunctis</strong></span> <span class='ocrx_word' id='word_1_830' title='bbox 3103 5484 3389 5556; x_wconf 89' lang='lat' dir='ltr'><strong>indicitur,</strong></span> <span class='ocrx_word' id='word_1_831' title='bbox 3444 5497 3507 5541; x_wconf 76' lang='lat' dir='ltr'><strong>ne</strong></span> 
     </span>
    </p>
   </div>
   <div class='ocr_carea' id='block_1_112' title="bbox 1924 5575 3504 5655">
    <p class='ocr_par' dir='ltr' id='par_1_112' title="bbox 1924 5575 3504 5655">
     <span class='ocr_line' id='line_1_112' title="bbox 1924 5575 3504 5655; baseline -0.005 -14"><span class='ocrx_word' id='word_1_832' title='bbox 1924 5584 2179 5655; x_wconf 84' lang='lat' dir='ltr'><strong>deinceps</strong></span> <span class='ocrx_word' id='word_1_833' title='bbox 2209 5584 2365 5641; x_wconf 86' lang='lat' dir='ltr'><strong>aliter</strong></span> <span class='ocrx_word' id='word_1_834' title='bbox 2392 5596 2553 5655; x_wconf 88' lang='lat' dir='ltr'><strong>quam</strong></span> <span class='ocrx_word' id='word_1_835' title='bbox 2576 5595 2608 5637; x_wconf 87' lang='lat' dir='ltr'><strong>a</strong></span> <span class='ocrx_word' id='word_1_836' title='bbox 2632 5578 2838 5638; x_wconf 86' lang='lat' dir='ltr'><strong>sanctis</strong></span> <span class='ocrx_word' id='word_1_837' title='bbox 2862 5580 3211 5636; x_wconf 86' lang='lat' dir='ltr'><strong>constitutum</strong></span> <span class='ocrx_word' id='word_1_838' title='bbox 3232 5583 3318 5635; x_wconf 85' lang='lat' dir='ltr'><strong>est</strong></span> <span class='ocrx_word' id='word_1_839' title='bbox 3340 5575 3504 5634; x_wconf 82' lang='lat' dir='ltr'><strong>Patri-</strong></span> 
     </span>
    </p>
   </div>
   <div class='ocr_carea' id='block_1_113' title="bbox 327 5781 3503 5875">
    <p class='ocr_par' dir='ltr' id='par_1_113' title="bbox 327 5781 3503 5875">
     <span class='ocr_line' id='line_1_113' title="bbox 327 5781 3503 5875; baseline -0.007 -17"><span class='ocrx_word' id='word_1_840' title='bbox 327 5798 353 5828; x_wconf 84' lang='grc'><strong><em>⁸</em></strong></span> <span class='ocrx_word' id='word_1_841' title='bbox 391 5790 566 5862; x_wconf 70' lang='lat' dir='ltr'><strong>Aliae.</strong></span> <span class='ocrx_word' id='word_1_842' title='bbox 618 5810 729 5850; x_wconf 81' lang='lat' dir='ltr'><strong>cum</strong></span> <span class='ocrx_word' id='word_1_843' title='bbox 761 5801 987 5849; x_wconf 66' lang='lat' dir='ltr'><strong>sanctum</strong></span> <span class='ocrx_word' id='word_1_844' title='bbox 1021 5809 1303 5875; x_wconf 66' lang='lat' dir='ltr'><strong>concilium</strong></span> <span class='ocrx_word' id='word_1_845' title='bbox 1344 5794 1493 5868; x_wconf 82' lang='lat' dir='ltr'><strong>apud</strong></span> <span class='ocrx_word' id='word_1_846' title='bbox 1532 5790 1866 5849; x_wconf 84' lang='lat' dir='ltr'><strong>Antiochiam</strong></span> <span class='ocrx_word' id='word_1_847' title='bbox 1902 5798 2018 5863; x_wconf 81' lang='lat' dir='ltr'><strong>post</strong></span> <span class='ocrx_word' id='word_1_848' title='bbox 2058 5799 2317 5863; x_wconf 79' lang='lat' dir='ltr'><strong>tempora,</strong></span> <span class='ocrx_word' id='word_1_849' title='bbox 2365 5795 2509 5845; x_wconf 88' lang='lat' dir='ltr'><strong>etc.:</strong></span> <span class='ocrx_word' id='word_1_850' title='bbox 2553 5787 2790 5857; x_wconf 87' lang='lat' dir='ltr'><strong>rectius,</strong></span> <span class='ocrx_word' id='word_1_851' title='bbox 2832 5791 2892 5843; x_wconf 85' lang='lat' dir='ltr'><strong>ut</strong></span> <span class='ocrx_word' id='word_1_852' title='bbox 2931 5797 3001 5840; x_wconf 85' lang='lat' dir='ltr'><strong>ex</strong></span> <span class='ocrx_word' id='word_1_853' title='bbox 3039 5782 3390 5853; x_wconf 85' lang='lat' dir='ltr'><strong>sequentibus</strong></span> <span class='ocrx_word' id='word_1_854' title='bbox 3428 5781 3503 5835; x_wconf 82' lang='lat' dir='ltr'><strong>vi-</strong></span> 
     </span>
    </p>
   </div>
   <div class='ocr_carea' id='block_1_114' title="bbox 204 5859 408 5919">
    <p class='ocr_par' dir='ltr' id='par_1_114' title="bbox 204 5859 408 5919">
     <span class='ocr_line' id='line_1_114' title="bbox 204 5859 408 5919; baseline 0 -1"><span class='ocrx_word' id='word_1_855' title='bbox 204 5859 408 5919; x_wconf 74' lang='lat' dir='ltr'><strong>dem.</strong></span> 
     </span>
    </p>
   </div>
  </div>
