3946 6336
511 373 580 446 sa
1861 370 2152 430 DlONYSll
2182 367 2414 429 exrcm
3708 359 3791 422 at

510 488 634 558 bus,
655 485 1074 546 meratlssimum
1100 483 1306 542 Pascha
1335 484 1654 543 celebretur.
1685 483 1839 553 Quod
1867 486 1910 542 si
1936 487 2088 541 testi-
2117 492 2163 548 Α
2196 485 2349 554 dum,
2377 495 2711 551 communes,
2740 481 2792 538 id
2817 490 2901 540 est
2919 482 3154 540 minores
3181 481 3399 552 habeat,
3431 482 3649 544 tertium
3674 498 3794 539 em-

510 581 690 636 rnonia
717 587 985 634 tantorum
1017 578 1357 634 sacerdotum
1407 579 1629 633 forsitan
1673 577 1794 645 quis
1823 576 2090 633 obst'nata

508 678 690 726 mente
712 669 1033 740 despexerit,
1058 669 1295 723 etiamin
1321 668 1540 723 historia
1561 667 1922 723 ecclesiastica
1942 666 2093 737 paria

509 762 745 820 breviter
791 761 1030 815 intimata
1075 759 1336 830 reperiet;
1386 759 1784 828 multorumque
1830 757 2094 814 relatione

509 852 844 923 pontificum,
893 858 948 905 et
975 850 1209 905 maxime
1236 850 1379 905 beati
1409 849 1707 914 Athanasii,
1757 847 1908 917 cujus
1929 862 2092 917 supra

508 945 874 1009 meminimus,
923 944 1036 998 haec
1060 943 1246 997 eadem
1277 943 1490 1010 vulgata
1517 950 1826 1012 cognoscet.
1860 941 2094 1011 ldipsum

507 1050 643 1090 vero
671 1032 901 1102 epistola
941 1032 1114 1088 sancti
1142 1030 1370 1086 Proterii
1397 1031 1772 1086 Alexandrina:
1803 1032 1947 1086 urbis
1976 1031 2092 1100 epi-

506 1124 660 1193 scopi
705 1122 770 1176 ad
823 1122 1071 1177 eumdem
1118 1136 1310 1191 papam
1342 1120 1577 1176 Leonem
1617 1135 1717 1191 pro
1764 1121 1865 1174 hac
1907 1120 2093 1174 eadem

507 1214 750 1288 paschali
787 1213 1086 1284 quaestione
1113 1213 1336 1278 directa,
1367 1220 1594 1267 testatur
1619 1230 1631 1266 :
1658 1227 1819 1281 quam
1842 1219 1968 1266 ante
1997 1212 2096 1267 hos

509 1320 681 1360 annos
708 1301 1092 1358 transferentes
1125 1317 1156 1356 e
1184 1303 1390 1368 Graeco,
1441 1303 1564 1357 huic
1604 1304 1756 1372 operi
1801 1302 2093 1357 adnecten-

507 1398 630 1451 dam
648 1411 770 1451 esse
787 1394 1158 1464 perspeximus
1181 1393 1302 1465 (aL,
1329 1393 1724 1463 prospeximus)
1752 1411 1763 1445 :
1791 1408 1889 1448 nec
1913 1408 2016 1446 non
2042 1401 2097 1446 et

507 1493 823 1552 argumenta
863 1482 1242 1555 Egyptiorum
1271 1483 1566 1552 sagacitate
1595 1484 1813 1552 quaesita
1855 1482 2095 1537 subdidi-

509 1594 659 1644 mus;
688 1578 900 1648 quibus,
933 1577 978 1632 si
1022 1575 1246 1631 forsitan
1279 1575 1610 1643 ignorentur,
1642 1575 1927 1645 paschales
1955 1576 2096 1630 tituli

509 1668 720 1737 possint
764 1665 920 1720 facile
967 1664 1230 1734 reperiri:
1267 1663 1448 1728 idest,
1496 1672 1692 1732 quotus
1731 1664 1801 1719 sit
1829 1679 2003 1718 annus
2027 1665 2095 1720 ab

506 1757 885 1813 lncarnatione
910 1754 1142 1821 Domini,
1193 1760 1248 1809 et
1277 1761 1442 1824 quota
1481 1753 1552 1807 sit
1599 1752 1852 1819 indictio;
1899 1762 2096 1822 quotus

510 1851 675 1906 etiam
723 1848 924 1903 lunaris
970 1847 1220 1910 circulus,
1279 1846 1392 1900 sive
1420 1845 1928 1902 decemnovennalis
1977 1848 2090 1900 cxi-
2130 1857 2168 1914 Β
2195 1854 2412 1921 munis,
2479 1854 2794 1910 undecimus
2836 1854 3185 1910 embolismus

507 1950 650 2008 stat;
679 1940 967 2010 caeterique
995 1939 1152 1994 simili
1182 1938 1302 2007 (aL,
1321 1945 1621 2008 casteraque
1648 1938 1863 2008 similia)
1892 1955 2094 2009 διῳνω-

509 2034 734 2089 tationis
762 2032 1084 2103 compendio
1114 2031 1477 2102 requirantur.
1517 2028 1775 2086 Orantem
1813 2046 1913 2102 pro
1941 2031 2097 2088 nobis

507 2125 896 2181 beatitudinem
949 2130 1182 2181 vestram
1229 2122 1408 2178 divina
1455 2121 1628 2193 gratia
1681 2121 1956 2179 custodire
2016 2120 2099 2178 di-

505 2231 614 2287 gne
623 2224 731 2273 tur.

1091 2347 1424 2406 EPISTOLA
1461 2346 1526 2404 ll.

762 2465 980 2519 Semen
1019 2476 1158 2516 anno
1196 2474 1407 2516 cums'rt
1443 2473 1671 2515 VULGARI
1712 2456 1833 2514 526.

589 2571 832 2631 Dominis
858 2589 888 2629 a
916 2589 1005 2630 me
1029 2573 1316 2644 plurimum
1345 2572 1664 2628 venerandis
1695 2572 1965 2630 Bonifacio
1990 2573 2095 2644 pri-

514 2668 738 2725 micerio
767 2667 1122 2733 notariorum,
1151 2673 1208 2722 e’t
1221 2666 1372 2722 Bono
1394 2665 1789 2732 secundicerio,
1815 2665 2104 2739 Dionysius

513 2759 754 2828 Exiguus
783 2758 1030 2813 salutem.

588 2851 953 2907 Observantize
985 2850 1103 2922 (aL,
1135 2848 1496 2916 Reverentize,
1523 2867 1628 2906 non
1657 2849 1805 2921 bene)
1834 2850 2105 2921 paschalis

514 2943 776 3011 regulam,
808 2940 900 2995 diu
928 2949 1117 2996 sancto
1146 2955 1211 2995 ac
1242 2941 1536 2996 venerabili
1565 2941 1819 2998 Petronio
1849 2943 2104 3013 episcopo

513 3042 914 3099 commonente,
949 3032 1163 3088 tandem
1192 3032 1335 3103 stylo
1363 3033 1744 3088 commendare
1769 3028 2098 3103 compulsus,

513 3138 730 3178 omnem
761 3122 1014 3192 deinceps
1063 3122 1389 3177 diversitatis
1416 3124 1870 3192 oppugnationem
1917 3124 2100 3180 subla-

2193 579 2502 648 bolismum,
2524 578 2578 634 id
2597 586 2683 635 est
2703 578 2992 646 majorem;
3022 594 3224 634 annum
3249 587 3499 649 quartum
3529 588 3586 636 et
3615 581 3780 650 quin-

2196 677 2310 724 tum
2341 669 2471 725 item
2511 684 2846 733 communes,
2892 678 3102 725 sextum
3149 671 3558 740 embolismum;
3606 672 3787 744 septi-

2193 773 2342 814 mum
2370 773 2732 824 communem,
2759 768 3009 815 octavum
3035 762 3432 817 embolismum.
3462 763 3541 818 Ae
3560 779 3658 833 per
3678 765 3794 819 hoc.

2195 850 2456 919 ogdoadis
2483 866 2796 907 communes
2824 853 2950 908 anni
2975 853 3231 923 quinque,
3257 861 3312 908 et
3339 862 3449 910 tres
3477 855 3791 911 embolismi

2191 939 2392 1010 jugiter
2417 941 2776 999 ascribuntur.
2809 942 3124 998 Communis
3168 951 3349 998 autem
3379 959 3552 1000 annus
3578 945 3792 1001 duode-

2195 1031 2302 1086 cim
2330 1031 2544 1086 lunares
2571 1046 2781 1086 menses
2810 1032 3031 1101 colligit,
3061 1033 3150 1102 qui
3180 1033 3295 1089 dies
3324 1041 3599 1090 trecentos
3625 1036 3792 1105 quin-

2196 1121 2450 1190 quaginta
2469 1129 2701 1191 quatuor
2723 1122 2980 1177 elliciunt.
3009 1122 3365 1178 Embolismus
3394 1133 3574 1180 autem
3587 1140 3791 1194 annus,

2197 1222 2253 1269 et
2274 1215 2427 1269 lunas
2457 1214 2734 1281 tredecim,
2791 1223 2849 1270 et
2885 1215 3002 1270 dies
3030 1223 3309 1271 trecentos
3345 1217 3617 1285 octoginta
3646 1234 3794 1288 qua-

2200 1316 2324 1362 tuor
2365 1307 2564 1362 habere
2612 1314 2959 1364 monstratur.
3019 1307 3152 1363 Item
3201 1308 3475 1364 hendecas
3520 1309 3622 1364 hac
3667 1310 3794 1378 lego

2199 1397 2474 1453 discurrit.
2505 1397 2698 1468 Incipit
2741 1414 2885 1454 nono
2911 1413 3054 1470 anno
3082 1399 3222 1470 cyeli
3251 1400 3792 1471 decemnovennalis,

2198 1491 2289 1561 qui
2335 1499 2419 1545 est
2465 1491 2668 1546 lunaris
2695 1498 2879 1546 sextus
2927 1508 2939 1544 :
2983 1490 3136 1560 cujus
3173 1491 3379 1559 primus
3425 1500 3484 1546 et
3519 1494 3796 1550 secundus

2199 1599 2373 1640 annus
2399 1585 2701 1639 communis
2725 1592 2829 1649 est,
2857 1583 3047 1638 tertius
3074 1583 3458 1650 embolismus;
3490 1593 3714 1653 quartus
3735 1595 3797 1641 et

2197 1673 2418 1743 quintus
2458 1674 2781 1737 communis,
2812 1681 2998 1729 sextus
3025 1674 3401 1741 embolismus;
3445 1675 3704 1744 septimus
3735 1685 3795 1731 et

2199 1773 2422 1820 octavus
2436 1765 2738 1820 communis
2754 1781 2771 1831 ;
2787 1779 2962 1820 nonus
2979 1764 3353 1831 embolismus;
3378 1765 3619 1821 decimus
3637 1781 3794 1822 com-

3225 1872 3239 1908 :
3289 1855 3475 1924 sicque
3521 1855 3794 1913 hendecas

2200 1946 2577 2003 communibus
2605 1947 2762 2003 annis
2789 1934 3020 2017 septem,
3054 1944 3386 2002 embolismis
3419 1955 3654 2017 quatuor
3678 1956 3794 2004 ter-

2199 2037 2454 2092 minatur.
2505 2035 2960 2093 Embolismorum
2988 2043 3171 2092 autem
3213 2037 3314 2092 ista
3361 2038 3502 2094 ratio
3531 2038 3794 2108 probatur

2200 2128 2436 2183 existere
2454 2169 2470 2193 ,
2516 2127 2644 2198 quia
2672 2142 2938 2182 annorum
2964 2128 3328 2184 communium
3354 2129 3569 2184 videtur
3593 2130 3794 2187 damna

2199 2217 2452 2288 supplere
2485 2235 2499 2271 :
2529 2225 2797 2286 quatenus
2823 2217 2889 2271 ad
2917 2217 3095 2273 solare
3141 2226 3354 2289 tempus
3399 2219 3603 2274 lunaris
3643 2235 3793 2275 exar-

2200 2318 2396 2378 quetur
2421 2307 2691 2364 excursio.
2717 2305 2971 2374 Quamvis
2990 2308 3134 2363 enim
3164 2308 3291 2364 anni
3318 2308 3510 2364 solaris
3529 2309 3793 2366 circulum

2201 2413 2300 2469 per
2325 2399 2565 2466 singulos
2587 2413 2800 2454 menses
2829 2398 2954 2454 luna
2983 2399 3303 2467 circumeat,
3325 2407 3505 2456 tamen
3526 2400 3645 2470 ejus
3663 2417 3793 2470 per-

2199 2489 2492 2546 fectionem
2521 2489 2805 2546 duodecim
2831 2489 2943 2546 suis
2967 2490 3244 2546 mensibus
3270 2490 3494 2561 implere
3515 2507 3624 2546 non
3654 2507 3797 2562 prae-

2201 2581 2364 2636 valet.
2409 2580 2650 2650 Denique
2690 2580 2745 2636 in
2786 2581 2941 2635 annis
2985 2579 3364 2636 communibus
3409 2581 3481 2636 ad
3520 2583 3793 2638 rationem

2203 2670 2398 2725 solaris
2425 2670 2552 2724 anni
2605 2669 2856 2726 undecim
2889 2669 3006 2726 dies
3053 2670 3194 2726 luna:
3234 2671 3426 2728 deesse
3473 2681 3792 2731 cernuntur.

2203 2756 2262 2813 ln
2282 2758 2613 2814 embolismis
2640 2772 2770 2814 vero
2795 2757 3164 2814 novemdecim
3193 2758 3382 2816 diebus
3416 2761 3663 2817 eumdem
3689 2777 3794 2818 an-

2204 2865 2331 2905 num
2359 2849 2568 2904 videtur
2591 2849 2824 2905 solarem
2854 2849 2979 2904 luna
3020 2851 3418 2908 transcendere.
3451 2851 3797 2924 Quapropter

2204 2940 2462 3009 ogdoadis
2490 2947 2546 2995 et
2572 2939 2899 2995 hendecadis
2942 2954 3134 3006 annos,
3179 2939 3334 3009 juxta
3366 2942 3574 3012 praefati
3602 2945 3795 3001 circuli

2205 3031 2474 3099 ordinem,
2503 3031 2558 3086 in
2589 3030 2826 3087 medium
2853 3032 3217 3102 proferamus;
3247 3042 3305 3089 et
3326 3034 3528 3103 liquido
3548 3038 3797 3106 probabi-

2207 3139 2344 3190 mus,
2375 3138 2472 3194 per
2499 3130 2625 3178 octo
2649 3137 2822 3178 annos
2857 3129 2912 3178 et
2940 3123 3212 3192 undecim,
3253 3124 3396 3180 luna:
3423 3141 3639 3183 cursura
3667 3144 3795 3185 cum

513 3221 625 3266 tam
655 3211 770 3268 fore
809 3212 1175 3277 credideram;
1208 3213 1440 3267 maxime
1467 3213 1612 3283 quod
1653 3222 1964 3270 sanctorum
1996 3223 2102 3270 tre-
2130 3215 2177 3279 C
2205 3214 2321 3268 sole
2350 3212 2676 3268 contendere
2719 3229 2732 3267 :
2765 3212 2981 3284 quando
3011 3221 3095 3269 tot
3121 3214 3237 3270 dies
3279 3215 3368 3270 illa
3398 3216 3617 3288 colligat
3658 3229 3800 3289 quot

514 3312 797 3359 centorum
846 3302 1149 3358 octodecim
1201 3303 1498 3358 antistitum
1543 3303 1635 3374 qui
1680 3304 1821 3374 apud
1868 3305 2101 3360 Nicaeam

513 3398 921 3458 convenerant,
975 3393 1352 3448 auctoritatem
1401 3394 1526 3448 totis
1582 3394 1787 3450 nisibus
1832 3396 2103 3451 insinuare

514 3501 830 3542 curaveram
858 3503 872 3539 :
898 3486 990 3556 qui
1038 3486 1091 3540 in
1135 3486 1252 3555 ipso
1293 3486 1524 3542 concilio
1550 3487 1860 3543 venerando
1888 3487 2104 3544 decem-

514 3576 878 3632 novennalem
908 3575 1117 3647 cyclum
1167 3576 1485 3646 regulariter
1530 3577 1839 3646 afligentes,
1885 3587 2104 3646 quartas

515 3669 753 3724 decimas
783 3669 936 3722 lunas
964 3668 1229 3738 paschalis
1254 3669 1608 3724 observantia:
1635 3685 1734 3740 per
1761 3671 1938 3726 omnia
1967 3679 2105 3726 tem-

520 3775 657 3829 pora
689 3759 792 3828 legi
832 3775 942 3813 sure
971 3759 1325 3815 revolutionis
1354 3760 1659 3815 immobiles
1689 3760 2101 3818 adnotaverunt.

516 3847 625 3904 Sed
667 3848 919 3918 quoniam
966 3849 1226 3904 sanctitas
1273 3857 1468 3914 vestra,
1513 3859 1631 3904 orta
1662 3850 1740 3905 rei
1769 3849 1925 3917 hujus
1953 3865 2103 3918 qua:-

517 3941 718 4008 stione,
758 3940 825 3996 de
864 3941 1084 3996 archivo
1113 3941 1370 3995 Romanae
1396 3940 1652 3997 Ecclesiae
1677 3942 1983 3998 Paschasini
2013 3959 2108 4000 ve-

517 4032 775 4088 nerabilis
802 4033 1040 4103 episcOpi
1070 4032 1291 4101 scripta,
1320 4048 1478 4104 quem
1507 4041 1722 4089 constat
1749 4051 1847 4105 pro
1873 4053 2104 4106 persona

517 4125 814 4180 beatissimi
839 4140 992 4195 papa:
1021 4125 1217 4180 Leonis
1245 4133 1433 4180 sancto
1459 4125 1881 4183 Chalcedonensi
1909 4145 2106 4198 praese-

517 4216 665 4271 disse
694 4215 950 4283 concilio,
997 4215 1065 4269 ad
1099 4214 1347 4270 eumdem
1377 4231 1572 4286 papam
1603 4231 1700 4287 per
1727 4217 1868 4273 idem
1897 4227 2106 4289 tempus

518 4307 723 4362 directa
755 4322 896 4362 nunc
929 4306 1170 4377 protulit,
1220 4322 1339 4376 quze
1365 4308 1564 4364 sanctis
1592 4307 1839 4364 Patribus
1866 4309 2106 4368 evidenti

519 4402 732 4456 ratione
760 4401 1126 4467 consentiunt,
1159 4401 1284 4458 huic
1314 4401 1563 4472 praesenti
1593 4402 1883 4458 indidimus
1911 4405 2062 4473 operi
2088 4422 2103 4458 :

523 4501 583 4546 nt
612 4492 769 4562 hujus
793 4493 956 4547 etiam
987 4493 1086 4547 viri
1115 4492 1426 4547 testimonio
1450 4494 1767 4560 niteremur,
1799 4495 1891 4563 qui
1933 4496 2106 4549 mani-

522 4584 663 4638 festo
705 4582 964 4638 miraculo
1022 4583 1409 4638 venerabilium
1469 4582 1784 4654 pontificum
1831 4585 2106 4654 paschalia

521 4676 740 4728 decreta
763 4673 1064 4729 confirmat.
1115 4672 1270 4740 Quod
1317 4689 1448 4729 vero
1474 4675 1528 4730 in
1557 4674 1771 4744 scriptis
1799 4674 1930 4745 ipsis
1959 4690 2109 4730 eom—

523 4765 766 4820 munium
812 4779 1074 4820 annorum
1120 4774 1176 4821 et
1227 4766 1667 4822 embolismornm
1715 4767 1921 4822 mentio
1971 4765 2111 4823 facta

522 4867 626 4921 est,
677 4865 732 4912 et
759 4872 789 4911 a
825 4857 1093 4913 nonnullis
1122 4857 1235 4912 haec
1281 4858 1440 4920 ratio,
1491 4872 1612 4928 quae
1641 4871 1707 4913 ex
1737 4856 2111 4926 Hebraaorum,

524 4955 585 5001 ut
613 4946 800 5012 fertur,
853 4945 1141 5001 traditione
1187 4945 1488 5014 descendit,
1531 4961 1863 5017 magnopere
1911 4947 2110 5018 qureri-

524 5047 634 5102 tur,
668 5039 807 5093 scire
827 5036 1154 5102 volentibus,
1172 5045 1348 5091 utrum
1379 5037 1503 5092 huic
1525 5046 1745 5106 paterna
1769 5039 1950 5107 regula
1983 5038 2106 5108 (aL,

525 5138 766 5199 paternae
811 5128 1028 5199 regulae)
1080 5143 1380 5184 consonare
1423 5128 1693 5186 videatur;
1746 5131 2108 5185 necessarium

525 5219 799 5285 duximus,
844 5227 900 5274 et
929 5220 1068 5275 hanc
1112 5219 1382 5288 notitiam,
1431 5235 1499 5274 ne
1548 5218 1804 5288 probetur
1848 5219 1901 5273 in
1930 5219 2110 5288 aliquo

528 5309 808 5374 dissidere,
839 5317 1026 5365 coacta
1056 5309 1320 5364 brevitate
1348 5310 1612 5376 digerere.

471 5427 479 5477 ι
599 5399 921 5457 Nerei-intus
974 5401 1191 5470 itaque,
1249 5402 1373 5470 quia
1423 5401 1560 5455 idem
1608 5400 2111 5456 decenmovennalis

469 5513 472 5520 ν
529 5491 710 5563 cyclus
735 5507 831 5562 per
847 5491 1144 5561 ogdoadem
1164 5502 1214 5546 et
1241 5491 1601 5546 hendecadem
1627 5507 1840 5562 semper
1869 5492 1919 5545 in
1951 5506 2009 5547 se
2026 5506 2109 5545 re-

530 5584 779 5637 volvitur.
807 5579 940 5637 Octo
968 5596 1196 5650 namque
1227 5590 1281 5636 et
1311 5582 1555 5636 undecim
1590 5582 1702 5651 ipse
1735 5597 1987 5636 numerus
2014 5596 2110 5634 ex—

530 5675 778 5742 plicatur.
809 5671 1022 5743 Ogdoas
1048 5687 1205 5741 ergo,
1253 5688 1372 5742 quze
1416 5673 1601 5741 incipit
1628 5688 1656 5724 a
1687 5675 1860 5741 primo
1890 5671 2107 5726 decem-

530 5767 814 5820 novennali
855 5767 1027 5836 cyclo,
1078 5767 1169 5835 qui
1200 5775 1282 5821 est
1311 5765 1509 5820 lunaris
1554 5766 1790 5820 decimus
1825 5767 2106 5834 septimus,

530 5855 631 5913 bac
660 5856 869 5912 ratione
911 5857 1212 5928 peragitur,
1261 5863 1320 5913 ut
1363 5870 1533 5913 annos
1573 5856 1801 5927 primum
1831 5864 1885 5910 et
1912 5871 2104 5911 secun-

2207 3303 2299 3359 ille
2327 3304 2646 3358 cucurrerit.

2280 3394 2334 3449 in
2354 3394 2598 3463 ogdoade
2621 3394 2851 3451 diximus
2871 3397 3106 3467 quinque
3125 3413 3297 3455 annos
3317 3414 3437 3456 esse
3455 3415 3797 3474 communes,

2207 3493 2318 3541 tres
2341 3486 2706 3542 embolismos.
2730 3486 3023 3556 Quinquies
3050 3503 3180 3558 ergo
3208 3493 3506 3548 trecenteni
3530 3495 3800 3566 quinqua-

2205 3576 2326 3645 geni
2356 3576 2625 3646 quaterni,
2675 3576 2809 3632 liunt
2855 3579 3003 3634 mille
3051 3581 3376 3650 septingenti
3420 3585 3795 3654 septuaginta;

2206 3676 2263 3724 et
2299 3675 2382 3724 ter
2425 3669 2725 3725 trecenteni
2766 3672 3016 3741 octogeni
3062 3675 3336 3742 quaterni,
3383 3676 3530 3731 mille
3578 3687 3797 3733 centum

2206 3757 2594 3827 quinquaginta
2642 3760 2770 3822 duo,
2819 3775 2884 3816 ac
2924 3777 3022 3830 per
3050 3763 3156 3819 hoc
3189 3764 3347 3819 simul
3380 3765 3514 3821 fiunt
3539 3767 3622 3825 bis
3653 3771 3800 3826 mille

2207 3852 2464 3918 nongenti
2495 3850 2674 3920 viginti
2720 3851 2850 3906 duo.
2901 3852 3162 3910 Similiter
3191 3863 3317 3912 octo
3341 3859 3468 3912 anni
3493 3860 3722 3926 solares,
3753 3863 3799 3917 si

2208 3940 2261 3995 in
2287 3956 2550 3997 summam
2578 3941 2914 4010 redigantur,
2969 3945 3021 4000 id
3054 3955 3138 3999 est
3165 3948 3337 4005 octies
3366 3951 3595 4006 trecenti
3634 3967 3798 4006 sexa-

2207 4032 2331 4101 geni
2352 4032 2524 4102 quini,
2552 4039 2609 4088 et
2637 4034 2930 4104 quadrans,
2961 4035 3164 4092 faciunt
3191 4039 3349 4093 simul
3384 4040 3467 4096 bis
3493 4042 3640 4097 mille
3662 4058 3805 4098 non-

2206 4133 2399 4192 gentos
2419 4124 2607 4192 viginti
2629 4124 2784 4179 duos.
2805 4124 2977 4180 Simili
3000 4129 3161 4183 modo
3181 4137 3238 4183 et
3259 4128 3586 4186 hendecadis
3603 4148 3795 4199 annos,

2208 4213 2300 4283 qui
2328 4223 2453 4268 sunt
2481 4229 2794 4269 communes
2841 4225 3071 4284 septem,
3115 4225 3171 4272 et
3198 4227 3431 4288 quatuor
3469 4220 3804 4290 embolismi,

2209 4306 2254 4361 si
2304 4305 2356 4359 in
2409 4319 2672 4360 summam
2719 4320 2783 4359 ea
2829 4320 2935 4374 qua
2983 4307 3218 4363 diximus
3251 4310 3636 4379 supputatione
3662 4325 3804 4365 eon-

2209 4395 2461 4465 gesseris,
2491 4395 2822 4450 tantumdem
2853 4410 2992 4465 pene
3031 4398 3295 4468 reperies,
3336 4407 3596 4468 quantum
3627 4399 3804 4455 unde-

2211 4488 2316 4542 cim
2344 4487 2550 4543 solares
2576 4487 2702 4540 anni
2741 4486 3066 4554 conficiunt;
3115 4489 3220 4544 hoc
3265 4499 3372 4556 est,
3417 4500 3610 4561 quater
3652 4491 3806 4547 mille

2136 4593 2184 4654 ι)
2211 4578 2639 4648 quatuordecim.
2696 4576 2824 4633 Haec
2861 4587 2944 4634 est
2970 4593 3101 4649 ergo
3151 4580 3610 4649 embolismorum,
3658 4581 3809 4638 sicut

2214 4668 2575 4737 przediximus,
2619 4668 2777 4734 ratio,
2811 4681 2870 4722 ut
2909 4669 3257 4726 incrementis
3294 4671 3408 4728 suis
3435 4672 3806 4729 communium

2212 4773 2478 4813 annorum
2501 4759 2824 4814 detrimenta
2851 4769 3224 4829 eompensent.

2284 4850 2390 4906 Sed
2415 4850 2526 4920 jam
2553 4853 2967 4922 pulcherrimam
2997 4854 3149 4909 vobis
3169 4863 3330 4923 atque
3352 4855 3666 4925 praeclaram
3687 4857 3807 4912 col-

2215 4940 2503 4996 lectionem
2552 4942 2720 5012 ipsius
2767 4943 2904 5014 cycli
2947 4943 3451 5000 decemnovennalts
3494 4948 3802 5016 ostendam,

2215 5047 2312 5102 per
2357 5047 2517 5100 quam
2563 5047 2778 5088 omnem
2829 5032 3081 5102 deinceps
3122 5034 3545 5103 ambiguitatem,
3599 5038 3644 5091 si
3693 5053 3803 5106 qua

2215 5131 2362 5178 mota
2390 5123 2568 5188 fuerit,
2599 5122 2885 5187 auferatis;
2915 5139 3015 5178 nec
3044 5124 3114 5178 sit
3144 5125 3215 5177 ita
3243 5126 3363 5194 quis
3392 5127 3558 5180 nimio
3577 5137 3808 5196 stupore

2213 5215 2510 5286 perculsus,
2558 5217 2649 5284 qui
2695 5216 3064 5270 demonstrata
3094 5216 3195 5269 sibi
3239 5217 3483 5272 veritatis
3525 5219 3644 5272 luce
3689 5233 3806 5274 non

2215 5308 2463 5375 gaudeat,
2497 5316 2551 5361 et
2581 5308 2894 5376 ignorantiae
2919 5308 3120 5362 relictis
3145 5309 3398 5374 tenebris,
3423 5317 3582 5363 tanta:
3605 5310 3807 5366 rationi

2216 5401 2461 5470 protinus
2491 5414 2596 5454 non
2627 5399 2953 5466 acquiescat.
2992 5398 3037 5451 A
3063 5399 3270 5454 decima
3317 5401 3505 5468 quinta
3535 5399 3660 5453 luna
3703 5415 3810 5470 pa-

2215 5493 2410 5547 schalis
2457 5491 2595 5554 festi,
2641 5491 2786 5554 anni,
2812 5490 2958 5544 verbi
2987 5492 3176 5560 gratia,
3209 5494 3579 5564 praecedentis,
3632 5508 3809 5564 usque

2215 5582 2282 5636 ad
2312 5582 2574 5635 decimam
2619 5588 2865 5649 quartam
2895 5583 3193 5651 sequentis,
3225 5583 3368 5652 quod
3415 5583 3738 5650 quaerimus,
3757 5585 3808 5638 si

2215 5673 2516 5726 communis
2545 5684 2716 5724 annus
2739 5677 2838 5735 est,
2874 5680 3141 5725 iret-entes
3161 5673 3545 5741 quinquaginta
3568 5680 3809 5741 quatuor

2216 5764 2330 5817 dies
2373 5763 2618 5826 habebit;
2668 5763 2712 5814 si
2766 5761 3144 5825 embolismus,
3210 5769 3479 5815 trecentos
3524 5762 3807 5829 octoginta

2217 5862 2462 5924 quatuor.
2497 5851 2650 5922 Quod
2686 5853 2730 5908 si
2761 5851 2876 5907 dies
2905 5865 3040 5906 unus
3066 5850 3186 5923 plus
3216 5851 3462 5908 minusve
3489 5852 3806 5922 contigerit,
