1985 3179
136 193 176 224 93
658 190 825 222 EPISTOLA
842 191 866 221 Il
885 190 930 220 DE

1003 189 1099 220 ΠΟΝΕ
1111 188 1272 220 ΡΑΒΕΙΙιΕ.
1742 188 1780 218 28

136 251 251 280 evidens
264 257 343 279 error
353 253 404 279 est.
414 249 541 287 Excepto
547 249 676 279 videlicet
685 257 757 277 anno
767 250 856 284 primo
864 255 936 284 saepe
952 250 971 278 A
989 247 1031 279 lis,
1041 246 1104 282 quia
1118 246 1269 275 communis
1282 251 1370 274 annos
1381 247 1433 279 est,
1441 247 1505 273 sunt
1515 243 1573 272 dies
1581 243 1695 273 trecenti
1701 244 1781 279 quin-

137 297 208 326 dicti
218 297 475 325 decemnovennalis
488 296 569 332 cycii,
586 303 668 330 quem
682 303 698 323 a
712 295 817 323 decima
837 298 933 330 quarta

138 341 204 369 luna
218 340 329 369 Paschte
342 341 440 375 ultimi,
466 341 492 368 id
507 344 550 368 est
562 341 628 368 noni
649 340 747 375 decimi
761 340 834 372 armi,
850 346 935 373 usque

137 387 174 414 ad
184 387 316 414 decimam
330 390 456 421 quartam
470 385 592 419 ejusdem
606 385 686 420 primi
702 391 845 413 numerare
858 391 935 411 cura-

138 440 201 460 mus
215 433 274 466 (aL,
295 432 487 461 musavimusl.
513 431 628 465 Propter
647 431 717 466 quod
743 431 813 458 idem
825 430 935 457 ultimus

136 482 262 511 epactas,
281 477 307 504 id
324 481 367 505 est
380 477 546 511 adiectiones
568 477 684 509 lunares,
700 476 848 504 octodenas
872 479 935 503 tunc

137 523 270 554 retinens,
285 522 373 557 primo
386 530 468 553 anno,
483 529 537 549 non
552 521 685 552 undecim,
700 526 729 549 ut
741 521 846 549 czeteris
858 520 936 548 annis

138 566 200 595 ﬁeri
214 567 291 598 solet,
307 567 356 594 sed
371 567 514 594 duodecim
527 566 587 594 dies
608 568 804 595 accommodat.
824 565 859 593 Et
871 566 934 600 quia

139 611 251 646 triginta
266 612 369 639 dierum
385 611 437 639 ﬁne
450 611 605 645 volvuntur,
620 611 691 638 nulla
712 615 806 646 epacta
822 611 847 637 in
862 611 937 645 prin-

139 657 214 692 cipio
234 657 319 692 ipsius
342 657 411 692 cycli
434 656 560 691 ponitur;
581 655 715 684 secundus
738 660 828 682 autem
851 662 937 683 annus

139 706 252 735 cpactas
264 701 388 728 undecim
410 701 542 735 suscipit:
560 705 586 727 et
602 701 673 733 ideo,
698 701 767 727 sicut
779 700 905 732 diximus,
922 707 936 726 a

138 745 246 772 decima
254 746 346 780 quinta
356 746 417 772 luna
430 745 538 773 Pascha:
548 746 625 780 primi
639 745 707 779 cyeli
719 752 802 778 usque
815 745 847 771 ad
858 745 936 771 linem

138 790 211 824 ejus.
236 790 262 817 in
284 790 473 818 communibus
496 794 523 817 et
544 790 708 817 etnholismis
722 790 799 816 annis
814 790 937 824 praeﬁxos

137 836 200 863 dies
221 843 270 862 nos
294 836 424 867 invenire,
450 843 504 862 non
520 835 628 862 dubium
652 839 702 862 est.
719 834 796 867 Quod
822 835 843 861 si
859 835 937 862 aliter

139 881 287 915 aliquando
303 881 492 908 calculantium
509 881 640 915 imperitia
659 880 739 907 fuerit
755 880 874 907 fortassis
887 889 935 906 (EX--

986 292 1114 328 quaginta
1128 295 1254 326 quatuor.

1022 337 1102 365 Anno
1127 336 1367 365 decemnovennali
1393 335 1532 367 secundo.
1562 334 1650 362 lunari
1676 334 1781 363 decimo

987 387 1097 416 octavo,
1124 383 1159 409 ab
1182 386 1279 410 octavo
1305 382 1365 409 idus
1387 381 1486 416 Aprilis
1505 388 1590 415 usque
1610 381 1636 408 in
1656 385 1781 409 octavum

987 429 1114 457 calendas
1128 428 1238 462 Aprilis,
1252 428 1316 462 quia
1331 427 1482 455 communis
1496 431 1550 460 est,
1571 431 1635 454 sunt
1654 426 1712 454 dies
1726 431 1782 454 tres

987 476 1059 504 centi
1075 475 1268 510 quinquaginta
1280 478 1406 508 quatuor.

1024 532 1104 559 Anno
1117 529 1354 558 dccemnovcnnali
1370 528 1462 562 tertio,
1478 528 1566 555 lunari
1577 527 1683 556 decimo
1698 534 1783 559 nouo,

988 583 1003 603 a
1015 576 1129 611 septimo
1143 575 1270 603 calendas
1281 575 1381 609 Aprilis
1395 581 1480 608 usque
1494 574 1521 600 in
1535 574 1593 601 idus
1601 574 1709 608 Aprilis.
1720 573 1783 607 quia

989 621 1165 649 emivolismus
1185 625 1241 654 est,
1264 621 1332 647 liunt
1351 619 1410 647 dies
1430 619 1546 647 trecenti
1565 620 1703 654 octoginta
1717 625 1785 654 (μιν

989 671 1061 694 tuor.
1769 672 1772 677 λ

1025 714 1103 741 Anno
1117 712 1355 741 decemnovenuali
1366 715 1474 746 quarto,
1495 711 1581 739 lunari
1597 710 1693 746 primo.
1707 718 1722 738 a
1734 710 1784 738 de-

990 758 1060 786 cimo
1075 762 1172 786 octavo
1191 757 1318 786 calendas
1330 757 1393 785 Maii
1408 763 1493 792 usque
1515 756 1541 784 in
1555 761 1680 792 quartum
1699 762 1786 784 nonat

989 805 1097 840 Aprilis,
1117 804 1179 839 quia
1191 803 1341 832 communis
1354 807 1406 835 est,
1424 803 1492 830 liunt
1505 802 1563 830 dies
1576 803 1689 830 trecenti
1703 801 1784 837 quin-

990 849 1117 884 quaginta
1134 853 1260 883 quatuor.

1027 892 1105 921 Anno
1120 893 1361 922 decemnovcnnali
1380 893 1488 929 quinto,
1515 893 1603 921 lunari
1624 892 1755 925 secundo,
1767 898 1784 919 a

139 927 272 961 positum,
284 927 335 954 hac
349 926 519 954 observantia
531 926 742 953 ratiocinationis
758 933 849 952 eorum
862 926 935 952 falsi~
953 938 977 968 Β
992 939 1073 967 lenio
1091 947 1176 966 nonas
1190 939 1289 973 Aprilis
1305 926 1398 973 uswe‘
1414 939 1440 966 in
1464 938 1634 966 undecimum
1657 937 1785 965 calend“

142 975 188 998 tas
202 976 339 1005 urguetur.

179 1026 267 1061 Atque
282 1030 312 1053 ut
322 1026 374 1053 hoc
384 1026 551 1053 manifestius
564 1027 650 1061 possit
663 1026 787 1061 intelligi,
800 1026 939 1061 praesentis

139 1073 206 1100 anni
221 1076 405 1100 monstremus
427 1073 563 1107 exemplo.
589 1072 703 1099 lnt'iCliO
727 1073 827 1107 quippe
842 1077 937 1107 quarta

141 1123 195 1151 est.
211 1122 240 1146 et
252 1117 353 1145 lunaris
367 1117 483 1145 circulus
499 1118 669 1150 undecimus;
686 1118 938 1145 decemnovennalis

141 1166 234 1199 cyclus
246 1162 368 1190 decimus
381 1167 503 1197 quartus.
518 1162 548 1189 Et
560 1163 687 1197 quoniam
702 1163 865 1190 hendecadis
878 1169 940 1189 sex-

141 1212 189 1236 tus
206 1214 294 1235 annus
308 1212 359 1240 est,
375 1216 436 1234 eum
459 1208 645 1234 emholismum
667 1215 728 1235 esse
751 1215 863 1234 necesse
887 1211 938 1234 est.

140 1253 168 1283 Δ
181 1254 289 1283 decima
302 1254 397 1289 quinta
420 1253 513 1288 itaque
536 1253 599 1280 luna
614 1252 743 1288 praeteriti
758 1252 830 1284 festi,
855 1258 941 1286 usque

140 1299 179 1328 ad
190 1299 325 1328 decimam
337 1302 463 1334 quartam
476 1298 627 1334 pnesentis,
649 1302 717 1333 quot
729 1302 792 1326 sunt
806 1298 864 1325 dies
877 1297 940 1324 dili-

141 1345 252 1380 gentius
275 1344 464 1379 inquimus:
486 1347 514 1371 et
537 1344 704 1371 inveniemus
726 1343 822 1378 procul
846 1342 938 1375 dubio,

140 1390 256 1425 quando
269 1389 372 1418 Pascha
386 1389 526 1417 celebrare
535 1389 693 1417 debeamus.
708 1388 858 1416 Transacto
868 1395 940 1416 anno

143 1443 196 1472 per
208 1435 386 1464 indictiooem
408 1435 517 1462 tertiam
532 1434 560 1462 in
575 1433 678 1462 Pascha
702 1434 792 1461 lunam
807 1434 939 1461 decimam

142 1484 271 1516 quartam
286 1487 359 1508 nono
372 1479 546 1508 calendarum
561 1472 691 1515 Aprilium
706 1480 759 1512 die,
772 1479 798 1506 id
813 1483 856 1507 est
866 1479 939 1513 vige-

141 1527 216 1555 simo
228 1530 328 1562 quarto
339 1526 439 1554 mensis
452 1525 541 1553 Martii
563 1524 654 1558 fuisse,
676 1525 737 1559 quis
759 1524 872 1556 dubitet,
893 1524 940 1559 qui

143 1578 240 1600 curam
254 1571 334 1606 hujus
347 1571 387 1599 rei
401 1570 503 1599 habere
516 1570 782 1605 quantulumcunque
795 1569 939 1604 cognosci-

991 984 1099 1019 Aprilis,
1114 984 1176 1018 quia
1191 984 1343 1012 communis
1356 987 1407 1017 est,
1424 983 1564 1011 tlunt‘dies
1577 982 1692 1010 trecenti
1704 982 1787 1017 quin-

989 1030 1118 1066 quaginta
1133 1034 1260 1065 quatuor.

1027 1075 1106 1102 Anno
1118 1075 1358 1103 decenmovennali
1380 1079 1470 1107 sexto.
1492 1075 1579 1103 lunari
1594 1074 1688 1107 tertio,
1711 1081 1727 1101 a
1739 1074 1788 1101 de-

992 1119 1066 1148 cimo
1079 1119 1207 1148 calendas
1218 1120 1318 1155 Aprilis
1331 1127 1418 1155 usque
1431 1120 1458 1148 in
1470 1124 1596 1156 quartmn
1611 1120 1671 1147 idus
1677 1120 1786 1155 Aprilis,

991 1164 1055 1199 quia
1069 1164 1245 1192 embolismus
1271 1168 1322 1198 est,
1347 1164 1416 1192 liunt
1437 1164 1495 1193 dies
1518 1165 1633 1193 trecenti
1650 1165 1788 1199 octoginta

991 1212 1118 1244 quatuor.

1028 1253 1107 1281 Anno
1127 1253 1368 1281 decemnovennali
1388 1254 1515 1289 septimo,
1537 1254 1626 1282 lunari
1649 1259 1756 1289 quarto.
1772 1260 1788 1282 a

992 1299 1075 1326 tertio
1089 1298 1149 1326 idus
1164 1298 1263 1333 Aprilis
1275 1305 1361 1333 usque
1370 1298 1397 1326 in
1413 1299 1521 1327 tertium
1535 1299 1662 1327 calendas
1678 1299 1788 1335 Aprilis,

991 1343 1054 1378 quia
1071 1344 1223 1372 communis
1237 1348 1288 1377 est,
1312 1342 1380 1371 ﬁunt
1391 1343 1451 1371 dies
1467 1344 1582 1372 trecenti
1593 1344 1788 1379 quinquaginta

991 1394 1120 1424 quatuor.

1029 1435 1108 1462 Anno
1116 1434 1355 1463 decemnovennali
1368 1438 1476 1469 octavo,
1492 1435 1579 1463 lunari
1592 1436 1697 1471 quinto,
1707 1443 1722 1463 a
1732 1435 1790 1471 pri-

994 1480 1038 1508 die
1056 1480 1185 1508 calendas
1197 1479 1297 1514 Aprilis
1316 1486 1402 1514 usque
1416 1480 1443 1507 in
1456 1480 1590 1508 decimum
1601 1486 1725 1515 quartum
1740 1489 1788 1508 ca-

993 1526 1087 1554 lendas
1101 1525 1174 1559 Maii,
1190 1526 1253 1560 quia
1269 1525 1443 1553 embolismus
1457 1529 1508 1559 est,
1522 1525 1589 1553 tlunt
1599 1527 1658 1554 dies
1675 1526 1788 1554 trecenti

993 1571 1131 1604 octoginta
1146 1574 1273 1604 quatuor.

143 1619 210 1646 tur?
223 1618 258 1645 Et
268 1618 330 1646 ideo
344 1618 378 1645 ab
390 1621 486 1645 octavo
500 1616 673 1644 calendarum
686 1616 817 1651 Aprilium
830 1615 875 1643 die
886 1622 937 1643 nu-
953 1619 976 1651 α
1030 1615 1109 1642 Anno
1122 1614 1365 1643 decemnovennali
1379 1623 1464 1650 nono,
1479 1616 1567 1644 lunari
1580 1619 1671 1650 sexto,
1686 1624 1701 1643 a
1714 1616 1790 1644 deci-

142 1663 270 1692 merandi
292 1670 429 1691 sumamus
450 1662 605 1695 exordium;
630 1662 762 1690 habemus
774 1661 863 1693 Martii
883 1661 941 1688 dies

141 1714 263 1745 septem,
278 1709 376 1744 Aprilis
390 1708 510 1743 triginta,
523 1707 586 1735 Maii
603 1708 710 1742 triginta
724 1711 753 1735 et
765 1714 859 1739 unum,
870 1705 941 1734 Junii

143 1754 267 1788 triginta,
281 1752 345 1781 Julii
358 1752 468 1787 triginta
488 1755 517 1779 et
530 1759 623 1784 unum,
649 1751 762 1786 Augusti
781 1751 890 1785 triginta
913 1754 942 1777 et

143 1806 241 1830 unum,
249 1797 416 1833 Septembris
426 1797 546 1831 triginta,
556 1796 681 1824 Octobris
692 1796 800 1831 triginta
811 1801 839 1824 et
847 1803 939 1829 unum,

143 1843 306 1872 Novembris
319 1842 437 1877 triginta.
453 1842 608 1870 Decembris
622 1841 732 1877 triginta
747 1845 775 1869 et
786 1849 880 1873 unum.
894 1840 940 1868 Ja-

143 1888 233 1916 nuarii
248 1888 356 1923 triginta
369 1891 397 1915 et
406 1894 499 1920 unum,
511 1886 650 1915 Februarii
663 1886 757 1921 viginti
767 1890 840 1919 octo,
852 1886 940 1914 Martii

143 1934 257 1969 triginta
277 1937 306 1962 et
321 1940 415 1967 unum,
435 1933 535 1968 Aprilis
552 1931 696 1960 duodecim
720 1931 789 1965 dies,
812 1931 885 1967 quod
898 1935 940 1959 est

143 1980 234 2016 pridie
246 1979 307 2007 idus
326 1979 435 2014 Aprilis.
460 1977 542 2005 Fiunt
563 1978 643 2006 simul
664 1977 778 2005 trecenti
801 1976 939 2011 octoginta

142 2028 273 2060 quatuor.
295 2023 374 2057 Quod
387 2024 426 2057 si,
444 2023 523 2058 juxta
545 2030 639 2051 eorum
653 2021 851 2053 dimuitionem.
868 2027 881 2040 ι
894 2021 941 2056 qui

143 2071 239 2099 lunam
248 2070 328 2098 aliter
336 2077 417 2106 quam
431 2077 462 2098 se
476 2069 579 2097 veritas
591 2069 673 2097 habet
684 2071 852 2104 computant,
867 2068 940 2095 deci-

142 2124 219 2145 mam
232 2120 356 2152 quartam
371 2123 424 2143 non
438 2115 525 2151 pridie
537 2114 628 2143 iduum
642 2114 785 2150 Aprilium,
799 2113 846 2142 sed
859 2114 940 2141 tertio

142 2164 239 2193 iduum
263 2163 360 2192 demus
380 2170 539 2196 occurrere;
563 2166 700 2190 trecentos
723 2161 861 2197 octoginta
884 2164 940 2189 tres

141 2209 205 2238 dies
217 2209 359 2237 imminuto
372 2215 486 2236 numero
499 2207 673 2243 colligemus;
696 2207 770 2242 quod
792 2207 866 2234 nullo
881 2206 939 2234 ﬁeri

142 2259 227 2291 pacto
240 2254 407 2282 conceditur.
432 2252 466 2281 Et
487 2253 525 2281 ita
538 2260 647 2288 semper
664 2253 792 2288 quotiens
805 2252 938 2280 dubitatio

995 1669 1041 1688 mo
1054 1660 1132 1688 tertio
1143 1660 1271 1689 calendas
1278 1660 1340 1689 Maii
1353 1668 1438 1695 usque
1453 1662 1479 1689 in
1489 1662 1633 1697 septimum
1645 1662 1790 1696 idusApri-

995 1706 1036 1739 lis,
1052 1706 1115 1741 quia
1130 1706 1283 1734 communis
1295 1711 1348 1741 est,
1370 1705 1436 1735 liunt
1448 1707 1506 1736 dies
1526 1708 1640 1736 trecenti
1654 1708 1790 1743 quinqua-

994 1754 1067 1789 ginta
1081 1758 1208 1788 quatuor.
1778 1756 1780 1758 '

1031 1800 1109 1828 Anno
1124 1800 1363 1828 decemnovennali
1386 1800 1503 1833 decimo,
1525 1800 1612 1828 lunari
1632 1800 1758 1836 septimo,
1774 1808 1789 1828 a

993 1850 1073 1874 sexto
1087 1846 1146 1873 idus
1161 1846 1260 1881 Aprilis
1276 1854 1360 1881 usque
1375 1846 1522 1874 insertum
1538 1847 1664 1875 calendas
1679 1847 1789 1882 Aprilis,

994 1891 1058 1927 quia
1072 1891 1223 1919 communis
1237 1895 1287 1924 est,
1309 1891 1377 1919 liunt
1397 1892 1456 1920 dies
1471 1893 1586 1920 trecenti
1598 1893 1790 1929 quinquaginta

994 1942 1121 1973 quatuor.

1031 1985 1109 2013 Anno
1125 1984 1364 2013 decemnovennali
1378 1984 1532 2018 undecimo,
1547 1985 1635 2013 lunari
1651 1989 1759 2018 octavo,
1775 1993 1790 2013 a

993 2032 1089 2066 quinto
1102 2031 1228 2059 calendas
1243 2031 1342 2066 Aprilis
1355 2038 1439 2066 usque
1454 2031 1479 2058 iu
1494 2032 1628 2059 decimum
1643 2031 1788 2067 septimum

993 2076 1120 2105 calendas
1135 2076 1209 2110 Maii,
1233 2077 1296 2111 quia
1311 2076 1488 2104 embolismus
1502 2081 1552 2110 est,
1577 2076 1644 2105 ﬁunt
1658 2077 1715 2105 dies
1736 2077 1791 2105 tre-

995 2122 1068 2150 centi
1088 2123 1223 2157 octoginta
1238 2127 1364 2157 quatuor.

1032 2167 1111 2195 Anno
1125 2168 1363 2196 decemnovennali
1379 2168 1550 2202 duodecimo,
1573 2169 1661 2197 lunari
1675 2174 1760 2204 nono,
1774 2175 1791 2197 a

994 2213 1101 2242 decimo
1122 2218 1200 2242 sexto
1224 2214 1350 2243 calendas
1364 2213 1424 2242 llaii
1441 2222 1524 2250 usque
1548 2215 1574 2242 in
1598 2215 1683 2250 pridie
1706 2222 1791 2243 nonas

996 2260 1106 2295 Aprilis,
1121 2260 1185 2295 quia
1195 2260 1348 2288 communis
1361 2263 1412 2293 est,
1428 2260 1496 2288 liunt
1512 2260 1570 2288 dies
1583 2260 1696 2288 trecenti
1709 2260 1790 2295 quin-

142 2300 207 2328 mlis
220 2298 380 2333 uomuerit,
392 2306 408 2326 a
417 2298 521 2326 decima
531 2298 626 2334 quinta
639 2298 703 2326 luna
714 2301 855 2326 transacta:
865 2297 940 2325 festi-
954 2303 979 2334 υ
993 2306 1119 2341 quasi“,
1131 2309 1257 2340 quam“

141 2345 247 2377 vitatis,
268 2351 355 2379 usque
376 2344 404 2372 in
427 2343 562 2372 decimam
584 2347 709 2378 quartam
724 2342 844 2376 Pascha,
865 2342 939 2377 quod

141 2391 301 2428 mimus,
314 2390 373 2418 dies
386 2390 503 2418 sollicite
516 2393 713 2425 computemus.
728 2388 763 2416 Et
780 2389 804 2417 si
815 2379 938 2417 conmitt-

142 2437 188 2465 nis
201 2444 288 2464 annos
301 2440 353 2469 est,
369 2439 507 2464 trecentos
519 2435 713 2470 quinquaginta
733 2438 850 2469 quatuor
864 2434 939 2466 dies;

142 2487 169 2515 si
182 2485 358 2514 embolismus
371 2488 424 2519 est,
436 2487 574 2513 trecentos
583 2484 721 2519 octoginta
735 2488 852 2519 quatuor
865 2483 941 2512 inve-

143 2533 252 2561 nietnus
264 2540 272 2558 :
288 2538 339 2559 nec
352 2530 520 2565 inaequalitas
533 2529 626 2566 (alios,
641 2530 819 2565 inaequaliter)
831 2537 941 2565 prorsus

143 2580 255 2608 eveniet
269 2587 277 2605 :
292 2579 354 2614 quia
366 2577 460 2613 regula
474 2577 543 2613 cycli
557 2576 637 2612 hujus
657 2577 709 2604 hac
721 2577 829 2604 ratione
849 2576 939 2604 subsi-

142 2625 204 2657 stit,
214 2623 292 2658 cuius
298 2623 469 2651 enucleatatn
476 2621 619 2650 formulam
628 2621 751 2657 subjecta
757 2621 939 2657 descriptione

143 2669 307 2705 pandemus.

180 2725 263 2753 Anno
273 2723 512 2753 decemnovennali
527 2724 628 2760 primo,
642 2723 728 2752 lunari
741 2723 846 2752 decimo
856 2723 940 2759 septi-

143 2779 202 2805 mo,
212 2778 227 2798 a
237 2770 341 2799 decimo
349 2769 447 2806 quinto
456 2769 582 2799 calendas
591 2769 655 2797 Maii
667 2776 752 2805 usque
764 2776 850 2797 nonas
860 2768 941 2804 Apri-

1031 2352 1109 2379 Anno
1123 2351 1360 2380 decemnovennali
1376 2351 1482 2380 decimo
1504 2351 1596 2386 tertio,
1617 2351 1702 2380 lunari
1716 2352 1791 2382 deci-

995 2404 1053 2429 mo.
1068 2403 1083 2423 a
1095 2396 1173 2424 nonis
1184 2396 1281 2432 Aprilis
1292 2404 1377 2431 usque
1389 2397 1416 2424 in
1431 2405 1531 2426 nonum
1543 2397 1670 2426 calendas
1680 2398 1790 2434 Aprilis,

995 2442 1058 2476 quia
1072 2442 1223 2469 communis
1243 2446 1294 2475 est,
1311 2441 1378 2470 liunt
1391 2442 1449 2470 dies
1468 2443 1582 2471 trecenti
1596 2443 1790 2480 quinquaginta

994 2491 1122 2522 quatuor.

1031 2531 1109 2559 Anno
1121 2531 1360 2561 decemnovennali
1372 2532 1478 2562 decimo
1488 2538 1597 2569 quarto,
1610 2533 1697 2562 lunari
1709 2535 1792 2563 unde-

994 2577 1075 2609 cimo,
1092 2578 1126 2606 ab
1140 2581 1238 2606 octavo
1250 2578 1375 2606 calendas
1385 2578 1485 2614 Aprilis
1499 2586 1584 2614 usque
1597 2580 1624 2607 in
1639 2580 1789 2608 secundum

994 2623 1054 2651 idus
1068 2623 1177 2658 Aprilis,
1193 2624 1256 2658 quia
1267 2623 1444 2654 embolismus
1457 2629 1510 2659 est,
1523 2625 1591 2653 ﬁunt
1604 2625 1662 2654 dies
1674 2625 1790 2655 trecenti

991 2670 1129 2705 octoginta
1144 2674 1271 2705 quatuor.

1029 2723 1107 2751 Anno
1121 2723 1362 2753 decemnovennali
1377 2725 1484 2755 decimo
1498 2727 1604 2763 quinto,
1618 2726 1706 2754 lunari
1720 2726 1790 2754 duo-

993 2769 1108 2803 decimo,
1122 2769 1157 2798 ab
1179 2769 1267 2798 idibus
1281 2771 1380 2807 Aprilis
1394 2780 1479 2808 usque
1493 2773 1521 2801 in
1536 2773 1662 2801 calendas
1674 2772 1789 2808 Aprilis,

185 2900 199 2915 ⁸
213 2894 347 2937 [marem
364 2894 603 2937 yictoriincyelum
631 2893 832 2937 v_h'i‘crnotat;r
842 2899 926 2937 quem
942 2892 976 2922 ad
993 2891 1082 2922 Martii
1095 2891 1131 2921 29
1144 2891 1330 2930 opposuimus,
1354 2900 1407 2922 uno
1422 2896 1485 2921 ante
1506 2893 1611 2930 cyclum
1628 2894 1789 2925 Alexandri—

145 2939 245 2961 norum
258 2930 459 2968 quartodecimc
471 2929 523 2969 die;
535 2938 613 2966 recte
627 2929 662 2959 ad
677 2929 797 2966 Dionysii
808 2931 938 2959 mentun.
