3970 6358
496 370 567 432 η
1779 366 2133 429 DiONYSlUS
2171 370 2325 429 EXIG
2333 366 2489 430 ΗΠΒ.
3698 366 3761 426 93

494 486 621 554 quia
648 482 950 543 communis
978 491 1082 556 est,
1113 482 1248 540 ﬁunt
1272 479 1385 541 dies
1414 481 1642 540 trecenti
1693 483 2079 556 quinquaginta
2109 493 2155 550 Α
2188 485 2413 540 treceMi
2444 480 2719 554 octoginta
2749 490 2998 555 quatuor.
3025 550 3037 564 δ
3325 499 3328 502 '

493 586 755 645 quatuor.

573 668 730 724 Anno
752 667 1232 725 decemnovennali
1256 667 1469 724 decimo
1488 675 1665 733 sexto,
1686 666 1858 722 lunari
1878 664 2088 722 decimo

497 760 682 822 tonio,
710 772 740 812 a
761 768 957 827 quarto
983 774 1153 813 nonas
1179 758 1376 827 Aprilis
1418 773 1589 827 usque
1618 758 1671 811 in
1698 756 2083 812 duodecimum

492 851 746 906 calendas
776 849 999 921 Aprilis,
1048 852 1173 919 quia
1202 851 1505 906 communis
1532 860 1634 914 est,
1672 850 1807 905 liunt
1834 848 1950 905 dies
1979 859 2088 905 tre-

500 941 646 995 centi
668 942 1055 1010 quinquaginta
1086 950 1340 1010 quatuor.

568 1031 726 1085 Anno
751 1030 1229 1086 deocmnovennali
1268 1030 1483 1087 decimo
1502 1030 1756 1101 septimo,
1788 1029 1962 1084 lunari
1986 1029 2086 1083 dc-

496 1120 642 1177 cimo
671 1128 890 1188 quarto,
918 1121 986 1176 ab
1014 1120 1299 1178 undecimo
1327 1121 1583 1176 calcuulus
1610 1120 1812 1189 Aprilis
1839 1134 2010 1188 usque
2033 1118 2087 1174 in

494 1212 744 1281 quintum
775 1211 892 1267 idus
912 1210 1131 1281 Aprilis,
1153 1212 1279 1281 quia
1308 1212 1658 1269 embolismns
1681 1221 1783 1272 εμι,
1818 1210 1951 1264 liunt
1970 1209 2086 1269 dies

2262 574 2418 629 Axino
2444 572 2918 630 decetnnoveuuali
2947 570 3163 630 accitae
3206 578 3424 641 octavo,
3474 574 3644 631 lunari
3668 574 3760 631 de-

2188 666 2332 722 cimo
2357 666 2571 736 quinto,
2601 681 2631 720 a
2659 674 2856 735 quarto
2876 666 2995 722 idus
3022 667 3221 736 Aprilis
3248 682 3420 737 usque
3443 667 3496 721 in
3524 678 3759 736 quartum

2188 756 2442 812 calendas
2466 756 2683 826 Aprilis,
2732 757 2856 827 quia
2884 759 3185 814 communis
3212 767 3317 828 est,
3360 758 3495 814 ﬁunt
3522 758 3635 816 dies
3661 767 3763 816 tre-

2189 848 2329 902 centi
2359 848 2748 917 quinquaginta
2773 858 3026 918 quatuor.

2261 936 2419 992 Anno
2447 938 2924 993 decenmovenuali
2966 939 3180 995 decimo
3210 954 3375 1008 nono,
3408 942 3581 998 lunari
3624 941 3762 998 deci-

2189 1037 2280 1083 tno
2304 1037 2482 1092 sexto,
2515 1044 2545 1082 ι
2576 1030 2739 1085 tertio
2761 1030 3012 1086 calendas
3026 1031 3226 1102 Aprilis
3255 1047 3423 1102 usque
3440 1035 3494 1089 in
3510 1034 3763 1090 decimum

2190 1121 2439 1190 quintum
2482 1121 2737 1177 calendas
2774 1122 2920 1188 Maii,
2950 1123 3077 1192 quia
3120 1123 3469 1179 embolismus
3512 1134 3612 1192 est,
3643 1125 3767 1182 fiunt

2189 1212 2306 1266 dies
2333 1214 2562 1267 trecenti
2587 1214 2862 1284 octoginta
2889 1222 3143 1284 quatuor.

506 1319 3757 1377 ΞΜ

1074 1453 1756 1564 PRZEFATIO
1833 1456 2593 1565 CHRISTOPH.
2676 1462 3283 1573 JUSTELLI

1340 1625 1411 1681 IN
1449 1622 1744 1681 CODlCEil
1786 1619 2115 1680 CANONUM
2163 1620 2516 1681 ECCLESlrﬁ
2550 1626 2937 1704 UNlVERSAE.

1970 1755 2318 1781 ——-—-I-g-~

572 1842 809 1907 Ecclesia
838 1841 1143 1903 Christiana
1174 1843 1444 1914 primitiva
1474 1839 1671 1913 duplici
1696 1840 1818 1909 jure
1845 1838 1971 1896 olim
2004 1853 2087 1896 re-
2116 1844 2162 1911 B
2189 1856 2309 1895 nem
2332 1841 2725 1913 interpositam,
2755 1843 3064 1900 necessario
3092 1842 3357 1915 postulari
3382 1857 3648 1901 canonum
3681 1844 3767 1901 Ni.

493 1939 747 2007 gebatur,
776 1937 960 2001 divino
982 1946 1036 1992 et
1058 1936 1342 1992 canonico.
1376 1935 1443 1989 At
1470 1935 1708 1988 divinum
1731 1933 1945 2001 quidem
1972 1931 2081 2002 jus,

496 2029 687 2084 codice
724 2042 891 2083 sacrae
931 2026 1264 2096 Scriptum;
1315 2026 1631 2081 canonicum
1677 2040 1845 2089 vero,
1888 2022 2088 2085 Codice

493 2119 778 2174 Canonutn
823 2118 1150 2175 continetur.
1204 2113 1387 2186 Itaque
1428 2116 1483 2170 in
1523 2116 1803 2182 conciliis,
1853 2114 1929 2169 illi
1975 2113 2084 2169 duo

494 2208 711 2265 codices
739 2207 797 2262 in
824 2208 1001 2265 medio
1028 2222 1314 2263 consessus
1342 2207 1468 2277 poni
1499 2205 1767 2269 solebant,
1802 2213 1862 2259 ut
1888 2219 1960 2261 ex
1987 2219 2084 2260 eo.

494 2312 614 2355 rum
636 2299 758 2367 jure
785 2300 1025 2369 episc0pj
1054 2300 1195 2356 inter
1220 2314 1278 2355 se
1304 2299 1553 2366 dogmata
1585 2298 1800 2368 pietatis
1828 2297 2083 2366 explora-

497 2400 635 2455 rent,
668 2391 884 2445 obortas
904 2391 1141 2445 haereses
1165 2389 1486 2453 rel'utarent,
1519 2397 1574 2443 et
1602 2389 2001 2444 controversias
2021 2387 2087 2447 ad

493 2481 831 2549 disciplinam
861 2480 1300 2543 ecclesiasticam,
1333 2494 1652 2548 sacramque
1677 2482 1931 2534 πολιτείαν
1960 2494 2085 2549 per-

492 2572 731 2645 tinentes
759 2571 1092 2625 dirimerent.
1118 2569 1273 2624 llunc
1300 2586 1507 2625 morem
1537 2569 1777 2624 indicant
1804 2578 1926 2625 acta
1954 2586 2088 2627 eon-

497 2662 613 2716 cilii
637 2660 1115 2728 Chalcedonensis,
1140 2661 1227 2716 ubi
1251 2662 1447 2730 passim
1479 2661 1592 2717 haec
1616 2662 1777 2715 verba
1807 2662 2089 2730 reperinnv

496 2760 608 2819 tur,
625 2754 950 2827 προκιψένου
973 2754 1023 2806 ἐν
1045 2759 1118 2824 τῷ
1137 2754 1277 2821 μέσῳ
1299 2759 1389 2807 τοῦ
1413 2752 1699 2823 ὰγιωτὰτου
1717 2756 1799 2806 καὶ
1822 2755 2086 2823 ἀχράντου

496 2844 829 2915 uomunt),
861 2844 1147 2912 anteposito
1173 2844 1228 2897 in
1256 2843 1425 2899 medio
1448 2852 1781 2899 sacrosancto
1801 2854 1851 2897 et
1878 2862 2091 2899 uenera-

498 2931 588 2989 bili
611 2931 913 3002 Evangelia.
942 2931 1007 2985 Et
1034 2929 1264 3002 Cyrillus
1285 2931 1701 2999 Alexandrinus,
1731 2933 1783 2986 in
1815 2933 2088 3002 Apologia-

500 3025 612 3080 tico
654 3023 722 3079 ad
768 3022 1129 3085 Theodosium
1175 3023 1304 3092 imp.
1336 3022 1407 3077 de
1442 3022 1675 3078 concilio
1704 3021 1975 3093 Ephesino
2005 3024 2089 3081 lo-

499 3128 673 3181 quens
714 3130 727 3165 :
775 3112 828 3167 ‘n
852 3113 974 3185 ἁγία
1002 3111 1213 3174 σύνοδος
1243 3111 1485 3186 σύνεδρον
1502 3157 1517 3179 ,
1544 3115 1721 3189 ὥσπερ
1746 3119 1831 3169 καὶ
1858 3117 2085 3188 κεφαλήν,

2190 1946 2462 1987 annorum
2492 1933 2712 1990 decreta
2746 1943 3093 2000 testarentur,
3142 1951 3369 2005 quasque
3404 1936 3777 1993 subteranueau

2193 2031 2397 2078 erant:
2432 2024 2522 2079 ubi
2567 2023 3071 2081 subteranmomn
3120 2040 3255 2082 voce
3297 2026 3520 2094 intelligi
3567 2042 3663 2096 par
3697 2035 3781 2081 est

2190 2128 2429 2170 canones
2456 2116 2814 2172 conciliorum
2856 2117 2951 2185 qui
2980 2132 3011 2170 a
3052 2115 3273 2176 Nicmno
3309 2116 3379 2172 ad
3405 2116 3803 2174 Constmtino»

2191 2204 2523 2275 politanum,
2574 2221 2923 2265 numerorum
2966 2208 3111 2264 serie
3148 2208 3213 2265 in
3232 2224 3412 2264 mum
3451 2209 3697 2275 collecti,
3727 2209 3781 2265 in

2190 2296 2360 2351 veteri
2387 2294 2589 2352 Codice
2610 2296 2893 2355 Canonum
2926 2298 3291 2366 reperiuntur.
3316 2297 3384 2353 Et
3413 2297 3641 2366 Vigilius
3666 2298 3781 2367 epit-

2190 2389 2333 2447 βιαία
2359 2389 2427 2443 ad
2457 2388 2735 2446 Rusticum
2760 2399 2816 2444 et
2841 2389 3221 2446 Sebastianum
3245 2390 3503 2447 diaconos
3528 2387 3782 2445 Ecclesiae

2194 2479 2489 2546 Rmuame,
2533 2496 2605 2535 ex
2631 2496 2699 2536 eo
2733 2479 2933 2537 Codice
2981 2495 3247 2537 canonem
3288 2482 3421 2537 citat
3449 2482 3504 2535 in
3549 2479 3780 2537 concilio

2192 2570 2621 2629 Chalcedonensi
2651 2572 2937 2640 probatum
2959 2580 3122 2640 atque
3152 2572 3368 2641 lectum,
3388 2572 3480 2640 qui
3504 2572 3558 2627 in
3585 2571 3776 2627 Antio-

2194 2660 2365 2715 chena
2390 2660 2599 2730 synodo
2617 2660 2839 2728 quintus
2862 2675 3087 2715 numero
3117 2660 3464 2726 consignatus
3492 2659 3775 2729 reperitur.

2201 2747 2357 2804 Unde
2374 2756 2602 2818 apparet
2622 2748 2905 2819 primitiva:
2920 2747 3172 2805 Ecclesia:
3195 2746 3399 2814 Patres,
3423 2749 3478 2805 in
3498 2748 3591 2809 illo
3613 2746 3784 2803 veteri

2193 2836 2393 2894 Codice
2418 2836 2702 2892 Canonum
2730 2837 3132 2908 componendo,
3159 2838 3313 2907 juxta
3335 2853 3495 2909 quem
3524 2837 3594 2895 de
3620 2837 3784 2893 rebus

2192 2927 2366 2982 sacris
2381 2927 2583 2995 judicia
2610 2927 2968 2992 habebantur,
3000 2928 3209 2997 singula
3237 2927 3623 2996 consequentia
3648 2940 3786 2983 con-

2192 3020 2319 3077 cilia
2347 3027 2499 3074 certo
2530 3018 2718 3075 ordine
2747 3018 3098 3089 disposuisse,
3143 3026 3402 3088 certaque
3429 3033 3494 3079 ac
3520 3018 3785 3075 continua

2194 3116 2361 3177 serie,
2380 3128 2480 3170 nec
2502 3114 2801 3183 interrupta
2825 3128 3170 3170 numerorum
3190 3113 3530 3173 connexione
3544 3127 3789 3169 canones

502 3206 735 3258 ἕποιοῦτο
776 3207 1011 3278 Χριστὸν
1043 3200 1203 3258 ἔκειτο
1230 3205 1330 3278 γάρ
1372 3204 1421 3257 ἄν
1447 3202 1575 3274 ἁγίῳ
1599 3204 1757 3278 θρόνῳ
1797 3206 1857 3258 τὸ
1900 3208 2087 3260 σεπτὸν

2199 3205 2412 3261 illorum
2440 3219 2772 3267 numerasse,
2817 3218 2886 3259 ne
2915 3204 3044 3272 quid
3084 3202 3211 3259 huic
3237 3201 3424 3260 Codici
3451 3203 3663 3258 detrahi
3693 3210 3792 3258 aut

496 3295 813 3368 Εὐαηέλιον,
836 3295 1114 3364 ἕπιφωνοῦν
1133 3300 1240 3353 τοῖς
1281 3294 1443 3365 ἁγίοις
1473 3296 1788 3369 ἱερουργοῖς,
1820 3304 1987 3368 κρῖμα
2013 3294 2093 3351 δί-

502 3403 648 3439 καιον
674 3384 899 3456 κρίνατε.
913 3382 1112 3436 Sancta
1126 3382 1353 3453 synodus
1368 3381 1625 3437 Christum
1648 3399 2019 3447 consessorem,
2042 3393 2094 3439 et

497 3477 631 3530 velut
654 3484 827 3545 caput,
842 3476 1103 3529 constituit
1124 3492 1140 3529 :
1158 3475 1500 3529 vwerandum
1516 3476 1651 3527 enim
1663 3473 2020 3545 Evangelium,
2038 3478 2093 3530 in

503 3576 683 3620 sancto
714 3568 895 3621 throno
926 3566 1231 3620 collocatum
1252 3577 1385 3632 erat,
1418 3565 1770 3620 sacerdotibus
1797 3569 2089 3622 insonans:

498 3660 703 3713 Jnstnm
725 3659 979 3729 judicium
1002 3658 1252 3728 judicate.
1305 3655 1372 3711 Et
1415 3658 1644 3726 epistola
1674 3659 1929 3728 synodica
1959 3673 2092 3713 con-

508 3750 621 3801 cilii
646 3749 1020 3816 Aquileiensis,
1037 3750 1313 3818 proposita:
1332 3750 1384 3802 in
1409 3749 1574 3804 medio
1600 3750 1787 3805 divina:
1807 3750 2095 3820 Scriptnrw

500 3841 679 3907 (Tom.
711 3840 730 3893 Ι
761 3841 1006 3912 Concil.).

571 3933 786 3989 Codieis
814 3949 945 3990 vero
972 3931 1251 3989 Canonum
1284 3934 1399 4003 ipsa
1421 3947 1635 4003 quoque
1668 3932 1906 4004 synodus
1930 3932 2090 3989 Chal-

502 4026 828 4083 cedonensis
852 4024 1114 4085 meminit,
1147 4033 1309 4092 atque
1338 4040 1405 4078 ex
1435 4040 1500 4079 eo
1530 4024 1660 4079 citat
1689 4025 1826 4095 (Act.
1857 4024 1891 4077 4
1921 4034 1973 4081 et
2001 4025 2091 4095 il)

501 4131 743 4172 canones
764 4114 853 4179 83,
886 4114 975 4179 81,
1005 4114 1074 4166 95
1104 4124 1159 4169 et
1180 4114 1247 4166 96
1280 4114 1391 4184 (qni
1421 4113 1476 4179 5,
1509 4113 1559 4179 ι,
1590 4115 1658 4167 15
1685 4124 1740 4171 et
1771 4116 1857 4186 lli,
1889 4117 1941 4172 in
1962 4133 2090 4173 con-

503 4211 633 4264 cilio
650 4208 990 4262 Antiocheno
1013 4206 1394 4276 reperiuntur),
1414 4223 1709 4277 eorumque
1725 4208 1846 4276 jure
1873 4210 1941 4263 de
1958 4225 2093 4267 conv-

504 4299 788 4355 troversiis
816 4297 1192 4353 ecclesiasticis
1218 4297 1545 4365 pronuntiat.
1579 4296 1645 4350 Et
1674 4298 1903 4366 epistola
1931 4314 2096 4370 syno-

503 4395 627 4451 dica
670 4394 1043 4465 episcoporum
1083 4391 1370 4462 provincia:
1400 4388 1613 4447 Pisidia:
1638 4391 1846 4444 Asiana:
1887 4390 2092 4446 dimco-

504 4502 640 4542 ερωε
668 4484 734 4538 ad
775 4483 1008 4539 Leonem
1051 4484 1179 4553 imp.
1216 4480 1402 4554 (Tant.
1436 4480 1478 4535 ll
1510 4480 1708 4535 Concil.
1741 4482 1865 4534 edit.
1901 4479 2092 4553 Rom.)

2198 3295 2324 3350 addi
2361 3302 2544 3365 [losset
2574 3311 2587 3349 :
2618 3308 2778 3363 quem
2810 3302 2866 3349 et
2893 3294 3015 3348 ideo
3044 3291 3234 3349 Patres
3261 3292 3517 3363 Ephesini
3544 3301 3600 3347 et
3627 3292 3797 3347 Chal-

2202 3387 2540 3447 cedonenses
2562 3422 2580 3449 .
2640 3385 2838 3453 aliique
2893 3384 3246 3444 ecclesiastici
3298 3385 3593 3454 scriptores
3647 3387 3795 3450 τάξιν

2200 3486 2259 3531 et
2271 3479 2561 3533 ἀκολουθίαν
2587 3484 2686 3532 τῶν
2707 3478 2949 3538 κανόνων,
2971 3476 3262 3532 ἀκολουθίαν
3285 3476 3715 3539 ἐκκλησιαστικὸν,
3738 3482 3802 3533 et

2201 3570 2426 3643 ἀριθμῶν
2451 3569 2760 3631 ἀκολουθίαν,
2789 3567 2973 3622 seriem
2994 3576 3049 3622 et
3069 3567 3486 3637 consequentiam
3511 3581 3793 3630 canonum,

2200 3660 2615 3728 consequentiam
2639 3659 3060 3725 ecclesiasticam,
3090 3667 3148 3714 et
3172 3659 3591 3727 consequentiam
3615 3673 3801 3713 nunce-

2198 3766 2404 3814 rormn,
2436 3750 2633 3818 passim
2661 3756 2877 3805 vocant.
2920 3747 3072 3804 Unde
3097 3757 3154 3804 et
3192 3749 3245 3803 in
3276 3748 3409 3803 actis
3437 3749 3798 3804 conciliorum

2200 3856 2307 3895 vox
2322 3841 2592 3901 ἀκολούθως
2614 3849 2671 3893 et
2690 3848 2958 3901 κανονικῶς
2980 3854 3078 3907 pro
3100 3838 3290 3899 eadem
3303 3839 3552 3894 sumitur.
3579 3837 3799 3907 Praepo-

2198 3932 2465 3987 nebanlur
2493 3940 2672 3987 autem
2701 3931 2886 3998 viginti
2917 3946 3153 3986 canones
3180 3931 3393 3987 concilii
3428 3930 3662 3996 Nicmni,
3703 3930 3796 3987 διὰ

2200 4027 2291 4079 τὴν
2319 4031 2411 4081 τῆς
2439 4026 2783 4092 οἰκουμναῦς
2804 4020 3018 4076 συνόδου
3040 4022 3326 4087 audentiae,
3358 4030 3584 4091 propter
3603 4029 3797 4076 aucto-

2202 4112 2420 4167 ritatem
2450 4121 2508 4169 et
2534 4111 2810 4179 dignitatis
2838 4111 3247 4181 prarogativam
3274 4112 3453 4181 magni
3486 4112 3632 4167 illius
3659 4126 3799 4167 con-

2201 4206 2310 4261 cilii
2330 4246 2345 4271 ,
2377 4205 2520 4276 quod
2551 4205 2780 4275 primum
2807 4205 3196 4261 meumenicum
3222 4203 3461 4261 Ecclesia
3483 4204 3798 4260 Christiana

2200 4296 2532 4362 celebravit;
2582 4296 2802 4367 prmlixo
2830 4296 2999 4353 etiam
3026 4295 3169 4351 illius
3190 4295 3437 4361 nomine,
3484 4305 3542 4351 ut
3571 4295 3798 4364 quidam

2196 4390 2541 4457 existimat,
2569 4389 2713 4459 quod
2746 4391 2797 4445 in
2826 4389 3038 4445 caeteris
3065 4389 3157 4458 qui
3198 4386 3426 4455 subjecti
3455 4403 3551 4443 seu
3579 4389 3797 4443 subter—

2200 4480 2400 4535 annexi
2422 4489 2576 4536 erant
2597 4483 2940 4536 observatqu
2970 4495 3076 4535 non
3107 4478 3205 4535 fuit
3229 4487 3427 4546 :atquc
3450 4478 3573 4533 inde
3592 4479 3800 4533 factum

503 4578 642 4630 citat
683 4590 942 4630 canonem
975 4573 1072 4637 85,
1103 4576 1193 4642 qui
1225 4583 1446 4642 quartus
1486 4579 1571 4625 est
1598 4570 1917 4626 Antiocheni
1961 4584 2093 4624 con-
2126 4585 2175 4645 υ
2202 4569 2434 4633 videtur,
2481 4569 2636 4639 lapsu
2666 4569 2959 4639 temporis,
2992 4576 3050 4623 ut
3076 4568 3175 4625 sub
3203 4568 3423 4624 nomine
3450 4568 3665 4623 concilii
3695 4567 3798 4622 Ni-

502 4669 637 4722 cilii.
692 4666 757 4721 Et
800 4666 1077 4738 Dionysius
1115 4665 1349 4735 Exiguus
1396 4663 1624 4734 epistola
1674 4663 1911 4733 paschali
1952 4661 1976 4714 i
2025 4661 2094 4716 ad

506 4757 819 4812 Petronium
846 4757 1176 4827 episcoyum,
1210 4771 1470 4811 canonem
1495 4754 1708 4808 citat79
1734 4754 1956 4824 (Graecis
1977 4753 2090 4824 80),

502 4850 595 4915 (qui
629 4849 830 4916 primus
870 4856 952 4903 est
993 4848 1230 4917 ejusdem
1262 4847 1451 4917 synodi
1484 4845 1852 4901 Antiochense.
1888 4848 1952 4898 Et
1979 4846 2093 4915 cpi-

501 4940 645 4999 stola
686 4939 751 4992 ad
796 4939 1127 5007 Stcphanmn
1158 4936 1529 4991 Salonitannm
1561 4935 1904 5003 epi~copum,
1932 4948 2093 5002 quam

501 5046 619 5093 sua:
649 5030 847 5085 veteris
877 5030 1015 5084 illius
1043 5028 1254 5084 Codicis
1281 5028 1561 5083 Canonum
1593 5026 1794 5080 Latina:
1824 5026 2090 5095 interpre-

504 5120 699 5177 tationi
724 5121 972 5189 praeﬁxit,
1002 5135 1237 5176 canones
1266 5135 1296 5174 a
1327 5119 1540 5174 Niceno
1562 5116 1791 5171 concilio
1813 5131 1830 5169 ι
1853 5116 1919 5170 ad
1949 5115 2092 5171 Con-

500 5212 1045 5280 stantinOpolitanum
1079 5228 1128 5276 i,
1177 5211 1280 5264 hoc
1307 5219 1407 5273 est,
1441 5224 1471 5261 a
1504 5209 1675 5277 primo
1705 5207 1882 5277 capite
1925 5221 2092 5275 usque

508 5299 574 5353 ad
589 5299 937 5353 centesimum
955 5299 1345 5365 sexagesimum
1359 5297 1603 5363 quintum
1623 5303 1918 5358 enumerat,
1935 5296 2088 5371 sicut,

511 5396 569 5441 ut
599 5388 713 5456 ipse
743 5388 843 5452 ait,
871 5390 923 5441 in
957 5386 1139 5441 erca
1167 5387 1492 5448 auctoritate,
1524 5384 1873 5441 conciliorum
1905 5384 2091 5439 ordine

502 5472 566 5530 et
590 5492 931 5531 numerorum
957 5477 1096 5532 serie
1127 5476 1316 5545 digesti
1348 5484 1521 5529 erant.
1553 5474 1628 5528 Ad
1660 5475 1772 5529 lucc
1795 5475 2092 5543 respexisse

509 5567 724 5621 videtur
754 5565 865 5621 Leo
896 5567 915 5620 l
946 5567 1187 5636 pontifex
1209 5608 1224 5634 ,
1252 5576 1307 5620 et
1335 5565 1572 5635 synodus
1598 5564 1837 5619 Romana
1865 5566 2093 5635 epistola

512 5660 580 5712 ad
628 5658 990 5715 Theodosium
1023 5660 1150 5729 imp.
1204 5673 1301 5728 pro
1345 5657 1599 5712 Flaviano
1648 5658 1953 5726 patriarcha
1984 5656 2090 5713 ΟΡ.

513 5747 714 5817 scripta
747 5747 957 5817 (Ibid.),
983 5763 1086 5817 qua
1115 5748 1252 5819 petit
1280 5756 1339 5803 ut.
1360 5748 1575 5816 juberct
1595 5747 1902 5815 generalem
1928 5763 2093 5819 syno-

514 5846 643 5896 dum
671 5842 810 5899 intra
839 5841 1046 5899 italiam
1075 5840 1339 5899 celebrari
1367 5858 1380 5895 :
1414 5840 1587 5913 quod,
1620 5846 1744 5913 post
1772 5838 2091 5914 appellatio-

2198 4659 2334 4715 σεπηὶ
2361 4659 2708 4717 laudarentur
2734 4674 2945 4715 omnes.
2975 4657 3133 4724 Quod
3159 4657 3300 4727 apud
3329 4655 3648 4725 Gregorium
3682 4656 3802 4711 Tu-

2198 4762 2488 4805 ronensem
2511 4748 2823 4817 episcOpum
2848 4748 3143 4803 observare
3168 4747 3299 4802 licet
3329 4744 3468 4817 (Lib.
3503 4762 3579 4813 nt,
3602 4763 3649 4799 ο.
3676 4744 3798 4817 33),

2200 4840 2289 4894 ubi
2320 4854 2387 4893 ex
2416 4854 2684 4899 canonum
2713 4839 3048 4899 Nicaenorum
3075 4838 3309 4899 decretis
3338 4853 3601 4897 canonem
3632 4839 3799 4903 citat.

2195 4929 2289 5000 qui
2323 4928 2390 4982 14
2429 4938 2513 4986 est
2548 4927 2874 4998 Gangrensis
2920 4929 3133 4987 concilii
3181 4946 3194 4983 :
3249 4927 3551 4994 Canouum,
3596 4928 3798 4997 inquit,

2200 5022 2540 5087 Ninivitarum
2564 5023 2770 5077 decreta
2793 5022 2972 5092 relegi,
2994 5024 3050 5077 in
3067 5021 3248 5093 quibus
3268 5022 3591 5077 continetur:
3626 5040 3644 5071 ι
3659 5020 3802 5084 Quin

2197 5116 2242 5174 si
2272 5132 2371 5185 qua
2392 5114 2655 5185 reliquerit
2678 5116 2859 5179 virum,
2889 5122 2939 5169 et
2961 5122 3129 5175 totum
3147 5129 3245 5183 quo
3274 5112 3399 5166 bene
3418 5112 3565 5176 risit,
3598 5129 3807 5185 spreve-

2197 5207 2303 5271 rit;
2339 5226 2358 5258 ι
2404 5215 2469 5265 et
2491 5208 2854 5275 sequebantur
2878 5212 3116 5271 canones
3145 5203 3458 5271 25cnncilii
3490 5203 3798 5273 Ancyram,

2201 5306 2257 5350 et
2286 5296 2732 5351 Neocazsariensis
2755 5295 2822 5347 14
2847 5296 2989 5365 (qua:
3016 5295 3230 5362 quidem
3259 5296 3365 5350 duo
3395 5295 3626 5363 concilia
3660 5302 3798 5351 ante

2210 5385 2483 5440 Nicarnutn
2515 5386 2784 5441 celebrata
2808 5393 2967 5449 sunt,
3001 5393 3055 5438 et
3074 5385 3146 5437 ab
3168 5399 3233 5438 co
3259 5384 3512 5459 deinceps
3540 5398 3803 5454 eomprn-

2202 5476 2325 5529 bata
2351 5515 2366 5540 ,
2419 5483 2476 5529 ut
2505 5483 2623 5529 acta
2666 5474 2881 5531 concilii
2913 5473 3205 5529 Florentini
3259 5475 3560 5545 testantur)
3615 5483 3672 5527 et
3701 5475 3803 5543 qui

2203 5564 2549 5635 postmodum
2566 5564 2842 5619 constituti
2861 5573 3008 5630 sunt,
3024 5564 3348 5634 Gangrensis
3362 5564 3420 5617 2|
3434 5607 3448 5628 ,
3466 5564 3801 5619 Antioclteni

2202 5656 2273 5709 9.5
2320 5656 2507 5727 (cujus
2535 5664 2771 5724 quatuor
2799 5670 3035 5710 canones
3063 5656 3161 5711 sub
3192 5657 3346 5710 titulo
3376 5653 3473 5722 9'5,
3504 5652 3600 5719 94,
3634 5654 3709 5708 95
3738 5668 3802 5711 et

2203 5751 2294 5815 illi,
2325 5766 2391 5805 ex
2422 5764 2488 5805 eo
2517 5749 2704 5805 codice
2727 5748 3037 5805 citanturiu
3056 5750 3287 5804 concilio
3304 5747 3797 5814 Clialwdonensil.

2203 5841 2551 5900 Laodicensis
2598 5839 2669 5899 59
2690 5879 2709 5912 ,
2754 5847 2817 5897 ct
2864 5840 3442 5912 thratzntioopolitaui
3490 5850 3795 5910 rquatuor
