  <div class='ocr_page' id='page_1' title='image "/cluster/home/n/w/nwhite01/storage/ocr_20150623/67/hvd.32044073505141/023.png"; bbox 0 0 3970 6358; ppageno 0'>
   <div class='ocr_carea' id='block_1_1' title="bbox 513 340 2081 419">
    <p class='ocr_par' dir='ltr' id='par_1_1' title="bbox 513 350 2081 419">
     <span class='ocr_line' id='line_1_1' title="bbox 513 350 2081 419; baseline -0.006 -1"><span class='ocrx_word' id='word_1_1' title='bbox 513 359 581 419; x_wconf 67' lang='grc' dir='ltr'>δι</span> <span class='ocrx_word' id='word_1_2' title='bbox 1799 350 2081 419; x_wconf 73' lang='lat' dir='ltr'><strong>DlONYSll</strong></span> 
     </span>
    </p>
   </div>
   <div class='ocr_carea' id='block_1_2' title="bbox 2184 340 3752 419">
    <p class='ocr_par' dir='ltr' id='par_1_2' title="bbox 2195 340 3752 413">
     <span class='ocr_line' id='line_1_2' title="bbox 2195 340 3752 413; baseline 0.003 -4"><span class='ocrx_word' id='word_1_3' title='bbox 2195 349 2516 413; x_wconf 76' lang='lat' dir='ltr'><strong>EXICUUS.</strong></span> <span class='ocrx_word' id='word_1_4' title='bbox 3688 340 3752 399; x_wconf 69' lang='lat'><strong>59-</strong></span> 
     </span>
    </p>
   </div>
   <div class='ocr_carea' id='block_1_3' title="bbox 517 460 3747 549">
    <p class='ocr_par' dir='ltr' id='par_1_3' title="bbox 517 460 3747 549">
     <span class='ocr_line' id='line_1_3' title="bbox 517 460 3747 549; baseline -0.005 -18"><span class='ocrx_word' id='word_1_5' title='bbox 517 477 842 549; x_wconf 81' lang='lat' dir='ltr'><strong>Dionysiana</strong></span> <span class='ocrx_word' id='word_1_6' title='bbox 887 471 1334 547; x_wconf 70' lang='lat' dir='ltr'><strong>interpretatione</strong></span> <span class='ocrx_word' id='word_1_7' title='bbox 1386 471 1812 543; x_wconf 72' lang='lat' dir='ltr'><strong>coniunxerunt,</strong></span> <span class='ocrx_word' id='word_1_8' title='bbox 1870 472 2096 542; x_wconf 79' lang='lat' dir='ltr'><strong>ejusque</strong></span> <span class='ocrx_word' id='word_1_9' title='bbox 2121 474 2172 535; x_wconf 69' lang='grc' dir='ltr'><strong>Α</strong></span> <span class='ocrx_word' id='word_1_10' title='bbox 2201 470 2359 526; x_wconf 86' lang='lat' dir='ltr'><strong>ticum</strong></span> <span class='ocrx_word' id='word_1_11' title='bbox 2419 470 2578 524; x_wconf 84' lang='lat' dir='ltr'><strong>Rom.</strong></span> <span class='ocrx_word' id='word_1_12' title='bbox 2632 466 2829 535; x_wconf 83' lang='lat' dir='ltr'><strong>Siricii,</strong></span> <span class='ocrx_word' id='word_1_13' title='bbox 2870 464 3210 533; x_wconf 13' lang='lat' dir='ltr'><strong>alunocentii,</strong></span> <span class='ocrx_word' id='word_1_14' title='bbox 3260 462 3485 540; x_wconf 79' lang='lat' dir='ltr'><strong>Zosimi,</strong></span> <span class='ocrx_word' id='word_1_15' title='bbox 3513 460 3747 521; x_wconf 74' lang='lat' dir='ltr'><strong>Bonifacii</strong></span> 
     </span>
    </p>
   </div>
   <div class='ocr_carea' id='block_1_4' title="bbox 513 551 3752 637">
    <p class='ocr_par' dir='ltr' id='par_1_4' title="bbox 513 551 3752 637">
     <span class='ocr_line' id='line_1_4' title="bbox 513 551 3752 637; baseline -0.005 -18"><span class='ocrx_word' id='word_1_16' title='bbox 513 567 749 636; x_wconf 74' lang='lat' dir='ltr'><strong>antiqum</strong></span> <span class='ocrx_word' id='word_1_17' title='bbox 769 567 1032 623; x_wconf 81' lang='lat' dir='ltr'><strong>versionis</strong></span> <span class='ocrx_word' id='word_1_18' title='bbox 1060 566 1213 637; x_wconf 89' lang='lat' dir='ltr'><strong>plura</strong></span> <span class='ocrx_word' id='word_1_19' title='bbox 1243 564 1569 635; x_wconf 90' lang='lat' dir='ltr'><strong>exemplaria</strong></span> <span class='ocrx_word' id='word_1_20' title='bbox 1596 570 1810 618; x_wconf 89' lang='lat' dir='ltr'><strong>exstant</strong></span> <span class='ocrx_word' id='word_1_21' title='bbox 1833 562 1889 618; x_wconf 92' lang='lat' dir='ltr'><strong>in</strong></span> <span class='ocrx_word' id='word_1_22' title='bbox 1909 562 2095 617; x_wconf 78' lang='lat' dir='ltr'><strong>biblio—</strong></span> <span class='ocrx_word' id='word_1_23' title='bbox 2193 561 2502 627; x_wconf 80' lang='lat' dir='ltr'><strong>leestini,</strong></span> <span class='ocrx_word' id='word_1_24' title='bbox 2532 561 2763 625; x_wconf 85' lang='lat' dir='ltr'><strong>Leonis,</strong></span> <span class='ocrx_word' id='word_1_25' title='bbox 2794 560 3024 626; x_wconf 87' lang='lat' dir='ltr'><strong>Gclasii,</strong></span> <span class='ocrx_word' id='word_1_26' title='bbox 3056 558 3346 626; x_wconf 81' lang='lat' dir='ltr'><strong>Anastasii,</strong></span> <span class='ocrx_word' id='word_1_27' title='bbox 3374 556 3443 614; x_wconf 88' lang='lat' dir='ltr'><strong>ab</strong></span> <span class='ocrx_word' id='word_1_28' title='bbox 3469 569 3608 612; x_wconf 88' lang='lat' dir='ltr'><strong>anno</strong></span> <span class='ocrx_word' id='word_1_29' title='bbox 3627 551 3752 608; x_wconf 80' lang='lat' dir='ltr'><strong>scili-</strong></span> 
     </span>
    </p>
   </div>
   <div class='ocr_carea' id='block_1_5' title="bbox 516 644 3754 729">
    <p class='ocr_par' dir='ltr' id='par_1_5' title="bbox 516 644 3754 729">
     <span class='ocr_line' id='line_1_5' title="bbox 516 644 3754 729; baseline -0.003 -19"><span class='ocrx_word' id='word_1_30' title='bbox 516 659 706 713; x_wconf 77' lang='lat' dir='ltr'><strong>tltccis.</strong></span> <span class='ocrx_word' id='word_1_31' title='bbox 755 657 858 713; x_wconf 87' lang='lat' dir='ltr'><strong>Sed</strong></span> <span class='ocrx_word' id='word_1_32' title='bbox 886 658 1161 729; x_wconf 82' lang='lat' dir='ltr'><strong>antiquior</strong></span> <span class='ocrx_word' id='word_1_33' title='bbox 1189 657 1379 719; x_wconf 85' lang='lat' dir='ltr'><strong>altera,</strong></span> <span class='ocrx_word' id='word_1_34' title='bbox 1430 654 1665 711; x_wconf 90' lang='lat' dir='ltr'><strong>nondum</strong></span> <span class='ocrx_word' id='word_1_35' title='bbox 1712 654 1855 709; x_wconf 89' lang='lat' dir='ltr'><strong>edita</strong></span> <span class='ocrx_word' id='word_1_36' title='bbox 1877 692 1896 719; x_wconf 89' lang='lat'><strong>,</strong></span> <span class='ocrx_word' id='word_1_37' title='bbox 1942 651 2096 721; x_wconf 85' lang='lat' dir='ltr'><strong>cujus</strong></span> <span class='ocrx_word' id='word_1_38' title='bbox 2194 661 2283 709; x_wconf 89' lang='lat' dir='ltr'><strong>cet</strong></span> <span class='ocrx_word' id='word_1_39' title='bbox 2310 652 2417 707; x_wconf 77' lang='grc'><strong>585</strong></span> <span class='ocrx_word' id='word_1_40' title='bbox 2443 653 2512 707; x_wconf 89' lang='lat' dir='ltr'><strong>ad</strong></span> <span class='ocrx_word' id='word_1_41' title='bbox 2534 667 2735 707; x_wconf 85' lang='lat' dir='ltr'><strong>annum</strong></span> <span class='ocrx_word' id='word_1_42' title='bbox 2764 650 2888 716; x_wconf 74' lang='grc'><strong>496,</strong></span> <span class='ocrx_word' id='word_1_43' title='bbox 2922 651 2974 705; x_wconf 91' lang='lat' dir='ltr'><strong>in</strong></span> <span class='ocrx_word' id='word_1_44' title='bbox 3002 666 3166 705; x_wconf 87' lang='lat' dir='ltr'><strong>unum</strong></span> <span class='ocrx_word' id='word_1_45' title='bbox 3206 648 3447 719; x_wconf 82' lang='lat' dir='ltr'><strong>collegit,</strong></span> <span class='ocrx_word' id='word_1_46' title='bbox 3473 655 3530 702; x_wconf 92' lang='lat' dir='ltr'><strong>et</strong></span> <span class='ocrx_word' id='word_1_47' title='bbox 3555 646 3606 702; x_wconf 92' lang='lat' dir='ltr'><strong>in</strong></span> <span class='ocrx_word' id='word_1_48' title='bbox 3632 644 3754 701; x_wconf 89' lang='lat' dir='ltr'><strong>ordi-</strong></span> 
     </span>
    </p>
   </div>
   <div class='ocr_carea' id='block_1_6' title="bbox 513 740 3757 818">
    <p class='ocr_par' dir='ltr' id='par_1_6' title="bbox 513 740 3757 818">
     <span class='ocr_line' id='line_1_6' title="bbox 513 740 3757 818; baseline -0.001 -20"><span class='ocrx_word' id='word_1_49' title='bbox 513 755 879 818; x_wconf 79' lang='lat' dir='ltr'><strong>pcrvetnstmn</strong></span> <span class='ocrx_word' id='word_1_50' title='bbox 910 748 1189 817; x_wconf 79' lang='lat' dir='ltr'><strong>exemplar</strong></span> <span class='ocrx_word' id='word_1_51' title='bbox 1215 763 1314 801; x_wconf 92' lang='lat' dir='ltr'><strong>ms.</strong></span> <span class='ocrx_word' id='word_1_52' title='bbox 1346 761 1513 817; x_wconf 86' lang='lat' dir='ltr'><strong>penes</strong></span> <span class='ocrx_word' id='word_1_53' title='bbox 1550 760 1649 801; x_wconf 90' lang='lat' dir='ltr'><strong>nos</strong></span> <span class='ocrx_word' id='word_1_54' title='bbox 1688 743 1977 811; x_wconf 83' lang='lat' dir='ltr'><strong>habemus,</strong></span> <span class='ocrx_word' id='word_1_55' title='bbox 2008 742 2099 797; x_wconf 80' lang='lat' dir='ltr'><strong>lit—</strong></span> <span class='ocrx_word' id='word_1_56' title='bbox 2194 759 2319 801; x_wconf 88' lang='lat' dir='ltr'><strong>nem</strong></span> <span class='ocrx_word' id='word_1_57' title='bbox 2346 745 2515 801; x_wconf 86' lang='lat' dir='ltr'><strong>titulis</strong></span> <span class='ocrx_word' id='word_1_58' title='bbox 2534 744 2851 815; x_wconf 82' lang='lat' dir='ltr'><strong>compositis</strong></span> <span class='ocrx_word' id='word_1_59' title='bbox 2873 743 3140 809; x_wconf 82' lang='lat' dir='ltr'><strong>distinxit,</strong></span> <span class='ocrx_word' id='word_1_60' title='bbox 3169 743 3270 798; x_wconf 88' lang='lat' dir='ltr'><strong>sub</strong></span> <span class='ocrx_word' id='word_1_61' title='bbox 3302 757 3407 797; x_wconf 90' lang='lat' dir='ltr'><strong>una</strong></span> <span class='ocrx_word' id='word_1_62' title='bbox 3429 740 3567 797; x_wconf 88' lang='lat' dir='ltr'><strong>serie</strong></span> <span class='ocrx_word' id='word_1_63' title='bbox 3595 753 3757 794; x_wconf 87' lang='lat' dir='ltr'><strong>nume-</strong></span> 
     </span>
    </p>
   </div>
   <div class='ocr_carea' id='block_1_7' title="bbox 517 829 3758 908">
    <p class='ocr_par' dir='ltr' id='par_1_7' title="bbox 517 829 3758 908">
     <span class='ocr_line' id='line_1_7' title="bbox 517 829 3758 908; baseline -0.002 -17"><span class='ocrx_word' id='word_1_64' title='bbox 517 839 647 892; x_wconf 83' lang='lat' dir='ltr'><strong>teris</strong></span> <span class='ocrx_word' id='word_1_65' title='bbox 674 838 982 905; x_wconf 74' lang='lat' dir='ltr'><strong>maiusculis</strong></span> <span class='ocrx_word' id='word_1_66' title='bbox 1008 847 1318 903; x_wconf 84' lang='lat' dir='ltr'><strong>exaratum,</strong></span> <span class='ocrx_word' id='word_1_67' title='bbox 1365 836 1511 908; x_wconf 87' lang='lat' dir='ltr'><strong>quod</strong></span> <span class='ocrx_word' id='word_1_68' title='bbox 1539 837 1638 891; x_wconf 68' lang='lat' dir='ltr'><strong>aevi</strong></span> <span class='ocrx_word' id='word_1_69' title='bbox 1666 836 1748 890; x_wconf 85' lang='lat' dir='ltr'><strong>sui</strong></span> <span class='ocrx_word' id='word_1_70' title='bbox 1778 843 1963 902; x_wconf 85' lang='lat' dir='ltr'><strong>notam</strong></span> <span class='ocrx_word' id='word_1_71' title='bbox 2008 834 2099 890; x_wconf 77' lang='lat' dir='ltr'><strong>in-</strong></span> <span class='ocrx_word' id='word_1_72' title='bbox 2196 851 2381 892; x_wconf 78' lang='lat' dir='ltr'><strong>rerum</strong></span> <span class='ocrx_word' id='word_1_73' title='bbox 2430 850 2499 891; x_wconf 85' lang='lat' dir='ltr'><strong>eo</strong></span> <span class='ocrx_word' id='word_1_74' title='bbox 2546 834 2708 891; x_wconf 84' lang='lat' dir='ltr'><strong>modo</strong></span> <span class='ocrx_word' id='word_1_75' title='bbox 2746 849 2856 904; x_wconf 91' lang='lat' dir='ltr'><strong>quo</strong></span> <span class='ocrx_word' id='word_1_76' title='bbox 2905 832 3126 888; x_wconf 79' lang='lat' dir='ltr'><strong>Patrum</strong></span> <span class='ocrx_word' id='word_1_77' title='bbox 3167 848 3408 890; x_wconf 75' lang='lat' dir='ltr'><strong>CallODCS</strong></span> <span class='ocrx_word' id='word_1_78' title='bbox 3452 829 3758 887; x_wconf 71' lang='lat' dir='ltr'><strong>transferens</strong></span> 
     </span>
    </p>
   </div>
   <div class='ocr_carea' id='block_1_8' title="bbox 513 924 3757 1000">
    <p class='ocr_par' dir='ltr' id='par_1_8' title="bbox 513 924 3757 1000">
     <span class='ocr_line' id='line_1_8' title="bbox 513 924 3757 1000; baseline -0.002 -16"><span class='ocrx_word' id='word_1_79' title='bbox 513 929 934 1000; x_wconf 83' lang='lat' dir='ltr'><strong>dicat.Dionysii</strong></span> <span class='ocrx_word' id='word_1_80' title='bbox 955 929 1285 998; x_wconf 76' lang='lat' dir='ltr'><strong>vrroExigui</strong></span> <span class='ocrx_word' id='word_1_81' title='bbox 1302 929 1490 983; x_wconf 78' lang='lat' dir='ltr'><strong>Latina</strong></span> <span class='ocrx_word' id='word_1_82' title='bbox 1516 927 1891 999; x_wconf 84' lang='lat' dir='ltr'><strong>interpretatio</strong></span> <span class='ocrx_word' id='word_1_83' title='bbox 1913 926 2099 1000; x_wconf 88' lang='lat' dir='ltr'><strong>(quam</strong></span> <span class='ocrx_word' id='word_1_84' title='bbox 2198 927 2583 994; x_wconf 68' lang='lat' dir='ltr'><strong>ordinaverat,</strong></span> <span class='ocrx_word' id='word_1_85' title='bbox 2634 936 2695 983; x_wconf 89' lang='lat' dir='ltr'><strong>ut</strong></span> <span class='ocrx_word' id='word_1_86' title='bbox 2748 927 2865 997; x_wconf 85' lang='lat' dir='ltr'><strong>ipse</strong></span> <span class='ocrx_word' id='word_1_87' title='bbox 2918 925 3204 996; x_wconf 82' lang='lat' dir='ltr'><strong>proﬁtetur</strong></span> <span class='ocrx_word' id='word_1_88' title='bbox 3257 926 3313 981; x_wconf 91' lang='lat' dir='ltr'><strong>in</strong></span> <span class='ocrx_word' id='word_1_89' title='bbox 3362 924 3587 994; x_wconf 85' lang='lat' dir='ltr'><strong>epistola</strong></span> <span class='ocrx_word' id='word_1_90' title='bbox 3630 937 3757 994; x_wconf 71' lang='lat' dir='ltr'><strong>pra:-</strong></span> 
     </span>
    </p>
   </div>
   <div class='ocr_carea' id='block_1_9' title="bbox 516 1010 3761 1088">
    <p class='ocr_par' dir='ltr' id='par_1_9' title="bbox 516 1010 3761 1088">
     <span class='ocr_line' id='line_1_9' title="bbox 516 1010 3761 1088; baseline -0.002 -15"><span class='ocrx_word' id='word_1_91' title='bbox 516 1029 643 1073; x_wconf 88' lang='lat' dir='ltr'><strong>ante</strong></span> <span class='ocrx_word' id='word_1_92' title='bbox 674 1034 846 1074; x_wconf 88' lang='lat' dir='ltr'><strong>annos</strong></span> <span class='ocrx_word' id='word_1_93' title='bbox 872 1021 1057 1088; x_wconf 75' lang='lat' dir='ltr'><strong>viginti</strong></span> <span class='ocrx_word' id='word_1_94' title='bbox 1083 1036 1150 1075; x_wconf 88' lang='lat' dir='ltr'><strong>ex</strong></span> <span class='ocrx_word' id='word_1_95' title='bbox 1180 1027 1393 1075; x_wconf 83' lang='lat' dir='ltr'><strong>vetusto</strong></span> <span class='ocrx_word' id='word_1_96' title='bbox 1421 1018 1543 1080; x_wconf 90' lang='lat' dir='ltr'><strong>cod.</strong></span> <span class='ocrx_word' id='word_1_97' title='bbox 1575 1034 1678 1073; x_wconf 85' lang='lat' dir='ltr'><strong>ms.</strong></span> <span class='ocrx_word' id='word_1_98' title='bbox 1720 1017 1857 1073; x_wconf 86' lang='lat' dir='ltr'><strong>Bibl.</strong></span> <span class='ocrx_word' id='word_1_99' title='bbox 1899 1024 2101 1072; x_wconf 57' lang='lat' dir='ltr'><strong>nostra!</strong></span> <span class='ocrx_word' id='word_1_100' title='bbox 2200 1016 2418 1074; x_wconf 64' lang='lat' dir='ltr'><strong>talionis</strong></span> <span class='ocrx_word' id='word_1_101' title='bbox 2453 1017 2575 1073; x_wconf 83' lang='lat' dir='ltr'><strong>loco</strong></span> <span class='ocrx_word' id='word_1_102' title='bbox 2603 1016 2819 1087; x_wconf 68' lang='lat' dir='ltr'><strong>praeﬁxa</strong></span> <span class='ocrx_word' id='word_1_103' title='bbox 2847 1016 2915 1071; x_wconf 86' lang='lat' dir='ltr'><strong>ad</strong></span> <span class='ocrx_word' id='word_1_104' title='bbox 2944 1014 3213 1071; x_wconf 67' lang='lat' dir='ltr'><strong>lulianum</strong></span> <span class='ocrx_word' id='word_1_105' title='bbox 3243 1014 3609 1086; x_wconf 73' lang='lat' dir='ltr'><strong>presbyterum</strong></span> <span class='ocrx_word' id='word_1_106' title='bbox 3636 1010 3761 1067; x_wconf 85' lang='lat' dir='ltr'><strong>tituli</strong></span> 
     </span>
    </p>
   </div>
   <div class='ocr_carea' id='block_1_10' title="bbox 510 1103 3762 1181">
    <p class='ocr_par' dir='ltr' id='par_1_10' title="bbox 510 1103 3762 1181">
     <span class='ocr_line' id='line_1_10' title="bbox 510 1103 3762 1181; baseline -0.002 -17"><span class='ocrx_word' id='word_1_107' title='bbox 510 1109 803 1180; x_wconf 79' lang='lat' dir='ltr'><strong>edidimus)</strong></span> <span class='ocrx_word' id='word_1_108' title='bbox 828 1121 885 1166; x_wconf 92' lang='lat' dir='ltr'><strong>ut</strong></span> <span class='ocrx_word' id='word_1_109' title='bbox 903 1113 1094 1181; x_wconf 89' lang='lat' dir='ltr'><strong>purior</strong></span> <span class='ocrx_word' id='word_1_110' title='bbox 1110 1119 1166 1165; x_wconf 90' lang='lat' dir='ltr'><strong>et</strong></span> <span class='ocrx_word' id='word_1_111' title='bbox 1186 1111 1487 1180; x_wconf 84' lang='lat' dir='ltr'><strong>elegantior</strong></span> <span class='ocrx_word' id='word_1_112' title='bbox 1506 1109 1717 1167; x_wconf 75' lang='lat' dir='ltr'><strong>ceteris</strong></span> <span class='ocrx_word' id='word_1_113' title='bbox 1736 1108 1956 1179; x_wconf 65' lang='lat' dir='ltr'><strong>praelata</strong></span> <span class='ocrx_word' id='word_1_114' title='bbox 1979 1115 2097 1174; x_wconf 85' lang='lat' dir='ltr'><strong>est;</strong></span> <span class='ocrx_word' id='word_1_115' title='bbox 2200 1108 2415 1166; x_wconf 62' lang='lat' dir='ltr'><strong>Sanctae</strong></span> <span class='ocrx_word' id='word_1_116' title='bbox 2437 1108 2929 1181; x_wconf 64' lang='lat' dir='ltr'><strong>Anastasimmuam</strong></span> <span class='ocrx_word' id='word_1_117' title='bbox 2957 1124 3080 1164; x_wconf 90' lang='lat' dir='ltr'><strong>cum</strong></span> <span class='ocrx_word' id='word_1_118' title='bbox 3104 1108 3280 1163; x_wconf 84' lang='lat' dir='ltr'><strong>indice</strong></span> <span class='ocrx_word' id='word_1_119' title='bbox 3304 1107 3635 1164; x_wconf 83' lang='lat' dir='ltr'><strong>decretorum</strong></span> <span class='ocrx_word' id='word_1_120' title='bbox 3660 1103 3762 1160; x_wconf 86' lang='lat' dir='ltr'><strong>edi-</strong></span> 
     </span>
    </p>
   </div>
   <div class='ocr_carea' id='block_1_11' title="bbox 510 1196 3763 1273">
    <p class='ocr_par' dir='ltr' id='par_1_11' title="bbox 510 1196 3763 1273">
     <span class='ocr_line' id='line_1_11' title="bbox 510 1196 3763 1273; baseline -0.001 -19"><span class='ocrx_word' id='word_1_121' title='bbox 510 1215 631 1270; x_wconf 76' lang='lat' dir='ltr'><strong>qum</strong></span> <span class='ocrx_word' id='word_1_122' title='bbox 658 1203 871 1270; x_wconf 87' lang='lat' dir='ltr'><strong>quidem</strong></span> <span class='ocrx_word' id='word_1_123' title='bbox 911 1202 1106 1257; x_wconf 85' lang='lat' dir='ltr'><strong>seriem</strong></span> <span class='ocrx_word' id='word_1_124' title='bbox 1149 1210 1206 1257; x_wconf 92' lang='lat' dir='ltr'><strong>et</strong></span> <span class='ocrx_word' id='word_1_125' title='bbox 1249 1201 1490 1257; x_wconf 87' lang='lat' dir='ltr'><strong>ordinem</strong></span> <span class='ocrx_word' id='word_1_126' title='bbox 1532 1200 1906 1267; x_wconf 87' lang='lat' dir='ltr'><strong>conciliorum,</strong></span> <span class='ocrx_word' id='word_1_127' title='bbox 1929 1212 2100 1255; x_wconf 84' lang='lat' dir='ltr'><strong>cano-</strong></span> <span class='ocrx_word' id='word_1_128' title='bbox 2201 1202 2379 1258; x_wconf 86' lang='lat' dir='ltr'><strong>dimus</strong></span> <span class='ocrx_word' id='word_1_129' title='bbox 2400 1200 2491 1273; x_wconf 89' lang='lat' dir='ltr'><strong>(In</strong></span> <span class='ocrx_word' id='word_1_130' title='bbox 2521 1200 2650 1256; x_wconf 87' lang='lat' dir='ltr'><strong>Cod.</strong></span> <span class='ocrx_word' id='word_1_131' title='bbox 2695 1200 2829 1256; x_wconf 87' lang='lat' dir='ltr'><strong>Can.</strong></span> <span class='ocrx_word' id='word_1_132' title='bbox 2872 1200 3019 1254; x_wconf 82' lang='lat' dir='ltr'><strong>Eccl.</strong></span> <span class='ocrx_word' id='word_1_133' title='bbox 3068 1198 3247 1269; x_wconf 82' lang='lat' dir='ltr'><strong>Rom.)</strong></span> <span class='ocrx_word' id='word_1_134' title='bbox 3295 1214 3438 1256; x_wconf 83' lang='lat' dir='ltr'><strong>anno</strong></span> <span class='ocrx_word' id='word_1_135' title='bbox 3468 1196 3763 1269; x_wconf 70' lang='lat' dir='ltr'><strong>lﬁi3j,qui</strong></span> 
     </span>
    </p>
   </div>
   <div class='ocr_carea' id='block_1_12' title="bbox 512 1288 3766 1365">
    <p class='ocr_par' dir='ltr' id='par_1_12' title="bbox 512 1288 3766 1365">
     <span class='ocr_line' id='line_1_12' title="bbox 512 1288 3766 1365; baseline -0.002 -18"><span class='ocrx_word' id='word_1_136' title='bbox 512 1309 748 1363; x_wconf 84' lang='lat' dir='ltr'><strong>numque</strong></span> <span class='ocrx_word' id='word_1_137' title='bbox 768 1295 1210 1364; x_wconf 89' lang='lat' dir='ltr'><strong>consequentiam</strong></span> <span class='ocrx_word' id='word_1_138' title='bbox 1240 1312 1306 1350; x_wconf 87' lang='lat' dir='ltr'><strong>ac</strong></span> <span class='ocrx_word' id='word_1_139' title='bbox 1330 1310 1677 1351; x_wconf 81' lang='lat' dir='ltr'><strong>numerorum</strong></span> <span class='ocrx_word' id='word_1_140' title='bbox 1704 1293 2102 1350; x_wconf 83' lang='lat' dir='ltr'><strong>connexionem</strong></span> <span class='ocrx_word' id='word_1_141' title='bbox 2201 1293 2423 1365; x_wconf 86' lang='lat' dir='ltr'><strong>synodis</strong></span> <span class='ocrx_word' id='word_1_142' title='bbox 2466 1292 2654 1347; x_wconf 61' lang='lat' dir='ltr'><strong>Romae</strong></span> <span class='ocrx_word' id='word_1_143' title='bbox 2691 1291 2978 1347; x_wconf 82' lang='lat' dir='ltr'><strong>celebratis</strong></span> <span class='ocrx_word' id='word_1_144' title='bbox 3005 1288 3105 1344; x_wconf 89' lang='lat' dir='ltr'><strong>sub</strong></span> <span class='ocrx_word' id='word_1_145' title='bbox 3126 1288 3447 1360; x_wconf 79' lang='lat' dir='ltr'><strong>Symmacho</strong></span> <span class='ocrx_word' id='word_1_146' title='bbox 3476 1301 3629 1358; x_wconf 87' lang='lat' dir='ltr'><strong>papa,</strong></span> <span class='ocrx_word' id='word_1_147' title='bbox 3654 1292 3766 1356; x_wconf 87' lang='lat' dir='ltr'><strong>post</strong></span> 
     </span>
    </p>
   </div>
   <div class='ocr_carea' id='block_1_13' title="bbox 510 1375 3762 1455">
    <p class='ocr_par' dir='ltr' id='par_1_13' title="bbox 510 1375 3762 1455">
     <span class='ocr_line' id='line_1_13' title="bbox 510 1375 3762 1455; baseline -0.002 -16"><span class='ocrx_word' id='word_1_148' title='bbox 510 1386 752 1450; x_wconf 84' lang='lat' dir='ltr'><strong>retinuit,</strong></span> <span class='ocrx_word' id='word_1_149' title='bbox 783 1401 903 1455; x_wconf 65' lang='lat' dir='ltr'><strong>qua!</strong></span> <span class='ocrx_word' id='word_1_150' title='bbox 925 1394 1043 1440; x_wconf 87' lang='lat' dir='ltr'><strong>erat</strong></span> <span class='ocrx_word' id='word_1_151' title='bbox 1073 1386 1125 1440; x_wconf 93' lang='lat' dir='ltr'><strong>in</strong></span> <span class='ocrx_word' id='word_1_152' title='bbox 1154 1385 1346 1441; x_wconf 71' lang='lat' dir='ltr'><strong>Grmco</strong></span> <span class='ocrx_word' id='word_1_153' title='bbox 1375 1385 1668 1452; x_wconf 77' lang='lat' dir='ltr'><strong>exemplari</strong></span> <span class='ocrx_word' id='word_1_154' title='bbox 1694 1398 1802 1454; x_wconf 93' lang='lat' dir='ltr'><strong>quo</strong></span> <span class='ocrx_word' id='word_1_155' title='bbox 1830 1383 1946 1455; x_wconf 89' lang='lat' dir='ltr'><strong>ipse</strong></span> <span class='ocrx_word' id='word_1_156' title='bbox 1973 1397 2103 1439; x_wconf 86' lang='lat' dir='ltr'><strong>usus</strong></span> <span class='ocrx_word' id='word_1_157' title='bbox 2204 1383 2548 1440; x_wconf 82' lang='lat' dir='ltr'><strong>consulatum</strong></span> <span class='ocrx_word' id='word_1_158' title='bbox 2588 1380 2833 1445; x_wconf 89' lang='lat' dir='ltr'><strong>Paulini,</strong></span> <span class='ocrx_word' id='word_1_159' title='bbox 2864 1380 2969 1436; x_wconf 87' lang='lat' dir='ltr'><strong>hoc</strong></span> <span class='ocrx_word' id='word_1_160' title='bbox 2995 1388 3079 1437; x_wconf 89' lang='lat' dir='ltr'><strong>est</strong></span> <span class='ocrx_word' id='word_1_161' title='bbox 3123 1394 3264 1434; x_wconf 89' lang='lat' dir='ltr'><strong>anno</strong></span> <span class='ocrx_word' id='word_1_162' title='bbox 3293 1376 3429 1443; x_wconf 71' lang='lat'><strong>499,</strong></span> <span class='ocrx_word' id='word_1_163' title='bbox 3458 1377 3545 1433; x_wconf 88' lang='lat' dir='ltr'><strong>die</strong></span> <span class='ocrx_word' id='word_1_164' title='bbox 3570 1375 3762 1433; x_wconf 88' lang='lat' dir='ltr'><strong>calend.</strong></span> 
     </span>
    </p>
   </div>
   <div class='ocr_carea' id='block_1_14' title="bbox 509 1465 3767 1548">
    <p class='ocr_par' dir='ltr' id='par_1_14' title="bbox 509 1465 3767 1548">
     <span class='ocr_line' id='line_1_14' title="bbox 509 1465 3767 1548; baseline -0.002 -19"><span class='ocrx_word' id='word_1_165' title='bbox 509 1484 614 1541; x_wconf 82' lang='lat' dir='ltr'><strong>est,</strong></span> <span class='ocrx_word' id='word_1_166' title='bbox 639 1491 667 1529; x_wconf 88' lang='lat' dir='ltr'><strong>a</strong></span> <span class='ocrx_word' id='word_1_167' title='bbox 698 1475 913 1533; x_wconf 71' lang='lat' dir='ltr'><strong>Nicmno</strong></span> <span class='ocrx_word' id='word_1_168' title='bbox 942 1478 1149 1533; x_wconf 88' lang='lat' dir='ltr'><strong>scilicet</strong></span> <span class='ocrx_word' id='word_1_169' title='bbox 1172 1478 1403 1533; x_wconf 89' lang='lat' dir='ltr'><strong>concilio</strong></span> <span class='ocrx_word' id='word_1_170' title='bbox 1433 1479 1609 1548; x_wconf 85' lang='lat' dir='ltr'><strong>primo</strong></span> <span class='ocrx_word' id='word_1_171' title='bbox 1633 1477 1970 1533; x_wconf 76' lang='lat' dir='ltr'><strong>mcumenico</strong></span> <span class='ocrx_word' id='word_1_172' title='bbox 1987 1515 2003 1542; x_wconf 87' lang='lat'><strong>,</strong></span> <span class='ocrx_word' id='word_1_173' title='bbox 2032 1476 2102 1533; x_wconf 86' lang='lat' dir='ltr'><strong>ad</strong></span> <span class='ocrx_word' id='word_1_174' title='bbox 2205 1473 2541 1537; x_wconf 82' lang='lat' dir='ltr'><strong>Martiarum,</strong></span> <span class='ocrx_word' id='word_1_175' title='bbox 2570 1481 2627 1527; x_wconf 88' lang='lat' dir='ltr'><strong>et</strong></span> <span class='ocrx_word' id='word_1_176' title='bbox 2652 1470 2840 1526; x_wconf 83' lang='lat' dir='ltr'><strong>Flavio</strong></span> <span class='ocrx_word' id='word_1_177' title='bbox 2867 1470 3073 1525; x_wconf 83' lang='lat' dir='ltr'><strong>Avieno</strong></span> <span class='ocrx_word' id='word_1_178' title='bbox 3098 1470 3314 1538; x_wconf 74' lang='lat' dir='ltr'><strong>iuniore</strong></span> <span class='ocrx_word' id='word_1_179' title='bbox 3331 1509 3347 1535; x_wconf 90' lang='lat'><strong>,</strong></span> <span class='ocrx_word' id='word_1_180' title='bbox 3374 1468 3474 1524; x_wconf 87' lang='lat' dir='ltr'><strong>sub</strong></span> <span class='ocrx_word' id='word_1_181' title='bbox 3492 1467 3577 1523; x_wconf 89' lang='lat' dir='ltr'><strong>die</strong></span> <span class='ocrx_word' id='word_1_182' title='bbox 3602 1466 3633 1521; x_wconf 88' lang='lat'><strong>8</strong></span> <span class='ocrx_word' id='word_1_183' title='bbox 3659 1465 3767 1523; x_wconf 84' lang='lat' dir='ltr'><strong>idus</strong></span> 
     </span>
    </p>
   </div>
   <div class='ocr_carea' id='block_1_15' title="bbox 508 1557 3765 1638">
    <p class='ocr_par' dir='ltr' id='par_1_15' title="bbox 508 1557 3765 1638">
     <span class='ocr_line' id='line_1_15' title="bbox 508 1557 3765 1638; baseline -0.002 -20"><span class='ocrx_word' id='word_1_184' title='bbox 508 1564 1166 1637; x_wconf 88' lang='lat' dir='ltr'><strong>Constantinopolitanum</strong></span> <span class='ocrx_word' id='word_1_185' title='bbox 1194 1584 1241 1631; x_wconf 87' lang='grc' dir='ltr'>ι,</span> <span class='ocrx_word' id='word_1_186' title='bbox 1292 1569 1396 1623; x_wconf 91' lang='lat' dir='ltr'><strong>hoc</strong></span> <span class='ocrx_word' id='word_1_187' title='bbox 1433 1576 1520 1622; x_wconf 90' lang='lat' dir='ltr'><strong>est</strong></span> <span class='ocrx_word' id='word_1_188' title='bbox 1556 1583 1587 1621; x_wconf 90' lang='lat' dir='ltr'><strong>a</strong></span> <span class='ocrx_word' id='word_1_189' title='bbox 1629 1568 1802 1638; x_wconf 90' lang='lat' dir='ltr'><strong>primo</strong></span> <span class='ocrx_word' id='word_1_190' title='bbox 1830 1567 2008 1638; x_wconf 86' lang='lat' dir='ltr'><strong>capite</strong></span> <span class='ocrx_word' id='word_1_191' title='bbox 2032 1566 2103 1623; x_wconf 85' lang='lat' dir='ltr'><strong>ad</strong></span> <span class='ocrx_word' id='word_1_192' title='bbox 2206 1566 2495 1631; x_wconf 84' lang='lat' dir='ltr'><strong>Novemb.,</strong></span> <span class='ocrx_word' id='word_1_193' title='bbox 2518 1566 2623 1620; x_wconf 90' lang='lat' dir='ltr'><strong>hoc</strong></span> <span class='ocrx_word' id='word_1_194' title='bbox 2644 1571 2728 1620; x_wconf 89' lang='lat' dir='ltr'><strong>est</strong></span> <span class='ocrx_word' id='word_1_195' title='bbox 2752 1577 2894 1619; x_wconf 89' lang='lat' dir='ltr'><strong>anno</strong></span> <span class='ocrx_word' id='word_1_196' title='bbox 2925 1560 3047 1626; x_wconf 69' lang='lat'><strong>502,</strong></span> <span class='ocrx_word' id='word_1_197' title='bbox 3080 1560 3401 1631; x_wconf 86' lang='lat' dir='ltr'><strong>subscripsis</strong></span> <span class='ocrx_word' id='word_1_198' title='bbox 3421 1574 3463 1614; x_wconf 92' lang='lat' dir='ltr'><strong>.e</strong></span> <span class='ocrx_word' id='word_1_199' title='bbox 3498 1557 3765 1629; x_wconf 87' lang='lat' dir='ltr'><strong>reperitur.</strong></span> 
     </span>
    </p>
   </div>
   <div class='ocr_carea' id='block_1_16' title="bbox 512 1648 3772 1728">
    <p class='ocr_par' dir='ltr' id='par_1_16' title="bbox 512 1648 3772 1728">
     <span class='ocr_line' id='line_1_16' title="bbox 512 1648 3772 1728; baseline -0.002 -20"><span class='ocrx_word' id='word_1_200' title='bbox 512 1655 872 1711; x_wconf 88' lang='lat' dir='ltr'><strong>centesimum</strong></span> <span class='ocrx_word' id='word_1_201' title='bbox 911 1658 1306 1726; x_wconf 76' lang='lat' dir='ltr'><strong>sexagesimum</strong></span> <span class='ocrx_word' id='word_1_202' title='bbox 1352 1658 1599 1728; x_wconf 91' lang='lat' dir='ltr'><strong>quintum</strong></span> <span class='ocrx_word' id='word_1_203' title='bbox 1622 1697 1639 1723; x_wconf 96' lang='lat'><strong>,</strong></span> <span class='ocrx_word' id='word_1_204' title='bbox 1684 1665 1742 1713; x_wconf 94' lang='lat' dir='ltr'><strong>ut</strong></span> <span class='ocrx_word' id='word_1_205' title='bbox 1774 1657 1890 1727; x_wconf 87' lang='lat' dir='ltr'><strong>ipse</strong></span> <span class='ocrx_word' id='word_1_206' title='bbox 1929 1657 2007 1713; x_wconf 87' lang='lat' dir='ltr'><strong>ait</strong></span> <span class='ocrx_word' id='word_1_207' title='bbox 2045 1656 2103 1715; x_wconf 82' lang='lat' dir='ltr'><strong>in</strong></span> <span class='ocrx_word' id='word_1_208' title='bbox 2209 1656 2361 1715; x_wconf 82' lang='lat' dir='ltr'><strong>Unde</strong></span> <span class='ocrx_word' id='word_1_209' title='bbox 2390 1657 2561 1727; x_wconf 87' lang='lat' dir='ltr'><strong>liquet</strong></span> <span class='ocrx_word' id='word_1_210' title='bbox 2597 1669 2706 1726; x_wconf 92' lang='lat' dir='ltr'><strong>quo</strong></span> <span class='ocrx_word' id='word_1_211' title='bbox 2744 1660 2991 1723; x_wconf 85' lang='lat' dir='ltr'><strong>tempore</strong></span> <span class='ocrx_word' id='word_1_212' title='bbox 3017 1651 3355 1723; x_wconf 77' lang='lat' dir='ltr'><strong>Dionysiana:</strong></span> <span class='ocrx_word' id='word_1_213' title='bbox 3383 1648 3489 1705; x_wconf 66' lang='lat' dir='ltr'><strong>illa:</strong></span> <span class='ocrx_word' id='word_1_214' title='bbox 3514 1648 3772 1706; x_wconf 89' lang='lat' dir='ltr'><strong>collectio-</strong></span> 
     </span>
    </p>
   </div>
   <div class='ocr_carea' id='block_1_17' title="bbox 514 1739 3773 1820">
    <p class='ocr_par' dir='ltr' id='par_1_17' title="bbox 514 1739 3773 1820">
     <span class='ocr_line' id='line_1_17' title="bbox 514 1739 3773 1820; baseline 0.003 -22"><span class='ocrx_word' id='word_1_215' title='bbox 514 1744 745 1813; x_wconf 84' lang='lat' dir='ltr'><strong>cpistola</strong></span> <span class='ocrx_word' id='word_1_216' title='bbox 790 1761 901 1801; x_wconf 75' lang='lat' dir='ltr'><strong>sua:</strong></span> <span class='ocrx_word' id='word_1_217' title='bbox 938 1746 1244 1803; x_wconf 88' lang='lat' dir='ltr'><strong>collectioni</strong></span> <span class='ocrx_word' id='word_1_218' title='bbox 1273 1745 1491 1819; x_wconf 66' lang='lat' dir='ltr'><strong>praeﬁxa</strong></span> <span class='ocrx_word' id='word_1_219' title='bbox 1515 1788 1533 1814; x_wconf 87' lang='lat'><strong>,</strong></span> <span class='ocrx_word' id='word_1_220' title='bbox 1572 1747 1659 1803; x_wconf 89' lang='lat' dir='ltr'><strong>cui</strong></span> <span class='ocrx_word' id='word_1_221' title='bbox 1686 1746 1925 1820; x_wconf 88' lang='lat' dir='ltr'><strong>(omissis</strong></span> <span class='ocrx_word' id='word_1_222' title='bbox 1950 1746 2101 1803; x_wconf 83' lang='lat' dir='ltr'><strong>Con-</strong></span> <span class='ocrx_word' id='word_1_223' title='bbox 2209 1762 2347 1813; x_wconf 85' lang='lat' dir='ltr'><strong>nes,</strong></span> <span class='ocrx_word' id='word_1_224' title='bbox 2379 1755 2486 1800; x_wconf 82' lang='lat' dir='ltr'><strong>tam</strong></span> <span class='ocrx_word' id='word_1_225' title='bbox 2538 1758 2806 1800; x_wconf 78' lang='lat' dir='ltr'><strong>canonum</strong></span> <span class='ocrx_word' id='word_1_226' title='bbox 2838 1741 3207 1807; x_wconf 67' lang='lat' dir='ltr'><strong>conciliorum</strong></span> <span class='ocrx_word' id='word_1_227' title='bbox 3250 1754 3412 1811; x_wconf 72' lang='grc' dir='ltr'><strong>(ιιιειω</strong></span> <span class='ocrx_word' id='word_1_228' title='bbox 3450 1739 3773 1796; x_wconf 56' lang='lat' dir='ltr'><strong>decretorum</strong></span> 
     </span>
    </p>
   </div>
   <div class='ocr_carea' id='block_1_18' title="bbox 508 1828 3775 1919">
    <p class='ocr_par' dir='ltr' id='par_1_18' title="bbox 508 1828 3775 1919">
     <span class='ocr_line' id='line_1_18' title="bbox 508 1828 3775 1919; baseline -0.002 -28"><span class='ocrx_word' id='word_1_229' title='bbox 508 1837 1004 1909; x_wconf 83' lang='lat' dir='ltr'><strong>stantinopolitanis</strong></span> <span class='ocrx_word' id='word_1_230' title='bbox 1058 1849 1290 1909; x_wconf 88' lang='lat' dir='ltr'><strong>quatuor</strong></span> <span class='ocrx_word' id='word_1_231' title='bbox 1350 1840 1746 1909; x_wconf 85' lang='lat' dir='ltr'><strong>posterioribus</strong></span> <span class='ocrx_word' id='word_1_232' title='bbox 1798 1839 2098 1899; x_wconf 85' lang='lat' dir='ltr'><strong>cauonibus</strong></span> <span class='ocrx_word' id='word_1_233' title='bbox 2127 1856 2177 1919; x_wconf 75' lang='grc' dir='ltr'><strong>Β</strong></span> <span class='ocrx_word' id='word_1_234' title='bbox 2212 1838 2525 1914; x_wconf 87' lang='lat' dir='ltr'><strong>pontiﬁcum</strong></span> <span class='ocrx_word' id='word_1_235' title='bbox 2571 1835 2730 1893; x_wconf 80' lang='lat' dir='ltr'><strong>Rom.</strong></span> <span class='ocrx_word' id='word_1_236' title='bbox 2760 1835 2975 1905; x_wconf 66' lang='lat' dir='ltr'><strong>scriptae</strong></span> <span class='ocrx_word' id='word_1_237' title='bbox 3002 1834 3131 1890; x_wconf 87' lang='lat' dir='ltr'><strong>sint.</strong></span> <span class='ocrx_word' id='word_1_238' title='bbox 3172 1832 3351 1905; x_wconf 84' lang='lat' dir='ltr'><strong>Atque</strong></span> <span class='ocrx_word' id='word_1_239' title='bbox 3375 1832 3494 1889; x_wconf 66' lang='lat' dir='ltr'><strong>haec</strong></span> <span class='ocrx_word' id='word_1_240' title='bbox 3510 1838 3591 1887; x_wconf 59' lang='lat' dir='ltr'><strong>at</strong></span> <span class='ocrx_word' id='word_1_241' title='bbox 3611 1828 3775 1901; x_wconf 86' lang='lat' dir='ltr'><strong>prima</strong></span> 
     </span>
    </p>
   </div>
   <div class='ocr_carea' id='block_1_19' title="bbox 509 1920 3773 1999">
    <p class='ocr_par' dir='ltr' id='par_1_19' title="bbox 509 1920 3773 1999">
     <span class='ocr_line' id='line_1_19' title="bbox 509 1920 3773 1999; baseline -0.001 -20"><span class='ocrx_word' id='word_1_242' title='bbox 509 1934 568 1980; x_wconf 85' lang='lat' dir='ltr'><strong>et</strong></span> <span class='ocrx_word' id='word_1_243' title='bbox 603 1936 729 1983; x_wconf 91' lang='lat' dir='ltr'><strong>octo</strong></span> <span class='ocrx_word' id='word_1_244' title='bbox 757 1926 1075 1997; x_wconf 86' lang='lat' dir='ltr'><strong>Ephesinis,</strong></span> <span class='ocrx_word' id='word_1_245' title='bbox 1106 1929 1199 1999; x_wconf 89' lang='lat' dir='ltr'><strong>qui</strong></span> <span class='ocrx_word' id='word_1_246' title='bbox 1240 1930 1294 1985; x_wconf 94' lang='lat' dir='ltr'><strong>in</strong></span> <span class='ocrx_word' id='word_1_247' title='bbox 1327 1927 1664 1986; x_wconf 89' lang='lat' dir='ltr'><strong>Collectione</strong></span> <span class='ocrx_word' id='word_1_248' title='bbox 1690 1930 2003 1995; x_wconf 87' lang='lat' dir='ltr'><strong>Canonum,</strong></span> <span class='ocrx_word' id='word_1_249' title='bbox 2046 1939 2105 1988; x_wconf 88' lang='lat' dir='ltr'><strong>et</strong></span> <span class='ocrx_word' id='word_1_250' title='bbox 2208 1943 2266 1991; x_wconf 89' lang='lat' dir='ltr'><strong>et</strong></span> <span class='ocrx_word' id='word_1_251' title='bbox 2308 1927 2679 1999; x_wconf 81' lang='lat' dir='ltr'><strong>antiquissima</strong></span> <span class='ocrx_word' id='word_1_252' title='bbox 2733 1925 3085 1981; x_wconf 87' lang='lat' dir='ltr'><strong>decretalium</strong></span> <span class='ocrx_word' id='word_1_253' title='bbox 3130 1922 3449 1995; x_wconf 77' lang='lat' dir='ltr'><strong>pontiﬁcum</strong></span> <span class='ocrx_word' id='word_1_254' title='bbox 3492 1920 3773 1991; x_wconf 89' lang='lat' dir='ltr'><strong>collectio,</strong></span> 
     </span>
    </p>
   </div>
   <div class='ocr_carea' id='block_1_20' title="bbox 509 2011 3779 2093">
    <p class='ocr_par' dir='ltr' id='par_1_20' title="bbox 509 2011 3779 2093">
     <span class='ocr_line' id='line_1_20' title="bbox 509 2011 3779 2093; baseline -0 -24"><span class='ocrx_word' id='word_1_255' title='bbox 509 2014 904 2074; x_wconf 87' lang='lat' dir='ltr'><strong>Nomocanone</strong></span> <span class='ocrx_word' id='word_1_256' title='bbox 964 2017 1187 2076; x_wconf 79' lang='lat' dir='ltr'><strong>Joannis</strong></span> <span class='ocrx_word' id='word_1_257' title='bbox 1240 2019 1560 2076; x_wconf 84' lang='lat' dir='ltr'><strong>Scholastici</strong></span> <span class='ocrx_word' id='word_1_258' title='bbox 1614 2020 1937 2090; x_wconf 74' lang='lat' dir='ltr'><strong>patriarcha:</strong></span> <span class='ocrx_word' id='word_1_259' title='bbox 1988 2018 2102 2077; x_wconf 89' lang='lat' dir='ltr'><strong>CP.</strong></span> <span class='ocrx_word' id='word_1_260' title='bbox 2206 2037 2328 2093; x_wconf 71' lang='lat' dir='ltr'><strong>qua:</strong></span> <span class='ocrx_word' id='word_1_261' title='bbox 2355 2020 2490 2076; x_wconf 86' lang='lat' dir='ltr'><strong>liber</strong></span> <span class='ocrx_word' id='word_1_262' title='bbox 2539 2017 2890 2074; x_wconf 89' lang='lat' dir='ltr'><strong>Decretorum</strong></span> <span class='ocrx_word' id='word_1_263' title='bbox 2930 2014 3073 2070; x_wconf 86' lang='lat' dir='ltr'><strong>dicta</strong></span> <span class='ocrx_word' id='word_1_264' title='bbox 3121 2021 3208 2071; x_wconf 88' lang='lat' dir='ltr'><strong>est</strong></span> <span class='ocrx_word' id='word_1_265' title='bbox 3248 2029 3281 2069; x_wconf 92' lang='lat' dir='ltr'><strong>a</strong></span> <span class='ocrx_word' id='word_1_266' title='bbox 3324 2011 3580 2069; x_wconf 83' lang='lat' dir='ltr'><strong>Zacharia</strong></span> <span class='ocrx_word' id='word_1_267' title='bbox 3627 2024 3779 2083; x_wconf 87' lang='lat' dir='ltr'><strong>papa,</strong></span> 
     </span>
    </p>
   </div>
   <div class='ocr_carea' id='block_1_21' title="bbox 509 2108 3782 2187">
    <p class='ocr_par' dir='ltr' id='par_1_21' title="bbox 509 2108 3782 2187">
     <span class='ocr_line' id='line_1_21' title="bbox 509 2108 3782 2187; baseline 0.001 -25"><span class='ocrx_word' id='word_1_268' title='bbox 509 2117 572 2161; x_wconf 85' lang='lat' dir='ltr'><strong>et</strong></span> <span class='ocrx_word' id='word_1_269' title='bbox 616 2109 831 2164; x_wconf 59' lang='lat' dir='ltr'><strong>caneris</strong></span> <span class='ocrx_word' id='word_1_270' title='bbox 856 2111 1106 2166; x_wconf 86' lang='lat' dir='ltr'><strong>omnibus</strong></span> <span class='ocrx_word' id='word_1_271' title='bbox 1147 2110 1461 2167; x_wconf 63' lang='lat' dir='ltr'><strong>Graecorum</strong></span> <span class='ocrx_word' id='word_1_272' title='bbox 1505 2126 1779 2167; x_wconf 79' lang='lat' dir='ltr'><strong>canonum</strong></span> <span class='ocrx_word' id='word_1_273' title='bbox 1821 2110 2104 2167; x_wconf 88' lang='lat' dir='ltr'><strong>collectio-</strong></span> <span class='ocrx_word' id='word_1_274' title='bbox 2206 2115 2437 2187; x_wconf 81' lang='lat' dir='ltr'><strong>epistola</strong></span> <span class='ocrx_word' id='word_1_275' title='bbox 2480 2112 2550 2169; x_wconf 88' lang='lat' dir='ltr'><strong>ad</strong></span> <span class='ocrx_word' id='word_1_276' title='bbox 2591 2111 2840 2183; x_wconf 87' lang='lat' dir='ltr'><strong>Pipinum</strong></span> <span class='ocrx_word' id='word_1_277' title='bbox 2874 2119 2931 2167; x_wconf 91' lang='lat' dir='ltr'><strong>et</strong></span> <span class='ocrx_word' id='word_1_278' title='bbox 2957 2110 3242 2183; x_wconf 85' lang='lat' dir='ltr'><strong>episcopos</strong></span> <span class='ocrx_word' id='word_1_279' title='bbox 3268 2108 3507 2166; x_wconf 72' lang='lat' dir='ltr'><strong>Francia:</strong></span> <span class='ocrx_word' id='word_1_280' title='bbox 3529 2150 3545 2176; x_wconf 93' lang='lat'><strong>,</strong></span> <span class='ocrx_word' id='word_1_281' title='bbox 3588 2123 3655 2165; x_wconf 85' lang='lat' dir='ltr'><strong>ex</strong></span> <span class='ocrx_word' id='word_1_282' title='bbox 3677 2123 3782 2179; x_wconf 88' lang='lat' dir='ltr'><strong>quo</strong></span> 
     </span>
    </p>
   </div>
   <div class='ocr_carea' id='block_1_22' title="bbox 510 2197 3782 2277">
    <p class='ocr_par' dir='ltr' id='par_1_22' title="bbox 510 2197 3782 2277">
     <span class='ocr_line' id='line_1_22' title="bbox 510 2197 3782 2277; baseline 0.003 -25"><span class='ocrx_word' id='word_1_283' title='bbox 510 2197 672 2254; x_wconf 81' lang='lat' dir='ltr'><strong>nibus</strong></span> <span class='ocrx_word' id='word_1_284' title='bbox 730 2200 1115 2270; x_wconf 89' lang='lat' dir='ltr'><strong>reperiuntur)</strong></span> <span class='ocrx_word' id='word_1_285' title='bbox 1167 2202 1373 2257; x_wconf 85' lang='lat' dir='ltr'><strong>addidit</strong></span> <span class='ocrx_word' id='word_1_286' title='bbox 1419 2216 1659 2259; x_wconf 77' lang='lat' dir='ltr'><strong>canones</strong></span> <span class='ocrx_word' id='word_1_287' title='bbox 1703 2201 1798 2274; x_wconf 92' lang='lat' dir='ltr'><strong>qui</strong></span> <span class='ocrx_word' id='word_1_288' title='bbox 1850 2202 2107 2260; x_wconf 87' lang='lat' dir='ltr'><strong>dicuntur</strong></span> <span class='ocrx_word' id='word_1_289' title='bbox 2206 2209 2341 2265; x_wconf 84' lang='lat' dir='ltr'><strong>citat</strong></span> <span class='ocrx_word' id='word_1_290' title='bbox 2365 2206 2611 2277; x_wconf 64' lang='lat' dir='ltr'><strong>quaedam</strong></span> <span class='ocrx_word' id='word_1_291' title='bbox 2640 2205 2875 2276; x_wconf 86' lang='lat' dir='ltr'><strong>capitula</strong></span> <span class='ocrx_word' id='word_1_292' title='bbox 2900 2202 3195 2260; x_wconf 79' lang='lat' dir='ltr'><strong>Innocentii</strong></span> <span class='ocrx_word' id='word_1_293' title='bbox 3217 2241 3235 2268; x_wconf 83' lang='grc'><strong>.</strong></span> <span class='ocrx_word' id='word_1_294' title='bbox 3267 2202 3465 2260; x_wconf 71' lang='lat' dir='ltr'><strong>Lectus</strong></span> <span class='ocrx_word' id='word_1_295' title='bbox 3490 2211 3549 2258; x_wconf 73' lang='lat' dir='ltr'><strong>et</strong></span> <span class='ocrx_word' id='word_1_296' title='bbox 3572 2199 3782 2258; x_wconf 76' lang='lat' dir='ltr'><strong>GelaSii.</strong></span> 
     </span>
    </p>
   </div>
   <div class='ocr_carea' id='block_1_23' title="bbox 508 2289 3785 2369">
    <p class='ocr_par' dir='ltr' id='par_1_23' title="bbox 508 2289 3785 2369">
     <span class='ocr_line' id='line_1_23' title="bbox 508 2289 3785 2369; baseline 0.001 -26"><span class='ocrx_word' id='word_1_297' title='bbox 508 2289 888 2358; x_wconf 80' lang='lat' dir='ltr'><strong>Apostolorum</strong></span> <span class='ocrx_word' id='word_1_298' title='bbox 918 2292 1305 2364; x_wconf 76' lang='lat' dir='ltr'><strong>quinquaginta</strong></span> <span class='ocrx_word' id='word_1_299' title='bbox 1322 2336 1339 2364; x_wconf 93' lang='lat'><strong>,</strong></span> <span class='ocrx_word' id='word_1_300' title='bbox 1368 2304 1425 2351; x_wconf 93' lang='lat' dir='ltr'><strong>et</strong></span> <span class='ocrx_word' id='word_1_301' title='bbox 1444 2294 1793 2353; x_wconf 85' lang='lat' dir='ltr'><strong>Sardicenses</strong></span> <span class='ocrx_word' id='word_1_302' title='bbox 1814 2304 1870 2351; x_wconf 91' lang='lat' dir='ltr'><strong>et</strong></span> <span class='ocrx_word' id='word_1_303' title='bbox 1898 2295 2105 2353; x_wconf 81' lang='lat' dir='ltr'><strong>Africa-</strong></span> <span class='ocrx_word' id='word_1_304' title='bbox 2207 2297 2305 2356; x_wconf 88' lang='lat' dir='ltr'><strong>Cui</strong></span> <span class='ocrx_word' id='word_1_305' title='bbox 2325 2305 2514 2369; x_wconf 83' lang='lat' dir='ltr'><strong>postea</strong></span> <span class='ocrx_word' id='word_1_306' title='bbox 2542 2297 2611 2352; x_wconf 88' lang='lat' dir='ltr'><strong>ab</strong></span> <span class='ocrx_word' id='word_1_307' title='bbox 2639 2295 2747 2352; x_wconf 85' lang='lat' dir='ltr'><strong>alio</strong></span> <span class='ocrx_word' id='word_1_308' title='bbox 2787 2294 3081 2352; x_wconf 90' lang='lat' dir='ltr'><strong>collectore</strong></span> <span class='ocrx_word' id='word_1_309' title='bbox 3108 2293 3288 2349; x_wconf 88' lang='lat' dir='ltr'><strong>addita</strong></span> <span class='ocrx_word' id='word_1_310' title='bbox 3310 2300 3440 2350; x_wconf 86' lang='lat' dir='ltr'><strong>sunt</strong></span> <span class='ocrx_word' id='word_1_311' title='bbox 3465 2290 3675 2349; x_wconf 88' lang='lat' dir='ltr'><strong>decreta</strong></span> <span class='ocrx_word' id='word_1_312' title='bbox 3699 2304 3785 2355; x_wconf 81' lang='lat' dir='ltr'><strong>se-</strong></span> 
     </span>
    </p>
   </div>
   <div class='ocr_carea' id='block_1_24' title="bbox 507 2381 3784 2463">
    <p class='ocr_par' dir='ltr' id='par_1_24' title="bbox 507 2381 3784 2463">
     <span class='ocr_line' id='line_1_24' title="bbox 507 2381 3784 2463; baseline 0.001 -28"><span class='ocrx_word' id='word_1_313' title='bbox 507 2394 609 2436; x_wconf 81' lang='lat' dir='ltr'><strong>nos</strong></span> <span class='ocrx_word' id='word_1_314' title='bbox 636 2381 726 2451; x_wconf 86' lang='lat' dir='ltr'><strong>qui</strong></span> <span class='ocrx_word' id='word_1_315' title='bbox 756 2381 810 2437; x_wconf 90' lang='lat' dir='ltr'><strong>in</strong></span> <span class='ocrx_word' id='word_1_316' title='bbox 838 2382 1128 2441; x_wconf 77' lang='lat' dir='ltr'><strong>Occidente</strong></span> <span class='ocrx_word' id='word_1_317' title='bbox 1152 2385 1344 2442; x_wconf 83' lang='lat' dir='ltr'><strong>Latine</strong></span> <span class='ocrx_word' id='word_1_318' title='bbox 1370 2395 1497 2442; x_wconf 86' lang='lat' dir='ltr'><strong>sunt</strong></span> <span class='ocrx_word' id='word_1_319' title='bbox 1516 2386 1644 2443; x_wconf 83' lang='lat' dir='ltr'><strong>editi</strong></span> <span class='ocrx_word' id='word_1_320' title='bbox 1670 2405 1683 2441; x_wconf 87' lang='lat'><strong>:</strong></span> <span class='ocrx_word' id='word_1_321' title='bbox 1709 2395 1873 2457; x_wconf 88' lang='lat' dir='ltr'><strong>atque</strong></span> <span class='ocrx_word' id='word_1_322' title='bbox 1899 2387 2023 2444; x_wconf 88' lang='lat' dir='ltr'><strong>ideo</strong></span> <span class='ocrx_word' id='word_1_323' title='bbox 2044 2388 2101 2446; x_wconf 91' lang='lat' dir='ltr'><strong>in</strong></span> <span class='ocrx_word' id='word_1_324' title='bbox 2206 2391 2485 2463; x_wconf 81' lang='lat' dir='ltr'><strong>quentium</strong></span> <span class='ocrx_word' id='word_1_325' title='bbox 2514 2387 2853 2459; x_wconf 85' lang='lat' dir='ltr'><strong>pontiﬁcum,</strong></span> <span class='ocrx_word' id='word_1_326' title='bbox 2882 2385 3080 2451; x_wconf 79' lang='lat' dir='ltr'><strong>Hilari,</strong></span> <span class='ocrx_word' id='word_1_327' title='bbox 3103 2385 3319 2453; x_wconf 84' lang='lat' dir='ltr'><strong>Felicis,</strong></span> <span class='ocrx_word' id='word_1_328' title='bbox 3347 2383 3625 2456; x_wconf 87' lang='lat' dir='ltr'><strong>Simplicii,</strong></span> <span class='ocrx_word' id='word_1_329' title='bbox 3648 2382 3784 2461; x_wconf 76' lang='lat' dir='ltr'><strong>Hor-</strong></span> 
     </span>
    </p>
   </div>
   <div class='ocr_carea' id='block_1_25' title="bbox 508 2471 3787 2552">
    <p class='ocr_par' dir='ltr' id='par_1_25' title="bbox 508 2471 3787 2552">
     <span class='ocr_line' id='line_1_25' title="bbox 508 2471 3787 2552; baseline 0.002 -27"><span class='ocrx_word' id='word_1_330' title='bbox 508 2471 758 2528; x_wconf 88' lang='lat' dir='ltr'><strong>omnibus</strong></span> <span class='ocrx_word' id='word_1_331' title='bbox 779 2472 1191 2531; x_wconf 86' lang='lat' dir='ltr'><strong>collectionibus</strong></span> <span class='ocrx_word' id='word_1_332' title='bbox 1212 2476 1557 2545; x_wconf 87' lang='lat' dir='ltr'><strong>postmodum</strong></span> <span class='ocrx_word' id='word_1_333' title='bbox 1579 2477 1739 2546; x_wconf 84' lang='lat' dir='ltr'><strong>positi</strong></span> <span class='ocrx_word' id='word_1_334' title='bbox 1761 2485 1911 2547; x_wconf 88' lang='lat' dir='ltr'><strong>sunt,</strong></span> <span class='ocrx_word' id='word_1_335' title='bbox 1933 2477 2018 2534; x_wconf 74' lang='grc' dir='ltr'><strong>διὰ</strong></span> <span class='ocrx_word' id='word_1_336' title='bbox 2044 2481 2103 2537; x_wconf 79' lang='grc' dir='ltr'><strong>τὸ</strong></span> <span class='ocrx_word' id='word_1_337' title='bbox 2209 2481 2397 2539; x_wconf 68' lang='lat' dir='ltr'><strong>tuisdm</strong></span> <span class='ocrx_word' id='word_1_338' title='bbox 2412 2521 2430 2545; x_wconf 86' lang='lat'><strong>.</strong></span> <span class='ocrx_word' id='word_1_339' title='bbox 2462 2478 2769 2552; x_wconf 85' lang='lat' dir='ltr'><strong>Symmachi</strong></span> <span class='ocrx_word' id='word_1_340' title='bbox 2795 2518 2812 2544; x_wconf 90' lang='lat'><strong>,</strong></span> <span class='ocrx_word' id='word_1_341' title='bbox 2841 2487 2900 2533; x_wconf 90' lang='lat' dir='ltr'><strong>et</strong></span> <span class='ocrx_word' id='word_1_342' title='bbox 2944 2475 3190 2547; x_wconf 84' lang='lat' dir='ltr'><strong>Gregorii</strong></span> <span class='ocrx_word' id='word_1_343' title='bbox 3210 2476 3462 2546; x_wconf 72' lang='lat' dir='ltr'><strong>iunioris.</strong></span> <span class='ocrx_word' id='word_1_344' title='bbox 3492 2474 3576 2532; x_wconf 83' lang='lat' dir='ltr'><strong>Ex</strong></span> <span class='ocrx_word' id='word_1_345' title='bbox 3599 2474 3787 2545; x_wconf 78' lang='lat' dir='ltr'><strong>quibus</strong></span> 
     </span>
    </p>
   </div>
   <div class='ocr_carea' id='block_1_26' title="bbox 509 2562 2077 2646">
    <p class='ocr_par' dir='ltr' id='par_1_26' title="bbox 509 2562 2077 2646">
     <span class='ocr_line' id='line_1_26' title="bbox 509 2562 2077 2646; baseline 0.006 -31"><span class='ocrx_word' id='word_1_346' title='bbox 509 2562 669 2616; x_wconf 70' lang='grc' dir='ltr'><strong>πολλὰ</strong></span> <span class='ocrx_word' id='word_1_347' title='bbox 692 2567 814 2635; x_wconf 80' lang='grc' dir='ltr'><strong>περί</strong></span> <span class='ocrx_word' id='word_1_348' title='bbox 841 2585 992 2619; x_wconf 80' lang='grc' dir='ltr'><strong>τινων</strong></span> <span class='ocrx_word' id='word_1_349' title='bbox 1024 2567 1321 2642; x_wconf 71' lang='grc' dir='ltr'><strong>ἐπιχωρίων</strong></span> <span class='ocrx_word' id='word_1_350' title='bbox 1364 2569 1520 2639; x_wconf 58' lang='grc' dir='ltr'><strong>ἤγουν</strong></span> <span class='ocrx_word' id='word_1_351' title='bbox 1559 2575 1663 2624; x_wconf 78' lang='grc' dir='ltr'><strong>τῶν</strong></span> <span class='ocrx_word' id='word_1_352' title='bbox 1691 2566 1903 2624; x_wconf 76' lang='grc' dir='ltr'>δυτικῶν</span> <span class='ocrx_word' id='word_1_353' title='bbox 1937 2576 2077 2646; x_wconf 63' lang='lat' dir='ltr'><strong>inpii</strong></span> 
     </span>
    </p>
   </div>
   <div class='ocr_carea' id='block_1_27' title="bbox 2218 2562 3786 2646">
    <p class='ocr_par' dir='ltr' id='par_1_27' title="bbox 2218 2564 3786 2637">
     <span class='ocr_line' id='line_1_27' title="bbox 2218 2564 3786 2637; baseline -0.001 -12"><span class='ocrx_word' id='word_1_354' title='bbox 2218 2576 2319 2625; x_wconf 80' lang='lat' dir='ltr'><strong>tam</strong></span> <span class='ocrx_word' id='word_1_355' title='bbox 2342 2569 2697 2627; x_wconf 86' lang='lat' dir='ltr'><strong>conciliorum</strong></span> <span class='ocrx_word' id='word_1_356' title='bbox 2721 2567 3047 2636; x_wconf 87' lang='lat' dir='ltr'><strong>canonibus,</strong></span> <span class='ocrx_word' id='word_1_357' title='bbox 3075 2582 3237 2637; x_wconf 90' lang='lat' dir='ltr'><strong>quam</strong></span> <span class='ocrx_word' id='word_1_358' title='bbox 3260 2564 3574 2637; x_wconf 88' lang='lat' dir='ltr'><strong>pontiﬁcum</strong></span> <span class='ocrx_word' id='word_1_359' title='bbox 3596 2566 3786 2623; x_wconf 78' lang='lat' dir='ltr'><strong>decre-</strong></span> 
     </span>
    </p>
   </div>
   <div class='ocr_carea' id='block_1_28' title="bbox 510 2651 3788 2730">
    <p class='ocr_par' dir='ltr' id='par_1_28' title="bbox 510 2651 3788 2730">
     <span class='ocr_line' id='line_1_28' title="bbox 510 2651 3788 2730; baseline 0.001 -22"><span class='ocrx_word' id='word_1_360' title='bbox 510 2651 845 2730; x_wconf 75' lang='grc' dir='ltr'><strong>ὂιορίζισϐαι,</strong></span> <span class='ocrx_word' id='word_1_361' title='bbox 896 2653 1185 2727; x_wconf 77' lang='lat' dir='ltr'><strong>Propterea</strong></span> <span class='ocrx_word' id='word_1_362' title='bbox 1220 2658 1358 2730; x_wconf 86' lang='lat' dir='ltr'><strong>quod</strong></span> <span class='ocrx_word' id='word_1_363' title='bbox 1395 2658 1564 2713; x_wconf 86' lang='lat' dir='ltr'><strong>multa</strong></span> <span class='ocrx_word' id='word_1_364' title='bbox 1600 2658 1665 2713; x_wconf 85' lang='lat' dir='ltr'><strong>de</strong></span> <span class='ocrx_word' id='word_1_365' title='bbox 1695 2658 2006 2730; x_wconf 74' lang='lat' dir='ltr'><strong>quibusdam</strong></span> <span class='ocrx_word' id='word_1_366' title='bbox 2032 2661 2104 2717; x_wconf 90' lang='lat' dir='ltr'><strong>ad</strong></span> <span class='ocrx_word' id='word_1_367' title='bbox 2207 2659 2296 2726; x_wconf 89' lang='lat' dir='ltr'><strong>tis,</strong></span> <span class='ocrx_word' id='word_1_368' title='bbox 2327 2659 2544 2715; x_wconf 86' lang='lat' dir='ltr'><strong>tandem</strong></span> <span class='ocrx_word' id='word_1_369' title='bbox 2572 2658 2906 2729; x_wconf 90' lang='lat' dir='ltr'><strong>compositus</strong></span> <span class='ocrx_word' id='word_1_370' title='bbox 2952 2667 3037 2713; x_wconf 91' lang='lat' dir='ltr'><strong>est</strong></span> <span class='ocrx_word' id='word_1_371' title='bbox 3062 2656 3250 2713; x_wconf 86' lang='lat' dir='ltr'><strong>Codex</strong></span> <span class='ocrx_word' id='word_1_372' title='bbox 3284 2654 3565 2727; x_wconf 82' lang='lat' dir='ltr'><strong>Canonum</strong></span> <span class='ocrx_word' id='word_1_373' title='bbox 3608 2654 3788 2712; x_wconf 85' lang='lat' dir='ltr'><strong>Eccle-</strong></span> 
     </span>
    </p>
   </div>
   <div class='ocr_carea' id='block_1_29' title="bbox 509 2745 3794 2822">
    <p class='ocr_par' dir='ltr' id='par_1_29' title="bbox 509 2745 3794 2822">
     <span class='ocr_line' id='line_1_29' title="bbox 509 2745 3794 2822; baseline 0.001 -24"><span class='ocrx_word' id='word_1_374' title='bbox 509 2745 624 2798; x_wconf 87' lang='lat' dir='ltr'><strong>loca</strong></span> <span class='ocrx_word' id='word_1_375' title='bbox 652 2753 703 2798; x_wconf 91' lang='lat' dir='ltr'><strong>et</strong></span> <span class='ocrx_word' id='word_1_376' title='bbox 730 2746 963 2815; x_wconf 85' lang='lat' dir='ltr'><strong>regiones</strong></span> <span class='ocrx_word' id='word_1_377' title='bbox 988 2747 1389 2816; x_wconf 75' lang='lat' dir='ltr'><strong>pertinentibus,</strong></span> <span class='ocrx_word' id='word_1_378' title='bbox 1411 2749 1516 2803; x_wconf 77' lang='lat' dir='ltr'><strong>sise</strong></span> <span class='ocrx_word' id='word_1_379' title='bbox 1538 2745 1958 2805; x_wconf 84' lang='lat' dir='ltr'><strong>Occidentalibus</strong></span> <span class='ocrx_word' id='word_1_380' title='bbox 1986 2767 2105 2822; x_wconf 85' lang='lat' dir='ltr'><strong>par-</strong></span> <span class='ocrx_word' id='word_1_381' title='bbox 2208 2751 2302 2807; x_wconf 75' lang='lat' dir='ltr'><strong>sim</strong></span> <span class='ocrx_word' id='word_1_382' title='bbox 2348 2750 2607 2808; x_wconf 71' lang='lat' dir='ltr'><strong>Romanae</strong></span> <span class='ocrx_word' id='word_1_383' title='bbox 2631 2790 2648 2815; x_wconf 88' lang='lat'><strong>,</strong></span> <span class='ocrx_word' id='word_1_384' title='bbox 2677 2749 2771 2820; x_wconf 92' lang='lat' dir='ltr'><strong>qui</strong></span> <span class='ocrx_word' id='word_1_385' title='bbox 2817 2764 2851 2803; x_wconf 91' lang='lat' dir='ltr'><strong>a</strong></span> <span class='ocrx_word' id='word_1_386' title='bbox 2896 2747 3056 2804; x_wconf 77' lang='lat' dir='ltr'><strong>Joan.</strong></span> <span class='ocrx_word' id='word_1_387' title='bbox 3088 2747 3464 2804; x_wconf 89' lang='lat' dir='ltr'><strong>Wendelstino</strong></span> <span class='ocrx_word' id='word_1_388' title='bbox 3486 2785 3505 2815; x_wconf 88' lang='lat'><strong>,</strong></span> <span class='ocrx_word' id='word_1_389' title='bbox 3532 2761 3599 2802; x_wconf 88' lang='lat' dir='ltr'><strong>ex</strong></span> <span class='ocrx_word' id='word_1_390' title='bbox 3624 2746 3794 2802; x_wconf 91' lang='lat' dir='ltr'><strong>tribus</strong></span> 
     </span>
    </p>
   </div>
   <div class='ocr_carea' id='block_1_30' title="bbox 512 2834 3790 2911">
    <p class='ocr_par' dir='ltr' id='par_1_30' title="bbox 512 2834 3790 2911">
     <span class='ocr_line' id='line_1_30' title="bbox 512 2834 3790 2911; baseline 0 -23"><span class='ocrx_word' id='word_1_391' title='bbox 512 2834 668 2902; x_wconf 87' lang='lat' dir='ltr'><strong>tibus,</strong></span> <span class='ocrx_word' id='word_1_392' title='bbox 692 2836 1011 2908; x_wconf 78' lang='lat' dir='ltr'><strong>deﬁnierint,</strong></span> <span class='ocrx_word' id='word_1_393' title='bbox 1034 2846 1093 2893; x_wconf 88' lang='lat' dir='ltr'><strong>ut</strong></span> <span class='ocrx_word' id='word_1_394' title='bbox 1106 2838 1182 2894; x_wconf 90' lang='lat' dir='ltr'><strong>ait</strong></span> <span class='ocrx_word' id='word_1_395' title='bbox 1207 2838 1455 2896; x_wconf 87' lang='lat' dir='ltr'><strong>Balsamo</strong></span> <span class='ocrx_word' id='word_1_396' title='bbox 1471 2841 1525 2895; x_wconf 93' lang='lat' dir='ltr'><strong>in</strong></span> <span class='ocrx_word' id='word_1_397' title='bbox 1548 2841 1943 2911; x_wconf 81' lang='lat' dir='ltr'><strong>prolegomenis</strong></span> <span class='ocrx_word' id='word_1_398' title='bbox 1970 2859 2100 2900; x_wconf 88' lang='lat' dir='ltr'><strong>mss.</strong></span> <span class='ocrx_word' id='word_1_399' title='bbox 2207 2841 2367 2899; x_wconf 89' lang='lat' dir='ltr'><strong>codd.</strong></span> <span class='ocrx_word' id='word_1_400' title='bbox 2399 2856 2530 2897; x_wconf 82' lang='lat' dir='ltr'><strong>mss.</strong></span> <span class='ocrx_word' id='word_1_401' title='bbox 2558 2839 2848 2909; x_wconf 60' lang='lat' dir='ltr'><strong>Moguntina</strong></span> <span class='ocrx_word' id='word_1_402' title='bbox 2871 2839 3103 2909; x_wconf 89' lang='lat' dir='ltr'><strong>primum</strong></span> <span class='ocrx_word' id='word_1_403' title='bbox 3130 2838 3308 2894; x_wconf 89' lang='lat' dir='ltr'><strong>editus</strong></span> <span class='ocrx_word' id='word_1_404' title='bbox 3335 2846 3441 2904; x_wconf 84' lang='lat' dir='ltr'><strong>est,</strong></span> <span class='ocrx_word' id='word_1_405' title='bbox 3466 2852 3608 2893; x_wconf 89' lang='lat' dir='ltr'><strong>anno</strong></span> <span class='ocrx_word' id='word_1_406' title='bbox 3633 2834 3790 2902; x_wconf 68' lang='lat'><strong>1525,</strong></span> 
     </span>
    </p>
   </div>
   <div class='ocr_carea' id='block_1_31' title="bbox 511 2923 3795 3003">
    <p class='ocr_par' dir='ltr' id='par_1_31' title="bbox 511 2923 3795 3003">
     <span class='ocr_line' id='line_1_31' title="bbox 511 2923 3795 3003; baseline 0.002 -25"><span class='ocrx_word' id='word_1_407' title='bbox 511 2923 580 2978; x_wconf 91' lang='lat' dir='ltr'><strong>ad</strong></span> <span class='ocrx_word' id='word_1_408' title='bbox 623 2941 782 2980; x_wconf 85' lang='lat' dir='ltr'><strong>suum</strong></span> <span class='ocrx_word' id='word_1_409' title='bbox 828 2926 1290 2986; x_wconf 83' lang='lat' dir='ltr'><strong>Nomocanonem.</strong></span> <span class='ocrx_word' id='word_1_410' title='bbox 1339 2930 1624 3001; x_wconf 85' lang='lat' dir='ltr'><strong>Dionysius</strong></span> <span class='ocrx_word' id='word_1_411' title='bbox 1652 2940 1832 2987; x_wconf 90' lang='lat' dir='ltr'><strong>autem</strong></span> <span class='ocrx_word' id='word_1_412' title='bbox 1870 2930 2105 3002; x_wconf 83' lang='lat' dir='ltr'><strong>Exiguus</strong></span> <span class='ocrx_word' id='word_1_413' title='bbox 2208 2940 2267 2990; x_wconf 91' lang='lat' dir='ltr'><strong>et</strong></span> <span class='ocrx_word' id='word_1_414' title='bbox 2287 2932 2543 2989; x_wconf 69' lang='lat' dir='ltr'><strong>Matthaeo</strong></span> <span class='ocrx_word' id='word_1_415' title='bbox 2573 2932 2713 2988; x_wconf 89' lang='lat' dir='ltr'><strong>tituli</strong></span> <span class='ocrx_word' id='word_1_416' title='bbox 2740 2930 2801 2988; x_wconf 91' lang='lat' dir='ltr'><strong>S.</strong></span> <span class='ocrx_word' id='word_1_417' title='bbox 2850 2931 3040 3000; x_wconf 86' lang='lat' dir='ltr'><strong>Angeli</strong></span> <span class='ocrx_word' id='word_1_418' title='bbox 3080 2931 3400 3003; x_wconf 83' lang='lat' dir='ltr'><strong>presbytero</strong></span> <span class='ocrx_word' id='word_1_419' title='bbox 3427 2928 3795 2985; x_wconf 79' lang='lat' dir='ltr'><strong>cardinalidi—</strong></span> 
     </span>
    </p>
   </div>
   <div class='ocr_carea' id='block_1_32' title="bbox 510 3014 3798 3092">
    <p class='ocr_par' dir='ltr' id='par_1_32' title="bbox 510 3014 3798 3092">
     <span class='ocr_line' id='line_1_32' title="bbox 510 3014 3798 3092; baseline 0.002 -25"><span class='ocrx_word' id='word_1_420' title='bbox 510 3029 624 3068; x_wconf 80' lang='lat' dir='ltr'><strong>sua:</strong></span> <span class='ocrx_word' id='word_1_421' title='bbox 651 3014 986 3072; x_wconf 90' lang='lat' dir='ltr'><strong>collectionis</strong></span> <span class='ocrx_word' id='word_1_422' title='bbox 1011 3033 1281 3077; x_wconf 86' lang='lat' dir='ltr'><strong>canonum</strong></span> <span class='ocrx_word' id='word_1_423' title='bbox 1312 3021 1576 3077; x_wconf 89' lang='lat' dir='ltr'><strong>rationem</strong></span> <span class='ocrx_word' id='word_1_424' title='bbox 1602 3021 1826 3091; x_wconf 79' lang='lat' dir='ltr'><strong>exponit</strong></span> <span class='ocrx_word' id='word_1_425' title='bbox 1868 3022 1953 3077; x_wconf 88' lang='lat' dir='ltr'><strong>his</strong></span> <span class='ocrx_word' id='word_1_426' title='bbox 1980 3039 2105 3079; x_wconf 80' lang='lat' dir='ltr'><strong>ver-</strong></span> <span class='ocrx_word' id='word_1_427' title='bbox 2210 3030 2396 3089; x_wconf 84' lang='lat' dir='ltr'><strong>catus,</strong></span> <span class='ocrx_word' id='word_1_428' title='bbox 2422 3023 2523 3079; x_wconf 91' lang='lat' dir='ltr'><strong>sub</strong></span> <span class='ocrx_word' id='word_1_429' title='bbox 2563 3023 2667 3080; x_wconf 91' lang='lat' dir='ltr'><strong>hoc</strong></span> <span class='ocrx_word' id='word_1_430' title='bbox 2694 3022 2852 3079; x_wconf 92' lang='lat' dir='ltr'><strong>titulo</strong></span> <span class='ocrx_word' id='word_1_431' title='bbox 2885 3039 2899 3076; x_wconf 87' lang='lat'><strong>:</strong></span> <span class='ocrx_word' id='word_1_432' title='bbox 2930 3022 3168 3076; x_wconf 78' lang='lat' dir='ltr'><strong>Canones</strong></span> <span class='ocrx_word' id='word_1_433' title='bbox 3206 3020 3606 3092; x_wconf 75' lang='lat' dir='ltr'><strong>Apostolorum,</strong></span> <span class='ocrx_word' id='word_1_434' title='bbox 3641 3017 3798 3073; x_wconf 85' lang='lat' dir='ltr'><strong>Vete-</strong></span> 
     </span>
    </p>
   </div>
   <div class='ocr_carea' id='block_1_33' title="bbox 512 3101 3801 3180">
    <p class='ocr_par' dir='ltr' id='par_1_33' title="bbox 512 3101 3801 3180">
     <span class='ocr_line' id='line_1_33' title="bbox 512 3101 3801 3180; baseline 0.002 -24"><span class='ocrx_word' id='word_1_435' title='bbox 512 3101 640 3157; x_wconf 89' lang='lat' dir='ltr'><strong>bis:</strong></span> <span class='ocrx_word' id='word_1_436' title='bbox 675 3103 915 3161; x_wconf 87' lang='lat' dir='ltr'><strong>Canones</strong></span> <span class='ocrx_word' id='word_1_437' title='bbox 958 3108 1044 3178; x_wconf 85' lang='lat' dir='ltr'><strong>qui</strong></span> <span class='ocrx_word' id='word_1_438' title='bbox 1083 3107 1326 3163; x_wconf 83' lang='lat' dir='ltr'><strong>dicuntur</strong></span> <span class='ocrx_word' id='word_1_439' title='bbox 1370 3108 1773 3179; x_wconf 78' lang='lat' dir='ltr'><strong>Apostolorum,</strong></span> <span class='ocrx_word' id='word_1_440' title='bbox 1824 3110 1890 3166; x_wconf 81' lang='lat' dir='ltr'><strong>de</strong></span> <span class='ocrx_word' id='word_1_441' title='bbox 1922 3110 2106 3170; x_wconf 62' lang='lat' dir='ltr'><strong>Greece</strong></span> <span class='ocrx_word' id='word_1_442' title='bbox 2210 3131 2327 3171; x_wconf 88' lang='lat' dir='ltr'><strong>rum</strong></span> <span class='ocrx_word' id='word_1_443' title='bbox 2362 3112 2711 3169; x_wconf 85' lang='lat' dir='ltr'><strong>Conciliorum</strong></span> <span class='ocrx_word' id='word_1_444' title='bbox 2759 3112 3182 3175; x_wconf 84' lang='lat' dir='ltr'><strong>Constitutiones,</strong></span> <span class='ocrx_word' id='word_1_445' title='bbox 3231 3119 3281 3164; x_wconf 88' lang='lat' dir='ltr'><strong>et</strong></span> <span class='ocrx_word' id='word_1_446' title='bbox 3327 3109 3551 3165; x_wconf 87' lang='lat' dir='ltr'><strong>Decreta</strong></span> <span class='ocrx_word' id='word_1_447' title='bbox 3585 3108 3801 3180; x_wconf 72' lang='lat' dir='ltr'><strong>pontiﬁ-</strong></span> 
     </span>
    </p>
   </div>
   <div class='ocr_carea' id='block_1_34' title="bbox 511 3195 3802 3296">
    <p class='ocr_par' dir='ltr' id='par_1_34' title="bbox 511 3195 3802 3296">
     <span class='ocr_line' id='line_1_34' title="bbox 511 3195 3802 3296; baseline 0.002 -49"><span class='ocrx_word' id='word_1_448' title='bbox 511 3196 894 3259; x_wconf 85' lang='lat' dir='ltr'><strong>transtulimus,</strong></span> <span class='ocrx_word' id='word_1_449' title='bbox 930 3195 1111 3269; x_wconf 84' lang='lat' dir='ltr'><strong>quibus</strong></span> <span class='ocrx_word' id='word_1_450' title='bbox 1147 3200 1356 3269; x_wconf 84' lang='lat' dir='ltr'><strong>plurimi</strong></span> <span class='ocrx_word' id='word_1_451' title='bbox 1376 3217 1683 3255; x_wconf 81' lang='lat' dir='ltr'><strong>consensum</strong></span> <span class='ocrx_word' id='word_1_452' title='bbox 1706 3217 1812 3256; x_wconf 84' lang='lat' dir='ltr'><strong>non</strong></span> <span class='ocrx_word' id='word_1_453' title='bbox 1840 3201 2104 3273; x_wconf 72' lang='lat' dir='ltr'><strong>prmbuere</strong></span> <span class='ocrx_word' id='word_1_454' title='bbox 2132 3231 2179 3296; x_wconf 69' lang='grc' dir='ltr'>ο</span> <span class='ocrx_word' id='word_1_455' title='bbox 2210 3220 2326 3258; x_wconf 88' lang='lat' dir='ltr'><strong>cum</strong></span> <span class='ocrx_word' id='word_1_456' title='bbox 2372 3203 2685 3274; x_wconf 81' lang='lat' dir='ltr'><strong>antiquiora.</strong></span> <span class='ocrx_word' id='word_1_457' title='bbox 2746 3200 2942 3258; x_wconf 86' lang='lat' dir='ltr'><strong>Postea</strong></span> <span class='ocrx_word' id='word_1_458' title='bbox 2992 3200 3219 3256; x_wconf 72' lang='lat' dir='ltr'><strong>Lutetia:</strong></span> <span class='ocrx_word' id='word_1_459' title='bbox 3275 3198 3605 3256; x_wconf 87' lang='lat' dir='ltr'><strong>Parisiorum</strong></span> <span class='ocrx_word' id='word_1_460' title='bbox 3652 3212 3802 3255; x_wconf 86' lang='lat' dir='ltr'><strong>anno</strong></span> 
     </span>
    </p>
   </div>
   <div class='ocr_carea' id='block_1_35' title="bbox 513 3290 3795 3365">
    <p class='ocr_par' dir='ltr' id='par_1_35' title="bbox 513 3290 3795 3365">
     <span class='ocr_line' id='line_1_35' title="bbox 513 3290 3795 3365; baseline 0.001 -23"><span class='ocrx_word' id='word_1_461' title='bbox 513 3291 742 3360; x_wconf 74' lang='lat' dir='ltr'><strong>facilem,</strong></span> <span class='ocrx_word' id='word_1_462' title='bbox 773 3293 1003 3363; x_wconf 84' lang='lat' dir='ltr'><strong>quamvis</strong></span> <span class='ocrx_word' id='word_1_463' title='bbox 1025 3300 1203 3363; x_wconf 83' lang='lat' dir='ltr'><strong>postea</strong></span> <span class='ocrx_word' id='word_1_464' title='bbox 1227 3295 1463 3365; x_wconf 67' lang='lat' dir='ltr'><strong>quaadam</strong></span> <span class='ocrx_word' id='word_1_465' title='bbox 1488 3296 1771 3349; x_wconf 87' lang='lat' dir='ltr'><strong>constituta</strong></span> <span class='ocrx_word' id='word_1_466' title='bbox 1793 3295 2099 3365; x_wconf 78' lang='lat' dir='ltr'><strong>pontiﬁcum</strong></span> <span class='ocrx_word' id='word_1_467' title='bbox 2142 3290 2177 3296; x_wconf 41' lang='lat' dir='ltr'><strong>v</strong></span> <span class='ocrx_word' id='word_1_468' title='bbox 2214 3297 2365 3363; x_wconf 84' lang='lat' dir='ltr'><strong>l609,</strong></span> <span class='ocrx_word' id='word_1_469' title='bbox 2389 3297 2490 3354; x_wconf 88' lang='lat' dir='ltr'><strong>sub</strong></span> <span class='ocrx_word' id='word_1_470' title='bbox 2519 3296 2674 3352; x_wconf 89' lang='lat' dir='ltr'><strong>titulo</strong></span> <span class='ocrx_word' id='word_1_471' title='bbox 2696 3294 2909 3351; x_wconf 85' lang='lat' dir='ltr'><strong>Codicis</strong></span> <span class='ocrx_word' id='word_1_472' title='bbox 2931 3292 3211 3350; x_wconf 88' lang='lat' dir='ltr'><strong>Canonum</strong></span> <span class='ocrx_word' id='word_1_473' title='bbox 3230 3290 3483 3357; x_wconf 75' lang='lat' dir='ltr'><strong>Ecclesia:</strong></span> <span class='ocrx_word' id='word_1_474' title='bbox 3511 3291 3795 3346; x_wconf 66' lang='lat' dir='ltr'><strong>Romanae.</strong></span> 
     </span>
    </p>
   </div>
   <div class='ocr_carea' id='block_1_36' title="bbox 511 3380 3804 3461">
    <p class='ocr_par' dir='ltr' id='par_1_36' title="bbox 511 3380 3804 3461">
     <span class='ocr_line' id='line_1_36' title="bbox 511 3380 3804 3461; baseline 0.002 -27"><span class='ocrx_word' id='word_1_475' title='bbox 511 3397 580 3435; x_wconf 70' lang='lat' dir='ltr'><strong>ea:</strong></span> <span class='ocrx_word' id='word_1_476' title='bbox 609 3383 738 3451; x_wconf 80' lang='lat' dir='ltr'><strong>ipsis</strong></span> <span class='ocrx_word' id='word_1_477' title='bbox 779 3380 1075 3438; x_wconf 88' lang='lat' dir='ltr'><strong>Canonibus</strong></span> <span class='ocrx_word' id='word_1_478' title='bbox 1115 3393 1383 3455; x_wconf 80' lang='lat' dir='ltr'><strong>assumpta</strong></span> <span class='ocrx_word' id='word_1_479' title='bbox 1410 3402 1525 3439; x_wconf 86' lang='lat' dir='ltr'><strong>esse</strong></span> <span class='ocrx_word' id='word_1_480' title='bbox 1565 3386 1837 3440; x_wconf 83' lang='lat' dir='ltr'><strong>videantur</strong></span> <span class='ocrx_word' id='word_1_481' title='bbox 1866 3402 1888 3441; x_wconf 89' lang='lat'><strong><em>:</em></strong></span> <span class='ocrx_word' id='word_1_482' title='bbox 1917 3386 2104 3442; x_wconf 88' lang='lat' dir='ltr'><strong>deinde</strong></span> <span class='ocrx_word' id='word_1_483' title='bbox 2207 3391 2383 3461; x_wconf 89' lang='lat' dir='ltr'><strong>Atque</strong></span> <span class='ocrx_word' id='word_1_484' title='bbox 2432 3391 2551 3461; x_wconf 90' lang='lat' dir='ltr'><strong>ipse</strong></span> <span class='ocrx_word' id='word_1_485' title='bbox 2597 3396 2681 3445; x_wconf 89' lang='lat' dir='ltr'><strong>est</strong></span> <span class='ocrx_word' id='word_1_486' title='bbox 2707 3388 2893 3444; x_wconf 80' lang='lat' dir='ltr'><strong>Codex</strong></span> <span class='ocrx_word' id='word_1_487' title='bbox 2930 3385 3213 3442; x_wconf 87' lang='lat' dir='ltr'><strong>Canonum</strong></span> <span class='ocrx_word' id='word_1_488' title='bbox 3258 3385 3351 3455; x_wconf 92' lang='lat' dir='ltr'><strong>qui</strong></span> <span class='ocrx_word' id='word_1_489' title='bbox 3381 3384 3449 3440; x_wconf 90' lang='lat' dir='ltr'><strong>ab</strong></span> <span class='ocrx_word' id='word_1_490' title='bbox 3478 3383 3748 3439; x_wconf 83' lang='lat' dir='ltr'><strong>Hadriano</strong></span> <span class='ocrx_word' id='word_1_491' title='bbox 3777 3380 3804 3438; x_wconf 88' lang='grc' dir='ltr'><strong>ι</strong></span> 
     </span>
    </p>
   </div>
   <div class='ocr_carea' id='block_1_37' title="bbox 512 3470 2080 3553">
    <p class='ocr_par' dir='ltr' id='par_1_37' title="bbox 512 3470 2080 3547">
     <span class='ocr_line' id='line_1_37' title="bbox 512 3470 2080 3547; baseline 0.006 -25"><span class='ocrx_word' id='word_1_492' title='bbox 512 3472 722 3542; x_wconf 66' lang='lat' dir='ltr'><strong>regulas</strong></span> <span class='ocrx_word' id='word_1_493' title='bbox 768 3470 1009 3529; x_wconf 63' lang='lat' dir='ltr'><strong>Nicaeum</strong></span> <span class='ocrx_word' id='word_1_494' title='bbox 1056 3476 1282 3545; x_wconf 84' lang='lat' dir='ltr'><strong>synodi,</strong></span> <span class='ocrx_word' id='word_1_495' title='bbox 1329 3485 1380 3531; x_wconf 90' lang='lat' dir='ltr'><strong>et</strong></span> <span class='ocrx_word' id='word_1_496' title='bbox 1426 3476 1666 3547; x_wconf 81' lang='lat' dir='ltr'><strong>deinceps</strong></span> <span class='ocrx_word' id='word_1_497' title='bbox 1703 3478 1933 3532; x_wconf 74' lang='lat' dir='ltr'><strong>cautium</strong></span> <span class='ocrx_word' id='word_1_498' title='bbox 1978 3494 2080 3533; x_wconf 81' lang='lat' dir='ltr'><strong>con</strong></span> 
     </span>
    </p>
   </div>
   <div class='ocr_carea' id='block_1_38' title="bbox 2232 3470 3800 3553">
    <p class='ocr_par' dir='ltr' id='par_1_38' title="bbox 2232 3475 3800 3552">
     <span class='ocr_line' id='line_1_38' title="bbox 2232 3475 3800 3552; baseline -0.003 -17"><span class='ocrx_word' id='word_1_499' title='bbox 2232 3497 2345 3552; x_wconf 60' lang='lat' dir='ltr'><strong>papa</strong></span> <span class='ocrx_word' id='word_1_500' title='bbox 2390 3481 2588 3537; x_wconf 86' lang='lat' dir='ltr'><strong>Carolo</strong></span> <span class='ocrx_word' id='word_1_501' title='bbox 2625 3478 2818 3550; x_wconf 78' lang='lat' dir='ltr'><strong>Magno</strong></span> <span class='ocrx_word' id='word_1_502' title='bbox 2862 3478 2979 3547; x_wconf 86' lang='lat' dir='ltr'><strong>regi</strong></span> <span class='ocrx_word' id='word_1_503' title='bbox 3028 3477 3214 3532; x_wconf 77' lang='lat' dir='ltr'><strong>Roma:</strong></span> <span class='ocrx_word' id='word_1_504' title='bbox 3252 3475 3468 3532; x_wconf 87' lang='lat' dir='ltr'><strong>oblatus</strong></span> <span class='ocrx_word' id='word_1_505' title='bbox 3519 3482 3604 3531; x_wconf 84' lang='lat' dir='ltr'><strong>est</strong></span> <span class='ocrx_word' id='word_1_506' title='bbox 3652 3489 3800 3531; x_wconf 91' lang='lat' dir='ltr'><strong>anno</strong></span> 
     </span>
    </p>
   </div>
   <div class='ocr_carea' id='block_1_39' title="bbox 514 3562 3809 3640">
    <p class='ocr_par' dir='ltr' id='par_1_39' title="bbox 514 3562 3809 3640">
     <span class='ocr_line' id='line_1_39' title="bbox 514 3562 3809 3640; baseline 0.001 -24"><span class='ocrx_word' id='word_1_507' title='bbox 514 3562 754 3618; x_wconf 85' lang='lat' dir='ltr'><strong>ciliorum</strong></span> <span class='ocrx_word' id='word_1_508' title='bbox 776 3603 794 3631; x_wconf 90' lang='lat'><strong>,</strong></span> <span class='ocrx_word' id='word_1_509' title='bbox 842 3566 948 3620; x_wconf 82' lang='lat' dir='ltr'><strong>sive</strong></span> <span class='ocrx_word' id='word_1_510' title='bbox 992 3582 1107 3637; x_wconf 72' lang='lat' dir='ltr'><strong>qua:</strong></span> <span class='ocrx_word' id='word_1_511' title='bbox 1146 3574 1269 3621; x_wconf 86' lang='lat' dir='ltr'><strong>ante</strong></span> <span class='ocrx_word' id='word_1_512' title='bbox 1302 3583 1439 3635; x_wconf 88' lang='lat' dir='ltr'><strong>eam,</strong></span> <span class='ocrx_word' id='word_1_513' title='bbox 1478 3568 1586 3622; x_wconf 88' lang='lat' dir='ltr'><strong>sive</strong></span> <span class='ocrx_word' id='word_1_514' title='bbox 1621 3584 1736 3640; x_wconf 73' lang='lat' dir='ltr'><strong>qua:</strong></span> <span class='ocrx_word' id='word_1_515' title='bbox 1778 3568 2103 3639; x_wconf 74' lang='lat' dir='ltr'><strong>postmodum</strong></span> <span class='ocrx_word' id='word_1_516' title='bbox 2207 3570 2346 3637; x_wconf 84' lang='lat'><strong>805,</strong></span> <span class='ocrx_word' id='word_1_517' title='bbox 2397 3569 2465 3625; x_wconf 89' lang='lat' dir='ltr'><strong>ad</strong></span> <span class='ocrx_word' id='word_1_518' title='bbox 2503 3584 2660 3625; x_wconf 90' lang='lat' dir='ltr'><strong>usum</strong></span> <span class='ocrx_word' id='word_1_519' title='bbox 2688 3567 3051 3625; x_wconf 88' lang='lat' dir='ltr'><strong>Ecclesiarum</strong></span> <span class='ocrx_word' id='word_1_520' title='bbox 3080 3564 3541 3633; x_wconf 89' lang='lat' dir='ltr'><strong>Occidentalium,</strong></span> <span class='ocrx_word' id='word_1_521' title='bbox 3570 3566 3659 3622; x_wconf 92' lang='lat' dir='ltr'><strong>cui</strong></span> <span class='ocrx_word' id='word_1_522' title='bbox 3687 3564 3809 3634; x_wconf 88' lang='lat' dir='ltr'><strong>epi-</strong></span> 
     </span>
    </p>
   </div>
   <div class='ocr_carea' id='block_1_40' title="bbox 513 3654 3811 3731">
    <p class='ocr_par' dir='ltr' id='par_1_40' title="bbox 513 3654 3811 3731">
     <span class='ocr_line' id='line_1_40' title="bbox 513 3654 3811 3731; baseline 0.002 -25"><span class='ocrx_word' id='word_1_523' title='bbox 513 3654 657 3724; x_wconf 75' lang='lat' dir='ltr'><strong>facta</strong></span> <span class='ocrx_word' id='word_1_524' title='bbox 686 3664 845 3721; x_wconf 87' lang='lat' dir='ltr'><strong>sunt,</strong></span> <span class='ocrx_word' id='word_1_525' title='bbox 895 3673 1056 3727; x_wconf 77' lang='lat' dir='ltr'><strong>usque</strong></span> <span class='ocrx_word' id='word_1_526' title='bbox 1084 3658 1154 3711; x_wconf 87' lang='lat' dir='ltr'><strong>ad</strong></span> <span class='ocrx_word' id='word_1_527' title='bbox 1188 3658 1444 3728; x_wconf 80' lang='lat' dir='ltr'><strong>synodum</strong></span> <span class='ocrx_word' id='word_1_528' title='bbox 1483 3659 1787 3729; x_wconf 75' lang='lat' dir='ltr'><strong>pontiﬁcum</strong></span> <span class='ocrx_word' id='word_1_529' title='bbox 1838 3658 1966 3724; x_wconf 82' lang='grc'>150,</span> <span class='ocrx_word' id='word_1_530' title='bbox 2015 3658 2104 3730; x_wconf 83' lang='lat' dir='ltr'><strong>qui</strong></span> <span class='ocrx_word' id='word_1_531' title='bbox 2209 3662 2351 3719; x_wconf 91' lang='lat' dir='ltr'><strong>stola</strong></span> <span class='ocrx_word' id='word_1_532' title='bbox 2394 3676 2491 3717; x_wconf 89' lang='lat' dir='ltr'><strong>seu</strong></span> <span class='ocrx_word' id='word_1_533' title='bbox 2523 3675 2778 3717; x_wconf 83' lang='lat' dir='ltr'><strong>versuum</strong></span> <span class='ocrx_word' id='word_1_534' title='bbox 2827 3659 3172 3731; x_wconf 90' lang='lat' dir='ltr'><strong>politicorum</strong></span> <span class='ocrx_word' id='word_1_535' title='bbox 3198 3656 3553 3715; x_wconf 87' lang='lat' dir='ltr'><strong>achrostichis</strong></span> <span class='ocrx_word' id='word_1_536' title='bbox 3578 3654 3811 3726; x_wconf 69' lang='lat' dir='ltr'><strong>praeﬁxa</strong></span> 
     </span>
    </p>
   </div>
   <div class='ocr_carea' id='block_1_41' title="bbox 512 3744 3812 3821">
    <p class='ocr_par' dir='ltr' id='par_1_41' title="bbox 512 3744 3812 3821">
     <span class='ocr_line' id='line_1_41' title="bbox 512 3744 3812 3821; baseline 0.001 -24"><span class='ocrx_word' id='word_1_537' title='bbox 512 3746 654 3809; x_wconf 85' lang='lat' dir='ltr'><strong>apud</strong></span> <span class='ocrx_word' id='word_1_538' title='bbox 697 3744 1201 3818; x_wconf 85' lang='lat' dir='ltr'><strong>Constantinopolim</strong></span> <span class='ocrx_word' id='word_1_539' title='bbox 1247 3759 1593 3804; x_wconf 74' lang='lat' dir='ltr'><strong>convenerant</strong></span> <span class='ocrx_word' id='word_1_540' title='bbox 1622 3765 1642 3804; x_wconf 90' lang='lat'><strong><em>:</em></strong></span> <span class='ocrx_word' id='word_1_541' title='bbox 1686 3759 1738 3804; x_wconf 89' lang='lat' dir='ltr'><strong>et</strong></span> <span class='ocrx_word' id='word_1_542' title='bbox 1778 3750 1873 3805; x_wconf 89' lang='lat' dir='ltr'><strong>sub</strong></span> <span class='ocrx_word' id='word_1_543' title='bbox 1922 3750 2105 3805; x_wconf 86' lang='lat' dir='ltr'><strong>ordine</strong></span> <span class='ocrx_word' id='word_1_544' title='bbox 2207 3762 2293 3810; x_wconf 88' lang='lat' dir='ltr'><strong>est</strong></span> <span class='ocrx_word' id='word_1_545' title='bbox 2313 3768 2435 3809; x_wconf 89' lang='lat' dir='ltr'><strong>cum</strong></span> <span class='ocrx_word' id='word_1_546' title='bbox 2464 3752 2566 3807; x_wconf 91' lang='lat' dir='ltr'><strong>hac</strong></span> <span class='ocrx_word' id='word_1_547' title='bbox 2598 3751 2984 3821; x_wconf 89' lang='lat' dir='ltr'><strong>inscriptione,</strong></span> <span class='ocrx_word' id='word_1_548' title='bbox 3018 3748 3224 3805; x_wconf 84' lang='lat' dir='ltr'><strong>Damno</strong></span> <span class='ocrx_word' id='word_1_549' title='bbox 3252 3748 3523 3803; x_wconf 79' lang='lat' dir='ltr'><strong>excellenti</strong></span> <span class='ocrx_word' id='word_1_550' title='bbox 3540 3747 3655 3819; x_wconf 82' lang='lat' dir='ltr'><strong>ﬁlio</strong></span> <span class='ocrx_word' id='word_1_551' title='bbox 3688 3745 3812 3800; x_wconf 85' lang='lat' dir='ltr'><strong>Ka-</strong></span> 
     </span>
    </p>
   </div>
   <div class='ocr_carea' id='block_1_42' title="bbox 513 3833 3811 3911">
    <p class='ocr_par' dir='ltr' id='par_1_42' title="bbox 513 3833 3811 3911">
     <span class='ocr_line' id='line_1_42' title="bbox 513 3833 3811 3911; baseline 0.001 -23"><span class='ocrx_word' id='word_1_552' title='bbox 513 3851 842 3890; x_wconf 79' lang='lat' dir='ltr'><strong>numerorum</strong></span> <span class='ocrx_word' id='word_1_553' title='bbox 868 3877 883 3902; x_wconf 92' lang='lat'><strong>,</strong></span> <span class='ocrx_word' id='word_1_554' title='bbox 932 3837 987 3889; x_wconf 88' lang='lat' dir='ltr'><strong>id</strong></span> <span class='ocrx_word' id='word_1_555' title='bbox 1022 3847 1099 3892; x_wconf 87' lang='lat' dir='ltr'><strong>est</strong></span> <span class='ocrx_word' id='word_1_556' title='bbox 1125 3854 1158 3891; x_wconf 89' lang='lat' dir='ltr'><strong>a</strong></span> <span class='ocrx_word' id='word_1_557' title='bbox 1197 3840 1363 3908; x_wconf 88' lang='lat' dir='ltr'><strong>primo</strong></span> <span class='ocrx_word' id='word_1_558' title='bbox 1410 3839 1579 3908; x_wconf 86' lang='lat' dir='ltr'><strong>capite</strong></span> <span class='ocrx_word' id='word_1_559' title='bbox 1617 3854 1775 3909; x_wconf 85' lang='lat' dir='ltr'><strong>usque</strong></span> <span class='ocrx_word' id='word_1_560' title='bbox 1819 3838 1889 3892; x_wconf 90' lang='lat' dir='ltr'><strong>ad</strong></span> <span class='ocrx_word' id='word_1_561' title='bbox 1933 3848 2107 3892; x_wconf 82' lang='lat' dir='ltr'><strong>cente-</strong></span> <span class='ocrx_word' id='word_1_562' title='bbox 2207 3842 2323 3897; x_wconf 87' lang='lat' dir='ltr'><strong>rulo</strong></span> <span class='ocrx_word' id='word_1_563' title='bbox 2357 3841 2481 3911; x_wconf 83' lang='lat' dir='ltr'><strong>Regi</strong></span> <span class='ocrx_word' id='word_1_564' title='bbox 2525 3839 2833 3895; x_wconf 82' lang='lat' dir='ltr'><strong>Hadrianus</strong></span> <span class='ocrx_word' id='word_1_565' title='bbox 2871 3854 3038 3908; x_wconf 87' lang='lat' dir='ltr'><strong>papa,</strong></span> <span class='ocrx_word' id='word_1_566' title='bbox 3065 3852 3231 3907; x_wconf 69' lang='lat' dir='ltr'><strong>quma</strong></span> <span class='ocrx_word' id='word_1_567' title='bbox 3254 3835 3569 3891; x_wconf 89' lang='lat' dir='ltr'><strong>doctissimo</strong></span> <span class='ocrx_word' id='word_1_568' title='bbox 3589 3833 3811 3891; x_wconf 77' lang='lat' dir='ltr'><strong>Jacobo</strong></span> 
     </span>
    </p>
   </div>
   <div class='ocr_carea' id='block_1_43' title="bbox 510 3924 3815 3999">
    <p class='ocr_par' dir='ltr' id='par_1_43' title="bbox 510 3924 3815 3999">
     <span class='ocr_line' id='line_1_43' title="bbox 510 3924 3815 3999; baseline 0 -21"><span class='ocrx_word' id='word_1_569' title='bbox 510 3926 698 3979; x_wconf 80' lang='lat' dir='ltr'><strong>simum</strong></span> <span class='ocrx_word' id='word_1_570' title='bbox 718 3929 1095 3997; x_wconf 76' lang='lat' dir='ltr'><strong>sexagesimum</strong></span> <span class='ocrx_word' id='word_1_571' title='bbox 1127 3931 1389 3999; x_wconf 85' lang='lat' dir='ltr'><strong>quintum,</strong></span> <span class='ocrx_word' id='word_1_572' title='bbox 1428 3930 1561 3982; x_wconf 82' lang='lat' dir='ltr'><strong>sicut</strong></span> <span class='ocrx_word' id='word_1_573' title='bbox 1589 3927 1806 3983; x_wconf 87' lang='lat' dir='ltr'><strong>habetur</strong></span> <span class='ocrx_word' id='word_1_574' title='bbox 1834 3930 1890 3984; x_wconf 88' lang='lat' dir='ltr'><strong>in</strong></span> <span class='ocrx_word' id='word_1_575' title='bbox 1920 3926 2106 3987; x_wconf 77' lang='lat' dir='ltr'><strong>Crteca</strong></span> <span class='ocrx_word' id='word_1_576' title='bbox 2207 3929 2496 3987; x_wconf 86' lang='lat' dir='ltr'><strong>Sirmondo</strong></span> <span class='ocrx_word' id='word_1_577' title='bbox 2542 3928 2688 3986; x_wconf 88' lang='lat' dir='ltr'><strong>edita</strong></span> <span class='ocrx_word' id='word_1_578' title='bbox 2715 3935 2839 3984; x_wconf 85' lang='lat' dir='ltr'><strong>est:</strong></span> <span class='ocrx_word' id='word_1_579' title='bbox 2872 3928 3122 3997; x_wconf 80' lang='lat' dir='ltr'><strong>illiusque</strong></span> <span class='ocrx_word' id='word_1_580' title='bbox 3156 3924 3373 3982; x_wconf 87' lang='lat' dir='ltr'><strong>Codicis</strong></span> <span class='ocrx_word' id='word_1_581' title='bbox 3400 3924 3553 3996; x_wconf 87' lang='lat' dir='ltr'><strong>plura</strong></span> <span class='ocrx_word' id='word_1_582' title='bbox 3583 3932 3815 3980; x_wconf 86' lang='lat' dir='ltr'><strong>exstant</strong></span> 
     </span>
    </p>
   </div>
   <div class='ocr_carea' id='block_1_44' title="bbox 510 4014 3820 4091">
    <p class='ocr_par' dir='ltr' id='par_1_44' title="bbox 510 4014 3820 4091">
     <span class='ocr_line' id='line_1_44' title="bbox 510 4014 3820 4091; baseline 0.001 -25"><span class='ocrx_word' id='word_1_583' title='bbox 510 4017 821 4071; x_wconf 82' lang='lat' dir='ltr'><strong>auctoritate</strong></span> <span class='ocrx_word' id='word_1_584' title='bbox 839 4018 1171 4089; x_wconf 82' lang='lat' dir='ltr'><strong>digessimus.</strong></span> <span class='ocrx_word' id='word_1_585' title='bbox 1188 4016 1317 4072; x_wconf 89' lang='lat' dir='ltr'><strong>Tum</strong></span> <span class='ocrx_word' id='word_1_586' title='bbox 1340 4020 1504 4072; x_wconf 86' lang='lat' dir='ltr'><strong>sancti</strong></span> <span class='ocrx_word' id='word_1_587' title='bbox 1525 4017 1960 4074; x_wconf 82' lang='lat' dir='ltr'><strong>Chalcedonensis</strong></span> <span class='ocrx_word' id='word_1_588' title='bbox 1981 4035 2107 4075; x_wconf 90' lang='lat' dir='ltr'><strong>con-</strong></span> <span class='ocrx_word' id='word_1_589' title='bbox 2208 4020 2426 4091; x_wconf 88' lang='lat' dir='ltr'><strong>antiqua</strong></span> <span class='ocrx_word' id='word_1_590' title='bbox 2446 4018 2779 4090; x_wconf 86' lang='lat' dir='ltr'><strong>exemplaria</strong></span> <span class='ocrx_word' id='word_1_591' title='bbox 2809 4032 2939 4074; x_wconf 86' lang='lat' dir='ltr'><strong>mss.</strong></span> <span class='ocrx_word' id='word_1_592' title='bbox 2988 4018 3043 4073; x_wconf 89' lang='lat' dir='ltr'><strong>in</strong></span> <span class='ocrx_word' id='word_1_593' title='bbox 3091 4016 3435 4073; x_wconf 85' lang='lat' dir='ltr'><strong>bibliothecis</strong></span> <span class='ocrx_word' id='word_1_594' title='bbox 3458 4057 3474 4082; x_wconf 87' lang='lat'><strong>,</strong></span> <span class='ocrx_word' id='word_1_595' title='bbox 3505 4024 3561 4070; x_wconf 89' lang='lat' dir='ltr'><strong>et</strong></span> <span class='ocrx_word' id='word_1_596' title='bbox 3588 4014 3820 4071; x_wconf 79' lang='lat' dir='ltr'><strong>brevia-</strong></span> 
     </span>
    </p>
   </div>
   <div class='ocr_carea' id='block_1_45' title="bbox 512 4104 3819 4181">
    <p class='ocr_par' dir='ltr' id='par_1_45' title="bbox 512 4104 3819 4181">
     <span class='ocr_line' id='line_1_45' title="bbox 512 4104 3819 4181; baseline 0.002 -25"><span class='ocrx_word' id='word_1_597' title='bbox 512 4104 621 4157; x_wconf 85' lang='lat' dir='ltr'><strong>cilii</strong></span> <span class='ocrx_word' id='word_1_598' title='bbox 648 4105 853 4159; x_wconf 87' lang='lat' dir='ltr'><strong>decreta</strong></span> <span class='ocrx_word' id='word_1_599' title='bbox 876 4106 1169 4175; x_wconf 84' lang='lat' dir='ltr'><strong>subdentes,</strong></span> <span class='ocrx_word' id='word_1_600' title='bbox 1184 4109 1241 4161; x_wconf 89' lang='lat' dir='ltr'><strong>in</strong></span> <span class='ocrx_word' id='word_1_601' title='bbox 1255 4109 1335 4163; x_wconf 87' lang='lat' dir='ltr'><strong>his</strong></span> <span class='ocrx_word' id='word_1_602' title='bbox 1357 4106 1655 4163; x_wconf 74' lang='lat' dir='ltr'><strong>Crwcorum</strong></span> <span class='ocrx_word' id='word_1_603' title='bbox 1672 4124 1927 4164; x_wconf 87' lang='lat' dir='ltr'><strong>canonum</strong></span> <span class='ocrx_word' id='word_1_604' title='bbox 1948 4110 2106 4180; x_wconf 73' lang='lat' dir='ltr'><strong>ﬁnem</strong></span> <span class='ocrx_word' id='word_1_605' title='bbox 2208 4114 2346 4169; x_wconf 91' lang='lat' dir='ltr'><strong>rium</strong></span> <span class='ocrx_word' id='word_1_606' title='bbox 2392 4110 2635 4181; x_wconf 86' lang='lat' dir='ltr'><strong>ejusdem</strong></span> <span class='ocrx_word' id='word_1_607' title='bbox 2664 4125 2697 4165; x_wconf 91' lang='lat' dir='ltr'><strong>a</strong></span> <span class='ocrx_word' id='word_1_608' title='bbox 2748 4108 3044 4166; x_wconf 89' lang='lat' dir='ltr'><strong>Cresconio</strong></span> <span class='ocrx_word' id='word_1_609' title='bbox 3080 4107 3339 4179; x_wconf 88' lang='lat' dir='ltr'><strong>episc0po</strong></span> <span class='ocrx_word' id='word_1_610' title='bbox 3386 4104 3684 4173; x_wconf 83' lang='lat' dir='ltr'><strong>Africano,</strong></span> <span class='ocrx_word' id='word_1_611' title='bbox 3716 4105 3819 4174; x_wconf 91' lang='lat' dir='ltr'><strong>qui</strong></span> 
     </span>
    </p>
   </div>
   <div class='ocr_carea' id='block_1_46' title="bbox 514 4197 3822 4272">
    <p class='ocr_par' dir='ltr' id='par_1_46' title="bbox 514 4197 3822 4272">
     <span class='ocr_line' id='line_1_46' title="bbox 514 4197 3822 4272; baseline 0.001 -22"><span class='ocrx_word' id='word_1_612' title='bbox 514 4212 627 4250; x_wconf 88' lang='lat' dir='ltr'><strong>esse</strong></span> <span class='ocrx_word' id='word_1_613' title='bbox 654 4197 1003 4253; x_wconf 82' lang='lat' dir='ltr'><strong>declaramus.</strong></span> <span class='ocrx_word' id='word_1_614' title='bbox 1053 4199 1265 4255; x_wconf 88' lang='lat' dir='ltr'><strong>Statuta</strong></span> <span class='ocrx_word' id='word_1_615' title='bbox 1292 4216 1490 4272; x_wconf 83' lang='lat' dir='ltr'><strong>quoque</strong></span> <span class='ocrx_word' id='word_1_616' title='bbox 1518 4200 1850 4258; x_wconf 86' lang='lat' dir='ltr'><strong>Sardicensis</strong></span> <span class='ocrx_word' id='word_1_617' title='bbox 1878 4204 2104 4271; x_wconf 83' lang='lat' dir='ltr'><strong>concilii,</strong></span> <span class='ocrx_word' id='word_1_618' title='bbox 2209 4205 2354 4261; x_wconf 90' lang='lat' dir='ltr'><strong>circa</strong></span> <span class='ocrx_word' id='word_1_619' title='bbox 2403 4218 2602 4259; x_wconf 88' lang='lat' dir='ltr'><strong>annum</strong></span> <span class='ocrx_word' id='word_1_620' title='bbox 2630 4200 2735 4257; x_wconf 87' lang='lat'><strong>690</strong></span> <span class='ocrx_word' id='word_1_621' title='bbox 2763 4202 2929 4268; x_wconf 80' lang='lat' dir='ltr'><strong>vixit,</strong></span> <span class='ocrx_word' id='word_1_622' title='bbox 2983 4200 3198 4258; x_wconf 88' lang='lat' dir='ltr'><strong>omissis</strong></span> <span class='ocrx_word' id='word_1_623' title='bbox 3247 4198 3471 4270; x_wconf 86' lang='lat' dir='ltr'><strong>integris</strong></span> <span class='ocrx_word' id='word_1_624' title='bbox 3504 4198 3822 4255; x_wconf 86' lang='lat' dir='ltr'><strong>eanonibus</strong></span> 
     </span>
    </p>
   </div>
   <div class='ocr_carea' id='block_1_47' title="bbox 513 4288 3823 4366">
    <p class='ocr_par' dir='ltr' id='par_1_47' title="bbox 513 4288 3823 4366">
     <span class='ocr_line' id='line_1_47' title="bbox 513 4288 3823 4366; baseline 0.002 -26"><span class='ocrx_word' id='word_1_625' title='bbox 513 4297 668 4356; x_wconf 85' lang='lat' dir='ltr'><strong>atque</strong></span> <span class='ocrx_word' id='word_1_626' title='bbox 692 4288 952 4360; x_wconf 74' lang='lat' dir='ltr'><strong>Africani,</strong></span> <span class='ocrx_word' id='word_1_627' title='bbox 999 4306 1113 4362; x_wconf 74' lang='lat' dir='ltr'><strong>qua:</strong></span> <span class='ocrx_word' id='word_1_628' title='bbox 1154 4290 1340 4346; x_wconf 87' lang='lat' dir='ltr'><strong>Latine</strong></span> <span class='ocrx_word' id='word_1_629' title='bbox 1383 4302 1507 4346; x_wconf 87' lang='lat' dir='ltr'><strong>sunt</strong></span> <span class='ocrx_word' id='word_1_630' title='bbox 1552 4292 1711 4359; x_wconf 88' lang='lat' dir='ltr'><strong>edita,</strong></span> <span class='ocrx_word' id='word_1_631' title='bbox 1761 4294 1868 4350; x_wconf 87' lang='lat' dir='ltr'><strong>suis</strong></span> <span class='ocrx_word' id='word_1_632' title='bbox 1898 4312 1932 4348; x_wconf 92' lang='lat' dir='ltr'><strong>a</strong></span> <span class='ocrx_word' id='word_1_633' title='bbox 1960 4296 2107 4351; x_wconf 87' lang='lat' dir='ltr'><strong>nobis</strong></span> <span class='ocrx_word' id='word_1_634' title='bbox 2210 4297 2565 4355; x_wconf 87' lang='lat' dir='ltr'><strong>conciliorum</strong></span> <span class='ocrx_word' id='word_1_635' title='bbox 2593 4304 2651 4351; x_wconf 90' lang='lat' dir='ltr'><strong>et</strong></span> <span class='ocrx_word' id='word_1_636' title='bbox 2674 4295 2910 4352; x_wconf 88' lang='lat' dir='ltr'><strong>decretis</strong></span> <span class='ocrx_word' id='word_1_637' title='bbox 2936 4293 3275 4366; x_wconf 85' lang='lat' dir='ltr'><strong>pontiﬁcum,</strong></span> <span class='ocrx_word' id='word_1_638' title='bbox 3301 4306 3423 4362; x_wconf 78' lang='lat' dir='ltr'><strong>qua:</strong></span> <span class='ocrx_word' id='word_1_639' title='bbox 3447 4290 3604 4347; x_wconf 85' lang='lat' dir='ltr'><strong>facile</strong></span> <span class='ocrx_word' id='word_1_640' title='bbox 3634 4297 3723 4346; x_wconf 92' lang='lat' dir='ltr'><strong>est</strong></span> <span class='ocrx_word' id='word_1_641' title='bbox 3743 4304 3823 4345; x_wconf 84' lang='lat' dir='ltr'><strong>ex</strong></span> 
     </span>
    </p>
   </div>
   <div class='ocr_carea' id='block_1_48' title="bbox 513 4381 3825 4460">
    <p class='ocr_par' dir='ltr' id='par_1_48' title="bbox 513 4381 3825 4460">
     <span class='ocr_line' id='line_1_48' title="bbox 513 4381 3825 4460; baseline 0.001 -28"><span class='ocrx_word' id='word_1_642' title='bbox 513 4382 742 4434; x_wconf 70' lang='lat' dir='ltr'><strong>nurneris</strong></span> <span class='ocrx_word' id='word_1_643' title='bbox 766 4392 1047 4437; x_wconf 87' lang='lat' dir='ltr'><strong>cernuntur</strong></span> <span class='ocrx_word' id='word_1_644' title='bbox 1072 4399 1183 4439; x_wconf 85' lang='lat' dir='ltr'><strong>esse</strong></span> <span class='ocrx_word' id='word_1_645' title='bbox 1206 4384 1470 4438; x_wconf 81' lang='lat' dir='ltr'><strong>distincta.</strong></span> <span class='ocrx_word' id='word_1_646' title='bbox 1491 4381 1622 4440; x_wconf 63' lang='lat' dir='ltr'><strong>limo</strong></span> <span class='ocrx_word' id='word_1_647' title='bbox 1636 4399 1767 4441; x_wconf 87' lang='lat' dir='ltr'><strong>vero</strong></span> <span class='ocrx_word' id='word_1_648' title='bbox 1782 4384 2109 4457; x_wconf 75' lang='lat' dir='ltr'><strong>Dionysiaca</strong></span> <span class='ocrx_word' id='word_1_649' title='bbox 2211 4390 2326 4460; x_wconf 87' lang='lat' dir='ltr'><strong>ipsa</strong></span> <span class='ocrx_word' id='word_1_650' title='bbox 2357 4386 2680 4445; x_wconf 88' lang='lat' dir='ltr'><strong>collectione</strong></span> <span class='ocrx_word' id='word_1_651' title='bbox 2719 4393 2996 4457; x_wconf 81' lang='lat' dir='ltr'><strong>repetere.</strong></span> <span class='ocrx_word' id='word_1_652' title='bbox 3043 4384 3221 4456; x_wconf 83' lang='lat' dir='ltr'><strong>Atque</strong></span> <span class='ocrx_word' id='word_1_653' title='bbox 3261 4383 3315 4439; x_wconf 89' lang='lat' dir='ltr'><strong>hi</strong></span> <span class='ocrx_word' id='word_1_654' title='bbox 3341 4390 3467 4439; x_wconf 89' lang='lat' dir='ltr'><strong>sunt</strong></span> <span class='ocrx_word' id='word_1_655' title='bbox 3492 4396 3738 4437; x_wconf 88' lang='lat' dir='ltr'><strong>canones</strong></span> <span class='ocrx_word' id='word_1_656' title='bbox 3760 4387 3825 4435; x_wconf 85' lang='lat' dir='ltr'><strong>et</strong></span> 
     </span>
    </p>
   </div>
   <div class='ocr_carea' id='block_1_49' title="bbox 518 4472 3827 4550">
    <p class='ocr_par' dir='ltr' id='par_1_49' title="bbox 518 4472 3827 4550">
     <span class='ocr_line' id='line_1_49' title="bbox 518 4472 3827 4550; baseline 0 -23"><span class='ocrx_word' id='word_1_657' title='bbox 518 4472 769 4528; x_wconf 88' lang='lat' dir='ltr'><strong>collectio</strong></span> <span class='ocrx_word' id='word_1_658' title='bbox 794 4474 864 4528; x_wconf 89' lang='lat' dir='ltr'><strong>ab</strong></span> <span class='ocrx_word' id='word_1_659' title='bbox 893 4473 1131 4529; x_wconf 85' lang='lat' dir='ltr'><strong>Ecclesia</strong></span> <span class='ocrx_word' id='word_1_660' title='bbox 1163 4473 1404 4529; x_wconf 84' lang='lat' dir='ltr'><strong>Romana</strong></span> <span class='ocrx_word' id='word_1_661' title='bbox 1435 4475 1616 4529; x_wconf 88' lang='lat' dir='ltr'><strong>statim</strong></span> <span class='ocrx_word' id='word_1_662' title='bbox 1646 4484 1864 4546; x_wconf 88' lang='lat' dir='ltr'><strong>recepta</strong></span> <span class='ocrx_word' id='word_1_663' title='bbox 1913 4486 2017 4543; x_wconf 87' lang='lat' dir='ltr'><strong>est,</strong></span> <span class='ocrx_word' id='word_1_664' title='bbox 2048 4486 2110 4534; x_wconf 91' lang='lat' dir='ltr'><strong>ut</strong></span> <span class='ocrx_word' id='word_1_665' title='bbox 2208 4481 2426 4537; x_wconf 80' lang='lat' dir='ltr'><strong>decreta</strong></span> <span class='ocrx_word' id='word_1_666' title='bbox 2455 4479 2649 4550; x_wconf 86' lang='lat' dir='ltr'><strong>quibus</strong></span> <span class='ocrx_word' id='word_1_667' title='bbox 2691 4478 2744 4533; x_wconf 91' lang='lat' dir='ltr'><strong>in</strong></span> <span class='ocrx_word' id='word_1_668' title='bbox 2770 4477 2987 4547; x_wconf 89' lang='lat' dir='ltr'><strong>judiciis</strong></span> <span class='ocrx_word' id='word_1_669' title='bbox 3014 4474 3400 4533; x_wconf 84' lang='lat' dir='ltr'><strong>ecclesiasticis</strong></span> <span class='ocrx_word' id='word_1_670' title='bbox 3433 4472 3682 4531; x_wconf 82' lang='lat' dir='ltr'><strong>Romana</strong></span> <span class='ocrx_word' id='word_1_671' title='bbox 3714 4487 3827 4527; x_wconf 84' lang='lat' dir='ltr'><strong>usa</strong></span> 
     </span>
    </p>
   </div>
   <div class='ocr_carea' id='block_1_50' title="bbox 516 4560 3825 4639">
    <p class='ocr_par' dir='ltr' id='par_1_50' title="bbox 516 4560 3825 4639">
     <span class='ocr_line' id='line_1_50' title="bbox 516 4560 3825 4639; baseline 0.001 -24"><span class='ocrx_word' id='word_1_672' title='bbox 516 4568 744 4617; x_wconf 86' lang='lat' dir='ltr'><strong>testatur</strong></span> <span class='ocrx_word' id='word_1_673' title='bbox 757 4560 1114 4621; x_wconf 84' lang='lat' dir='ltr'><strong>Cassiodorus</strong></span> <span class='ocrx_word' id='word_1_674' title='bbox 1143 4562 1283 4635; x_wconf 85' lang='lat' dir='ltr'><strong>(Lib.</strong></span> <span class='ocrx_word' id='word_1_675' title='bbox 1315 4564 1379 4618; x_wconf 85' lang='lat' dir='ltr'><strong>de</strong></span> <span class='ocrx_word' id='word_1_676' title='bbox 1408 4563 1611 4630; x_wconf 83' lang='lat' dir='ltr'><strong>lnstit.,</strong></span> <span class='ocrx_word' id='word_1_677' title='bbox 1643 4582 1689 4618; x_wconf 90' lang='lat' dir='ltr'><strong>c.</strong></span> <span class='ocrx_word' id='word_1_678' title='bbox 1721 4565 1835 4637; x_wconf 74' lang='lat'><strong>23),</strong></span> <span class='ocrx_word' id='word_1_679' title='bbox 1868 4566 2105 4639; x_wconf 87' lang='lat' dir='ltr'><strong>Dionysii</strong></span> <span class='ocrx_word' id='word_1_680' title='bbox 2136 4615 2181 4639; x_wconf 60' lang='grc' dir='ltr'>η</span> <span class='ocrx_word' id='word_1_681' title='bbox 2208 4579 2293 4627; x_wconf 91' lang='lat' dir='ltr'><strong>est</strong></span> <span class='ocrx_word' id='word_1_682' title='bbox 2318 4569 2560 4626; x_wconf 87' lang='lat' dir='ltr'><strong>Ecclesia</strong></span> <span class='ocrx_word' id='word_1_683' title='bbox 2585 4608 2602 4633; x_wconf 88' lang='lat'><strong>,</strong></span> <span class='ocrx_word' id='word_1_684' title='bbox 2630 4578 2691 4625; x_wconf 92' lang='lat' dir='ltr'><strong>ut</strong></span> <span class='ocrx_word' id='word_1_685' title='bbox 2736 4576 2966 4624; x_wconf 85' lang='lat' dir='ltr'><strong>testatur</strong></span> <span class='ocrx_word' id='word_1_686' title='bbox 3006 4566 3117 4624; x_wconf 84' lang='lat' dir='ltr'><strong>Leo</strong></span> <span class='ocrx_word' id='word_1_687' title='bbox 3146 4565 3210 4623; x_wconf 77' lang='grc' dir='ltr'><strong>ιν</strong></span> <span class='ocrx_word' id='word_1_688' title='bbox 3242 4580 3380 4637; x_wconf 88' lang='lat' dir='ltr'><strong>papa</strong></span> <span class='ocrx_word' id='word_1_689' title='bbox 3403 4604 3421 4630; x_wconf 90' lang='lat'><strong>,</strong></span> <span class='ocrx_word' id='word_1_690' title='bbox 3450 4564 3541 4633; x_wconf 92' lang='lat' dir='ltr'><strong>qui</strong></span> <span class='ocrx_word' id='word_1_691' title='bbox 3571 4561 3825 4619; x_wconf 89' lang='lat' dir='ltr'><strong>concilia</strong></span> 
     </span>
    </p>
   </div>
   <div class='ocr_carea' id='block_1_51' title="bbox 514 4615 3830 4732">
    <p class='ocr_par' dir='ltr' id='par_1_51' title="bbox 514 4615 3830 4732">
     <span class='ocr_line' id='line_1_51' title="bbox 514 4615 3830 4732; baseline 0.002 -30"><span class='ocrx_word' id='word_1_692' title='bbox 514 4647 705 4719; x_wconf 77' lang='lat' dir='ltr'><strong>Exigui</strong></span> <span class='ocrx_word' id='word_1_693' title='bbox 734 4666 946 4706; x_wconf 72' lang='lat' dir='ltr'><strong>comvus</strong></span> <span class='ocrx_word' id='word_1_694' title='bbox 971 4667 986 4706; x_wconf 88' lang='lat'><strong>:</strong></span> <span class='ocrx_word' id='word_1_695' title='bbox 1012 4615 1159 4706; x_wconf 57' lang='lat' dir='ltr'><strong>Fuit‘</strong></span> <span class='ocrx_word' id='word_1_696' title='bbox 1182 4655 1371 4708; x_wconf 82' lang='lat' dir='ltr'><strong>nostris</strong></span> <span class='ocrx_word' id='word_1_697' title='bbox 1400 4652 1712 4724; x_wconf 86' lang='lat' dir='ltr'><strong>temporibus</strong></span> <span class='ocrx_word' id='word_1_698' title='bbox 1750 4615 1940 4725; x_wconf 65' lang='lat' dir='ltr'><strong>inquit,</strong></span> <span class='ocrx_word' id='word_1_699' title='bbox 1970 4615 2104 4713; x_wconf 57' lang='lat' dir='ltr'><strong>llio-</strong></span> <span class='ocrx_word' id='word_1_700' title='bbox 2133 4615 2183 4676; x_wconf 65' lang='grc' dir='ltr'><strong>θ</strong></span> <span class='ocrx_word' id='word_1_701' title='bbox 2206 4662 2325 4732; x_wconf 84' lang='lat' dir='ltr'><strong>ipsa</strong></span> <span class='ocrx_word' id='word_1_702' title='bbox 2351 4669 2409 4716; x_wconf 89' lang='lat' dir='ltr'><strong>et</strong></span> <span class='ocrx_word' id='word_1_703' title='bbox 2448 4615 2766 4731; x_wconf 76' lang='lat' dir='ltr'><strong>pontiﬁcum</strong></span> <span class='ocrx_word' id='word_1_704' title='bbox 2807 4658 3025 4715; x_wconf 87' lang='lat' dir='ltr'><strong>decreta</strong></span> <span class='ocrx_word' id='word_1_705' title='bbox 3070 4672 3191 4728; x_wconf 64' lang='lat' dir='ltr'><strong>quae</strong></span> <span class='ocrx_word' id='word_1_706' title='bbox 3217 4615 3527 4713; x_wconf 49' lang='lat' dir='ltr'><strong>hrocrcodibe</strong></span> <span class='ocrx_word' id='word_1_707' title='bbox 3553 4653 3830 4710; x_wconf 81' lang='lat' dir='ltr'><strong>Romano</strong></span> 
     </span>
    </p>
   </div>
   <div class='ocr_carea' id='block_1_52' title="bbox 516 4740 3831 4818">
    <p class='ocr_par' dir='ltr' id='par_1_52' title="bbox 516 4740 3831 4818">
     <span class='ocr_line' id='line_1_52' title="bbox 516 4740 3831 4818; baseline 0.002 -26"><span class='ocrx_word' id='word_1_708' title='bbox 516 4741 695 4809; x_wconf 80' lang='lat' dir='ltr'><strong>nysius</strong></span> <span class='ocrx_word' id='word_1_709' title='bbox 725 4741 1026 4807; x_wconf 87' lang='lat' dir='ltr'><strong>monachus,</strong></span> <span class='ocrx_word' id='word_1_710' title='bbox 1059 4740 1256 4814; x_wconf 81' lang='lat' dir='ltr'><strong>Scytha</strong></span> <span class='ocrx_word' id='word_1_711' title='bbox 1279 4742 1510 4809; x_wconf 86' lang='lat' dir='ltr'><strong>natione,</strong></span> <span class='ocrx_word' id='word_1_712' title='bbox 1533 4744 1624 4797; x_wconf 86' lang='lat' dir='ltr'><strong>sed</strong></span> <span class='ocrx_word' id='word_1_713' title='bbox 1647 4744 1876 4798; x_wconf 85' lang='lat' dir='ltr'><strong>moribus</strong></span> <span class='ocrx_word' id='word_1_714' title='bbox 1891 4746 2104 4802; x_wconf 81' lang='lat' dir='ltr'><strong>omnino</strong></span> <span class='ocrx_word' id='word_1_715' title='bbox 2206 4752 2628 4808; x_wconf 83' lang='lat' dir='ltr'><strong>continebantur</strong></span> <span class='ocrx_word' id='word_1_716' title='bbox 2648 4792 2665 4818; x_wconf 93' lang='lat'><strong>,</strong></span> <span class='ocrx_word' id='word_1_717' title='bbox 2697 4758 2947 4806; x_wconf 87' lang='lat' dir='ltr'><strong>recenset</strong></span> <span class='ocrx_word' id='word_1_718' title='bbox 2972 4749 3055 4803; x_wconf 87' lang='lat' dir='ltr'><strong>his</strong></span> <span class='ocrx_word' id='word_1_719' title='bbox 3076 4747 3256 4804; x_wconf 87' lang='lat' dir='ltr'><strong>verbis</strong></span> <span class='ocrx_word' id='word_1_720' title='bbox 3284 4764 3297 4800; x_wconf 89' lang='lat'><strong>:</strong></span> <span class='ocrx_word' id='word_1_721' title='bbox 3330 4744 3526 4811; x_wconf 87' lang='lat' dir='ltr'><strong>Quibus</strong></span> <span class='ocrx_word' id='word_1_722' title='bbox 3546 4752 3731 4798; x_wconf 84' lang='lat' dir='ltr'><strong>autem</strong></span> <span class='ocrx_word' id='word_1_723' title='bbox 3762 4744 3831 4798; x_wconf 84' lang='lat' dir='ltr'><strong>in</strong></span> 
     </span>
    </p>
   </div>
   <div class='ocr_carea' id='block_1_53' title="bbox 520 4831 3833 4911">
    <p class='ocr_par' dir='ltr' id='par_1_53' title="bbox 520 4831 3833 4911">
     <span class='ocr_line' id='line_1_53' title="bbox 520 4831 3833 4911; baseline 0.003 -28"><span class='ocrx_word' id='word_1_724' title='bbox 520 4831 803 4895; x_wconf 75' lang='lat' dir='ltr'><strong>Romanus,</strong></span> <span class='ocrx_word' id='word_1_725' title='bbox 836 4833 891 4885; x_wconf 87' lang='lat' dir='ltr'><strong>in</strong></span> <span class='ocrx_word' id='word_1_726' title='bbox 918 4842 1133 4903; x_wconf 87' lang='lat' dir='ltr'><strong>utraque</strong></span> <span class='ocrx_word' id='word_1_727' title='bbox 1153 4834 1333 4904; x_wconf 86' lang='lat' dir='ltr'><strong>lingua</strong></span> <span class='ocrx_word' id='word_1_728' title='bbox 1358 4834 1706 4901; x_wconf 88' lang='lat' dir='ltr'><strong>doctissimus,</strong></span> <span class='ocrx_word' id='word_1_729' title='bbox 1736 4836 1823 4906; x_wconf 88' lang='lat' dir='ltr'><strong>qui</strong></span> <span class='ocrx_word' id='word_1_730' title='bbox 1850 4837 2039 4906; x_wconf 87' lang='lat' dir='ltr'><strong>petitus</strong></span> <span class='ocrx_word' id='word_1_731' title='bbox 2069 4852 2104 4890; x_wconf 89' lang='lat' dir='ltr'><strong>a</strong></span> <span class='ocrx_word' id='word_1_732' title='bbox 2207 4840 2441 4897; x_wconf 89' lang='lat' dir='ltr'><strong>omnibus</strong></span> <span class='ocrx_word' id='word_1_733' title='bbox 2484 4841 2848 4896; x_wconf 87' lang='lat' dir='ltr'><strong>ecclesiasticis</strong></span> <span class='ocrx_word' id='word_1_734' title='bbox 2890 4839 3084 4895; x_wconf 86' lang='lat' dir='ltr'><strong>utimur</strong></span> <span class='ocrx_word' id='word_1_735' title='bbox 3122 4838 3340 4911; x_wconf 85' lang='lat' dir='ltr'><strong>judiciis</strong></span> <span class='ocrx_word' id='word_1_736' title='bbox 3363 4877 3379 4904; x_wconf 93' lang='lat'><strong>,</strong></span> <span class='ocrx_word' id='word_1_737' title='bbox 3412 4845 3533 4891; x_wconf 89' lang='lat' dir='ltr'><strong>sunt</strong></span> <span class='ocrx_word' id='word_1_738' title='bbox 3576 4850 3833 4889; x_wconf 70' lang='lat' dir='ltr'><strong>canones</strong></span> 
     </span>
    </p>
   </div>
   <div class='ocr_carea' id='block_1_54' title="bbox 517 4922 2085 5003">
    <p class='ocr_par' dir='ltr' id='par_1_54' title="bbox 517 4922 2085 4997">
     <span class='ocr_line' id='line_1_54' title="bbox 517 4922 2085 4997; baseline 0.004 -22"><span class='ocrx_word' id='word_1_739' title='bbox 517 4922 782 4993; x_wconf 75' lang='lat' dir='ltr'><strong>Stephano</strong></span> <span class='ocrx_word' id='word_1_740' title='bbox 812 4923 1049 4991; x_wconf 86' lang='lat' dir='ltr'><strong>episcopo</strong></span> <span class='ocrx_word' id='word_1_741' title='bbox 1082 4923 1425 4991; x_wconf 86' lang='lat' dir='ltr'><strong>Salonitano,</strong></span> <span class='ocrx_word' id='word_1_742' title='bbox 1475 4942 1541 4981; x_wconf 76' lang='lat' dir='ltr'><strong>ex</strong></span> <span class='ocrx_word' id='word_1_743' title='bbox 1569 4924 1766 4981; x_wconf 80' lang='lat' dir='ltr'><strong>Grtccis</strong></span> <span class='ocrx_word' id='word_1_744' title='bbox 1793 4927 2085 4997; x_wconf 70' lang='lat' dir='ltr'><strong>exemplari</strong></span> 
     </span>
    </p>
   </div>
   <div class='ocr_carea' id='block_1_55' title="bbox 2261 4922 3829 5003">
    <p class='ocr_par' dir='ltr' id='par_1_55' title="bbox 2261 4927 3829 5001">
     <span class='ocr_line' id='line_1_55' title="bbox 2261 4927 3829 5001; baseline -0.003 -18"><span class='ocrx_word' id='word_1_745' title='bbox 2261 4933 2293 4987; x_wconf 76' lang='lat' dir='ltr'><strong>ii</strong></span> <span class='ocrx_word' id='word_1_746' title='bbox 2315 4932 2559 4986; x_wconf 87' lang='lat' dir='ltr'><strong>dicuntur</strong></span> <span class='ocrx_word' id='word_1_747' title='bbox 2578 4929 2964 5001; x_wconf 80' lang='lat' dir='ltr'><strong>Apostolorum,</strong></span> <span class='ocrx_word' id='word_1_748' title='bbox 2991 4927 3351 4995; x_wconf 67' lang='lat' dir='ltr'><strong>Nicanorem,</strong></span> <span class='ocrx_word' id='word_1_749' title='bbox 3380 4927 3829 4997; x_wconf 82' lang='lat' dir='ltr'><strong>Ancyranorum,</strong></span> 
     </span>
    </p>
   </div>
   <div class='ocr_carea' id='block_1_56' title="bbox 517 5010 3837 5091">
    <p class='ocr_par' dir='ltr' id='par_1_56' title="bbox 517 5010 3837 5091">
     <span class='ocr_line' id='line_1_56' title="bbox 517 5010 3837 5091; baseline -0.002 -27"><span class='ocrx_word' id='word_1_750' title='bbox 517 5010 608 5066; x_wconf 90' lang='lat' dir='ltr'><strong>bus</strong></span> <span class='ocrx_word' id='word_1_751' title='bbox 629 5028 852 5066; x_wconf 85' lang='lat' dir='ltr'><strong>canones</strong></span> <span class='ocrx_word' id='word_1_752' title='bbox 874 5013 1267 5079; x_wconf 81' lang='lat' dir='ltr'><strong>ecclesiasticos,</strong></span> <span class='ocrx_word' id='word_1_753' title='bbox 1285 5032 1491 5087; x_wconf 70' lang='lat' dir='ltr'><strong>magna:</strong></span> <span class='ocrx_word' id='word_1_754' title='bbox 1510 5015 1811 5089; x_wconf 77' lang='lat' dir='ltr'><strong>eloquentia:</strong></span> <span class='ocrx_word' id='word_1_755' title='bbox 1832 5017 1944 5071; x_wconf 87' lang='lat' dir='ltr'><strong>luce</strong></span> <span class='ocrx_word' id='word_1_756' title='bbox 1962 5032 2107 5072; x_wconf 85' lang='lat' dir='ltr'><strong>com-</strong></span> <span class='ocrx_word' id='word_1_757' title='bbox 2208 5020 2712 5078; x_wconf 77' lang='lat' dir='ltr'><strong>Neoctcsariensium</strong></span> <span class='ocrx_word' id='word_1_758' title='bbox 2734 5061 2749 5087; x_wconf 97' lang='lat'><strong>,</strong></span> <span class='ocrx_word' id='word_1_759' title='bbox 2770 5018 3151 5091; x_wconf 82' lang='lat' dir='ltr'><strong>Gangrensium</strong></span> <span class='ocrx_word' id='word_1_760' title='bbox 3172 5060 3187 5087; x_wconf 93' lang='lat'><strong>,</strong></span> <span class='ocrx_word' id='word_1_761' title='bbox 3212 5017 3617 5073; x_wconf 77' lang='lat' dir='ltr'><strong>Laodicensium</strong></span> <span class='ocrx_word' id='word_1_762' title='bbox 3631 5056 3647 5077; x_wconf 80' lang='grc'><strong>,</strong></span> <span class='ocrx_word' id='word_1_763' title='bbox 3674 5015 3837 5071; x_wconf 76' lang='lat' dir='ltr'><strong>Con-</strong></span> 
     </span>
    </p>
   </div>
   <div class='ocr_carea' id='block_1_57' title="bbox 516 5107 3831 5185">
    <p class='ocr_par' dir='ltr' id='par_1_57' title="bbox 516 5107 3831 5185">
     <span class='ocr_line' id='line_1_57' title="bbox 516 5107 3831 5185; baseline 0.001 -26"><span class='ocrx_word' id='word_1_764' title='bbox 516 5108 707 5177; x_wconf 82' lang='lat' dir='ltr'><strong>posuit.</strong></span> <span class='ocrx_word' id='word_1_765' title='bbox 751 5122 876 5178; x_wconf 89' lang='lat' dir='ltr'><strong>quos</strong></span> <span class='ocrx_word' id='word_1_766' title='bbox 906 5107 1057 5162; x_wconf 87' lang='lat' dir='ltr'><strong>hodie</strong></span> <span class='ocrx_word' id='word_1_767' title='bbox 1080 5124 1174 5162; x_wconf 84' lang='lat' dir='ltr'><strong>usu</strong></span> <span class='ocrx_word' id='word_1_768' title='bbox 1213 5109 1540 5163; x_wconf 86' lang='lat' dir='ltr'><strong>celeberrimo</strong></span> <span class='ocrx_word' id='word_1_769' title='bbox 1575 5107 1815 5163; x_wconf 88' lang='lat' dir='ltr'><strong>Ecclesia</strong></span> <span class='ocrx_word' id='word_1_770' title='bbox 1860 5107 2104 5164; x_wconf 83' lang='lat' dir='ltr'><strong>Romana</strong></span> <span class='ocrx_word' id='word_1_771' title='bbox 2205 5113 2812 5185; x_wconf 74' lang='lat' dir='ltr'><strong>stantinopolitanorum,</strong></span> <span class='ocrx_word' id='word_1_772' title='bbox 2842 5109 3246 5181; x_wconf 82' lang='lat' dir='ltr'><strong>Ephesinorum,</strong></span> <span class='ocrx_word' id='word_1_773' title='bbox 3278 5107 3831 5176; x_wconf 71' lang='lat' dir='ltr'><strong>Chalcedonmsium,</strong></span> 
     </span>
    </p>
   </div>
   <div class='ocr_carea' id='block_1_58' title="bbox 516 5196 3839 5275">
    <p class='ocr_par' dir='ltr' id='par_1_58' title="bbox 516 5196 3839 5275">
     <span class='ocr_line' id='line_1_58' title="bbox 516 5196 3839 5275; baseline 0.001 -27"><span class='ocrx_word' id='word_1_774' title='bbox 516 5197 890 5267; x_wconf 81' lang='lat' dir='ltr'><strong>complectitur.</strong></span> <span class='ocrx_word' id='word_1_775' title='bbox 924 5196 991 5252; x_wconf 88' lang='lat' dir='ltr'><strong>Et</strong></span> <span class='ocrx_word' id='word_1_776' title='bbox 1014 5213 1250 5254; x_wconf 89' lang='lat' dir='ltr'><strong>canones</strong></span> <span class='ocrx_word' id='word_1_777' title='bbox 1277 5197 1531 5253; x_wconf 86' lang='lat' dir='ltr'><strong>aJoanne</strong></span> <span class='ocrx_word' id='word_1_778' title='bbox 1552 5197 1595 5252; x_wconf 91' lang='lat' dir='ltr'><strong>ll</strong></span> <span class='ocrx_word' id='word_1_779' title='bbox 1627 5214 1763 5270; x_wconf 88' lang='lat' dir='ltr'><strong>papa</strong></span> <span class='ocrx_word' id='word_1_780' title='bbox 1794 5199 1940 5254; x_wconf 87' lang='lat' dir='ltr'><strong>missi</strong></span> <span class='ocrx_word' id='word_1_781' title='bbox 1960 5215 2106 5258; x_wconf 86' lang='lat' dir='ltr'><strong>anno</strong></span> <span class='ocrx_word' id='word_1_782' title='bbox 2209 5206 2636 5273; x_wconf 86' lang='lat' dir='ltr'><strong>Sardicensium,</strong></span> <span class='ocrx_word' id='word_1_783' title='bbox 2675 5203 3137 5275; x_wconf 76' lang='lat' dir='ltr'><strong>Africanensium,</strong></span> <span class='ocrx_word' id='word_1_784' title='bbox 3182 5198 3682 5271; x_wconf 80' lang='lat' dir='ltr'><strong>Carthaginensium</strong></span> <span class='ocrx_word' id='word_1_785' title='bbox 3705 5237 3722 5263; x_wconf 92' lang='lat'><strong>,</strong></span> <span class='ocrx_word' id='word_1_786' title='bbox 3775 5209 3839 5252; x_wconf 83' lang='lat' dir='ltr'><strong>es</strong></span> 
     </span>
    </p>
   </div>
   <div class='ocr_carea' id='block_1_59' title="bbox 520 5284 3841 5369">
    <p class='ocr_par' dir='ltr' id='par_1_59' title="bbox 520 5284 3841 5369">
     <span class='ocr_line' id='line_1_59' title="bbox 520 5284 3841 5369; baseline -0.005 -10"><span class='ocrx_word' id='word_1_787' title='bbox 520 5284 627 5341; x_wconf 72' lang='lat'><strong>555</strong></span> <span class='ocrx_word' id='word_1_788' title='bbox 653 5304 751 5358; x_wconf 62' lang='lat' dir='ltr'><strong>Pro</strong></span> <span class='ocrx_word' id='word_1_789' title='bbox 780 5303 941 5343; x_wconf 65' lang='grc'><strong>(⁵³11⁵³</strong></span> <span class='ocrx_word' id='word_1_790' title='bbox 970 5286 1357 5344; x_wconf 64' lang='grc' dir='ltr'><strong>(Ῑοηῑιιῐηοιίοδί</strong></span> <span class='ocrx_word' id='word_1_791' title='bbox 1385 5288 1647 5359; x_wconf 55' lang='lat' dir='ltr'><strong>episcopi,</strong></span> <span class='ocrx_word' id='word_1_792' title='bbox 1695 5290 1786 5359; x_wconf 89' lang='lat' dir='ltr'><strong>qui</strong></span> <span class='ocrx_word' id='word_1_793' title='bbox 1835 5304 1903 5345; x_wconf 78' lang='lat' dir='ltr'><strong>ex</strong></span> <span class='ocrx_word' id='word_1_794' title='bbox 1934 5298 2108 5348; x_wconf 87' lang='lat' dir='ltr'><strong>trans-</strong></span> <span class='ocrx_word' id='word_1_795' title='bbox 2209 5314 2325 5352; x_wconf 88' lang='lat' dir='ltr'><strong>cum</strong></span> <span class='ocrx_word' id='word_1_796' title='bbox 2353 5297 2458 5351; x_wconf 87' lang='lat' dir='ltr'><strong>illis</strong></span> <span class='ocrx_word' id='word_1_797' title='bbox 2486 5295 2678 5369; x_wconf 75' lang='lat' dir='ltr'><strong>regulae</strong></span> <span class='ocrx_word' id='word_1_798' title='bbox 2704 5295 2985 5365; x_wconf 78' lang='lat' dir='ltr'><strong>prtesulum</strong></span> <span class='ocrx_word' id='word_1_799' title='bbox 3015 5291 3374 5349; x_wconf 86' lang='lat' dir='ltr'><strong>Romanorum</strong></span> <span class='ocrx_word' id='word_1_800' title='bbox 3399 5289 3604 5352; x_wconf 76' lang='lat' dir='ltr'><strong>Siricii,</strong></span> <span class='ocrx_word' id='word_1_801' title='bbox 3645 5288 3841 5344; x_wconf 84' lang='lat' dir='ltr'><strong>hmo-</strong></span> 
     </span>
    </p>
   </div>
   <div class='ocr_carea' id='block_1_60' title="bbox 520 5377 3840 5455">
    <p class='ocr_par' dir='ltr' id='par_1_60' title="bbox 520 5377 3840 5455">
     <span class='ocr_line' id='line_1_60' title="bbox 520 5377 3840 5455; baseline 0.001 -24"><span class='ocrx_word' id='word_1_802' title='bbox 520 5377 723 5434; x_wconf 81' lang='lat' dir='ltr'><strong>latione</strong></span> <span class='ocrx_word' id='word_1_803' title='bbox 746 5378 985 5451; x_wconf 81' lang='lat' dir='ltr'><strong>Dionysii</strong></span> <span class='ocrx_word' id='word_1_804' title='bbox 1011 5377 1201 5449; x_wconf 85' lang='lat' dir='ltr'><strong>Exigui</strong></span> <span class='ocrx_word' id='word_1_805' title='bbox 1235 5377 1476 5451; x_wconf 88' lang='lat' dir='ltr'><strong>expressi</strong></span> <span class='ocrx_word' id='word_1_806' title='bbox 1508 5378 1849 5449; x_wconf 88' lang='lat' dir='ltr'><strong>reperiuntur</strong></span> <span class='ocrx_word' id='word_1_807' title='bbox 1880 5378 2107 5451; x_wconf 84' lang='lat' dir='ltr'><strong>(Tom.l</strong></span> <span class='ocrx_word' id='word_1_808' title='bbox 2211 5389 2389 5455; x_wconf 72' lang='lat' dir='ltr'><strong>cetitii,</strong></span> <span class='ocrx_word' id='word_1_809' title='bbox 2431 5387 2650 5449; x_wconf 85' lang='lat' dir='ltr'><strong>Zosimi,</strong></span> <span class='ocrx_word' id='word_1_810' title='bbox 2692 5384 2990 5453; x_wconf 67' lang='lat' dir='ltr'><strong>Caelestini,</strong></span> <span class='ocrx_word' id='word_1_811' title='bbox 3041 5382 3256 5449; x_wconf 87' lang='lat' dir='ltr'><strong>Leonis,</strong></span> <span class='ocrx_word' id='word_1_812' title='bbox 3299 5380 3492 5438; x_wconf 80' lang='lat' dir='ltr'><strong>Gelasii</strong></span> <span class='ocrx_word' id='word_1_813' title='bbox 3515 5421 3531 5446; x_wconf 89' lang='lat'><strong>,</strong></span> <span class='ocrx_word' id='word_1_814' title='bbox 3578 5379 3783 5435; x_wconf 83' lang='lat' dir='ltr'><strong>Hilari</strong></span> <span class='ocrx_word' id='word_1_815' title='bbox 3815 5424 3840 5453; x_wconf 81' lang='grc'><strong>,</strong></span> 
     </span>
    </p>
   </div>
   <div class='ocr_carea' id='block_1_61' title="bbox 519 5469 3836 5550">
    <p class='ocr_par' dir='ltr' id='par_1_61' title="bbox 519 5469 3836 5550">
     <span class='ocr_line' id='line_1_61' title="bbox 519 5469 3836 5550; baseline 0.002 -27"><span class='ocrx_word' id='word_1_816' title='bbox 519 5469 718 5527; x_wconf 88' lang='lat' dir='ltr'><strong>Concil.</strong></span> <span class='ocrx_word' id='word_1_817' title='bbox 754 5471 986 5543; x_wconf 71' lang='lat' dir='ltr'><strong>Gallice).</strong></span> <span class='ocrx_word' id='word_1_818' title='bbox 2215 5478 2548 5550; x_wconf 80' lang='lat' dir='ltr'><strong>Symmachi,</strong></span> <span class='ocrx_word' id='word_1_819' title='bbox 2577 5474 2903 5541; x_wconf 79' lang='lat' dir='ltr'><strong>llormisdw,</strong></span> <span class='ocrx_word' id='word_1_820' title='bbox 2931 5474 3189 5543; x_wconf 81' lang='lat' dir='ltr'><strong>Simplicii</strong></span> <span class='ocrx_word' id='word_1_821' title='bbox 3213 5483 3264 5527; x_wconf 87' lang='lat' dir='ltr'><strong>et</strong></span> <span class='ocrx_word' id='word_1_822' title='bbox 3291 5469 3527 5543; x_wconf 82' lang='lat' dir='ltr'><strong>Gregorii</strong></span> <span class='ocrx_word' id='word_1_823' title='bbox 3538 5470 3836 5542; x_wconf 78' lang='lat' dir='ltr'><strong>junioris.</strong></span> 
     </span>
    </p>
   </div>
   <div class='ocr_carea' id='block_1_62' title="bbox 594 5562 3843 5639">
    <p class='ocr_par' dir='ltr' id='par_1_62' title="bbox 594 5562 3843 5639">
     <span class='ocr_line' id='line_1_62' title="bbox 594 5562 3843 5639; baseline -0 -20"><span class='ocrx_word' id='word_1_824' title='bbox 594 5563 664 5620; x_wconf 89' lang='lat' dir='ltr'><strong>Ut</strong></span> <span class='ocrx_word' id='word_1_825' title='bbox 688 5575 868 5621; x_wconf 75' lang='lat' dir='ltr'><strong>autem</strong></span> <span class='ocrx_word' id='word_1_826' title='bbox 896 5565 1081 5623; x_wconf 86' lang='lat' dir='ltr'><strong>Codici</strong></span> <span class='ocrx_word' id='word_1_827' title='bbox 1122 5564 1404 5622; x_wconf 89' lang='lat' dir='ltr'><strong>Canonum</strong></span> <span class='ocrx_word' id='word_1_828' title='bbox 1434 5563 1684 5622; x_wconf 66' lang='lat' dir='ltr'><strong>Ecclesia:</strong></span> <span class='ocrx_word' id='word_1_829' title='bbox 1709 5563 1998 5624; x_wconf 82' lang='lat' dir='ltr'><strong>Orientalis</strong></span> <span class='ocrx_word' id='word_1_830' title='bbox 2016 5568 2112 5626; x_wconf 55' lang='lat' dir='ltr'><strong>de.</strong></span> <span class='ocrx_word' id='word_1_831' title='bbox 2217 5569 2317 5627; x_wconf 83' lang='lat' dir='ltr'><strong>Isti</strong></span> <span class='ocrx_word' id='word_1_832' title='bbox 2346 5570 2556 5625; x_wconf 86' lang='lat' dir='ltr'><strong>omnino</strong></span> <span class='ocrx_word' id='word_1_833' title='bbox 2581 5576 2731 5633; x_wconf 86' lang='lat' dir='ltr'><strong>sunt,</strong></span> <span class='ocrx_word' id='word_1_834' title='bbox 2752 5576 2802 5621; x_wconf 90' lang='lat' dir='ltr'><strong>et</strong></span> <span class='ocrx_word' id='word_1_835' title='bbox 2827 5582 2919 5638; x_wconf 86' lang='lat' dir='ltr'><strong>per</strong></span> <span class='ocrx_word' id='word_1_836' title='bbox 2941 5582 3067 5639; x_wconf 83' lang='lat' dir='ltr'><strong>quos</strong></span> <span class='ocrx_word' id='word_1_837' title='bbox 3089 5564 3332 5636; x_wconf 79' lang='lat' dir='ltr'><strong>judicent</strong></span> <span class='ocrx_word' id='word_1_838' title='bbox 3360 5562 3612 5633; x_wconf 83' lang='lat' dir='ltr'><strong>episcopi,</strong></span> <span class='ocrx_word' id='word_1_839' title='bbox 3638 5571 3695 5616; x_wconf 84' lang='lat' dir='ltr'><strong>et</strong></span> <span class='ocrx_word' id='word_1_840' title='bbox 3724 5578 3843 5633; x_wconf 71' lang='lat' dir='ltr'><strong>per</strong></span> 
     </span>
    </p>
   </div>
   <div class='ocr_carea' id='block_1_63' title="bbox 519 5653 3139 5734">
    <p class='ocr_par' dir='ltr' id='par_1_63' title="bbox 519 5653 3139 5734">
     <span class='ocr_line' id='line_1_63' title="bbox 519 5653 3139 5734; baseline 0 -25"><span class='ocrx_word' id='word_1_841' title='bbox 519 5665 670 5710; x_wconf 88' lang='lat' dir='ltr'><strong>creta</strong></span> <span class='ocrx_word' id='word_1_842' title='bbox 691 5671 786 5711; x_wconf 90' lang='lat' dir='ltr'><strong>seu</strong></span> <span class='ocrx_word' id='word_1_843' title='bbox 816 5657 1058 5727; x_wconf 74' lang='lat' dir='ltr'><strong>epistolzn</strong></span> <span class='ocrx_word' id='word_1_844' title='bbox 1086 5655 1361 5712; x_wconf 73' lang='lat' dir='ltr'><strong>canonica:</strong></span> <span class='ocrx_word' id='word_1_845' title='bbox 1390 5654 1607 5708; x_wconf 82' lang='lat' dir='ltr'><strong>Patrum</strong></span> <span class='ocrx_word' id='word_1_846' title='bbox 1625 5653 1936 5712; x_wconf 64' lang='lat' dir='ltr'><strong>Graecorum</strong></span> <span class='ocrx_word' id='word_1_847' title='bbox 1962 5673 1993 5711; x_wconf 88' lang='lat' dir='ltr'><strong>a</strong></span> <span class='ocrx_word' id='word_1_848' title='bbox 2021 5673 2111 5730; x_wconf 85' lang='lat' dir='ltr'><strong>sy-</strong></span> <span class='ocrx_word' id='word_1_849' title='bbox 2214 5677 2340 5734; x_wconf 83' lang='lat' dir='ltr'><strong>quos</strong></span> <span class='ocrx_word' id='word_1_850' title='bbox 2365 5658 2518 5714; x_wconf 85' lang='lat' dir='ltr'><strong>simul</strong></span> <span class='ocrx_word' id='word_1_851' title='bbox 2530 5658 2840 5729; x_wconf 85' lang='lat' dir='ltr'><strong>judicantur</strong></span> <span class='ocrx_word' id='word_1_852' title='bbox 2869 5665 2917 5710; x_wconf 81' lang='lat' dir='ltr'><strong>et</strong></span> <span class='ocrx_word' id='word_1_853' title='bbox 2945 5656 3139 5712; x_wconf 87' lang='lat' dir='ltr'><strong>clerici.</strong></span> 
     </span>
    </p>
   </div>
   <div class='ocr_carea' id='block_1_64' title="bbox 524 5744 3847 5821">
    <p class='ocr_par' dir='ltr' id='par_1_64' title="bbox 524 5744 3847 5821">
     <span class='ocr_line' id='line_1_64' title="bbox 524 5744 3847 5821; baseline 0.001 -22"><span class='ocrx_word' id='word_1_854' title='bbox 524 5746 667 5801; x_wconf 87' lang='lat' dir='ltr'><strong>nodo</strong></span> <span class='ocrx_word' id='word_1_855' title='bbox 697 5745 949 5803; x_wconf 85' lang='lat' dir='ltr'><strong>Trullana</strong></span> <span class='ocrx_word' id='word_1_856' title='bbox 976 5762 1187 5803; x_wconf 85' lang='lat' dir='ltr'><strong>annexa</strong></span> <span class='ocrx_word' id='word_1_857' title='bbox 1214 5755 1360 5813; x_wconf 88' lang='lat' dir='ltr'><strong>sunt,</strong></span> <span class='ocrx_word' id='word_1_858' title='bbox 1409 5745 1697 5817; x_wconf 83' lang='lat' dir='ltr'><strong>Dionysius</strong></span> <span class='ocrx_word' id='word_1_859' title='bbox 1742 5761 1959 5818; x_wconf 86' lang='lat' dir='ltr'><strong>quoque</strong></span> <span class='ocrx_word' id='word_1_860' title='bbox 1985 5747 2109 5806; x_wconf 79' lang='lat' dir='ltr'><strong>Esi-</strong></span> <span class='ocrx_word' id='word_1_861' title='bbox 2285 5751 2573 5809; x_wconf 81' lang='lat' dir='ltr'><strong>Videamus</strong></span> <span class='ocrx_word' id='word_1_862' title='bbox 2599 5765 2743 5807; x_wconf 86' lang='lat' dir='ltr'><strong>nunc</strong></span> <span class='ocrx_word' id='word_1_863' title='bbox 2781 5764 2891 5821; x_wconf 91' lang='lat' dir='ltr'><strong>quo</strong></span> <span class='ocrx_word' id='word_1_864' title='bbox 2913 5748 3035 5820; x_wconf 81' lang='lat' dir='ltr'><strong>jure</strong></span> <span class='ocrx_word' id='word_1_865' title='bbox 3062 5746 3430 5805; x_wconf 85' lang='lat' dir='ltr'><strong>ecclesiastico</strong></span> <span class='ocrx_word' id='word_1_866' title='bbox 3457 5762 3551 5801; x_wconf 89' lang='lat' dir='ltr'><strong>usa</strong></span> <span class='ocrx_word' id='word_1_867' title='bbox 3586 5754 3675 5802; x_wconf 87' lang='lat' dir='ltr'><strong>est</strong></span> <span class='ocrx_word' id='word_1_868' title='bbox 3713 5744 3847 5802; x_wconf 78' lang='lat' dir='ltr'><strong>Ec-</strong></span> 
     </span>
    </p>
   </div>
   <div class='ocr_carea' id='block_1_65' title="bbox 519 5837 3841 5918">
    <p class='ocr_par' dir='ltr' id='par_1_65' title="bbox 519 5837 3841 5918">
     <span class='ocr_line' id='line_1_65' title="bbox 519 5837 3841 5918; baseline -0.001 -18"><span class='ocrx_word' id='word_1_869' title='bbox 519 5855 657 5915; x_wconf 81' lang='lat' dir='ltr'><strong>guus</strong></span> <span class='ocrx_word' id='word_1_870' title='bbox 683 5842 847 5918; x_wconf 89' lang='lat' dir='ltr'><strong>paulo</strong></span> <span class='ocrx_word' id='word_1_871' title='bbox 872 5850 998 5918; x_wconf 75' lang='lat' dir='ltr'><strong>post</strong></span> <span class='ocrx_word' id='word_1_872' title='bbox 1022 5842 1315 5902; x_wconf 81' lang='lat' dir='ltr'><strong>editionem</strong></span> <span class='ocrx_word' id='word_1_873' title='bbox 1339 5854 1605 5901; x_wconf 85' lang='lat' dir='ltr'><strong>canonum</strong></span> <span class='ocrx_word' id='word_1_874' title='bbox 1630 5879 1647 5913; x_wconf 83' lang='lat'><strong>,</strong></span> <span class='ocrx_word' id='word_1_875' title='bbox 1678 5838 1899 5901; x_wconf 79' lang='lat' dir='ltr'><strong>decreta</strong></span> <span class='ocrx_word' id='word_1_876' title='bbox 1924 5843 2105 5916; x_wconf 79' lang='lat' dir='ltr'><strong>ponti—</strong></span> <span class='ocrx_word' id='word_1_877' title='bbox 2213 5840 2382 5904; x_wconf 82' lang='lat' dir='ltr'><strong>clcsia</strong></span> <span class='ocrx_word' id='word_1_878' title='bbox 2434 5841 2683 5903; x_wconf 75' lang='lat' dir='ltr'><strong>Africana</strong></span> <span class='ocrx_word' id='word_1_879' title='bbox 2737 5849 3052 5910; x_wconf 65' lang='lat' dir='ltr'><strong>cutemque</strong></span> <span class='ocrx_word' id='word_1_880' title='bbox 3094 5839 3348 5898; x_wconf 78' lang='lat' dir='ltr'><strong>Ecclesiae</strong></span> <span class='ocrx_word' id='word_1_881' title='bbox 3400 5837 3841 5899; x_wconf 81' lang='lat' dir='ltr'><strong>Occidentales.</strong></span> 
     </span>
    </p>
   </div>
  </div>
