3946 6336
504 341 576 400 '55

1704 382 1709 385 -
1756 342 2144 408 ωοθιῖειθδ
2177 342 2495 410 EXIGUUS.

3656 352 3661 357 ’
3697 357 3763 416 '56

505 458 602 515 llic
628 455 773 514 enim
799 456 1007 515 Gallicis
1024 457 1293 515 Canonum
1320 474 1455 516 voce
1483 456 1706 532 intelligi
1733 462 1833 534 par
1850 471 1934 519 est
1963 463 2089 520 Dio-
2120 473 2164 531 Α
2193 466 2534 524 Valentinum
2557 459 2725 541 (590),
2748 485 2869 528 can.
2895 469 2966 537 2;
2995 469 3308 542 llispalense
3336 486 3352 527 ι
3375 476 3429 527 et
3456 469 3763 527 Tolrlatmn

503 551 781 621 nysiunam
835 550 1250 615 collectionem,
1305 564 1377 607 ex
1418 554 1717 608 canonibns
1761 562 1817 607 et
1859 554 2090 613 decretis

500 644 811 713 [muniﬁcum
849 646 1205 711 coriipositam
1230 684 1247 713 ,
1272 658 1405 714 qua}
1420 653 1531 699 tum
1555 646 1610 699 in
1637 644 1877 702 Ecclesia
1915 645 2087 703 Galli-

498 751 632 791 cana
686 752 786 790 usu
839 737 1209 793 ecclesiastico
1273 743 1393 793 erat
1455 740 1784 808 generaliter
1846 746 2084 812 recepta.

500 827 820 883 lIincmarus
866 829 1008 883 enim
1057 831 1273 885 decreta
1329 831 1642 901 pontiﬁcum
1692 846 1723 886 a
1775 831 1970 888 Siricio
2016 833 2090 888 ad

495 918 816 985 Gregorium
850 919 1123 987 juniorem
1148 963 1162 986 ,
1189 921 1376 977 codice
1404 920 1653 976 ltomano
1671 924 2085 991 comprehensa,

494 1014 696 1082 passim
724 1014 894 1078 citat,
924 1029 987 1070 ac
1016 1015 1335 1070 nominatim
1379 1015 1676 1071 Innocentii
1705 1016 1987 1086 epistolam
2012 1015 2088 1071 ad

496 1106 808 1160 Victricium
834 1106 1326 1175 Ilotbomagensem
1356 1108 1691 1177 episcopum,
1722 1124 1788 1162 er-
1816 1109 1979 1162 sacris
2007 1124 2091 1161 ca»

491 1197 714 1251 nauibus
770 1198 1150 1267 promulgatam
1205 1197 1297 1250 ait.
1347 1196 1637 1267 Synodalia
1693 1212 1824 1253 vero
1868 1195 2087 1252 decreta

491 1304 610 1357 qlae
634 1288 913 1359 Sylvestro
944 1289 1271 1355 tribuuntur,
1303 1286 1569 1359 improbat
1591 1289 1675 1344 bis
1702 1290 1877 1344 verbis
1901 1306 1913 1341 :
1948 1286 2087 1353 Quo-

491 1383 634 1435 niam
662 1380 871 1453 quidam
897 1382 1046 1452 quasi
1083 1382 1139 1434 in
1184 1384 1542 1436 auctoritatem
1572 1383 1840 1452 proferunt
1882 1381 2089 1451 Sglveso

490 1482 626 1525 trum
671 1489 863 1543 papam
904 1473 1183 1526 decrevisse
1226 1472 1353 1526 talia
1384 1487 1499 1543 qua:
1546 1472 1782 1525 Ecclesia
1828 1471 2087 1526 catholica

488 1564 627 1619 inter
672 1563 949 1635 synodalia
990 1564 1198 1617 decreta
1228 1579 1335 1618 non
1374 1570 1658 1633 computat,
1700 1579 1815 1634 qua:
1860 1563 2087 1634 majores

487 1656 654 1709 nostri
680 1654 804 1707 inde
826 1653 973 1708 nobis
997 1654 1215 1708 tenenda
1258 1656 1365 1709 suis
1388 1657 1607 1725 posteris
1637 1655 1969 1725 reliquerunt,
2003 1655 2086 1708 bic

490 1747 841 1800 necessarium
868 1759 1059 1814 ponere
1099 1745 1361 1801 duximus.
1395 1744 1664 1815 Scriptum
1684 1759 1903 1816 namque
1922 1752 2000 1798 est
2025 1746 2082 1798 in

2191 572 2285 621 xu,
2318 558 2385 612 de
2432 558 2619 613 iisdem
2667 560 2943 615 observari
2980 568 3222 615 statuunt
3264 575 3386 629 qum
3441 561 3493 614 in
3538 563 3765 618 cnticibis

2191 649 2503 717 Agatbensi,
2538 650 2927 711 Aureli-annosi.
2958 651 3245 721 Bhegensi,
3267 661 3322 705 et
3354 651 3634 706 Valentino
3655 651 3768 706 Gal-

2188 740 2310 795 licis
2352 742 2645 797 constituta
2675 751 2877 810 essent,
2921 757 3151 812 quorum
3190 744 3562 798 etiamaverba
3610 743 3765 812 subji-

2188 831 2357 897 ciunt,
2384 840 2546 903 atque
2576 849 2640 887 ex
2676 834 2739 887 iis
2758 834 2824 888 de
2856 836 3237 889 controversiis
3257 835 3636 890 ecclesiasticis
3651 852 3768 905 pro—

2191 924 2459 977 nuntiant.
2486 918 2657 978 Tanta
2680 924 2779 979 fuit
2794 932 2919 979 tunc
2942 926 3197 995 temporis
3217 923 3471 981 Ecclesiae
3488 924 3768 982 Gallicana

2190 1015 2487 1069 auctoritas
2517 1016 2659 1085 apud
2690 1016 2980 1085 Hispanos,
3011 1025 3069 1071 ut
3103 1017 3249 1086 quod
3286 1018 3355 1071 ab
3385 1016 3473 1071 illa
3512 1019 3765 1072 sancitum

2188 1110 2325 1168 erat,
2357 1104 2671 1159 imitandum
2693 1108 3141 1175 statuendumque
3163 1106 3441 1161 ducerent.
3466 1106 3766 1176 Agobardus

2190 1194 2561 1262 Lugdunensis
2586 1198 2891 1268 episcopus,
2915 1200 3005 1268 qui
3035 1199 3136 1253 sub
3164 1198 3439 1255 Ludovico
3481 1199 3578 1256 Pio
3619 1202 3762 1265 vixit,

2189 1281 2587 1340 Gallicanorum
2629 1287 2795 1340 etiam
2848 1302 3117 1342 canonum
3175 1290 3419 1343 meminit
3468 1289 3550 1344 bis
3599 1290 3767 1347 verbis

2188 1373 2329 1446 (Lib.
2360 1376 2424 1430 de
2455 1372 2753 1448 Dispensat.
2783 1380 2993 1446 eccles.)
3022 1396 3035 1433 :
3069 1378 3205 1435 Sunt
3234 1383 3321 1452 qui
3349 1380 3651 1437 Gallicanos
3674 1397 3767 1437 ca-

2190 1482 2378 1535 nones,
2412 1478 2501 1521 aut
2531 1470 2753 1524 aliarum
2782 1471 3065 1541 regionum,
3100 1481 3278 1541 putent
3302 1488 3405 1527 non
3432 1474 3766 1543 recipiendos,

2183 1578 2246 1615 eo
2270 1559 2407 1634 quod
2436 1562 2594 1633 legati
2626 1562 2869 1629 Romani,
2894 1580 2983 1619 seu
3003 1566 3347 1634 imperatoris,
3373 1568 3426 1619 in
3455 1583 3629 1620 eorum
3648 1582 3770 1621 can-

2184 1651 2532 1708 stitutionibus
2560 1669 2665 1707 non
2687 1654 3045 1725 interfuerint,
3078 1664 3181 1710 etc.
3212 1652 3279 1709 Et
3306 1656 3535 1725 epistola
3572 1656 3635 1710 ad
3668 1657 3765 1711 im-

2184 1752 2493 1813 peratorem
2539 1762 2552 1798 :
2610 1743 2730 1797 IIuo
2784 1745 2985 1799 accedit
3034 1747 3171 1817 quod
3226 1748 3316 1816 pia
3360 1748 3769 1803 consideratione

485 1837 712 1907 quodam
746 1851 983 1893 sermone
1005 1874 1019 1897 ,
1050 1837 1163 1890 sine
1204 1836 1523 1905 excerptaris
1555 1837 1762 1890 nomine
1784 1876 1799 1901 ,
1827 1834 1893 1887 de
1928 1836 2085 1905 gestis
2118 1836 2159 1895 Β
2187 1832 2399 1903 dignum
2419 1834 2637 1897 videtur,
2670 1833 2733 1887 de
2764 1835 3067 1890 canonibus
3099 1837 3293 1889 scilicet
3331 1835 3638 1904 Gallicanis,
3682 1838 3767 1908 qui

488 1927 741 1997 Syluestri
772 1933 1037 1995 excerpta,
1072 1942 1219 1996 quem
1239 1923 1473 1979 Isidorus
1501 1922 1827 1994 Hispalensis
1854 1924 2079 1995 collegit,

485 2034 606 2072 cum
654 2018 886 2087 epistolis
928 2017 1180 2070 Ilomana:
1225 2015 1363 2070 sedis
1402 2016 1706 2085 pontificum
1746 2032 1779 2068 a
1824 2015 2085 2069 Clemente

489 2123 647 2180 usque
666 2107 735 2160 ad
756 2106 817 2161 Β.
839 2106 1161 2177 Gregorium,
1182 2106 1413 2160 currulem
1436 2104 1756 2176 Sylvestrum
1778 2106 2079 2171 decrevisse,

485 2210 545 2255 ut
583 2200 754 2254 nullus
792 2199 958 2253 laicus
1002 2200 1194 2252 crimen
1248 2198 1438 2252 clerico
1476 2196 1669 2250 audeat
1712 2198 1930 2267 inferre,
1970 2203 2079 2253 etc.

487 2292 618 2354 Qum
644 2290 787 2344 dicta
805 2305 959 2362 quant
985 2289 1201 2343 adversa
1230 2288 1353 2357 sibi,
1379 2297 1429 2342 et
1456 2303 1609 2360 quam
1650 2286 1853 2342 diuersa
1883 2303 1917 2340 a
1956 2302 2083 2340 san-

492 2381 591 2433 ctis
620 2380 940 2445 canonibus,
980 2389 1029 2431 et
1052 2380 1216 2432 sacris
1251 2378 1449 2449 legibus
1487 2378 1593 2431 sint
1620 2393 1826 2445 ,memo
1871 2384 1950 2430 est
1992 2376 2080 2450 qui

482 2469 710 2536 dubitet,
756 2470 844 2541 qui
880 2478 931 2523 et
957 2469 1066 2522 lucc
1104 2468 1243 2522 dicta
1291 2484 1406 2524 ams
1434 2470 1641 2522 ratione
1682 2467 1998 2535 attenderit,
2026 2475 2080 2524 et

481 2578 661 2620 sacras
698 2561 903 2632 regulus
949 2578 1010 2615 ac
1044 2563 1183 2633 leges
1210 2562 1510 2633 diligentius
1535 2560 1737 2632 legerit.
1786 2558 2078 2630 Perperna)

483 2651 800 2709 llincmarus
820 2653 958 2708 lianc
976 2653 1351 2708 collectionem
1374 2652 1725 2722 epistularum
1757 2650 2073 2721 pontiﬁcum

482 2742 851 2799 Romanorum
883 2757 914 2797 a
957 2741 1240 2798 Clemente
1288 2743 1355 2797 ad
1385 2741 1446 2796 Β.
1471 2741 1789 2812 Gregorium
1815 2784 1829 2809 ,
1862 2741 2074 2797 Isidoro

481 2833 783 2905 llispalensi
811 2833 1066 2904 episcopo
1097 2832 1320 2899 tribuit,
1360 2848 1480 2905 qua:
1518 2832 1746 2888 omnino
1790 2830 2073 2886 tribuenda

479 2937 569 2982 est
602 2925 808 2982 Isidoro
849 2925 1133 2980 Mercatori
1155 2965 1172 2988 ,
1198 2936 1357 2996 quam
1394 2926 1461 2979 ab
1502 2923 1757 2993 Hispania
1793 2924 1845 2978 in
1873 2922 2074 2979 Gallias

480 3014 717 3080 allatam,
778 3013 1075 3084 Riculphns
1104 3012 1448 3082 Moguntinus
1499 3014 1789 3083 episcopus
1841 3012 2072 3083 primum

476 3103 772 3173 cvulgavit,
798 3111 857 3157 ut
881 3103 996 3172 ipse
1024 3100 1345 3159 Hincmarus
1372 3110 1599 3157 testatur
1621 3102 1852 3173 epistola
1879 3100 2070 3159 adver-

2184 1924 2334 1995 quasi
2354 1924 2601 1994 super/lui
2630 1933 2719 1977 aut
2744 1925 2859 1977 inut
2880 1925 2953 1979 les
2970 1943 3006 1978 a
3034 1925 3340 2001 quibusdam
3360 1935 3686 1996 respuuntur,
3704 1944 3766 1982 eo

2181 2012 2321 2083 quod
2346 2015 2589 2068 neoterici
2624 2012 2848 2070 Romani
2888 2031 2975 2070 eas
2999 2032 3105 2071 non
3132 2018 3616 2082 commendauerint,
3654 2032 3768 2074 cum

2184 2102 2383 2177 antiqui
2411 2103 2653 2175 religiose
2676 2121 2762 2159 eos
2784 2106 3011 2162 uenerati
3055 2117 3194 2160 sunt.
3228 2105 3411 2181 Neque
3457 2107 3553 2162 hoc
3577 2107 3766 2165 idcirco

2181 2192 2395 2261 dicitur,
2417 2202 2473 2248 ut
2503 2198 2699 2266 passim
2746 2198 2976 2256 omnium
3022 2198 3392 2269 episcopalium
3435 2212 3770 2262 conqu

2181 2291 2475 2343 sanctiones
2499 2291 2687 2361 mquals'
2712 2292 3022 2347 auctoritate
3042 2291 3357 2362 recipiendas
3382 2291 3679 2362 credantur,
3700 2305 3758 2349 ut

2182 2375 2411 2446 Nicccni,
2434 2378 2892 2450 Chalcedonensis,
2919 2391 2972 2436 et
3013 2392 3316 2437 clatet-orum
3352 2385 3665 2454 generalium
3699 2398 3766 2441 ea:

2182 2470 2334 2524 totius
2362 2472 2542 2525 mtmdi
2566 2479 2824 2528 Consensu
2864 2485 3293 2547 congregatarum
3324 2484 3375 2532 et
3411 2487 3766 2548 receptarum;

2179 2559 2271 2613 sed
2309 2562 2430 2633 quia
2455 2576 2689 2634 congrua
2724 2567 3068 2631 tenet-alioue,
3107 2584 3202 2637 pro
3231 2569 3403 2623 causis
3440 2570 3764 2635 necessariis,

2174 2665 2393 2724 quarum
2421 2651 2756 2722 definitiones
2776 2656 2831 2708 in
2860 2656 2968 2711 illis
2998 2658 3327 2728 generalibus
3365 2676 3467 2715 non
3499 2660 3773 2718 invenian-

2177 2748 2278 2806 tur,
2318 2741 2451 2810 ﬁdes
2475 2744 2545 2797 sit
2588 2744 2664 2798 eis
2711 2746 3007 2801 adhibenda
3047 2748 3298 2819 religione
3339 2749 3533 2810 debita.
3563 2751 3771 2819 Quibus

2174 2833 2354 2888 verbis
2378 2832 2671 2891 discrimen
2704 2837 2989 2907 utriusque
3028 2839 3365 2897 collectionis
3394 2855 3502 2913 qua
3546 2856 3639 2899 usa
3680 2850 3773 2900 est

2175 2922 2417 2980 Ecclesia
2464 2923 2767 2994 Gallicana,
2813 2940 3001 3000 aperte
3039 2931 3362 2988 ostenditur.
3409 2933 3541 2989 Illud
3599 2934 3769 2991 etiam

2173 3016 2376 3071 indicat
2401 3018 2687 3073 concilimn
2711 3019 3039 3088 Vasense-tt,
3070 3036 3215 3078 anno
3243 3022 3347 3080 529
3375 3025 3639 3093 habitum,
3669 3036 3770 3081 ca-

2173 3123 2318 3163 none
2345 3111 2521 3179 primo
2546 3128 2560 3165 :
2588 3109 2657 3165 Et
2674 3114 2904 3185 quamvis
2922 3117 3096 3168 omnia
3117 3132 3231 3185 qua:
3251 3131 3282 3170 a
3306 3117 3498 3171 sanctis
3518 3118 3771 3176 sacerdo-

477 3209 572 3251 sns
592 3193 935 3248 Hiucmarum
961 3191 1369 3247 Laudunensem
1390 3192 1722 3262 episcopum,
1746 3192 1837 3247 ubi
1862 3188 1932 3247 de
1955 3206 2070 3246 sen-

2174 3200 2309 3254 tibus
2338 3200 2415 3255 usl
2440 3202 2642 3256 clericis
2685 3203 2949 3259 obseruari
2974 3205 3211 3273 debeant,
3241 3216 3291 3260 et
3328 3208 3526 3279 antiqui
3567 3216 3619 3261 et
3662 3222 3772 3265 no-

480 3284 665 3340 tentiis
693 3299 757 3337 ex
778 3283 982 3338 Grmcis
1009 3290 1064 3336 et
1094 3281 1297 3338 Latinis
1326 3280 1625 3340 canonibus
1645 3290 1806 3353 atque
1830 3280 2069 3353 synodis,

476 3374 813 3443 decretisque
835 3372 1149 3442 pontiﬁcum
1178 3373 1245 3427 ab
1276 3371 1548 3427 Hadriano
1575 3373 1846 3440 collectis,
1877 3382 1932 3428 et
1960 3372 2070 3428 En-

475 3465 757 3532 gelramno
795 3463 1051 3536 episcopo
1080 3463 1219 3517 datis
1258 3462 1486 3534 loquens
1513 3480 1528 3516 :
1559 3461 1638 3517 De
1665 3462 1793 3527 illis,
1854 3463 2067 3532 inquit,

471 3556 751 3617 sententiis
770 3556 927 3626 plena
966 3556 1044 3610 est
1076 3564 1215 3609 terra
1236 3555 1339 3608 ista
1363 3592 1377 3618 ,
1407 3556 1539 3609 sicut
1564 3562 1615 3608 et
1642 3552 1707 3608 de
1728 3553 1860 3609 libro
1884 3554 2071 3609 collec-

476 3658 650 3703 tarum
697 3645 1034 3716 epistolarum
1077 3644 1144 3699 ab
1210 3644 1440 3715 Isidoro,
1492 3658 1644 3719 quem
1689 3648 1754 3698 de
1808 3642 2071 3716 Hispania

473 3736 694 3793 allatum
723 3734 1006 3811 Riculpltus
1027 3735 1364 3808 Mognminus
1378 3738 1646 3807 episcopus
1667 3737 1722 3791 in
1749 3736 2066 3807 hujusmo‘di,

471 3830 609 3885 sicut
631 3829 688 3883 in
707 3829 948 3899 capitulis
970 3829 1087 3898 regi
1108 3845 1133 3881 s
1161 3830 1415 3892 curiosus,
1450 3828 1672 3881 obtinuit
1693 3866 1709 3893 ,
1740 3839 1790 3881 et
1819 3829 1950 3882 istas
1978 3842 2068 3884 rc-

471 3921 651 3996 giana
687 3919 755 3974 de
789 3919 883 3973 illo
925 3919 1114 3988 repleri
1160 3919 1301 3988 fecit.
1347 3917 1493 3971 Vislt
1535 3926 1720 3973 autem
1770 3916 2069 3987 Riculpbns

474 4019 723 4080 tempore
761 4009 940 4064 Caroli
972 4008 1147 4077 Magni
1172 4048 1186 4075 ,
1234 4018 1294 4064 et
1316 4009 1553 4067 colicilio
1580 4008 1896 4080 legumina
1923 4025 2067 4067 anno

472 4095 577 4156 815
606 4099 879 4154 celebrato
902 4100 1135 4169 prmisit.

542 4190 742 4248 [tabuit
767 4192 931 4246 etiam
961 4190 1201 4247 Ecl-lesia
1230 4189 1527 4260 Gallicana,
1567 4202 1767 4264 praeter
1800 4195 2058 4253 codicem

470 4284 850 4352 universalem,
880 4284 1167 4359 quamdam
1193 4300 1409 4343 suarum
1438 4288 1769 4357 synodorum
1795 4288 2068 4344 collectio-

471 4396 617 4446 nem,
640 4380 1041 4436 Gallicanorum
1071 4395 1335 4436 canonum
1358 4381 1578 4437 nomine
1603 4391 1899 4451 receptam,
1927 4396 2063 4452 quo-

470 4489 593 4529 rum
642 4473 888 4527 meminit
926 4472 1211 4529 llormisda
1260 4487 1396 4542 papa
1440 4473 1579 4542 apud
1618 4471 1933 4527 Gratianum
1977 4473 2063 4531 his

2172 3291 2291 3345 uelli
2344 3308 2570 3347 canones
2615 3294 2879 3349 continere
2931 3296 3248 3365 probentur,
3299 3305 3403 3354 etc.
3455 3298 3569 3354 lloc
3616 3301 3773 3357 enirn

2171 3394 2403 3451 canone,
2434 3391 2495 3435 ut
2523 3385 2807 3454 etpassim
2840 3387 2890 3440 in
2914 3386 3157 3442 conciliis
3186 3386 3390 3452 Gallia),
3417 3390 3771 3460 antiquorum

2170 3484 2441 3527 canonum
2467 3474 2710 3542 nomine,
2757 3474 3011 3531 Codicem
3036 3475 3316 3532 Canonnm
3348 3476 3601 3534 Ecelesim
3642 3482 3775 3536 uni-

2170 3575 2343 3617 versa
2392 3562 2682 3633 signiﬁcari
2716 3563 2942 3619 dubium
2984 3581 3092 3620 non
3148 3574 3253 3621 est.
3302 3567 3531 3636 Addam,
3576 3567 3774 3627 Gallos

2169 3660 2298 3709 ante
2329 3654 2711 3726 Dionysianam
2750 3653 3126 3711 collectionem
3158 3670 3190 3709 a
3218 3654 3418 3710 Carolo
3460 3656 3654 3726 Magno
3686 3670 3776 3714 re-

2168 3751 2402 3812 ceptam,
2434 3743 2697 3797 Africanis
2723 3743 3022 3799 canonibus
3041 3744 3119 3801 uti
3145 3745 3350 3800 solitos.
3369 3746 3553 3809 fuisse,
3578 3754 3638 3802 ut
3679 3746 3776 3805 in-

2162 3832 2315 3888 dicat
2333 3832 2620 3888 concilium
2644 3831 3108 3899 Matisconensen,
3122 3848 3267 3890 sano
3279 3834 3387 3891 588
3405 3836 3771 3905 celebratum,

2166 3939 2377 3979 canone
2395 3924 2429 3977 6
2457 3923 2614 3980 :Jam
2640 3923 2776 3978 enim
2804 3923 2869 3978 de
2898 3924 2990 3977 tali
3014 3939 3192 3987 causa,
3222 3932 3274 3978 et
3292 3926 3344 3979 in
3364 3927 3603 3981 conciliis
3615 3928 3777 3998 Afri-

2162 4015 2313 4069 canis
2339 4014 2611 4085 deﬁnitum
2629 4025 2724 4069 est.
2759 4012 2930 4080 Quam
2956 4015 3317 4085 deﬁnitionem
3345 4028 3522 4072 nostra
3563 4035 3775 4091 quoque

2166 4106 2379 4174 dignam
2401 4105 2640 4159 duximus
2661 4106 2862 4159 sociare
2883 4105 3107 4170 decreto,
3139 4116 3189 4159 et
3214 4107 3463 4172 allocare,
3492 4118 3550 4160 ut
3576 4124 3775 4162 sacra-

2162 4205 2341 4250 menta
2380 4195 2566 4249 altaris
2594 4196 2802 4250 nonnisi
2828 4212 2861 4248 a
2883 4196 3080 4266 jejunis
3104 4194 3441 4250 celebrentur.
3465 4195 3777 4255 Nonnullas

2163 4287 2325 4342 etiam
2356 4287 2615 4356 epistolas
2655 4286 2970 4357 pontiﬁcum
3029 4286 3189 4341 Rom.
3236 4303 3337 4343 suo
3388 4289 3559 4344 codici
3610 4290 3777 4346 inse-

2163 4378 2336 4433 ruisse
2383 4385 2608 4432 testatur
2632 4376 2918 4433 concilium
2949 4377 3272 4446 Agatliense,
3322 4393 3446 4433 can.
3474 4379 3547 4434 9:
3574 4380 3777 4436 Sis-itii

2159 4468 2387 4539 episcopi
2414 4467 2717 4533 auctoritas,
2740 4482 2857 4540 quc
2880 4478 2957 4522 est
2983 4469 3063 4521 his
3080 4468 3377 4523 ’canonibus
3397 4471 3615 4537 inserta,
3644 4482 3772 4525 sur-

469 4563 689 4619 vcrbis:
720 4562 1015 4617 Secundum
1034 4561 1212 4615 titulos
1239 4562 1569 4633 antiquarum
1598 4559 1840 4622 Patrum.
1873 4574 2055 4619 sancto
2088 4566 2138 4627 υ
2163 4568 2324 4614 retur.
2362 4558 2517 4627 Quod
2552 4558 2895 4628 desuniptum
2940 4566 3026 4613 est
3073 4574 3140 4613 ex
3187 4559 3364 4615 Siricii
3410 4560 3637 4630 epistola
3689 4562 3774 4617 ad

466 4653 673 4723 Spiritu
702 4664 1003 4724 suggerente
1019 4654 1359 4724 conscriptas,
1389 4661 1438 4708 et
1466 4654 1745 4712 secundum
1773 4658 2055 4711 sententias

467 4743 577 4801 518
603 4745 960 4814 episcoporum
1006 4745 1135 4813 (hoc
1174 4751 1259 4798 est
1304 4743 1551 4800 Nicmnos
1592 4755 1878 4817 canones),
1928 4762 2055 4817 quas

465 4835 627 4890 etiam
649 4833 910 4887 Gallicani
939 4848 1176 4888 canones
1195 4834 1458 4889 continere
1497 4836 1753 4903 sidentur,
1784 4837 1962 4891 clerici
1994 4838 2056 4892 in

464 4924 723 4983 adulterio
746 4924 1073 4994 deprehensi,
1120 4934 1212 4978 aut
1250 4926 1350 4993 ipsi
1395 4928 1640 4997 confessi,
1681 4936 1774 4981 aut
1819 4927 1884 4982 ab
1934 4928 2055 4983 aliis

464 5015 713 5081 coiwicti,
742 5014 811 5068 ad
839 5014 1083 5069 honorem
1111 5013 1281 5067 redire
1309 5029 1413 5068 non
1433 5025 1648 5083 possunt
1672 5015 1826 5086 (Con.
1856 5014 1913 5072 Si
1934 5018 2055 5086 quis

466 5108 746 5173 diaconus,
778 5104 870 5173 50,
896 5106 1174 5175 distinct.).
1222 5104 1398 5174 Atque
1437 5105 1625 5160 horum
1655 5105 2057 5163 Gallicanam

465 5212 731 5253 canonum
766 5195 1031 5266 Hispanos
1058 5196 1333 5251 studiosos
1362 5195 1544 5259 fuisse,
1587 5197 1911 5268 illorumque
1952 5216 2053 5255 au-

464 5293 772 5348 ctoritatem
802 5289 1131 5360 sequendam
1159 5304 1303 5359 saepe
1331 5289 1431 5345 sibi
1464 5290 1813 5360 proposuisse
1853 5291 2058 5347 indicat

464 5382 754 5439 concilium
788 5379 1194 5447 Tarraconense
1224 5389 1469 5449 tempore
1490 5378 1730 5448 ejusdem
1761 5379 2056 5436 Hormisdze

462 5486 607 5528 anno
627 5470 728 5525 5l7
753 5470 1102 5533 celebratum,
1133 5484 1253 5527 can.
1281 5469 1369 5537 ll,
1397 5469 1466 5524 Ut
1490 5470 1661 5528 nullus
1682 5472 2050 5526 monachorum

465 5566 688 5636 forensis
714 5562 906 5635 negotii
934 5571 1196 5632 susceptor
1220 5563 1296 5616 uel
1322 5572 1593 5617 exsecutor
1620 5565 1833 5627 existat,
1866 5566 1966 5619 nisi
1990 5565 2049 5619 id

463 5655 599 5727 quod
625 5655 924 5708 monasterii
944 5655 1183 5725 exposuit
1209 5656 1429 5717 utilitas,
1459 5652 1641 5707 abbate
1662 5652 1759 5707 sibi
1790 5653 2047 5709 nihilomi-

463 5760 561 5797 nus
588 5746 888 5810 imperante,
929 5756 1194 5799 canonum
1241 5754 1360 5796 ante
1393 5742 1569 5795 omnia
1620 5740 2041 5811 Gallicanorum,

461 5837 529 5893 de
553 5838 626 5891 eis
647 5839 1006 5891 constitutione
1023 5844 1250 5891 servata.
1272 5834 1339 5889 Et
1358 5833 1627 5890 Ilerdense
1649 5831 1820 5907 (521),
1841 5849 1962 5891 can.
1986 5837 2041 5905 5;

2164 4648 2461 4706 “inperium
2515 4648 2998 4714 Tarraconensetn,
3028 4664 3190 4720 quem
3231 4658 3423 4720 postea
3470 4649 3780 4722 Dionysius

2162 4739 2396 4809 Exiguus
2434 4755 2546 4796 sua:
2587 4740 2931 4796 decretorum
2959 4739 3274 4810 pontiﬁcum
3315 4740 3627 4798 collectioni
3667 4742 3776 4803 in-

2120 4860 2125 4861 ί
2158 4834 2347 4888 seruit.
3556 4860 3559 4865 ~

2232 4925 2368 4980 Sunt
2392 4932 2449 4981 et
2476 4918 2593 4982 alia:
2616 4923 2862 4992 qutcdam
2887 4920 3178 4978 Gallicanae
3203 4922 3572 4989 adiectiones,
3597 4924 3777 4994 capi-

2162 5017 2272 5072 tula
2318 5017 2570 5071 videlicet
2611 5015 2975 5071 ecclesiastica
3023 5012 3204 5069 Caroli
3245 5014 3444 5083 Magni,
3494 5015 3771 5072 Ludovici

2162 5104 2262 5171 Pii,
2295 5115 2347 5161 et
2374 5104 2614 5159 Lotlmrii
2648 5105 2812 5172 itnpp.
2847 5103 2915 5157 ab
2943 5102 3202 5171 Ansegiso
3232 5113 3288 5157 et
3329 5104 3621 5160 Batedicto
3645 5104 3775 5160 Le—

2162 5198 2268 5251 vita
2295 5197 2543 5260 collecta,
2566 5204 2727 5264 atque
2756 5194 2935 5248 omnia
2964 5209 3102 5264 pene
3126 5210 3191 5249 ex
3230 5194 3430 5251 Codice
3465 5198 3655 5251 Canon
3690 5213 3770 5253 rem

2160 5288 2412 5345 Ecclesia:
2441 5287 2714 5349 llonianm,
2743 5294 2799 5339 et
2838 5284 3026 5341 lsiduri
3069 5284 3383 5341 Met'catoris
3425 5287 3772 5341 collectione.

2157 5379 2460 5448 desumpta,
2494 5392 2611 5445 nunc
2651 5377 2704 5430 in
2731 5375 2963 5433 concilio
3010 5375 3267 5432 διειδεηεὶ
3316 5377 3587 5433 observari
3638 5379 3775 5448 pla-

2153 5473 2270 5527 cuit
2303 5486 2424 5525 can.
2456 5468 2564 5525 78:
2616 5467 2685 5524 Ut
2714 5467 2942 5537 capitula
2990 5468 3339 5523 ecclesiastica
3375 5484 3409 5521 α
3439 5468 3507 5522 D.
3552 5468 3769 5528 Carolo

2154 5561 2351 5633 Magno
2363 5563 2512 5631 imp.,
2527 5575 2616 5614 nec
2632 5575 2735 5613 non
2754 5575 2788 5612 α
2806 5558 2872 5613 D.
2888 5558 3145 5615 Ludovico
3161 5557 3260 5614 Pio
3272 5561 3403 5632 Aug.
3417 5560 3693 5632 promulga
3705 5574 3773 5620 ta

2142 5652 2606 5710 obniceabservari
2619 5653 3003 5723 prmcipitmtar,
3016 5654 3149 5705 sicut
3162 5663 3211 5705 et
3220 5652 3409 5723 legalia
3420 5652 3774 5713 obseruanda

2152 5762 2264 5802 csse
2309 5752 2609 5800 noscantur.
2652 5742 2707 5797 In
2749 5743 2943 5814 quibus
2990 5742 3237 5811 capitulis
3283 5744 3481 5812 paSsim
3505 5744 3579 5798 cit
3615 5754 3775 5803 ηῐιειι

2150 5849 2388 5894 canones
2409 5842 2461 5891 et
2487 5834 2701 5892 decreta
2730 5832 3043 5903 ponti-(lcum
3082 5847 3201 5901 qua:
3231 5832 3285 5887 in
3315 5834 3504 5890 codice
3532 5832 3768 5895 Roma-
