3946 6336
473 341 549 399 ss
1001 294 1008 303 ’
1731 337 2091 401 DlONYSlUS
2126 336 2451 401 annuus.
3094 338 3101 347 '
3673 324 3747 381 ιο

472 453 741 512 Mercator
757 452 972 512 concilii
998 451 1243 512 Toletani
1265 470 1317 510 xt
1340 448 1491 526 (615)
1510 453 1775 520 meminit,
1807 454 2058 526 illiusque
2084 467 2133 524 Α
2158 464 2210 509 et
2247 471 2313 509 ea:
2338 452 2516 508 eodem
2544 448 2676 507 libro
2703 449 2877 505 decent
2905 445 3156 520 capitula,
3177 462 3293 521 qua
3318 458 3412 519 per
3448 445 3565 506 loca
3588 454 3747 503 noto-

473 545 727 601 colloctio
748 562 779 601 a
797 546 1095 603 canonibus
1122 545 1495 616 apostolorum
1522 545 1862 615 protenditur
1891 561 2064 615 usque

471 637 540 692 ad
563 639 850 695 concilium
877 638 1197 694 Toletanum
1225 655 1319 694 xu.
1364 638 1498 696 lluic
1515 641 1686 696 etiam
1715 641 1903 697 inserti
1933 650 2064 697 sunt

470 741 712 783 canones
760 728 829 782 ab
882 727 1484 799 Hadrianolpontiiice
1529 729 1768 797 collecti,
1802 739 1859 785 et
1884 729 2060 799 lnge!-

471 835 663 874 ramno
693 818 1111 877 Mediomatric'n
1131 821 1279 877 urbis
1299 808 1556 891 episcopo
1585 821 1791 876 traditi.
1828 819 1977 877 Unde
1999 821 2066 875 li-

471 917 602 978 quet
628 910 769 965 hanc
793 910 1170 967 collectionem
1214 927 1323 967 non
1367 926 1488 967 esse
1514 912 1703 968 lsidori
1732 912 2065 983 llispalensis

472 999 741 1070 episcOpi,
771 1008 827 1052 ut
849 1000 998 1055 multi
1027 1002 1244 1057 nomine
1261 1003 1484 1072 decepti
1493 1018 1774 1074 perperam
1793 1011 1922 1060 sunt
1948 1004 2067 1074 opi-

475 1091 614 1156 nati,
665 1093 761 1147 sed
792 1093 934 1147 illius
960 1092 1149 1148 lsidori
1187 1102 1548 1163 cognomento
1589 1094 1923 1152 Mercatoris.
1966 1093 2066 1150 lsi-

475 1183 640 1237 dorus
670 1182 812 1236 enim
850 1182 1201 1253 llispalensis,
1231 1192 1288 1239 ut
1320 1191 1590 1241 testantur
1619 1183 1892 1255 llispauici
1933 1185 2067 1242 scri-

476 1279 680 1339 ptores,
714 1279 958 1327 mortuus
986 1280 1071 1327 est
1096 1288 1239 1329 anno
1264 1271 1388 1328 635.
1431 1272 1509 1328 Ex
1538 1275 1909 1345 superioribus
1936 1290 2065 1331 vero

476 1369 691 1416 constat
744 1361 1005 1418 lsidorum
1053 1362 1408 1419 Mercatorem
1448 1365 1644 1420 vixisse
1687 1364 1831 1421 circa
1882 1364 2065 1420 Caroli

477 1453 653 1525 Magni
675 1466 730 1511 et
758 1456 1009 1513 Hadriani
1038 1458 1057 1514 Ι
1082 1459 1347 1529 pontilicis
1372 1468 1632 1528 tempora,
1657 1473 1883 1527 quorum
1905 1465 2067 1513 aetate

478 1546 624 1603 illius
650 1548 902 1605 collectio
959 1550 1011 1604 in
1038 1549 1209 1604 Gallia
1241 1550 1471 1620 primum
1516 1550 1857 1605 innotescere
1879 1549 2061 1619 cmpit,

477 1654 598 1708 qua:
625 1647 779 1699 aucta
826 1640 1117 1696 multorum
1156 1656 1423 1696 canonum
1454 1642 1763 1697 accessione
1786 1641 1837 1695 in
1867 1656 2064 1696 nomen

479 1729 610 1786 illud
640 1732 886 1801 transiit,
938 1740 995 1788 ut
1021 1733 1184 1788 etiam
1224 1732 1388 1789 Lmen
1430 1750 1527 1788 seu
1573 1732 1783 1789 Conpus
1805 1731 2065 1790 Canonum

478 1822 786 1888 diceretur;
817 1824 896 1878 sic
924 1824 1067 1879 enim
1114 1824 1277 1879 habet
1330 1824 1472 1880 illius
1516 1823 1796 1893 inscriptio
1843 1823 1897 1879 in
1944 1839 2067 1878 meo

2166 561 2357 608 ueram,
2373 544 2494 615 quia
2515 541 2663 598 nobis
2689 542 2916 597 maxime
2940 541 3238 595 necessaria
3258 538 3504 607 sciebam,
3531 538 3635 594 illis
3650 552 3748 595 co-

2164 652 2279 691 ram
2301 635 2524 691 ostendi.
2546 633 2676 701 Quae
2701 632 2917 701 quidem
2941 632 3174 702 capitula
3202 631 3319 701 ipse
3343 630 3486 686 Beda
3513 629 3747 699 subjicit.

2165 727 2270 784 Sed
2293 734 2347 782 et
2366 726 2692 783 vetustiores
2712 733 2769 780 et
2788 725 3119 781 recentiores
3139 722 3469 794 synodorum
3493 720 3750 779 Ecclesiae

2168 818 2490 874 Britannica:
2516 831 2757 872 canones
2784 823 3005 873 exstant
3044 815 3361 871 ineditioue
3384 812 3751 871 Conciliorunt

2167 909 2369 979 Anglia:
2393 908 2458 963 ll.
2490 907 2805 979 Spelmsnni
2835 906 2931 963 viri
2969 905 3274 970 clarissimi,
3304 920 3377 962 ex
3410 906 3605 976 quibus
3630 905 3752 976 pla-

2166 1018 2295 1057 num
2332 1010 2416 1058 est
2443 999 2644 1056 Gratcis
2684 999 3001 1066 canonibus,
3032 997 3330 1067 Africanis,
3382 1006 3440 1054 et
3464 996 3754 1056 Gallicanis

2168 1091 2368 1160 Anglos
2392 1106 2521 1147 usos
2547 1090 2731 1146 fuisse.

2237 1182 2377 1237 Sunt
2414 1191 2471 1238 et
2513 1182 2635 1237 alite
2679 1180 2885 1237 Latium
2912 1182 3266 1239 collectiones
3292 1199 3584 1250 canonum,
3615 1184 3755 1240 Bur-

2168 1273 2353 1329 chardi
2404 1273 2609 1329 scilicet
2660 1273 3072 1329 Wormatiensis
3118 1274 3358 1344 episcopi
3384 1316 3401 1341 ,
3477 1283 3534 1330 et
3577 1273 3758 1331 lvonis

2168 1364 2540 1432 Carnotensis,
2566 1381 2686 1435 qum
2716 1366 2817 1421 sub
2846 1366 3003 1421 titulo
3029 1365 3382 1422 Decretorum
3426 1366 3583 1422 editae
3605 1376 3754 1423 sunt.

2170 1454 2411 1525 Denique
2436 1454 2724 1511 Gratianus
2768 1454 3124 1511 Bononiensis
3166 1457 3483 1524 monachus,
3514 1458 3756 1513 omnium

2138 1584 2141 1585 ν
2168 1544 2533 1601 Collectorum
2560 1560 2829 1602 canonum
2858 1546 3201 1612 novissimus,
3232 1546 3334 1602 sub
3373 1546 3688 1603 Innocentio
3712 1546 3758 1602 ll

2169 1653 2309 1708 papa
2351 1637 2627 1693 decretum
2681 1639 2989 1707 composuit
3021 1653 3092 1694 ex
3136 1638 3339 1695 Gmcis
3386 1648 3443 1695 et
3471 1640 3751 1707 Africanis,

2171 1729 2395 1797 aliisque
2422 1728 2735 1794 canonibus,
2766 1737 2823 1783 et
2857 1727 3090 1784 decretis
3137 1728 3443 1798 pontiﬁcum
3473 1730 3629 1787 Rom.
3660 1747 3758 1787 vc-

2174 1825 2458 1887 tcrumque
2475 1815 2693 1872 Patrum
2718 1818 3003 1872 sententiis
3022 1818 3304 1873 collectum
3327 1818 3491 1891 (quod
3513 1821 3757 1877 absolute

480 1912 669 1967 codice
707 1927 843 1967 ms:
892 1911 1085 1984 Incipit
1121 1913 1251 1969 liber
1286 1916 1374 1985 qui
1414 1914 1708 1986 appellatur
1734 1913 1947 1970 Conrus
1972 1929 2067 1970 ω-

2179 1906 2255 1974 ius
2279 1907 2599 1962 canonicum
2627 1908 2743 1962 sive
2766 1906 3099 1977 pontiﬁcium
3145 1908 3534 1978 nuncupatur),
3564 1910 3629 1964 ab
3650 1908 3756 1966 Ec-

481 2016 679 2057 NONUM.

2170 1998 2338 2054 clesia
2391 1996 2634 2053 Romana
2681 1999 2966 2069 probatum
3013 2006 3069 2053 et
3113 1996 3489 2054 confirmatum
3514 2040 3530 2065 ,
3600 2000 3760 2068 cujus

558 2092 633 2147 De
661 2090 859 2149 Codice
886 2092 1165 2150 Canonum
1196 2093 1448 2153 Ecclesia:
1486 2095 1803 2152 Britannica:
1828 2111 1925 2153 seu
1954 2095 2069 2151 An-

2179 2086 2289 2154 iure
2330 2103 2520 2144 omnes
2568 2086 2951 2146 controversiae
2993 2085 3371 2143 ecclesiastica:
3408 2088 3570 2145 hodie
3608 2089 3760 2159 judi-

478 2181 702 2251 glicana:
726 2185 1027 2239 testimonia
1058 2186 1300 2254 quaedam
1323 2192 1537 2241 exstant
1574 2186 1714 2257 apud
1754 2202 1933 2242 rerum
1954 2186 2074 2243 Bri-

481 2274 818 2328 tannicarum
869 2276 1180 2346 scriptores.
1236 2276 1483 2346 Legimus
1531 2278 1676 2333 enim
1724 2275 2069 2333 Theodorum

479 2364 953 2434 archiepiscopum
1002 2366 1447 2422 Cantuariensem
1516 2367 1710 2423 librum
1757 2367 2069 2437 scripsisse,

480 2452 572 2520 qui
602 2450 823 2507 ΡΑτιιωι
852 2453 1097 2511 ϐλκοηεε
1128 2454 1443 2523 vocabatur,
1476 2455 1528 2510 in
1558 2456 1789 2512 concilio
1814 2456 2071 2513 llercl'or—

481 2540 653 2596 diensi
685 2540 835 2611 (673)
869 2543 1177 2612 probatum,
1211 2551 1271 2596 ut
1309 2543 1451 2599 illius
1482 2552 1603 2600 acta
1636 2553 1902 2602 testantur
1930 2546 2072 2617 apud

482 2631 707 2701 Bedatn,
738 2632 887 2688 Anna
911 2633 1083 2698 tertio,
1114 2633 1305 2703 inqoit,
1336 2633 1575 2706 Ecgfridi
1596 2636 1750 2706 regis,
1777 2635 2073 2691 Theodorus

481 2725 619 2794 cogit
641 2725 917 2779 concilium
944 2724 1319 2794 episcoporum,
1343 2741 1446 2779 una
1476 2742 1587 2780 cum
1610 2727 1683 2781 eis
1711 2728 1797 2796 qui
1822 2726 2073 2782 canonica

483 2812 703 2870 Patrum
753 2826 949 2869 statuta
1003 2815 1283 2887 deligerent
1321 2826 1372 2869 et
1400 2826 1630 2872 nossent.
1667 2816 1732 2871 Et
1761 2818 1923 2889 paulo
1950 2826 2075 2888 post

452 2910 455 2911 ⁷
484 2906 651 2977 ipsius
672 2903 941 2961 Theodori
964 2906 1125 2961 verba
1149 2904 1408 2974 referens,
1425 2909 1517 2977 qui
1545 2906 1670 2962 huic
1685 2909 1916 2964 concilio
1936 2923 2074 2980 pra:-

485 2992 586 3050 fuit
615 3013 630 3050 :
678 2994 847 3066 Rogo,
878 2995 1196 3051 dilectissimi
1224 2999 1435 3068 fratres,
1460 3008 1515 3050 ut
1544 3013 1754 3069 quisque
1776 2998 1980 3052 decreta
2011 3015 2075 3054 ac

484 3082 701 3155 definita
721 3094 841 3138 sunt
860 3102 894 3139 a
912 3087 1106 3140 sanctis
1130 3085 1393 3153 Patribus,
1417 3088 1716 3160 incorrupta
1746 3090 1809 3142 ab
1838 3087 2073 3145 omnibus

483 3175 631 3233 nobis
658 3186 940 3231 terrentur.
962 3174 1154 3231 Omnes
1171 3178 1572 3233 consacerdotes
1601 3181 1763 3234 nostri
1794 3180 2071 3257 dixerunt:

486 3264 694 3337 Optime
720 3265 955 3320 euntibus
983 3269 1171 3337 placet,
1194 3283 1405 3339 q-«que
1434 3268 1745 3339 deﬁnierunt
1777 3280 2072 3325 sanctorum

483 3371 710 3409 canones
731 3354 969 3418 Patrum,
994 3373 1087 3411 nos
1113 3374 1310 3430 quoque
1336 3374 1514 3412 omnes
1533 3359 1698 3413 alacri
1728 3361 1901 3414 animo
1922 3360 2081 3415 liben-

486 3447 681 3500 tissime
698 3462 922 3501 servare.
941 3444 1136 3512 Quibus
1158 3449 1334 3501 statim
1361 3448 1556 3521 protuli
1576 3447 1764 3502 librum
1787 3448 2077 3515 Canonum,

2171 2184 2383 2233 cantur.

2245 2269 2422 2337 Atque
2470 2268 2586 2325 hinc
2612 2268 2756 2325 dicta
2783 2267 2892 2323 sint
2918 2266 2987 2323 de
3029 2267 3201 2325 veteri
3247 2265 3451 2325 Codice
3475 2266 3762 2326 Canonum

2174 2357 2428 2413 Ecclesia:
2454 2358 2739 2422 universae,
2771 2356 2995 2426 ejusque
3022 2356 3433 2414 conﬁrmatione
3476 2367 3532 2413 et
3568 2368 3763 2414 aucto-

2175 2449 2354 2512 ritate,
2382 2447 2628 2518 jurisque
2678 2448 2923 2503 canonici
2965 2448 3173 2517 origine
3216 2458 3272 2503 et
3307 2462 3612 2519 progressu,
3644 2459 3764 2506 tam

2176 2536 2229 2590 in
2253 2536 2472 2593 Oriente
2513 2552 2677 2606 quam
2705 2536 2758 2591 in
2788 2534 3096 2604 Occidente,
3123 2535 3430 2607 Graecisque
3464 2554 3531 2593 ac
3555 2536 3768 2596 Latinis

2176 2628 2403 2684 vetustis
2432 2636 2488 2684 et
2543 2629 2936 2686 recentioribus
2974 2644 3244 2686 canonum
3296 2631 3675 2709 collectoribus
3700 2640 3773 2689 es

2175 2721 2732 2792 interpretationibus.
2784 2720 2923 2789 Quid
2953 2730 3133 2778 autem
3164 2722 3218 2777 in
3245 2721 3405 2792 hujus
3433 2724 3613 2794 cperis
3637 2724 3770 2781 edi-

2176 2811 2325 2866 tione
2354 2810 2780 2880 prznstitcrimus,
2803 2825 2891 2867 res
2918 2810 3034 2881 ipsa
3062 2811 3371 2882 patefaciet.
3390 2810 3530 2867 Sane
3550 2820 3772 2879 textum

2173 2900 2416 2958 Grzncum
2440 2918 2735 2972 canonum,
2756 2917 2825 2959 ex
2851 2902 2997 2959 edito
3026 2903 3212 2960 codice
3238 2902 3396 2959 Joan.
3445 2902 3588 2971 Tilii,
3617 2904 3773 2961 bona

2176 2984 2280 3051 lide
2307 2995 2691 3065 exscripsimus
2716 3011 2732 3061 ;
2761 3002 2820 3050 et
2857 2995 2983 3064 quia
3015 2995 3199 3051 multis
3221 2994 3277 3050 in
3315 2994 3448 3051 locis
3470 2994 3774 3052 mendosus

2174 3092 2315 3155 erat,
2344 3084 2555 3141 collatis
2582 3084 2828 3155 plurimis
2849 3083 3157 3140 Gnecorum
3187 3098 3455 3140 canonum
3483 3084 3776 3154 exempla-

2176 3175 2326 3231 ribus
2346 3175 2504 3231 editis
2526 3183 2584 3232 et
2602 3190 2765 3231 manu
2787 3176 3038 3241 exaratis,
3062 3182 3317 3231 accurate
3335 3175 3771 3242 emendavimus,

2177 3267 2553 3336 variantesque
2567 3266 2827 3322 lectiones
2845 3266 3209 3337 ascripsimus,
3228 3281 3295 3321 se
3309 3265 3500 3322 Latina
3523 3267 3773 3340 Dionysii

2150 3416 2157 3419 _
2182 3357 2373 3428 Exigui
2404 3357 2851 3428 interpretatione
2870 3358 3091 3413 omnino
3118 3356 3233 3413 fere
3260 3358 3338 3412 usi
3366 3374 3583 3426 sumus;
3606 3368 3778 3417 unus

2181 3450 2413 3518 denique
2434 3457 2490 3504 et
2514 3448 2921 3505 observationes
2947 3448 3209 3520 quasdam
3236 3449 3555 3520 adiecimus.

698 3716 1813 3883 CODEX
2007 3634 3577 3888 CANONUM

1327 3982 2052 4101 ECCLESUE
2135 3984 2933 4103 UNIVERSE.

1085 4263 1641 4373 CONCILII
1716 4263 2203 4372 NICIENI
2282 4265 3030 4373 (ECUMENICI
3110 4270 3152 4374 Ι

1570 4449 1934 4517 CANONES
1985 4452 2112 4514 xx
2155 4452 2175 4531 (
2220 4470 2329 4515 an.
2372 4454 2521 4518 Chr.
2565 4454 2735 4535 325).

569 4684 635 4745 ά.
658 4683 821 4749 εἴτις
864 4688 913 4741 ἕν
949 4687 1084 4761 νόσῳ
1110 4687 1215 4743 ὑπὸ
1255 4689 1441 4764 ἰατρῶν
1489 4687 1885 4764 ἰχιιρουργήθη,
1915 4685 2079 4747 viti-ni

2253 4684 2367 4741 l.Si
2392 4686 2580 4756 quisin
2610 4687 2802 4743 morbo
2823 4702 2852 4742 a
2878 4684 3101 4742 medicis
3129 4687 3360 4753 excisus,
3385 4687 3802 4747 velabarbaris

495 4777 771 4852 βαρϐάρων
813 4777 1073 4847 ἐξιτμήθη.
1102 4774 1254 4837 οὗτος
1297 4781 1489 4848 μενέτω
1533 4779 1582 4831 ἐν
1620 4785 1693 4848 τῷ
1738 4778 1917 4852 κλήρῳ.
1947 4778 2002 4829 El
2029 4775 2085 4832 δέ

494 4885 573 4925 τις
616 4864 856 4936 ὑγιαίνων
903 4864 1084 4920 ἑαυτὸν
1119 4867 1365 4937 ἐξέτεμεν,
1399 4874 1577 4922 τοῦτον
1613 4869 1696 4920 καὶ
1738 4866 1790 4921 έν
1817 4871 1889 4937 τῷ
1920 4865 2083 4935 κλήρῳ

493 4957 846 5030 ἐξεταζόμενον
895 4960 1191 5013 πεπαῦσθαι
1232 4964 1512 5027 προσήκει,
1558 4964 1645 5014 καὶ
1690 4959 1746 5013 ἐκ
1802 4964 1892 5015 τοῦ
1936 4956 2088 5034 δεῦρο

497 5048 683 5120 μηδένα
703 5056 804 5104 τῶν
823 5051 1064 5105 τοιούτων
1083 5059 1274 5126 χρῆναι
1300 5051 1640 5127 προάγεσθαιο
1656 5052 1796 5106 ὥσπε
1801 5071 1831 5126 ρ
1852 5048 1905 5105 δὲ
1930 5056 2086 5107 τοῦτο

496 5137 763 5214 πρόδηλον,
798 5139 874 5194 ὅτι
919 5145 1039 5212 περί
1081 5149 1182 5197 τῶν
1223 5140 1614 5199 ἐπιτηδευόντων
1656 5143 1716 5195 τὸ
1753 5147 1974 5215 πρᾶγμα
2000 5144 2087 5197 καὶ

496 5233 793 5301 τολμώντων
817 5232 1031 5293 ἑαυτοὺς
1060 5234 1318 5303 inritum.
1348 5233 1565 5309 εἴρηται,
1582 5232 1744 5294 οὕτως
1770 5232 1819 5288 εἴ
1838 5255 1971 5295 τινες
1986 5233 2089 5288 ὑπό

500 5321 685 5394 βαρϐά,
709 5343 776 5374 ων
802 5322 831 5380 ἦ
858 5320 1120 5378 δεσποτῶν
1169 5325 1574 5394 εὐνουχίσθησαν
1605 5322 2088 5395 [ὠθουχισθέντις],

501 5414 809 5486 εὑρίσκοιντο
829 5410 989 5473 ἄλλως
1013 5409 1298 5481 (Egon-ret):
1327 5417 1588 5480 τοιούτους
1613 5416 1684 5475 εἰς
1707 5414 1883 5491 κλῆρον
1912 5433 1983 5488 πρ
1993 5433 2088 5469 οσ-

502 5509 543 5558 is
550 5526 633 5559 ται
660 5504 686 5559 ὁ
714 5507 894 5559 κανών.

572 5596 639 5662 β’.
665 5596 865 5656 Ἐπιιδή
910 5598 1068 5652 πολλὰ
1103 5598 1213 5658 ἤτοι
1250 5599 1353 5655 ὑπὸ
1389 5600 1609 5673 ἀνάγκης
1634 5598 1665 5659 ἦ
1690 5597 1850 5662 ἄλλως
1887 5600 2091 5672 intr/o-

504 5686 662 5754 μένων
686 5692 784 5739 τῶν
811 5689 1085 5763 ἀνθρώπων
1113 5692 1307 5761 ἐγένετο
1348 5691 1490 5766 ποιρά
1534 5692 1620 5745 τὸν
1654 5692 1839 5745 κανόνα
1878 5694 1965 5745 τὸν
2009 5693 2087 5745 ἕκ-

2188 4782 2436 4830 exsectus
2462 4783 2565 4842 est,
2596 4776 2641 4831 is
2671 4784 2883 4829 maneat
2912 4776 2966 4829 in
2996 4776 3160 4830 clero.
3185 4777 3242 4831 Si
3262 4778 3380 4846 quis
3402 4787 3580 4833 autem
3604 4796 3807 4838 sanus

2186 4864 2422 4933 seipsum
2452 4865 2697 4930 abscidit,
2728 4865 2904 4933 hunc,
2936 4867 3099 4921 etiam
3129 4867 3182 4922 in
3210 4868 3354 4923 clero
3394 4870 3800 4940 constitutum,

2188 4954 2459 5010 abstinere
2484 4956 2755 5023 convenit,
2786 4966 2842 5011 et
2860 4958 3113 5028 deinceps
3134 4957 3338 5013 nullum
3367 4958 3524 5013 talem
3555 4977 3810 5030 promo-

2189 5051 2304 5104 veri
2333 5058 2568 5120 oportet.
2616 5049 2767 5106 Sicut
2794 5058 2974 5105 autem
3001 5050 3105 5107 hoc
3136 5050 3473 5108 manil'estmn
3498 5062 3598 5118 est,
3629 5057 3815 5123 quod

2189 5140 2256 5196 de
2284 5141 2348 5195 iis
2375 5142 2464 5211 qui
2487 5139 2555 5195 de
2596 5140 2854 5195 industria
2886 5141 2989 5197 hoc
3026 5152 3209 5211 agunt,
3239 5124 3542 5213 audentque
3566 5148 3821 5217 seipsos

2189 5230 2526 5298 abscindere,
2553 5230 2752 5286 dictum
2782 5239 2899 5287 est:
2938 5233 3010 5287 ita
3041 5234 3087 5288 si
3107 5233 3197 5305 qui
3228 5235 3311 5289 vel
3336 5253 3363 5287 a
3397 5235 3667 5306 barbaris,
3698 5243 3824 5299 vel

2191 5334 2221 5374 a
2264 5318 2493 5375 dominis
2521 5320 2755 5375 eunuchi
2784 5319 2909 5376 facti
2948 5330 3090 5387 sunt,
3125 5331 3180 5379 et
3207 5324 3243 5378 ii
3283 5324 3481 5397 alioqui
3519 5326 3673 5397 digni
3705 5328 3828 5389 in-

2191 5409 2497 5480 veniantur,
2524 5412 2662 5468 tales
2684 5412 2735 5467 in
2758 5411 2961 5468 clerum
2987 5413 3221 5470 admittit
3248 5429 3444 5472 canon.

2257 5596 2322 5652 ll.
2352 5596 2618 5665 Quoniam
2664 5599 2831 5656 multa
2860 5601 2946 5657 vel
2976 5586 3331 5669 necessitate,
3364 5614 3456 5660 aut
3498 5606 3664 5663 aliter
3696 5626 3843 5668 eos

2187 5689 2437 5757 gentibus
2465 5689 2795 5755 hominibus,
2829 5691 2966 5747 facta
2994 5702 3119 5750 sunt
3160 5703 3360 5765 ιιι-αξιοι
3386 5712 3658 5753 canoncm
3694 5716 3841 5759 cc-

506 5774 882 5846 τιλωιαστιιιὸν,
908 5782 1040 5836 ὥστε
1088 5783 1381 5857 ἀνθρώπους
1426 5781 1531 5839 ἀπὸ
1569 5782 1757 5837 δθνικοῦ
1801 5782 1917 5855 βίον
1966 5778 2086 5858 ἄρτι

2185 5780 2567 5850 clesiasticutu,
2601 5781 2672 5838 ita
2706 5789 2763 5838 ut
2792 5782 3041 5840 homines
3063 5801 3095 5840 e
3120 5785 3307 5855 gentili
3338 5786 3445 5841 vita
3478 5802 3654 5859 nuper
3695 5805 3841 5847 ac-
