3946 6336
154 375 215 431 ιι
460 396 461 399 ~
1080 374 1304 431 cooex
1342 359 1669 430 cunnum
1716 358 2081 433 υΝιγΕιιεᾹε
2124 377 2498 437 secusne.
3358 370 3426 427 ﬂ

151 498 511 571 προσελθόντας
541 499 606 565 τῇ
634 492 828 555 πίστει,
854 494 935 542 καί
964 488 1013 541 ἔν
1040 486 1189 558 ὀλίγῳ
1222 482 1397 560 χρόνῳ
1426 488 1735 557 κατηχηθέν-

1848 488 2093 545 cedentes
2123 491 2191 545 ad
2218 488 2397 555 ﬁdem,
2422 500 2477 545 et
2516 490 2710 559 exiguo
2737 491 2982 564 tempore
3007 497 3222 564 eruditi,
3244 499 3424 554 statim

148 608 258 651 τις,
278 588 427 645 εὐθὺς
472 586 557 637 ἐπὶ
585 584 646 638 τό
684 581 1023 653 πνευματικὸν
1064 579 1273 652 λουτρὸν
1319 574 1481 649 ἄγειν,
1511 582 1591 631 καί
1630 578 1734 649 ἅμα

150 688 214 751 τῷ
244 678 581 735 ϐαπτισθῆναι
610 673 895 750 προσάγειν
925 674 995 732 εἰς
1024 673 1326 735 ἐπισκοπὴν,
1354 669 1385 728 ἦ
1414 672 1484 731 εἷς
1510 671 1738 744 πρεσϐυ-

146 776 357 843 τερεῖονο
385 767 550 827 καλῶς
598 763 768 829 ἔδοξεν
807 763 837 817 ἕ
841 783 956 834 χειν
995 768 1084 817 τοῦ
1122 761 1295 816 λοιποῦ
1334 759 1485 831 μηδὲν
1513 766 1736 815 τοιοῦτον

146 860 387 931 γίνεσθαι.
431 862 540 913 Καὶ
564 859 663 932 γάρ
693 860 780 911 καί
806 856 1004 930 χρόνου
1034 852 1113 909 δεῖ
1134 861 1207 926 τῷ
1230 854 1622 926 κατηχουμένῳ,
1653 856 1737 906 καί

145 955 265 1023 μετά
296 954 357 1007 τό
400 954 677 1022 βάπτισμα
711 946 1012 1020 δοκιμασίας
1059 945 1306 1005 πλείονος·
1358 948 1519 1016 σαφὲς
1546 945 1644 1019 γὰρ
1676 946 1735 999 τὸ

146 1044 479 1100 ἆποστολικὸν
508 1043 725 1118 γράμμα
768 1042 827 1094 τό
850 1039 1011 1108 λέγον,
1041 1053 1058 1085 ι
1090 1040 1168 1094 Μὴ
1195 1034 1247 1090 δέ
1274 1035 1533 1105 νεόφυτον,
1553 1036 1637 1087 ἵνα
1666 1039 1736 1105 μή

146 1138 389 1211 τυφωθεὶς
417 1140 489 1194 εἰς
512 1141 677 1207 κρῖμα
706 1132 905 1202 ἐμπέσῃ
950 1130 1034 1181 καί
1071 1124 1266 1198 παγίδα
1293 1131 1381 1179 τοῦ
1408 1122 1639 1179 διαϐόλου
1666 1141 1679 1176 :
1713 1144 1731 1175 ε

148 1228 194 1282 εί
221 1227 271 1283 δὲ
299 1226 570 1304 προιόντος
599 1229 693 1278 τοῦ
727 1221 916 1293 χρόνου
946 1218 1176 1289 ψυχικόν
1203 1239 1253 1271 τι
1285 1216 1564 1290 ἁμάρτημά
1594 1216 1736 1290 εὐρε-

146 1323 241 1378 θείη
272 1322 395 1396 περὶ
421 1322 479 1373 τὸ
509 1319 809 1391 πρόσωπον,
837 1317 923 1368 καί
970 1313 1235 1382 ἐλέγχοιτο
1272 1311 1374 1364 ὑπὸ
1412 1307 1502 1365 δύο
1529 1309 1559 1368 ἦ
1585 1316 1738 1383 τριῶν

146 1415 441 1489 μαρτύρων,
473 1409 757 1463 πεπαύσθω
791 1404 816 1459 ό
846 1410 1074 1463 τοιοῦτος
1104 1407 1195 1456 τοῦ
1223 1401 1426 1477 κλῆρον’
1460 1398 1485 1455 ό
1514 1397 1569 1454 δὲ
1597 1401 1739 1473 παρά

149 1509 305 1558 ταῦτα
330 1508 519 1564 ποιῶν,
547 1501 615 1559 ὡς
642 1497 923 1551 ὑπεναντία
949 1502 1011 1565 τῇ
1037 1493 1229 1566 μεγάλῃ
1265 1489 1462 1561 συνόδῳ
1495 1490 1741 1565 θρασυνό-

148 1616 329 1666 μενος,
370 1593 523 1653 αὐτὸς
573 1589 889 1646 κινδυνεύσει
934 1589 1054 1660 περὶ
1102 1587 1186 1642 τὸν
1235 1586 1413 1660 κλῆρον
1458 1582 1584 1654 [τοῦ
1626 1583 1741 1642 κλή-

348 1772 710 1848 ἀπηγόρευσεν
750 1770 965 1825 καθόλου
1013 1770 1043 1826 ἦ
1086 1768 1279 1840 μεγάλη
1331 1766 1575 1834 σύνοδος,
1615 1768 1737 1837 μήτε

1837 580 1904 635 ad
1932 580 2210 651 spirituale
2238 580 2511 637 lavacrum
2534 583 2820 651 ducantur,
2844 596 2900 641 et
2920 587 3079 642 simul
3107 597 3269 658 atque
3294 588 3426 659 bap-

1837 670 1983 725 tizati
2013 669 2227 738 fuerint,
2259 672 2326 727 ad
2354 672 2727 744 episcopatum
2755 676 2842 730 vel
2871 677 3266 749 presbyterium
3297 695 3427 750 pro-

1838 771 2192 830 moveantur;
2217 773 2363 820 recte
2383 764 2587 822 habere
2609 768 2782 822 visum
2806 777 2908 835 est,
2932 778 2993 824 ut
3008 770 3140 824 nihil
3168 771 3427 842 deinceps

1837 857 1946 912 tale
1975 856 2087 913 ﬁat.
2114 858 2246 913 Nam
2276 867 2331 915 et
2359 868 2602 931 tempore
2630 878 2767 932 opus
2808 873 2893 920 est
2922 868 3334 936 catechumeno,
3367 878 3426 925 et

1837 955 1961 1017 post
2005 948 2327 1019 baptismum
2355 952 2674 1021 probatione
2704 955 2945 1024 majore:
2981 966 3226 1027 apertum
3277 960 3420 1014 enim

1838 1043 1922 1090 est
1951 1037 2305 1105 apostolicum
2337 1039 2613 1109 scriptum,
2656 1041 2839 1099 dicens
2869 1062 2881 1096 :
2919 1043 3043 1100 Non
3086 1047 3419 1117 neophytum,

1838 1143 1903 1181 ne
1924 1129 2058 1199 forte
2084 1130 2295 1199 inﬂatus
2325 1132 2380 1184 in
2425 1131 2679 1201 judicium
2704 1135 2925 1200 incidat,
2968 1145 3017 1190 et
3047 1138 3285 1209 laqueum
3315 1140 3429 1192 dia-

1840 1219 1959 1275 boli.
1992 1222 2050 1277 Si
2078 1237 2208 1278 vero
2232 1224 2559 1295 procedente
2587 1234 2833 1297 tempore
2866 1229 3084 1298 aliquod
3113 1230 3275 1285 animi
3300 1247 3431 1300 pec-

1840 1322 2016 1369 catum
2047 1315 2351 1372 inveniatur
2378 1317 2433 1372 in
2454 1333 2518 1374 ea
2542 1334 2795 1388 persona,
2822 1329 2877 1375 et
2904 1321 3115 1378 duobus
3144 1323 3228 1377 vel
3262 1324 3430 1377 tribus

1840 1403 2068 1459 testibus
2088 1406 2456 1472 convincatur,
2490 1408 2759 1464 abstineat
2786 1411 2906 1465 talis
2937 1426 2967 1464 a
2991 1410 3139 1466 clero
3164 1429 3176 1464 ε
3212 1412 3298 1479 qui
3332 1427 3429 1464 au-

1844 1500 1948 1548 tem
1967 1504 2171 1571 praeter
2200 1498 2314 1552 haec
2341 1497 2486 1563 facit,
2520 1507 2578 1553 ut
2606 1501 2698 1569 qui
2720 1501 3145 1573 magnaa'synodi
3172 1502 3429 1556 adversa-

1842 1582 1953 1636 rius
1974 1598 2092 1639 esse
2122 1584 2333 1651 audeat,
2369 1586 2484 1657 ipse
2512 1586 2579 1643 de
2605 1588 2860 1645 clericatu
2902 1590 3319 1660 periclitabitur.

1913 1762 1999 1819 lll.
2042 1764 2222 1820 Vetuit
2242 1768 2462 1823 omnino
2485 1783 2677 1837 magna
2706 1771 2961 1841 synodus,
2994 1786 3063 1827 ne
3090 1771 3252 1828 liceat
3303 1774 3423 1842 epi-

149 1868 437 1935 ίπισκόπῳ,
467 1869 593 1936 μήτε
624 1862 985 1935 πρεσϐυτέρῳ,
1012 1862 1136 1930 μήτε
1184 1856 1418 1928 διακόνῳ,
1445 1862 1568 1927 μήτε
1617 1855 1739 1916 ὅλως

1848 1869 2031 1925 scopo,
2063 1872 2163 1912 nec
2189 1856 2523 1930 presbytero,
2557 1876 2658 1916 nec
2686 1861 2936 1928 diacono,
2970 1878 3070 1919 nec
3096 1863 3191 1919 ulli
3214 1866 3429 1933 penitus

148 1960 244 2012 τινί
280 1963 387 2012 τῶν
421 1956 469 2008 ἓν
510 1955 697 2028 κλήρῳ,
727 1953 912 2016 ἐξεῖναι
958 1950 1283 2004 συνείσακτον
1310 1957 1525 2022 γυναῖκα
1567 1946 1734 2018 ἔχειν’

153 2050 276 2107 πλὴν
306 2046 353 2102 εί
512 2043 615 2120 ἄρα
655 2046 872 2119 μητέρα,
915 2042 944 2101 ἧ
986 2040 1224 2114 ἀδελφὴν,
1258 2040 1287 2099 ἦ
1317 2044 1466 2105 θείαν,
1498 2041 1527 2100 ἦ
1553 2039 1585 2094 ἃ
1610 2042 1739 2110 μόνα

148 2138 407 2215 πρόσωπα
431 2142 607 2193 πᾶσαν
633 2135 857 2207 ὑποψίαν
879 2132 1220 2206 διαπέφευγεν.

213 2313 276 2369 δ’.
306 2314 620 2366 Ἐπίσκοπον
647 2311 895 2382 προσήκει
920 2306 1144 2377 μάλιστα
1168 2306 1257 2375 μὲν
1287 2304 1391 2359 ὑπὸ
1420 2305 1622 2357 πάντων
1642 2309 1741 2356 τῶν

148 2410 193 2460 ἐν
222 2414 284 2479 τῇ
312 2406 553 2481 ἐπαρχίᾳ
577 2399 935 2455 καθίστασθαι·
963 2401 1007 2451 εί
1027 2396 1080 2452 δὲ
1110 2395 1370 2469 δυσχερὲς
1394 2391 1470 2454 εἴη
1498 2394 1556 2448 τό
1582 2399 1743 2449 τοιοῦ-

148 2517 241 2557 τον,
268 2495 299 2553 ἦ
336 2492 422 2548 διὰ
450 2494 857 2562 κατεπείγουοαν
898 2486 1137 2560 ἀνάγκην,
1166 2485 1195 2545 ἦ
1221 2484 1304 2540 διά
1330 2494 1486 2556 μῆκος
1520 2483 1660 2549 όδοῦ,
1692 2484 1743 2547 ἐξ

148 2586 377 2644 ἅπαντος
418 2590 558 2658 τρεῖς
606 2583 690 2635 ἐπὶ
735 2580 791 2635 τό
846 2579 972 2632 αὐτὸ
1018 2577 1427 2646 συναγομένους,
1458 2574 1743 2646 συμψήφων

145 2682 422 2753 γινομένων
450 2678 537 2730 καί
575 2682 676 2729 τῶν
705 2672 935 2727 ἀπόντων
962 2672 1049 2723 καὶ
1083 2668 1447 2738 συντιθεμένων
1472 2664 1553 2720 διά
1578 2685 1744 2737 γραμ-

145 2752 340 2831 μάτων,
364 2768 481 2821 τότε
512 2769 600 2823 τὴν
627 2765 949 2839 χειροτονίαν
974 2760 1258 2816 ποιεῖσθαι.
1288 2759 1354 2812 Τὸ
1382 2756 1434 2812 δέ
1462 2758 1617 2831 κύρος
1644 2762 1743 2810 τῶν

144 2860 421 2930 γινομένων
468 2854 701 2911 δίδοσθαι
741 2853 1084 2909 καθ’ἑκάστην
1132 2850 1388 2925 ἐπαρχίαν
1428 2855 1503 2921 τῷ
1551 2867 1744 2921 μητρο-

208 3044 263 3098 ε’.
298 3045 425 3115 Περὶ
448 3048 552 3097 τῶν
574 3041 908 3105 ἀκοινωνήτων
928 3039 1225 3111 γενομένων,
1245 3034 1343 3091 εἴτε
1364 3042 1464 3093 τῶν
1483 3036 1535 3090 ἒν
1553 3035 1742 3110 κλήρῳ,

142 3134 235 3189 εἴτε
274 3141 382 3188 τῶν
417 3134 469 3185 ἐν
714 3132 936 3203 τάγματι
980 3135 1314 3204 τεταγμένων,
1349 3130 1449 3183 ὐπό
1490 3135 1589 3183 τῶν
1632 3126 1743 3182 καθ’

1842 1961 2028 2003 eorum
2058 1949 2151 2019 qui
2198 1958 2325 2005 sunt
2366 1952 2419 2005 in
2450 1952 2628 2019 clero,
2660 1961 2975 2009 extraneam
3015 1954 3431 2028 [subintroduc~

1844 2034 1987 2109 tam]
2010 2038 2208 2094 habere
2245 2040 2559 2108 mulierem;
2590 2042 2694 2097 uisi
2736 2041 2877 2098 forte
2919 2052 3011 2100 aut
3039 2053 3301 2111 matrem,
3336 2054 3429 2101 aut

1843 2144 2107 2197 sororem,
2138 2140 2231 2185 aut
2277 2133 2517 2197 amitam,
2546 2134 2631 2189 vel
2657 2149 2749 2191 eas
2781 2143 2987 2191 tantum
3016 2151 3276 2207 personas
3305 2154 3427 2209 quae

1843 2235 2055 2276 omnem
2075 2222 2434 2291 suspicionem
2458 2223 2736 2293 effugiunt.

1912 2312 2002 2368 lV.
2047 2313 2368 2385 Episcopum
2395 2324 2613 2386 oportet
2641 2318 2875 2374 maxime
2902 2319 3119 2389 quidem
3147 2320 3215 2375 ab
3254 2320 3431 2376 omni-

1844 2404 1943 2460 bus
1964 2404 2055 2474 qui
2084 2406 2285 2461 suntin
2302 2407 2577 2476 provincia
2603 2410 2871 2480 episcopis
2891 2410 3146 2470 constitui
3180 2429 3193 2465 :
3223 2412 3269 2465 si
3299 2426 3429 2467 vero

1844 2494 1950 2550 hoc
1972 2494 2186 2550 difﬁcile
2214 2493 2392 2563 fuerit,
2425 2506 2517 2552 aut
2545 2508 2768 2569 propter
2802 2508 3085 2570 urgentem
3132 2503 3431 2558 necessita-

1847 2592 1973 2649 tem,
2006 2592 2098 2638 aut
2137 2595 2356 2655 prapter
2402 2587 2607 2643 itineris
2634 2589 3042 2659 longitudinem,
3075 2599 3185 2647 tres
3214 2593 3432 2647 omnino

1846 2674 1899 2729 in
1931 2675 2160 2746 idipsum
2185 2680 2587 2747 convenientes,
2616 2680 2907 2737 dummodo
2937 2684 3315 2739 consenserint
3337 2685 3430 2753 qui

1847 2764 2059 2831 absunt,
2092 2774 2146 2819 et
2174 2781 2271 2835 per
2309 2766 2514 2823 litteras
2554 2771 2994 2839 approbaverint,
3036 2773 3430 2829 ordinationem

1846 2852 2061 2909 faciant.
2120 2856 2469 2914 Conlirmatio
2522 2870 2704 2917 autem
2760 2878 2949 2919 eorum
3004 2881 3124 2936 qua!
3179 2866 3233 2920 in
3296 2882 3431 2936 qua»

1844 2960 1951 3015 que
1981 2948 2255 3018 provincia
2283 2960 2564 3019 geruntur,
2598 2954 2862 3009 tribuatur
2884 2957 3325 3027 metropolitano.

1917 3036 1984 3091 V.
2025 3038 2101 3113 De
2123 3039 2189 3095 iis
2216 3043 2306 3110 qui
2334 3046 2709 3101 communione
2730 3046 3027 3116 privantur,
3051 3064 3149 3106 seu
3172 3065 3239 3106 ex
3260 3051 3430 3118 clero,

1846 3144 1942 3186 seu
1968 3147 2035 3187 ex
2066 3132 2205 3188 laico
2227 3133 2433 3202 ordine,
2460 3136 2527 3191 ab
2554 3138 2822 3209 episc0pis
2859 3141 3276 3212 uniuscujusque
3305 3158 3432 3212 pro-

141 3229 361 3285 ίπὰστην
388 3229 658 3300 ἐπαρχίαν
684 3224 967 3279 ἐπισκόπων
993 3226 1239 3301 κρατείτω
1262 3225 1292 3281 ἡ
1313 3224 1482 3295 γνώμη
1504 3223 1635 3277 κατά
1655 3222 1738 3277 τόν

1848 3227 2033 3283 vincia:
2084 3238 2330 3284 servetur
2377 3231 2490 3286 haec
2536 3233 2803 3287 sententia
2843 3234 3134 3290 secundum
3165 3251 3429 3291 canonem

138 3323 323 3375 κανόνα
354 3321 442 3375 τὸν
468 3314 851 3388 διαγορεύοντα,
875 3318 995 3376 τοὺς
1036 3315 1311 3388 ὐφ“ἐτίρων
1343 3313 1733 3379 άποϐληθέντας,

140 3413 213 3486 ἐφ’
234 3414 431 3488 ἐτέρων
461 3414 534 3479 μὴ
563 3410 887 3484 προσίεσθαι.
922 3406 1260 3471 Ἐξεταζέσθω
1292 3404 1366 3471 δὲ,
1391 3410 1465 3478 μὴ
1485 3404 1738 3477 μικροψυ-

140 3508 235 3580 χίᾳ
271 3505 305 3563 ἦ
338 3504 611 3575 φιλονεικίᾳ
648 3501 681 3560 ἦ
720 3521 816 3554 τινι
860 3496 1073 3572 τοιαύτῃ
1121 3495 1273 3572 ἀηδίᾳ
1316 3502 1407 3551 τοῦ
1461 3496 1741 3551 ἐπισκόπου

138 3598 543 3667 mia-yet
566 3594 878 3667 γεγένηνται.
899 3588 1007 3645 ἰνα
1036 3585 1122 3644 οὖν
1146 3596 1299 3645 τοῦτο
1326 3594 1414 3648 τήν
1442 3590 1743 3665 πρέπουσαν

140 3689 368 3753 Eiram
392 3686 657 3758 λαμϐάνῃ,
680 3684 841 3744 καλῶς
870 3679 1014 3754 ἴχειν
1055 3678 1224 3744 ἔδοξεν
1262 3681 1479 3734 ἑκάστου
1510 3682 1742 3734 ἐνιαυτοῦ

138 3786 244 3839 καθ’
261 3785 499 3839 ἑκάστην
523 3783 789 3857 ἐπαρχίαν
817 3777 891 3839 δίς
918 3785 1009 3831 τοῦ
1052 3775 1081 3831 ἔ
1081 3798 1203 3837 τους
1230 3774 1479 3835 συνόδους
1501 3776 1739 3847 γίνεσθαι,

137 3876 214 3931 ἕνα
450 3875 657 3928 πάντων
699 3878 800 3926 τῶν
846 3868 1129 3924 ἐπισκόπων
1156 3876 1247 3928 τῆς·
1291 3869 1549 3941 ἐπαρχίας
1578 3866 1743 3922 ἑπίτό

137 3970 258 4024 αὐτὸ
319 3968 721 4039 συναγομένων,
758 3964 823 4017 τά
863 3967 1075 4019 τοιαῦτα
1124 3966 1387 4032 ζητήματα
1436 3961 1743 4024 ἐξετάζοιντο

136 4057 553 4133 [siccae-nitar],
583 4057 668 4109 καί
695 4054 855 4115 οὕτως
885 4054 930 4110 οί
957 4053 1360 4125 ὁμολογουμένως
1389 4070 1743 4125 προσκεκρου-

135 4156 283 4214 ιότες
319 4160 396 4225 τῷ
429 4150 697 4219 ἔπισκόπῳ
719 4147 865 4202 ’κατὰ
905 4146 1050 4218 λόγον
1079 4149 1394 4203 άκοινὼνητοι
1419 4146 1560 4219 παρά
1588 4149 1744 4198 πᾶσιν

135 4244 254 4302 εἶναι
307 4246 527 4310 δόξωσι,
566 4244 757 4318 μέχρις
793 4237 850 4295 ἆν
887 4248 958 4310 τῷ
994 4246 1141 4310 κοινῷ
1167 4245 1265 4292 τῶν
1306 4238 1595 4292 ἐπισκόπων
1623 4236 1742 4307 δόξῃ

133 4347 218 4398 τὴν
250 4338 736 4412 ᾳὶανθρωποτέραν
773 4333 905 4405 ὑπὲρ
944 4332 1105 4385 αὐτῶν
1141 4329 1371 4383 ἐκθέσθαι
1398 4327 1575 4401 ψῆφον.
1601 4328 1656 4381 Αἱ
1688 4324 1741 4381 δὲ

134 4432 339 4488 tivo-3m
384 4429 730 4503 γενέσθωσαν²
762 4427 854 4494 μία
895 4426 984 4493 μέν
1032 4423 1131 4495 πρὸ
1170 4429 1261 4480 τῆς
1295 4428 1739 4493 τεσσαρακοστῆς,

132 4524 207 4575 in
238 4525 425 4580 πάσης
464 4515 829 4589 μικροψυχίας
860 4513 1237 4589 ἀναιρουμένης,
1266 4511 1322 4565 τό
1348 4508 1505 4585 δῶρον
1528 4512 1741 4584 καθαρίν

133 4615 502 4688 risco-7ime
537 4614 611 4676 τῷ
635 4613 764 4677 Θεῷ·
788 4602 999 4679 δευτέρα
1024 4600 1097 4665 δὲ,
1138 4602 1256 4676 περί
1280 4600 1364 4655 τὸν
1392 4605 1481 4655 τοῦ
1510 4601 1737 4669 μετοπώ-
1765 4623 1818 4683 D

197 4728 221 4761 υ
254 4725 469 4759 tatam.

131 4728 221 4778 ρον
254 4728 469 4779 ngam.

198 4800 267 4859 ς’.
300 4798 377 4849 Τὰ
405 4795 616 4870 ἀρχαῖα
636 4788 721 4847 ἔθη
747 4790 991 4864 κρατείτω
1012 4787 1075 4842 τά
1095 4786 1144 4841 ἐν
1166 4786 1424 4857 Αἰγύπτῳ.
1449 4784 1531 4836 καί
1550 4781 1735 4852 Λιϐύῃ,

130 4891 211 4941 καὶ
234 4881 590 4947 ωαπόλει,
622 4882 753 4935 ὥστε
777 4881 863 4935 τόν
889 4877 937 4929 ἐν
962 4870 1300 4951 ’Δλεξανδρείᾳ
1324 4874 1596 4928 ἐπίσκοπον
1622 4870 1740 4924 πάν·

131 5002 226 5036 των
251 4984 462 5035 τούτων
486 4972 637 5045 ἔχειν
657 4976 747 5029 τήν
761 4973 1012 5035 ἐξουσίαν·
1039 4966 1212 5026 ἐπειδὴ
1235 4968 1316 5021 καί
1334 4974 1406 5036 τῷ
1429 4967 1478 5019 ἐν
1503 4973 1563 5037 τῇ
1581 4965 1739 5035 Ῥώμῃ

127 5072 407 5142 ξτεςκὸπῳ
437 5074 599 5122 τοῦτο
629 5060 874 5134 [τοιοῦτο]
904 5060 1110 5119 σύνηθές
1140 5058 1296 5112 ἔστιν.
1324 5058 1536 5128 Ὁμοίως
1574 5052 1627 5109 δὲ
1656 5055 1740 5107 καί

126 5168 259 5220 τατά
300 5169 396 5220 τήν
430 5153 753 5225 ’Δντιὸχειαν
784 5156 870 5206 καί
909 5153 956 5204 ἐν
993 5157 1105 5209 ταῖς
1133 5146 1304 5210 ἄλλαις
1338 5149 1643 5220 ἐπαρχίαις,
1673 5146 1740 5198 τά

125 5256 393 5311 τεεσεεῖα
426 5247 691 5310 σῶζεσθαι
710 5251 818 5304 ταῖς
845 5242 1149 5301 ἐκκλησίαις.
1174 5237 1388 5293 Καθόλου
1414 5236 1466 5292 δὲ
1490 5233 1738 5310 πρόδηλνν

124 5352 308 5408 έκεῖνο,
337 5341 423 5397 ὅτι
461 5337 510 5392 εἴ
530 5359 610 5396 τις
633 5339 795 5410 χωρίς
815 5334 1015 5406 γνώμης
1038 5336 1126 5384 τοῦ
1153 5328 1522 5402 μητροπολίτου
1543 5328 1739 5396 γένοιτο

123 5439 451 5492 fraer/xm,
484 5428 572 5482 τὶν
601 5431 825 5480 τοιοῦτον
852 5426 881 5480 ἠ
907 5421 1097 5493 μεγάλη
1125 5417 1333 5478 σύνοδος
1363 5420 1515 5490 ὥρισε
1544 5421 1611 5486 μή
1632 5414 1739 5470 δεῖν

122 5523 244 5581 Enr
270 5524 600 5577 ἐπίσκοπον.
630 5516 738 5568 Ἐάν
769 5514 857 5583 μέν
882 5533 957 5566 τοι
985 5519 1045 5582 τῇ
1071 5517 1205 5583 κοινῇ
1246 5511 1447 5564 πάντων
1651 5509 1736 5560 εὖ·

120 5618 247 5687 λέγω
283 5612 462 5671 οὖα-η,
485 5609 571 5660 καί
602 5605 725 5657 κατὰ
761 5598 944 5657 κανόνα
974 5599 1398 5665 ἐκκλησιαστικὸν,
1426 5597 1573 5656 δύορῆ
1602 5605 1737 5673 τρεῖς

436 5695 735 5767 φιλονεικίαν
762 5690 1356 5767 ἀντιλέγουσα-κρατείτω
1384 5688 1414 5744 ἦ
1439 5694 1536 5743 τῶν
1565 5687 1735 5743 πλειό-

116 5818 205 5849 νων
231 5796 450 5865 ψῆφος.

436 5963 714 6025 Parnm"
760 5960 1003 6023 LXVII.

1847 3321 1938 3392 qui
1964 3324 2293 3391 pronuntiat,
2324 3332 2381 3377 ut
2406 3324 2460 3378 hi
2481 3325 2572 3394 qui
2602 3325 2668 3381 ab
2693 3326 2809 3384 aliis
2837 3327 3178 3396 abjictuntur,
3211 3330 3279 3385 ab
3309 3330 3429 3386 aliis

1846 3428 1955 3467 non
1984 3412 2333 3483 recipiantur.
2366 3414 2671 3486 lnquiratur
2700 3426 2880 3475 autem
2915 3434 2983 3474 ne
3008 3419 3300 3484 simultate,
3332 3430 3428 3475 aut

1846 3505 2215 3573 contentione,
2246 3516 2339 3562 aut
2388 3508 2565 3578 aliqua
2611 3509 2714 3565 alia
2756 3511 3004 3567 molestia
3053 3514 3291 3583 episcopi
3321 3515 3431 3568 sint

1845 3598 2317 3652 excommunicati.
2347 3597 2419 3653 Ut
2440 3599 2544 3655 hoc
2586 3591 2715 3669 ergo
2744 3600 3024 3656 decentius
3072 3603 3433 3670 examinetur,

1846 3696 1994 3742 recte
2020 3688 2219 3743 habere
2265 3689 2438 3745 visum
2469 3697 2551 3745 est
2593 3697 2651 3744 ut
2680 3690 2904 3759 singulis
2930 3692 3087 3747 annis
3125 3707 3221 3763 per
3246 3709 3434 3748 unam-

1846 3791 2115 3847 quamque
2142 3778 2475 3848 provinciam
2505 3779 2587 3834 bis
2609 3780 2661 3833 in
2685 3795 2826 3835 anno
2849 3780 3039 3851 synodi
3066 3779 3217 3848 ﬁant,
3241 3792 3299 3837 ut
3319 3799 3434 3839 om-

1846 3882 1941 3923 nes
1970 3869 2022 3923 in
2054 3883 2218 3923 unum
2242 3868 2630 3924 convenientes
2675 3868 2915 3939 episcopi
2941 3871 3261 3939 provincize,
3290 3872 3433 3941 ejus~

1844 3960 1991 4015 modi
2012 3961 2336 4028 quaestiones
2367 3960 2699 4026 examinent,
2727 3967 2782 4015 et
2814 3960 2892 4016 sic
2914 3960 3004 4030 qui
3034 3960 3322 4017 manifeste
3351 3962 3433 4017 of-

1844 4050 2116 4106 fenderint
2144 4052 2483 4123 episcopum,
2534 4053 2680 4122 juste
2719 4042 3171 4109 excommunicati
3215 4054 3281 4108 ab
3310 4070 3430 4109 om-

1846 4140 2002 4197 nibus
2023 4157 2142 4197 esse
2158 4142 2460 4211 videantur,
2482 4144 2655 4199 donec
2676 4143 3048 4212 episcoporum
3073 4144 3234 4199 οωιυί
3257 4146 3427 4200 visum

1844 4233 2007 4289 fuerit
2036 4249 2135 4305 pro
2167 4234 2230 4289 iis
2260 4234 2634 4289 humaniorem
2675 4230 2815 4288 ferre
2844 4234 3189 4288 sententiam.
3226 4233 3430 4306 Synodi

1846 4334 2027 4381 autem
2058 4326 2208 4389 ﬁant,
2259 4342 2364 4380 una
2412 4325 2629 4396 quidem
2676 4332 2801 4381 ante
2846 4324 3340 4393 Quadragesimam,
3375 4333 3433 4380 ut

1847 4417 1991 4471 omni
2021 4416 2291 4471 simultate
2315 4417 2541 4482 sublata,
2577 4432 2768 4471 munus
2794 4431 2986 4486 purum
3010 4414 3125 4473 Deo
3141 4415 3427 4471 offeratur:

1846 4507 2080 4563 secunda
2104 4517 2282 4563 autem
2308 4507 2450 4563 circa
2473 4517 2683 4578 tempus
2713 4507 2976 4565 autumni.

1913 4769 1999 4823 Vl.
2028 4769 2245 4840 Antiqui
2275 4784 2453 4824 mores
2482 4770 2783 4833 obtineant,
2808 4771 2899 4841 qui
2930 4780 3056 4828 sunt
3087 4772 3137 4827 in
3170 4771 3427 4844 Egypto,

1842 4862 2007 4933 Libya
2036 4860 2400 4930 etPentapoli,
2428 4860 2896 4917 utAlexandrinus
2924 4863 3209 4933 episcopus
3241 4865 3428 4929 horum

1844 4954 2081 5009 omnium
2105 4952 2301 5008 habeat
2323 4961 2670 5023 potestatem,
2690 4954 2944 5023 quoniam
2970 4954 3057 5008 illa
3080 4963 3162 5011 est
3190 4955 3434 5013 Romano

1845 5046 2007 5102 etiam
2052 5046 2307 5116 episcopo
2363 5045 2719 5101 consuetudo.
2770 5045 3030 5102 Similiter
3084 5054 3263 5101 autem
3295 5055 3349 5102 et
3379 5048 3431 5102 in

1847 5137 2153 5200 Antiochia,
2184 5142 2240 5190 et
2280 5136 2333 5190 in
2364 5136 2482 5190 aliis
2517 5136 2809 5206 provinciis
2839 5135 3115 5206 privilegia
3145 5150 3434 5193 serventur

1844 5222 2119 5280 Ecclesiis.
2145 5224 2279 5279 Illud
2320 5234 2499 5279 autem
2529 5225 2750 5280 omnino
2777 5225 3116 5281 manifestum
3148 5236 3250 5293 est,
3285 5228 3430 5298 quod

1844 5317 1888 5372 si
1918 5316 2036 5387 quis
2080 5316 2655 5385 prmterosententiam
2703 5316 3103 5386 metropolitani
3144 5317 3315 5372 factus
3364 5318 3435 5372 sit

1844 5408 2151 5479 episcopus,
2182 5407 2325 5463 hunc
2347 5423 2540 5477 magna
2569 5408 2805 5480 synodus
2834 5410 3023 5464 statuit
3046 5426 3151 5465 non
3176 5418 3429 5480 oportere

1844 5516 1963 5556 esse
1991 5502 2326 5573 episcopum.
2357 5500 2414 5555 Si
2443 5517 2571 5557 vero
2602 5503 2875 5558 communi
2906 5504 3145 5559 omnium
3176 5500 3429 5569 sulfragio

1824 5592 2036 5645 'rationi
2058 5600 2446 5662 consentanea,
2469 5601 2524 5648 et
2552 5584 2842 5650 secundum
2873 5592 3296 5649 ecclesiasticum
3341 5608 3432 5647 ca-

1845 5684 2064 5751 nmiem,
2091 5683 2199 5740 duo
2222 5692 2314 5741 aut
2356 5692 2465 5741 tres
2504 5687 2862 5749 contentiose,
2893 5701 2986 5739 seu
3019 5682 3236 5753 propria
3266 5685 3432 5755 perti-

1847 5774 1997 5828 nacia
2039 5774 2239 5831 inducti
2284 5776 2728 5840 contradixerint,
2774 5772 3019 5831 obtineat
3073 5774 3428 5845 plurimorum

1848 5865 2133 5923 sententia.

2954 5958 2993 6017 2
