3946 6336
551 399 619 453 45
1842 382 2193 441 DIONYSIUS
2231 382 2552 443 EXIGUUS.

622 505 683 572 ζ’.
715 501 917 563 Ἐπειδή
942 506 1173 561 συνήθεια
1200 502 1471 575 κεκράτηκε
1498 504 1582 554 κιί
1608 500 1890 574 παράδοσις
1912 502 2132 575 ἀιοχαῖα,
2167 501 2215 559 Α

542 601 686 653 ὥστε
731 599 816 653 τόν
845 598 894 650 έν
922 594 1061 669 Δὶλίᾳ
1093 593 1366 648 ἐπίσκοπον
1404 595 1678 665 τιμᾶσθαι,
1707 594 1876 665 ἐχέτω
1904 598 1994 652 τὴν
2021 593 2139 647 ἀκο-

553 689 752 744 λουθίαν
796 695 888 748 τῆς
929 696 1099 758 τιμῆς,
1131 694 1193 761 τῇ
1235 686 1543 761 μητροπόλει
1586 684 1707 757 [τῆς
1751 684 2139 757 μητροπόλεως]

556 784 846 852 σωζομένου
870 788 959 836 τοῦ
990 783 1174 834 οἰκείου
1200 780 1506 851 ἀξιώματος.

624 897 685 952 η’.
713 898 833 968 Περὶ
856 902 954 950 τῶν
983 894 1338 963 ὀνομαζόντων
1366 896 1456 965 μέν
1490 895 1697 956 ίαυτούς
1722 894 1963 969 καθαρούς
1996 916 2137 963 ποτε,

552 986 990 1061 προσερχομένων
1020 984 1073 1040 δέ
1102 986 1127 1015 ⁸
1148 994 1211 1059 τῇ
1241 986 1467 1060 καθολικῇ
1495 990 1578 1041 καί
1622 988 1928 1061 ἀποστολικῇ
1969 989 2143 1048 ἐκκλη-

556 1076 667 1148 σίᾳ,
687 1072 829 1138 ἔδοξε
859 1082 920 1149 τῇ
944 1074 1065 1148 ἁγίᾳ
1091 1077 1176 1129 καὶ
1194 1076 1384 1147 μεγάλῃ
1407 1074 1627 1147 συνόδῳ,
1653 1077 1786 1130 ὥστε
1824 1084 2143 1149 χειροθετου-

554 1169 731 1237 μένους
766 1169 979 1233 αύτούς,
1008 1169 1169 1238 μένειν
1209 1168 1373 1228 οὕτως
1406 1170 1457 1223 έν
1485 1175 1558 1240 τῷ
1589 1168 1771 1243 κλήρῳ.
1805 1170 1903 1240 Πρὸ
1941 1170 2144 1224 πάντων

554 1256 607 1312 δέ
653 1265 808 1313 τοῦτο
851 1259 1157 1330 ομολογῆσαι
1204 1261 1393 1320 αύτούς
1446 1260 1705 1334 ἐγγράφως
1754 1264 2032 1336 προσήκει,
2066 1261 2142 1316 ὅτι

555 1354 891 1410 συνθήσον-αι
934 1356 1017 1407 καί
1052 1352 1452 1411 ἀκολουθήσουσι
1493 1359 1597 1414 τοῖς
1641 1360 1732 1413 τῆς
1772 1354 2026 1413 καθολικῆς
2058 1358 2145 1409 καί

559 1442 895 1501 ἀποστολικῆς
921 1443 1185 1503 ἐκκλησίας
1213 1441 1457 1516 δόγμασι,
1480 1445 1766 1507 τοῦτ’ἐστί,
1800 1448 1881 1498 καὶ
1912 1444 2143 1517 διγάμοις

554 1540 819 1599 κοινωνεῖν,
854 1536 939 1587 καί
978 1540 1084 1593 τοῖς
1111 1535 1159 1587 ἐν
1185 1542 1259 1606 τῷ
1302 1533 1509 1610 διωγμῷ
1554 1537 2043 1609 παραπεπτωκόσιν,
2070 1537 2142 1606 ἐφ’

555 1620 622 1678 ὧν
650 1626 735 1677 καί
757 1624 943 1698 χρόνος
964 1625 1226 1691 τέτακται,
1250 1628 1337 1680 καὶ
1355 1628 1523 1699 καιρὸς
1550 1628 1784 1701 ὥρισται,
1802 1628 1932 1680 ὥστε
1955 1628 2140 1685 αύτούς

553 1714 836 1769 ἀκολουθεῖν
865 1717 915 1769 ἐν
939 1721 1072 1771 πᾶσι
1097 1724 1202 1776 τοῖς
1232 1714 1451 1787 δόγμασι
1470 1723 1561 1776 τῆς
1580 1715 1838 1775 καθολικῆς
1860 1716 2133 1775 ἐκκλησίας.

553 1804 701 1861 ἐνθα
730 1809 820 1879 μέν
841 1803 926 1861 οὖν
947 1808 1131 1867 πάντες
1152 1805 1249 1861 εἴτε
1272 1807 1319 1859 ἐν
1344 1810 1559 1875 κώμαις,
1578 1804 1677 1860 εἴτε
1701 1806 1749 1858 έν
1770 1808 1977 1860 πόλεσιν
1999 1808 2140 1862 αὐτοὶ

554 1898 692 1970 μόνοι
719 1900 1035 1975 εὑρίσκοιντο
1065 1900 1520 1972 χειροτονηθέντες,
1554 1900 1600 1952 οἱ
1631 1899 1968 1969 εὑρισκόμενοι
1997 1902 2045 1953 έν
2068 1908 2138 1970 τῷ

554 1990 715 2061 κλήρῳ
740 1989 942 2045 ἔσονται
972 1992 1023 2044 ἐν
1051 1997 1124 2062 τῷ
1156 1992 1297 2062 αύτῷ
1324 1995 1563 2062 σχήματι
1591 1990 1880 2065 [τάγματι].
1900 1996 1952 2045 Εἰ
1977 1990 2031 2047 δέ
2053 2000 2139 2047 τοῦ

553 2089 641 2139 τῆς
666 2080 935 2140 καθολικῆς
968 2080 1234 2140 ἐκκλησίας
1257 2080 1536 2135 ἐπισκόπου
1572 2078 1603 2139 ἧ
1632 2079 1978 2157 πρεσϐυτέρου
2002 2077 2140 2142 ὄντος

553 2174 942 2246 προσέρχονταί
976 2192 1125 2235 τινες,
1162 2169 1438 2246 πρόδηλον,
1471 2174 1540 2233 ὡς
1564 2170 1591 2227 ὁ
1619 2175 1708 2244 μέν
1742 2173 2023 2235 ἐπίσκοπος
2052 2184 2141 2235 τῆς

556 2268 818 2327 ἐκκλησίας
857 2267 957 2331 ἔξει
991 2270 1049 2321 τὸ
1079 2268 1279 2336 ἀξίωμα
1306 2271 1392 2321 τοῦ
1424 2264 1717 2333 ἐπισκόπου,
1750 2266 1775 2321 ό
1819 2266 1872 2321 δέ
1902 2268 2141 2338 ὀνομαζό-

553 2379 699 2428 μενος
726 2359 871 2433 παρά
900 2362 1009 2417 τοῖς
1043 2358 1320 2430 λεγομένοις
1343 2360 1582 2432 καθαροῖς
1607 2359 1905 2423 ἐπίσκοπος,
1937 2364 2025 2418 τήν
2047 2368 2137 2415 τοῦ

552 2449 908 2523 πρεσϐυτέρου
938 2455 1086 2520 τιμήν
1108 2450 1232 2513 ἔξει,
1263 2450 1390 2508 πλὴν
1423 2451 1467 2503 εἰ
1494 2453 1562 2508 μή
1590 2447 1694 2523 ἄρα
1723 2448 1887 2508 δοκοίη
1924 2460 1995 2521 τῷ
2026 2452 2139 2505 ἐπι-

556 2540 731 2612 σκόπῳ
773 2549 863 2601 τῆς
908 2550 1061 2612 τιμῆς
1096 2549 1187 2596 τοῦ
1230 2543 1468 2612 ὀνόματος
1509 2545 1658 2598 αὐτὸν
1700 2546 1960 2617 μετέχειν.
1996 2548 2051 2601 Ei
2085 2545 2137 2601 δέ

554 2638 704 2688 τοῦτο
726 2633 862 2705 αύτῷ
882 2638 954 2703 μὴ
974 2634 1200 2706 ἀρέσκει,
1225 2638 1478 2694 ἕπινοὴσει
1506 2635 1662 2691 τόπον
1682 2635 1711 2694 ἧ
1734 2638 2136 2712 χωρεπισκόπου

554 2723 585 2781 ἦ
613 2724 996 2799 πρεσϐυτέρου,
1015 2724 1147 2800 ύπέρ
1175 2730 1266 2780 τοῦ
1288 2727 1339 2780 έν
1359 2733 1431 2795 τῷ
1458 2726 1620 2800 κλήρῳ
1650 2723 1773 2785 ὅλως
1804 2725 1961 2782 δοκεῖν
1988 2723 2134 2794 εἶναι,

546 2813 633 2867 ἵνα
656 2816 725 2884 μη
750 2816 801 2868 έν
826 2822 889 2889 τῇ
909 2814 1053 2868 πόλει
1082 2812 1173 2868 δύο
1193 2816 1459 2871 έπίσκοποι
1488 2812 1627 2870 ὦσιν.

621 2904 681 2958 θ’.
712 2905 782 2959 Εἴ
810 2925 941 2966 τινες
968 2906 1312 2971 ἀνεξετάστως
1355 2909 1735 2982 προσήχθησαν
1770 2909 2129 2988 πρεσϐύτεροι,

552 2998 580 3057 ἦ
597 2997 969 3070 ἀνακρινόμενοι
981 2999 1308 3070 ὡμολόγησαν
1325 3002 1391 3054 τὰ
1405 3000 1746 3073 ἁμαρτήματα
1759 2998 2132 3077 Ῐῆμαρτημένα]

551 3090 744 3153 αὐτοῖς,
773 3093 859 3142 καὶ
902 3087 1314 3162 ὁμολογησάντων
1342 3091 1529 3155 αὐτῶν,
1556 3093 1702 3164 παρά
1741 3092 1918 3146 κανόνα
1963 3097 2132 3149 κινού·

552 3202 684 3249 μενοι
704 3182 749 3235 οἱ
771 3178 1022 3257 ἅνθρωποι
1047 3190 1157 3243 τοῖς
1177 3185 1425 3243 τοιούτοις
1450 3190 1607 3254 χεῖρα
1631 3184 1998 3251 ἐπιτεθήκασιν,
2017 3183 2131 3240 τού-

551 3294 669 3333 τους
700 3273 725 3327 ό
750 3278 908 3328 κανών
944 3277 1000 3328 ού
1038 3276 1326 3347 προσίεται.
1362 3277 1429 3330 Τὸ
1455 3278 1549 3353 γὰρ
1577 3277 1914 3335 ἀνεπίληπτον
1944 3276 2127 3334 έκδικεί

551 3367 578 3421 ἡ
601 3366 826 3424 καθολική
856 3367 1116 3426 έκκλησίοι.

619 3460 668 3514 ι’.
699 3458 850 3517 ὀσοι
871 3464 1343 3537 προεχειρίσθησαν
1371 3471 1471 3518 τῶν
1493 3485 1699 3541 παραπε
1709 3467 1983 3522 πτωκότων
2003 3468 2132 3523 κατά

549 3552 769 3623 ἄγνοιαν,
798 3555 828 3614 ἢ
858 3558 940 3610 καὶ
970 3554 1279 3631 προειδότων
1315 3564 1415 3641 τῷν
1452 3560 1951 3633 προχειρισαμένων,
1979 3567 2131 3616 τοῦτο

549 3647 607 3698 ού
634 3650 884 3722 προκρίνει
910 3644 1073 3718 [οὗτοι
1098 3649 1158 3703 ού
1185 3648 1539 3723 προκρίνουσι]
1568 3651 1729 3706 κανόνι
1752 3656 1827 3724 τῷ
1864 3651 2133 3711 ἐκκλησια-

549 3743 727 3807 στικῷ·
756 3740 1062 3809 γνωσθέντες
1087 3742 1188 3813 γὰρ
1213 3742 1594 3815 καθαιροῦνται.

619 3829 704 3882 ια’.
750 3831 866 3900 Περί
902 3836 1002 3884 τῶν
1025 3828 1394 3905 ζπαραϐἀντων
1434 3836 1601 3907 χωρίς
1629 3836 1869 3907 ἀνάγκης,
1902 3836 1932 3895 ἢ
1964 3838 2131 3913 χωρὶς

549 3918 860 3994 ἀφαιρέσεως
905 3922 1276 3996 ύπερχόντων,
1325 3921 1356 3981 ἦ
1406 3926 1574 3997 χωρίς
1624 3923 1878 3991 κινδύνου,
1930 3927 1962 3986 ἤ
1999 3949 2132 3989 τινος

548 4011 780 4065 τοιούτου
799 4053 817 4074 ,
844 4009 870 4064 ὃ
896 4012 1094 4082 γέγονεν
1124 4012 1206 4066 ἐπι
1240 4022 1334 4073 τῆς
1364 4012 1661 4091 τυραννίδος
1701 4018 1943 4071 Λικινίου·
1989 4016 2130 4082 ἔδοξε

549 4109 609 4172 τῇ
659 4100 889 4171 συνόδῳ,
922 4105 964 4154 εἰ
1011 4105 1096 4157 καί
1144 4106 1335 4168 ἀνάξλοι
1387 4104 1518 4165 ἦσαν
1560 4107 1949 4181 φιλανθρωπίας,
1996 4107 2131 4179 ὅμως

551 4195 987 4266 χρηστεύσασθαι
1013 4199 1082 4257 εἰς
1105 4200 1311 4260 αύτούς.
1342 4197 1492 4255 Ὀσοι
1536 4195 1623 4255 οὖν
1650 4203 1870 4273 γνησίως
1906 4223 2130 4273 μεταμε-

549 4282 751 4347 λῶνται,
781 4287 900 4359 τρία
928 4286 1013 4346 ἔτη
1060 4288 1108 4341 ἐν
1150 4290 1483 4362 ἀκροωμένοις
1517 4296 1820 4350 ποιήσουσιν
1850 4294 1894 4347 οἱ
1932 4298 2129 4360 πιστοὶ,

549 4376 626 4427 καί
666 4374 795 4430 ἑπτά
827 4374 915 4435 ἴτη
942 4379 1341 4435 ύποπεσοῦνται’
1378 4369 1470 4436 δύο
1497 4380 1551 4437 δέ
1592 4380 1678 4441 ἔτη
1711 4386 1877 4458 χωρίς
1907 4404 2133 4459 προσερο-

547 4471 663 4538 ρᾶς,
695 4474 1054 4528 κοινωνήσουσι
1081 4478 1153 4541 τῷ
1179 4472 1284 4545 λαῷ
1310 4480 1407 4528 τῶν
1435 4483 1767 4549 προσευχῶν.

2159 3232 2206 3297 C

3790 402 3875 458 si

2322 498 2430 553 Vll.
2471 498 2735 565 Quoniam
2788 502 3120 556 consuetudo
3180 500 3452 570 obtinuit,
3506 512 3559 558 et
3614 508 3853 565 an'ttaua

2248 591 2486 657 traditio,
2520 600 2577 645 ut
2609 590 2766 646 (Elia:
2792 594 3077 664 episcopus
3108 594 3422 659 honoretur,
3456 596 3651 652 habeat
3683 600 3855 655 ordi-

2244 698 2367 737 nem
2424 684 2686 751 honoris,
2755 686 3040 755 metropoli
3108 689 3326 758 propria
3396 688 3660 759 dignitate
3727 709 3857 747 scr-

2244 782 2385 827 νειο.

2316 883 2448 938 Vill.
2484 883 2558 939 De
2584 885 2667 940 his
2707 887 2797 954 qui
2828 901 2888 942 se
2919 887 3193 956 catharos,
3239 889 3291 944 id
3336 900 3419 946 est
3444 907 3627 961 puros,
3662 899 3863 951 nomi-

2245 986 2394 1040 nant,
2425 977 2469 1032 si
2494 977 2782 1047 aliquando
2811 980 2880 1033 ad
2904 980 3229 1036 catholicam
3260 990 3314 1037 et
3342 986 3701 1054 apostolicam
3745 988 3859 1045 Ec-

2244 1067 2460 1122 clesiam
2487 1068 2766 1133 redierint,
2785 1070 2957 1125 visum
2983 1080 3065 1126 est
3080 1082 3279 1127 sancta:
3300 1082 3354 1128 et
3379 1088 3588 1144 magna:
3604 1080 3857 1150 synodo,

2245 1171 2303 1216 ut
2348 1170 2570 1231 accepta
2619 1176 2876 1215 manuum
2931 1163 3298 1233 impositione,
3329 1165 3408 1220 sic
3450 1166 3502 1221 in
3532 1169 3684 1224 clero
3735 1186 3852 1223 ma-

2246 1261 2427 1308 neant.
2453 1252 2569 1308 Pra:
2592 1254 2841 1309 omnibus
2870 1262 3049 1309 autem
3069 1271 3164 1311 eos
3185 1258 3389 1328 scripto
3419 1259 3661 1330 proﬁteri
3686 1277 3854 1333 opor-

2244 1353 2341 1412 tet,
2358 1344 2503 1415 quod
2526 1347 2885 1413 consentient,
2911 1357 2965 1403 et
2989 1359 3287 1420 sequentur
3306 1352 3556 1420 dogmata
3582 1354 3853 1411 Ecclesia:

2243 1438 2526 1494 catholica:
2555 1448 2610 1494 et
2638 1440 2973 1510 apostolicze,
3000 1440 3053 1495 id
3074 1451 3178 1507 est,
3203 1451 3404 1499 etcum
3430 1446 3657 1515 digamis
3686 1463 3853 1503 cum-

2243 1528 2536 1596 municare,
2576 1541 2632 1585 et
2661 1531 2743 1586 bis
2768 1532 2859 1602 qui
2886 1532 2938 1586 in
2970 1534 3346 1602 persecutione
3388 1535 3522 1607 lapsi
3545 1548 3693 1604 sunt,
3716 1538 3850 1608 qui-

2243 1619 2341 1673 bus
2387 1620 2550 1675 etiam
2580 1631 2793 1691 tempus
2840 1625 3194 1679 constitutum
3240 1634 3343 1690 est,
3371 1636 3427 1682 et
3457 1632 3853 1699 opportunitas

2243 1706 2481 1778 delinita,
2513 1718 2571 1764 ut
2594 1712 2646 1765 in
2678 1712 2927 1767 omnibus
2952 1724 3247 1783 sequantur
3275 1716 3527 1785 dogmata
3554 1720 3852 1776 catholicae

2246 1801 2516 1859 Ecclesiae.
2550 1802 2867 1874 Ubicunque
2895 1814 3096 1872 autem,
3128 1808 3241 1863 sive
3272 1808 3327 1862 in
3354 1808 3506 1875 vicis,
3532 1810 3649 1868 sive
3678 1812 3734 1865 in
3764 1813 3856 1867 εει

2247 1893 2501 1948 vitalibus
2529 1894 2628 1964 ipsi
2670 1895 2771 1949 soli
2818 1894 3020 1950 inventi
3048 1894 3251 1952 fuerint
3277 1898 3528 1967 ordinati,
3562 1901 3651 1971 qui
3682 1902 3847 1957 inve-

2245 1984 2467 2038 niuntur
2507 1985 2560 2039 in
2607 1984 2755 2040 clero
2786 1986 2839 2040 in
2887 1986 3079 2043 eodem
3129 1987 3324 2045 ordine
3354 2001 3729 2061 permaneant.
3784 1993 3849 2049 Si

2246 2088 2427 2133 autem
2478 2078 2756 2133 catholicae
2804 2077 3057 2135 Ecclesiae
3098 2082 3357 2152 episcopo
3396 2092 3488 2137 aut
3516 2085 3848 2156 presbytero

2244 2173 2509 2228 existente
2553 2173 2768 2241 quidam
2811 2172 3108 2242 accedunt,
3158 2174 3499 2231 manifestum
3552 2185 3656 2244 est,
3689 2179 3848 2246 quod

2243 2266 2529 2336 episcopus
2561 2263 2817 2320 Ecclesia:
2857 2264 3174 2335 dignitatem
3216 2268 3455 2338 episcopi
3481 2268 3698 2323 habeat.
3730 2271 3847 2336 Qui

2243 2366 2423 2413 autem
2453 2358 2592 2428 apud
2640 2373 2757 2427 eos,
2801 2359 2894 2431 qui
2944 2358 3197 2416 dicuntur
3243 2363 3473 2431 catltari,
3522 2365 3849 2419 nominatur

2243 2448 2561 2518 episcopus,
2595 2447 2794 2503 habeat
2843 2449 3107 2507 honorem
3150 2452 3482 2523 presbyteri,
3540 2454 3639 2509 nisi
3692 2454 3849 2511 forte

2241 2538 2508 2607 placuerit
2552 2540 2808 2611 episcopo
2835 2541 3069 2596 nominis
3112 2541 3373 2597 honorem
3401 2541 3475 2597 illi
3506 2547 3845 2601 concedere.

2242 2629 2298 2686 Si
2321 2630 2422 2685 hoc
2450 2638 2629 2686 autem
2660 2632 2709 2688 ei
2741 2633 2962 2688 minime
2993 2634 3274 2704 placuerit,
3309 2636 3547 2692 inveniat
3573 2640 3620 2693 ei
3654 2640 3846 2696 locum

2240 2723 2635 2794 chorepiscopi,
2663 2733 2755 2779 aut
2777 2724 3095 2795 presbyteri,
3122 2733 3181 2780 ut
3207 2726 3261 2780 in
3290 2727 3434 2783 clero
3461 2732 3681 2785 omnino
3713 2747 3849 2787 esse

2186 2840 2195 2845 ν
2244 2811 2505 2879 videatur,
2529 2829 2597 2869 ne
2622 2814 2672 2869 in
2695 2816 2915 2871 civitate
2937 2814 3044 2871 duo
3074 2816 3182 2872 sint
3211 2820 3471 2895 episcopi.

2311 2906 2401 2962 IX.
2443 2908 2499 2964 Si
2530 2910 2620 2981 qui
2646 2910 2762 2967 sine
2814 2912 3217 2970 examinatione
3257 2916 3555 2988 presbyteri
3595 2924 3845 2989 promoti

2238 2999 2367 3069 sint,
2398 3002 2484 3057 vel
2531 3017 2649 3057 cum
2691 3003 3116 3071 discuterentur,
3166 3018 3387 3077 peccata
3441 3026 3538 3065 sua
3593 3012 3841 3069 confessi

2238 3092 2364 3159 sint,
2389 3093 2573 3163 eisque
2596 3094 2878 3163 confessis,
2904 3096 3148 3152 homines
3172 3106 3360 3152 contra
3387 3114 3648 3155 canonem
3671 3105 3842 3171 muti,

2239 3198 2426 3240 manus
2455 3183 2827 3256 imposuerint,
2860 3187 2993 3242 tales
3021 3203 3196 3242 canon
3229 3204 3335 3243 non
3367 3189 3601 3247 admittit
3634 3210 3647 3245 :
3681 3194 3842 3262 quod

2244 3276 2389 3331 enim
2416 3277 2837 3348 reprehensibile
2866 3288 2981 3343 est,
3027 3279 3293 3337 catholica
3334 3280 3571 3337 Ecclesia
3600 3299 3709 3339 non
3730 3286 3842 3342 de-

2241 3365 2426 3423 fendit.

2312 3459 2380 3514 Χ.
2422 3460 2738 3532 Quicunque
2766 3479 2831 3518 ex
2854 3464 3016 3533 lapsis
3037 3464 3267 3521 ordinati
3293 3474 3418 3521 sunt
3447 3480 3543 3537 per
3571 3467 3839 3537 ignoran-

2238 3555 2388 3622 tiam,
2417 3564 2510 3610 aut
2523 3556 3000 3612 dissimulationem
3029 3574 3219 3613 eorum
3243 3559 3335 3629 qui
3362 3574 3457 3615 eos
3482 3556 3837 3630 ordinarunt,

2236 3646 2459 3705 hocnon
2473 3647 2992 3718 pmjudicatcanoni
3019 3648 3427 3717 Ecclesiastico;
3455 3652 3651 3721 cogniti
3677 3654 3833 3707 ειιίηι

2232 3736 2594 3811 deponuntur.
2992 3741 3000 3750 ’

2306 3829 2397 3885 XI.
2441 3833 2516 3886 De
2546 3833 2628 3886 his
2657 3834 2748 3902 qui
2795 3835 3130 3903 praevaricati
3171 3844 3296 3891 sunt
3331 3836 3449 3891 sine
3478 3838 3838 3908 necessitate,

2235 3930 2328 3978 aut
2353 3920 2663 3977 lacullatura
2691 3923 2985 3993 ablatione,
3013 3931 3107 3980 aut
3135 3927 3252 3982 sine
3282 3927 3548 3998 periculo,
3598 3935 3689 3981 aut
3719 3928 3839 3983 ali-

2234 4030 2341 4085 qno
2372 4016 2657 4085 ejusmodi,
2682 4018 2826 4089 quod
2848 4019 3048 4076 factum
3075 4030 3157 4077 est
3177 4023 3276 4077 sub
3304 4021 3585 4093 tyrannide
3608 4019 3837 4090 Licinii,

2237 4108 2402 4163 visum
2433 4116 2513 4163 est
2541 4108 2770 4179 synodo,
2801 4109 2931 4175 licet
2959 4112 3327 4167 misericordia
3356 4112 3554 4182 indigni
3575 4112 3705 4180 sint,
3735 4112 3843 4168 be-

2236 4198 2496 4267 nignitate
2526 4206 2707 4256 tamen
2739 4201 2792 4256 in
2822 4218 2916 4257 eos
2940 4203 3039 4257 uti.
3063 4203 3378 4275 Quicunque
3406 4220 3535 4275 ergo
3560 4221 3689 4262 vere
3717 4222 3841 4276 pa}

2237 4291 2426 4355 nitent,
2454 4292 2626 4347 tribus
2648 4294 2805 4349 annis
2830 4293 3015 4351 lideles
3036 4295 3176 4350 inter
3194 4294 3479 4351 audientes
3500 4295 3839 4364 habeantur,

2235 4390 2289 4435 et
2317 4390 2523 4452 septem
2555 4384 2711 4439 annis
2748 4386 2966 4454 jaceant
2998 4404 3011 4438 :
3058 4384 3265 4441 duobus
3295 4393 3476 4441 autem
3524 4386 3678 4442 annis
3707 4388 3843 4445 sine

2239 4473 2537 4541 oblatione,
2563 4475 2762 4546 populo
2789 4476 3191 4532 communicent
3219 4476 3271 4531 in
3302 4476 3653 4533 orationibus.

619 4580 703 4634 ιϐ’.
752 4583 813 4636 Oi
851 4582 903 4638 δὲ
952 4585 1341 4663 προσκληθέντες
1386 4592 1476 4661 μέν
1514 4590 1613 4645 ἀπὸ
1658 4599 1749 4651 τῆς
1794 4590 2016 4667 χάριτος
2052 4597 2133 4648 καὶ

2311 4586 2423 4642 XII.
2464 4586 2779 4660 Quicunque
2810 4590 2986 4645 vocati
3033 4605 3129 4662 per
3156 4592 3415 4661 gratiam,
3445 4592 3673 4663 primum
3700 4595 3839 4661 qui-

545 4677 636 4730 τιόν
666 4676 872 4749 πρώτην
903 4674 1061 4751 ὁρμήν
1102 4677 1451 4751 ἐνδειξάμενοι,
1481 4685 1565 4736 καί
1590 4682 1887 4755 ἀποθέμενοι
1914 4687 2009 4745 τὰς
2037 4688 2133 4749 ζὼ-

546 4788 665 4829 νας,
695 4770 825 4837 μετά
854 4768 906 4824 δὲ
930 4778 1093 4826 ταῦτα
1122 4773 1204 4829 ἐπί
1233 4775 1316 4829 τὸν
1352 4779 1534 4831 οἰκεῖον
1558 4774 1733 4848 ἔμετον
1754 4776 2133 4852 ἀναδραμόντες

546 4860 616 4916 ὡς
642 4856 807 4923 κύνες,
838 4862 905 4920 ὥς
932 4883 1071 4923 τινας
1093 4868 1176 4917 καὶ
1198 4865 1419 4941 ἀργύρια
1438 4869 1705 4943 πρόεσθαι,
1731 4870 1814 4925 καί
1840 4869 2133 4940 βενεφικίοις

545 4950 856 5023 κατορθῶσαι
881 4948 1115 5027 [δωρεαῖς
1143 4957 1225 5008 καί
1256 4954 1611 5029 ὑποσχέσεσι]
1638 4960 1695 5015 τὸ
1716 4958 2130 5034 ἀναστρατεύσα-

544 5042 685 5107 σθαι,
739 5040 879 5099 οὗτοι
918 5042 1038 5100 δέκα
1079 5044 1166 5105 ἴτη
1212 5050 1678 5119 ύποπιπτέτωσαν,
1726 5057 1858 5125 μετά
1906 5056 1992 5110 τὸν
2038 5064 2131 5116 τῆς

546 5139 777 5206 τριετοῦς
806 5136 1095 5209 ἀκροάσεως
1125 5140 1330 5215 χρόνον·
1353 5141 1606 5213 ἐφ’ἀπασι
1633 5142 1686 5198 δέ
1713 5145 1933 5215 τούτοις,
1962 5166 2128 5222 προσ·-

522 5222 650 5282 ¹τήκει
673 5223 916 5290 ἐξετάζειν
940 5233 1029 5287 τήν
1056 5234 1345 5307 προαίρεσιν
1368 5236 1453 5288 καὶ
1478 5235 1536 5289 τό
1563 5230 1692 5295 εἶδος
1714 5243 1807 5297 τῆς
1837 5239 2126 5304 μετανοίας.

543 5314 692 5373 Ὅσοι
732 5321 821 5388 μὲν
866 5322 963 5394 γὰρ
1007 5325 1091 5375 καί
1137 5324 1271 5395 φόϐῳ
1302 5329 1382 5379 καί
1410 5324 1629 5401 δάκρυσι
1656 5332 1739 5395 υἱ
1777 5328 2003 5404 ύπομονῇ
2044 5334 2129 5385 καί

540 5411 911 5484 ἀγαθοεργίαις.
936 5416 1025 5469 τήν
1054 5414 1355 5490 ἐπιστροφήν
1381 5415 1506 5491 ἔργῳ
1550 5423 1633 5474 καί
1658 5422 1717 5475 ού
1744 5427 1983 5492 σχήματι
2011 5424 2125 5477 ἐπι-

542 5500 843 5567 δείκνυνται,
873 5498 1011 5557 οὖτοι
1038 5504 1395 5579 πληρώσαντες
1425 5511 1509 5563 τόν
1535 5512 1722 5583 χρόνόν
1746 5514 1829 5567 τὸν
1854 5516 2130 5589 ὡρισμένον

543 5601 633 5650 si:
674 5594 992 5668 ἀκροάσεως,
1021 5600 1225 5660 εἰκότως
1250 5608 1350 5655 τῶν
1377 5604 1549 5673 ιύχῶν
1574 5611 1962 5667 κοινωνήσουσι.
1994 5613 2123 5680 μετὰ
2152 5630 2157 5635 ”

540 5691 628 5738 τοῦ
673 5684 846 5750 ἐξεῖναι
887 5698 958 5757 τῷ
1007 5693 1268 5762 ἑπισκόπῳ
1316 5698 1398 5749 καὶ
1438 5697 1895 5773 φιλυνθρωπότερόν
1926 5721 1975 5755 τι
2006 5704 2126 5776 περὶ

540 5774 702 5830 κύτῶν
758 5782 1160 5839 Ξουλεύσασθαι·
1193 5784 1304 5840 ὅσοι
1346 5785 1398 5840 δέ
1440 5786 1723 5860 ἀδιαγύοως
1762 5790 2011 5861 ἤνεγκαν,
2043 5797 2122 5847 γαί

609 5917 638 5949 ⁸
686 5914 969 5983 legeretur
1000 5924 1190 5977 melius
1213 5948 1221 5981 :
1244 5930 1361 5998 Περὶ
1392 5934 1555 5981 τῶν...
1586 5925 1855 6002 καθαροὺς,

2238 4678 2359 4734 dem
2386 4679 2635 4735 ardorem
2660 4679 2886 4737 ﬁdemve
2908 4696 3059 4737 suam
3086 4683 3532 4752 ostenderunt,ct
3550 4682 3840 4751 cingulum

2237 4770 2438 4825 militia:
2464 4771 2852 4841 deposuerunt,
2886 4781 3076 4843 postea
3107 4789 3235 4828 vero
3282 4782 3341 4828 ut
3382 4788 3549 4828 canes
3579 4772 3645 4827 ad
3667 4788 3840 4829 suum

2236 4864 2498 4919 vomitum
2539 4864 2741 4920 reversi
2770 4871 2917 4929 sunt,
2952 4865 3023 4919 ita
3048 4872 3107 4921 ut
3134 4864 3299 4935 aliqui
3326 4870 3381 4918 et
3408 4864 3697 4934 pecuniam
3721 4863 3839 4920 da-

2236 4967 2382 5027 rent,
2405 4967 2460 5013 ct
2488 4942 2771 5015 beneﬁciis
2794 4958 3039 5013 militiam
3069 4966 3399 5029 repeterent,
3431 4958 3484 5012 hi
3512 4956 3700 5012 decem
3722 4972 3839 5012 an-

2237 5051 2320 5106 nis
2356 5051 2596 5121 jaceant,
2640 5058 2764 5121 post
2790 5050 3004 5105 triennii
3044 5048 3335 5103 auditionis
3384 5056 3614 5117 tempus.
3643 5046 3702 5101 in
3742 5047 3842 5105 bis

2235 5154 2414 5200 autem
2438 5144 2686 5199 omnibus
2707 5143 2999 5198 observare
3027 5130 3243 5212 oportet
3271 5140 3609 5212 propositum
3630 5147 3687 5194 et
3712 5155 3842 5197 mo-

2232 5233 2358 5289 dum
2390 5234 2737 5305 poenitentiae.
2784 5232 3101 5301 Quicunque
3129 5231 3274 5287 enim
3318 5239 3374 5286 et
3402 5231 3615 5295 timore,
3656 5236 3715 5286 et
3746 5229 3841 5286 la-

2232 5327 2451 5397 crymis,
2477 5334 2530 5380 et
2551 5325 2834 5395 patientia,
2863 5333 2919 5379 et
2946 5323 3104 5379 bonis
3131 5322 3384 5393 operibus
3409 5320 3839 5378 conversionem

2232 5421 2434 5489 absque
2455 5420 2799 5475 simulatione
2819 5419 3213 5483 demonstrant,
3232 5416 3287 5471 bi
3309 5413 3586 5471 deﬁnitum
3609 5422 3839 5484 tempus

2234 5512 2524 5567 auditionis
2555 5511 2869 5581 implentes,
2901 5518 3010 5563 tum
3041 5508 3256 5563 demum
3303 5505 3637 5562 orationibus
3664 5519 3836 5560 com-

2232 5604 2600 5669 municabunt,
2632 5611 2687 5658 et
2729 5610 2918 5673 postea
2949 5601 3131 5657 licebit
3159 5600 3441 5670 episc0po,
3492 5598 3561 5652 de
3589 5596 3676 5651 bis
3720 5598 3837 5653 ali-

2229 5697 2357 5766 quid
2386 5694 2670 5752 humanius
2691 5695 2954 5763 cogitare.
2982 5692 3302 5761 Quicunque
3333 5706 3460 5747 vero
3506 5686 3832 5745 indifferen-

2228 5802 2311 5848 ter
2342 5790 2603 5856 tulerunt,
2651 5798 2707 5843 et
2754 5788 2994 5843 habitum
3037 5785 3332 5841 Ecclesiam
3371 5782 3678 5839 introeundi
3716 5784 3831 5839 sibi

1889 5932 2011 5983 ποτέ
2045 5928 2119 5996 δὲ,
2140 5937 2269 5995 elc.,
2298 5936 2356 5983 ut
2383 5916 2662 5995 postulare
2682 5921 2892 5979 videtur
2928 5920 3088 5979 lectio
3117 5918 3325 5975 Latina.
3363 5919 3515 5975 Em.
