3946 6336
201 375 272 430 £5
1167 363 1390 419 CODEX
1430 364 1752 420 CANONUII
1798 364 2162 422 UNIVERS£
2203 366 2582 425 ECCLESIE.
3447 372 3515 426 ις

208 482 268 532 τό
299 488 506 552 σχῆμα
533 486 623 534 τοῦ
653 480 863 535 είσιίναι
909 483 977 540 είς
1022 487 1110 539 τήν
1151 483 1414 539 ἐκκλησίαν
1443 485 1612 558 ἀρκεῖν
1651 486 1817 544 αὐτοῖς

1931 485 2166 541 arbitrati
2197 495 2320 541 sunt
2350 487 2413 540 ad
2436 489 2843 544 conversionem
2871 489 3136 552 sufﬁcere.
3161 491 3214 546 hi
3235 492 3518 547 deﬂltlttlllt

211 578 489 644 έγιὰσαντο
514 575 643 649 πρὸς
671 580 764 634 τήν
796 577 1148 652 ἐπιστρέφειαν
1178 572 1547 650 [ἐπιστροφγξν],
1577 579 1624 640 ἐξ
1657 577 1815 632 ἄπαν-

210 687 297 725 τος
329 667 719 741 πληροότωσαν
747 669 831 722 τὸν
858 668 1066 743 χρόνον.

289 756 386 828 ιγ’.
422 761 540 830 Περὶ
563 757 617 813 δέ
641 766 744 814 τῶν
774 756 1102 823 ἐξοδευόντων
1119 798 1136 820 ,
1165 757 1191 812 ὃ
1215 758 1428 820 παλαιὸς
1458 764 1541 814 καί
1568 783 1813 821 κανονικος

211 849 375 918 νόμος
407 849 798 920 γυλαχθήσεται
823 852 908 904 καί
933 857 1044 913 νῦν,
1071 851 1225 916 ὥστε,
1254 847 1308 902 εἴ
1339 871 1419 911 τις
1459 851 1696 918 ἐξοδεύοι,
1727 860 1816 908 τοῦ

210 937 534 997 τελευταίου
552 945 634 996 καί
655 943 1056 1014 ἀναγκαιοτάτου
1084 942 1282 1014 ἐφοδίου
1309 948 1378 1014 μή
1405 946 1818 1020 ἀποστερεῖσθαι.

212 1034 270 1086 Εἰ
299 1031 362 1088 δέ
409 1036 750 1105 ἀπογνωσθείς
776 1036 856 1088 καί
895 1028 1148 1094 κοινωνίας
1182 1033 1332 1090 πάλιν
1371 1039 1571 1107 τυχών,
1598 1037 1748 1091 πάλιν
1771 1039 1820 1092 ἐν

212 1130 326 1182 τοῖς
383 1127 544 1186 ζῶσιν
566 1125 827 1198 ἐξετασθῇ,
849 1125 980 1194 μετά
1004 1132 1106 1180 τῶν
1133 1127 1497 1182 κοινωνούντων
1535 1134 1626 1188 τῆς
1658 1128 1820 1198 εὐχῆς

217 1217 379 1285 μόνης
415 1215 572 1272 ἴστω.
618 1216 832 1271 καθόλου
859 1214 913 1271 δέ
935 1219 1018 1271 καί
1049 1219 1171 1292 περὶ
1199 1218 1391 1279 πάντας
1415 1219 1717 1275 οὑτινοσοῦν
1744 1222 1821 1286 ἐξ·

215 1306 279 1362 οδ
308 1310 491 1369 uim-ro;
509 1311 771 1370 αἰτοῦντος
787 1315 876 1364 τοῦ
896 1317 1185 1380 μετασχεῖν
1206 1311 1568 1386 εὐχαριστίας,
1583 1310 1608 1366 ὁ
1622 1312 1732 1366 ini:
1745 1333 1822 1368 xo—

213 1421 319 1459 πος
336 1402 474 1471 μετᾶ
488 1398 792 1472 δοκιμασίας
803 1398 1117 1473 μεταδιδότω
1131 1397 1387 1470 [ἐπιδότω]
1400 1409 1491 1463 τῆς
1503 1409 1820 1478 προσφορᾶς.

289 1490 382 1545 ιδ’.
403 1493 516 1568 Περὶ
538 1499 635 1546 τῶν
655 1493 1057 1564 κατηχουμένων
1079 1495 1167 1546 καί
1186 1493 1586 1568 παραπεσόντων
1604 1492 1740 1560 ἔδοξε
1760 1504 1821 1572 τῇ

215 1583 349 1654 ἁγίᾳ
369 1586 453 1634 καὶ
470 1580 659 1656 μεγάλῃ
673 1578 895 1652 συνόδῳ,
908 1582 1039 1637 ὥστε
1059 1588 1212 1655 τριῶν
1229 1583 1352 1636 ἐτῶν
1367 1583 1548 1644 αὐτοὺς
1561 1585 1822 1656 ἀκροωμέ-

216 1691 306 1722 νου
315 1689 340 1727 ς
359 1671 536 1738 μόνον,
546 1691 605 1740 με
614 1670 678 1724 τὰ
692 1679 858 1725 ταῦτα
873 1667 1124 1740 εὔχεσθαι
1136 1672 1268 1740 μετὰ
1291 1678 1390 1725 τῶν
1403 1693 1526 1730 κατη
1531 1693 1676 1744 χουμ
1687 1676 1700 1724 .'
1702 1696 1796 1728 νων
1805 1714 1816 1726 .

293 1763 376 1814 ιε’.
405 1764 496 1815 Διά
526 1762 606 1815 τόν
641 1761 795 1815 πολὺν
819 1759 1060 1835 τάραχον
1088 1764 1168 1815 καί
1197 1762 1289 1822 τὰς
1335 1763 1546 1822 στάσεις
1571 1766 1666 1824 τὰς
1687 1753 1821 1836 γινοο

1925 586 2132 647 tempus
2166 579 2387 634 omnino
2419 579 2691 651 impleam.

1994 777 2128 833 XIII.
2173 779 2246 834 De
2277 781 2358 836 his
2385 783 2474 851 qui
2523 782 2629 836 vita
2660 782 2947 850 excedunt,
2981 793 3134 839 vetus
3165 794 3222 840 et
3249 789 3511 840 canonica

1925 869 2006 923 lex
2040 886 2179 925 nunc
2207 885 2423 940 quoque
2450 873 2770 938 servabitur,
2805 882 2864 928 ut
2893 875 2938 929 si
2968 876 3090 944 quis
3120 875 3227 928 vita
3260 875 3510 936 excedat,

1925 961 2112 1017 ultimo
2142 972 2196 1018 et
2227 966 2530 1022 necessario
2552 967 2750 1022 viatico
2772 967 2990 1022 minime
3011 967 3271 1038 privetur.
3296 967 3352 1021 Si
3384 983 3514 1022 vero

1923 1052 2259 1123 desperatus,
2291 1065 2346 1110 et
2367 1059 2801 1114 communionem
2833 1067 3112 1114 assecutus
3133 1060 3513 1128 supervixerit,

1923 1145 1993 1200 sit
2044 1145 2185 1200 inter
2227 1162 2323 1204 eos
2371 1149 2462 1218 qui
2493 1150 2933 1205 communionem
2973 1151 3237 1206 orationis
3278 1159 3495 1206 tantum-

1924 1235 2088 1291 modo
2109 1246 2530 1307 consequuntur.
2547 1237 2890 1296 Generaliter
2916 1249 3097 1296 autem
3118 1243 3265 1297 omni
3290 1241 3514 1297 cuilibet

1925 1324 1976 1379 in
2000 1327 2145 1381 exitu
2167 1327 2366 1397 posito,
2380 1338 2436 1384 et
2451 1329 2786 1386 eucharistia:
2808 1332 3270 1402 participationem
3287 1335 3510 1402 petenti,

1925 1421 2211 1489 episcOpns
2239 1436 2361 1476 cum
2389 1421 2789 1477 examinatione
2815 1423 3142 1480 oblationem
3169 1425 3461 1494 impertiat.

1996 1511 2135 1568 XIV.
2181 1515 2255 1569 De
2303 1515 2711 1572 catechumenis
2756 1515 2920 1588 lapsis
2965 1517 3168 1586 placuit
3214 1525 3411 1571 sancta:
3457 1526 3509 1570 et

1925 1616 2130 1671 magnze
2159 1604 2387 1674 synodo,
2421 1615 2478 1660 ut
2516 1605 2552 1660 ii
2591 1606 2761 1661 tribus
2791 1607 2946 1661 annis
2983 1607 3264 1662 audientes
3304 1616 3507 1662 tantum

1924 1693 2049 1757 sint,
2085 1702 2273 1764 postea
2304 1703 2462 1750 orent
2480 1711 2602 1751 cum
2624 1699 3042 1755 catechumenis.

1999 1782 2110 1837 XV.
2155 1783 2384 1855 Propter
2405 1788 2661 1842 tumultus
2681 1796 2736 1842 et
2759 1789 3050 1845 seditiones
3070 1805 3187 1860 qua:
3212 1791 3362 1856 tiunt,
3392 1791 3474 1861 pla
3489 1823 3506 1832 -

217 1853 396 1920 μένας,
428 1850 568 1916 ἔδοξε
594 1850 898 1907 παντάπασι
920 1855 1299 1927 περιαιρεθῆναι
1326 1859 1415 1912 τὴν
1436 1857 1700 1912 συνήθειαν
1731 1861 1818 1915 τήν

1931 1875 2034 1928 cuit
2061 1877 2283 1931 omnino
2311 1879 2757 1934 consuetudinem
2804 1883 2937 1946 tolli,
2969 1899 3088 1952 qua:
3120 1893 3314 1954 prmter
3341 1900 3506 1940 cano-

218 1946 484 2020 παρᾶτόν
513 1946 692 2002 κανόνα
733 1947 1025 2022 εὑρεθεῖσαν
1066 1947 1117 2004 ἵν
1153 1968 1260 2003 τισι
1296 1950 1522 2023 μίρεσιν,
1554 1951 1687 2005 ὥστε
1717 1953 1818 2006 ἀπὸ

220 2039 421 2099 πόλεως
444 2039 520 2102 εἰς
545 2040 690 2093 πόλιν
729 2044 798 2108 μή
825 2039 1180 2112 μεταϐαίνειν,
1208 2043 1332 2110 μήτε
1363 2041 1663 2101 ἐπίσκοπον,
1691 2046 1816 2109 μήτε

220 2130 599 2204 πρεσϐύτερον,
630 2132 752 2201 μέτε
771 2127 1025 2185 διάκονον.
1045 2131 1103 2181 Εἰ
1124 2129 1176 2183 δέ
1199 2151 1276 2190 τις
1298 2132 1430 2200 μιτᾶ
1452 2132 1537 2186 τόν
1557 2138 1647 2191 τῆς
1669 2131 1818 2204 ἁγίας

223 2223 302 2274 καί
323 2221 546 2294 μεγάλης
579 2219 791 2275 συνόδου
829 2219 962 2294 ὅρον,
990 2222 1200 2291 τοιούτῳ
1230 2223 1327 2275 τινί
1356 2223 1759 2296 ἐπιχειρήσειεν,
1787 2223 1817 2282 ἢ

221 2310 418 2369 ἐπιδοίη
443 2311 620 2365 ἑαυτὸν
640 2313 905 2384 πράγματι
926 2313 1164 2383 τοιούτῳ,
1191 2312 1576 2390 ἀκυρωθήσεται
1597 2312 1818 2378 ὶξιίπειν-

220 2422 309 2461 m;
336 2402 758 2470 κατασκεύασμα,
784 2403 868 2456 καί
893 2403 1429 2463 ἀποκατασταθήσεται
1578 2406 1815 2480 ἐκκλησία

215 2492 241 2546 ἐ
277 2494 304 2548 ό
332 2497 616 2554 ἐπίσκοπος
639 2493 668 2553 ἧ
700 2494 725 2548 ό
749 2496 1099 2568 πρεσϐύτερος
1128 2497 1502 2569 ἐχειροτονήθη.

292 2584 382 2645 ις’.
411 2583 564 2639 Ὀσοι
608 2583 971 2657 ῥιψοκινδύνως
1000 2592 1126 2656 μήτε
1154 2589 1237 2643 τόν
1271 2589 1418 2660 φόϐον
1445 2595 1530 2644 τοῦ
1573 2593 1686 2644 θεοῦ
1715 2592 1818 2664 πρὸ

216 2675 484 2745 ὀφθαλμῶν
512 2673 748 2746 ἔχοντες,
774 2679 904 2745 μήτε
932 2678 1013 2731 τόν
1043 2677 1452 2735 ἐκκλησιαστικὸν
1475 2681 1656 2734 κανόνα
1683 2679 1814 2735 εἰδό-

217 2785 301 2824 τες
342 2766 759 2840 ἀναχωρήσωσι
802 2775 899 2827 τῆς
938 2768 1226 2835 ἐκκλητίας,
1260 2771 1623 2846 πρεσϐύτεροι,
1651 2773 1680 2832 ἦ
1710 2771 1816 2828 διὰ-

218 2877 373 2915 ῑονοι,
407 2857 438 2915 ἦ
467 2858 592 2918 ίλως
615 2860 664 2912 ἐν
690 2868 762 2930 τῷ
790 2860 948 2914 κανόνι
987 2863 1330 2933 ἐξεταζόμενοι
1348 2905 1364 2931 ,
1396 2862 1541 2920 οὗτοι
1584 2864 1817 2938 οὐδαμῶς

215 2949 382 3007 aurei
425 2953 706 3024 ὀφείλουσιν
749 2950 875 3010 εἶναι
920 2957 968 3009 ὲν
1014 2956 1162 3032 ἑτέρᾳ
1206 2957 1465 3032 ἐκκλησίᾳ,
1489 2959 1610 3016 ἀλλά
1645 2966 1818 3016 πᾶσαν

218 3045 372 3105 τοῖς*ι
631 3047 910 3120 ἐπάγεσθαι
933 3054 1061 3124 χρή,
1078 3051 1407 3124 ἀναστρέφειν
1432 3053 1501 3112 εἷς
1521 3053 1609 3113 τὰς
1629 3053 1817 3107 ἕαυτὼν

218 3138 514 3209 παροικίας·
541 3136 574 3197 ἦ
603 3140 951 3210 ἐπιμένοντας.
982 3142 1344 3202 ἁκοινωνήτους
1376 3139 1499 3197 εἶναι
1540 3151 1812 3219 προσήκει.

1926 1980 2046 2020 nem
2073 1966 2126 2020 in
2155 1967 2475 2036 quibusdam
2498 1971 2739 2039 partibus
2768 1972 3054 2037 invenitur,
3081 1982 3139 2028 ut
3163 1990 3191 2028 a
3214 1975 3430 2030 civitate
3456 1978 3508 2029 in

1919 2054 2192 2112 civitatem
2225 2072 2326 2113 nec
2351 2059 2659 2130 episcopus,
2704 2077 2803 2117 nec
2848 2063 3148 2136 presbyter,
3182 2080 3280 2120 nec
3325 2065 3509 2120 diaco-

1921 2162 2021 2203 nus
2051 2148 2422 2203 transferatur.
2473 2150 2530 2205 Si
2575 2152 2698 2220 quis
2745 2163 2923 2208 autem
2974 2164 3094 2224 post
3139 2155 3508 2211 delimtionem

1922 2247 2121 2294 sancta:
2150 2246 2204 2294 et
2233 2254 2443 2310 magna:
2469 2242 2684 2313 synodi,
2717 2243 2822 2299 tale
2850 2245 2981 2314 quid
3013 2247 3503 2315 aggressns'fuerit.

1920 2327 2006 2383 vel
2031 2344 2091 2384 se
2113 2328 2192 2384 rei
2220 2329 2494 2400 ejusmodi
2519 2331 2748 2401 dederit,
2772 2335 2916 2404 quod
2937 2332 3137 2390 factum
3158 2337 3264 2392 erit
3287 2337 3508 2393 omnino

1922 2420 2300 2487 inlirmabitur,
2333 2433 2390 2478 et
2419 2420 2673 2480 Ecclesia;
2721 2428 3034 2482 restituetur
3059 2429 3144 2483 cui
3176 2427 3350 2484 fuerat
3389 2432 3507 2500 epi-

1921 2527 2140 2581 scopus,
2172 2520 2264 2567 aut
2293 2511 2597 2585 presbyter,
2628 2516 2715 2571 vel
2743 2515 3002 2572 diaconus
3030 2517 3325 2572 ordinatus.

2000 2600 2138 2655 XVI.
2182 2602 2500 2674 Quicunque
2533 2613 2739 2662 temere
2771 2616 2825 2662 et
2853 2608 3247 2664 inconsiderate
3275 2625 3377 2666 nec
3415 2611 3506 2665 Dei

1924 2691 2171 2748 timorem
2202 2709 2312 2764 pra:
2343 2695 2512 2752 oculis
2541 2696 2824 2765 habentes,
2855 2715 2954 2754 nec
2975 2699 3395 2757 ecclesiasticum
3417 2718 3507 2758 ca-

1925 2798 2119 2838 nonem
2150 2794 2529 2854 agnoscentes,
2558 2787 2625 2842 ab
2654 2785 2892 2843 Ecclesia
2918 2789 3260 2845 discesserint
3282 2793 3507 2864 presby-

1922 2873 2024 2928 teri
2065 2872 2150 2928 vel
2193 2873 2429 2939 diaconi,
2465 2875 2548 2930 vel
2595 2877 2901 2947 quicunque
2946 2879 3166 2934 omnino
3209 2881 3261 2936 in
3299 2897 3508 2937 canone

1925 2973 2290 3028 recensentur,
2316 2965 2369 3019 hi
2391 2980 2728 3037 nequaquam
2751 2967 2946 3024 debent
2969 2969 3021 3022 in
3043 2969 3199 3024 aliam
3225 2972 3507 3026 ecclesiam

1924 3057 2110 3126 recipi,
2143 3057 2240 3112 sed
2268 3059 2491 3114 omnino
2520 3060 2746 3128 cogendi
2776 3069 2899 3115 sunt
2920 3062 2970 3116 in
2996 3077 3120 3118 suas
3149 3063 3384 3132 ipsorum
3417 3080 3508 3135 pa—

1924 3148 2116 3204 roccias
2141 3148 2317 3204 redire
2342 3166 2354 3200 :
2384 3149 2468 3204 vel
2492 3151 2535 3206 si
2567 3160 2934 3221 perseverent,
2959 3168 3054 3209 eos
3079 3168 3110 3208 a
3129 3157 3510 3212 communione

220 3229 271 3277 £3
294 3231 376 3279 καί
398 3227 694 3294 τολμήσειέν
713 3251 790 3290 τις
804 3231 1109 3306 ὑφαρπᾶσαι
1131 3233 1214 3285 τὸν
1232 3240 1300 3301 τῷ
1320 3231 1474 3308 ἑτέρῳ
1497 3232 1813 3310 διαφέροντα,

1931 3239 2120 3308 privari
2167 3249 2402 3310 oportet.
2436 3240 2492 3296 Si
2523 3243 2644 3312 quis
2684 3243 2845 3298 etiam
2877 3260 3040 3300 ausus
3077 3244 3237 3300 fuerit
3266 3261 3387 3301 eum
3418 3250 3510 3316 qui

220 3320 303 3370 καί
329 3327 698 3394 χειροτονῆσαι
725 3322 775 3374 ἰν
798 3329 860 3393 τῇ
891 3324 1053 3376 αὐτοῦ
1076 3320 1342 3398 ἔκκλησίᾳ,
1368 3331 1438 3395 μή
1468 3332 1819 3398 συγκατατιθε-

216 3413 370 3477 μένου
392 3418 489 3465 τοῦ
510 3409 639 3466 ἰδίου
664 3411 968 3482 ἐπισκόπου,
993 3412 1050 3468 οὗ
1074 3417 1407 3492 ἀνεχώρησεν
1433 3417 1457 3472 ό
1485 3419 1531 3470 ἐν
1557 3428 1629 3485 τῷ
1656 3420 1819 3474 κανόνι

220 3503 596 3573 ξεταζόμενος,
628 3501 813 3580 ἄκυρος
844 3503 981 3560 ἔστω
1008 3508 1037 3564 ἦ
1074 3511 1385 3583 χειροτονία.

293 3661 371 3726 ιζ’.
403 3659 608 3720 Ἐπειδή
633 3662 808 3717 πολλοί
827 3664 875 3716 ἐν
896 3671 972 3734 τῷ
996 3666 1160 3719 κανόνι
1188 3662 1532 3738 ἐξεταζόμενοι
1558 3674 1646 3725 τήν
1667 3669 1817 3723 πλεο-

221 3756 382 3819 νεξίαν
423 3757 512 3808 καί
556 3760 646 3814 τήν
687 3755 1123 3832 αἰσχροκερδείαν
1146 3756 1234 3828 [τό
1261 3758 1641 3835 αἰσχροκερδεῖς
1668 3759 1677 3828 I
1708 3760 1820 3816 διώ-

219 3867 412 3908 mag,
430 3847 731 3902 ἐπελάθοντο
767 3853 861 3903 τοῦ
903 3848 1037 3902 θείου
1077 3850 1380 3923 γράμματος
1421 3851 1672 3920 λέγοντος,
1705 3871 1723 3903 ι
1754 3855 1820 3907 Τὸ

218 3940 468 4014 ἂρτύριον
501 3940 664 3994 αὐτοῦ
710 3941 798 3993 οὐκ
833 3937 1021 3994 ἔδωκεν
1048 3941 1134 3994 ἐπί
1175 3941 1325 4011 τόκῳ,
1363 3959 1380 3991 ε
1402 3944 1485 3995 καί
1509 3939 1819 4006 δανείζοντες

217 4029 503 4091 iuranti:
547 4032 881 4086 ἀπαιτοῦσιν·
933 4029 1229 4086 ἐδικαίωσεν
1261 4033 1291 4090 ἦ
1331 4031 1453 4104 ἁγία
1501 4035 1587 4087 καί
1631 4035 1819 4105 μεγάλη

220 4123 454 4188 σύνοδος,
495 4127 569 4185 ὡς
587 4122 732 4184 εἴτις
759 4125 983 4199 εὑρεθείη
1021 4125 1152 4190 μετᾶ
1180 4125 1266 4179 τόν
1293 4121 1410 4198 ὅρον
1432 4132 1614 4179 τοῦτον
1639 4130 1820 4186 τόκους

218 4215 498 4284 λαμϐάνειν
523 4217 578 4269 ίκ
609 4219 1057 4287 μεταχειρήσεως,
1093 4214 1125 4274 ἦ
1151 4211 1310 4285 ἄλλως
1355 4217 1735 4288 μετερχόμενος
1763 4221 1820 4273 τὸ

217 4314 466 4384 ῬἆἹμας
491 4307 524 4366 ἦ
553 4307 778 4378 ’ὀμιολίας
802 4309 1033 4361 ἀπαιτῶν
1051 4346 1066 4371 ,
1096 4305 1125 4365 ἧ
1165 4306 1291 4366 ὁλως
1320 4307 1493 4382 ἕτερόν
1521 4329 1570 4362 τι
1609 4309 1818 4365 ἐπινοῶν

219 4401 457 4470 αἰσχροῦ
487 4393 696 4472 κέρδους
733 4397 911 4464 ἕνεκα,
939 4398 1355 4471 καθαιρεθήσεται
1383 4403 1473 4451 τοῦ
1499 4397 1706 4471 κλήρου,
1737 4403 1819 4453 καί

217 4489 492 4562 ἀλλότριος
513 4493 608 4542 τοῦ
637 4486 840 4547 κανόνος
863 4484 1043 4547 ἔσται.

293 4583 380 4640 ιη’.
427 4577 605 4634 Ἦλθεν
634 4582 706 4639 εἰς
732 4583 822 4638 τὴν
849 4577 999 4650 ἁγίαν
1038 4599 1124 4633 και
1153 4578 1370 4651 μεγάλην
1399 4576 1630 4645 σύνοδοι,

219 4696 334 4731 τισι
380 4673 562 4733 τόποις
605 4675 694 4727 καί
729 4671 956 4735 πόλεσιν,
985 4677 1094 4732 τοῖς
1141 4671 1514 4749 πρεσϐυτέροις
1541 4677 1631 4731 τήν
1659 4675 1822 4744 εὐχα-

216 4772 430 4843 ριστίαν
476 4767 526 4821 οἰ
568 4763 795 4822 διάκονοι
833 4763 1090 4830 διδόασιν,
1117 4761 1241 4842 ὅπερ
1286 4761 1458 4820 οὕτεό
1494 4767 1670 4830 κανὼν,
1695 4763 1818 4819 οἵτε

221 4863 253 4919 ἦ
279 4863 531 4918 συνήθεια
555 4857 869 4933 παρέδωκεν,
900 4859 1020 4918 τοὺς
1049 4858 1282 4923 ἐξουσίαν
1304 4862 1374 4926 μὴ
1394 4853 1617 4927 ἔχοντες
1648 4877 1817 4931 προσ·

222 4956 409 5030 φερειν,
435 4960 544 5013 ηοῖς
573 4953 928 5029 προσφερουσι
973 4947 1168 5005 διδόναι
1191 4949 1250 5004 τὸ
1279 4954 1430 5018 σῶμα
1454 4953 1549 5003 τοῦ
1573 4955 1818 5019 Χριστοῦ.

223 5049 428 5118 ιᾲκεῑνο
471 5042 530 5099 δὲ
578 5043 882 5119 ἕτνι-›ρίσθη,
912 5039 991 5097 ὅτι
1017 5038 1114 5099 ἤδη
1160 5041 1294 5100 τινές
1329 5047 1430 5094 τῶν
1467 5036 1710 5093 διακόνων
1739 5041 1822 5092 καί

223 5138 326 5210 πρὸ
347 5143 451 5189 τῶν
483 5132 776 5189 ἐπισκόπων
810 5141 903 5192 τῆς
947 5131 1286 5204 εὐχαριστίας
1329 5127 1598 5184 ἅπτονται.
1643 5133 1819 5182 Ταῦτα

221 5225 311 5281 οἷον
359 5230 530 5282 πάντα
576 5226 921 5299 περιῃρῆσθω,
966 5226 1051 5277 καὶ
1106 5221 1465 5292 ἕμμενέτωσαν
1509 5221 1554 5274 οί
1604 5217 1819 5276 διάκονοι

220 5326 332 5378 τοίς
388 5314 536 5375 ἰδίοις
589 5317 825 5390 μέτροις,
873 5310 1061 5374 εόδότες
1108 5309 1186 5366 ὅτι
1234 5317 1321 5366 τοῦ
1376 5313 1467 5380 μὲν
1532 5310 1817 5364 ἐπισκόπου

221 5409 484 5484 ὑπηρέται
526 5408 675 5471 εἰσὶν,
704 5411 805 5458 τῶν
851 5401 905 5458 δὲ
933 5401 1298 5476 πρεσϐυτέρων
1325 5400 1563 5460 ἐλάττους
1607 5401 1817 5472 τυγχά-

219 5519 386 5561 νουσι·
409 5502 810 5577 λαμϐανέτωσαν
833 5496 887 5554 δὲ
917 5499 1046 5553 κατά
1074 5501 1163 5554 τήν
1191 5496 1332 5560 τάξιν
1363 5499 1451 5552 τὴν
1478 5494 1818 5567 εὐχαριστίαν

219 5599 357 5670 μετά
403 5596 530 5654 τοὺς
573 5591 991 5668 πρεσϐυτέρους,
1038 5587 1068 5647 ἦ
1116 5593 1206 5642 τοῦ
1263 5586 1538 5642 ἐπισκόπου
1593 5582 1818 5644 διδόντος

220 5683 655 5765 ίμταδιδόντος]
705 5685 880 5745 αὐτοῖς
922 5682 954 5742 ἦ
1002 5690 1094 5739 τοῦ
1139 5682 1525 5757 πρεσϐυτέρου·
1578 5678 1702 5735 ἀλλά
1747 5687 1817 5757 μὴ

221 5781 475 5838 καθῆσθαι
503 5785 551 5832 ἐν
584 5780 728 5835 ιεᾶσω
755 5781 856 5831 τῶν
883 5775 1246 5848 πρεσϐυτέρων
1272 5773 1458 5836 ἐξέστω
1497 5778 1610 5833 τοῖς
1640 5770 1814 5828 διακό-

291 5897 323 5928 ⁸
357 5891 670 5966 Legendum
708 5890 918 5946 videtur
945 5891 1137 5949 αὐτοῖς.
1173 5883 1322 5942 Emr.

1924 3332 1990 3386 ad
2021 3331 2182 3385 alium
2215 3333 2469 3402 pertinet,
2502 3334 2793 3404 surripere,
2818 3345 2874 3390 et
2904 3337 2954 3391 in
2987 3352 3081 3391 sua
3111 3339 3336 3393 ecclesia
3363 3339 3509 3393 ordi-

1921 3437 2071 3487 nare,
2105 3439 2210 3478 non
2250 3426 2624 3481 consentiente
2662 3427 2883 3497 proprio
2913 3429 3188 3499 episcopo,
3222 3444 3250 3482 a
3280 3444 3387 3498 quo
3426 3445 3510 3486 re-

1921 3517 2082 3570 cessit
2111 3517 2201 3587 qui
2240 3517 2292 3572 in
2331 3533 2539 3573 canone
2578 3527 2849 3586 censetur,
2890 3519 3159 3574 ordinatio
3202 3519 3506 3589 huiusmodi

1924 3607 2074 3661 irrita
2106 3608 2229 3662 erit.

1995 3693 2156 3751 XVII.
2197 3696 2462 3763 Quoniam
2493 3698 2737 3767 plerique
2766 3698 2856 3766 qui
2888 3697 2939 3750 in
2969 3713 3178 3754 canone
3221 3713 3509 3756 recensen-

1922 3795 2008 3842 tur
2034 3788 2313 3842 avaritiam
2344 3795 2397 3841 et
2429 3796 2637 3856 turpem
2679 3796 2944 3856 quaestum
2986 3797 3280 3858 sectantes,
3318 3791 3510 3846 oblivi-

1919 3889 2142 3936 scuntur
2182 3879 2374 3934 divina:
2413 3870 2706 3948 Scriptura:
2735 3879 2962 3934 dicentis
2994 3899 3006 3933 :
3036 3880 3326 3937 Pecuniam
3351 3899 3506 3939 suam
3585 3909 3588 3913 -

1923 3989 2029 4027 non
2060 3971 2209 4026 dedit
2242 3970 2310 4026 ad
2337 3987 2551 4027 usuram
2596 3971 2768 4043 (Psal.
2812 3989 2922 4038 xw,
2954 3972 3008 4044 5)
3048 3991 3060 4026 :
3096 3981 3150 4028 et
3187 3975 3510 4031 ftenerantes

1923 4061 2242 4117 centesimas
2268 4061 2512 4130 exigunt,
2543 4075 2752 4131 aequum
2781 4063 2993 4117 censuit
3021 4071 3206 4119 sancta
3236 4072 3291 4120 et
3318 4079 3509 4136 magna

1925 4153 2184 4225 synodus,
2216 4163 2275 4208 ut
2304 4154 2347 4209 si
2380 4154 2500 4224 quis
2529 4153 2778 4210 inventus
2809 4153 2969 4211 fuerit
2999 4165 3122 4227 post
3149 4158 3290 4213 hanc
3315 4159 3508 4213 deﬁni-

1924 4245 2125 4300 tionem
2158 4261 2350 4301 usuras
2377 4261 2589 4301 sumere
2614 4261 2681 4301 ex
2711 4255 2922 4314 mutuo,
2954 4249 3040 4304 vel
3069 4249 3226 4304 aliter
3246 4264 3365 4306 eam
3396 4266 3509 4305 rem

1922 4336 2221 4390 consectari
2251 4345 2343 4389 aut
2371 4337 2620 4408 sescupla
2661 4339 2901 4408 exigere,
2934 4341 3016 4394 vel
3055 4342 3274 4396 omnino
3312 4342 3508 4411 aliquid

1924 4423 2070 4479 aliud
2101 4427 2414 4496 excogitare
2443 4430 2615 4499 turpis
2647 4429 2777 4484 lucri
2805 4432 2996 4498 gratia,
3029 4447 3060 4486 e
3097 4432 3242 4486 clero
3273 4432 3510 4502 depona-

1921 4524 2028 4582 tur,
2061 4526 2116 4571 et
2144 4517 2351 4572 alienus
2381 4534 2408 4573 a
2441 4535 2652 4576 canone
2683 4521 2897 4576 existat.

1663 4578 1819 4685 δξιῖν
1853 4611 1900 4672 ι)
1996 4606 2181 4663 XVIII.
2225 4608 2476 4666 Pervenit
2522 4611 2590 4665 ad
2636 4620 2882 4666 sanctum
2925 4626 3284 4685 magnumque
3328 4619 3511 4671 conci-

1929 4700 2080 4762 lium.
2103 4701 2246 4769 quod
2280 4702 2331 4756 in
2362 4702 2683 4770 quibusdam
2709 4703 2843 4758 locis
2864 4711 2919 4758 et
2947 4705 3274 4775 civitatibus,
3298 4705 3508 4763 diaconi

1927 4791 2256 4862 presbyteris
2282 4792 2662 4847 eucharistiam
2701 4793 3004 4863 praebcant;
3034 4796 3180 4864 quod
3209 4812 3384 4867 neque
3419 4815 3512 4853 ca-

1929 4900 2057 4952 non,
2096 4899 2270 4954 neque
2311 4885 2648 4940 consuetudo
2692 4887 2927 4952 tradidit,
2961 4897 3019 4942 ut
3058 4889 3146 4959 qui
3189 4897 3509 4960 potestatem

1929 4977 2188 5034 otfercndi
2217 4994 2325 5033 non
2354 4977 2576 5047 habent,
2600 4979 2687 5034 his
2715 4979 2804 5048 qui
2833 4979 3064 5036 oti‘erunt
3086 4996 3285 5053 corpus
3311 4983 3510 5038 Christi

1928 5071 2223 5145 porrigant.
2255 5069 2390 5124 Illud
2415 5071 2577 5125 etiam
2615 5071 2848 5126 innotuit
2877 5073 3019 5141 quod
3049 5073 3160 5140 jam
3203 5073 3416 5142 quidam
3444 5089 3509 5129 ex

1928 5162 2169 5217 diaconis
2185 5163 2349 5217 etiam
2372 5170 2499 5219 ante
2520 5164 2803 5234 episcopos
2825 5163 3201 5218 eucharistiam
3225 5165 3505 5233 attingant.

1925 5247 2117 5309 Omnia
2148 5254 2310 5324 igitur
2356 5255 2456 5310 ista
2503 5253 2834 5322 auferantur,
2872 5263 2927 5310 et
2963 5254 3176 5309 diaconi
3209 5255 3346 5310 intra
3378 5271 3507 5324 pro-

1929 5347 2099 5418 priam
2146 5363 2452 5403 mensuram
2498 5358 2777 5416 maneant,
2817 5349 3050 5404 scientes
3090 5350 3234 5419 quod
3277 5350 3510 5405 ministri

1927 5448 2051 5496 sunt
2068 5441 2464 5511 episcoporum,
2490 5449 2543 5496 et
2571 5441 2903 5514 presbyteris
2931 5441 3212 5498 inferiores
3237 5441 3506 5498 existant:

1926 5530 2192 5601 accipiant
2213 5539 2389 5586 autem
2411 5547 2509 5584 suo
2539 5531 2726 5586 ordine
2745 5532 3122 5588 eucharistiam
3146 5539 3267 5602 post
3289 5533 3510 5607 presby-

1927 5630 2091 5686 teros,
2123 5621 2210 5676 vel
2245 5623 2504 5693 episcopo
2552 5623 2714 5679 dante
2760 5623 2846 5678 vel
2893 5623 3233 5696 presbytero;
3266 5623 3360 5679 sed
3409 5639 3513 5681 nee

1925 5713 2113 5769 sedere
2157 5714 2210 5768 in
2250 5713 2428 5769 medio
2477 5715 2910 5786 presbyterorum
2955 5713 3192 5768 diaconis
3239 5715 3419 5782 liceat,
3453 5717 3507 5772 id

1922 5807 2066 5862 enim
2100 5806 2155 5860 tit
2191 5814 2386 5876 pneter
2415 5820 2676 5861 canentem
2712 5813 2766 5857 et
2799 5803 3060 5859 ordinem.
3093 5803 3149 5860 Si
3179 5807 3298 5877 quis
3325 5815 3505 5863 autem
