3946 6336
449 371 527 427 i?!
1495 387 1499 392 '
1759 373 2111 431 DIONYSIUS
2152 373 2479 430 EXIGUIJS.
3690 364 3760 418 43

469 510 590 553 νοις,
623 509 763 564 παρα
791 491 968 544 κανόνα
996 490 1093 563 γάρ
1125 492 1205 542 καὶ
1235 492 1377 560 παρά
1401 493 1536 555 τάξιν
1563 493 1670 544 ἐστὶ
1694 491 1750 543 τὸ
1777 491 2050 563 γινόμενον.

2170 486 2380 541 obedire
2429 485 2659 540 noluerit
2701 491 2824 554 post
2861 485 2960 540 has
2998 484 3356 552 deﬁnitiones,
3389 485 3606 542 desinat
3633 502 3760 542 esse

469 581 527 630 Εἰ
564 577 618 633 δέ
656 600 734 638 τις
775 584 844 650 μή
884 579 1011 632 θέλοι
1049 578 1354 652 πειθαρχεῖν
1385 582 1467 633 καὶ
1505 580 1634 650 μετὰ
1676 579 1893 637 τούτους
1935 581 2055 638 τοὺς

467 667 641 745 ὅρους,
670 670 956 726 πεπαύσθω
986 677 1078 729 τῆς
1108 667 1378 729 διακονίας.

538 758 616 815 ιϐ’.
664 763 778 834 Περὶ
817 766 914 814 τῶν
959 759 1403 815 Παυλιανισάντων
1447 755 1919 830 [παυλιανιστῶν],
1954 752 2059 811 ε’Ῠτα

469 852 864 924 προσφυγόντων
912 859 976 924 τῇ
1024 850 1257 925 καθολικῇ
1305 851 1580 924 ἐκκλησία,
1628 847 1745 922 ὅρος
1787 849 2060 903 ἐκτέθειται

467 943 904 1006 ἀναϐαπτίζεσθαι
939 945 1122 1001 αὐτοὺς
1153 942 1451 1006 ἓξάπαντος.
1495 943 1552 993 Εἰ
1579 938 1630 993 δέ
1660 961 1790 999 τινες
1820 947 1890 1009 τῷ
1921 958 2059 1009 παρ-

468 1036 724 1092 εληλυθότι
759 1035 930 1110 χρόνῳ
964 1037 1014 1087 ἐν
1049 1041 1121 1104 τῷ
1156 1033 1316 1106 κλήρῳ
1353 1034 1731 1097 ἐξηπατήθησαν
1766 1030 2059 1102 [ἐξητάσθη-

469 1126 607 1196 sua],
625 1131 669 1179 si
690 1129 778 1195 μέν
798 1122 1058 1195 ἄμεμπτοι
1081 1127 1166 1178 καί
1190 1124 1519 1182 ἀνεπίληπτοι
1544 1131 1763 1193 φανεῖεν,
1783 1122 2063 1177 ἀναϐαπτι-

468 1220 668 1279 σθέντες
685 1217 1173 1290 χιιροτονείσθωσαν
1189 1216 1292 1270 ὑπὸ
1307 1221 1394 1270 τοῦ
1413 1224 1504 1274 τῆς
1525 1214 1747 1272 καθολικῆ
1758 1235 1780 1273 ς
1795 1213 2061 1272 ἐκκλησίας

469 1312 772 1365 ἐπισκόπου.
804 1312 856 1363 Εἰ
884 1307 936 1363 δέ
975 1310 1005 1365 ἡ
1041 1310 1307 1381 ἀνάκρισις
1352 1304 1733 1364 ἀνεπιτηδείους
1765 1305 1946 1364 αὐτοὺς
1977 1301 2064 1356 εὖ·

471 1407 659 1469 ρίσκοι,
690 1402 1029 1475 καθαιρεῖσθαι
1077 1403 1260 1459 αὐτοὺς
1305 1402 1553 1476 προσήκει
1576 1412 1588 1428 ⁸
1623 1398 1873 1456 ὡσαύτως
1897 1393 1950 1449 δέ
1979 1397 2064 1448 καὶ

466 1496 589 1566 ¹περὶ
633 1500 731 1546 τῶν
767 1490 1112 1553 διακονισσῶν,
1142 1494 1227 1546 καί
1259 1490 1384 1550 όλως
1431 1491 1552 1564 περὶ
1589 1497 1686 1544 τῶν
1717 1490 1764 1541 ἐν
1793 1493 1866 1559 τῷ
1896 1485 2064 1538 κανόνι

470 1581 672 1658 ίκλήρῳῙ
699 1583 1052 1655 ἐξεταζομένων
1077 1581 1100 1635 ό
1127 1582 1277 1640 αὐτὸς
1309 1585 1473 1640 τύπος
1499 1577 2060 1654 παραφυλαχθήσεται.

477 1675 708 1744 Ἐμνήσθη
725 1674 813 1742 μέν
826 1670 877 1726 δὲ
892 1669 984 1742 [F.
1002 1667 1087 1738 δὴ]
1102 1678 1199 1724 τῶν
1220 1668 1549 1724 διακονισσῶν
1560 1674 1660 1722 τῶν
1675 1669 1722 1720 ἐν
1737 1673 1808 1738 τῷ
1823 1669 2063 1736 σχήματι

474 1765 855 1827 ἐξετασθεισῶν,
885 1763 993 1815 ἐπεὶ
1021 1760 1144 1834 μηδέ
1173 1761 1494 1833 χειροθεσίαν
1525 1760 1639 1813 τινά
1667 1755 1907 1828 ἔχουσιν,
1928 1756 2060 1808 ὥστε

474 1857 746 1919 ἐξάπαντος
776 1857 824 1908 ἐν
853 1863 959 1913 τοῖς
983 1855 1168 1912 λαξκοῖς
1200 1854 1362 1910 αὐτὰς
1392 1851 1734 1914 ἐξετάζεσθαι.

543 1945 598 1999 κ’.
643 1943 842 2003 Ἐπειδή
889 1945 1015 2004 τινές
1055 1948 1185 1998 εἰσιν
1214 1942 1261 1994 ἐν
1288 1950 1350 2016 τῇ
1381 1948 1596 2014 κυριακῇ
1633 1940 1752 2011 γόνυ
1792 1939 2060 2000 κλίνοντες,

472 2038 555 2092 καὶ
579 2035 629 2088 ἐν
656 2041 768 2095 ταῖς
813 2041 903 2093 τῆς
929 2041 1276 2092 πεντηκοστῆς
1317 2033 1554 2105 ἡμέραις,
1587 2031 1720 2104 ὑπὲρ
1766 2035 1859 2084 τοῦ
1896 2029 2062 2083 πάντα

475 2131 524 2180 ι“ν
562 2128 703 2202 πάσῃ
741 2127 981 2200 παροικίᾳ
1010 2123 1212 2195 ξόμοίως
1261 2123 1621 2196 φυλάττεσθαι,
1655 2121 1887 2178 ἑστῶτας
1920 2116 2060 2183 ἔδοξε

477 2225 536 2292 τῇ
565 2218 684 2291 ἁγία
714 2213 911 2285 συνόδῳ
950 2218 1038 2277 τάς
1067 2217 1228 2286 εὐχάς
1258 2211 1551 2269 ἀποδιδόναι
1576 2220 1648 2286 τῷ
1680 2219 1805 2282 Θεῷ.

2093 1877 2140 1938 Β

2161 580 2439 636 diaconus.

2232 754 2366 808 XIX.
2408 754 2484 809 De
2524 753 2882 820 Paulianistis,
2916 756 2961 811 si
2994 756 3061 810 ad
3093 755 3387 812 Ecclesium
3428 758 3765 815 catholicam

2161 847 2519 916 confugerint,
2568 847 2847 902 deﬁnitum
2889 856 2974 901 est
3015 863 3109 902 eos
3141 850 3363 904 omnino
3406 851 3765 920 rebaptizari.

2161 937 2220 994 Si
2249 939 2344 1010 qui
2385 955 2515 995 vero
2559 940 2832 1010 praeterito
2879 946 3126 1010 tempore
3167 942 3223 995 in
3270 942 3418 997 clero
3460 941 3682 1011 fuerint,
3721 945 3769 999 si

2161 1031 2382 1102 quidem
2411 1031 2673 1101 inculpati
2703 1040 2758 1087 et
2781 1031 3299 1102 irreprehensibiles,
3325 1035 3642 1104 rebaptizati
3671 1054 3766 1093 or-

2163 1123 2419 1178 dinentur
2459 1121 2528 1176 ab
2580 1122 2840 1191 episcopo
2888 1122 3168 1178 catholicae
3210 1121 3484 1178 Ecclesiae.
3529 1127 3584 1180 Si
3628 1143 3768 1183 vero

2165 1212 2478 1277 examinati,
2503 1211 2680 1265 minus
2711 1211 2822 1280 apti
2847 1209 3171 1278 deprehensi
3200 1211 3416 1280 fuerint,
3441 1214 3642 1284 deponi
3666 1232 3770 1271 eos

2165 1303 2419 1358 convenit
2445 1321 2457 1356 :
2486 1303 2736 1357 similiter
2780 1311 2958 1357 autem
2987 1311 3042 1358 et
3070 1303 3138 1357 de
3185 1302 3522 1371 diaconissis,
3557 1316 3612 1362 et
3643 1325 3767 1361 uiii-

2165 1393 2294 1446 nino
2324 1391 2390 1447 de
2417 1392 2501 1448 his
2529 1393 2622 1461 qui
2651 1393 2751 1447 sub
2791 1406 3001 1448 canone
3033 1402 3341 1460 versantur,
3367 1396 3555 1451 eadem
3585 1397 3768 1452 turnia

2167 1481 2489 1536 servabitur.
2537 1480 2967 1537 Diaconissarum
3006 1491 3184 1538 autem
3231 1485 3596 1555 meminimus,
3643 1504 3770 1557 qua:

2169 1570 2224 1625 in
2256 1570 2443 1625 habitu
2471 1571 2690 1640 quidem
2729 1586 2849 1626 esse
2883 1580 3189 1638 censentur,
3227 1574 3354 1642 quia
3388 1591 3519 1630 vero
3558 1579 3769 1634 nullam

2169 1679 2360 1720 manus
2391 1664 2790 1734 impositionem
2821 1665 3041 1733 habent,
3074 1675 3133 1721 ut
3160 1667 3382 1723 omnino
3414 1670 3554 1725 inter
3587 1671 3770 1728 laicos

2171 1756 2298 1827 ipsa:
2328 1755 2674 1826 deputentur.

2241 1935 2355 1989 XX.
2399 1934 2666 2002 Quoniam
2702 1945 2825 1992 sunt
2857 1936 3094 2006 quidam,
3125 1939 3218 2009 qui
3246 1939 3332 1996 die
3361 1939 3633 1997 dominico
3663 1959 3767 2014 ge-

2172 2039 2277 2078 nua
2307 2024 2550 2089 ﬂectunt,
2581 2031 2637 2079 et
2667 2024 2723 2078 in
2762 2025 2952 2081 diebus
2981 2024 3346 2092 Pentecostes,
3381 2038 3441 2084 ut
3471 2033 3652 2086 omnia
3687 2033 3770 2086 si-

2169 2117 2371 2172 militer
2399 2115 2454 2170 in
2484 2116 2631 2170 omni
2660 2117 2896 2186 parmcia
2926 2128 3229 2185 serventur,
3251 2121 3426 2176 visum
3453 2133 3536 2178 est
3561 2117 3772 2180 Sancta:

2171 2208 2404 2280 synodo,
2435 2216 2641 2264 stantes
2666 2209 2776 2266 Deo
2806 2211 3079 2267 orationes
3109 2215 3435 2282 persolvere.

1257 2312 3746 2337 _—_—‘_———‘————-‘—_———-——————w—-——.

1447 2391 2000 2496 CONCILII
2078 2387 2759 2496 ANCYRANI
2811 2358 2816 2362 ”

1527 2557 1890 2620 CANONES
1937 2555 2115 2617 XXV
2174 2553 2305 2633 (an.
2340 2555 2493 2616 Chr.
2531 2555 2701 2636 31h).

597 2667 722 2743 Qui
751 2661 993 2745 quidem
1020 2666 1266 2742 priores
1297 2669 1442 2722 sunt
1467 2659 1768 2732 Nicamis,
1800 2657 1902 2718 sed
1936 2655 2073 2717 ideo
2100 2655 2448 2795 poistpost’ti
2483 2665 2631 2718 sunt
2673 2667 2937 2738 propter
2970 2666 3404 2727 auctoritatem
3434 2670 3658 2746 synodi

1906 2752 2172 2795 acumen
2204 2752 2305 2795 σω.

1906 2752 2305 2797 ωοανηεηισω.

538 2948 637 2980 αα.
671 2925 1058 3000 ῐιρεσϐυτέρους
1084 2923 1203 2980 τοὺς
1235 2919 1595 2983 ἐπιθύσαντας,
1627 2911 1739 2970 εἶτα
1782 2916 2047 2969 ἐπαναπαο

471 3016 774 3081 λαίσοιντας,
796 3020 922 3088 μήτε
955 3016 1006 3067 ἐκ
1031 3011 1245 3084 μεθόδου
1275 3012 1404 3070 τινὸς
1432 3010 1534 3063 ἀλλ’
1557 3011 1606 3074 ἐξ
1631 3009 1886 3072 ἀληθείας,
1922 3009 2048 3077 μήτε

2229 2909 2368 2966 XXI.
2393 2945 2436 2956 -ν
2489 2911 2541 2968 I.
2582 2912 2936 2988 Presbyteros
2965 2918 3056 2988 qui
3090 2919 3525 2992 immolaverunt,
3555 2925 3761 2982 deinde

2159 3011 2349 3060 contra
2378 3004 2626 3060 reluctati
2662 3014 2805 3075 sunt,
2851 3025 2960 3064 non
2997 3011 3339 3068 simulatione
3367 3015 3618 3084 quadam,
3647 3020 3752 3073 sed

471 3115 1058 3187 προκατασκευάσαντας
1078 3112 1162 3163 καί
1182 3105 1617 3165 ἑπιτηδεύσαντας
1634 3107 1717 3157 καὶ
1742 3105 2049 3168 πείσαντας,

2170 3110 2228 3150 ex
2263 3096 2514 3163 veritate,
2548 3110 2649 3152 nec
2675 3100 2780 3155 hoc
2812 3101 2962 3171 prius
2994 3103 3283 3158 machinati
3313 3113 3459 3173 sunt,
3491 3123 3590 3162 nec
3620 3124 3760 3164 con-

470 3208 546 3260 ἶνα
593 3204 776 3269 δόξωσι
819 3206 907 3276 μὲν
952 3202 1198 3273 βασάνοις
1241 3197 1630 3254 ὑποϐάλλεσθαι.
1659 3192 1852 3254 ταύτας
1889 3190 1944 3247 δὲ
1985 3198 2057 3264 τῷ

471 3296 632 3351 δοκεῖν
658 3299 739 3348 καὶ
760 3303 831 3367 τῷ
854 3299 1093 3364 σχήματι
1117 3291 1485 3365 προσαχθῆναι
1508 3282 1922 3364 [προσαχθῶσι]·
1944 3285 2058 3338 τού-

471 3408 590 3447 τους
621 3385 754 3450 ἕδοξε
785 3393 874 3445 τῆς
906 3387 995 3455 μὲν
1025 3391 1176 3453 τιμῆς
1214 3390 1306 3441 τῆς
1346 3383 1477 3434 κατὰ
1522 3383 1611 3436 τήν
1644 3376 1883 3452 καθέδραν
1912 3378 2056 3446 μετέ-

469 3499 602 3551 χειν,
633 3480 936 3553 προσφέρειν
969 3476 1020 3532 δέ
1053 3479 1258 3541 αὐτοὺς,
1289 3474 1319 3533 ἧ
1349 3473 1556 3544 ὁμιλεῢ),
1587 3478 1615 3531 ἦ
1647 3471 1773 3531 ὅλως
1814 3472 2053 3546 λειτουρ-

470 3579 568 3641 γεῖν
591 3593 642 3626 τι
674 3578 773 3625 τῶν
803 3571 1062 3644 ίερατικῶν
1109 3569 1429 3642 λειτουργιῶν
1459 3571 1528 3636 μὴ
1565 3566 1760 3629 ἐξεῖναι.

537 3745 629 3799 κδ’.
663 3752 923 3803 Διακόνους
955 3744 1133 3807 ὁμοίως
1171 3745 1458 3804 θύσαντας,
1489 3744 1618 3811 μετά
1648 3739 1700 3796 δέ
1736 3748 1903 3796 ταῦτα
1941 3743 2059 3795 ἀνα-

468 3837 832 3897 παλαίσαντας,
851 3840 939 3892 τήν
955 3836 1041 3902 μὲν
1061 3835 1217 3892 αὐτὴν
1241 3831 1271 3886 ἕ
1273 3853 1391 3904 χειν
1423 3833 1462 3896 ⁶,
1484 3833 1776 3886 πεπαῦσθαι
1799 3830 1851 3884 δέ
1875 3833 2059 3890 αὐτοὺς

466 3929 637 3987 πάσης
663 3934 752 3988 τῆς
776 3927 918 4001 ἱερᾶς
946 3923 1243 3999 [ἱερατικῆς]
1269 3924 1587 3994 λειτουργίας
1607 3963 1620 3985 ,
1645 3929 1735 3980 τῆς
1757 3941 1813 3976 τε
1845 3928 1944 3975 τοῦ
1967 3919 2059 3994 ἆρ-

466 4041 549 4074 τον
571 4019 601 4080 ἦ
637 4023 874 4089 ποτήριον
905 4018 1192 4088 ἀναφέρειν,
1231 4013 1260 4072 ἣ
1291 4015 1586 4086 κηρύσσειν.
1627 4015 1681 4065 Εἰ
1708 4015 1798 4082 μέν
1829 4013 1903 4066 τοί
1931 4032 2060 4073 τινες

466 4120 564 4167 τῶν
586 4109 871 4166 ἐπισκόπων
894 4111 1107 4166 τούτους
1131 4103 1378 4160 συνίδοιεν
1405 4103 1626 4175 [τούτοις
1653 4099 1941 4172 συνειδεῖεν]
1966 4110 2058 4156 κὰ-

467 4202 626 4272 ματόν,
645 4221 757 4255 τινα
775 4197 805 4257 ἦ
833 4200 1138 4252 ταπείνωσιν
1160 4195 1472 4270 πρᾳότητος,
1495 4197 1577 4248 καὶ
1597 4195 1799 4247 ἐθέλοιεν
1815 4191 1986 4248 πλεῖόν
2012 4217 2060 4248 τι

467 4293 649 4350 διδόναι
669 4292 699 4352 ἦ
729 4294 973 4366 ἀφαιρεῖν,
999 4289 1076 4344 ἐπ’
1096 4291 1269 4350 αὐτοῖς
1295 4284 1420 4342 εἶναι
1448 4292 1536 4347 τὴν
1561 4287 1810 4352 ἐξουσίαν.

2163 3187 2308 3242 sulto
2330 3203 2395 3243 ac
2419 3189 2486 3244 de
2514 3189 2777 3246 industria
2808 3193 2859 3246 id
2888 3195 3152 3260 fecerunt,
3176 3204 3231 3251 et
3262 3208 3659 3267 persuaserunt,
3699 3211 3762 3257 ut

2163 3279 2445 3334 tormentis
2486 3280 2676 3350 subjici
2709 3283 3039 3353 viderentur,
3073 3301 3196 3340 cum
3225 3301 3290 3341 ea
3321 3289 3500 3358 specie
3538 3300 3592 3344 et
3635 3295 3763 3362 opi-

2162 3386 2324 3425 nione
2369 3379 2576 3426 tantum
2618 3374 3194 3440 inferrenturzlvisum
3236 3387 3321 3434 est
3360 3395 3452 3437 eos
3493 3381 3760 3440 honorem

2161 3463 2378 3532 quidem
2416 3465 2559 3520 sedis
2599 3467 2837 3523 retinere
2865 3486 2876 3521 :
2911 3467 3110 3526 offerre
3150 3479 3331 3526 autem
3362 3472 3489 3541 illis,
3518 3481 3610 3528 aut
3639 3491 3761 3530 ser—

2162 3567 2378 3607 monem
2408 3555 2678 3624 conferre,
2706 3559 2790 3612 vel
2814 3561 3036 3615 omnino
3061 3577 3218 3618 sacro
3244 3562 3423 3634 aliquo
3452 3565 3759 3624 minisrerio

2162 3641 2309 3710 fungi
2339 3659 2448 3698 non
2474 3644 2674 3700 licere.

2233 3731 2394 3786 XXII.
2435 3766 2454 3777 -
2525 3735 2580 3789 ‘2.
2607 3734 2872 3792 Diaconos
2899 3739 3145 3796 similiter
3173 3744 3265 3812 qui
3309 3744 3756 3814 immolaverunt,

2162 3833 2352 3894 postea
2391 3834 2568 3880 autem
2600 3828 2850 3883 reluctati
2889 3841 3034 3897 sunt,
3065 3834 3215 3888 illum
3242 3837 3459 3904 quidem
3491 3839 3758 3896 honorem

2163 3915 2367 3971 habere
2394 3917 2600 3987 placuit
2651 3937 2662 3972 :
2713 3920 2860 3990 ipsos
2889 3938 3019 3979 vero
3061 3940 3274 3983 cessare
3317 3928 3386 3984 ab
3415 3933 3562 3985 omni
3598 3947 3759 3988 sacro

2163 4005 2468 4062 ministerio
2497 4008 2611 4064 sive
2638 4025 2832 4079 panem
2855 4015 2940 4069 vel
2955 4015 3176 4075 calicem
3205 4018 3483 4085 afferendi,
3509 4023 3595 4076 vel
3615 4039 3760 4093 prte-

2165 4097 2402 4153 dicandi.
2433 4097 2538 4154 Sed
2573 4100 2618 4154 si
2661 4102 2878 4170 quidam
2907 4107 3149 4177 episcopi
3169 4110 3371 4164 conscii
3400 4111 3507 4165 sint
3553 4110 3760 4169 laboris

2165 4206 2371 4256 eorum,
2408 4199 2463 4246 et
2489 4192 2804 4250 humilitatis
2838 4204 2894 4250 et
2922 4200 3369 4265 mansuetudinis,
3402 4209 3456 4256 et
3485 4202 3758 4258 voluerint

2164 4283 2242 4337 eis
2268 4283 2467 4352 aliquid
2506 4287 2734 4355 amplius
2784 4288 3044 4357 tribuere,
3075 4291 3160 4346 vel
3208 4295 3440 4360 auferre,
3477 4295 3528 4348 in
3558 4310 3756 4350 eorum

2169 4380 2434 4442 potestate
2462 4374 2514 4428 id
2547 4391 2687 4431 esse.

530 4469 625 4540 κγ’.
654 4469 782 4526 Τοὺς
828 4465 1104 4536 φεύγοντας
1139 4464 1224 4515 καί
1254 4461 1646 4532 συλληφθέντας,
1677 4458 1705 4517 ἦ
1742 4460 1841 4513 ύπό
1871 4459 2057 4512 οἰκείων

2235 4461 2417 4518 XXIII.
2442 4495 2498 4504 —
2538 4465 2590 4519 5.
2634 4465 2741 4521 Eos
2769 4468 2859 4536 qui
2902 4467 3168 4537 fugientes
3197 4472 3575 4541 comprehensi
3601 4467 3753 4539 sunt,

460 4558 837 4636 παραδοθέντας
857 4600 869 4621 ,
901 4554 930 4614 ἢ
963 4551 1122 4614 ἄλλως
1164 4555 1229 4606 τά
1259 4552 1572 4628 ὑπάρχοντα
1609 4550 1996 4622 ἀφαιρεθέντας,
2028 4550 2057 4606 ἧ

468 4654 829 4724 ὑπομείναντας
855 4649 1134 4721 βασάνους,
1159 4644 1190 4705 ἧ
1225 4648 1293 4706 εἰς
1325 4644 1667 4719 δεσμωτήριον
1696 4642 2057 4715 ἐμέληθέντας,

465 4745 684 4815 βοῶντας
700 4763 774 4806 τε,
793 4740 867 4796 ὅτι
881 4745 981 4796 εἰσί
1004 4742 1281 4816 χριστανοὶ
1304 4743 1382 4793 καί
1409 4738 1830 4812 περισχισθέντες
1845 4736 2057 4812 [περισ-

467 4832 753 4905 χεθέντας]ε
771 4833 879 4890 ἤτοι
903 4835 970 4892 εἷς
993 4839 1086 4891 τάς
1111 4840 1295 4906 χεῖρας
1318 4833 1446 4904 πρε-ς
1471 4831 1586 4899 βίαν
1608 4829 1938 4899 ἐμϐαινόντων
1958 4834 2056 4881 τῶν

467 4926 790 5000 βιαζομένων,
815 4922 842 4981 ἦ
866 4922 1048 4998 βρῶμά
1068 4943 1117 4975 τι
1143 4924 1271 4995 πρὸς
1295 4924 1508 4990 ἀνάγκην
1531 4920 1853 4992 δεξαμένους,
1879 4917 2057 4990 ὁμολο-

467 5020 675 5091 γοῦντάς
702 5038 755 5071 τε
783 5014 965 5076 διόλου,
1002 5012 1078 5069 ὅτι
1104 5017 1204 5068 εἰσί
1228 5015 1546 5087 χριστιανοί,
1574 5016 1658 5066 καί
1680 5013 1736 5066 τό
1758 5013 1931 5070 πένθος
1967 5017 2060 5064 τοῦ

466 5108 753 5176 συμϐάντος
775 5109 852 5160 ἀεὶ
874 5104 1304 5174 ἐπιδεικνυμένους
1327 5109 1386 5175 τῇ
1408 5105 1549 5175 πάσῃ
1570 5102 1857 5176 καταστολῇ
1882 5104 1963 5155 καὶ
1988 5109 2060 5175 τῷ

467 5205 737 5271 σχήματι,
764 5202 846 5251 καὶ
875 5206 935 5272 τῇ
974 5203 1061 5252 τοῦ
1093 5197 1207 5269 βίου
1240 5195 1587 5256 ταπεινότητι,
1619 5196 1832 5253 τοῦτθνς
1865 5195 1930 5252 ὡς
1960 5191 2059 5257 ἔξω

467 5293 831 5366 ἁμαρτήματος
862 5284 1011 5346 ὄντας
1031 5326 1049 5353 ,
1079 5296 1168 5346 τῆς
1211 5288 1469 5344 κοινωνίας
1503 5290 1570 5351 μή
1603 5283 1896 5338 κωλύεσθαο.
1930 5286 1984 5336 li
2006 5282 2057 5337 δὲ

465 5390 547 5440 καὶ
566 5384 881 5440 ἐκωλύθησαν
905 5379 1008 5436 ὑπό
1024 5401 1166 5434 τινων
1189 5381 1564 5454 περισσοτέρας
1587 5378 1848 5448 ἀκριϐείας
1872 5377 2050 5441 ἕνεκεν,

465 5478 493 5536 ἦ
515 5480 596 5531 καί
617 5497 763 5532 τινων
794 5476 991 5548 ἀγνοίᾳ,
1021 5473 1163 5531 εὐθὺς
1183 5469 1584 5546 προσδεχθῆναι.
1614 5471 1775 5522 Τοίτο
1798 5465 1850 5521 δὲ
1873 5467 2053 5536 ὁμοίως

466 5567 550 5622 ἒπί
570 5589 621 5623 τε
643 5576 740 5623 τῶν
771 5569 822 5620 ἐκ
849 5573 939 5620 τοῦ
963 5565 1148 5636 κλήρου
1172 5564 1252 5615 καί
1282 5570 1379 5614 τῶν
1412 5557 1567 5614 ἄλλων
1591 5559 1798 5615 λαῖκῶν.
1833 5559 2052 5631 Προσεξ-

467 5661 656 5715 ητάσθη
675 5656 726 5712 δὲ
751 5661 971 5732 κάκεῖνο,
996 5658 1036 5709 εἰ
1063 5653 1312 5708 δύνανται
1340 5656 1417 5704 καὶ
1440 5651 1598 5705 λαῐκοί
1620 5658 1679 5724 τῇ
1716 5651 1838 5723 αὐτῇ
1864 5651 2053 5723 ἀνάγκη

467 5747 813 5808 ὑποπεσόντες
830 5748 1178 5824 προσάγεσθαι
1206 5749 1276 5804 εἰς
1300 5747 1458 5808 τάξιν.
1484 5741 1678 5807 ’Ἐδοξεν
1715 5738 1802 5796 οὖν
1833 5746 1913 5796 καὶ
1939 5745 2053 5798 τεύ-

541 5861 558 5880 ¹
598 5860 946 5930 Subintellige
974 5865 1140 5932 τιμήν.
1175 5837 1327 5914 Eutr.

2167 4553 2253 4607 vel
2291 4568 2322 4606 a
2361 4553 2672 4611 domesticis
2702 4556 2904 4620 traditi.
2933 4560 3018 4614 vel
3045 4561 3156 4616 suis
3183 4562 3384 4633 alioqui
3411 4562 3760 4620 facultatibus

2167 4645 2382 4714 privati,
2409 4646 2494 4700 vel
2524 4655 2792 4703 tormenta
2832 4653 3092 4719 perpessi,
3127 4653 3214 4708 vel
3244 4653 3296 4708 in
3324 4670 3595 4710 carcerem
3625 4669 3760 4710 con-

2161 4735 2294 4804 jecti
2320 4743 2463 4800 sunt,
2495 4736 2790 4793 clamantes
2815 4754 2872 4793 se
2895 4755 3014 4795 esse
3030 4739 3386 4810 Christianos,
3415 4753 3470 4798 et
3498 4759 3564 4798 eo
3586 4761 3759 4813 usque

2170 4825 2378 4880 astricti
2426 4835 2571 4892 sunt,
2606 4838 2663 4882 ut
2695 4829 2730 4883 ii
2759 4831 2850 4898 qui
2877 4831 2984 4884 vim
3013 4830 3344 4901 ail‘erehant(
3372 4834 3533 4905 thus)
3561 4836 3612 4888 in
3638 4851 3760 4888 ma-

2167 4934 2267 4973 nus
2294 4919 2560 4975 violenter
2583 4921 3065 4992 immitterent,aut
3087 4926 3289 4996 aliquid
3317 4927 3503 4997 polluti
3534 4929 3635 4983 cibi
3656 4943 3759 4997 per

2162 5013 2540 5080 necessitatem
2572 5029 2785 5070 sumere
2827 5025 3172 5085 cogerentur,
3211 5019 3532 5074 confitentes
3562 5034 3761 5089 perpe-

2165 5111 2258 5158 tuo
2281 5110 2340 5158 Se
2367 5119 2487 5158 esse
2513 5103 2869 5174 Christianos,
2885 5116 2939 5162 et
2957 5107 3073 5176 ejus
3090 5109 3234 5180 quod
3260 5109 3457 5164 accidit
3483 5109 3755 5179 dolorem,

2163 5202 2218 5248 et
2245 5195 2444 5249 amictu
2473 5205 2529 5250 et
2557 5196 2760 5264 habitu,
2789 5205 2843 5252 et
2887 5198 3008 5253 vita:
3047 5199 3348 5256 humilitate
3404 5200 3761 5271 priesel‘eren-

2166 5295 2264 5348 tes,
2293 5287 2392 5342 hos
2422 5289 2566 5358 velut
2589 5290 2914 5359 incnlpatos,
2946 5306 2976 5345 a
3007 5294 3388 5348 communione
3417 5308 3524 5348 non
3555 5295 3754 5348 arceri.

2163 5379 2218 5433 Si
2240 5395 2371 5433 vero
2403 5380 2470 5433 ab
2500 5382 2679 5450 aliquo
2711 5385 2875 5436 etiam
2905 5391 3027 5438 sunt
3058 5384 3348 5453 prohibiti,
3376 5383 3594 5453 majoris
3623 5399 3760 5439 cau-

2166 5474 2326 5527 tionis
2376 5474 2563 5540 gratia,
2595 5475 2679 5528 vel
2710 5475 2872 5529 etiam
2913 5485 3137 5546 propter
3175 5475 3458 5544 quamdam
3498 5475 3762 5542 ignorari.

2165 5563 2310 5627 tiam,
2356 5566 2537 5618 statim
2561 5565 2928 5620 admittantur.
2964 5565 3078 5622 lloc
3121 5574 3301 5620 autem
3331 5566 3577 5622 similiter
3599 5575 3655 5620 et
3683 5565 3757 5621 de

2163 5655 2370 5708 clericis
2396 5665 2449 5708 et
2477 5656 2594 5710 aliis
2626 5655 2794 5712 laicis.
2827 5656 2958 5712 Illud
2981 5658 3141 5712 etiam
3166 5658 3515 5726 perquisitum
3547 5664 3650 5722 est,
3683 5671 3757 5711 an

2137 5793 2144 5798 ..
2163 5754 2381 5814 possent
2409 5747 2572 5802 etiam
2602 5747 2740 5814 laici,
2771 5749 2862 5818 qui
2912 5749 2965 5804 in
2989 5749 3233 5805 eamdem
3256 5748 3638 5805 necessitatem
3667 5746 3758 5804 in-
