3946 6336
179 417 244 470 49
1113 403 1338 461 CODEX
1375 400 1698 457 (SA-NONUM
1743 399 2106 456 UNIVERSJE
2150 398 2553 461 ECCLESIIE-
3377 402 3455 457 50-

181 550 320 595 τους,
357 529 427 591 ὦς
458 524 620 598 μηδὲν
657 523 1013 599 ἡμαρτηκότας
1054 518 1521 596 ίᾶμαρτήσαντας],
1555 520 1598 572 εί
1635 518 1766 575 καὶὴ

1911 515 2135 583 iderunt,
2167 517 2235 571 ad
2256 517 2497 572 ordinem
2528 517 2855 585 promoveri.
2887 516 3073 572 Visum
3103 526 3187 572 est
3213 533 3360 588 ergo,
3398 531 3452 575 rt

183 622 512 701 προλαϐοῦσα
540 620 828 694 εὑρίσκοιτο
860 615 976 692 ὀρθὴ
1002 619 1094 668 τοῦ
1117 613 1228 682 βίου
1268 612 1524 674 πολιτεία,
1555 629 1652 686 προ
1657 629 1770 678 λεια

181 714 432 786 ρίζεσθαι.
831 763 834 767 .

242 803 337 858 κδ.
376 805 495 877 Περὶ
515 807 615 854 τῶν
641 800 771 873 πρὸς
801 798 919 870 βίαν
948 795 1233 859 θυσάντων,
1265 793 1350 847 ἐπὶ
1377 790 1429 847 δὲ
1459 790 1659 849 τούτοις
1689 790 1772 843 καί

181 903 269 951 τῶν
300 894 685 953 δειπνησάντων
715 895 788 952 εἰς
825 893 890 945 τὰ
920 887 1097 944 εἴδωλα
1122 903 1135 916 ·
1167 885 1278 942 ὅσοι
1306 889 1394 955 μὲν
1434 885 1772 958 ἀπαγόμενοι,

183 989 258 1039 καὶ
289 990 542 1056 σχήματι
568 980 892 1054 σφοδροτέρῳ
929 974 1287 1052 [φαιδροτέρῳ]
1310 976 1512 1034 ἀνῆλθον
1534 1014 1549 1040 ,
1579 977 1662 1028 καί
1693 975 1777 1028 ἐσ-

182 1082 280 1136 θῆτι
314 1077 618 1146 ἐχρήσαντο
636 1071 1076 1143 πολυτελεστέρα,
1103 1071 1183 1122 καί
1205 1069 1466 1138 μετέσχον
1489 1072 1580 1121 τοῦ
1608 1085 1780 1140 παρα-

183 1169 549 1226 σκευασθέντος
567 1165 772 1220 δείπνου
795 1160 1098 1236 ἀδιαφόρως,
1122 1157 1286 1223 ἔδοξεν
1306 1158 1528 1212 ἐνιαυτὸν
1549 1158 1779 1229 ἀκροᾶσ-

185 1266 278 1327 (ut,
309 1265 598 1316 ὑποπεσεῖν
621 1255 674 1310 δέ
706 1257 828 1332 τρία
856 1252 942 1312 ἔτη
962 1293 978 1318 ,
1002 1252 1169 1323 εὐχῆς
1211 1249 1265 1305 δὲ
1296 1249 1446 1319 μόνης
1483 1255 1780 1304 κοινωνῆσαι

186 1350 264 1408 ἔτη
295 1350 416 1413 δύο,
439 1352 524 1402 mi
549 1349 664 1402 τότε
693 1346 852 1399 ἐλθεῖν
893 1344 976 1398 ἐπὶ
998 1343 1056 1398 τὸ
1081 1342 1278 1396 τέλειον.

252 1520 343 1573 κε.
377 1517 522 1572 Ὀσοι
549 1516 602 1572 δὲ
627 1517 831 1574 ἀνῆλθον
857 1516 990 1584 μετὰ
1014 1514 1219 1571 ἐσθῆτος
1249 1510 1512 1581 πενθικῆς,
1547 1512 1635 1562 καί
1660 1509 1776 1561 ἀνα·

188 1612 431 1668 πεσόντες
470 1609 654 1681 ἔφαγον
691 1610 880 1676 uxori-.5
923 1605 986 1659 δι’
1020 1604 1136 1664 ὅλης
1179 1619 1270 1662 τῆς
1333 1601 1640 1660 ἀνακλίσεως
1696 1598 1783 1654 δαο

191 1702 446 1775 κρύοντες,
473 1704 516 1752 εἰ
535 1700 838 1769 ἐπλήρωσαν
857 1699 939 1751 τὸν
961 1706 1051 1756 τῆς
1079 1698 1434 1756 ὑποπτὼσεως
1460 1696 1631 1768 τριέτη
1655 1693 1785 1766 χρό-

191 1815 289 1857 νον,
314 1796 484 1868 χωρὶς
505 1797 802 1866 προσπορᾶς
829 1787 1190 1860 δεχθὰτωσσν.
1217 1791 1274 1841 Εἰ
1301 1786 1354 1842 δέ
1380 1792 1449 1858 μὴ
1469 1787 1670 1861 ἔφαγον,
1689 1785 1784 1839 δύο

1875 622 1990 674 eos,
2009 615 2066 660 ut
2080 608 2171 676 qui
2186 607 2316 661 nihil
2339 615 2671 676 peccassem,
2686 608 2730 663 si
2751 608 2913 662 etiam
2935 607 3244 678 pmcedens
3263 625 3462 665 eorum.

1874 697 1996 751 vitae
2022 697 2360 752 instituenda:
2383 698 2522 753 ratio
2549 707 2698 753 recta
2721 699 3042 766 inveniatur,
3066 703 3392 771 promoveri.

1947 788 2132 843 XXIV.
2166 824 2237 831 —
2263 789 2315 843 4.
2359 790 2434 844 De
2460 790 2544 844 his
2573 791 2664 860 qui
2693 805 2791 860 per
2819 791 2926 845 vim
2955 792 3385 857 immolaverunt,
3400 803 3456 848 et

1877 889 2135 950 praeterea
2178 881 2244 934 ad
2285 881 2426 935 idola
2463 891 2812 938 coenaverunt
2843 901 2856 935 :
2888 884 3193 954 quicunque
3239 885 3456 941 abducti

1877 971 2091 1040 quidem
2121 982 2174 1025 et
2215 971 2420 1026 laetiore
2448 972 2634 1027 habitu
2670 983 3041 1041 accesserunt,
3066 983 3120 1030 et
3147 985 3298 1030 veste
3327 992 3455 1045 pre-

1879 1061 2085 1115 tiosiori
2128 1061 2206 1115 usi
2237 1071 2381 1127 sunt,
2429 1070 2484 1116 et
2528 1072 2841 1133 praeparata:
2885 1080 3052 1121 ccenze
3093 1065 3458 1123 indifferenter

1877 1151 2167 1220 participes
2203 1149 2437 1221 fuerunt,
2467 1153 2668 1222 placuit
2707 1169 2803 1210 eos
2851 1156 2993 1210 inter
3032 1157 3314 1214 audientes
3351 1174 3457 1213 uno

1880 1256 2022 1295 anno
2052 1243 2323 1308 constitui,
2356 1245 2526 1298 tribus
2555 1253 2733 1301 autem
2764 1248 2919 1302 annis
2943 1249 3211 1304 substerni
3242 1266 3307 1305 ac
3327 1267 3459 1321 sup-

1881 1333 2048 1402 plices
2070 1349 2206 1398 esse,
2222 1335 2321 1390 soli
2352 1344 2530 1391 autem
2561 1338 2792 1392 orationi
2814 1339 3021 1394 duobus
3047 1343 3200 1397 annis
3222 1359 3464 1398 commu-

1883 1425 2084 1489 nicare,
2115 1435 2170 1480 et
2199 1435 2325 1481 tunc
2359 1427 2425 1481 ad
2455 1429 2842 1498 perfectionem
2865 1433 3145 1488 accedere.

1957 1516 2116 1570 XXV.
2148 1545 2219 1555 -—
2244 1516 2294 1571 5.
2336 1520 2650 1590 Quicunque
2689 1530 2867 1578 autem
2913 1540 3030 1579 cum
3061 1535 3208 1580 veste
3253 1527 3464 1596 lugubri

1886 1617 2268 1676 accesserunt,
2319 1620 2374 1664 et
2413 1613 2789 1668 accumbentes
2840 1617 3210 1682 comederunt,
3258 1619 3464 1674 interea

1886 1705 2002 1752 toto
2035 1707 2275 1768 tempore
2321 1703 2596 1758 accubitus
2623 1703 2888 1774 lacrymas
2918 1706 3218 1774 fundentes,
3250 1711 3294 1764 si
3325 1727 3468 1765 com-

1887 1787 2170 1856 pleverunt
2194 1789 2571 1846 substrationis
2596 1795 2860 1850 triennale
2900 1805 3127 1866 tempus,
3162 1799 3278 1854 sine
3317 1801 3468 1855 obla—

194 1885 535 1943 ὑποπεσόντες
553 1881 670 1942 ἔτη,
689 1890 760 1952 τῷ
781 1885 937 1956 τρίτῳ
956 1881 1404 1938 κοινωνησάτωσαν
1430 1882 1597 1954 χωρὶς
1621 1897 1784 1950 προσ-

1912 1880 2032 1934 ionc
2065 1882 2410 1950 recipiantur.
2435 1882 2491 1937 Si
2513 1893 2691 1940 autem
2721 1901 2828 1940 non
2851 1889 3220 1958 comederunt,
3251 1891 3467 1948 biennio

193 1981 370 2051 φορᾶς,
397 1977 482 2028 ἵνα
507 1975 564 2028 τὸ
587 1975 841 2044 τέλειιντῇ
866 1977 1136 2045 τετραετίᾳ
1171 1972 1414 2025 λάϐωσιν.
1438 1973 1566 2029 Τοὺς
1597 1969 1647 2024 δὲ
1680 1971 1787 2023 ἐπι-

195 2069 412 2128 σκόπους
446 2069 682 2130 ἐξουσίαν
714 2065 856 2137 ἔχειν
894 2064 1173 2133 (Ξαὺὶηιρι.
1199 2064 1358 2133 ἔδοξε)
1385 2067 1467 2118 τὸν
1492 2065 1788 2138 τρόπονιτῆς

195 2159 502 2234 Eugepae-1'3;
530 2159 910 2228 δοκιμάσαντας
949 2159 1462 2235 μλανθρωπεὺεσθαι,
1503 2157 1532 2216 ἦ
1586 2158 1790 2212 πλείονα

197 2254 513 2322 προστιθέναι
539 2252 753 2326 χρόνον.
787 2252 883 2324 Πρό
925 2251 1125 2305 πάντων
1154 2250 1205 2304 δὲ
1231 2254 1311 2304 καί
1336 2250 1361 2304 ὁ
1392 2251 1631 2327 προάγων
1654 2252 1787 2320 βίος,

196 2347 272 2398 ui
301 2343 328 2398 ὁ
357 2345 491 2412 μετὰ
517 2350 706 2406 ταῦτα,
742 2344 1048 2406 ἐξεταζέσθω
1073 2356 1086 2370 ⁸
1130 2345 1214 2396 καί
1240 2342 1400 2401 οῗτως
1444 2343 1474 2398 ἡ
1521 2342 1788 2416 φιλανθρω-

196 2439 286 2487 πία
314 2437 705 2509 ἐπιμετρείσϐω.

263 2614 362 2674 ις’.
403 2616 526 2686 Περὶ
557 2619 657 2666 τῶν
697 2611 878 2685 ἀπειλῇ
917 2610 1064 2682 μόνον
1111 2612 1345 2676 εἰξάντων
1388 2611 1671 2677 κολάσεως,
1711 2617 1794 2666 καὶ

196 2703 506 2774 ἑῖαιρέσεως
536 2704 900 2777 ὑπαρχόντων,
925 2701 954 2758 ἡ
985 2702 1239 2771 μετοικίας
1257 2741 1272 2765 ,
1293 2703 1375 2754 καί
1401 2702 1685 2764 θυσὰντων,
1711 2701 1797 2754 καί

193 2794 357 2864 pg'zpa
381 2801 482 2848 τοῦ
502 2796 752 2869 παρόντος
777 2800 954 2867 καιροῦ
975 2799 1045 2864 μὴ
1071 2795 1510 2864 μετανοησάντων,
1535 2791 1660 2864 μηδέ
1685 2794 1796 2847 ἐπι·

195 2887 555 2959 στρεψάντων,
578 2894 663 2939 νῦν
691 2884 744 2938 δέ
766 2888 912 2959 παρὰ
936 2885 1021 2938 τὸν
1047 2889 1218 2957 καιρὸν
1232 2893 1324 2944 τῆς
1343 2881 1557 2939 συνόδου
1581 2883 1797 2956 προσελ-

195 2978 402 3043 θόντων,
435 2982 524 3031 καὶ
548 2982 619 3037 εἰς
644 2977 865 3032 διάνοιαν
885 2987 978 3038 τῆς
999 2977 1305 3050 ἐπιστροφῆς
1332 2979 1624 3050 γενομένων·
1651 2975 1795 3040 ἔδοξε

196 3075 362 3144 μέχρι
414 3080 509 3131 τῆς
547 3073 766 3143 μεγάλης
806 3074 999 3146 ἡμέρας
1030 3075 1100 3131 εἰς
1127 3073 1371 3148 ἀκρόασιν
1404 3071 1650 3141 δεχθῆναι
1670 3113 1682 3133 ,
1714 3074 1799 3125 καί

198 3167 332 3232 μετά
367 3170 461 3220 τήν
497 3164 714 3233 μεγάλην
743 3165 929 3237 ἡμέραν
951 3165 1233 3218 ὑποπεσεῖν
1257 3167 1377 3236 τρία
1408 3164 1524 3230 ἔτη,
1553 3168 1638 3219 καὶ
1666 3167 1796 3234 μετά

1891 1969 2164 2034 substrati,
2197 1973 2354 2026 tertio
2397 1988 2538 2029 anno
2585 1977 2984 2033 communicent
3027 1980 3143 2035 sine
3171 1980 3463 2047 oblatione,

1890 2067 1952 2113 ut
1974 2060 2358 2128 perfectionem
2385 2063 2739 2131 quadriennio
2769 2077 3187 2136 consequantur.
3220 2070 3470 2142 EpiscOpi

1891 2158 2073 2205 autem
2100 2160 2426 2221 potestatem
2443 2155 2700 2224 habeant,
2731 2158 2949 2212 modum
2978 2163 3345 2218 conversionis
3374 2180 3471 2219 eo-

1892 2255 2010 2294 rum
2039 2246 2533 2310 examinantes,aut
2559 2247 2842 2302 humanius
2870 2251 3060 2317 agendi
3088 2252 3167 2305 vel
3197 2252 3316 2321 plus
3337 2263 3474 2308 tem-

1893 2329 2042 2399 poris
2083 2329 2385 2399 adjiciendi.
2440 2333 2578 2389 Ante
2627 2336 2809 2390 omnia
2857 2345 3037 2393 autem
3067 2348 3122 2394 et
3166 2343 3475 2410 pnecedens

1893 2419 2022 2485 vita,
2070 2430 2125 2475 et
2165 2437 2286 2491 quae
2313 2434 2600 2480 consecuta
2630 2433 2732 2493 est,
2782 2429 3138 2496 examinetur,
3181 2442 3233 2486 et
3269 2434 3346 2488 sic
3398 2437 3476 2490 eis

1895 2509 2179 2565 clementia
2209 2513 2565 2582 impertiatur.

1967 2598 2156 2654 XXVI.
2185 2635 2256 2644 —
2282 2605 2330 2657 6.
2376 2605 2452 2660 De
2482 2607 2563 2661 his
2603 2609 2693 2677 qui
2733 2611 2890 2666 minis
2931 2619 3137 2669 tantum
3176 2631 3474 2687 poenarum,

1897 2700 1990 2746 aut
2016 2694 2330 2762 privationis
2367 2696 2699 2767 facultatum,
2732 2713 2824 2758 aut
2870 2703 3260 2774 deportationis
3297 2725 3478 2765 cesse-

1896 2792 2042 2850 runt,
2073 2795 2128 2840 et
2168 2787 2594 2857 immolaverunt,
2629 2801 2683 2847 et
2708 2795 2774 2848 ad
2799 2812 3032 2864 praesens
3069 2815 3236 2870 usque
3269 2809 3478 2872 tempus

1894 2874 2268 2942 paenitentiam
2308 2893 2415 2933 non
2444 2889 2698 2950 egerunt,
2730 2899 2829 2939 nec
2869 2889 3115 2943 conversi
3146 2903 3305 2955 sunt;
3339 2908 3481 2947 nunc

1899 2974 2078 3021 autem
2108 2969 2248 3024 circa
2282 2978 2490 3041 tempus
2518 2975 2703 3044 synodi
2726 2991 2786 3030 se
2816 2978 3142 3044 obtulerunt,
3176 2990 3229 3035 et
3257 2998 3482 3038 conver-

1898 3059 2066 3114 sionis
2096 3062 2474 3129 cogitationem
2519 3064 2804 3121 induerunt
2839 3086 2851 3120 :
2884 3069 3086 3138 placuit
3115 3072 3180 3126 ad
3229 3089 3480 3143 magnum

1899 3165 2070 3219 usque
2095 3151 2235 3205 diem
2263 3168 2356 3208 eos
2384 3155 2524 3209 inter
2553 3157 2831 3214 audientes
2870 3161 3098 3227 admitti,
3142 3173 3196 3218 et
3225 3174 3347 3233 post
3371 3181 3482 3218 ma-

201 3252 322 3307 53.1.1
354 3253 450 3308 δύο
478 3252 638 3328 [τρία]
667 3252 760 3311 ἔτη
779 3295 792 3316 ,
827 3265 1127 3313 κοινωνῆσαι
1158 3259 1332 3330 χωρίς
1360 3263 1686 3330 προσφορᾶς,
1715 3257 1796 3309 καί

1911 3255 2060 3309 gnum
2087 3242 2227 3296 diem
2268 3246 2499 3302 triennio
2530 3249 2796 3303 substerni
2833 3269 2844 3303 :
2878 3261 2933 3306 et
2962 3256 3302 3322 postmodum
3351 3257 3482 3311 duo-

202 3348 367 3406 εὗτως
401 3348 556 3399 ἂοςῖν
586 3348 671 3400 ἐπὶ
708 3348 766 3400 τὸ
795 3348 1012 3412 τέλειον,
1057 3349 1192 3402 ὥστε
1222 3353 1311 3406 τὴν
1353 3353 1529 3402 πᾶσαν
1574 3348 1798 3411 ἑξαετίαν

203 3441 496 3511 πληρῶσαι.
524 3446 584 3491 Εἰ
608 3438 661 3492 δέ
689 3460 816 3498 τινες
845 3440 947 3514 πρό
977 3447 1066 3499 τῆς
1088 3438 1303 3495 συνόδου
1334 3443 1490 3500 αὐτῆς
1513 3439 1800 3511 ἐδέχθησαν

205 3534 275 3590 εἰς
303 3533 593 3598 μετάνοιαν,
621 3531 709 3584 ἀπ’
739 3532 925 3587 ἐκείνου
952 3539 1042 3585 τοῦ
1073 3531 1262 3607 χρόνου
1303 3532 1435 3605 λελκ)
1447 3534 1584 3587 ίσθαι
1622 3535 1799 3594 αὐτοῖς

205 3629 294 3676 τίν
321 3624 495 3694 ἀρχὴν
530 3628 622 3679 τῆς
652 3622 894 3694 ἑξαετίας.
925 3625 988 3673 Εἰ
1009 3623 1098 3690 μέν
1133 3622 1212 3676 τοί
1233 3620 1447 3681 κίνδυνος
1477 3626 1560 3676 καί
1580 3625 1798 3677 θανάτου

208 3709 492 3785 προσδοκία
530 3711 589 3764 ἑκ
626 3713 776 3764 νόσου
800 3710 829 3768 ἦ
860 3709 1009 3771 ἄλλης
1049 3715 1179 3772 τινός
1207 3715 1506 3785 προφάσεως
1540 3715 1798 3785 συμϐαίη,

209 3801 429 3862 τούτους
457 3800 540 3852 ἐπὶ
570 3797 672 3874 ὅρῳ
701 3798 969 3870 δεχθῆναι.

286 3970 378 4033 κζ.
409 3972 528 4044 Περὶ
554 3978 654 4024 τῶν
681 3973 1111 4026 συνεστιαθέντων
1141 3973 1190 4027 ἐν
1217 3974 1364 4048 ἑορτῇ
1387 3975 1546 4049 ἐθεικῇ
1578 3975 1632 4030 ἐν
1665 3975 1806 4046 τόπῳ

210 4067 544 4138 ἀφωρισςλένῳ
571 4072 676 4124 τοῖς
711 4065 912 4126 ἐθνικοῑς
929 4109 942 4130 ,
968 4063 1070 4120 ἴδιά
1098 4067 1350 4138 βρώματα
1380 4069 1808 4138 ἐπικομισαμένων

213 4159 298 4207 καί
317 4154 578 4225 ’,ναγὸντων
594 4193 609 4217 ,
632 4151 773 4217 ἔδοξε
801 4152 987 4208 διετίαν
1007 4157 1365 4216 ὑποπεσόντας
1386 4155 1437 4210 δι
1445 4158 1643 4226 χθῆναι.
1668 4159 1734 4214 Τὸ
1753 4157 1806 4214 δέ

215 4248 258 4298 εἴ
296 4249 407 4317 χρὴ
455 4247 586 4313 μετὰ
620 4253 709 4303 τῆς
749 4252 1078 4320 προσᾳοράς,
1123 4247 1334 4306 ἕκαστον
1375 4255 1474 4302 τῶν
1518 4249 1808 4305 ἐπισκόπων

217 4335 495 4407 δοκιμάσαι
512 4381 525 4402 ,
557 4341 637 4391 καί
663 4340 748 4391 τὸν
788 4335 931 4391 ἄλλον
958 4335 1067 4408 βίον
1097 4339 1168 4410 ἐφ’
1192 4339 1410 4393 ἑκάστου
1439 4343 1653 4404 ἀξιῶσαι
1677 4340 1808 4412 [ἒξε-

218 4426 422 4498 τάσαιι.

297 4522 391 4578 κη’.
438 4520 498 4572 Οί
535 4517 588 4573 δέ
618 4516 848 4595 δεύτερον
886 4521 970 4572 καὶ
1009 4521 1176 4588 τρίτον
1212 4521 1459 4582 οὐσαντες
1488 4524 1620 4592 μετὰ
1658 4523 1806 4592 βίας,

1900 3332 2000 3385 bus
2023 3333 2177 3386 annis
2199 3334 2313 3389 sine
2337 3336 2610 3392 oblatione
2629 3343 3024 3398 communicare
3049 3363 3060 3396 :
3087 3353 3142 3398 et
3163 3346 3239 3401 sic
3269 3346 3483 3401 demum

1900 3437 1995 3476 sex
2025 3425 2177 3477 annis
2206 3427 2455 3493 peractis,
2489 3428 2556 3482 ad
2597 3428 2981 3498 perfectionem
3013 3436 3214 3490 venire.
3269 3437 3324 3491 Si
3354 3454 3484 3494 vero

1901 3514 2116 3584 quidam
2135 3524 2272 3570 .anle
2302 3517 2440 3574 hanc
2469 3520 2730 3589 synodum
2756 3522 2823 3576 ad
2865 3526 3235 3591 pmnitentiam
3266 3527 3487 3585 admissi

1903 3614 2046 3667 sunt,
2073 3607 2141 3660 ab
2171 3607 2261 3660 illo
2279 3617 2550 3676 atempore
2579 3610 2657 3664 eis
2683 3613 2924 3665 sexennii
2965 3614 3176 3669 initium
3204 3628 3488 3688 compute-

1906 3704 2008 3749 tur.
2061 3696 2166 3750 Sed
2211 3698 2257 3750 si
2311 3699 2605 3766 periculum
2659 3703 2954 3773 mortisque
3003 3710 3357 3777 exspectatio,
3415 3727 3485 3767 ex

1905 3781 2105 3842 morbo'
2138 3797 2230 3842 aut
2277 3789 2454 3858 aliqua
2497 3792 2802 3860 occasione,
2849 3797 3162 3867 contigerit,
3194 3803 3487 3862 secundum

1906 3896 2169 3936 canonem
2194 3883 2544 3952 recipiantur.

1979 3969 2320 4027 XXVII.—7.
2344 3973 2422 4030 De
2442 3975 2526 4031 bis
2547 3977 2639 4046 qui
2663 3977 2716 4031 in
2744 3977 2882 4035 festo
2912 3993 3264 4053 paganorum,
3289 3985 3342 4041 in
3371 3987 3493 4043 loco

1908 4062 2195 4130 gentilibus
2217 4065 2496 4134 deputato,
2528 4068 2799 4123 convivati
2833 4079 2975 4137 sunt,
3001 4081 3058 4127 et
3077 4075 3325 4144 proprios
3345 4077 3495 4134 cibos

1907 4154 2206 4209 attulerunt
2239 4163 2296 4210 et
2324 4157 2694 4224 comederunt,
2727 4160 2945 4229 placuit,
2977 4177 3099 4217 cum
3127 4165 3345 4222 biennio
3373 4169 3498 4224 sub-

1911 4245 2066 4300 strati
2090 4244 2308 4310 fuerint,
2324 4261 2444 4302 esse
2464 4249 2819 4318 recipiendos.
2835 4249 3023 4306 Utrum
3047 4268 3178 4310 vero
3207 4272 3330 4312 cum
3348 4259 3497 4315 obla-

1912 4337 2058 4392 tione
2073 4351 2168 4392 eos
2187 4339 2435 4410 recipere
2463 4348 2734 4410 oporteat,
2765 4357 3197 4414 unumquemque
3217 4349 3501 4419 episcopo-

1911 4443 2029 4481 rum
2051 4429 2358 4484 examinare
2379 4430 2606 4487 etaliam
2627 4432 2788 4486 vitam
2804 4433 2856 4486 in
2873 4449 3192 4503 unoquoque
3207 4436 3497 4506 inquirere.

1983 4517 2218 4574 XXVIII.
2240 4553 2312 4563 —
2338 4520 2396 4577 8.
2421 4520 2521 4588 Qui
2550 4531 2728 4577 autem
2756 4524 2839 4578 bis
2865 4523 2946 4579 vel
2979 4533 3061 4579 ter
3086 4527 3502 4584 immolaverunt

223 4614 522 4682 τετραετίαν
547 4611 970 4679 ὐποπεσὲτωσαν,
995 4610 1086 4666 δύο
1123 4610 1176 4666 δὲ
1198 4610 1291 4670 ἔτη
1328 4617 1496 4683 χωρὶς
1522 4622 1796 4691 προσφορᾶς

1916 4610 2109 4673 coacti,
2142 4621 2373 4679 quatuor
2401 4613 2556 4666 annis
2585 4612 2994 4668 substernantur
3024 4632 3036 4666 :
3062 4613 3271 4671 duobus
3319 4618 3502 4674 autem

225 4704 691 4763 ιοινωνησάτωσαν,
725 4704 809 4764 καί
838 4709 912 4773 τῷ
934 4700 1132 4772 ἑϐδόμῳ
1156 4703 1356 4764 τελείως
1387 4702 1736 4774 δεχθήτωσαν.

300 4880 352 4930 15'
370 4917 383 4928 .
408 4874 558 4930 Ὀσοι
582 4875 630 4929 δέ
663 4882 730 4945 μὴ
752 4876 896 4948 μόνον
922 4879 1220 4934 ἀπέστησαν
1238 4918 1253 4942 ,
1282 4878 1404 4932 ἀλλὰ
1425 4881 1510 4932 καὶ
1539 4879 1807 4960 ἐπανέστηι

227 4991 324 5023 σαν
343 4972 432 5021 καὶ
453 4969 742 5040 ἠνάγκασαν
767 4967 1031 5040 ἀδελφοὺς,
1047 4972 1128 5022 καὶ
1147 4965 1294 5024 αἴτιοι
1315 4972 1536 5042 ἐγένοντο
1551 4979 1640 5026 τοῦ
1662 4974 1816 5042 ἀναγ-

228 5063 472 5118 κασθῆναι
491 5099 506 5124 ,
541 5056 686 5113 οὗτοι
711 5058 797 5119 ἔτη
819 5064 909 5132 μέν
943 5063 1059 5133 τρία
1087 5063 1169 5115 τίν
1194 5071 1284 5121 τῆς
1313 5063 1602 5138 ἀκροάσεως
1633 5061 1814 5126 δεξάσ-

227 5153 394 5206 ϐωσοιν
426 5154 581 5206 τόπον
599 5192 613 5214 ,
649 5154 701 5204 ἐν
723 5151 776 5206 δὲ
812 5149 934 5224 ἄλλῃ
963 5152 1163 5226 ἐξαετίᾳ
1199 5155 1286 5206 τόν
1313 5163 1403 5213 τῆς
1431 5154 1816 5216 ὑποπτὼσεως,

227 5243 371 5298 ἄλλον
402 5243 457 5298 δὲ
482 5246 706 5299 ἐνιαυτὸν
736 5247 1187 5301 κοινωνησάτωσαν
1210 5248 1376 5316 χωρὶς
1398 5250 1714 5318 προσφορᾶς,
1737 5245 1821 5298 ’ἱνα

227 5345 312 5395 τὴν
357 5336 627 5391 δ;καετίαν
659 5337 1054 5408 πληρώσαντες,
1096 5343 1186 5391 τοῦ
1228 5337 1416 5392 τελείου
1463 5337 1817 5406 μετάτχωσιν.

227 5425 297 5481 Ἐν
317 5429 500 5498 μέντοι
520 5428 688 5497 τούτῳ
726 5435 800 5499 τῷ
831 5429 1030 5500 χρόνῳ,
1063 5427 1249 5481 καὶτὸν
1280 5424 1425 5480 ἄλλον
1454 5427 1615 5480 αὐτῶν
1643 5432 1788 5482 imm
1812 5459 1818 5461 -

231 5522 423 5590 ρεὶσθσι
445 5518 581 5586 βίον.

293 5633 354 5685 λ’.
391 5633 618 5685 Anim-voc
639 5628 750 5686 ὅσοι
787 5635 1142 5695 καθίστανται,
1176 5650 1281 5705 παρ
1326 5631 1484 5686 αὐτὴν
1546 5633 1634 5686 τήν
1671 5629 1826 5682 κατὰο

229 5709 412 5775 eraera
437 5723 480 5773 εἰ
497 5722 854 5794 ἐμαρτύραντο
870 5716 1330 5796 [ἐμαρτυρήσαντο]
1357 5722 1442 5771 καί
1471 5716 1661 5790 ἔφασαν
1687 5726 1826 5788 χρῆ-

230 5836 304 5868 ναι
342 5821 591 5885 γαμῆσαι
635 5809 885 5884 [siquia],
915 5817 983 5882 μή
1011 5811 1273 5887 δυνάμενοι
1302 5812 1436 5867 οὕτω
1464 5813 1646 5882 μένειν,
1679 5807 1822 5865 οὗτοι

230 5908 358 5971 μιτά
401 5909 570 5960 ’.αὕτα
596 5907 941 5975 γαμήραντες,
973 5901 1197 5960 ἔστωσαν
1231 5905 1276 5958 ἐν
1306 5911 1366 5974 τῇ
1413 5905 1666 5975 ὑπηρεσίᾳ
1693 5943 1705 5969 ,
1739 5899 1822 5956 διά

1920 4701 2072 4754 annis
2101 4702 2217 4755 sine
2241 4703 2514 4758 oblatione
2549 4705 2973 4769 communicent,
3006 4713 3061 4759 et
3088 4707 3319 4776 septimo
3359 4723 3504 4765 anno

1920 4794 2156 4864 perfecte
2179 4796 2525 4864 recipiantur.
3109 4859 3112 4861 _
3535 4864 3538 4869 η

1992 4883 2182 4939 XXIX.
2212 4913 2284 4922 --
2307 4885 2358 4939 9.
2401 4885 2715 4956 Quicunque
2743 4900 2922 4943 autem
2963 4903 3070 4943 non
3115 4888 3287 4944 solum
3327 4889 3503 4946 desci-
3534 4875 3539 4892 ’

1921 4981 2132 5036 verunt,
2157 4973 2251 5028 sed
2272 4973 2434 5027 etiam
2464 4973 2889 5038 insurrexerunt,
2914 4985 2968 5030 et
2990 4975 3184 5031 fratres
3212 4992 3340 5031 suos
3355 4993 3506 5032 com-

1921 5061 2196 5132 pulerunt,
2243 5071 2298 5116 et
2326 5078 2500 5118 causa:
2545 5063 2774 5132 fuerunt.
2808 5073 2864 5118 ut
2910 5071 3253 5131 cogerentur,
3285 5066 3319 5119 ii
3350 5065 3508 5121 annis

1923 5151 2136 5220 quidem
2165 5153 2332 5207 tribus
2356 5152 2644 5208 auditionis
2677 5153 2851 5208 locum
2895 5153 3204 5221 suscipiant,
3237 5168 3336 5221 per
3361 5153 3504 5206 aliud

1923 5259 2055 5298 vero
2085 5245 2398 5298 sexennium
2427 5244 2855 5309 substernantur,
2882 5244 2986 5300 alio
3016 5252 3194 5299 autem
3220 5261 3362 5298 anno
3391 5244 3506 5298 sine

1930 5333 2205 5388 oblatione
2237 5333 2634 5388 communicent
2670 5351 2682 5386 :
2718 5342 2776 5387 ut
2817 5333 3078 5387 decennio
3108 5341 3351 5402 peracto,
3383 5346 3507 5399 per-

1928 5420 2213 5477 fectionem
2245 5432 2660 5491 consequantur.
2692 5421 2749 5475 In
2777 5438 2843 5476 eo
2883 5431 3062 5476 autem
3105 5420 3221 5491 ipso
3262 5427 3507 5488 tempore

1934 5524 1988 5569 et
2010 5515 2112 5568 alia
2144 5531 2329 5569 eorum
2357 5516 2462 5569 vita
2493 5514 2823 5570 observanda
2846 5524 2947 5569 est.

2003 5622 2166 5678 XXX.
2196 5654 2265 5664 -—
2295 5624 2380 5676 IO.
2412 5624 2630 5679 Diaconi
2659 5625 2966 5692 quicunque
3011 5620 3349 5688 ordinantur,
3375 5621 3503 5677 siin

1932 5715 2044 5784 ipsa
2077 5715 2415 5769 ordinatione
2466 5715 2748 5783 protestati
2801 5719 2943 5774 sunt,
2975 5719 3028 5764 et
3054 5710 3307 5766 dixerunt
3337 5728 3505 5783 opor-

1933 5815 2047 5862 tere
2075 5823 2132 5862 se
2161 5823 2360 5863 uxores
2389 5808 2607 5870 ducere,
2637 5821 2756 5861 cum
2789 5819 2895 5858 non
2923 5804 3129 5873 possint
3154 5805 3231 5861 sic
3260 5822 3497 5873 manere,

1931 5899 1983 5952 lii
2013 5900 2054 5954 si
2086 5899 2426 5970 postmodum
2455 5912 2646 5951 uxores
2667 5895 2934 5959 duxerint,
2955 5896 3071 5951 sint
3091 5897 3142 5951 in
3171 5898 3500 5964 ministerio;
