3946 6336
495 438 551 492 ΞΛ
754 478 755 481 η
1766 436 2057 492 DIONYSII

2175 436 2474 493 SXIGUL'S.
3688 439 3763 495 52

492 557 547 607 τό
575 557 909 627 ἐπιτραπῆναι
949 554 1135 614 αὐτοὺς
1171 555 1273 609 ὐπὸ
1304 560 1389 607 τοῦ
1422 554 1699 609 ἐπισκόπου
1748 562 1909 609 τοῦτο
1939 552 1992 608 δέ
2032 560 2057 607 ε

2177 566 2244 607 eo
2272 553 2420 620 quod
2448 555 2526 609 eis
2548 555 2835 624 episcopus
2856 554 2957 608 hoc
2984 555 3336 610 concesserit.
3361 554 3418 610 Si
3446 557 3537 626 qui
3573 566 3763 613 autem

491 665 619 705 τινες
642 648 1026 708 σιωπήσαντες,
1055 647 1143 698 καί
1174 646 1554 713 καταδεξάμενοι
1594 646 1644 697 ίν
1680 652 1742 718 τῇ
1789 646 2074 718 χειροτονίᾳ

488 736 645 804 μένειν
672 735 837 799 οὕτω,
867 738 999 805 μετὰ
1035 742 1200 791 ταῦτα
1239 732 1383 795 ἦλθον
1408 738 1490 791 ίπί
1530 738 1689 808 γάμον
1713 774 1730 803 ,
1775 738 2073 792 πεπαῦσθαι

487 827 668 886 αὐτοὺς
690 836 781 888 τῆς
806 825 1080 887 διακονίας.

555 917 647 972 λα’.
678 920 782 978 Τάς
826 919 1227 987 μνηστενθείσας
1258 920 1433 992 κόρας,
1472 922 1557 974 καί
1595 921 1725 991 μετά
1762 926 1929 975 ταῦτα
1972 920 2073 974 ὑπό

488 1002 647 1060 ἄλλων
672 1007 1011 1081 άρπαγείσας,
1044 1008 1209 1074 ἔδοξεν
1236 1009 1568 1066 ἀποδεδόσθαι
1596 1019 1703 1073 τοῖς
1730 1032 2073 1083 προμνηστευο

486 1098 743 1166 σαμὲνοις,
769 1101 813 1152 εί
839 1101 926 1153 καί
950 1100 1065 1167 βίαν
1087 1098 1177 1153 ὑπ’
1214 1101 1375 1153 αὐτῶν
1403 1100 1623 1155 πάθοιεν.

555 1187 655 1240 λϐ’.
688 1191 820 1247 Τοὺς
845 1190 946 1264 πρὸ
973 1196 1063 1242 τοῦ
1090 1190 1450 1259 βαπτίσματος
1484 1190 1754 1251 τεθυκότας
1773 1228 1788 1253 ,
1828 1193 1913 1245 καί
1940 1197 2069 1262 μετά

487 1284 650 1333 ταῦτα
675 1279 1070 1349 βαπτισθέντας,
1113 1279 1285 1344 ἔδοξεν
1327 1282 1397 1341 εἰς
1442 1283 1581 1345 τάξιν
1621 1283 1966 1354 προάγεσθαι,
2003 1285 2069 1342 ὡς

486 1372 959 1444 ἀπολουσαμένους.

552 1464 643 1536 λγ’.
674 1465 1087 1540 Χωρεπισκόποις
1115 1473 1185 1539 μὴ
1216 1468 1409 1531 ἐξεῖναι.
1430 1467 1813 1542 πρεσϐυτέρους
1840 1467 1869 1525 ἢ
1898 1466 2067 1522 διακό-

487 1572 592 1615 νους
614 1564 945 1631 χειροτονεῖν,
969 1557 1092 1612 ἀλλὰ
1116 1555 1242 1626 μηδέ
1267 1559 1653 1633 πρεσϐυτέρους
1673 1557 1887 1623 πόλεως,
1910 1564 2070 1635 χωρίς

486 1650 577 1697 τοῦ
604 1647 939 1720 ἐπιτραπῆναι
974 1649 1076 1701 ὑπὸ
1120 1654 1206 1702 τοῦ
1250 1649 1531 1704 ἐπισκόπου
1560 1649 1687 1717 μετὰ
1723 1650 2066 1720 γραμμάτων,

489 1743 540 1791 ἐν
566 1738 715 1811 ἑτέρᾳ
738 1736 971 1809 [ἑκάστῃ]
994 1743 1236 1813 παροικίᾳ
1269 1745 1305 1791 ’.

553 1828 641 1885 λό’.
670 1834 801 1892 Τοὺς
823 1833 870 1885 ἐν
892 1833 1052 1903 κλήρῳ
1074 1833 1452 1907 πρεσϐυτέρους
1472 1832 1500 1890 ἦ
1525 1830 1783 1891 διακόνους
1804 1829 1969 1895 ὄντας,
1984 1834 2068 1886 καί

2178 643 2463 707 tacuerint,
2490 652 2548 699 et
2595 644 2648 697 in
2676 643 3016 699 ordinatione
3035 684 3051 709 ,
3092 653 3152 699 ut
3197 646 3270 699 ita
3300 653 3600 714 manerent,
3633 662 3762 705 sus-

2176 737 2315 806 cepti
2339 744 2484 806 sunt,
2512 744 2699 797 postea
2729 737 2797 792 ad
2820 738 3033 808 nuptias
3053 739 3323 808 venerint,
3348 739 3382 793 ii
3411 754 3442 793 a
3469 739 3765 797 diaconatu

2176 837 2408 884 cessent.

2246 918 2435 974 XXXI.
2459 952 2530 962 -
2562 919 2650 975 II.
2683 920 3044 991 Desponsatas
3068 920 3292 991 puellas,
3310 929 3370 977 et
3396 920 3464 977 ab
3483 920 3603 976 aliis
3628 937 3764 992 pos-

2174 1020 2261 1066 tea
2289 1020 2493 1082 raptas,
2535 1012 2739 1082 placuit
2777 1013 2842 1069 iis
2867 1012 3021 1068 reddi
3060 1012 3254 1083 quibus
3276 1012 3613 1082 desponsata:
3640 1013 3764 1069 fue-

2174 1109 2313 1164 rant,
2346 1104 2507 1158 etiam
2530 1102 2581 1158 si
2605 1103 2711 1158 vim
2741 1118 2913 1173 passae
2941 1111 3086 1161 sunt.

2248 1190 2463 1248 XXXII.
2486 1222 2555 1234 —
2586 1193 2672 1248 I2.
2697 1192 2806 1249 Eos
2827 1193 2918 1262 qui
2964 1201 3093 1249 ante
3118 1193 3387 1264 baptisma
3439 1193 3761 1250 immolave-

2174 1292 2318 1348 runt,
2359 1292 2416 1340 et
2458 1294 2651 1355 postea
2694 1283 2951 1355 baptizati
2978 1293 3124 1348 sunt,
3166 1284 3368 1354 placuit
3414 1283 3481 1339 ad
3510 1284 3759 1340 ordinem

2174 1374 2426 1444 provehi,
2458 1385 2517 1429 ut
2542 1375 2634 1443 qui
2662 1373 2831 1429 abluti
2858 1383 2985 1428 sunt
3746 1361 3749 1364 ⁴

2247 1464 2475 1520 XXXIII.
2499 1498 2565 1508 -
2590 1465 2676 1518 15.
2712 1464 3123 1534 Chorepiscopis
3151 1479 3259 1519 non
3305 1462 3498 1528 licere,
3529 1465 3751 1533 presby-

2173 1563 2318 1611 teros
2344 1556 2427 1611 vel
2446 1555 2707 1611 diaconos
2736 1555 3007 1610 ordinare.
3040 1553 3146 1609 Sed
3177 1569 3278 1609 nec
3307 1554 3633 1627 presbyteris
3675 1555 3759 1609 ci-

2171 1647 2370 1713 vitatis,
2404 1647 2523 1702 sine
2549 1645 2746 1702 Iitteris
2774 1645 3034 1715 episcopi,
3067 1645 3119 1699 in
3168 1645 3340 1699 aliena
3369 1645 3606 1715 paruacia
3652 1645 3757 1699 ali-

2171 1737 2299 1808 quid
2332 1752 2513 1808 agere.
3560 1744 3563 1745 '

2241 1829 2475 1886 XXXIV.
2507 1862 2577 1873 ——
2606 1828 2694 1884 14.
2726 1828 2789 1883 Hi
2818 1830 2909 1897 qui
2955 1828 3007 1882 in
3060 1829 3208 1884 clero
3254 1836 3396 1894 sunt,
3429 1827 3751 1898 presbyteri,

484 1922 837 1992 ἀπεχομένους
866 1929 1039 1992 κρεῶν.
1084 1920 1250 1986 ἔδοξεν
1296 1924 1630 1992 ἐφάπτεσθαι,
1672 1927 1754 1978 καί
1798 1922 1983 1993 οὕτως,
2026 1943 2057 1975 ελ

2177 1921 2259 1975 vel
2306 1921 2546 1987 diaconi,
2578 1928 2634 1976 et
2681 1935 2711 1974 a
2760 1920 3011 1975 carnibus
3067 1918 3338 1974 abstinent
3371 1937 3383 1971 :
3415 1918 3615 1989 placuit
3656 1933 3751 1974 eas

484 2012 740 2081 βούλοιντο
758 2051 774 2076 ,
801 2019 1003 2081 κρατεῖν
1023 2012 1233 2067 ἑαυτῶν.
1258 2022 1314 2064 Ει
1354 2010 1404 2065 δὲ
1429 2012 1709 2082 βούλοιντο,
1736 2015 1803 2073 ὡς
1840 2010 1969 2081 μηδὲ
2006 2012 2070 2066 τὰ

484 2103 614 2169 μετά
649 2107 804 2173 κρεῶν
847 2100 1123 2171 βαλλόμενα
1166 2101 1374 2170 λάχανα
1404 2102 1607 2165 ἐσθίειν,
1641 2106 1727 2155 καί
1753 2104 1795 2155 εί
1820 2107 1889 2172 μὴ
1922 2102 2069 2156 ὑπεί-

485 2208 607 2243 κοιεν
633 2197 704 2259 τῷ
726 2190 909 2253 κανόνι,
935 2190 1228 2245 πεπαῦσθαι
1248 2192 1430 2250 αὐτοὺς
1456 2197 1547 2251 τῆς
1573 2192 1778 2255 τάξεως.

552 2362 636 2416 λε’.
663 2366 781 2435 Περί
804 2370 901 2418 τῶν
928 2362 1261 2437 διαφερόντων
1281 2373 1352 2434 τῷ
1383 2373 1628 2440 κυριακῷ,
1663 2365 1762 2420 ὅσα
1793 2367 2066 2422 ἐπισκόπου

482 2462 551 2521 μή
572 2452 715 2513 ὄντος
732 2456 1080 2530 πρεσϐύτεροι
1107 2458 1401 2521 ἐπώλησαν,
1433 2457 1781 2511 ἀνακαλεῖσθαι
1810 2459 1868 2512 τό
1894 2480 2068 2532 κυρια-

484 2548 585 2601 κόν.
603 2546 677 2601 Ἐν
698 2546 752 2601 δέ
785 2557 845 2621 τῇ
877 2549 1040 2621 κρίσει
1062 2555 1151 2601 τοῦ
1178 2549 1459 2602 ἐπισκόπου
1489 2544 1638 2616 εἶναι,
1658 2546 1801 2624 εἴπερ
1821 2555 2068 2623 προσήκει

484 2637 751 2691 ἀπολαϐεῖν
774 2644 862 2696 τήν
879 2643 1046 2708 nitri»,
1066 2635 1164 2692 εἴτε
1186 2641 1271 2692 καί
1295 2644 1387 2708 μὴ,
1410 2636 1492 2693 διά
1512 2640 1568 2692 τὸ
1586 2639 1822 2701 πολλάκις
1832 2646 1925 2699 τὴν
1941 2637 2067 2695 εἵσο-

484 2725 876 2801 ὂον’[πρόσοδον]
890 2736 989 2782 τῶν
1009 2729 1380 2803 πεπραγμένων
1393 2725 1549 2797 (Lege
1568 2731 1917 2804 πεπραμένων,
1933 2747 1967 2782 α
1981 2752 2066 2783 πι-

488 2820 755 2891 πράσκειν)
777 2817 1150 2874 ἀποδεδωκέναι
1173 2822 1325 2875 αὐτοί
1330 2843 1351 2880 ς
1369 2824 1571 2880 τούτοις
1587 2822 1789 2876 πλείονα
1800 2826 1888 2880 τήν
1900 2828 2063 2893 τιμήν.

551 2907 645 2970 λς’.
689 2913 805 2982 Περί
851 2916 952 2963 τῶν
1014 2910 1427 2981 ἀλογευσαμένων
1480 2909 1510 2969 ἦ
1564 2914 1651 2965 καί
1698 2912 2066 2985 ἁλογευομένων

484 3000 621 3074 ίῐιερί
646 3006 745 3053 τῶν
774 3000 962 3071 άλογῶς
993 2998 1264 3071 διαγόντων
1292 3001 1321 3059 ἧ
1352 3000 1651 3074 διοίγονταιγ
1697 2999 1808 3057 ὅσοι
1856 3008 1976 3081 πρὶν
1997 3008 2068 3058 εἰ-

482 3101 745 3154 κοσαετεῐς
772 3094 1027 3166 γενέσθαι,
1052 3094 1296 3166 ἥμαρτον,
1319 3093 1463 3147 πέντε
1500 3097 1584 3147 καί
1604 3092 1722 3148 δέκα
1746 3092 1916 3150 ἔτεσιν
1937 3099 2065 3151 ὐπο-

481 3188 739 3254 πεσόντες,
764 3190 1019 3248 κοινωνίας
1049 3190 1455 3258 τυγχανέτωσαν
1492 3197 1583 3249 τῆς
1609 3190 1679 3250 είς
1712 3191 1802 3251 τὰς
1842 3212 2065 3263 προσευο

2172 2010 2386 2079 quidem
2433 2011 2717 2078 attingere,
2740 2018 2796 2064 et
2844 2010 2941 2075 sic,
2974 2009 3024 2066 si
3061 2007 3346 2075 voluerint,
3372 2008 3439 2062 ab
3462 2007 3540 2062 eis
3582 2007 3751 2062 absti-

2173 2114 2300 2155 nere
2318 2100 2475 2172 (Sic).
2499 2100 2555 2155 Si
2574 2104 2752 2154 autem
2774 2099 3044 2155 noluerint
3060 2099 3208 2154 olera
3223 2113 3341 2170 qua:
3357 2114 3479 2154 cum
3497 2099 3747 2155 carnibus

2170 2199 2494 2261 coquuntur,
2525 2188 2833 2254 comedere,
2864 2197 2920 2245 et
2947 2190 3142 2246 canoni
3184 2204 3293 2245 non
3319 2189 3530 2255 cedant,
3561 2190 3628 2244 ab
3654 2206 3745 2245 or-

2170 2285 2292 2339 dine
2319 2297 2548 2339 cessare.

2241 2372 2448 2429 XXXV.
2474 2404 2545 2416 --
2561 2373 2650 2427 15.
2671 2372 2747 2428 De
2766 2374 2849 2429 his
2868 2388 2988 2442 qum
3017 2373 3287 2442 pertinent
3312 2372 3379 2428 ad
3396 2370 3739 2435 dominicum,

2170 2478 2503 2533 quaecunque
2532 2477 2653 2517 cum
2682 2463 2969 2533 episcopus
2989 2478 3096 2517 non
3119 2471 3280 2527 esset,
3304 2462 3599 2532 presbyteri
3624 2476 3741 2515 vcn-

2169 2554 2440 2622 diderint,
2470 2553 2798 2609 dominicum
2851 2568 3109 2608 revocare
3155 2570 3167 2604 :
3214 2553 3267 2607 in
3311 2552 3515 2621 judicio
3564 2546 3753 2607 autem

2168 2645 2407 2714 episcopi
2428 2656 2574 2710 esse,
2610 2656 2680 2697 an
2724 2651 2975 2715 Oporteat
3016 2643 3245 2713 pretium
3275 2641 3461 2711 recipi,
3495 2655 3561 2694 an
3611 2653 3739 2705 non,

2166 2743 2454 2805 propterea
2478 2733 2625 2803 quod
2653 2748 2798 2804 sepe
2816 2748 2996 2788 rerum
3024 2732 3355 2787 venditarum
3395 2731 3598 2787 reditus
3624 2747 3739 2785 ma-

2162 2827 2251 2895 jus
2278 2826 2508 2895 pretium
2538 2825 2621 2879 his
2650 2825 2775 2894 ipsis
2797 2824 3103 2880 reddiderit.
3139 2832 3147 2839 '

2240 2915 2477 2970 XXXVI.
2500 2944 2571 2956 --
2590 2914 2675 2969 16.
2704 2914 2780 2971 De
2815 2915 2897 2969 his
2938 2914 3029 2984 qui
3073 2914 3515 2969 irrationabiliter
3540 2914 3740 2968 versati

2167 3014 2310 3073 sunt,
2341 3007 2427 3062 vel
2459 3014 2759 3071 versantur,
2806 3006 3113 3075 quicunque
3142 3013 3267 3061 ante
3298 3022 3368 3061 xx
3396 3020 3592 3065 annum
3620 3019 3738 3073 pec-

2165 3109 2374 3163 carunt,
2406 3106 2691 3167 postquam
2721 3096 2877 3151 annis
2903 3095 3207 3165 quindecim
3234 3096 3489 3150 substrati
3519 3094 3736 3159 fuerint,

2164 3189 2595 3245 communionem
2623 3187 2882 3243 orationis
2906 3194 3280 3256 assequuntur.
3314 3185 3515 3241 Deinde
3536 3200 3657 3241 cum
3679 3185 3737 3239 in

482 3279 607 3348 χάς.
638 3273 758 3332 Εἶτα
798 3278 847 3330 ἐν
872 3286 934 3353 τῇ
970 3281 1194 3351 κοινωνίᾳ
1221 3276 1596 3339 διατελέσαντες
1629 3276 1714 3337 ἔτη
1742 3281 1920 3345 πέντε,
1946 3280 2057 3337 τότε

2175 3280 2254 3334 illa
2276 3279 2655 3336 communione
2668 3278 2907 3348 quinque
2928 3278 3082 3332 annis
3109 3277 3588 3348 perseveraverint,
3611 3284 3740 3332 tunc

479 3375 673 3430 καὶτῆς
696 3374 991 3448 προσφορᾶς
1019 3371 1426 3441 ἐφαπτέσθωσαν.
1457 3369 1790 3436 Ἐξεταζέσθω
1817 3371 1870 3426 δὲ
1902 3374 2065 3427 αὐτῶν

480 3466 562 3516 καί
583 3462 607 3517 ὁ
630 3463 677 3515 ἐν
701 3471 761 3536 τῇ
786 3465 1086 3517 ὐποπτώσει
1107 3464 1235 3534 βίος,
1264 3466 1346 3517 καὶ
1367 3462 1529 3525 οὕτως
1551 3466 1952 3535 τυγχανέτωσαν
1972 3474 2063 3529 τῆς

474 3553 859 3629 φιλανθρωπίας.
889 3558 943 3606 εί
970 3551 1022 3607 δέ
1048 3574 1178 3614 τινες
1208 3554 1504 3629 κατακόρως
1525 3557 1573 3608 έν
1599 3564 1707 3615 τοῖς
1728 3556 2062 3631 ἁμαρτήμασι

474 3643 702 3715 γεγόνασι
726 3684 740 3704 ,
779 3649 867 3703 τήν
909 3645 1104 3720 μακράν
1142 3645 1408 3715 ἐχέτωσαν
1450 3648 1764 3702 ὐπόπτωέιν.
1813 3647 1959 3706 Ὀσοι
2007 3650 2060 3707 δέ

474 3732 782 3807 ὑπερϐάντες
820 3736 913 3789 τήν
955 3734 1147 3790 ἡλικίαν
1181 3731 1406 3801 ταύτην,
1437 3740 1523 3791 καί
1564 3745 1806 3808 γυναῖκας
1846 3737 2058 3811 ἔχοντες

473 3825 869 3897 πρεπεπτώκασι
915 3832 988 3898 τῷ
1032 3828 1389 3903 ἁμαρτήματι,
1441 3832 1589 3886 πέντε
1638 3836 1719 3884 καὶ
1770 3830 1926 3885 ε’ῗκοσι
1971 3831 2059 3892 ἔτη

472 3915 867 3970 ὑποπεσέτωσαν
921 3916 1334 3987 [ὐποπισόντες],
1378 3922 1463 3972 καί
1505 3922 1762 3980 κοινωνίας
1799 3925 2057 3993 rus/xari-

470 4029 636 4062 τωσαν
660 4015 752 4069 τῆς
781 4012 852 4069 ε’ς
874 4011 968 4069 τὰς
1007 4012 1310 4082 προσευχὰς
1330 4047 1344 4074 ,
1384 4005 1497 4064 εἶτα
1539 4010 1883 4072 ὶκτελέσαντες
1908 4014 2055 4068 πέντε

470 4098 556 4155 ἐτη
584 4100 634 4151 ἐν
742 4102 973 4173 κοινωνίᾳ
1013 4106 1111 4154 τῶν
1130 4101 1321 4170 εὐχῶν,
1353 4103 1751 4170 τυγχανέτωσαν
1776 4110 1867 4161 τῆς
1890 4122 2057 4177 προσ·

469 4196 648 4263 φορᾶς.
668 4191 724 4243 Ei
755 4188 806 4244 δέ
828 4210 956 4251 τινες
980 4194 1060 4246 καὶ
1092 4200 1330 4263 γυναῖκας
1356 4189 1566 4263 ἔχοντες
1586 4234 1601 4258 ,
1630 4197 1713 4247 καί
1740 4195 2054 4268 ὑπερϐάντες

467 4285 552 4333 τζν
590 4282 983 4339 πεντηκονταέτη
1028 4282 1216 4353 χρόνον
1256 4283 1508 4357 ἥμαρτον,
1546 4285 1636 4338 ἆπί
1766 4283 1921 4356 ίξόδῳ
1962 4293 2051 4340 τοῦ

466 4376 581 4445 βίου
604 4375 1000 4444 τυγχανέτωσαν
1028 4382 1118 4431 τῆς
1140 4379 1414 4433 κινωνίας.
1791 4363 1794 4366 ’

533 4463 620 4528 λζ’.
652 4467 781 4523 Τοὺς
810 4464 1239 4536 ἀλογευσαμένους
1269 4467 1353 4516 καί
1380 4465 1597 4538 λεπροὺς
1630 4461 1807 4530 ὂντας,
1832 4467 1944 4524 ἤτοι
1968 4468 2048 4522 λε-

463 4558 777 4629 πρὼσαντας
803 4594 818 4618 ,
867 4575 924 4608 το
940 4557 1083 4614 ἔτους
1129 4556 1439 4628 προσέταξεν
1476 4557 1505 4612 ἦ
1547 4554 1667 4629 άογία
1707 4556 1945 4622 σύνοδος,
1979 4562 2049 4619 εἰς

462 4651 579 4707 τοὺς
613 4649 1013 4716 χειμαζομένους
1036 4645 1311 4716 εῗῖχεσθαι.

530 4736 622 4792 λη’.
649 4735 710 4788 Εἴ
731 4757 860 4796 τινες
885 4737 1157 4792 ἐπίσκοποι
1191 4737 1607 4803 κατασταθέντες,
1638 4742 1720 4792 καί
1741 4745 1809 4810 μή
1841 4739 2044 4811 δεχθένο

459 4845 542 4884 τες
570 4825 670 4877 ὑπὸ
704 4833 794 4883 τῆς
816 4831 1083 4897 παροικίας
1110 4827 1317 4892 ἐκείνης,
1347 4830 1417 4887 είς
1446 4829 1505 4886 ἣν
1528 4830 1911 4899 ὠνομάσθησαν,
1936 4832 2048 4884 ἑτέ·

459 4937 569 4989 ραις
600 4913 859 4988 βούλοιντο
887 4920 1176 4989 παροικίαις
1222 4918 1440 4981 ἐπιέναι,
1483 4922 1570 4971 καί
1618 4919 1887 4991 βιάζεσθαι
1926 4923 2045 4981 τοὺς

459 5012 802 5071 γαθεστῶτας,
831 5014 913 5065 καί
934 5013 1139 5069 στάσεις
1164 5019 1309 5065 κινεῖν
1335 5010 1443 5065 κατ’
1464 5014 1624 5066 αὐτῶν
1642 5030 1660 5078 ,⁸
1683 5016 1894 5073 τούτους
1922 5015 2041 5088 ἀφο-

459 5104 697 5173 ρίζεσθαι.
713 5099 822 5155 Ἐάν
846 5103 933 5173 μέν
952 5122 1027 5156 τοι
1051 5101 1306 5172 βούλοιντο
1335 5104 1407 5160 εἰς
1434 5102 1491 5155 τό
1511 5105 1879 5178 πρεσϐυτέριον
1902 5107 2045 5160 καθέ-

458 5193 646 5255 ζεσθαι,
681 5190 792 5247 ἔνθα
817 5191 949 5251 ἦσαν
975 5194 1221 5269 πρότερον
1243 5195 1606 5269 πρεσϐύτεροι,
1631 5201 1701 5266 μὴ
1725 5199 2039 5255 ἀποϐάλλετε.

455 5289 533 5339 θαι
549 5288 733 5340 αὐτοὺς
748 5294 837 5345 τῆς
857 5296 1025 5356 τιμῆς.
1045 5286 1152 5341 Ἐὰν
1174 5288 1224 5343 δέ
1248 5288 1619 5354 διστασιάζωσι
1633 5293 1761 5365 πρός
1775 5294 1894 5353 τοὺς
1919 5296 2037 5347 καθ-

456 5388 680 5441 εστῶτας
712 5382 818 5434 ἐκεῖ
838 5380 1145 5441 ἐπισκόπους
1166 5424 1179 5446 ,
1213 5384 1535 5458 ἀφαιρεῖσθαι
1555 5385 1735 5445 αὐτοὺς
1757 5388 1836 5439 καί
1854 5390 1940 5444 τήν
1962 5408 2035 5439 τι-

458 5479 549 5531 mia
575 5480 665 5528 τοῦ
683 5473 1077 5549 πρεσϐυτερίου,
1108 5478 1189 5530 καί
1220 5478 1445 5550 γίνεσθαι
1471 5479 1652 5538 αὐτοὺς
1675 5478 2033 5552 ὶκκηρύκτους.

522 5648 761 5705 λθᾌὌσοι
772 5652 1042 5726 παρθενίαν
1062 5652 1489 5723 hominem“,
1507 5654 1742 5708 ἀθετοῦσι
1766 5658 1854 5711 τήν
1872 5655 2032 5724 ἐπαγ-

532 5843 549 5861 ⁹
590 5840 687 5894 llin
715 5857 886 5897 conon
909 5846 960 5898 in
991 5845 1139 5909 gravi
1175 5842 1369 5899 mendo
1412 5844 1607 5901 cubare
1633 5843 1859 5898 videtur.
1896 5842 1993 5907 QUi
2017 5882 2031 5905 ν

455 5915 497 5967 si
525 5912 703 5968 latina:
734 5915 963 5970 \crsioni
991 5914 1142 5977 ﬁdes.
1177 5917 1247 5971 ita
1279 5923 1364 5970 aut
1394 5914 1497 5969 alio
1522 5914 1678 5970 simili
1701 5912 1859 5969 modo
1891 5926 2033 5969 esset

2164 3371 2324 3425 etiam
2373 3369 2703 3425 oblationem
2751 3369 3033 3437 attingant.
3083 3367 3414 3424 Discutiatur
3455 3376 3634 3423 autem
3682 3377 3739 3422 et

2165 3463 2272 3517 vita
2301 3476 2509 3528 eorum,
2532 3462 2709 3531 qualis
2752 3463 2807 3517 in
2834 3461 3199 3517 substratione
3239 3458 3416 3525 fuerit,
3442 3468 3499 3515 et
3537 3460 3610 3514 ita
3638 3459 3738 3513 hu-

2164 3553 2475 3608 manitatem
2497 3562 2914 3624 consequantur.
2938 3550 3092 3619 Quod
3119 3551 3165 3606 si
3193 3552 3286 3621 qui
3307 3552 3737 3622 perseverantius

2163 3643 2247 3697 his
2274 3645 2511 3714 peccatis
2541 3642 2886 3707 adhaeserint,
2920 3643 2974 3698 hi
3003 3643 3299 3711 longiorem
3318 3642 3735 3698 substrationem

2163 3732 2413 3788 habeant.
2445 3733 2761 3802 Quicunque
2788 3741 2969 3788 autem
2990 3735 3131 3788 hanc
3155 3740 3369 3789 aitatem
3396 3734 3732 3802 transgressi,

2161 3832 2215 3876 et
2236 3824 2496 3877 habentes
2526 3837 2721 3878 uxores
2747 3823 2803 3892 in
2835 3824 2942 3879 hoc
2982 3831 3260 3893 peccatum
3308 3823 3627 3887 inciderunt,
3652 3824 3733 3877 vi-

2159 3915 2291 3983 ginti
2313 3915 2550 3983 quinque
2571 3914 2724 3968 annis
2752 3915 3027 3979 substrati,
3054 3913 3487 3969 communionem
3529 3913 3734 3968 oratio-

2159 4004 2243 4059 nis
2288 4012 2664 4074 assequantur.
2695 4004 2899 4061 Deinde
2949 4021 3070 4061 cum
3107 4006 3159 4061 in
3187 4005 3447 4061 orationis
3491 4020 3735 4061 commu-

2159 4094 2320 4148 nione
2342 4093 2582 4165 quinque
2636 4110 2810 4151 annos
2839 4096 3162 4166 peregerint,
3204 4096 3531 4151 oblationem
3585 4108 3734 4149 asse-

2156 4194 2407 4256 quuntur.
2428 4185 2491 4244 Si
2518 4188 2612 4263 qui
2640 4196 2820 4244 autem
2867 4197 2925 4244 ct
2952 4204 3149 4245 uxores
3176 4189 3463 4255 habentes,
3494 4196 3549 4243 et
3575 4188 3733 4258 quin-

2156 4274 2530 4346 quagesimum
2557 4290 2757 4333 annum
2776 4277 3092 4346 transgressi
3120 4283 3500 4347 peccaverunt,
3528 4275 3581 4330 in
3610 4275 3733 4331 vitae

2155 4364 2302 4418 exitu
2328 4365 2764 4421 communionem
2784 4374 3158 4434 assequuntur.

2226 4452 2587 4509 XXXVII.—I
2599 4457 2650 4512 7.
2669 4455 2777 4511 Eos
2795 4455 2887 4525 qui
2914 4455 3349 4511 irrationabiliter
3366 4456 3561 4510 versati
3582 4464 3727 4519 sunt,

2154 4554 2211 4600 et
2230 4546 2322 4614 qui
2342 4545 2541 4615 Ieprosi
2562 4552 2714 4610 sunt,
2735 4545 2819 4601 vel
2842 4546 3075 4609 fuerunt,
3095 4546 3345 4615 praecepit
3364 4554 3545 4600 sancta
3567 4562 3730 4616 syno-

2083 4665 2129 4725 υ
2157 4639 2256 4693 dus
2272 4640 2415 4695 inter
2435 4654 2537 4695 eos.
2552 4654 2710 4696 orare
2727 4640 2820 4710 qui
2835 4640 3023 4710 spiritu
3040 4640 3416 4708 periclitantur
3433 4639 3724 4693 immundo.

2224 4728 2601 4785 XXXVIII.—-
2652 4730 2738 4784 18.
2769 4729 2825 4785 Si
2867 4731 2959 4799 qui
3010 4730 3249 4800 episcopi
3297 4731 3594 4795 constituti,
3631 4746 3729 4787 nec
3820 4730 3823 4731 ⁷

2150 4822 2382 4891 suscepti
2430 4822 2499 4876 ab
2552 4822 2636 4875 illa
2668 4824 2899 4890 parmcia
2957 4822 3007 4875 in
3049 4838 3153 4891 qua
3182 4822 3439 4876 nominati
3490 4821 3725 4886 luerunt,

2150 4915 2283 4968 alias
2314 4914 2581 4968 voluerint
2603 4915 2864 4984 parrecias
2894 4913 3172 4979 invadere,
3203 4920 3257 4967 et
3296 4912 3359 4968 iis
3385 4910 3476 4981 qui
3519 4912 3727 4967 consti-

2151 5006 2249 5057 tuti
2305 5013 2430 5058 suut
2478 5004 2582 5058 vim
2626 5002 2840 5067 alierre,
2871 5011 2926 5057 ct
2979 5004 3274 5058 seditiones
3303 4990 3557 5059 adversus
3604 5001 3727 5055 illos

2150 5097 2411 5159 excitare,
2455 5098 2556 5150 hos
2602 5094 2758 5164 abjici
2790 5095 3009 5165 placuit.
3042 5094 3098 5148 Si
3128 5103 3306 5149 autem
3353 5093 3624 5149 voluerint
3669 5093 3727 5147 in

2146 5187 2483 5258 presbyterio
2533 5186 2790 5251 residere,
2823 5187 2875 5240 in
2901 5200 3010 5255 quo
3039 5186 3186 5256 prius
3211 5194 3365 5243 erant
3401 5186 3723 5256 presbyteri,

2146 5279 2291 5347 ipsos
2318 5277 2525 5331 honore
2569 5292 2678 5331 non
2702 5277 2929 5331 moveri.
2968 5276 3121 5344 Quod
3162 5278 3206 5331 si
3236 5276 3398 5332 etiam
3427 5276 3727 5331 seditiones

2142 5367 2535 5422 concitaverint
2579 5366 2835 5421 adversus
2880 5381 2975 5421 eos
3001 5367 3091 5435 qui
3135 5366 3243 5420 illic
3269 5364 3543 5422 constituti
3573 5372 3748 5432 sunt,

2143 5459 2444 5526 episcopos,
2478 5457 2797 5527 presbyterii
2817 5471 3032 5525 quoque
3056 5458 3264 5512 honore
3294 5457 3416 5511 illos
3443 5454 3640 5525 privari
3661 5463 3724 5511 et

2140 5548 2412 5602 abdicatos
2447 5547 2605 5603 efﬁci.
3141 5610 3144 5612 γ

2210 5635 2446 5689 XXXIX.
2475 5668 2546 5677 --
2566 5634 2648 5690 I9.
2678 5634 2991 5706 Quicunque
3015 5635 3370 5705 virginitatem
3392 5633 3718 5705 promitten-

2136 5835 2481 5919 corrigcnd'tls
2633 5832 2900 5906 magna;
2942 5835 3329 5910 πρεσϐυτέροις.
3368 5874 3378 5885 .
3414 5830 3549 5904 ἄγειν
3587 5852 3633 5887 τι
3661 5832 3718 5890 ἐν

2137 5910 2208 5963 ετ.
2245 5929 2363 5971 παρ.
2398 5904 2549 5961 Εῡιῐ.
