3946 6336
508 320 578 377 55
1780 313 2135 373 DIONYSIUS
2173 312 2488 371 EXIGUUS.

3696 306 3786 363 56

577 433 672 489 να¹.
713 435 830 507 Περὶ
857 432 1221 509 κυοφορούσης,
1248 430 1325 486 ὅτι
1352 428 1432 486 δεῖ
1454 430 1755 503 φωτίζεσθαι
1784 428 1931 485 ὁτινότε
1956 429 2064 499 βού-

2254 422 2337 477 LI.
2370 423 2446 478 De
2466 438 2529 478 ea
2558 436 2677 492 qua:
2704 431 2915 477 uterum
2966 421 3123 489 gerit,
3149 420 3294 491 quod
3343 430 3592 493 oporteat
3641 438 3779 478 eam

508 524 667 579 λεται.
700 522 850 579 οὐδέν
868 526 968 600 γὰρ
997 524 1046 577 ἐν
1065 524 1233 596 τούτῳ
1259 530 1483 578 κοινωνεί
1502 525 1532 581 ἡ
1554 523 1804 579 τίκτουσα
1823 529 1894 591 τῷ
1914 542 2078 577 τικτο-

509 616 638 685 μένῳ
671 613 753 669 διά
793 614 871 678 τὸ,
899 613 1115 670 ἑκάστου
1140 612 1271 670 ἰδίαν
1298 618 1388 673 τήν
1427 616 1729 690 προαίρισιν
1768 618 1860 673 τήν
1896 613 1979 668 ἐπὶ
2016 622 2078 684 τῇ

507 704 744 779 ὁμολογίᾳ
770 703 1076 762 δείκνυσθαι.

574 796 666 850 νϐ’.
709 797 1055 872 Πρεσϐύτερον
1083 799 1153 857 εἰς
1188 798 1385 870 γάμους
1419 795 1761 871 διγαμούντων
1789 801 1860 867 μὴ
1900 796 2077 852 ἱστιᾶ-

508 888 645 954 σθαι,
677 888 786 942 ἐπεί
807 890 1070 960 μετάνοιαν
1094 890 1357 949 αἰτοῦντος
1388 893 1476 943 τοῦ
1499 886 1736 960 διγάμου,
1765 888 1844 948 τίς
1865 884 2017 943 ἔσται
2050 886 2077 943 ὁ

507 982 874 1055 πρεσϐύτερος,
901 980 926 1035 ὁ
946 980 1030 1036 διὰ
1052 989 1142 1040 τῆς
1168 981 1444 1045 ἑστιάσεως
1469 979 1950 1050 συγκατατιθέμενος
1972 986 2080 1039 τοῖς

506 1092 681 1143 γάμοις
689 1088 707 1135 ;

574 1161 664 1234 νγ’.
705 1168 831 1222 Γυνή
852 1184 982 1224 τινος
1004 1168 1339 1234 μοιχευθεῖσα
1362 1163 1529 1218 λαὶκοῦ
1555 1160 1714 1229 ὄντος,
1741 1164 1823 1217 ἐὰν
1861 1163 2077 1235 ἐλέγχθῃ

505 1261 745 1325 φανερῶς,
790 1253 816 1307 ὁ
853 1260 1079 1314 τοιοῦτος
1123 1258 1195 1315 είς
1239 1255 1517 1319 ὑπηρεσίαν
1555 1256 1702 1309 ἐλθεῖν
1744 1256 1802 1309 ού
1847 1253 2074 1309 δύναται.

505 1340 616 1397 Ἐὰν
644 1342 697 1397 δέ
728 1347 808 1398 καὶ
833 1346 961 1414 μετὰ
978 1344 1067 1403 τὴν
1099 1346 1415 1417 χειροτονίαν
1443 1346 1721 1417 μοιχευθῇ,
1752 1344 1928 1416 ὀφείλει
1950 1346 2078 1398 ἀπο-

503 1431 654 1487 λῦσαι
684 1436 860 1492 αὐτήν.
890 1434 1000 1489 Ἐάν
1025 1433 1077 1488 δὲ
1121 1439 1271 1509 συζῇ,
1302 1436 1361 1487 οὐ
1389 1432 1599 1488 δύναται
1636 1433 1848 1505 ἔχεσθαι
1875 1442 1966 1496 τῆς
1994 1436 2079 1505 ἐγ-

504 1541 623 1592 χειρ
646 1524 847 1583 σθείσης
874 1523 1007 1595 αύτῷ
1026 1524 1311 1598 ὑπηρεσίας
1336 1521 1651 1595 [duxerim].

572 1692 660 1749 νδ.
700 1697 1069 1771 Πρεσϐύτερος,
1106 1700 1193 1752 ἐάν
1232 1702 1639 1774 προημαρτηκώς
1680 1703 1883 1770 σώματι
1911 1720 2075 1773 προα-

2182 514 2440 587 baptizari
2460 514 2675 584 quando
2706 514 2952 569 voluerit.
2979 512 3122 568 Nihil
3149 513 3290 568 enim
3315 514 3367 567 in
3388 514 3491 570 hoc
3508 555 3524 580 ,
3547 529 3612 570 ea
3643 530 3781 586 qua:

2181 608 2342 678 parit,
2368 607 2609 663 nascenti
2638 606 3034 672 communicat,
3072 606 3197 675 quia
3241 607 3521 676 proprium
3574 608 3777 663 unius-

2182 698 2438 768 cujusque
2459 698 2796 768 propositum
2824 698 2877 751 in
2898 696 3235 753 confessione
3255 697 3585 753 ostendatur.

2250 786 2359 842 LII.
2384 787 2674 860 Presbyter
2700 789 2755 842 in
2783 787 3116 856 digamorum
3140 786 3342 856 nuptiis
3392 803 3459 843 ne
3506 789 3771 844 convive-

2178 884 2285 933 tur.
2325 875 2462 932 Cum
2489 878 2633 932 enim
2657 876 3029 947 pmnitentiam
3058 878 3299 945 requirat
3324 878 3586 946 digamus,
3636 882 3773 951 quis

2179 968 2282 1023 erit
2302 968 2585 1040 presbyter
2632 968 2723 1037 qui
2763 968 2881 1023 illas
2934 968 3147 1038 nuptias
3196 969 3298 1023 isto
3325 970 3574 1026 convivio
3602 986 3767 1027 com-

2178 1058 2406 1129 probet?

2252 1148 2382 1205 LIII.
2413 1148 2470 1205 Si
2496 1151 2722 1221 alicujus
2749 1165 2994 1217 uxorem,
3027 1166 3147 1208 cum
3169 1161 3311 1208 esset
3338 1152 3524 1219 laicus,
3555 1154 3768 1210 adulte-

2178 1249 2351 1297 ratam
2377 1242 2540 1299 fuisse
2582 1242 2857 1298 evidenter
2898 1242 3058 1298 fuerit
3085 1244 3511 1313 comprobatum,
3544 1245 3663 1301 talis
3683 1245 3763 1301 ad

2178 1335 2538 1390 ministerium
2582 1335 2767 1390 venire
2814 1350 2923 1390 non
2978 1342 3178 1404 potest.
3208 1335 3303 1389 Sin
3358 1344 3537 1391 autem
3587 1338 3760 1395 etiam

2181 1432 2303 1495 post
2332 1424 2727 1479 ordinationem
2756 1423 3054 1480 adulterata
3084 1424 3265 1490 fuerit,
3311 1425 3579 1483 dimittere
3629 1444 3758 1483 eam

2179 1518 2449 1572 convenit.
2471 1516 2625 1583 Quod
2657 1518 2702 1572 si
2730 1532 2852 1571 cum
2881 1517 2970 1570 illa
3002 1517 3320 1583 convixerit,
3344 1533 3453 1573 non
3479 1528 3655 1587 potest
3673 1521 3759 1575 si-

2179 1607 2235 1663 bi
2261 1606 2604 1663 commissum
2630 1606 2984 1661 ministerium
3015 1607 3229 1663 habere.

2250 1697 2382 1751 LIV.
2406 1696 2463 1752 Si
2491 1697 2773 1767 presbyter
2802 1696 2893 1767 qui
2919 1698 3197 1769 corporale
3220 1706 3498 1767 peccatum
3528 1698 3760 1757 admise-

505 1786 633 1856 χθῇ,
665 1790 746 1840 καί
785 1785 1064 1861 ὁμολογήσῃ
1094 1788 1170 1845 ὅτι
1218 1793 1441 1862 ἥμαρτεν
1478 1791 1578 1865 πρὸ
1606 1798 1697 1850 τῆς
1728 1793 2064 1865 χειροτονίας⁴

2186 1785 2266 1849 rit,
2291 1793 2573 1855 promotus
2599 1784 2779 1850 fuerit,
2831 1792 2887 1839 et
2940 1784 3217 1840 confessus
3243 1784 3423 1852 fuerit,
3456 1788 3599 1857 quod
3625 1798 3759 1846 ante

502 1882 569 1947 μή
612 1880 958 1951 προσφερέτω,
1004 1882 1161 1949 μένων
1189 1881 1235 1933 ἐν
1265 1890 1374 1940 τοῖς
1411 1881 1628 1944 λοιποῖς,
1671 1880 1753 1935 διά
1794 1887 1883 1940 τήν
1928 1880 2074 1941 ἄλλην

499 1966 749 2026 σπουδήν.
776 1970 851 2023 Τά
876 1971 974 2043 γὰρ
1002 1971 1155 2025 λοιπά
1194 1968 1394 2041 [πολλὰ]
1439 1972 1781 2047 ἁμαρτήματα
1808 1970 1997 2046 ἔφασαν
2030 1975 2075 2029 οἱ

500 2059 672 2112 πολλττί
712 2064 795 2114 καὶ
841 2066 930 2119 τὴν
968 2063 1287 2135 χειροθεσίαν
1326 2065 1539 2133 ἀφιέναι.
1569 2067 1678 2118 Ἐάν
1719 2062 1772 2118 δὲ
1808 2065 1964 2126 αὐτὸς
2004 2072 2074 2135 μή

499 2147 736 2221 ὁμολογῇ,
783 2151 1080 2222 ἐλεγχθῆναι
1121 2150 1175 2205 δέ
1216 2159 1440 2225 φανερῶς
1466 2152 1749 2227 μήηδυνηθῇ
1772 2197 1787 2222 ,
1822 2154 1902 2210 ἐπ’
1940 2156 2073 2225 αὐτῷ

498 2241 664 2310 ἐκείνῳ
689 2243 947 2295 ποιεῖσθαι
968 2246 1055 2300 τήν
1080 2243 1327 2307 ἐξουσίαν.

566 2418 650 2469 νι’.
692 2417 905 2485 Ὁμοίως
933 2418 1019 2471 καί
1053 2414 1275 2478 διάκονος
1315 2421 1359 2470 εί
1390 2418 1438 2469 ἐν
1480 2424 1552 2485 τῷ
1583 2419 1719 2487 αὐτῷ
1748 2419 2069 2493 ἁμαρτήματι

495 2505 767 2579 περιπέσῃ,
798 2510 993 2561 tri-4105
1020 2509 1274 2578 ὑπηρέτου
1297 2507 1436 2569 τάξιν
1464 2506 1649 2575 ἐχέτω.

565 2592 658 2656 vi.
699 2595 1047 2669 Πρεσϐύτερος
1072 2597 1172 2668 πρὸ
1201 2603 1302 2649 τῶν
1345 2598 1619 2669 τριάκοντα
1647 2598 1768 2650 ἐτῶν
1795 2604 1864 2668 μή
1896 2619 2070 2672 χειρο-

494 2687 751 2750 τονείσθω,
776 2687 857 2739 ἐὰν
886 2690 969 2741 καί
990 2687 1120 2741 πάνυ
1207 2687 1232 2740 ὁ
1255 2684 1516 2761 ἅνθρωπος
1543 2686 1698 2756 ἄξιος,
1728 2690 1851 2744 ά).λά
1875 2693 2069 2751 άποτηο

494 2782 698 2851 ρείσθω.
732 2788 787 2833 '0
821 2781 917 2855 γάρ
942 2782 1107 2853 κύριος
1128 2778 1319 2839 ἰησοῦς
1360 2781 1576 2850 Χριστὸς
1606 2782 1654 2833 ἐν
1681 2789 1754 2853 τῷ
1782 2789 2067 2856 τριακοστῷ

491 2872 593 2928 ἔτει
612 2873 857 2945 ἐφωτίσθη
885 2871 1228 2944 [ἐϐαπτίσθη],
1255 2875 1340 2926 καὶ
1365 2872 1549 2947 ἤρξατο
1575 2870 1826 2927 διδάσκειν

558 2962 645 3025 νζ.
676 2950 784 3017 Ἐάν
811 2968 971 3015 νοσῶν
995 2983 1071 3022 τις
1087 2964 1323 3034 suum},
1349 2964 1418 3021 εἰς
1444 2963 1789 3038 πρεσϐύτερον
1816 2964 2068 3038 [πρεσϐυ-

487 3052 698 3126 τερεῐον]
720 3050 933 3126 ἄγεσθαι
961 3055 1019 3106 ού
1050 3051 1281 3118 δῼναται,
1322 3056 1407 3107 οὐκ
1440 3055 1496 3109 ἐκ
1525 3056 1869 3131 προαιρέσεως
1910 3057 2005 3134 γὰρ
2036 3059 2066 3115 ἡ

2178 1874 2571 1931 ordinationem
2617 1875 2923 1944 peccaverit
2955 1892 2967 1926 :
2998 1889 3105 1929 non
3152 1874 3376 1943 oil'erat,
3425 1892 3645 1933 manens
3693 1882 3757 1934 in

2178 1965 2320 2028 aliis,
2351 1979 2575 2035 propter
2600 1965 2745 2020 aliud
2772 1964 2888 2034 ejus
2917 1966 3040 2020 vita:
3066 1967 3327 2033 studium;
3357 1968 3559 2037 reliqua
3604 1973 3758 2028 enim

2177 2065 2395 2125 peccata
2438 2056 2692 2111 dixerunt
2739 2056 2893 2110 multi
2947 2072 3046 2125 per
3099 2072 3291 2114 manus
3355 2059 3756 2130 impositionem

2176 2144 2311 2198 tolli.
2335 2143 2491 2210 Quod
2537 2145 2584 2199 si
2627 2138 2744 2215 ipse
2795 2161 2903 2200 non
2950 2145 3290 2215 conﬁteatur,
3337 2160 3521 2219 aperte
3570 2163 3756 2209 autem

2180 2234 2430 2290 convinci
2459 2250 2566 2291 non
2593 2236 2851 2306 potuerit,
2883 2237 3165 2307 potestatis
3190 2252 3300 2293 suae
3339 2237 3539 2307 judicio
3584 2243 3755 2299 relin-

2174 2334 2386 2395 quatur.

2247 2417 2355 2473 LV.
2406 2417 2665 2478 Similiter
2702 2428 2758 2476 et
2799 2420 3074 2487 diaconus,
3106 2422 3151 2477 si
3194 2422 3249 2477 in
3282 2422 3422 2479 idem
3468 2435 3751 2494 peccatum

2174 2506 2443 2576 inciderit,
2474 2510 2705 2568 ministri
2732 2510 2973 2568 ordinem
3002 2511 3216 2566 habeat.

2244 2596 2375 2652 LVI.
2400 2597 2686 2671 Presbyter
2713 2610 2839 2657 ante
2867 2603 3083 2669 triginta
3112 2617 3283 2658 annos
3311 2620 3419 2659 non
3445 2606 3747 2675 ordinetur,
3822 2643 3826 2646 ~

2172 2689 2381 2744 etiamsi
2409 2690 2562 2746 valde
2608 2691 2798 2759 dignus
2827 2692 3005 2759 fuerit,
3034 2693 3129 2765 sed
3158 2693 3262 2750 hoc
3310 2704 3520 2766 tempus
3560 2699 3747 2754 obser-

2172 2789 2281 2837 vet.
2323 2782 2581 2839 Dominus
2624 2784 2766 2837 enim
2800 2782 2956 2839 Iesus
3002 2784 3243 2842 Christus
3286 2787 3557 2856 trigesimo
3601 2805 3752 2851 anno

2173 2872 2472 2943 baptizatus
2500 2882 2604 2939 est,
2632 2884 2687 2928 et
2715 2875 2877 2943 cmpit
2902 2875 3098 2931 docere

2238 2963 2393 3019 LVII.
2416 2963 2474 3019 Si
2493 2965 2614 3033 quis
2634 2966 2688 3019 in
2710 2967 2900 3020 morbo
2929 2967 3254 3023 constitutus
3274 2968 3599 3025 illuniinatus
3628 2971 3752 3027 lue-

2170 3055 2261 3119 rit,
2288 3056 2355 3110 ad
2385 3056 2647 3112 honorem
2688 3058 3005 3128 presbyterii
3035 3062 3341 3129 promoveri
3387 3077 3494 3115 non
3521 3069 3700 3130 potest
3728 3082 3743 3117 ι

488 3148 661 3205 πίστις
683 3146 862 3209 αὐτοῦ,
891 3143 992 3197 ἀλλ’
1020 3146 1066 3206 ἐξ
1093 3146 1305 3216 ἀνάγκης
1328 3161 1340 3175 ⁸
1367 3146 1411 3198 εἰ
1437 3150 1506 3215 μὴ
1536 3147 1678 3215 τάχα
1708 3145 1790 3202 διά
1815 3152 1904 3205 τήν
1931 3150 2062 3219 μετὰ

2186 3143 2300 3200 ides
2323 3146 2464 3200 enim
2494 3146 2610 3215 ejus
2641 3163 2748 3202 non
2783 3156 2866 3202 est
2894 3164 2958 3202 ex
2990 3150 3289 3219 proposito,
3321 3150 3416 3205 sed
3439 3166 3503 3205 ex
3552 3167 3745 3208 neces-

486 3239 647 3290 ταῦτα
690 3237 846 3289 αὐτοῦ
885 3232 1116 3294 σπουδήν
1148 3238 1232 3296 καί
1275 3238 1467 3300 πίστιν,
1511 3240 1593 3289 καί
1624 3234 1706 3291 διά
1749 3239 1930 3291 σπάνιν
1978 3241 2063 3292 ἀν-

483 3328 715 3401 ἒρὼπων.

551 3418 642 3480 νη’.
682 3419 977 3494 Ἐπιχώριοι
1016 3420 1364 3497 πρεσϐύτεροι
1393 3422 1441 3473 ἐν
1485 3429 1557 3493 τῷ
1585 3430 1807 3499 κυριακῷ
1844 3430 1936 3482 τῆς
1967 3423 2061 3477 πὸ·

481 3507 606 3571 λιως
657 3511 957 3584 προσφέρειν
998 3512 1055 3564 ού
1101 3508 1361 3575 δύνανται,
1409 3510 1657 3585 παρόντος
1708 3511 1989 3576 ἐπισκόπου
2029 3512 2061 3572 ἢ

481 3599 849 3672 πρεσϐυτέρων
872 3600 1085 3668 πόλεως,
1119 3597 1236 3654 οὗτε
1265 3604 1362 3670 μὴν
1402 3595 1555 3674 ἄρτον
1594 3598 1785 3654 διδόναι
1815 3602 1865 3653 ἐν
1900 3602 2058 3673 εὐχῇ,

479 3688 587 3742 ούδέ
614 3694 877 3763 ποτήριον*
906 3690 986 3743 ἐάν
1010 3688 1064 3745 δέ
1096 3692 1291 3753 άπὼσι,
1320 3692 1404 3743 καὶ
1437 3692 1506 3750 εἰς
1528 3692 1686 3761 εὐχήν
1714 3690 1862 3760 κληθῂ
1890 3688 2055 3760 μόνος,

478 3776 702 3833 δίδωσιν.
735 3779 793 3831 Οί
833 3777 887 3833 δέ
928 3782 1339 3853 χωρεπίσκοποι,
1376 3782 1477 3841 ε’σί
1520 3784 1611 3850 μέν
1662 3783 1733 3840 εἰς
1774 3781 1932 3835 τύπον
1960 3788 2059 3835 τῶν

476 3865 842 3939 ἐϐδομήκοντα,
872 3872 937 3929 ὡς
978 3868 1031 3924 δέ
1066 3870 1458 3943 σιλλιιτιιυρβί.
1490 3869 1572 3923 διά
1606 3892 1695 3927 την
1739 3867 1969 3945 σπονδὴν
1987 3873 2058 3931 εἰς

477 3962 596 4031 τούς
616 3964 883 4033 πτωχούς,
913 3962 1258 4032 προσφέρουσι
1280 3963 1568 4035 τιμώμενοι.

542 4136 634 4192 νθ’.
673 4137 893 4203 Διάκονοι
921 4139 1051 4195 ἑπτά
1082 4140 1360 4212 ὀφείλουσιν
1402 4136 1527 4196 εἶναι
1562 4143 1693 4195 κατά
1735 4142 1821 4197 τὸν
1850 4145 2047 4209 κανόνα,

474 4228 561 4300 κᾷν
593 4227 728 4283 πάνυ
753 4230 943 4303 μεγάλη
973 4228 1048 4289 εἴη
1078 4234 1106 4289 ἡ
1137 4231 1303 4292 πόλις⁶
1334 4233 1598 4305 πεισθείσῃ
1619 4231 1671 4288 δὲ
1697 4236 1711 4253 ⁹
1740 4233 1841 4288 άπὸ
1867 4243 1957 4296 τῆς

473 4322 595 4374 ὅλου
623 4327 722 4376 τῶν
752 4322 1004 4396 πράξεων.

2166 3238 2322 3292 sitate
2352 3256 2363 3291 :
2391 3238 2491 3294 nisi
2514 3238 2654 3294 forte
2682 3249 2901 3310 propter
2926 3256 3158 3311 sequens
3180 3242 3296 3311 ejus
3315 3243 3544 3299 studium
3575 3254 3626 3300 et
3678 3246 3745 3297 ti-

2164 3330 2308 3393 dem,
2335 3339 2498 3399 atque
2518 3329 2795 3385 hominum
2825 3333 3122 3387 raritatem.

2237 3418 2410 3475 LVIII.
2446 3420 2755 3491 Regionarii
2784 3423 3102 3494 presbyteri,
3129 3426 3184 3480 in
3216 3425 3488 3482 dominico
3509 3426 3744 3483 civitatis

2165 3509 2361 3565 oII‘erre
2390 3526 2497 3564 non
2521 3520 2764 3580 possunt,
2797 3522 3061 3582 praesente
3082 3514 3369 3585 episcopo,
3400 3516 3486 3571 vel
3514 3517 3742 3588 presby-

2166 3601 2294 3655 teris
2324 3601 2491 3668 urbis,
2520 3616 2697 3669 neque
2717 3616 2911 3671 panem
2932 3604 3061 3659 dare
3087 3604 3139 3659 in
3163 3606 3429 3669 oratione,
3462 3620 3635 3675 neque
3656 3622 3745 3663 ca-

2163 3692 2350 3758 licem;
2379 3694 2463 3747 sin
2485 3702 2665 3753 autem
2703 3693 2899 3757 absint,
2930 3703 2988 3750 et
3010 3696 3079 3750 ad
3127 3697 3427 3753 orationem
3468 3697 3613 3753 solus
3640 3713 3742 3753 vo-

2162 3791 2315 3838 catus
2341 3782 2522 3848 fuerit,
2544 3782 2674 3835 dare
2717 3783 2933 3850 poterit.
2960 3782 3344 3857 Chorepiscopi
3380 3794 3579 3851 autem,
3611 3795 3741 3841 sunt

2160 3870 2374 3939 quidem
2404 3869 2472 3923 ad
2495 3869 2800 3939 exemplum
2820 3873 3179 3940 septuaginta,
3203 3884 3262 3928 ut
3286 3882 3465 3929 autem
3506 3876 3738 3930 commi-

2163 3959 2337 4024 nistri,
2387 3968 2609 4033 propter
2655 3960 2885 4015 studium
2942 3962 2996 4017 in
3025 3977 3311 4034 pauperes,
3355 3963 3586 4025 oﬂerunt
3636 3965 3746 4021 lio-

2161 4052 2355 4124 norati.

2231 4142 2365 4197 LIX.
2392 4143 2612 4200 Diaconi
2632 4155 2839 4217 septem
2869 4163 2987 4203 esse
3013 4148 3210 4203 debent
3244 4147 3535 4204 secundum
3570 4162 3749 4202 cano-

2160 4249 2306 4303 uem,
2338 4235 2547 4292 etiamsi
2570 4237 2640 4293 sit
2667 4252 2857 4307 magna
2883 4239 3073 4295 civitas
3098 4258 3110 4292 :
3137 4240 3254 4309 ejus
3274 4248 3453 4296 autem
3476 4239 3554 4296 rei
3577 4238 3746 4296 ﬁdem

2161 4328 2321 4399 faciet
2350 4328 2483 4385 liber
2509 4330 2765 4399 Actorum
2798 4331 2934 4406 (Act.
2963 4332 3060 4401 VI).

550 4502 569 4520 ‘
587 4498 703 4554 Non
723 4497 1190 4578 ‘vAideoguomodo
1211 4506 1459 4554 constare
1488 4499 1658 4571 possit
1697 4500 1905 4572 phrasis
1935 4518 2055 4559 cum
2084 4506 2188 4560 hoc
2232 4504 2513 4576 participio
2545 4505 2819 4577 feminino.
2847 4505 3009 4563 Forte
3052 4508 3333 4578 legendum
3382 4509 3743 4577 πεισθήσεται,

464 4569 568 4632 vel,
593 4572 868 4641 πεισθήσῃ.
903 4569 1057 4625 Enn.

1381 4769 1931 4874 CONCILII
2012 4772 2830 4879 GANGRENSIS

1557 4930 1916 4992 CANONES
1948 4932 2069 4991 xx
2104 4930 2264 5012 (An.
2294 4933 2440 4995 Chr.
2478 4934 2642 5012 325).

533 5118 592 5180 ξ.
641 5112 704 5168 Εἴ
734 5136 810 5176 τις
846 5116 930 5169 τὸν
966 5115 1124 5188 γάμον
1149 5116 1415 5185 μέμφοιτο,
1456 5118 1535 5167 καί
1565 5118 1654 5170 τήν
1688 5113 2039 5169 καθεύδουσαν

2217 5116 2326 5171 LX.
2356 5151 2428 5160 -
2457 5119 2505 5171 l.
2538 5118 2592 5173 Si
2622 5119 2740 5187 quis
2771 5118 2983 5188 nuptias
3010 5127 3247 5181 accuset,
3279 5126 3333 5175 et
3358 5118 3725 5179 dormientem

462 5209 592 5279 μετὰ
633 5211 724 5260 τοῦ
768 5203 946 5279 ἀνδρὸς
993 5206 1166 5271 αὐτῆς,
1200 5201 1359 5260 οὖσαν
1397 5209 1584 5263 πιστήν
1620 5209 1703 5257 καί
1745 5206 1932 5265 εὐσεϐῆ
1959 5209 2047 5260 καί

459 5301 674 5365 εὐλαϐῆ,
705 5297 1039 5373 βδελύσσοιτο
1075 5299 1105 5359 ἧ
1143 5302 1401 5373 μέμφοιτο,
1434 5303 1503 5360 ὡς
1546 5295 1605 5354 ἂν
1645 5306 1715 5371 μὴ
1763 5299 2042 5372 δυναμένην

458 5396 528 5453 εἰς
556 5391 817 5460 βασιλείαν
845 5390 1104 5457 εἰσελθεῖν,
1135 5392 1355 5462 ἀνάθεμα
1384 5390 1539 5448 ἴστω.

528 5482 617 5545 Ed.
651 5480 713 5535 Εἴ
727 5502 803 5541 τις
834 5481 1062 5536 ἐσθίοντα
1086 5482 1227 5557 κρέα,
1254 5483 1421 5556 χωρίς
1452 5484 1690 5554 αἵματος,
1724 5486 1807 5537 καὶ
1834 5480 2036 5537 εἰδωλο-

456 5574 608 5626 θύτον
651 5576 734 5627 καὶ
779 5578 1006 5637 πνικτοῦ,
1034 5574 1140 5645 μετ’
1162 5573 1423 5635 εὐλαϐείας
1471 5578 1554 5628 καὶ
1597 5576 1855 5640 πίστεως,
1882 5595 2040 5628 κατα-

456 5666 627 5735 κρίνει,
656 5666 722 5723 ὡς
749 5660 807 5718 ἂν
834 5664 918 5721 διὰ
944 5668 1000 5723 τὸ
1038 5666 1459 5737 μεταλαμϐάνειν,
1496 5666 1670 5724 ἐλπίδα
1709 5674 1777 5740 μή
1814 5668 2030 5739 ἔχοντα,

456 5754 680 5822 ἀνάθεμα
714 5755 864 5810 ἴστω.

2150 5221 2270 5261 cum
2302 5208 2417 5261 viro
2444 5223 2573 5273 suo,
2606 5208 2815 5262 Iidelcm
2843 5209 3095 5277 piamque
3125 5223 3188 5263 ac
3216 5207 3538 5276 religiosam,
3570 5210 3734 5267 dete-

2146 5306 2320 5353 stetur
2347 5314 2411 5354 ac
2438 5300 2746 5369 vituperet,
2778 5289 2929 5371 quasi
2960 5316 3067 5356 non
3098 5301 3266 5369 possit
3294 5300 3347 5357 in
3376 5316 3597 5372 regnum
3628 5303 3731 5360 Dei

2144 5392 2385 5457 introire,
2411 5394 2694 5448 anathema
2726 5393 2815 5448 sit.

2214 5476 2349 5537 LXI.
2374 5516 2445 5526 —
2472 5484 2527 5537 2.
2559 5481 2614 5538 Si
2644 5485 2764 5553 quis
2803 5498 3019 5538 carnem
3058 5483 3336 5550 edentem,
3369 5486 3566 5554 absque
3594 5500 3732 5541 san»

2141 5574 2305 5643 guine
2328 5612 2343 5637 ,
2376 5581 2430 5629 et
2457 5574 2612 5628 idolis
2642 5573 2917 5629 immolato
2945 5580 2999 5628 et
3043 5574 3302 5630 sutfocato
3325 5616 3340 5643 ,
3370 5589 3489 5630 cum
3519 5574 3731 5645 pietate

2143 5676 2198 5721 et
2224 5665 2345 5734 fide,
2376 5667 2720 5736 condemnat,
2753 5667 2830 5722 uti
2858 5682 3009 5737 spem
3036 5683 3144 5723 non
3174 5668 3480 5733 habentem,
3504 5674 3729 5739 propter

2147 5758 2446 5841 huiusmodi
2479 5760 2901 5845 perceptionem,
2936 5759 3215 5816 anathema
3247 5760 3333 5827 sit.
