3946 6336
113 371 173 425 51
1040 336 1270 395 CODEX
1307 330 1636 393 CANONUM
1680 331 2049 389 UNIVERSE
2091 329 2468 389 ECCLESIE.
3343 338 3411 395 58

183 464 285 531 εἴ.
314 462 379 519 Εἴ
394 484 470 524 τις
500 459 680 519 δοῦλον
707 456 961 532 προφάσει
988 454 1278 514 θεοσεϐείας
1300 450 1530 509 διδάσκει
1556 473 1712 506 κατα·
1740 503 1743 511 ,

1890 446 2134 501 LXII.~—
2156 447 2209 501 ’5.
2236 445 2297 501 Si
2317 447 2438 515 quis
2461 461 2699 513 servum,
2728 446 2895 502 divini
2921 447 3097 503 cultus
3122 456 3406 518 prmtextu,

122 565 310 635 ξρσνεῖν
337 553 613 614 δεσπότου,
637 551 722 606 καί
749 550 1048 620 ἀναχωρεῖν
1073 554 1166 606 τῆς
1203 546 1506 621 ὑπηρεσίας,
1538 546 1620 597 καί
1644 546 1715 613 μὴ

119 648 230 721 μετ’
251 649 447 707 εὐνοίας
476 648 561 698 καί
586 644 768 703 πάσης
789 647 940 713 τιμῆς
968 646 1039 711 τῷ
1069 638 1256 693 ἑαυτοῦ
1281 634 1507 709 δεσπότῃ
1536 636 1721 699 ἐξυπη-

122 744 400 819 ρετεῑσθαι,
429 739 656 809 ἀνάθεμα
686 734 844 791 ἔστω.

188 836 285 907 ξιί.
317 832 384 888 Εἴ
396 853 475 892 τις
495 830 792 902 διακρίνοιτο
807 826 951 899 παρά
971 823 1327 899 πρεσϐυτέρου
1348 818 1717 895 γεγαμηκότος,

124 950 187 987 υς
219 932 292 998 μή
320 934 518 1001 χρῆναι
543 924 1004 995 λειτουργὴταντος
1044 919 1197 971 αὐτοῦ
1236 918 1538 992 προσφορᾶς
1574 933 1727 984 μετα·

121 1016 425 1088 λαμϐάνειν,
449 1016 676 1083 ἀνάθεμα
704 1011 734 1066 ε’
737 1033 864 1067 στω.

190 1110 287 1175 ξδ’.
316 1108 383 1163 Εἴ
399 1129 477 1167 τις
498 1105 727 1167 διδάσκει
746 1106 829 1158 τὸν
855 1098 988 1157 οἷκον
1014 1106 1107 1157 τοῦ
1134 1106 1263 1154 Θεοῦ
1294 1098 1724 1173 εὐκαταφρόνητον

128 1197 276 1268 εἶναι,
309 1203 399 1254 καί
422 1200 515 1259 τὰς
544 1199 594 1252 ἐν
624 1198 761 1267 αὐτῷ
790 1194 1038 1260 συνάξεις,
1069 1192 1294 1261 ἀνάθεμα
1324 1188 1477 1244 ἔστω.

200 1382 284 1449 ξί.
322 1380 389 1436 Εἴ
426 1403 507 1442 τις
548 1380 692 1455 παρά
719 1383 807 1436 τήν
838 1376 1102 1435 ἐκκλησίαν
1142 1373 1255 1448 ἰδίᾳ,
1286 1372 1618 1435 ἐκκλησιάζει,
1649 1374 1729 1425 καί

127 1479 451 1545 κατα-ξρονῶν
479 1479 571 1531 τδς
594 1471 876 1532 ἐκκλησίας,
901 1470 966 1521 τά
996 1476 1086 1526 τῆς
1108 1466 1367 1524 ἐκκλησίας
1394 1464 1544 1517 ἐθέλοι
1572 1464 1729 1538 πράτ-

129 1587 232 1620 τειν
267 1572 342 1637 μή
390 1565 626 1622 συνόντος
677 1568 769 1617 τοῦ
821 1560 1183 1633 πρεσϐυτέρου
1230 1559 1358 1611 κκτά
1397 1560 1598 1627 γνώμην
1640 1561 1729 1609 τοῦ

131 1656 442 1715 ἐπισκόπου.
472 1655 701 1721 ἀνάθεμα
727 1650 892 1705 ἔστω.

199 1747 296 1810 ξεί.
319 1744 387 1799 Εἴ
407 1767 489 1806 τις
519 1746 868 1817 καρποφορίας
899 1739 1311 1797 ἑκκλησιαστικάς
1340 1737 1488 1791 ἐθέλει
1530 1738 1729 1806 λαμϐά-

1822 540 2101 596 dominum
2151 549 2501 595 contemnere
2541 540 2773 605 doceat,
2818 548 2874 595 et
2902 539 2969 596 ab
2998 540 3115 609 ejus
3142 542 3405 612 obsequio

1822 631 2101 688 discedere
2126 671 2141 695 ,
2176 647 2275 687 nec
2303 632 2353 687 ei
2380 633 2521 687 bona
2552 632 2655 688 lide
2697 641 2751 688 et
2780 634 2924 688 omni
2954 634 3163 689 honore
3187 634 3414 704 servire,

1822 725 2108 779 anathema
2139 725 2229 780 sit.

1894 817 2072 871 LXIII.
2100 847 2174 857 -—
2201 818 2252 872 4.
2286 818 2341 872 Si
2371 818 2490 887 quis
2529 820 2786 873 discernit
2815 820 3189 891 presbyterum
3218 821 3410 891 conju-

1826 918 2048 979 gatum,
2094 911 2247 979 quasi
2297 926 2404 967 non
2454 919 2738 982 oporteat,
2784 926 2850 965 eo
2894 912 3268 977 ministrante,
3301 913 3418 983 ejus

1828 998 2091 1055 oblationi
2119 1001 2547 1064 communicare,
2576 1001 2861 1055 anathema
2892 1000 2979 1054 sit.

1900 1088 2081 1143 LXIV.
2109 1122 2173 1130 —
2202 1088 2253 1143 5.
2281 1090 2338 1145 Si
2367 1091 2487 1159 quis
2516 1091 2675 1145 docet
2701 1091 2920 1145 domum
2945 1090 3036 1145 Dei
3064 1100 3418 1147 contemnen-

1828 1182 1951 1238 dam
1982 1198 2101 1237 esse
2120 1224 2135 1248 ,
2168 1191 2223 1238 et
2252 1191 2548 1239 conventus
2574 1184 2665 1252 qui
2696 1184 2748 1237 in
2788 1199 2852 1239 ea
2882 1184 3255 1250 celebrantur,
3291 1201 3420 1239 aua-

1831 1276 2009 1330 thema
2041 1277 2130 1332 sit.

1903 1367 2062 1423 LXV.
2092 1403 2164 1412 --
2193 1370 2244 1424 6.
2285 1368 2340 1424 Si
2371 1370 2491 1439 quis
2520 1379 2671 1424 extra
2703 1370 2985 1425 ecclesiam
3015 1372 3261 1440 privatim
3292 1387 3422 1426 con.

1833 1465 2018 1521 ciones
2066 1466 2230 1519 habet
2263 1482 2274 1517 :
2308 1474 2362 1519 et
2394 1463 2687 1519 Ecclesium
2718 1474 3071 1518 contemnens
3096 1507 3110 1530 ,
3153 1480 3273 1533 qum
3301 1475 3424 1520 sunt

1832 1558 2088 1615 Ecclesia:
2119 1558 2233 1612 vult
2280 1573 2479 1627 agere,
2534 1573 2639 1611 nnn
2689 1564 2900 1611 astante
2938 1557 3254 1629 presbytero
3304 1574 3423 1611 cum

1832 1652 2112 1707 voluntate
2142 1650 2404 1720 episcopi,
2436 1650 2720 1704 anathema
2747 1649 2835 1701 sit.

1906 1742 2086 1796 LXVI.
2120 1774 2191 1784 ——
2217 1743 2269 1794 7.
2314 1742 2371 1796 Si
2400 1742 2520 1809 quis
2550 1741 2944 1796 ecclesiasticas
2974 1741 3241 1794 fructuum
3273 1740 3427 1794 obla-

133 1860 249 1903 νειν,
280 1838 312 1897 ἦ
338 1837 532 1892 διδόναι
560 1835 663 1900 ἔξω
697 1844 790 1895 τῆς
819 1834 1075 1891 ἐκκλησίας
1108 1834 1250 1906 παρά
1282 1835 1480 1903 γνώμην
1508 1837 1596 1885 τοῦ
1628 1831 1731 1884 ἔπι-

1878 1852 2010 1891 oncs
2057 1843 2209 1890 extra
2256 1834 2536 1889 ecclesiam
2584 1835 2834 1902 accipere
2884 1841 2975 1886 aut
3005 1833 3132 1887 dare
3170 1834 3426 1897 voluerit,

133 1934 332 1987 σκόπου
363 1930 396 1989 ἦ
422 1938 519 1986 τοῦ
547 1930 997 2001 ἰγκεχειρισμένου
1022 1928 1086 1980 τά
1113 1932 1356 1987 τοιαῦτα,
1385 1929 1470 1978 καί
1497 1929 1567 1995 μὴ
1608 1926 1737 1994 μετά

136 2029 335 2095 γνώμης
363 2026 525 2077 οι)τοῦ
551 2023 704 2075 ἐθέλει
731 2022 995 2095 πράττειν,
1026 2019 1251 2089 ἀνάθεμα
1282 2017 1448 2073 ἔστω.

203 2198 268 2266 Et:
279 2242 291 2253 .
326 2199 395 2254 Εἴ
412 2221 495 2260 τις
520 2198 653 2254 διδοῖ
674 2197 705 2257 ἦ
730 2197 978 2269 λαμϐάνοι
1000 2197 1346 2271 καρποφορίαν
1374 2194 1621 2271 παρεκτὸς
1644 2199 1735 2248 τοῦ

139 2294 446 2357 ἐπισκόπου,
479 2292 510 2351 ἦ
536 2286 641 2345 τοῦ
661 2289 1051 2360 ἐπιτεταγμένον
1080 2290 1150 2347 είς
1184 2290 1465 2357 οἰκονομίαν
1488 2284 1736 2351 εὐποιίας,

141 2390 218 2441 καί
243 2386 271 2440 ό
302 2383 505 2446 διδοὺς,
532 2387 613 2436 καί
639 2382 662 2435 ὁ
684 2381 971 2451 λαμϐάνων,
1003 2380 1226 2448 ἀνάθεμα
1249 2377 1406 2432 ἴστω.

205 2568 301 2632 ξη’.
332 2565 402 2621 Εἴ
423 2586 505 2625 τις
532 2565 829 2641 παρθενεύοι
858 2561 889 2621 ἦ
920 2562 1288 2636 ἕγκρατεύοιτο.
1320 2561 1389 2619 ὡς
1437 2553 1495 2613 ἀν
1528 2556 1741 2629 βδελύτ-

142 2680 237 2712 των
261 2665 369 2711 τῶν
396 2658 575 2727 γάμων
597 2652 1011 2725 [βδελυττόμενος
1043 2653 1128 2705 τὸν
1164 2649 1343 2723 γάμον]
1369 2652 1737 2726 ἀναχωρήσας,

142 2756 220 2804 καί
244 2756 318 2821 μὴ
350 2748 439 2804 διά
469 2755 563 2802 τοῦ
598 2746 692 2817 [δι’
710 2748 832 2801 αὐτὸ
861 2743 949 2816 τὸ]
981 2745 1127 2800 καλὸν
1154 2749 1241 2799 καί
1271 2744 1411 2816 ἅγιον
1433 2752 1524 2806 τῆς
1550 2746 1739 2819 παρθε-

145 2849 267 2904 νίας,
295 2844 527 2913 ἀνάθεμα
558 2841 717 2895 ἴστω.

208 2936 296 3000 ξς.
336 2936 402 2989 Εἴ
421 2956 505 2995 τις
542 2942 640 2990 τῶν
678 2933 1079 3008 παρθενευόντων
1105 2930 1189 2988 διά
1218 2932 1305 2987 τὸν
1330 2932 1517 3009 κύριον,
1549 2950 1740 2985 κατεπ-

143 3031 339 3099 αἱροιτο
370 3031 474 3078 τῶν
496 3023 873 3097 γηαμηκὸτων,
904 3023 1125 3093 ἀνάθεμα
1153 3019 1311 3076 ἴστω.

212 3118 270 3171 ο”.
303 3116 373 3171 Εἴ
387 3136 471 3175 τις
500 3116 830 3186 καταφρονοίη
853 3121 954 3168 τῶν
982 3114 1033 3165 ἐκ
1055 3115 1281 3170 πίστεως
1309 3112 1512 3181 ἀγάπας
1538 3111 1737 3165 ποιούν-

1842 1934 2036 1998 przcter
2065 1944 2386 1981 consensum
2419 1926 2688 1995 episcopi,
2724 1925 2807 1978 vel
2839 1924 2955 1994 ejus
2992 1925 3076 1979 cui
3128 1925 3430 1995 hujusmodi

1841 2018 2017 2075 ofﬁcia
2045 2020 2331 2074 commissa
2362 2028 2523 2084 sunt,
2557 2034 2657 2073 nec
2698 2033 2819 2073 cum
2851 2018 2966 2088 ejus
3011 2019 3245 2073 voluerit
3272 2035 3431 2089 agerc

1840 2110 2066 2165 consilio
2087 2152 2101 2176 ,
2132 2111 2418 2163 anathema
2449 2110 2537 2165 sit.

1914 2196 2119 2252 LXVII.
2141 2229 2209 2239 ——
2231 2197 2283 2250 8.
2310 2197 2365 2251 Si
2386 2198 2505 2266 quis
2527 2196 2737 2253 dederit
2756 2199 2841 2253 vel
2868 2200 3137 2269 acceperit
3162 2200 3431 2256 fructuum

1842 2288 2165 2353 oblationes,
2193 2297 2389 2359 praeter
2418 2290 2751 2359 episcopum,
2784 2292 2869 2344 vel
2896 2306 3020 2345 eum
3049 2293 3139 2360 qui
3168 2295 3433 2348 constituc

1846 2389 1929 2436 tus
1957 2390 2039 2437 est
2067 2381 2133 2435 ad
2163 2381 2619 2451 dispensationem
2662 2382 3029 2438 beneﬁcentia:
3065 2403 3078 2437 :
3113 2392 3167 2440 et
3196 2386 3287 2455 qui
3317 2386 3431 2455 dat,

1844 2484 1898 2530 et
1926 2476 2015 2544 qui
2047 2476 2260 2545 accipit,
2292 2476 2577 2531 anathema
2608 2477 2695 2530 sit.

1918 2566 2146 2621 LXVIII.
2179 2599 2251 2607 —
2279 2568 2329 2623 9.
2365 2568 2421 2623 Si
2450 2568 2572 2638 quis
2606 2569 2965 2638 virginitatem
3004 2572 3313 2628 custodiens
3343 2582 3434 2628 aut

1844 2661 2189 2716 continentia:
2215 2661 2463 2726 studens,
2495 2662 2646 2718 velut
2675 2664 2971 2719 abhorrens
3005 2668 3244 2737 nuptias,
3280 2683 3433 2723 sece-

1844 2750 1970 2818 dat,
2002 2767 2110 2805 non
2142 2751 2261 2806 ideo
2289 2752 2412 2822 quia
2443 2762 2627 2809 sancta
2657 2754 2727 2809 sit
2764 2755 3074 2823 virginitas,
3108 2773 3281 2827 neque
3309 2775 3436 2830 pro-

1846 2853 1967 2916 pter
1994 2846 2165 2915 ipsum
2195 2846 2514 2916 virginitatis
2544 2848 2763 2914 bonum,
2796 2852 3081 2907 anathema
3107 2854 3194 2908 sit.

1918 2934 2100 2990 LXIX.
2130 2967 2201 2976 —
2232 2936 2312 2990 I0.
2346 2936 2401 2991 Si
2430 2938 2551 3007 quis
2579 2938 2941 3007 virginitatem
2970 2956 3190 2996 servans
3217 2951 3437 3013 propter

1845 3027 2154 3097 Dominum,
2172 3044 2230 3083 se
2251 3045 2408 3099 supra
2434 3030 2750 3099 conjugatos
2772 3032 3015 3098 extollat,
3039 3034 3324 3090 anathema
3344 3035 3433 3091 sit.

1919 3117 2078 3173 LXX.
2110 3152 2180 3161 —
2212 3119 2299 3173 11.
2342 3119 2398 3175 Si
2428 3122 2549 3190 quis
2580 3121 2701 3177 illos
2730 3121 2985 3193 despicit.
3018 3126 3108 3193 qui
3145 3138 3341 3195 agapas
3369 3141 3436 3181 ex

146 3231 260 3272 των,
287 3210 381 3262 καί
409 3205 499 3263 διὰ
535 3212 685 3277 τιμήν
711 3211 802 3262 τοῦ
834 3208 1009 3278 κυρίου
1043 3203 1430 3274 συγκαλούντων
1458 3205 1579 3263 τοὺς
1606 3200 1743 3256 ἀδελ-

1878 3210 1953 3264 ide
1992 3209 2233 3275 faciunt,
2267 3217 2323 3265 et
2353 3220 2577 3281 propter
2604 3213 2865 3269 honorem
2900 3213 3109 3269 Domini
3138 3224 3438 3271 convocant

145 3304 291 3371 φούς,
319 3303 412 3354 καί
433 3302 507 3370 μὴ
531 3298 683 3352 ὶθέλοι
711 3303 953 3351 κοινωνεῖν
983 3302 1093 3355 τοῖς
1116 3295 1348 3357 κλήσεσι,
1370 3291 1455 3348 διὰ
1476 3294 1534 3348 τὸ
1555 3293 1745 3357 ἐξευτε-

147 3389 294 3457 λίςειν
323 3391 385 3444 τό
412 3388 693 3462 γινόμενον,
718 3389 941 3456 ἀνάθεμα
970 3384 1128 3441 ἴστω.

216 3485 316 3539 σοι’.
352 3482 415 3537 Εἴ
446 3503 530 3543 τις
565 3479 758 3555 ἀνδρῶν
793 3479 879 3535 διὰ
924 3481 1248 3550 νομιζομένην
1281 3476 1499 3536 ἄσκησιν
1528 3477 1739 3555 περιϐο·

148 3575 269 3645 λαίῳ
296 3581 501 3650 χρῆται
518 3566 839 3648 [κᾶχρηται],
865 3574 947 3624 καί
972 3573 1039 3629 ὡς
1062 3564 1119 3623 ἀν
1147 3569 1199 3623 ἔκ
1222 3571 1408 3623 τούτου
1435 3574 1527 3627 τήν
1555 3566 1746 3623 δικαιο-

150 3672 305 3727 σύνην
345 3667 524 3738 ἶχων,
573 3666 977 3737 καταψηφίσαιτο
1031 3670 1129 3718 τῶν
1182 3661 1576 3733 μετέὑλαϐείας
1625 3665 1746 3721 τοὺς

152 3765 347 3837 βάρους
392 3761 697 3837 φορούντων,
726 3760 808 3811 καί
855 3764 918 3830 τῇ
959 3753 1079 3825 ἄλλῃ
1119 3761 1255 3831 κοινῇ
1299 3757 1381 3809 καί
1422 3754 1471 3808 ἓν
1510 3755 1747 3827 συνηθείᾳ

152 3852 281 3927 ὤση
306 3854 496 3910 ὶσθῆτι
522 3851 863 3927 κεχρημένων,
890 3849 1115 3919 ἀνάθεμα
1142 3845 1296 3901 ἔστω.

222 3943 320 4000 οξ.
356 3942 420 3998 Εἴ
438 3962 520 4002 τις
692 3939 779 3996 διά
803 3942 1125 4009 νομιζομένην
1146 3937 1365 3997 ἄσκησιν
1391 3939 1751 4004 μεταϐάλλοιτο

154 4043 453 4111 ἀμφίνισμα.
484 4040 565 4091 καί
611 4038 725 4091 ἀντί
752 4041 840 4088 τοῦ
888 4035 1118 4093 εἰωθότος
1142 4035 1428 4105 γυναικείου
1459 4033 1754 4102 ἀμφιάσμα-

156 4151 261 4195 τος,
283 4128 521 4203 ἀνδρεῖον
543 4122 811 4204 [mpm]
832 4125 1071 4179 ἀναλάϐοι
1091 4119 1505 4195 [ἀναλαμϐάνοι],
1529 4123 1753 4193 ἀνάθεμα

157 4220 316 4276 ἴστω.

228 4313 324 4387 η’.
355 4310 425 4366 Εἴ
440 4332 522 4370 τις
544 4315 670 4382 ’γννῆ
696 4310 1065 4380 καταλιμπάνοι
1092 4309 1178 4363 τὸν
1208 4305 1371 4383 ἄνδρα
1390 4351 1404 4376 ,
1436 4310 1520 4361 καί
1543 4308 1756 4377 ἀναχω-

161 4411 271 4479 ρεῖν
290 4403 475 4465 ἕθᾶλοι,
503 4399 881 4472 βδηλυττομίνη
911 4400 1000 4455 τόν
1025 4400 1209 4469 γάμον,
1232 4400 1460 4470 ἀνάθεμα
1489 4396 1644 4454 ἴστω.

232 4493 326 4549 οδ.
374 4491 439 4547 Εἴ
476 4512 556 4551 τις
598 4491 961 4561 καταλιμπάνει
1005 4491 1072 4545 τά
1122 4488 1311 4543 ἑαυτοῦ
1358 4489 1534 4554 τέκνα,
1567 4490 1653 4543 καί
1691 4492 1759 4557 μή

1844 3301 2057 3368 fratres,
2088 3310 2142 3357 et
2169 3303 2403 3358 noluerit
2440 3303 2742 3373 hujusmodi
2770 3308 3147 3363 vocationibus
3197 3324 3438 3365 commu-

1845 3392 2046 3454 nicare.
2079 3393 2473 3463 parvipendens
2499 3396 2642 3464 quod
2673 3397 2867 3466 agitur,
2891 3400 3176 3453 anathema
3207 3400 3292 3454 sit.

1921 3482 2102 3537 LXXI.
2131 3518 2202 3526 --
2232 3483 2318 3539 12.
2351 3484 2407 3540 Si
2438 3486 2557 3555 quis
2587 3488 2695 3553 vir,
2729 3488 2798 3542 ob
2826 3504 2947 3543 eam
2986 3504 3105 3558 qua:
3165 3490 3440 3544 existinm-

1850 3584 1935 3631 tur
1980 3577 2201 3647 pietatis
2248 3578 2691 3633 exercitationem
2719 3619 2734 3645 ,
2766 3588 2949 3634 utatur
2977 3581 3265 3651 peribokco
3290 3624 3304 3649 ,
3336 3583 3440 3639 hoc

1849 3675 1933 3722 est
1979 3669 2177 3723 amictu
2228 3668 2374 3738 pallii
2411 3686 2423 3721 :
2457 3678 2512 3724 et
2547 3670 2693 3724 velut
2731 3670 2783 3724 in
2822 3670 2925 3725 hoc
2949 3670 3208 3740 justitiam
3236 3674 3440 3730 consti-

1854 3767 2043 3828 tuens,
2073 3760 2399 3815 condemnet
2435 3776 2530 3815 eos
2566 3762 2658 3829 qui
2700 3777 2821 3816 cum
2852 3764 3053 3833 pietate
3081 3765 3226 3820 beris
3253 3774 3309 3821 et
3338 3764 3440 3822 alia

1851 3850 2120 3907 communi
2150 3850 2417 3921 solitaque
2444 3860 2592 3907 veste
2623 3860 2863 3917 utuntur,
2896 3855 3181 3910 anathema
3210 3857 3298 3912 sit.

1926 3942 2133 3998 LXXII.
2159 3976 2232 3986 ——
2264 3943 2349 3996 15.
2381 3943 2437 3998 Si
2467 3959 2572 4012 qua
2624 3945 2814 3999 mulier
2838 3987 2852 4010 ,
2894 3955 3115 4016 propter
3160 3963 3279 4002 eam
3327 3966 3445 4019 qua:

1856 4036 2197 4092 existimatur
2238 4037 2455 4107 pietatis
2495 4036 2964 4102 exercitationem,
3005 4047 3209 4096 vestem
3253 4048 3444 4107 mutet,

1857 4135 1912 4183 et
1939 4144 2037 4199 pro
2066 4128 2224 4184 solita
2254 4136 2406 4183 veste
2434 4128 2711 4195 muliebri,
2745 4130 2950 4185 virilem
2981 4140 3185 4199 sumat,
3219 4133 3449 4194 anathe-

1857 4233 1944 4272 ma
1974 4219 2063 4273 sit.

1933 4312 2163 4391 LXXIII.
2189 4344 2262 4354 --
2287 4313 2373 4368 Li.
2396 4312 2453 4369 Si
2475 4329 2580 4384 qua
2600 4314 2793 4369 mulier
2815 4330 2843 4369 a
2867 4317 3062 4372 marito
3081 4333 3179 4373 suo
3199 4319 3449 4385 divertat,

1862 4413 1915 4461 et
1945 4405 2200 4461 secedere
2226 4404 2372 4467 velit.
2400 4406 2613 4472 nuptias
2641 4407 2954 4472 abhorrens,
2980 4408 3263 4463 anathema
3288 4410 3375 4463 sit.

1936 4494 2163 4550 LXXIV.
2198 4525 2269 4534 ——
2298 4493 2385 4549 15.
2433 4495 2488 4550 Si
2519 4497 2640 4565 quis
2670 4497 2809 4550 tilios
2836 4511 2962 4551 suos
2989 4498 3203 4552 deserat
3228 4540 3242 4563 ,
3274 4508 3330 4554 ct
3356 4515 3453 4556 eos

165 4586 337 4660 [μηδέ]
368 4590 712 4660 τεκνοτροφεῖ,
738 4585 821 4637 καί
850 4583 909 4639 τό
938 4581 1059 4638 ὅσον
1096 4582 1259 4652 ἑαυτῷ
1296 4578 1388 4654 [ἐφ’
1408 4577 1599 4653 ἑαυτῷ]
1631 4579 1743 4649 πρὸε

1878 4601 1974 4641 non
2006 4586 2153 4652 alat,
2185 4594 2239 4640 et
2267 4590 2527 4654 quantum
2556 4587 2609 4640 in
2638 4601 2699 4641 se
2727 4594 2810 4641 est
2835 4586 2902 4640 ad
2934 4587 3191 4655 pietatem
3221 4595 3276 4642 et
3303 4587 3455 4645 debi-

163 4678 462 4734 θεοσέϐειαν
490 4681 579 4735 τήν
605 4681 966 4749 προσήκουσαν
1012 4676 1191 4749 ἀνάγοι
1216 4671 1393 4746 [ai-yet],
1417 4673 1543 4728 ἀλλά
1570 4675 1764 4750 προφά·

163 4790 248 4824 σει
276 4776 373 4827 τῆς
396 4769 659 4827 ἀσκήσεως
681 4767 905 4837 ἀμελοίη.
934 4768 1154 4836 ἀνάθεμα
1180 4765 1314 4822 ἔστω

138 4850 141 4851 ν
240 4860 332 4914 σε’.
365 4858 433 4911 Εἴ
453 4880 565 4915 τινα
594 4862 739 4915 τέκνα
758 4858 960 4933 γονέων,
984 4859 1207 4929 μάλιστα
1228 4866 1443 4922 πιστῶν,
1468 4860 1764 4930 ἀναχωροίη

170 4956 428 5027 προφάσει
456 4952 759 5015 θεοσεϐείας,
785 4955 869 5005 καί
909 4956 978 5022 μὴ
1004 4956 1096 5010 την
1139 4951 1457 5010 καθήκουσαν
1486 4956 1633 5019 τιμήν
1663 4957 1769 5009 τοῖς

169 5053 406 5109 γονεῦσιν
447 5045 705 5113 ἆπονὲμοι,
754 5047 1143 5119 προτιμωμένης
1188 5042 1412 5103 δηλονότι
1456 5042 1578 5119 παρ’
1595 5045 1769 5103 αὐτοῖς

171 5147 264 5199 τίς
288 5138 609 5200 θεοσεϐείας,
640 5137 863 5207 ἀνάθεμα
898 5134 1059 5193 ἔστω.

242 5232 347 5294 οξ.
381 5230 444 5285 εἴ
468 5252 545 5292 τις
571 5239 820 5305 γυναικῶν
871 5229 953 5286 διά
978 5232 1299 5302 νομιζομένην
1330 5227 1546 5290 ἄσκησιν
1577 5228 1773 5302 [θεοσεο

176 5322 346 5393 θείαν]
377 5325 695 5399 ἀποκείροιτο
720 5324 814 5383 τὰς
843 5323 1019 5393 κόμας,
1052 5322 1113 5383 ἃς
1140 5321 1326 5377 ἔδωκεν
1351 5322 1376 5377 ὁ
1400 5324 1520 5383 Θεὸς
1547 5324 1619 5385 εἰς
1646 5320 1777 5378 ὑπόο

174 5440 366 5490 μνησιν
388 5427 478 5478 τῆς
500 5419 788 5489 ὑποταγῆς,
815 5419 882 5477 ὡς
909 5417 1198 5472 ἀναλύουσα
1226 5413 1619 5492 [παραλύσασα]
1646 5414 1776 5493 πρό-

177 5534 400 5583 σταγμα
432 5519 518 5570 τῆς
548 5512 829 5582 ὑποταγῆς,
859 5512 1077 5580 ἀνάθεμα
1114 5512 1276 5565 ἴστω.

249 5603 343 5667 οξ.
375 5599 532 5660 εἴτις
572 5599 655 5655 διὰ
680 5603 1003 5674 νομιζομένην
1029 5598 1249 5659 ἄσκησιν
1281 5601 1327 5654 ἔν
1355 5608 1417 5677 τῇ
1446 5609 1657 5675 κυριακῇ
1687 5624 1775 5659 νη·

175 5698 377 5758 σπίλοι,
406 5695 630 5762 ἀνάθεμα
660 5691 813 5747 ἴστω.

260 5892 324 5928 οη
344 5908 360 5924 .
401 5868 460 5925 Εἴ
477 5892 555 5933 τις
585 5878 685 5925 τῶν
728 5869 1081 5939 ἀσκουμένων,
1117 5871 1284 5945 χωρίς
1311 5864 1603 5942 σωματικῆς
1630 5868 1779 5941 ἀνάγ-

1867 4684 1979 4731 tum
2026 4676 2122 4730 Dei
2168 4676 2370 4730 cultum
2416 4691 2525 4731 non
2573 4675 2815 4730 instituat
2852 4693 2867 4728 :
2916 4674 3010 4730 sed
3056 4677 3458 4735 exercitationis

1868 4773 2152 4838 praetextu,
2176 4764 2417 4833 negligit,
2451 4763 2736 4820 anathema
2765 4765 2853 4821 sit.

1942 4857 2150 4913 LXXV.
2188 4888 2258 4897 —-
2287 4857 2372 4911 16.
2424 4856 2482 4912 Si
2527 4858 2619 4929 qui
2662 4857 2754 4913 lilii
2785 4858 3039 4915 secedant
3067 4875 3099 4915 a
3126 4862 3458 4931 parentibus,

1871 4954 2104 5007 maxime
2128 4951 2391 5017 ﬁdelibus,
2414 4951 2581 5006 divini
2610 4952 2784 5009 cultus
2808 4960 3091 5025 prmtextu,
3118 4953 3462 5026 debitumque

1872 5043 2188 5114 parentibus
2215 5040 2479 5098 honorem
2508 5057 2616 5097 non
2644 5043 2966 5108 exhibeant,
2995 5045 3285 5114 pneposito
3313 5046 3462 5103 vidc-

1876 5134 2002 5190 licet
2028 5132 2166 5203 apud
2198 5134 2341 5204 ipsos
2364 5132 2545 5189 divino
2572 5133 2740 5199 cultu,
2770 5134 3059 5190 anathema
3086 5136 3173 5190 sit.

1950 5223 2177 5280 LXXVI.
2210 5258 2281 5267 —
2311 5224 2399 5279 I7.
2447 5224 2505 5279 Si
2533 5240 2639 5296 qua
2676 5226 2870 5281 mulier
2892 5267 2907 5294 ,
2948 5236 3172 5298 propter
3196 5242 3318 5285 eam
3345 5244 3461 5300 qua

1881 5316 2220 5373 existimatur
2249 5317 2463 5388 pietatis
2489 5317 2953 5386 exercitationem,
2986 5335 3195 5375 comam
3225 5320 3461 5386 tondeat,

1882 5421 2045 5476 quam
2089 5406 2231 5462 Deus
2268 5408 2318 5461 ei
2346 5407 2495 5461 dedit
2526 5406 2581 5461 in
2618 5410 2933 5463 memoriam
2978 5409 3325 5478 subjectionis
3348 5448 3365 5475 ,
3406 5418 3469 5466 ut.

1881 5511 1999 5568 quae
2028 5496 2379 5564 subjectionis
2406 5506 2736 5568 pmceptum
2760 5498 3036 5565 dissolvat,
3059 5499 3343 5553 anathema
3371 5500 3464 5556 sit.

1954 5588 2203 5644 LXXVII.
2238 5622 2309 5633 -—
2342 5589 2428 5644 18.
2471 5590 2528 5646 Si
2553 5591 2673 5660 quis
2694 5633 2710 5658 ,
2742 5591 2813 5647 ob
2840 5606 2958 5647 eam
2987 5605 3105 5660 quae
3133 5590 3470 5648 existimatur

1883 5682 2103 5753 pietatis
2138 5682 2616 5748 exercitationem,
2648 5682 2927 5760 Domjnico
2957 5681 3045 5737 die
3068 5680 3301 5751 jejunat,
3335 5699 3469 5740 ana-

1888 5775 2063 5831 thema
2094 5775 2183 5830 sit.

1961 5867 2234 5922 LXXVIII.
2274 5900 2335 5910 -—-
2372 5869 2451 5923 l9.
2484 5869 2538 5925 Si
2568 5884 2685 5938 qnis
2715 5878 2924 5940 eorum,
2951 5868 3041 5939 qui
3068 5869 3283 5950 pietatis
3314 5882 3467 5928 exer-
