3946 6336
455 1160 461 1205 i

477 305 602 386 so.

1742 296 2098 358 DIONYSIUS
2135 294 2457 354 EXIGUUS.

3680 311 3765 367 60

471 441 558 480 κης
602 418 1062 496 ὑπερηφανεύοιτο,
1105 421 1186 473 καί
1230 420 1324 479 τάς
1372 414 1786 492 παραδεδομένας
1824 416 2059 473 νηστείας

2192 410 2409 467 :itationi
2435 408 2680 475 student,
2711 411 2916 481 absque
2944 413 3272 471 necessitate
3299 419 3570 488 corporis,
3601 422 3758 479 inso-

469 516 541 574 εἰς
581 512 638 567 τὸ
687 512 878 574 κοινόν,
928 514 1009 565 κειί
1064 510 1453 580 φυλασσομένας
1508 508 1610 563 ὑπὸ
1657 515 1749 569 τῆς
1803 507 2063 567 ίικλησίας

468 602 740 676 παραλύει,
769 605 1142 678 άποκυροῦντος
1165 600 1332 674 [lam
1365 597 1831 676 ύποικουροῦντος]
1857 597 1907 655 έν
1925 601 2064 671 αὐτῷ

470 695 660 751 τελείου
686 696 954 767 λογισμοῦ,
985 696 1208 766 ἀνάθεμα
1238 693 1393 750 ἴστω.

543 786 629 842 οθ’.
657 785 719 843 Εἴ
745 808 823 846 τις
860 789 1066 858 αἰτιῷτο
1096 785 1367 858 [αἰτιᾶται]
1405 788 1706 864 ύπερηξάνῳ
1732 783 1955 839 διαθέσει
1981 803 2064 837 κε-

468 877 749 956 χρημένος,
767 877 850 931 καί
867 874 1274 951 βδελυσσόμενος
1289 876 1380 937 τὰς
1397 876 1625 941 συνάξεις
1645 880 1742 929 τῶν
1760 874 2056 948 μαρτύρων,

466 970 496 1030 ἢ
539 973 632 1030 τάς
662 970 716 1023 ἓν
758 970 929 1029 αὐτοῖς
953 971 1221 1042 γινομένας
1254 967 1592 1041 λειτουργίας,
1622 967 1707 1021 καί
1742 966 1837 1026 τὰς
1866 968 2062 1038 μνήμας

469 1063 651 1125 αὐτῶν,
682 1060 909 1131 ἀνάθεμα
936 1058 969 1115 ἕ
969 1082 1101 1115 στω.
1142 1100 1145 1101 ν

2166 501 2351 567 lescat,
2384 512 2440 558 et
2469 503 2663 557 tradita
2702 503 2759 561 in
2786 519 3071 563 commune
3094 507 3298 578 jejnnia
3326 518 3383 566 et
3416 513 3485 568 ab
3514 513 3761 590 Ecclesia

2169 590 2450 647 observata
2469 593 2745 660 dissolvat,
2775 595 3025 651 nimirum
3050 599 3307 669 perfecta,
3335 618 3454 674 qua:
3481 605 3535 658 in
3561 621 3631 663 eo
3652 618 3758 674 est,

2169 688 2583 744 ratiocinatione
2610 688 2697 743 illa
2728 689 3092 760 improbante,
3123 694 3411 752 anathema
3442 698 3530 754 sit.

2240 777 2476 835 LXXIX.
2507 810 2575 837 -,—
2603 778 2691 834 20.
2732 779 2789 836 Si
2816 782 2937 851 quis
2962 784 3195 855 superbo
3233 785 3429 844 affectu
3459 797 3656 859 utens,
3708 804 3768 848 ct

2169 869 2467 925 abhorrens
2494 878 2797 927 conventus
2822 879 3118 945 martyrum
3138 916 3153 940 ,
3184 884 3242 931 et
3268 892 3418 933 sacra
3446 895 3566 949 qua:
3594 882 3648 937 in
3682 885 3771 939 eis

2169 962 2531 1028 celebrantur,
2556 973 2615 1018 et
2640 977 2830 1020 eorum
2857 966 3178 1034 memorias,
3204 970 3491 1027 anathema
3518 974 3606 1031 sit.

2285 1204 3751 1228 Μ

1400 1294 1959 1403 CONCILII
2011 1288 2809 1403 ANTIOCHENI

1528 1460 1893 1523 CANONES
1939 1460 2121 1522 XXV
2158 1460 2317 1540 (An.
2352 1463 2498 1525 Chr.
2529 1462 2695 1541 3M).

1981 1581 2275 1600 *-

544 1680 615 1735 π’.
640 1682 834 1743 Πάντας
854 1682 973 1741 τοὺς
987 1681 1274 1751 τολμῶντας
1298 1679 1573 1753 παραλύειν
1587 1673 1957 1752 [παραϐαίνειν]
1980 1674 2063 1729 τὸν

2240 1676 2447 1731 LXXX.
2478 1711 2548 1720 —
2579 1678 2630 1733 ι.
2675 1680 2872 1736 Omnes
2899 1681 2991 1751 qui
3019 1654 3218 1739 andem
3246 1670 3549 1757 dissolvere
3570 1689 3766 1745 ἁθίίιιί-

475 1775 589 1850 ὅρον
619 1784 709 1837 τῆς
743 1775 888 1848 άγίας
919 1778 1000 1830 καί
1032 1774 1254 1848 μεγάλης
1287 1770 1504 1828 συνόδου
1534 1780 1626 1831 τῆς
1659 1772 1707 1823 ἐν
1732 1771 1913 1844 Νικαίᾳ
1937 1788 2068 1838 συγ-

2192 1770 2375 1822 ,ionem
2403 1776 2600 1823 sancta:
2629 1777 2684 1824 et
2709 1784 2914 1839 magnae
2941 1772 3152 1843 synodi,
3173 1789 3293 1842 qua:
3313 1775 3503 1835 Nicaea:
3528 1793 3763 1847 congre-

476 1870 796 1942 δροτηθιίσης
825 1869 908 1922 ἐπί
933 1870 1196 1940 παρουσίᾳ
1225 1874 1315 1925 τῆς
1339 1863 1604 1921 εὐσεϐείας
1639 1868 1729 1917 τοῦ
1758 1862 2075 1933 θεοφιλεστά-

479 1978 573 2017 του
607 1957 857 2025 βασιλέοις
890 1955 1297 2019 Κωνσταντίνου,
1338 1954 1570 2025 περὶτῆς
1604 1950 1754 2022 ἁγίας
1781 1950 1958 2026 ἑορτῆς
1986 1957 2073 2004 τοῦ

476 2046 836 2123 σωτηριὼδους
865 2047 1083 2118 ποίσχα,
1106 2047 1485 2106 ἀκοινωνγὴους,
1502 2046 1587 2096 καί
1613 2043 1935 2104 άποϐλήτους
1956 2039 2089 2109 εἶναι,

476 2148 569 2202 τῆς
608 2140 873 2199 imam-i7:
899 2180 914 2204 ,
961 2143 1004 2193 εἰ
1035 2141 1313 2210 ἐπιμένοιεν
1342 2134 1727 2211 φιλονεικότερον
1766 2136 2077 2206 ἐνιστάμενοι

480 2234 611 2302 πρὸς
638 2232 703 2286 τά
733 2232 896 2291 καλῶς
924 2229 1218 2301 δεδογμένα.
1251 2231 1353 2281 Καὶ
1386 2234 1554 2282 ταῦτα
1584 2227 1801 2302 εἰρήσθω
1833 2231 2077 2301 περὶτῶν

476 2324 538 2380 λα
560 2332 680 2379 κῶν.
713 2325 766 2377 Εἰ
794 2321 847 2378 δέ
873 2345 951 2383 τις
972 2329 1073 2377 τῶν
1104 2322 1451 2396 προεστώτων
1474 2326 1565 2377 τῆς
1590 2318 1876 2383 ἐκκλησίας,
1910 2319 2073 2375 ἐπίσ-

478 2436 631 2474 κοπος
660 2414 689 2473 ἦ
716 2414 1075 2488 πρεσϐύτερος
1103 2412 1133 2471 ἦ
1174 2410 1396 2469 διάκονος
1414 2449 1428 2468 ,
1460 2411 1590 2479 μετὰ
1617 2410 1702 2463 τόν
1743 2407 1853 2486 ὅρον
1898 2416 2077 2465 τοῦτον

479 2507 775 2574 τολμήσενεν
803 2506 886 2557 ἑπί
917 2502 1197 2579 διαστροφῇ
1229 2510 1328 2555 τῶν
1356 2503 1489 2555 λαῶν
1515 2505 1597 2555 καί
1621 2510 1831 2576 ταραχῇ
1862 2510 1960 2557 τῶν
1994 2505 2076 2556 ἐκ·

480 2597 695 2654 γλησιῶν
721 2637 734 2660 ,
774 2593 983 2657 ίδιάζειν
1013 2586 1094 2646 καί
1132 2597 1263 2664 μετά
1304 2599 1406 2646 τῶν
1435 2589 1684 2645 Ἰουδαίων
1728 2592 1972 2646 ἐπιτελεῖν
2017 2592 2076 2647 τὸ

480 2691 708 2758 πάσχα,
740 2692 918 2742 τοῦτον
952 2689 982 2745 ἡ
1016 2684 1135 2757 ἆγά
1172 2681 1386 2744 σύνοδος
1426 2684 1646 2738 ἐντεῦθεν
1695 2681 1789 2740 ἤδη
1820 2683 2074 2758 ἀλλότριον

481 2780 645 2855 ἔκρινε
668 2787 757 2837 τῆς
779 2779 1072 2837 ἐκκλησίας,
1095 2779 1164 2836 ὡς
1184 2777 1240 2829 οὐ
1268 2771 1418 2847 μόνον
1449 2774 1616 2845 ἐαυτῷ
1644 2774 1925 2847 ἁμαρτίας,
1949 2777 2075 2830 ἀλλά

483 2872 680 2931 πολλοῖς
723 2869 999 2944 διαφθορᾶς
1028 2872 1111 2923 καί
1139 2866 1450 2941 διαστροφῆς
1490 2868 1745 2938 γινόμενον
1777 2864 2078 2937 αἶτιονχκαί

483 2970 541 3020 οὐ
567 2967 715 3037 μόνον
743 2967 859 3025 τούς
883 2966 1145 3023 τοιούτους
1174 2964 1403 3039 καθαίρει
1430 2968 1522 3021 τῆς
1556 2960 1875 3034 λειτουργίας
1895 3003 1908 3026 ,
1953 2961 2077 3015 άλλά

485 3064 568 3114 καί
596 3061 715 3117 τοὺς
739 3058 1030 3125 τολμῶντας
1051 3055 1251 3114 τούτοις
1276 3060 1522 3107 κοινωνεῖν
1552 3053 1684 3121 μετά
1721 3058 1809 3109 τήν
1847 3051 2077 3127 καθαίρε-

2176 1867 2298 1927 gata
2322 1866 2419 1926 est,
2452 1859 2504 1913 in
2535 1861 2818 1930 praesentia
2847 1862 3232 1931 religiosissimi
3255 1866 3597 1937 imperatoris
3618 1868 3765 1926 Con-

2175 1952 2418 2017 stantini,
2443 1951 2510 2007 de
2540 1961 2726 2008 sancto
2758 1952 2898 2009 festo
2925 1955 3186 2013 salutiferi
3216 1957 3513 2027 Paschalis,
3538 1977 3763 2025 excom-

2176 2043 2480 2098 municatos
2531 2051 2587 2096 et
2634 2040 2868 2098 Ecclesia
2921 2045 3123 2114 cjectos
3170 2063 3288 2105 esse
3335 2052 3618 2108 statuimus
3650 2095 3666 2120 ,
3717 2055 3765 2109 si

2177 2132 2545 2189 contentiosus
2590 2133 2847 2191 adversus
2871 2152 2968 2206 ea,
3003 2155 3122 2209 quae
3157 2149 3309 2197 recte
3351 2142 3581 2203 decreta.
3612 2154 3760 2207 sunt.

2178 2225 2531 2295 perstiterint.
2588 2224 2656 2279 Et
2683 2226 2798 2283 lure
2822 2228 3040 2296 quidem
3066 2231 3136 2286 de
3164 2231 3314 2288 laicis
3339 2232 3480 2289 dicta
3526 2235 3656 2290 sint.
3701 2236 3765 2291 Si

2177 2316 2297 2386 quis
2324 2327 2501 2370 autem
2532 2332 2720 2372 eorum
2750 2320 2841 2388 qui
2869 2330 3103 2389 praesunt
3141 2322 3423 2392 Ecelesim,
3455 2328 3762 2398 episcopus,

2178 2410 2262 2463 vel
2291 2409 2591 2479 presbyter,
2627 2412 2712 2465 vel
2741 2411 2999 2467 diaconus
3041 2423 3162 2483 post
3208 2417 3350 2473 hanc
3395 2417 3765 2475 deﬁnitionem

2180 2516 2341 2557 ausus
2367 2500 2565 2571 fuerit,
2594 2504 2663 2556 ad
2692 2503 3016 2574 populorum
3058 2506 3464 2565 subversionem
3491 2518 3547 2565 et
3571 2510 3765 2568 Eccle-

2177 2591 2377 2646 siarum
2394 2594 2854 2663 perturbationem
2875 2610 3119 2651 seorsum
3141 2610 3319 2666 agere,
3339 2609 3395 2655 et
3414 2598 3617 2657 Pascha
3641 2619 3766 2659 cum

2178 2681 2373 2737 Judinis
2400 2682 2679 2741 celebrare
2701 2726 2717 2752 ,
2749 2687 2893 2742 hunc
2938 2696 3121 2745 sancta
3146 2690 3382 2761 synodus
3407 2692 3605 2749 abhinc
3633 2696 3767 2750 alie-

2178 2788 2306 2828 num
2334 2788 2453 2829 esse
2473 2776 2540 2830 ab
2561 2774 2799 2831 Ecclesia
2819 2776 3094 2845 judicavit.
3125 2788 3182 2833 ut
3208 2781 3299 2849 qui
3325 2796 3433 2837 non
3462 2783 3561 2839 sibi
3589 2785 3766 2841 solum

2170 2866 2431 2936 peccati,
2473 2866 2566 2922 sed
2606 2876 2660 2922 et
2700 2869 2884 2927 multis
2921 2870 3070 2930 exitii
3120 2879 3175 2926 et
3206 2872 3574 2930 subversionis
3602 2890 3765 2931 causa

2182 2957 2343 3013 fuerit
2370 2978 2381 3011 :
2408 2967 2464 3014 et
2493 2975 2598 3014 non
2624 2959 2800 3014 solum
2825 2975 2919 3015 eos
2943 2976 2974 3015 a
3003 2961 3303 3020 ministerio
3328 2952 3568 3038 deponit,
3594 2968 3689 3022 sed
3714 2976 3769 3022 et

2182 3065 2296 3115 eos,
2327 3051 2418 3121 qui
2445 3051 2644 3106 audent
2672 3052 2737 3106 iis
2768 3054 3171 3111 communicare
3203 3065 3326 3126 post
3351 3055 3765 3127 depositionem.

486 3153 733 3208 σιν.Τοὺς
758 3147 811 3203 δὲ
839 3147 1220 3222 καθαιρεθέντας
1248 3144 1652 3221 ἀποστερεῖσθαι
1679 3145 1759 3196 καί
1788 3149 1878 3203 τῆς
1901 3140 2080 3207 ἔξωθεν

2192 3142 2470 3213 Depositos
2509 3154 2689 3199 autem
2741 3147 2886 3201 omni
2925 3162 3142 3217 quoque
3186 3149 3517 3206 extrinsecus
3565 3151 3773 3206 honore

488 3247 659 3310 τιμῆς,
692 3236 797 3298 ἦςὸ
828 3235 970 3311 ἄγος
997 3240 1153 3291 κανὼν
1188 3237 1353 3291 καίτό
1388 3240 1476 3289 τοῦ
1501 3234 1616 3287 θεοῦ
1646 3233 1888 3309 ἰερατεῐον
1914 3238 2083 3304 μετεί-

489 3330 656 3404 ληφεν.

559 3418 668 3476 ποί.
695 3424 889 3481 Πάντας
915 3421 1035 3481 τούς
1068 3420 1314 3478 εἰσιόντας
1336 3419 1407 3480 εἰς
1428 3426 1520 3482 τήν
1547 3420 1808 3477 ἐκκλησίαν
1829 3426 1919 3474 τοῦ
1949 3420 2082 3482 θεοῦ,

491 3515 700 3566 καὶτῶν
744 3513 887 3581 ἱερῶν
927 3518 1129 3584 γραφῶν
1167 3512 1471 3571 ἀκούοντας,
1518 3515 1587 3580 μὴ
1625 3515 1983 3570 κοινωνοῦντας
2031 3507 2084 3563 δὲ

491 3606 651 3674 εὐχῆς
676 3600 781 3673 ἅμα
808 3610 880 3675 τῷ
904 3602 1026 3670 λαῷ,
1043 3601 1072 3661 ἦ
1098 3602 1571 3674 ἀποστμεγομίνους
1587 3604 1675 3659 τὴν
1693 3599 1973 3671 μετάληψιν
1998 3609 2088 3660 τῆς

492 3695 832 3768 εὐχαριστίας
863 3700 994 3748 κατά
1021 3715 1133 3748 τινα
1161 3694 1392 3758 ἀταξίαν,
1424 3693 1639 3751 τούτους
1668 3691 1988 3751 ἀποϐλήτους
2013 3693 2091 3763 γί-

493 3788 667 3843 νεσθαι
697 3794 785 3846 τῆς
810 3786 1104 3849 ἐκκλησίας,
1136 3786 1231 3846 ἕως
1267 3781 1325 3838 ἂν
1356 3785 1833 3858 ἐξομολογησάμενοι
1866 3787 1955 3837 καὶ
1988 3782 2091 3838 δεί-

494 3881 672 3942 ξαντες
697 3880 926 3953 καρποὺς
955 3880 1242 3950 μετανοίας,
1273 3881 1360 3931 καί
1400 3878 1876 3950 παραγαλέσαντες,
1911 3886 2093 3947 τυχεῖν

494 3971 751 4032 δυνηθῶσι
786 3975 1113 4044 συγγνώμης.
1149 3977 1222 4029 Mn
1258 3973 1435 4035 ἐξεῖναι
1468 3970 1520 4025 δὲ
1551 3980 1790 4026 κοινωνεῖν
1820 3980 1926 4031 τοῖς
1954 3972 2095 4027 ἀκοι-

496 4067 737 4122 νωτήτοις
772 4058 896 4132 μηδί
927 4060 1036 4112 κατ’
1058 4050 1225 4118 οἴκους
1254 4061 1580 4122 συνελθόντας
1608 4062 1964 4130 συνεύχεσθαι
1984 4071 2095 4125 τοῖς

499 4158 569 4224 μή
686 4152 927 4224 ἐκκλησίᾳ
955 4152 1387 4221 συνευχομένοις,
1422 4151 1549 4221 μηδὲ
1588 4153 1637 4207 ἐν
1676 4153 1827 4229 ἑτέρᾳ
1865 4155 2097 4230 ἐκκλησίᾳ

498 4241 853 4312 ὑποδέχεσθαι
878 4243 996 4303 τοὺς
1026 4242 1073 4296 ἕν
1096 4243 1242 4315 ἑτέρᾳ
1266 4243 1501 4316 ἐκκλησίᾳ
1526 4248 1594 4314 μὴ
1620 4248 2010 4318 συναγομένους.
2042 4249 2098 4300 Εἰ

499 4334 556 4390 δέ
585 4337 755 4407 φανείη
776 4354 854 4393 τις
876 4341 974 4387 τῶν
1006 4334 1297 4388 ἐπισκόπων
1323 4332 1353 4391 ἦ
1387 4335 1755 4408 πρεσϐυτέρων
1782 4336 1812 4394 ἧ
1842 4335 2096 4404 διακόνων,

499 4427 532 4487 ἢ
556 4445 633 4485 τις
661 4430 752 4480 τοῦ
782 4423 986 4486 κανόνος
1014 4432 1118 4485 τοῖς
1151 4426 1499 4487 άκοινωνιὸτοις
1527 4435 1775 4481 κοινωνῶν
1797 4468 1811 4491 ,
1846 4431 1932 4483 καί
1976 4434 2099 4483 τοῦ·

2186 3234 2408 3305 privari,
2428 3252 2592 3308 quem
2620 3245 2835 3294 sanctus
2863 3253 3039 3295 canon
3064 3249 3121 3295 et
3143 3240 3237 3297 Dei
3265 3242 3625 3298 sacerdotium
3646 3258 3774 3312 pro.

2187 3328 2403 3383 meruit.

2258 3420 2493 3476 LXXXI.
2525 3455 2594 3466 --
2622 3422 2675 3477 2.
2725 3423 2924 3481 Omnes
2963 3426 3054 3495 qui
3097 3427 3469 3497 ingrediuntur
3496 3430 3551 3484 in
3592 3429 3773 3485 eccle-

2189 3511 2326 3566 siam
2356 3512 2472 3579 Dei,
2504 3522 2560 3567 et
2585 3528 2766 3568 sacras
2794 3514 3102 3584 Scripturas
3130 3516 3373 3585 audiunt,
3405 3532 3505 3573 nec
3533 3520 3777 3574 commu-

2191 3603 2376 3659 nicant
2400 3605 2456 3658 in
2485 3605 2734 3661 oratione
2766 3621 2889 3661 cum
2919 3608 3120 3678 populo
3138 3651 3154 3677 ,
3192 3617 3285 3665 aut
3310 3618 3629 3667 aversantur
3656 3626 3779 3681 par-

2193 3693 2560 3764 ticipationem
2626 3705 2828 3754 sanctre
2889 3695 3240 3754 Eucharistia:
3270 3742 3286 3767 ,
3338 3706 3438 3771 per
3490 3703 3777 3772 quamdam

2194 3789 2638 3856 perversitatem,
2671 3789 2770 3844 hos
2792 3790 2864 3844 ab
2888 3790 3118 3846 ecclesia
3155 3791 3280 3861 ejici
3304 3802 3551 3864 oportet,
3581 3795 3777 3859 donec,

2195 3886 2479 3946 postquam
2531 3876 2763 3934 confessi
2810 3880 3046 3948 fuerint,
3095 3880 3406 3953 fructusque
3450 3886 3781 3954 paenitentiae

2176 3969 2546 4034 ostenderint,
2565 3978 2621 4025 et
2637 3972 3062 4043 imploraverint,
3087 3974 3297 4031 veniam
3315 3978 3529 4046 assequi
3550 3979 3781 4047 possint.

2196 4059 2312 4115 Non
2335 4061 2499 4117 licere
2520 4072 2699 4117 autem
2721 4065 3119 4120 communicare
3140 4081 3261 4121 cum
3283 4068 3780 4136 excommunicatis,

2196 4168 2373 4223 neque
2401 4170 2523 4209 cum
2569 4155 2653 4210 his
2695 4171 2856 4211 orare
2884 4158 2975 4225 qui
3005 4157 3060 4211 in
3104 4157 3351 4213 domibus
3376 4156 3779 4224 convenientes,

2197 4248 2448 4317 precibus
2476 4246 2727 4304 Ecclesia:
2772 4264 2883 4303 non
2932 4251 3361 4318 communicant,
3389 4266 3568 4321 neque
3595 4252 3651 4306 in
3678 4252 3783 4307 alia

2198 4338 2428 4394 ecclesia
2464 4339 2631 4408 recipi
2653 4377 2669 4403 ,
2701 4340 2791 4409 qui
2822 4340 2875 4394 in
2902 4340 3009 4395 alia
3034 4341 3262 4397 ecclesia
3294 4356 3403 4401 non
3434 4343 3781 4399 conveniunt.

2199 4427 2257 4484 Si
2284 4431 2402 4500 quis
2431 4438 2613 4486 autem
2641 4445 2709 4485 ex
2738 4431 3041 4501 episcopis,
3072 4439 3168 4486 aut
3202 4431 3529 4503 presbyteris
3558 4432 3644 4487 vel
3670 4432 3785 4488 dia-

499 4538 587 4573 τον
618 4518 943 4576 ἀκοινώνητον
972 4513 1117 4586 εἶναι,
1153 4520 1221 4578 ὡς
1249 4513 1308 4573 ἂν
1336 4520 1631 4591 συγχέοντα
1657 4521 1742 4578 τὸν
1776 4521 1956 4577 κανόνα
1994 4530 2083 4582 τῆς

2195 4523 2371 4589 conis,
2398 4522 2485 4578 vel
2515 4522 2746 4592 quilibet
2768 4537 2838 4577 ex
2865 4537 3093 4589 canone,
3127 4522 3606 4580 excommunicatis
3631 4540 3783 4579 com-

501 4608 788 4671 ἐκκλησίας.

616 4788 658 4842 ϐ’
745 4786 769 4804 υ
843 4810 864 4820 ⁸
1088 4791 1097 4804 Ι
1322 4788 1341 4807 4
1446 4785 1460 4807 Ι
1677 4787 1694 4807 ί
1748 4802 1751 4803 ν
1926 4799 1965 4825 υ.
2070 4798 2088 4808 υ

572 4812 611 4843 π
666 4828 679 4841 .
707 4800 763 4843 Er.
784 4810 857 4848 τι,
898 4791 1283 4863 πρεσϐυτερος,
1316 4812 1345 4848 η
1374 4782 1601 4849 διακονος
1623 4833 1635 4857 ,
1668 4812 1698 4847 η
1730 4788 1853 4850 ὅλως
1881 4813 1980 4846 των
2005 4813 2091 4846 τον

502 4883 756 4956 ίερατείου
777 4899 855 4940 τις
878 4880 1166 4934 καταλιπών
1195 4886 1283 4938 τήν
1305 4881 1483 4935 ἑαυτοῦ
1510 4882 1793 4956 παροικίαν.
1822 4885 1891 4940 εἰς
1920 4882 2094 4955 ἑτέραν

502 4972 727 5038 ἀπέλθοι,
760 4969 944 5027 ἔπειτα
966 4972 1226 5035 παντελῶς
1249 4973 1513 5042 μεταστάς
1533 5012 1547 5037 ,
1579 4972 1858 5050 διατρίϐειν
1894 4975 1941 5028 ἓν
1970 4972 2092 5045 ἄλλῃ

505 5067 747 5139 παροικίᾳ
769 5068 1010 5140 πειρᾶται
1047 5064 1129 5120 έπί
1154 5063 1321 5137 πολλῷ
1342 5064 1539 5142 χρόνῳ,
1571 5066 1743 5134 μηκέτι
1767 5065 2092 5137 λειτουργεῖν,

498 5161 547 5221 μί
571 5157 791 5228 μάλιστα
814 5153 1045 5211 καλοῦντι
1072 5163 1145 5227 τῷ
1174 5155 1440 5227 ἐπισκόπῳ
1468 5162 1541 5227 τῷ
1563 5153 1674 5225 ἰδίῳ
1701 5159 1784 5209 καί
1819 5156 2097 5211 ἐπανελθεῖν

499 5253 575 5311 εἰς
597 5253 687 5309 τήν
716 5250 988 5324 παροικίαν
1012 5252 1102 5306 τὴν
1130 5249 1316 5304 ἑαυτοῦ
1354 5250 1682 5324 παραινοῦντι
1712 5251 1781 5319 μὴ
1820 5249 2093 5303 ὑπακούοι.

502 5347 564 5399 Εἰ
591 5341 643 5399 δὲ
668 5344 754 5397 καί
790 5340 1009 5412 ἰπιμένοι
1035 5350 1096 5417 τῇ
1117 5343 1317 5417 ἀταξίᾳ,
1346 5341 1606 5401 παντελῶς
1632 5341 1783 5394 αύτέν
1817 5342 2098 5414 καθαιρεῖσο

499 5439 585 5493 θαι
605 5444 697 5498 τῆς
720 5435 1061 5509 λειτουργίας,
1080 5435 1147 5495 ὡς
1161 5435 1337 5507 μηκέτι
1355 5436 1534 5509 χώραν
1551 5431 1700 5504 ἔχειν
1725 5433 2089 5488 ἀποκαταστά-

499 5549 654 5588 σεως.
684 5532 746 5582 Εἰ
775 5525 829 5581 δέ
856 5527 1209 5599 καταιρεθέντα
1244 5524 1326 5581 διά
1350 5527 1539 5584 ταύτην
1564 5530 1655 5583 τὴν
1685 5526 1847 5578 αἰτίαν
1879 5521 2092 5593 δέχοιτο

502 5624 670 5699 ἕτερος
701 5626 1000 5689 ἐπίσκοπος,
1034 5626 1252 5697 κᾴκεῖνον
1274 5623 1533 5695 ἐπιτιμίας
1559 5621 1840 5691 τυγχάνειν
1867 5620 1969 5674 ὑπὸ
1995 5640 2093 5673 κοι⁹

502 5724 590 5773 sui:
614 5716 847 5785 συνόδου,
860 5720 925 5779 ὡς
949 5716 1273 5792 παραλύοντα
1288 5716 1404 5774 τούς
1423 5714 1642 5783 θεσμοὺς
1659 5715 1773 5774 τοὺς
1793 5713 2091 5771 ἒκκλησιασυ

505 5807 674 5865 uxor}:
703 5806 807 5877 [τὸν
836 5811 1013 5877 θ;σμὸν
1037 5818 1125 5871 τῆς
1149 5803 1460 5874 ἐκκλησίας]-

2197 4615 2473 4670 municare
2501 4615 2831 4685 apparuerit,
2858 4630 2988 4671 eum
3024 4630 3240 4686 quoque
3258 4629 3387 4673 esse
3414 4618 3787 4673 excommuni-

2195 4713 2394 4769 catnm,
2420 4714 2479 4761 ut
2506 4707 2597 4775 qui
2626 4722 2890 4763 canonem
2912 4707 3166 4763 Ecclesia:
3190 4704 3504 4765 confundat.

2268 4790 2525 4851 LXXXII.
2556 4829 2627 4838 —
2657 4796 2710 4851 5.
2739 4798 2795 4854 Si
2824 4799 2946 4867 quis
2970 4797 3251 4868 presbyter
3276 4800 3364 4853 vel
3382 4799 3667 4864 diaconus,
3698 4800 3784 4855 vel

2195 4890 2317 4957 quis
2342 4889 2562 4945 omnino
2596 4903 2666 4943 ex
2702 4888 3023 4944 sacerdotali
3051 4887 3267 4954 ordine,
3298 4902 3449 4944 suam
3491 4889 3784 4956 parieciam

2195 4975 2452 5032 deserens
2477 5017 2492 5040 ,
2541 4977 2595 5031 in
2625 4978 2785 5031 aliam
2815 4976 3010 5032 abierit
3028 5016 3044 5042 ,
3075 4976 3271 5032 deinde
3304 4977 3527 5033 omnino
3554 4980 3779 5043 commi-

2197 5082 2387 5138 grans,
2418 5069 2471 5123 in
2500 5068 2602 5122 alia
2631 5068 2865 5140 partecia
2903 5068 3075 5125 multo
3117 5076 3359 5138 tempore
3387 5069 3660 5125 immorari
3688 5085 3783 5127 co-

2200 5168 2358 5214 natur
2389 5178 2402 5212 :
2435 5174 2506 5214 ne
2532 5159 2761 5230 amplius
2790 5160 3077 5227 ministret,
3105 5160 3338 5216 maxime
3364 5159 3412 5229 si
3440 5162 3656 5217 voeanti
3683 5178 3782 5218 suo

2199 5250 2453 5321 episcopo
2482 5258 2538 5306 et
2563 5250 2629 5306 ad
2657 5266 2813 5306 suam
2846 5242 3149 5321 parmciam
3176 5250 3388 5323 regredi
3416 5254 3784 5309 commonenti

2200 5343 2645 5413 exhortantique,
2674 5358 2781 5401 non
2808 5351 3015 5413 pareat.
3055 5342 3110 5398 Si
3139 5351 3315 5397 autem
3344 5342 3401 5399 in
3428 5345 3783 5415 perversitate

2198 5431 2475 5502 perdurat,
2505 5434 2723 5487 omnino
2752 5447 2783 5485 a
2810 5431 3111 5497 ministerio
3140 5430 3462 5503 deponatur,
3492 5433 3568 5487 ita
3597 5441 3659 5487 ut
3686 5448 3783 5489 nc—

2196 5538 2465 5594 quaquam
2490 5523 2665 5580 locum
2688 5514 3041 5578 restitnticinis
3068 5522 3325 5579 inveniat.
3347 5522 3405 5579 Si
3429 5529 3609 5587 autem
3634 5538 3779 5593 emn,

2198 5614 2289 5682 qui
2320 5622 2539 5684 propter
2566 5614 2707 5669 banc
2729 5629 2945 5670 causam
2973 5615 3248 5685 depositus
3274 5624 3375 5681 est,
3408 5614 3543 5670 alius
3569 5613 3781 5686 episco-

2198 5722 2299 5776 pus
2326 5704 2639 5776 susceperit,
2666 5705 2755 5761 ille
2786 5720 2999 5775 quoque
3026 5722 3059 5761 a
3086 5707 3357 5761 communi
3387 5704 3594 5777 synodo
3618 5721 3781 5766 coer-

2201 5804 2387 5854 ccatur
2405 5814 2418 5866 ;
2464 5804 2521 5853 ut
2550 5797 2639 5866 qui
2670 5796 3030 5855 ecclesiastica
3061 5804 3259 5853 statuta
3289 5795 3564 5854 dissolvat.
