  <div class='ocr_page' id='page_1' title='image "/cluster/home/n/w/nwhite01/storage/ocr_20150623/67/hvd.32044073505141/038.png"; bbox 0 0 3946 6336; ppageno 0'>
   <div class='ocr_carea' id='block_1_1' title="bbox 104 334 3443 401">
    <p class='ocr_par' dir='ltr' id='par_1_1' title="bbox 104 334 3443 401">
     <span class='ocr_line' id='line_1_1' title="bbox 104 334 3443 401; baseline 0.003 -11"><span class='ocrx_word' id='word_1_1' title='bbox 104 335 164 391; x_wconf 73' lang='lat' dir='ltr'><strong>GI</strong></span> <span class='ocrx_word' id='word_1_2' title='bbox 1089 334 1318 392; x_wconf 79' lang='lat' dir='ltr'><strong>CODEX</strong></span> <span class='ocrx_word' id='word_1_3' title='bbox 1352 334 1682 395; x_wconf 74' lang='lat' dir='ltr'><strong>CANONUM</strong></span> <span class='ocrx_word' id='word_1_4' title='bbox 1729 335 2097 393; x_wconf 62' lang='lat' dir='ltr'><strong>UNIVERSE</strong></span> <span class='ocrx_word' id='word_1_5' title='bbox 2129 335 2504 396; x_wconf 62' lang='lat' dir='ltr'><strong>ECCLESIzE.</strong></span> <span class='ocrx_word' id='word_1_6' title='bbox 3374 345 3443 401; x_wconf 63' lang='lat'><strong>6&#39;1</strong></span> 
     </span>
    </p>
   </div>
   <div class='ocr_carea' id='block_1_2' title="bbox 177 441 1736 531">
    <p class='ocr_par' dir='ltr' id='par_1_2' title="bbox 177 441 1732 524">
     <span class='ocr_line' id='line_1_2' title="bbox 177 441 1732 524; baseline 0.003 -22"><span class='ocrx_word' id='word_1_7' title='bbox 177 472 305 523; x_wconf 70' lang='grc' dir='ltr'><strong>κγ.</strong></span> <span class='ocrx_word' id='word_1_8' title='bbox 353 449 423 506; x_wconf 73' lang='grc' dir='ltr'><strong>Εἴ</strong></span> <span class='ocrx_word' id='word_1_9' title='bbox 458 474 539 512; x_wconf 77' lang='grc' dir='ltr'><strong>τις</strong></span> <span class='ocrx_word' id='word_1_10' title='bbox 579 452 856 510; x_wconf 73' lang='grc' dir='ltr'>ἐπίσκοπος</span> <span class='ocrx_word' id='word_1_11' title='bbox 895 449 999 505; x_wconf 74' lang='grc' dir='ltr'><strong>ὑπὸ</strong></span> <span class='ocrx_word' id='word_1_12' title='bbox 1040 449 1260 506; x_wconf 81' lang='grc' dir='ltr'><strong>συνόδου</strong></span> <span class='ocrx_word' id='word_1_13' title='bbox 1316 441 1657 524; x_wconf 80' lang='grc' dir='ltr'>καθαιρεθείς,</span> <span class='ocrx_word' id='word_1_14' title='bbox 1703 454 1732 512; x_wconf 77' lang='grc' dir='ltr'><em>ἣ</em></span> 
     </span>
    </p>
   </div>
   <div class='ocr_carea' id='block_1_3' title="bbox 1850 441 3438 531">
    <p class='ocr_par' dir='ltr' id='par_1_3' title="bbox 1913 453 3438 531">
     <span class='ocr_line' id='line_1_3' title="bbox 1913 453 3438 531; baseline 0.005 -21"><span class='ocrx_word' id='word_1_15' title='bbox 1913 453 2198 510; x_wconf 77' lang='lat' dir='ltr'><strong>LXXXIII.</strong></span> <span class='ocrx_word' id='word_1_16' title='bbox 2229 488 2298 496; x_wconf 96' lang='lat'><strong>—</strong></span> <span class='ocrx_word' id='word_1_17' title='bbox 2326 454 2378 509; x_wconf 75' lang='grc' dir='ltr'>ι.</span> <span class='ocrx_word' id='word_1_18' title='bbox 2428 455 2487 512; x_wconf 91' lang='lat' dir='ltr'><strong>Si</strong></span> <span class='ocrx_word' id='word_1_19' title='bbox 2515 455 2641 526; x_wconf 90' lang='lat' dir='ltr'><strong>quis</strong></span> <span class='ocrx_word' id='word_1_20' title='bbox 2669 457 2953 529; x_wconf 88' lang='lat' dir='ltr'><strong>episcopus</strong></span> <span class='ocrx_word' id='word_1_21' title='bbox 2977 473 3007 512; x_wconf 92' lang='lat' dir='ltr'><strong>a</strong></span> <span class='ocrx_word' id='word_1_22' title='bbox 3036 457 3244 530; x_wconf 81' lang='lat' dir='ltr'><strong>synodo</strong></span> <span class='ocrx_word' id='word_1_23' title='bbox 3267 460 3438 531; x_wconf 82' lang='lat' dir='ltr'><strong>depo-</strong></span> 
     </span>
    </p>
   </div>
   <div class='ocr_carea' id='block_1_4' title="bbox 107 541 1736 623">
    <p class='ocr_par' dir='ltr' id='par_1_4' title="bbox 107 541 1736 620">
     <span class='ocr_line' id='line_1_4' title="bbox 107 541 1736 620; baseline 0.001 -26"><span class='ocrx_word' id='word_1_24' title='bbox 107 544 497 620; x_wconf 75' lang='grc' dir='ltr'>πρεσϐύτερος</span> <span class='ocrx_word' id='word_1_25' title='bbox 525 543 557 602; x_wconf 80' lang='grc' dir='ltr'><strong>ἧ</strong></span> <span class='ocrx_word' id='word_1_26' title='bbox 583 541 816 603; x_wconf 69' lang='grc' dir='ltr'>διάκονος</span> <span class='ocrx_word' id='word_1_27' title='bbox 854 542 957 595; x_wconf 82' lang='grc' dir='ltr'><strong>ὑπὸ</strong></span> <span class='ocrx_word' id='word_1_28' title='bbox 998 548 1094 597; x_wconf 83' lang='grc' dir='ltr'>τοῦ</span> <span class='ocrx_word' id='word_1_29' title='bbox 1125 541 1254 598; x_wconf 75' lang='grc' dir='ltr'>ἰδίου</span> <span class='ocrx_word' id='word_1_30' title='bbox 1279 545 1562 600; x_wconf 77' lang='grc' dir='ltr'><strong>ἐπισκόπου</strong></span> <span class='ocrx_word' id='word_1_31' title='bbox 1583 590 1598 611; x_wconf 84' lang='grc'><strong>,</strong></span> <span class='ocrx_word' id='word_1_32' title='bbox 1631 547 1736 601; x_wconf 79' lang='grc' dir='ltr'>τολ-</span> 
     </span>
    </p>
   </div>
   <div class='ocr_carea' id='block_1_5' title="bbox 1850 541 3442 623">
    <p class='ocr_par' dir='ltr' id='par_1_5' title="bbox 1851 546 3442 623">
     <span class='ocr_line' id='line_1_5' title="bbox 1851 546 3442 623; baseline 0.004 -23"><span class='ocrx_word' id='word_1_33' title='bbox 1851 546 2005 609; x_wconf 82' lang='lat' dir='ltr'><strong>situs,</strong></span> <span class='ocrx_word' id='word_1_34' title='bbox 2029 547 2116 601; x_wconf 93' lang='lat' dir='ltr'><strong>vel</strong></span> <span class='ocrx_word' id='word_1_35' title='bbox 2145 548 2430 618; x_wconf 84' lang='lat' dir='ltr'><strong>presbyter</strong></span> <span class='ocrx_word' id='word_1_36' title='bbox 2458 555 2550 601; x_wconf 90' lang='lat' dir='ltr'><strong>aut</strong></span> <span class='ocrx_word' id='word_1_37' title='bbox 2574 547 2835 604; x_wconf 82' lang='lat' dir='ltr'><strong>diaconus</strong></span> <span class='ocrx_word' id='word_1_38' title='bbox 2860 565 2889 603; x_wconf 92' lang='lat' dir='ltr'><strong>a</strong></span> <span class='ocrx_word' id='word_1_39' title='bbox 2917 551 3137 622; x_wconf 89' lang='lat' dir='ltr'><strong>proprio</strong></span> <span class='ocrx_word' id='word_1_40' title='bbox 3163 551 3442 623; x_wconf 84' lang='lat' dir='ltr'><strong>episcopo,</strong></span> 
     </span>
    </p>
   </div>
   <div class='ocr_carea' id='block_1_6' title="bbox 111 635 1736 715">
    <p class='ocr_par' dir='ltr' id='par_1_6' title="bbox 111 635 1736 713">
     <span class='ocr_line' id='line_1_6' title="bbox 111 635 1736 713; baseline 0.002 -20"><span class='ocrx_word' id='word_1_41' title='bbox 111 638 340 694; x_wconf 70' lang='grc' dir='ltr'>ιώσειὲν</span> <span class='ocrx_word' id='word_1_42' title='bbox 371 659 426 692; x_wconf 87' lang='grc' dir='ltr'><strong>τε</strong></span> <span class='ocrx_word' id='word_1_43' title='bbox 446 638 644 713; x_wconf 81' lang='grc' dir='ltr'>πρᾶξαι</span> <span class='ocrx_word' id='word_1_44' title='bbox 667 645 760 697; x_wconf 79' lang='grc' dir='ltr'>τῆς</span> <span class='ocrx_word' id='word_1_45' title='bbox 783 635 1119 709; x_wconf 86' lang='grc' dir='ltr'>λειτουργίας,</span> <span class='ocrx_word' id='word_1_46' title='bbox 1137 635 1235 693; x_wconf 79' lang='grc' dir='ltr'>εἴτε</span> <span class='ocrx_word' id='word_1_47' title='bbox 1264 636 1289 691; x_wconf 85' lang='grc' dir='ltr'>ὁ</span> <span class='ocrx_word' id='word_1_48' title='bbox 1311 639 1586 700; x_wconf 72' lang='grc' dir='ltr'><strong>ἐπίσκοπος</strong></span> <span class='ocrx_word' id='word_1_49' title='bbox 1615 641 1736 696; x_wconf 84' lang='grc' dir='ltr'>κατό</span> 
     </span>
    </p>
   </div>
   <div class='ocr_carea' id='block_1_7' title="bbox 1850 635 3429 715">
    <p class='ocr_par' dir='ltr' id='par_1_7' title="bbox 1850 640 3429 715">
     <span class='ocr_line' id='line_1_7' title="bbox 1850 640 3429 715; baseline 0.004 -21"><span class='ocrx_word' id='word_1_50' title='bbox 1850 657 2013 696; x_wconf 88' lang='lat' dir='ltr'><strong>ausus</strong></span> <span class='ocrx_word' id='word_1_51' title='bbox 2041 641 2201 696; x_wconf 84' lang='lat' dir='ltr'><strong>fuerit</strong></span> <span class='ocrx_word' id='word_1_52' title='bbox 2231 641 2426 710; x_wconf 89' lang='lat' dir='ltr'><strong>aliquid</strong></span> <span class='ocrx_word' id='word_1_53' title='bbox 2458 640 2526 697; x_wconf 91' lang='lat' dir='ltr'><strong>de</strong></span> <span class='ocrx_word' id='word_1_54' title='bbox 2554 642 2854 698; x_wconf 90' lang='lat' dir='ltr'><strong>ministerio</strong></span> <span class='ocrx_word' id='word_1_55' title='bbox 2885 658 3064 712; x_wconf 84' lang='lat' dir='ltr'><strong>agere,</strong></span> <span class='ocrx_word' id='word_1_56' title='bbox 3093 644 3206 699; x_wconf 82' lang='lat' dir='ltr'><strong>sive</strong></span> <span class='ocrx_word' id='word_1_57' title='bbox 3235 647 3429 715; x_wconf 76' lang='lat' dir='ltr'><strong>episeo</strong></span> 
     </span>
    </p>
   </div>
   <div class='ocr_carea' id='block_1_8' title="bbox 109 726 1736 806">
    <p class='ocr_par' dir='ltr' id='par_1_8' title="bbox 109 726 1736 806">
     <span class='ocr_line' id='line_1_8' title="bbox 109 726 1736 806; baseline 0.001 -23"><span class='ocrx_word' id='word_1_58' title='bbox 109 734 206 786; x_wconf 66' lang='grc' dir='ltr'>τήν</span> <span class='ocrx_word' id='word_1_59' title='bbox 239 729 603 804; x_wconf 72' lang='grc' dir='ltr'>προάγουσαν</span> <span class='ocrx_word' id='word_1_60' title='bbox 640 727 938 792; x_wconf 76' lang='grc' dir='ltr'>συνήθειαν,</span> <span class='ocrx_word' id='word_1_61' title='bbox 972 726 1068 783; x_wconf 81' lang='grc' dir='ltr'>ε’τε</span> <span class='ocrx_word' id='word_1_62' title='bbox 1105 727 1132 783; x_wconf 88' lang='grc' dir='ltr'><strong>ό</strong></span> <span class='ocrx_word' id='word_1_63' title='bbox 1173 730 1526 806; x_wconf 82' lang='grc' dir='ltr'>πρεσϐύτερος</span> <span class='ocrx_word' id='word_1_64' title='bbox 1548 770 1563 796; x_wconf 92' lang='grc'><strong>,</strong></span> <span class='ocrx_word' id='word_1_65' title='bbox 1595 728 1692 786; x_wconf 57' lang='grc' dir='ltr'>ε”τε</span> <span class='ocrx_word' id='word_1_66' title='bbox 1722 730 1736 785; x_wconf 76' lang='grc' dir='ltr'>ἑ</span> 
     </span>
    </p>
   </div>
   <div class='ocr_carea' id='block_1_9' title="bbox 1850 726 3443 806">
    <p class='ocr_par' dir='ltr' id='par_1_9' title="bbox 1850 733 3443 805">
     <span class='ocr_line' id='line_1_9' title="bbox 1850 733 3443 805; baseline 0.004 -18"><span class='ocrx_word' id='word_1_67' title='bbox 1850 749 1951 804; x_wconf 87' lang='lat' dir='ltr'><strong>pus</strong></span> <span class='ocrx_word' id='word_1_68' title='bbox 1976 773 1992 798; x_wconf 94' lang='lat'><strong>,</strong></span> <span class='ocrx_word' id='word_1_69' title='bbox 2023 733 2321 790; x_wconf 80' lang='lat' dir='ltr'><strong>secundum</strong></span> <span class='ocrx_word' id='word_1_70' title='bbox 2361 735 2755 805; x_wconf 74' lang='lat' dir='ltr'><strong>praecedentem</strong></span> <span class='ocrx_word' id='word_1_71' title='bbox 2801 737 3241 793; x_wconf 75' lang='lat' dir='ltr'><strong>consuetudinem</strong></span> <span class='ocrx_word' id='word_1_72' title='bbox 3267 779 3281 803; x_wconf 90' lang='lat'><strong>,</strong></span> <span class='ocrx_word' id='word_1_73' title='bbox 3331 739 3443 794; x_wconf 83' lang='lat' dir='ltr'><strong>sive</strong></span> 
     </span>
    </p>
   </div>
   <div class='ocr_carea' id='block_1_10' title="bbox 110 815 1736 902">
    <p class='ocr_par' dir='ltr' id='par_1_10' title="bbox 110 815 1736 897">
     <span class='ocr_line' id='line_1_10' title="bbox 110 815 1736 897; baseline 0.002 -24"><span class='ocrx_word' id='word_1_74' title='bbox 110 817 356 893; x_wconf 66' lang='grc' dir='ltr'>διάκονος</span> <span class='ocrx_word' id='word_1_75' title='bbox 378 859 398 881; x_wconf 86' lang='grc'><strong>,</strong></span> <span class='ocrx_word' id='word_1_76' title='bbox 423 820 604 890; x_wconf 74' lang='grc' dir='ltr'>μηκέτι</span> <span class='ocrx_word' id='word_1_77' title='bbox 641 820 750 884; x_wconf 76' lang='grc' dir='ltr'><strong>ἰξὸν</strong></span> <span class='ocrx_word' id='word_1_78' title='bbox 778 815 918 885; x_wconf 61' lang='grc' dir='ltr'><strong>⁵εἶναι</strong></span> <span class='ocrx_word' id='word_1_79' title='bbox 953 820 1091 893; x_wconf 67' lang='grc' dir='ltr'>αὐτῷ</span> <span class='ocrx_word' id='word_1_80' title='bbox 1114 861 1128 883; x_wconf 86' lang='grc'><strong>,</strong></span> <span class='ocrx_word' id='word_1_81' title='bbox 1157 820 1278 892; x_wconf 83' lang='grc' dir='ltr'>μηδ’</span> <span class='ocrx_word' id='word_1_82' title='bbox 1300 822 1348 876; x_wconf 80' lang='grc' dir='ltr'>ἐν</span> <span class='ocrx_word' id='word_1_83' title='bbox 1375 821 1522 897; x_wconf 72' lang='grc' dir='ltr'>ἑτέρᾳ</span> <span class='ocrx_word' id='word_1_84' title='bbox 1553 820 1736 893; x_wconf 61' lang='grc' dir='ltr'>συνίδοι</span> 
     </span>
    </p>
   </div>
   <div class='ocr_carea' id='block_1_11' title="bbox 1850 815 3444 902">
    <p class='ocr_par' dir='ltr' id='par_1_11' title="bbox 1850 825 3444 902">
     <span class='ocr_line' id='line_1_11' title="bbox 1850 825 3444 902; baseline 0.004 -23"><span class='ocrx_word' id='word_1_85' title='bbox 1850 825 2152 898; x_wconf 75' lang='lat' dir='ltr'><strong>presbyter,</strong></span> <span class='ocrx_word' id='word_1_86' title='bbox 2184 826 2297 881; x_wconf 81' lang='lat' dir='ltr'><strong>sive</strong></span> <span class='ocrx_word' id='word_1_87' title='bbox 2324 825 2583 882; x_wconf 87' lang='lat' dir='ltr'><strong>diaconus</strong></span> <span class='ocrx_word' id='word_1_88' title='bbox 2603 869 2618 894; x_wconf 90' lang='lat'><strong>,</strong></span> <span class='ocrx_word' id='word_1_89' title='bbox 2650 827 2850 881; x_wconf 84' lang='lat' dir='ltr'><strong>nullam</strong></span> <span class='ocrx_word' id='word_1_90' title='bbox 2880 828 3109 899; x_wconf 82' lang='lat' dir='ltr'><strong>amplius</strong></span> <span class='ocrx_word' id='word_1_91' title='bbox 3136 830 3189 884; x_wconf 88' lang='lat' dir='ltr'><strong>in</strong></span> <span class='ocrx_word' id='word_1_92' title='bbox 3219 830 3321 884; x_wconf 88' lang='lat' dir='ltr'><strong>alia</strong></span> <span class='ocrx_word' id='word_1_93' title='bbox 3351 847 3444 902; x_wconf 79' lang='lat' dir='ltr'><strong>sy-</strong></span> 
     </span>
    </p>
   </div>
   <div class='ocr_carea' id='block_1_12' title="bbox 115 909 1736 988">
    <p class='ocr_par' dir='ltr' id='par_1_12' title="bbox 115 909 1736 987">
     <span class='ocr_line' id='line_1_12' title="bbox 115 909 1736 987; baseline 0.002 -21"><span class='ocrx_word' id='word_1_94' title='bbox 115 909 318 966; x_wconf 72' lang='grc' dir='ltr'>ἱλπίδα</span> <span class='ocrx_word' id='word_1_95' title='bbox 349 911 832 971; x_wconf 69' lang='grc' dir='ltr'><strong>ἀποκαταστάσεως</strong></span> <span class='ocrx_word' id='word_1_96' title='bbox 851 951 869 978; x_wconf 91' lang='grc'><strong>,</strong></span> <span class='ocrx_word' id='word_1_97' title='bbox 907 915 1034 982; x_wconf 78' lang='grc' dir='ltr'>μήτε</span> <span class='ocrx_word' id='word_1_98' title='bbox 1057 911 1333 987; x_wconf 78' lang='grc' dir='ltr'><strong>ἀπολογίας</strong></span> <span class='ocrx_word' id='word_1_99' title='bbox 1365 915 1550 987; x_wconf 84' lang='grc' dir='ltr'>χώραν</span> <span class='ocrx_word' id='word_1_100' title='bbox 1578 913 1736 984; x_wconf 78' lang='grc' dir='ltr'>ἔχειν⁴</span> 
     </span>
    </p>
   </div>
   <div class='ocr_carea' id='block_1_13' title="bbox 1850 909 3444 988">
    <p class='ocr_par' dir='ltr' id='par_1_13' title="bbox 1850 917 3444 988">
     <span class='ocr_line' id='line_1_13' title="bbox 1850 917 3444 988; baseline 0.002 -15"><span class='ocrx_word' id='word_1_101' title='bbox 1850 917 1997 974; x_wconf 91' lang='lat' dir='ltr'><strong>nodo</strong></span> <span class='ocrx_word' id='word_1_102' title='bbox 2025 932 2176 987; x_wconf 88' lang='lat' dir='ltr'><strong>spem</strong></span> <span class='ocrx_word' id='word_1_103' title='bbox 2206 918 2596 982; x_wconf 90' lang='lat' dir='ltr'><strong>restitutionis,</strong></span> <span class='ocrx_word' id='word_1_104' title='bbox 2630 933 2806 988; x_wconf 88' lang='lat' dir='ltr'><strong>neque</strong></span> <span class='ocrx_word' id='word_1_105' title='bbox 2834 918 3160 976; x_wconf 76' lang='lat' dir='ltr'><strong>defensionis</strong></span> <span class='ocrx_word' id='word_1_106' title='bbox 3187 921 3363 977; x_wconf 82' lang='lat' dir='ltr'><strong>locum</strong></span> <span class='ocrx_word' id='word_1_107' title='bbox 3393 924 3444 976; x_wconf 85' lang='lat' dir='ltr'><strong>ei</strong></span> 
     </span>
    </p>
   </div>
   <div class='ocr_carea' id='block_1_14' title="bbox 116 1003 1736 1080">
    <p class='ocr_par' dir='ltr' id='par_1_14' title="bbox 116 1003 1736 1080">
     <span class='ocr_line' id='line_1_14' title="bbox 116 1003 1736 1080; baseline 0.004 -22"><span class='ocrx_word' id='word_1_108' title='bbox 116 1003 253 1060; x_wconf 70' lang='grc' dir='ltr'>ἀλλὰ</span> <span class='ocrx_word' id='word_1_109' title='bbox 286 1009 381 1059; x_wconf 79' lang='grc' dir='ltr'>καὶ</span> <span class='ocrx_word' id='word_1_110' title='bbox 411 1007 536 1066; x_wconf 75' lang='grc' dir='ltr'>τοὺς</span> <span class='ocrx_word' id='word_1_111' title='bbox 565 1010 927 1065; x_wconf 70' lang='grc' dir='ltr'><strong>κοινωνοῦντας</strong></span> <span class='ocrx_word' id='word_1_112' title='bbox 951 1006 1093 1076; x_wconf 78' lang='grc' dir='ltr'>αὐτῷ</span> <span class='ocrx_word' id='word_1_113' title='bbox 1139 1007 1336 1068; x_wconf 79' lang='grc' dir='ltr'>πάντας</span> <span class='ocrx_word' id='word_1_114' title='bbox 1369 1009 1736 1080; x_wconf 64' lang='grc' dir='ltr'>ἀποϐάλλεσθαι</span> 
     </span>
    </p>
   </div>
   <div class='ocr_carea' id='block_1_15' title="bbox 1850 1003 3461 1080">
    <p class='ocr_par' dir='ltr' id='par_1_15' title="bbox 1850 1010 3461 1079">
     <span class='ocr_line' id='line_1_15' title="bbox 1850 1010 3461 1079; baseline 0.002 -13"><span class='ocrx_word' id='word_1_115' title='bbox 1850 1011 2050 1067; x_wconf 86' lang='lat' dir='ltr'><strong>habere</strong></span> <span class='ocrx_word' id='word_1_116' title='bbox 2079 1011 2256 1067; x_wconf 88' lang='lat' dir='ltr'><strong>liceat.</strong></span> <span class='ocrx_word' id='word_1_117' title='bbox 2310 1010 2418 1067; x_wconf 87' lang='lat' dir='ltr'><strong>Sed</strong></span> <span class='ocrx_word' id='word_1_118' title='bbox 2447 1019 2501 1066; x_wconf 90' lang='lat' dir='ltr'><strong>et</strong></span> <span class='ocrx_word' id='word_1_119' title='bbox 2524 1027 2712 1067; x_wconf 90' lang='lat' dir='ltr'><strong>omnes</strong></span> <span class='ocrx_word' id='word_1_120' title='bbox 2752 1013 2803 1067; x_wconf 92' lang='lat' dir='ltr'><strong>ei</strong></span> <span class='ocrx_word' id='word_1_121' title='bbox 2843 1015 3304 1072; x_wconf 70' lang='lat' dir='ltr'><strong>communicantes</strong></span> <span class='ocrx_word' id='word_1_122' title='bbox 3327 1054 3345 1079; x_wconf 89' lang='lat'><strong>,</strong></span> <span class='ocrx_word' id='word_1_123' title='bbox 3376 1017 3461 1070; x_wconf 77' lang='lat' dir='ltr'><strong>ab~</strong></span> 
     </span>
    </p>
   </div>
   <div class='ocr_carea' id='block_1_16' title="bbox 112 1095 1748 1171">
    <p class='ocr_par' dir='ltr' id='par_1_16' title="bbox 112 1095 1748 1171">
     <span class='ocr_line' id='line_1_16' title="bbox 112 1095 1748 1171; baseline 0 -19"><span class='ocrx_word' id='word_1_124' title='bbox 112 1103 212 1156; x_wconf 68' lang='grc' dir='ltr'>τὲς</span> <span class='ocrx_word' id='word_1_125' title='bbox 257 1097 572 1161; x_wconf 70' lang='grc' dir='ltr'>ἐκκλησίας,</span> <span class='ocrx_word' id='word_1_126' title='bbox 607 1101 689 1150; x_wconf 81' lang='grc' dir='ltr'>καὶ</span> <span class='ocrx_word' id='word_1_127' title='bbox 711 1096 972 1167; x_wconf 71' lang='grc' dir='ltr'>μάλιστα,</span> <span class='ocrx_word' id='word_1_128' title='bbox 1011 1099 1054 1150; x_wconf 83' lang='grc' dir='ltr'>εὶ</span> <span class='ocrx_word' id='word_1_129' title='bbox 1082 1097 1327 1168; x_wconf 80' lang='grc' dir='ltr'>μαθόντες</span> <span class='ocrx_word' id='word_1_130' title='bbox 1362 1104 1450 1157; x_wconf 77' lang='grc' dir='ltr'>τήν</span> <span class='ocrx_word' id='word_1_131' title='bbox 1490 1095 1748 1171; x_wconf 75' lang='grc' dir='ltr'>ἀπόφασιν</span> 
     </span>
    </p>
   </div>
   <div class='ocr_carea' id='block_1_17' title="bbox 118 1189 1747 1262">
    <p class='ocr_par' dir='ltr' id='par_1_17' title="bbox 118 1189 1747 1262">
     <span class='ocr_line' id='line_1_17' title="bbox 118 1189 1747 1262; baseline 0.003 -23"><span class='ocrx_word' id='word_1_132' title='bbox 118 1193 212 1243; x_wconf 63' lang='grc' dir='ltr'>τήν</span> <span class='ocrx_word' id='word_1_133' title='bbox 241 1189 389 1242; x_wconf 78' lang='grc' dir='ltr'><strong>κατά</strong></span> <span class='ocrx_word' id='word_1_134' title='bbox 421 1194 525 1242; x_wconf 77' lang='grc' dir='ltr'>τῶν</span> <span class='ocrx_word' id='word_1_135' title='bbox 545 1191 925 1262; x_wconf 67' lang='grc' dir='ltr'><strong>προειρημένων</strong></span> <span class='ocrx_word' id='word_1_136' title='bbox 947 1189 1328 1259; x_wconf 70' lang='grc' dir='ltr'>ἰξενεχθεῖσαν,</span> <span class='ocrx_word' id='word_1_137' title='bbox 1346 1189 1636 1262; x_wconf 72' lang='grc' dir='ltr'><strong>τολμήσειεν</strong></span> <span class='ocrx_word' id='word_1_138' title='bbox 1654 1193 1747 1245; x_wconf 77' lang='grc' dir='ltr'><strong>αὐ-</strong></span> 
     </span>
    </p>
   </div>
   <div class='ocr_carea' id='block_1_18' title="bbox 118 1285 553 1338">
    <p class='ocr_par' dir='ltr' id='par_1_18' title="bbox 118 1285 553 1338">
     <span class='ocr_line' id='line_1_18' title="bbox 118 1285 553 1338; baseline 0.005 -9"><span class='ocrx_word' id='word_1_139' title='bbox 118 1285 231 1338; x_wconf 72' lang='grc' dir='ltr'>τοῖς</span> <span class='ocrx_word' id='word_1_140' title='bbox 268 1286 553 1334; x_wconf 75' lang='grc' dir='ltr'>κοινωνεῖν.</span> 
     </span>
    </p>
   </div>
   <div class='ocr_carea' id='block_1_19' title="bbox 203 1391 1746 1473">
    <p class='ocr_par' dir='ltr' id='par_1_19' title="bbox 203 1391 1746 1473">
     <span class='ocr_line' id='line_1_19' title="bbox 203 1391 1746 1473; baseline 0.002 -27"><span class='ocrx_word' id='word_1_141' title='bbox 203 1391 285 1446; x_wconf 82' lang='grc' dir='ltr'><strong>πδ</strong></span> <span class='ocrx_word' id='word_1_142' title='bbox 303 1431 320 1445; x_wconf 92' lang='grc'><strong>.</strong></span> <span class='ocrx_word' id='word_1_143' title='bbox 351 1391 420 1446; x_wconf 81' lang='grc' dir='ltr'><strong>Εἴ</strong></span> <span class='ocrx_word' id='word_1_144' title='bbox 431 1414 516 1454; x_wconf 87' lang='grc' dir='ltr'><strong>τις</strong></span> <span class='ocrx_word' id='word_1_145' title='bbox 536 1393 895 1468; x_wconf 73' lang='grc' dir='ltr'>πρεσϐύτερος</span> <span class='ocrx_word' id='word_1_146' title='bbox 917 1391 946 1451; x_wconf 75' lang='grc' dir='ltr'><strong><em>ἦ</em></strong></span> <span class='ocrx_word' id='word_1_147' title='bbox 969 1391 1216 1457; x_wconf 75' lang='grc' dir='ltr'>διάκονος,</span> <span class='ocrx_word' id='word_1_148' title='bbox 1247 1399 1632 1473; x_wconf 73' lang='grc' dir='ltr'>καταφρονήσας</span> <span class='ocrx_word' id='word_1_149' title='bbox 1653 1402 1746 1451; x_wconf 86' lang='grc' dir='ltr'>τοῦ</span> 
     </span>
    </p>
   </div>
   <div class='ocr_carea' id='block_1_20' title="bbox 121 1482 1745 1558">
    <p class='ocr_par' dir='ltr' id='par_1_20' title="bbox 121 1482 1745 1558">
     <span class='ocr_line' id='line_1_20' title="bbox 121 1482 1745 1558; baseline 0.004 -22"><span class='ocrx_word' id='word_1_150' title='bbox 121 1483 426 1539; x_wconf 73' lang='grc' dir='ltr'>ἐπισκόπου</span> <span class='ocrx_word' id='word_1_151' title='bbox 471 1491 566 1539; x_wconf 79' lang='grc' dir='ltr'>τοῦ</span> <span class='ocrx_word' id='word_1_152' title='bbox 609 1482 742 1540; x_wconf 71' lang='grc' dir='ltr'>ἰδίου</span> <span class='ocrx_word' id='word_1_153' title='bbox 762 1527 778 1553; x_wconf 88' lang='grc'><strong>,</strong></span> <span class='ocrx_word' id='word_1_154' title='bbox 819 1487 1076 1558; x_wconf 73' lang='grc' dir='ltr'><strong>ἀφώρισεν</strong></span> <span class='ocrx_word' id='word_1_155' title='bbox 1106 1485 1286 1541; x_wconf 69' lang='grc' dir='ltr'>ἑαυτὸν</span> <span class='ocrx_word' id='word_1_156' title='bbox 1317 1494 1410 1546; x_wconf 77' lang='grc' dir='ltr'>τῆς·</span> <span class='ocrx_word' id='word_1_157' title='bbox 1441 1487 1745 1554; x_wconf 72' lang='grc' dir='ltr'>ἰκκλησίας,</span> 
     </span>
    </p>
   </div>
   <div class='ocr_carea' id='block_1_21' title="bbox 122 1577 1748 1654">
    <p class='ocr_par' dir='ltr' id='par_1_21' title="bbox 122 1577 1748 1654">
     <span class='ocr_line' id='line_1_21' title="bbox 122 1577 1748 1654; baseline 0.001 -21"><span class='ocrx_word' id='word_1_158' title='bbox 122 1582 212 1632; x_wconf 73' lang='grc' dir='ltr'>καὶ</span> <span class='ocrx_word' id='word_1_159' title='bbox 240 1578 349 1653; x_wconf 73' lang='grc' dir='ltr'>ἰδίᾳ</span> <span class='ocrx_word' id='word_1_160' title='bbox 372 1583 680 1652; x_wconf 70' lang='grc' dir='ltr'>συνήγαγεν,</span> <span class='ocrx_word' id='word_1_161' title='bbox 701 1583 1165 1654; x_wconf 71' lang='grc' dir='ltr'>καίθυσιαστῆριον</span> <span class='ocrx_word' id='word_1_162' title='bbox 1187 1577 1404 1648; x_wconf 72' lang='grc' dir='ltr'>ἔστησεν</span> <span class='ocrx_word' id='word_1_163' title='bbox 1419 1577 1637 1652; x_wconf 51' lang='lat' dir='ltr'><strong>[iamEt],</strong></span> <span class='ocrx_word' id='word_1_164' title='bbox 1663 1585 1748 1635; x_wconf 84' lang='grc' dir='ltr'>καὶ</span> 
     </span>
    </p>
   </div>
   <div class='ocr_carea' id='block_1_22' title="bbox 123 1669 1748 1743">
    <p class='ocr_par' dir='ltr' id='par_1_22' title="bbox 123 1669 1748 1743">
     <span class='ocr_line' id='line_1_22' title="bbox 123 1669 1748 1743; baseline 0.001 -21"><span class='ocrx_word' id='word_1_165' title='bbox 123 1675 220 1722; x_wconf 68' lang='grc' dir='ltr'>τοῦ</span> <span class='ocrx_word' id='word_1_166' title='bbox 249 1669 542 1724; x_wconf 66' lang='grc' dir='ltr'>ἕπεο-τόπου</span> <span class='ocrx_word' id='word_1_167' title='bbox 575 1669 1060 1743; x_wconf 78' lang='grc' dir='ltr'>προσκαλεσαμένου</span> <span class='ocrx_word' id='word_1_168' title='bbox 1100 1670 1357 1734; x_wconf 75' lang='grc' dir='ltr'><strong>ἀπειθοίη,</strong></span> <span class='ocrx_word' id='word_1_169' title='bbox 1397 1673 1481 1724; x_wconf 87' lang='grc' dir='ltr'><strong>καί</strong></span> <span class='ocrx_word' id='word_1_170' title='bbox 1515 1675 1584 1739; x_wconf 82' lang='grc' dir='ltr'><strong>μὴ</strong></span> <span class='ocrx_word' id='word_1_171' title='bbox 1623 1671 1748 1741; x_wconf 81' lang='grc' dir='ltr'>βού-</span> 
     </span>
    </p>
   </div>
   <div class='ocr_carea' id='block_1_23' title="bbox 123 1757 1746 1834">
    <p class='ocr_par' dir='ltr' id='par_1_23' title="bbox 123 1757 1746 1834">
     <span class='ocr_line' id='line_1_23' title="bbox 123 1757 1746 1834; baseline 0.001 -22"><span class='ocrx_word' id='word_1_172' title='bbox 123 1761 273 1814; x_wconf 70' lang='grc' dir='ltr'>λοιτο</span> <span class='ocrx_word' id='word_1_173' title='bbox 315 1762 460 1832; x_wconf 78' lang='grc' dir='ltr'><strong>αὖ·τῷ</strong></span> <span class='ocrx_word' id='word_1_174' title='bbox 497 1760 790 1824; x_wconf 86' lang='grc' dir='ltr'>πείθεσθαι,</span> <span class='ocrx_word' id='word_1_175' title='bbox 829 1757 957 1829; x_wconf 74' lang='grc' dir='ltr'>μηδί</span> <span class='ocrx_word' id='word_1_176' title='bbox 993 1758 1265 1814; x_wconf 70' lang='grc' dir='ltr'><strong>ὑπακούειν</strong></span> <span class='ocrx_word' id='word_1_177' title='bbox 1309 1763 1392 1814; x_wconf 85' lang='grc' dir='ltr'><strong>καί</strong></span> <span class='ocrx_word' id='word_1_178' title='bbox 1425 1764 1624 1834; x_wconf 82' lang='grc' dir='ltr'>πρῶτον</span> <span class='ocrx_word' id='word_1_179' title='bbox 1661 1764 1746 1815; x_wconf 85' lang='grc' dir='ltr'>καὶ</span> 
     </span>
    </p>
   </div>
   <div class='ocr_carea' id='block_1_24' title="bbox 1849 1094 3447 1177">
    <p class='ocr_par' dir='ltr' id='par_1_24' title="bbox 1849 1094 3447 1177">
     <span class='ocr_line' id='line_1_24' title="bbox 1849 1094 3447 1177; baseline 0.004 -21"><span class='ocrx_word' id='word_1_180' title='bbox 1849 1094 2083 1157; x_wconf 71' lang='lat' dir='ltr'><strong>Ecclesia</strong></span> <span class='ocrx_word' id='word_1_181' title='bbox 2114 1102 2465 1172; x_wconf 86' lang='lat' dir='ltr'><strong>abjiciantur,</strong></span> <span class='ocrx_word' id='word_1_182' title='bbox 2507 1111 2563 1158; x_wconf 90' lang='lat' dir='ltr'><strong>et</strong></span> <span class='ocrx_word' id='word_1_183' title='bbox 2602 1105 2836 1160; x_wconf 81' lang='lat' dir='ltr'><strong>maxime</strong></span> <span class='ocrx_word' id='word_1_184' title='bbox 2863 1107 2908 1160; x_wconf 89' lang='lat' dir='ltr'><strong>si</strong></span> <span class='ocrx_word' id='word_1_185' title='bbox 2935 1118 3218 1177; x_wconf 78' lang='lat' dir='ltr'><strong>postquam</strong></span> <span class='ocrx_word' id='word_1_186' title='bbox 3244 1123 3447 1177; x_wconf 79' lang='lat' dir='ltr'><strong>cogno-</strong></span> 
     </span>
    </p>
   </div>
   <div class='ocr_carea' id='block_1_25' title="bbox 1849 1192 3442 1268">
    <p class='ocr_par' dir='ltr' id='par_1_25' title="bbox 1849 1192 3442 1268">
     <span class='ocr_line' id='line_1_25' title="bbox 1849 1192 3442 1268; baseline 0.004 -22"><span class='ocrx_word' id='word_1_187' title='bbox 1849 1192 2027 1246; x_wconf 86' lang='lat' dir='ltr'><strong>verint</strong></span> <span class='ocrx_word' id='word_1_188' title='bbox 2045 1193 2368 1248; x_wconf 88' lang='lat' dir='ltr'><strong>sententiam</strong></span> <span class='ocrx_word' id='word_1_189' title='bbox 2391 1193 2647 1251; x_wconf 84' lang='lat' dir='ltr'><strong>adversus</strong></span> <span class='ocrx_word' id='word_1_190' title='bbox 2668 1195 2950 1265; x_wconf 66' lang='lat' dir='ltr'><strong>praedictos</strong></span> <span class='ocrx_word' id='word_1_191' title='bbox 2971 1196 3136 1253; x_wconf 87' lang='lat' dir='ltr'><strong>fuisse</strong></span> <span class='ocrx_word' id='word_1_192' title='bbox 3157 1198 3442 1268; x_wconf 88' lang='lat' dir='ltr'><strong>prolatam,</strong></span> 
     </span>
    </p>
   </div>
   <div class='ocr_carea' id='block_1_26' title="bbox 1853 1283 2755 1341">
    <p class='ocr_par' dir='ltr' id='par_1_26' title="bbox 1853 1283 2755 1341">
     <span class='ocr_line' id='line_1_26' title="bbox 1853 1283 2755 1341; baseline 0.002 -3"><span class='ocrx_word' id='word_1_193' title='bbox 1853 1283 1936 1338; x_wconf 85' lang='lat' dir='ltr'><strong>eis</strong></span> <span class='ocrx_word' id='word_1_194' title='bbox 1962 1284 2366 1338; x_wconf 85' lang='lat' dir='ltr'><strong>communicare</strong></span> <span class='ocrx_word' id='word_1_195' title='bbox 2393 1285 2509 1340; x_wconf 87' lang='lat' dir='ltr'><strong>ausi</strong></span> <span class='ocrx_word' id='word_1_196' title='bbox 2537 1283 2755 1341; x_wconf 75' lang='lat' dir='ltr'><strong>fuerint.</strong></span> 
     </span>
    </p>
   </div>
   <div class='ocr_carea' id='block_1_27' title="bbox 1923 1369 3444 1449">
    <p class='ocr_par' dir='ltr' id='par_1_27' title="bbox 1923 1369 3444 1449">
     <span class='ocr_line' id='line_1_27' title="bbox 1923 1369 3444 1449; baseline 0.007 -25"><span class='ocrx_word' id='word_1_197' title='bbox 1923 1369 2202 1426; x_wconf 86' lang='lat' dir='ltr'><strong>LXXXIV.</strong></span> <span class='ocrx_word' id='word_1_198' title='bbox 2229 1401 2302 1411; x_wconf 94' lang='lat'><strong>—</strong></span> <span class='ocrx_word' id='word_1_199' title='bbox 2329 1371 2380 1429; x_wconf 83' lang='grc'><strong>5.</strong></span> <span class='ocrx_word' id='word_1_200' title='bbox 2431 1373 2488 1429; x_wconf 90' lang='lat' dir='ltr'><strong>Si</strong></span> <span class='ocrx_word' id='word_1_201' title='bbox 2526 1377 2646 1446; x_wconf 91' lang='lat' dir='ltr'><strong>quis</strong></span> <span class='ocrx_word' id='word_1_202' title='bbox 2694 1377 2979 1449; x_wconf 76' lang='lat' dir='ltr'><strong>presbyter</strong></span> <span class='ocrx_word' id='word_1_203' title='bbox 3021 1388 3113 1434; x_wconf 90' lang='lat' dir='ltr'><strong>aut</strong></span> <span class='ocrx_word' id='word_1_204' title='bbox 3161 1380 3444 1446; x_wconf 85' lang='lat' dir='ltr'><strong>diaconus,</strong></span> 
     </span>
    </p>
   </div>
   <div class='ocr_carea' id='block_1_28' title="bbox 1850 1466 3446 1542">
    <p class='ocr_par' dir='ltr' id='par_1_28' title="bbox 1850 1466 3446 1542">
     <span class='ocr_line' id='line_1_28' title="bbox 1850 1466 3446 1542; baseline 0.006 -24"><span class='ocrx_word' id='word_1_205' title='bbox 1850 1470 2164 1532; x_wconf 85' lang='lat' dir='ltr'><strong>contemplo</strong></span> <span class='ocrx_word' id='word_1_206' title='bbox 2192 1481 2291 1520; x_wconf 81' lang='lat' dir='ltr'><strong>suo</strong></span> <span class='ocrx_word' id='word_1_207' title='bbox 2320 1466 2594 1537; x_wconf 88' lang='lat' dir='ltr'><strong>episcopo,</strong></span> <span class='ocrx_word' id='word_1_208' title='bbox 2617 1467 2694 1523; x_wconf 81' lang='lat' dir='ltr'><strong>ab</strong></span> <span class='ocrx_word' id='word_1_209' title='bbox 2724 1468 2966 1526; x_wconf 87' lang='lat' dir='ltr'><strong>Ecclesia</strong></span> <span class='ocrx_word' id='word_1_210' title='bbox 2994 1471 3232 1541; x_wconf 84' lang='lat' dir='ltr'><strong>seipsum</strong></span> <span class='ocrx_word' id='word_1_211' title='bbox 3262 1487 3446 1542; x_wconf 89' lang='lat' dir='ltr'><strong>segre—</strong></span> 
     </span>
    </p>
   </div>
   <div class='ocr_carea' id='block_1_29' title="bbox 1850 1553 3446 1632">
    <p class='ocr_par' dir='ltr' id='par_1_29' title="bbox 1850 1553 3446 1632">
     <span class='ocr_line' id='line_1_29' title="bbox 1850 1553 3446 1632; baseline 0.008 -23"><span class='ocrx_word' id='word_1_212' title='bbox 1850 1553 2091 1623; x_wconf 79' lang='lat' dir='ltr'><strong>gaverit;</strong></span> <span class='ocrx_word' id='word_1_213' title='bbox 2119 1566 2175 1612; x_wconf 90' lang='lat' dir='ltr'><strong>et</strong></span> <span class='ocrx_word' id='word_1_214' title='bbox 2197 1573 2442 1613; x_wconf 82' lang='lat' dir='ltr'><strong>seorsum</strong></span> <span class='ocrx_word' id='word_1_215' title='bbox 2465 1562 2939 1632; x_wconf 72' lang='lat' dir='ltr'><strong>congregationem</strong></span> <span class='ocrx_word' id='word_1_216' title='bbox 2962 1563 3171 1632; x_wconf 82' lang='lat' dir='ltr'><strong>fecerit,</strong></span> <span class='ocrx_word' id='word_1_217' title='bbox 3198 1573 3253 1620; x_wconf 90' lang='lat' dir='ltr'><strong>et</strong></span> <span class='ocrx_word' id='word_1_218' title='bbox 3274 1566 3446 1621; x_wconf 88' lang='lat' dir='ltr'><strong>altare</strong></span> 
     </span>
    </p>
   </div>
   <div class='ocr_carea' id='block_1_30' title="bbox 1851 1647 3443 1726">
    <p class='ocr_par' dir='ltr' id='par_1_30' title="bbox 1851 1647 3443 1726">
     <span class='ocr_line' id='line_1_30' title="bbox 1851 1647 3443 1726; baseline 0.008 -27"><span class='ocrx_word' id='word_1_219' title='bbox 1851 1647 2234 1714; x_wconf 82' lang='lat' dir='ltr'><strong>constituerit,</strong></span> <span class='ocrx_word' id='word_1_220' title='bbox 2269 1658 2326 1706; x_wconf 89' lang='lat' dir='ltr'><strong>et</strong></span> <span class='ocrx_word' id='word_1_221' title='bbox 2355 1650 2612 1722; x_wconf 89' lang='lat' dir='ltr'><strong>episeopo</strong></span> <span class='ocrx_word' id='word_1_222' title='bbox 2641 1655 2889 1708; x_wconf 83' lang='lat' dir='ltr'><strong>evocanti</strong></span> <span class='ocrx_word' id='word_1_223' title='bbox 2938 1670 3045 1709; x_wconf 88' lang='lat' dir='ltr'><strong>non</strong></span> <span class='ocrx_word' id='word_1_224' title='bbox 3088 1656 3443 1726; x_wconf 84' lang='lat' dir='ltr'><strong>acquieverit,</strong></span> 
     </span>
    </p>
   </div>
   <div class='ocr_carea' id='block_1_31' title="bbox 1851 1739 3447 1818">
    <p class='ocr_par' dir='ltr' id='par_1_31' title="bbox 1851 1739 3447 1818">
     <span class='ocr_line' id='line_1_31' title="bbox 1851 1739 3447 1818; baseline 0.009 -28"><span class='ocrx_word' id='word_1_225' title='bbox 1851 1752 1953 1818; x_wconf 86' lang='lat' dir='ltr'><strong>nec</strong></span> <span class='ocrx_word' id='word_1_226' title='bbox 1979 1739 2028 1792; x_wconf 89' lang='lat' dir='ltr'><strong>ei</strong></span> <span class='ocrx_word' id='word_1_227' title='bbox 2059 1740 2312 1809; x_wconf 88' lang='lat' dir='ltr'><strong>obedire,</strong></span> <span class='ocrx_word' id='word_1_228' title='bbox 2340 1759 2443 1802; x_wconf 78' lang='lat' dir='ltr'><strong>nec</strong></span> <span class='ocrx_word' id='word_1_229' title='bbox 2465 1761 2669 1800; x_wconf 92' lang='lat' dir='ltr'><strong>morem</strong></span> <span class='ocrx_word' id='word_1_230' title='bbox 2699 1761 2888 1816; x_wconf 82' lang='lat' dir='ltr'><strong>gerere</strong></span> <span class='ocrx_word' id='word_1_231' title='bbox 2928 1747 3160 1802; x_wconf 88' lang='lat' dir='ltr'><strong>voluerit</strong></span> <span class='ocrx_word' id='word_1_232' title='bbox 3186 1748 3360 1818; x_wconf 88' lang='lat' dir='ltr'><strong>primo</strong></span> <span class='ocrx_word' id='word_1_233' title='bbox 3390 1758 3447 1805; x_wconf 78' lang='lat' dir='ltr'><strong>ct</strong></span> 
     </span>
    </p>
   </div>
   <div class='ocr_carea' id='block_1_32' title="bbox 133 1829 1736 1926">
    <p class='ocr_par' dir='ltr' id='par_1_32' title="bbox 133 1849 1736 1926">
     <span class='ocr_line' id='line_1_32' title="bbox 133 1849 1736 1926; baseline 0.001 -20"><span class='ocrx_word' id='word_1_234' title='bbox 133 1849 385 1924; x_wconf 69' lang='grc' dir='ltr'>δεύτερον</span> <span class='ocrx_word' id='word_1_235' title='bbox 426 1851 695 1917; x_wconf 72' lang='grc' dir='ltr'>καλοῦντι,</span> <span class='ocrx_word' id='word_1_236' title='bbox 737 1859 919 1907; x_wconf 81' lang='grc' dir='ltr'>τοῦτον</span> <span class='ocrx_word' id='word_1_237' title='bbox 953 1852 1301 1926; x_wconf 73' lang='grc' dir='ltr'>καθαιρεῖσθαι</span> <span class='ocrx_word' id='word_1_238' title='bbox 1333 1853 1587 1912; x_wconf 80' lang='grc' dir='ltr'>παντελῶς</span> <span class='ocrx_word' id='word_1_239' title='bbox 1611 1893 1626 1918; x_wconf 90' lang='grc'><strong>,</strong></span> <span class='ocrx_word' id='word_1_240' title='bbox 1660 1857 1736 1907; x_wconf 75' lang='grc' dir='ltr'>καὶ</span> 
     </span>
    </p>
   </div>
   <div class='ocr_carea' id='block_1_33' title="bbox 1850 1829 3446 1926">
    <p class='ocr_par' dir='ltr' id='par_1_33' title="bbox 1851 1829 3446 1910">
     <span class='ocr_line' id='line_1_33' title="bbox 1851 1829 3446 1910; baseline 0.007 -28"><span class='ocrx_word' id='word_1_241' title='bbox 1851 1829 2089 1886; x_wconf 85' lang='lat' dir='ltr'><strong>secundo</strong></span> <span class='ocrx_word' id='word_1_242' title='bbox 2118 1834 2356 1899; x_wconf 88' lang='lat' dir='ltr'><strong>vocanti,</strong></span> <span class='ocrx_word' id='word_1_243' title='bbox 2401 1835 2444 1891; x_wconf 90' lang='lat' dir='ltr'><strong>is</strong></span> <span class='ocrx_word' id='word_1_244' title='bbox 2474 1837 2696 1891; x_wconf 86' lang='lat' dir='ltr'><strong>omnino</strong></span> <span class='ocrx_word' id='word_1_245' title='bbox 2725 1837 3048 1906; x_wconf 83' lang='lat' dir='ltr'><strong>deponatur,</strong></span> <span class='ocrx_word' id='word_1_246' title='bbox 3089 1853 3190 1896; x_wconf 88' lang='lat' dir='ltr'><strong>nec</strong></span> <span class='ocrx_word' id='word_1_247' title='bbox 3216 1839 3446 1910; x_wconf 87' lang='lat' dir='ltr'><strong>amplius</strong></span> 
     </span>
    </p>
   </div>
   <div class='ocr_carea' id='block_1_34' title="bbox 131 1941 1742 2018">
    <p class='ocr_par' dir='ltr' id='par_1_34' title="bbox 131 1941 1742 2018">
     <span class='ocr_line' id='line_1_34' title="bbox 131 1941 1742 2018; baseline 0.002 -24"><span class='ocrx_word' id='word_1_248' title='bbox 131 1946 319 2010; x_wconf 73' lang='grc' dir='ltr'>μηκέτι</span> <span class='ocrx_word' id='word_1_249' title='bbox 352 1943 630 2018; x_wconf 71' lang='grc' dir='ltr'>θεραπείας</span> <span class='ocrx_word' id='word_1_250' title='bbox 674 1945 954 2013; x_wconf 75' lang='grc' dir='ltr'>τυγχάνειν</span> <span class='ocrx_word' id='word_1_251' title='bbox 1009 1941 1271 2014; x_wconf 57' lang='lat' dir='ltr'><strong>[culmi],</strong></span> <span class='ocrx_word' id='word_1_252' title='bbox 1315 1941 1442 2014; x_wconf 81' lang='grc' dir='ltr'>μηδέ</span> <span class='ocrx_word' id='word_1_253' title='bbox 1491 1942 1742 2002; x_wconf 76' lang='grc' dir='ltr'>δύνασθαι</span> 
     </span>
    </p>
   </div>
   <div class='ocr_carea' id='block_1_35' title="bbox 130 2034 1741 2106">
    <p class='ocr_par' dir='ltr' id='par_1_35' title="bbox 130 2034 1741 2106">
     <span class='ocr_line' id='line_1_35' title="bbox 130 2034 1741 2106; baseline 0.002 -18"><span class='ocrx_word' id='word_1_254' title='bbox 130 2035 412 2104; x_wconf 70' lang='grc' dir='ltr'>λαμϐάνειν</span> <span class='ocrx_word' id='word_1_255' title='bbox 450 2041 543 2095; x_wconf 75' lang='grc' dir='ltr'>τήν</span> <span class='ocrx_word' id='word_1_256' title='bbox 587 2036 773 2091; x_wconf 79' lang='grc' dir='ltr'>ἑαυτοῦ</span> <span class='ocrx_word' id='word_1_257' title='bbox 815 2041 983 2105; x_wconf 72' lang='grc' dir='ltr'>τιμήνο</span> <span class='ocrx_word' id='word_1_258' title='bbox 1015 2037 1059 2088; x_wconf 82' lang='grc' dir='ltr'><strong>εί</strong></span> <span class='ocrx_word' id='word_1_259' title='bbox 1094 2034 1147 2090; x_wconf 79' lang='grc' dir='ltr'>δὲ</span> <span class='ocrx_word' id='word_1_260' title='bbox 1181 2037 1466 2106; x_wconf 79' lang='grc' dir='ltr'>παραμένοι</span> <span class='ocrx_word' id='word_1_261' title='bbox 1505 2035 1741 2106; x_wconf 82' lang='grc' dir='ltr'>θορυϐῶν</span> 
     </span>
    </p>
   </div>
   <div class='ocr_carea' id='block_1_36' title="bbox 135 2126 1742 2193">
    <p class='ocr_par' dir='ltr' id='par_1_36' title="bbox 135 2126 1742 2193">
     <span class='ocr_line' id='line_1_36' title="bbox 135 2126 1742 2193; baseline 0.003 -13"><span class='ocrx_word' id='word_1_262' title='bbox 135 2131 224 2182; x_wconf 73' lang='grc' dir='ltr'><strong>καί</strong></span> <span class='ocrx_word' id='word_1_263' title='bbox 249 2131 552 2184; x_wconf 73' lang='grc' dir='ltr'>ἀνιστατῶν</span> <span class='ocrx_word' id='word_1_264' title='bbox 572 2135 661 2188; x_wconf 66' lang='grc' dir='ltr'>τήν</span> <span class='ocrx_word' id='word_1_265' title='bbox 679 2130 965 2189; x_wconf 75' lang='grc' dir='ltr'><strong>ἐκκλησίαν,</strong></span> <span class='ocrx_word' id='word_1_266' title='bbox 990 2127 1073 2188; x_wconf 79' lang='grc' dir='ltr'>διὰ</span> <span class='ocrx_word' id='word_1_267' title='bbox 1094 2137 1186 2190; x_wconf 73' lang='grc' dir='ltr'><strong>τῆς</strong></span> <span class='ocrx_word' id='word_1_268' title='bbox 1209 2126 1389 2193; x_wconf 67' lang='grc' dir='ltr'>ἔξωθεν</span> <span class='ocrx_word' id='word_1_269' title='bbox 1417 2128 1647 2193; x_wconf 73' lang='grc' dir='ltr'>ἐξουσίας</span> <span class='ocrx_word' id='word_1_270' title='bbox 1673 2132 1742 2192; x_wconf 86' lang='grc' dir='ltr'>ὡς</span> 
     </span>
    </p>
   </div>
   <div class='ocr_carea' id='block_1_37' title="bbox 137 2220 1409 2296">
    <p class='ocr_par' dir='ltr' id='par_1_37' title="bbox 137 2220 1409 2296">
     <span class='ocr_line' id='line_1_37' title="bbox 137 2220 1409 2296; baseline -0.001 -21"><span class='ocrx_word' id='word_1_271' title='bbox 137 2220 407 2280; x_wconf 78' lang='grc' dir='ltr'>στασιώδη</span> <span class='ocrx_word' id='word_1_272' title='bbox 435 2223 591 2278; x_wconf 73' lang='grc' dir='ltr'>αὐτὸν</span> <span class='ocrx_word' id='word_1_273' title='bbox 615 2223 1030 2296; x_wconf 75' lang='grc' dir='ltr'>ἐπιστρέφεσθαι.</span> <span class='ocrx_word' id='word_1_274' title='bbox 1407 2291 1409 2296; x_wconf 23' lang='grc' dir='ltr'><strong><em>ι</em></strong></span> 
     </span>
    </p>
   </div>
   <div class='ocr_carea' id='block_1_38' title="bbox 205 2312 1743 2391">
    <p class='ocr_par' dir='ltr' id='par_1_38' title="bbox 205 2312 1743 2391">
     <span class='ocr_line' id='line_1_38' title="bbox 205 2312 1743 2391; baseline 0.004 -23"><span class='ocrx_word' id='word_1_275' title='bbox 205 2312 307 2368; x_wconf 71' lang='grc' dir='ltr'><strong>κε’.</strong></span> <span class='ocrx_word' id='word_1_276' title='bbox 339 2313 409 2366; x_wconf 60' lang='grc' dir='ltr'><strong>εἴ</strong></span> <span class='ocrx_word' id='word_1_277' title='bbox 427 2335 509 2374; x_wconf 88' lang='grc' dir='ltr'><strong>τις</strong></span> <span class='ocrx_word' id='word_1_278' title='bbox 532 2315 635 2369; x_wconf 77' lang='grc' dir='ltr'><strong>ὑπὸ</strong></span> <span class='ocrx_word' id='word_1_279' title='bbox 662 2321 751 2370; x_wconf 82' lang='grc' dir='ltr'>τοῦ</span> <span class='ocrx_word' id='word_1_280' title='bbox 788 2313 915 2369; x_wconf 83' lang='grc' dir='ltr'>ἰδίου</span> <span class='ocrx_word' id='word_1_281' title='bbox 955 2315 1235 2370; x_wconf 76' lang='grc' dir='ltr'>ἕπιτκόπου</span> <span class='ocrx_word' id='word_1_282' title='bbox 1278 2317 1612 2381; x_wconf 81' lang='grc' dir='ltr'>ἀκοινώνητος</span> <span class='ocrx_word' id='word_1_283' title='bbox 1658 2321 1743 2391; x_wconf 76' lang='grc' dir='ltr'><strong>γέ·</strong></span> 
     </span>
    </p>
   </div>
   <div class='ocr_carea' id='block_1_39' title="bbox 135 2405 1736 2483">
    <p class='ocr_par' dir='ltr' id='par_1_39' title="bbox 135 2405 1736 2483">
     <span class='ocr_line' id='line_1_39' title="bbox 135 2405 1736 2483; baseline 0.005 -25"><span class='ocrx_word' id='word_1_284' title='bbox 135 2426 296 2475; x_wconf 53' lang='grc' dir='ltr'>Ῥνεν,</span> <span class='ocrx_word' id='word_1_285' title='bbox 328 2411 401 2475; x_wconf 72' lang='grc' dir='ltr'><strong>μή</strong></span> <span class='ocrx_word' id='word_1_286' title='bbox 430 2407 680 2479; x_wconf 79' lang='grc' dir='ltr'>πρότερον</span> <span class='ocrx_word' id='word_1_287' title='bbox 703 2406 851 2460; x_wconf 74' lang='grc' dir='ltr'>αὑτὸν</span> <span class='ocrx_word' id='word_1_288' title='bbox 876 2405 1000 2482; x_wconf 82' lang='grc' dir='ltr'>παρ’</span> <span class='ocrx_word' id='word_1_289' title='bbox 1029 2407 1210 2480; x_wconf 74' lang='grc' dir='ltr'>ἐτέρων</span> <span class='ocrx_word' id='word_1_290' title='bbox 1233 2405 1453 2483; x_wconf 72' lang='grc' dir='ltr'>[ἑτέρου]</span> <span class='ocrx_word' id='word_1_291' title='bbox 1478 2409 1736 2482; x_wconf 76' lang='grc' dir='ltr'>δεχθῆναι,</span> 
     </span>
    </p>
   </div>
   <div class='ocr_carea' id='block_1_40' title="bbox 137 2496 1744 2571">
    <p class='ocr_par' dir='ltr' id='par_1_40' title="bbox 137 2496 1744 2571">
     <span class='ocr_line' id='line_1_40' title="bbox 137 2496 1744 2571; baseline 0.006 -23"><span class='ocrx_word' id='word_1_292' title='bbox 137 2503 181 2549; x_wconf 80' lang='grc' dir='ltr'>εε</span> <span class='ocrx_word' id='word_1_293' title='bbox 201 2503 268 2566; x_wconf 65' lang='grc' dir='ltr'><strong>μή</strong></span> <span class='ocrx_word' id='word_1_294' title='bbox 295 2496 390 2550; x_wconf 80' lang='grc' dir='ltr'><strong>ὑπ’</strong></span> <span class='ocrx_word' id='word_1_295' title='bbox 414 2498 572 2552; x_wconf 75' lang='grc' dir='ltr'>αὐτοῦ</span> <span class='ocrx_word' id='word_1_296' title='bbox 594 2496 947 2571; x_wconf 81' lang='grc' dir='ltr'>παραδεχθείη</span> <span class='ocrx_word' id='word_1_297' title='bbox 971 2505 1062 2552; x_wconf 80' lang='grc' dir='ltr'>τοῦ</span> <span class='ocrx_word' id='word_1_298' title='bbox 1088 2498 1212 2554; x_wconf 84' lang='grc' dir='ltr'>ἰδίου</span> <span class='ocrx_word' id='word_1_299' title='bbox 1239 2498 1544 2565; x_wconf 75' lang='grc' dir='ltr'>ἐπισκόπου,</span> <span class='ocrx_word' id='word_1_300' title='bbox 1576 2503 1605 2562; x_wconf 74' lang='grc' dir='ltr'><em>ἢ</em></span> <span class='ocrx_word' id='word_1_301' title='bbox 1627 2526 1744 2558; x_wconf 88' lang='grc' dir='ltr'>συν-</span> 
     </span>
    </p>
   </div>
   <div class='ocr_carea' id='block_1_41' title="bbox 135 2588 1742 2667">
    <p class='ocr_par' dir='ltr' id='par_1_41' title="bbox 135 2588 1742 2667">
     <span class='ocr_line' id='line_1_41' title="bbox 135 2588 1742 2667; baseline 0.008 -32"><span class='ocrx_word' id='word_1_302' title='bbox 135 2588 253 2642; x_wconf 68' lang='grc' dir='ltr'>όδου</span> <span class='ocrx_word' id='word_1_303' title='bbox 273 2590 573 2660; x_wconf 67' lang='grc' dir='ltr'>γενομένης,</span> <span class='ocrx_word' id='word_1_304' title='bbox 619 2590 917 2648; x_wconf 74' lang='grc' dir='ltr'>ἀπαντήσας</span> <span class='ocrx_word' id='word_1_305' title='bbox 950 2589 1338 2667; x_wconf 76' lang='grc' dir='ltr'>ἀπολογήσεται,</span> <span class='ocrx_word' id='word_1_306' title='bbox 1368 2593 1552 2653; x_wconf 81' lang='grc' dir='ltr'>πείσας</span> <span class='ocrx_word' id='word_1_307' title='bbox 1574 2614 1626 2649; x_wconf 83' lang='grc' dir='ltr'><strong>τε</strong></span> <span class='ocrx_word' id='word_1_308' title='bbox 1653 2600 1742 2654; x_wconf 72' lang='grc' dir='ltr'><strong>τήν</strong></span> 
     </span>
    </p>
   </div>
   <div class='ocr_carea' id='block_1_42' title="bbox 137 2679 1741 2760">
    <p class='ocr_par' dir='ltr' id='par_1_42' title="bbox 137 2679 1741 2760">
     <span class='ocr_line' id='line_1_42' title="bbox 137 2679 1741 2760; baseline 0.003 -26"><span class='ocrx_word' id='word_1_309' title='bbox 137 2679 382 2745; x_wconf 53' lang='grc' dir='ltr'>σύνοδον,</span> <span class='ocrx_word' id='word_1_310' title='bbox 416 2679 742 2745; x_wconf 77' lang='grc' dir='ltr'>καταδίξοιτο</span> <span class='ocrx_word' id='word_1_311' title='bbox 773 2681 946 2757; x_wconf 76' lang='grc' dir='ltr'>ἑτέραν</span> <span class='ocrx_word' id='word_1_312' title='bbox 979 2681 1250 2754; x_wconf 72' lang='grc' dir='ltr'>ἀπόφασιν.</span> <span class='ocrx_word' id='word_1_313' title='bbox 1283 2695 1338 2736; x_wconf 83' lang='lat'><strong>&#39;0</strong></span> <span class='ocrx_word' id='word_1_314' title='bbox 1363 2685 1514 2746; x_wconf 78' lang='grc' dir='ltr'>αὐτὸς</span> <span class='ocrx_word' id='word_1_315' title='bbox 1548 2683 1600 2740; x_wconf 85' lang='grc' dir='ltr'>δὲ</span> <span class='ocrx_word' id='word_1_316' title='bbox 1623 2684 1741 2760; x_wconf 83' lang='grc' dir='ltr'>ὅρος</span> 
     </span>
    </p>
   </div>
   <div class='ocr_carea' id='block_1_43' title="bbox 138 2759 1740 2850">
    <p class='ocr_par' dir='ltr' id='par_1_43' title="bbox 138 2771 1740 2850">
     <span class='ocr_line' id='line_1_43' title="bbox 138 2771 1740 2850; baseline 0.003 -23"><span class='ocrx_word' id='word_1_317' title='bbox 138 2776 216 2827; x_wconf 73' lang='grc' dir='ltr'><strong>ἰπὶ</strong></span> <span class='ocrx_word' id='word_1_318' title='bbox 230 2775 426 2828; x_wconf 81' lang='grc' dir='ltr'>λαίκῶν</span> <span class='ocrx_word' id='word_1_319' title='bbox 448 2777 535 2829; x_wconf 75' lang='grc' dir='ltr'>καὶ</span> <span class='ocrx_word' id='word_1_320' title='bbox 557 2774 919 2850; x_wconf 78' lang='grc' dir='ltr'>πρεσϐυτέρων</span> <span class='ocrx_word' id='word_1_321' title='bbox 940 2776 1024 2827; x_wconf 89' lang='grc' dir='ltr'><strong>καί</strong></span> <span class='ocrx_word' id='word_1_322' title='bbox 1047 2771 1288 2829; x_wconf 84' lang='grc' dir='ltr'>διακόνων</span> <span class='ocrx_word' id='word_1_323' title='bbox 1308 2780 1390 2832; x_wconf 84' lang='grc' dir='ltr'>καὶ</span> <span class='ocrx_word' id='word_1_324' title='bbox 1413 2778 1615 2835; x_wconf 77' lang='grc' dir='ltr'>πάντων</span> <span class='ocrx_word' id='word_1_325' title='bbox 1640 2786 1740 2834; x_wconf 66' lang='grc' dir='ltr'>τῶν</span> 
     </span>
    </p>
   </div>
   <div class='ocr_carea' id='block_1_44' title="bbox 139 2865 509 2936">
    <p class='ocr_par' dir='ltr' id='par_1_44' title="bbox 139 2865 509 2936">
     <span class='ocr_line' id='line_1_44' title="bbox 139 2865 509 2936; baseline 0.003 -18"><span class='ocrx_word' id='word_1_326' title='bbox 139 2868 186 2919; x_wconf 78' lang='grc' dir='ltr'>ἐν</span> <span class='ocrx_word' id='word_1_327' title='bbox 210 2873 285 2936; x_wconf 83' lang='grc' dir='ltr'>τῷ</span> <span class='ocrx_word' id='word_1_328' title='bbox 315 2865 509 2920; x_wconf 78' lang='grc' dir='ltr'>κανόνι.</span> 
     </span>
    </p>
   </div>
   <div class='ocr_carea' id='block_1_45' title="bbox 203 2956 1592 3034">
    <p class='ocr_par' dir='ltr' id='par_1_45' title="bbox 203 2956 1592 3034">
     <span class='ocr_line' id='line_1_45' title="bbox 203 2956 1592 3034; baseline 0.001 -22"><span class='ocrx_word' id='word_1_329' title='bbox 203 2959 317 3020; x_wconf 78' lang='grc' dir='ltr'>πς-’.</span> <span class='ocrx_word' id='word_1_330' title='bbox 348 2956 552 3014; x_wconf 76' lang='grc' dir='ltr'>Μηδένα</span> <span class='ocrx_word' id='word_1_331' title='bbox 579 2963 700 3012; x_wconf 75' lang='grc' dir='ltr'>ἄνευ</span> <span class='ocrx_word' id='word_1_332' title='bbox 733 2959 989 3034; x_wconf 74' lang='grc' dir='ltr'>εἰρηνικῶν</span> <span class='ocrx_word' id='word_1_333' title='bbox 1021 2957 1268 3032; x_wconf 74' lang='grc' dir='ltr'>δέχεσθαι</span> <span class='ocrx_word' id='word_1_334' title='bbox 1297 2969 1394 3017; x_wconf 86' lang='grc' dir='ltr'>τῶν</span> <span class='ocrx_word' id='word_1_335' title='bbox 1425 2963 1592 3027; x_wconf 80' lang='grc' dir='ltr'>ξένων.</span> 
     </span>
    </p>
   </div>
   <div class='ocr_carea' id='block_1_46' title="bbox 200 3132 1734 3220">
    <p class='ocr_par' dir='ltr' id='par_1_46' title="bbox 200 3132 1734 3220">
     <span class='ocr_line' id='line_1_46' title="bbox 200 3132 1734 3220; baseline 0.006 -29"><span class='ocrx_word' id='word_1_336' title='bbox 200 3142 306 3201; x_wconf 81' lang='grc' dir='ltr'><strong>πζ.</strong></span> <span class='ocrx_word' id='word_1_337' title='bbox 343 3132 480 3195; x_wconf 53' lang='lat' dir='ltr'><strong>lina}</strong></span> <span class='ocrx_word' id='word_1_338' title='bbox 514 3139 1050 3215; x_wconf 71' lang='grc' dir='ltr'>πρεσϐυτέρους-τούς</span> <span class='ocrx_word' id='word_1_339' title='bbox 1076 3141 1124 3198; x_wconf 76' lang='grc' dir='ltr'>ἓν</span> <span class='ocrx_word' id='word_1_340' title='bbox 1161 3152 1278 3205; x_wconf 87' lang='grc' dir='ltr'>ταῖς</span> <span class='ocrx_word' id='word_1_341' title='bbox 1307 3147 1508 3220; x_wconf 80' lang='grc' dir='ltr'>χώραις</span> <span class='ocrx_word' id='word_1_342' title='bbox 1536 3167 1734 3203; x_wconf 75' lang='grc' dir='ltr'>κανονι-</span> 
     </span>
    </p>
   </div>
   <div class='ocr_carea' id='block_1_47' title="bbox 1847 1921 3444 2002">
    <p class='ocr_par' dir='ltr' id='par_1_47' title="bbox 1847 1921 3444 2002">
     <span class='ocr_line' id='line_1_47' title="bbox 1847 1921 3444 2002; baseline 0.008 -30"><span class='ocrx_word' id='word_1_343' title='bbox 1847 1921 2143 1976; x_wconf 87' lang='lat' dir='ltr'><strong>remedium</strong></span> <span class='ocrx_word' id='word_1_344' title='bbox 2174 1926 2407 1996; x_wconf 75' lang='lat' dir='ltr'><strong>assequi,</strong></span> <span class='ocrx_word' id='word_1_345' title='bbox 2441 1942 2540 1983; x_wconf 92' lang='lat' dir='ltr'><strong>nec</strong></span> <span class='ocrx_word' id='word_1_346' title='bbox 2568 1927 2830 1982; x_wconf 84' lang='lat' dir='ltr'><strong>honorem</strong></span> <span class='ocrx_word' id='word_1_347' title='bbox 2857 1944 3014 1984; x_wconf 83' lang='lat' dir='ltr'><strong>suum</strong></span> <span class='ocrx_word' id='word_1_348' title='bbox 3044 1930 3291 2001; x_wconf 85' lang='lat' dir='ltr'><strong>accipere</strong></span> <span class='ocrx_word' id='word_1_349' title='bbox 3319 1946 3444 2002; x_wconf 87' lang='lat' dir='ltr'><strong>pos-</strong></span> 
     </span>
    </p>
   </div>
   <div class='ocr_carea' id='block_1_48' title="bbox 1846 2009 3444 2085">
    <p class='ocr_par' dir='ltr' id='par_1_48' title="bbox 1846 2009 3444 2085">
     <span class='ocr_line' id='line_1_48' title="bbox 1846 2009 3444 2085; baseline 0.009 -23"><span class='ocrx_word' id='word_1_350' title='bbox 1846 2009 1936 2062; x_wconf 90' lang='lat' dir='ltr'><strong>sit.</strong></span> <span class='ocrx_word' id='word_1_351' title='bbox 1970 2009 2128 2078; x_wconf 85' lang='lat' dir='ltr'><strong>Quod</strong></span> <span class='ocrx_word' id='word_1_352' title='bbox 2159 2013 2203 2068; x_wconf 92' lang='lat' dir='ltr'><strong>si</strong></span> <span class='ocrx_word' id='word_1_353' title='bbox 2230 2018 2590 2085; x_wconf 84' lang='lat' dir='ltr'><strong>permanserit</strong></span> <span class='ocrx_word' id='word_1_354' title='bbox 2617 2019 2802 2073; x_wconf 86' lang='lat' dir='ltr'><strong>turbas</strong></span> <span class='ocrx_word' id='word_1_355' title='bbox 2845 2017 3044 2077; x_wconf 82' lang='lat' dir='ltr'><strong>faciens</strong></span> <span class='ocrx_word' id='word_1_356' title='bbox 3070 2029 3123 2076; x_wconf 90' lang='lat' dir='ltr'><strong>et</strong></span> <span class='ocrx_word' id='word_1_357' title='bbox 3151 2021 3444 2077; x_wconf 87' lang='lat' dir='ltr'><strong>seditiones</strong></span> 
     </span>
    </p>
   </div>
   <div class='ocr_carea' id='block_1_49' title="bbox 1847 2100 3434 2184">
    <p class='ocr_par' dir='ltr' id='par_1_49' title="bbox 1847 2100 3434 2184">
     <span class='ocr_line' id='line_1_49' title="bbox 1847 2100 3434 2184; baseline 0.008 -29"><span class='ocrx_word' id='word_1_358' title='bbox 1847 2100 2136 2174; x_wconf 69' lang='lat' dir='ltr'><strong>Ecclesim,</strong></span> <span class='ocrx_word' id='word_1_359' title='bbox 2168 2107 2214 2162; x_wconf 94' lang='lat' dir='ltr'><strong>is</strong></span> <span class='ocrx_word' id='word_1_360' title='bbox 2244 2123 2342 2177; x_wconf 91' lang='lat' dir='ltr'><strong>per</strong></span> <span class='ocrx_word' id='word_1_361' title='bbox 2369 2118 2651 2164; x_wconf 80' lang='lat' dir='ltr'><strong>externam</strong></span> <span class='ocrx_word' id='word_1_362' title='bbox 2694 2112 2808 2166; x_wconf 86' lang='lat' dir='ltr'><strong>sive</strong></span> <span class='ocrx_word' id='word_1_363' title='bbox 2845 2113 3158 2168; x_wconf 77' lang='lat' dir='ltr'><strong>sa:cu|arem</strong></span> <span class='ocrx_word' id='word_1_364' title='bbox 3191 2121 3434 2184; x_wconf 82' lang='lat' dir='ltr'><strong>potesta-</strong></span> 
     </span>
    </p>
   </div>
   <div class='ocr_carea' id='block_1_50' title="bbox 1850 2196 2963 2270">
    <p class='ocr_par' dir='ltr' id='par_1_50' title="bbox 1850 2196 2963 2270">
     <span class='ocr_line' id='line_1_50' title="bbox 1850 2196 2963 2270; baseline 0.013 -23"><span class='ocrx_word' id='word_1_365' title='bbox 1850 2202 1958 2248; x_wconf 87' lang='lat' dir='ltr'><strong>tem</strong></span> <span class='ocrx_word' id='word_1_366' title='bbox 1988 2204 2048 2250; x_wconf 90' lang='lat' dir='ltr'><strong>ut</strong></span> <span class='ocrx_word' id='word_1_367' title='bbox 2075 2196 2364 2253; x_wconf 68' lang='lat' dir='ltr'><strong>seditiosus</strong></span> <span class='ocrx_word' id='word_1_368' title='bbox 2393 2211 2738 2259; x_wconf 88' lang='lat' dir='ltr'><strong>eoereeatur.</strong></span> <span class='ocrx_word' id='word_1_369' title='bbox 2961 2268 2963 2270; x_wconf 96' lang='lat'><em>_</em></span> 
     </span>
    </p>
   </div>
   <div class='ocr_carea' id='block_1_51' title="bbox 1920 2285 3440 2366">
    <p class='ocr_par' dir='ltr' id='par_1_51' title="bbox 1920 2285 3440 2366">
     <span class='ocr_line' id='line_1_51' title="bbox 1920 2285 3440 2366; baseline 0.01 -26"><span class='ocrx_word' id='word_1_370' title='bbox 1920 2285 2182 2344; x_wconf 80' lang='lat' dir='ltr'><strong>LXXXV.</strong></span> <span class='ocrx_word' id='word_1_371' title='bbox 2211 2319 2285 2330; x_wconf 84' lang='lat'><strong>——</strong></span> <span class='ocrx_word' id='word_1_372' title='bbox 2312 2289 2365 2345; x_wconf 90' lang='lat'><strong>6.</strong></span> <span class='ocrx_word' id='word_1_373' title='bbox 2397 2291 2454 2347; x_wconf 90' lang='lat' dir='ltr'><strong>Si</strong></span> <span class='ocrx_word' id='word_1_374' title='bbox 2483 2293 2604 2362; x_wconf 83' lang='lat' dir='ltr'><strong>quis</strong></span> <span class='ocrx_word' id='word_1_375' title='bbox 2627 2310 2657 2349; x_wconf 87' lang='lat' dir='ltr'><strong>a</strong></span> <span class='ocrx_word' id='word_1_376' title='bbox 2683 2296 2902 2366; x_wconf 91' lang='lat' dir='ltr'><strong>proprio</strong></span> <span class='ocrx_word' id='word_1_377' title='bbox 2933 2297 3188 2366; x_wconf 88' lang='lat' dir='ltr'><strong>episcopo</strong></span> <span class='ocrx_word' id='word_1_378' title='bbox 3216 2297 3314 2353; x_wconf 83' lang='lat' dir='ltr'><strong>fuit</strong></span> <span class='ocrx_word' id='word_1_379' title='bbox 3342 2315 3440 2354; x_wconf 80' lang='lat' dir='ltr'><strong>ex-</strong></span> 
     </span>
    </p>
   </div>
   <div class='ocr_carea' id='block_1_52' title="bbox 1847 2380 3439 2458">
    <p class='ocr_par' dir='ltr' id='par_1_52' title="bbox 1847 2380 3439 2458">
     <span class='ocr_line' id='line_1_52' title="bbox 1847 2380 3439 2458; baseline 0.009 -27"><span class='ocrx_word' id='word_1_380' title='bbox 1847 2380 2276 2436; x_wconf 82' lang='lat' dir='ltr'><strong>communicatus</strong></span> <span class='ocrx_word' id='word_1_381' title='bbox 2298 2423 2314 2447; x_wconf 98' lang='lat'><strong>,</strong></span> <span class='ocrx_word' id='word_1_382' title='bbox 2355 2397 2424 2438; x_wconf 88' lang='lat' dir='ltr'><strong>ne</strong></span> <span class='ocrx_word' id='word_1_383' title='bbox 2463 2384 2612 2454; x_wconf 83' lang='lat' dir='ltr'><strong>prius</strong></span> <span class='ocrx_word' id='word_1_384' title='bbox 2652 2387 2720 2440; x_wconf 92' lang='lat' dir='ltr'><strong>ab</strong></span> <span class='ocrx_word' id='word_1_385' title='bbox 2757 2387 2876 2442; x_wconf 84' lang='lat' dir='ltr'><strong>aliis</strong></span> <span class='ocrx_word' id='word_1_386' title='bbox 2901 2389 3247 2458; x_wconf 84' lang='lat' dir='ltr'><strong>suscipiatur,</strong></span> <span class='ocrx_word' id='word_1_387' title='bbox 3277 2405 3439 2458; x_wconf 86' lang='lat' dir='ltr'><strong>quam</strong></span> 
     </span>
    </p>
   </div>
   <div class='ocr_carea' id='block_1_53' title="bbox 1845 2472 3437 2552">
    <p class='ocr_par' dir='ltr' id='par_1_53' title="bbox 1845 2472 3437 2552">
     <span class='ocr_line' id='line_1_53' title="bbox 1845 2472 3437 2552; baseline 0.009 -29"><span class='ocrx_word' id='word_1_388' title='bbox 1845 2483 1946 2524; x_wconf 87' lang='lat' dir='ltr'><strong>suo</strong></span> <span class='ocrx_word' id='word_1_389' title='bbox 1970 2472 2354 2528; x_wconf 88' lang='lat' dir='ltr'><strong>reconcilietur</strong></span> <span class='ocrx_word' id='word_1_390' title='bbox 2380 2476 2637 2548; x_wconf 85' lang='lat' dir='ltr'><strong>episeopo</strong></span> <span class='ocrx_word' id='word_1_391' title='bbox 2675 2478 2761 2535; x_wconf 85' lang='lat' dir='ltr'><strong>vel</strong></span> <span class='ocrx_word' id='word_1_392' title='bbox 2800 2479 3030 2550; x_wconf 82' lang='lat' dir='ltr'><strong>synodo,</strong></span> <span class='ocrx_word' id='word_1_393' title='bbox 3063 2497 3182 2552; x_wconf 74' lang='lat' dir='ltr'><strong>quzc</strong></span> <span class='ocrx_word' id='word_1_394' title='bbox 3207 2498 3437 2551; x_wconf 83' lang='lat' dir='ltr'><strong>congre-</strong></span> 
     </span>
    </p>
   </div>
   <div class='ocr_carea' id='block_1_54' title="bbox 1845 2563 3439 2645">
    <p class='ocr_par' dir='ltr' id='par_1_54' title="bbox 1845 2563 3439 2645">
     <span class='ocr_line' id='line_1_54' title="bbox 1845 2563 3439 2645; baseline 0.01 -32"><span class='ocrx_word' id='word_1_395' title='bbox 1845 2569 2020 2628; x_wconf 82' lang='lat' dir='ltr'><strong>gatur,</strong></span> <span class='ocrx_word' id='word_1_396' title='bbox 2050 2563 2314 2620; x_wconf 87' lang='lat' dir='ltr'><strong>accedens</strong></span> <span class='ocrx_word' id='word_1_397' title='bbox 2360 2581 2419 2622; x_wconf 90' lang='lat' dir='ltr'><strong>se</strong></span> <span class='ocrx_word' id='word_1_398' title='bbox 2466 2567 2756 2624; x_wconf 87' lang='lat' dir='ltr'><strong>defenserit</strong></span> <span class='ocrx_word' id='word_1_399' title='bbox 2780 2610 2797 2634; x_wconf 95' lang='lat'><strong>,</strong></span> <span class='ocrx_word' id='word_1_400' title='bbox 2841 2580 2898 2625; x_wconf 83' lang='lat' dir='ltr'><strong>et</strong></span> <span class='ocrx_word' id='word_1_401' title='bbox 2938 2588 3191 2643; x_wconf 86' lang='lat' dir='ltr'><strong>persuasa</strong></span> <span class='ocrx_word' id='word_1_402' title='bbox 3228 2574 3439 2645; x_wconf 85' lang='lat' dir='ltr'><strong>synodo</strong></span> 
     </span>
    </p>
   </div>
   <div class='ocr_carea' id='block_1_55' title="bbox 1846 2654 3437 2723">
    <p class='ocr_par' dir='ltr' id='par_1_55' title="bbox 1846 2654 3437 2723">
     <span class='ocr_line' id='line_1_55' title="bbox 1846 2654 3437 2723; baseline 0.01 -16"><span class='ocrx_word' id='word_1_403' title='bbox 1846 2654 2006 2709; x_wconf 85' lang='lat' dir='ltr'><strong>aliam</strong></span> <span class='ocrx_word' id='word_1_404' title='bbox 2034 2659 2356 2714; x_wconf 89' lang='lat' dir='ltr'><strong>sententiam</strong></span> <span class='ocrx_word' id='word_1_405' title='bbox 2397 2662 2662 2717; x_wconf 88' lang='lat' dir='ltr'><strong>retulerit.</strong></span> <span class='ocrx_word' id='word_1_406' title='bbox 2710 2663 2834 2720; x_wconf 64' lang='lat' dir='ltr'><strong>Ilaec</strong></span> <span class='ocrx_word' id='word_1_407' title='bbox 2863 2674 3042 2721; x_wconf 86' lang='lat' dir='ltr'><strong>autem</strong></span> <span class='ocrx_word' id='word_1_408' title='bbox 3071 2666 3311 2723; x_wconf 89' lang='lat' dir='ltr'><strong>deﬁnitio</strong></span> <span class='ocrx_word' id='word_1_409' title='bbox 3340 2669 3437 2723; x_wconf 38' lang='lat' dir='ltr'><strong>ads-</strong></span> 
     </span>
    </p>
   </div>
   <div class='ocr_carea' id='block_1_56' title="bbox 1844 2748 3440 2831">
    <p class='ocr_par' dir='ltr' id='par_1_56' title="bbox 1844 2748 3440 2831">
     <span class='ocr_line' id='line_1_56' title="bbox 1844 2748 3440 2831; baseline 0.011 -33"><span class='ocrx_word' id='word_1_410' title='bbox 1844 2759 2031 2801; x_wconf 87' lang='lat' dir='ltr'><strong>versus</strong></span> <span class='ocrx_word' id='word_1_411' title='bbox 2062 2748 2248 2816; x_wconf 88' lang='lat' dir='ltr'><strong>laicos,</strong></span> <span class='ocrx_word' id='word_1_412' title='bbox 2277 2761 2334 2806; x_wconf 89' lang='lat' dir='ltr'><strong>et</strong></span> <span class='ocrx_word' id='word_1_413' title='bbox 2359 2753 2720 2824; x_wconf 85' lang='lat' dir='ltr'><strong>presbyteros,</strong></span> <span class='ocrx_word' id='word_1_414' title='bbox 2752 2763 2808 2810; x_wconf 84' lang='lat' dir='ltr'><strong>et</strong></span> <span class='ocrx_word' id='word_1_415' title='bbox 2835 2755 3114 2824; x_wconf 89' lang='lat' dir='ltr'><strong>diaconos,</strong></span> <span class='ocrx_word' id='word_1_416' title='bbox 3141 2775 3440 2831; x_wconf 81' lang='lat' dir='ltr'><strong>omnesque</strong></span> 
     </span>
    </p>
   </div>
   <div class='ocr_carea' id='block_1_57' title="bbox 1844 2839 2773 2908">
    <p class='ocr_par' dir='ltr' id='par_1_57' title="bbox 1844 2839 2773 2908">
     <span class='ocr_line' id='line_1_57' title="bbox 1844 2839 2773 2908; baseline 0.013 -16"><span class='ocrx_word' id='word_1_417' title='bbox 1844 2839 1936 2908; x_wconf 85' lang='lat' dir='ltr'><strong>qui</strong></span> <span class='ocrx_word' id='word_1_418' title='bbox 1965 2851 2089 2896; x_wconf 89' lang='lat' dir='ltr'><strong>sunt</strong></span> <span class='ocrx_word' id='word_1_419' title='bbox 2119 2844 2170 2898; x_wconf 93' lang='lat' dir='ltr'><strong>in</strong></span> <span class='ocrx_word' id='word_1_420' title='bbox 2201 2860 2409 2900; x_wconf 87' lang='lat' dir='ltr'><strong>canone</strong></span> <span class='ocrx_word' id='word_1_421' title='bbox 2439 2847 2773 2904; x_wconf 84' lang='lat' dir='ltr'><strong>observetur.</strong></span> 
     </span>
    </p>
   </div>
   <div class='ocr_carea' id='block_1_58' title="bbox 1915 2930 3438 3019">
    <p class='ocr_par' dir='ltr' id='par_1_58' title="bbox 1915 2930 3438 3019">
     <span class='ocr_line' id='line_1_58' title="bbox 1915 2930 3438 3019; baseline 0.015 -34"><span class='ocrx_word' id='word_1_422' title='bbox 1915 2930 2198 2990; x_wconf 85' lang='lat' dir='ltr'><strong>LXXXVI.</strong></span> <span class='ocrx_word' id='word_1_423' title='bbox 2233 2969 2301 2978; x_wconf 90' lang='grc'><strong><em>--</em></strong></span> <span class='ocrx_word' id='word_1_424' title='bbox 2330 2937 2385 2991; x_wconf 89' lang='lat'><strong>7.</strong></span> <span class='ocrx_word' id='word_1_425' title='bbox 2423 2938 2608 2996; x_wconf 80' lang='lat' dir='ltr'><strong>Nullus</strong></span> <span class='ocrx_word' id='word_1_426' title='bbox 2628 2943 3034 3013; x_wconf 83' lang='lat' dir='ltr'><strong>peregrinorum</strong></span> <span class='ocrx_word' id='word_1_427' title='bbox 3062 2945 3180 3004; x_wconf 89' lang='lat' dir='ltr'><strong>sine</strong></span> <span class='ocrx_word' id='word_1_428' title='bbox 3200 2948 3438 3019; x_wconf 85' lang='lat' dir='ltr'><strong>paciﬁcis</strong></span> 
     </span>
    </p>
   </div>
   <div class='ocr_carea' id='block_1_59' title="bbox 1842 3026 2184 3096">
    <p class='ocr_par' dir='ltr' id='par_1_59' title="bbox 1842 3026 2184 3096">
     <span class='ocr_line' id='line_1_59' title="bbox 1842 3026 2184 3096; baseline 0.012 -18"><span class='ocrx_word' id='word_1_429' title='bbox 1842 3026 2184 3096; x_wconf 80' lang='lat' dir='ltr'><strong>suscipiatur.</strong></span> 
     </span>
    </p>
   </div>
   <div class='ocr_carea' id='block_1_60' title="bbox 1913 3119 3435 3204">
    <p class='ocr_par' dir='ltr' id='par_1_60' title="bbox 1913 3119 3435 3204">
     <span class='ocr_line' id='line_1_60' title="bbox 1913 3119 3435 3204; baseline 0.011 -31"><span class='ocrx_word' id='word_1_430' title='bbox 1913 3119 2216 3176; x_wconf 75' lang='lat' dir='ltr'><strong>LXXXVII.</strong></span> <span class='ocrx_word' id='word_1_431' title='bbox 2254 3157 2321 3165; x_wconf 96' lang='lat'><strong>—</strong></span> <span class='ocrx_word' id='word_1_432' title='bbox 2351 3125 2403 3179; x_wconf 90' lang='lat'><strong>8.</strong></span> <span class='ocrx_word' id='word_1_433' title='bbox 2438 3125 2548 3185; x_wconf 85' lang='lat' dir='ltr'><strong>Nec</strong></span> <span class='ocrx_word' id='word_1_434' title='bbox 2570 3127 2873 3201; x_wconf 84' lang='lat' dir='ltr'><strong>presbyteri</strong></span> <span class='ocrx_word' id='word_1_435' title='bbox 2901 3131 2990 3200; x_wconf 90' lang='lat' dir='ltr'><strong>qui</strong></span> <span class='ocrx_word' id='word_1_436' title='bbox 3022 3141 3148 3187; x_wconf 91' lang='lat' dir='ltr'><strong>sunt</strong></span> <span class='ocrx_word' id='word_1_437' title='bbox 3177 3133 3229 3187; x_wconf 90' lang='lat' dir='ltr'><strong>in</strong></span> <span class='ocrx_word' id='word_1_438' title='bbox 3261 3135 3435 3204; x_wconf 77' lang='lat' dir='ltr'><strong>regio-</strong></span> 
     </span>
    </p>
   </div>
   <div class='ocr_carea' id='block_1_61' title="bbox 140 3212 1736 3310">
    <p class='ocr_par' dir='ltr' id='par_1_61' title="bbox 140 3228 1735 3310">
     <span class='ocr_line' id='line_1_61' title="bbox 140 3228 1735 3310; baseline 0.008 -30"><span class='ocrx_word' id='word_1_439' title='bbox 140 3233 219 3288; x_wconf 70' lang='grc' dir='ltr'>κὲς</span> <span class='ocrx_word' id='word_1_440' title='bbox 267 3229 550 3290; x_wconf 75' lang='grc' dir='ltr'>ἐπιστολὰς</span> <span class='ocrx_word' id='word_1_441' title='bbox 596 3228 810 3299; x_wconf 81' lang='grc' dir='ltr'>διδόναι,</span> <span class='ocrx_word' id='word_1_442' title='bbox 859 3231 889 3292; x_wconf 79' lang='grc' dir='ltr'><em>ἧ</em></span> <span class='ocrx_word' id='word_1_443' title='bbox 935 3236 1066 3308; x_wconf 66' lang='grc' dir='ltr'>πρὶς</span> <span class='ocrx_word' id='word_1_444' title='bbox 1114 3236 1299 3308; x_wconf 79' lang='grc' dir='ltr'>μόνους</span> <span class='ocrx_word' id='word_1_445' title='bbox 1341 3239 1463 3299; x_wconf 80' lang='grc' dir='ltr'>τοὺς</span> <span class='ocrx_word' id='word_1_446' title='bbox 1509 3242 1735 3310; x_wconf 84' lang='grc' dir='ltr'>γείτονας</span> 
     </span>
    </p>
   </div>
   <div class='ocr_carea' id='block_1_62' title="bbox 1850 3212 3436 3310">
    <p class='ocr_par' dir='ltr' id='par_1_62' title="bbox 1850 3212 3436 3289">
     <span class='ocr_line' id='line_1_62' title="bbox 1850 3212 3436 3289; baseline 0.008 -23"><span class='ocrx_word' id='word_1_447' title='bbox 1850 3212 2018 3277; x_wconf 88' lang='lat' dir='ltr'><strong>nibus,</strong></span> <span class='ocrx_word' id='word_1_448' title='bbox 2047 3212 2178 3270; x_wconf 90' lang='lat' dir='ltr'><strong>dent</strong></span> <span class='ocrx_word' id='word_1_449' title='bbox 2204 3217 2494 3272; x_wconf 90' lang='lat' dir='ltr'><strong>canonicas</strong></span> <span class='ocrx_word' id='word_1_450' title='bbox 2532 3221 2811 3289; x_wconf 88' lang='lat' dir='ltr'><strong>epistolas,</strong></span> <span class='ocrx_word' id='word_1_451' title='bbox 2843 3222 2930 3278; x_wconf 89' lang='lat' dir='ltr'><strong>vel</strong></span> <span class='ocrx_word' id='word_1_452' title='bbox 2961 3222 3026 3277; x_wconf 90' lang='lat' dir='ltr'><strong>ad</strong></span> <span class='ocrx_word' id='word_1_453' title='bbox 3055 3223 3203 3279; x_wconf 89' lang='lat' dir='ltr'><strong>solos</strong></span> <span class='ocrx_word' id='word_1_454' title='bbox 3234 3224 3436 3279; x_wconf 88' lang='lat' dir='ltr'><strong>vicinos</strong></span> 
     </span>
    </p>
   </div>
   <div class='ocr_carea' id='block_1_63' title="bbox 138 3323 1734 3397">
    <p class='ocr_par' dir='ltr' id='par_1_63' title="bbox 138 3323 1734 3397">
     <span class='ocr_line' id='line_1_63' title="bbox 138 3323 1734 3397; baseline 0.007 -22"><span class='ocrx_word' id='word_1_455' title='bbox 138 3323 452 3382; x_wconf 67' lang='grc' dir='ltr'>επωκᾶπους</span> <span class='ocrx_word' id='word_1_456' title='bbox 485 3324 763 3384; x_wconf 80' lang='grc' dir='ltr'>ἐπιστολὰς</span> <span class='ocrx_word' id='word_1_457' title='bbox 804 3325 1099 3397; x_wconf 59' lang='grc' dir='ltr'>ἐκπέμπειν</span> <span class='ocrx_word' id='word_1_458' title='bbox 1130 3331 1250 3389; x_wconf 72' lang='grc' dir='ltr'>τοὺς</span> <span class='ocrx_word' id='word_1_459' title='bbox 1278 3326 1333 3383; x_wconf 81' lang='grc' dir='ltr'>δὲ</span> <span class='ocrx_word' id='word_1_460' title='bbox 1363 3329 1734 3393; x_wconf 74' lang='grc' dir='ltr'>ἀνεπιλήπτους</span> 
     </span>
    </p>
   </div>
   <div class='ocr_carea' id='block_1_64' title="bbox 141 3413 1128 3493">
    <p class='ocr_par' dir='ltr' id='par_1_64' title="bbox 141 3413 1128 3493">
     <span class='ocr_line' id='line_1_64' title="bbox 141 3413 1128 3493; baseline 0.005 -27"><span class='ocrx_word' id='word_1_461' title='bbox 141 3414 600 3491; x_wconf 78' lang='grc' dir='ltr'>χωρεπισκόπσυς,</span> <span class='ocrx_word' id='word_1_462' title='bbox 632 3413 830 3471; x_wconf 76' lang='grc' dir='ltr'>διδόναι</span> <span class='ocrx_word' id='word_1_463' title='bbox 855 3417 1128 3493; x_wconf 64' lang='grc' dir='ltr'>εἰρηνικάς.</span> 
     </span>
    </p>
   </div>
   <div class='ocr_carea' id='block_1_65' title="bbox 200 3507 1737 3588">
    <p class='ocr_par' dir='ltr' id='par_1_65' title="bbox 200 3507 1737 3588">
     <span class='ocr_line' id='line_1_65' title="bbox 200 3507 1737 3588; baseline 0.005 -25"><span class='ocrx_word' id='word_1_464' title='bbox 200 3507 312 3566; x_wconf 69' lang='grc' dir='ltr'><strong>κη’.</strong></span> <span class='ocrx_word' id='word_1_465' title='bbox 343 3512 480 3570; x_wconf 78' lang='grc' dir='ltr'><strong>τούς</strong></span> <span class='ocrx_word' id='word_1_466' title='bbox 520 3507 622 3563; x_wconf 82' lang='grc' dir='ltr'>καθ’</span> <span class='ocrx_word' id='word_1_467' title='bbox 647 3509 863 3568; x_wconf 73' lang='grc' dir='ltr'>εκάστην</span> <span class='ocrx_word' id='word_1_468' title='bbox 908 3513 1170 3588; x_wconf 77' lang='grc' dir='ltr'>ἐπαρχίαν</span> <span class='ocrx_word' id='word_1_469' title='bbox 1206 3510 1519 3575; x_wconf 66' lang='grc' dir='ltr'>ἐπισκόπους</span> <span class='ocrx_word' id='word_1_470' title='bbox 1558 3513 1737 3571; x_wconf 71' lang='grc' dir='ltr'>εἶδέναι</span> 
     </span>
    </p>
   </div>
   <div class='ocr_carea' id='block_1_66' title="bbox 139 3597 1738 3676">
    <p class='ocr_par' dir='ltr' id='par_1_66' title="bbox 139 3597 1738 3676">
     <span class='ocr_line' id='line_1_66' title="bbox 139 3597 1738 3676; baseline 0.005 -25"><span class='ocrx_word' id='word_1_471' title='bbox 139 3603 242 3670; x_wconf 70' lang='grc' dir='ltr'>χρὴ</span> <span class='ocrx_word' id='word_1_472' title='bbox 263 3597 352 3652; x_wconf 81' lang='grc' dir='ltr'><strong>τόν</strong></span> <span class='ocrx_word' id='word_1_473' title='bbox 382 3599 434 3650; x_wconf 76' lang='grc' dir='ltr'>ἓν</span> <span class='ocrx_word' id='word_1_474' title='bbox 465 3605 527 3674; x_wconf 71' lang='grc' dir='ltr'><strong>τῇ</strong></span> <span class='ocrx_word' id='word_1_475' title='bbox 557 3600 857 3674; x_wconf 71' lang='grc' dir='ltr'>μητροπόλει</span> <span class='ocrx_word' id='word_1_476' title='bbox 884 3610 1192 3676; x_wconf 85' lang='grc' dir='ltr'>προεστῶτα</span> <span class='ocrx_word' id='word_1_477' title='bbox 1216 3605 1520 3669; x_wconf 78' lang='grc' dir='ltr'>ἐπίσκοπον,</span> <span class='ocrx_word' id='word_1_478' title='bbox 1541 3611 1624 3659; x_wconf 71' lang='grc' dir='ltr'><strong>καῖ</strong></span> <span class='ocrx_word' id='word_1_479' title='bbox 1647 3612 1738 3666; x_wconf 76' lang='grc' dir='ltr'>τήν</span> 
     </span>
    </p>
   </div>
   <div class='ocr_carea' id='block_1_67' title="bbox 133 3685 1734 3769">
    <p class='ocr_par' dir='ltr' id='par_1_67' title="bbox 133 3685 1734 3769">
     <span class='ocr_line' id='line_1_67' title="bbox 133 3685 1734 3769; baseline 0.006 -30"><span class='ocrx_word' id='word_1_480' title='bbox 133 3685 372 3763; x_wconf 50' lang='grc' dir='ltr'>φροντίδα</span> <span class='ocrx_word' id='word_1_481' title='bbox 407 3685 759 3758; x_wconf 76' lang='grc' dir='ltr'>ἀναδέχεσθαι</span> <span class='ocrx_word' id='word_1_482' title='bbox 801 3692 974 3750; x_wconf 79' lang='grc' dir='ltr'>πάσης</span> <span class='ocrx_word' id='word_1_483' title='bbox 1015 3699 1103 3752; x_wconf 75' lang='grc' dir='ltr'>τῆς</span> <span class='ocrx_word' id='word_1_484' title='bbox 1146 3693 1425 3769; x_wconf 75' lang='grc' dir='ltr'>ίπαρχίας,</span> <span class='ocrx_word' id='word_1_485' title='bbox 1457 3691 1540 3747; x_wconf 80' lang='grc' dir='ltr'>διὰ</span> <span class='ocrx_word' id='word_1_486' title='bbox 1581 3696 1639 3748; x_wconf 83' lang='grc' dir='ltr'>τὸ</span> <span class='ocrx_word' id='word_1_487' title='bbox 1683 3697 1734 3748; x_wconf 87' lang='grc' dir='ltr'>ἐν</span> 
     </span>
    </p>
   </div>
   <div class='ocr_carea' id='block_1_68' title="bbox 138 3783 1734 3859">
    <p class='ocr_par' dir='ltr' id='par_1_68' title="bbox 138 3783 1734 3859">
     <span class='ocr_line' id='line_1_68' title="bbox 138 3783 1734 3859; baseline 0.003 -21"><span class='ocrx_word' id='word_1_488' title='bbox 138 3792 192 3858; x_wconf 72' lang='grc' dir='ltr'>τῇ</span> <span class='ocrx_word' id='word_1_489' title='bbox 229 3783 554 3859; x_wconf 70' lang='grc' dir='ltr'>μητροπόλει</span> <span class='ocrx_word' id='word_1_490' title='bbox 589 3785 916 3855; x_wconf 67' lang='grc' dir='ltr'>πανταχόθεν</span> <span class='ocrx_word' id='word_1_491' title='bbox 957 3788 1263 3859; x_wconf 77' lang='grc' dir='ltr'>συντρέχειν</span> <span class='ocrx_word' id='word_1_492' title='bbox 1295 3787 1492 3848; x_wconf 76' lang='grc' dir='ltr'>πάντας</span> <span class='ocrx_word' id='word_1_493' title='bbox 1519 3789 1640 3846; x_wconf 77' lang='grc' dir='ltr'>τούς</span> <span class='ocrx_word' id='word_1_494' title='bbox 1669 3791 1734 3842; x_wconf 79' lang='grc' dir='ltr'>τὰ</span> 
     </span>
    </p>
   </div>
   <div class='ocr_carea' id='block_1_69' title="bbox 135 3871 1734 3952">
    <p class='ocr_par' dir='ltr' id='par_1_69' title="bbox 135 3871 1734 3952">
     <span class='ocr_line' id='line_1_69' title="bbox 135 3871 1734 3952; baseline 0.005 -26"><span class='ocrx_word' id='word_1_495' title='bbox 135 3873 426 3949; x_wconf 69' lang='grc' dir='ltr'>πράγματα</span> <span class='ocrx_word' id='word_1_496' title='bbox 455 3872 697 3944; x_wconf 71' lang='grc' dir='ltr'>ἔχοντας.</span> <span class='ocrx_word' id='word_1_497' title='bbox 721 3871 867 3935; x_wconf 73' lang='grc' dir='ltr'>ὀθεν</span> <span class='ocrx_word' id='word_1_498' title='bbox 890 3873 1032 3941; x_wconf 79' lang='grc' dir='ltr'>ἔδοξε</span> <span class='ocrx_word' id='word_1_499' title='bbox 1052 3880 1138 3931; x_wconf 81' lang='grc' dir='ltr'><strong>καί</strong></span> <span class='ocrx_word' id='word_1_500' title='bbox 1162 3885 1224 3950; x_wconf 75' lang='grc' dir='ltr'>τῇ</span> <span class='ocrx_word' id='word_1_501' title='bbox 1254 3886 1375 3948; x_wconf 78' lang='grc' dir='ltr'>τιμῇ</span> <span class='ocrx_word' id='word_1_502' title='bbox 1403 3881 1734 3952; x_wconf 63' lang='grc' dir='ltr'>προηγεῖσθαι</span> 
     </span>
    </p>
   </div>
   <div class='ocr_carea' id='block_1_70' title="bbox 133 3966 1735 4043">
    <p class='ocr_par' dir='ltr' id='par_1_70' title="bbox 133 3966 1735 4043">
     <span class='ocr_line' id='line_1_70' title="bbox 133 3966 1735 4043; baseline 0.001 -22"><span class='ocrx_word' id='word_1_503' title='bbox 133 3971 306 4030; x_wconf 71' lang='grc' dir='ltr'>αὐτόν,</span> <span class='ocrx_word' id='word_1_504' title='bbox 317 3966 479 4040; x_wconf 72' lang='grc' dir='ltr'>μηδέν</span> <span class='ocrx_word' id='word_1_505' title='bbox 491 3988 548 4022; x_wconf 84' lang='grc' dir='ltr'><strong>τε</strong></span> <span class='ocrx_word' id='word_1_506' title='bbox 563 3970 805 4042; x_wconf 70' lang='grc' dir='ltr'>πράττειν</span> <span class='ocrx_word' id='word_1_507' title='bbox 815 3970 1056 4043; x_wconf 67' lang='grc' dir='ltr'>περιττόν</span> <span class='ocrx_word' id='word_1_508' title='bbox 1065 3972 1182 4029; x_wconf 83' lang='grc' dir='ltr'>τοὺς</span> <span class='ocrx_word' id='word_1_509' title='bbox 1195 3969 1403 4028; x_wconf 80' lang='grc' dir='ltr'>λοιποὺς</span> <span class='ocrx_word' id='word_1_510' title='bbox 1425 3971 1483 4022; x_wconf 83' lang='grc' dir='ltr'>ἐπ</span> <span class='ocrx_word' id='word_1_511' title='bbox 1491 3971 1735 4029; x_wconf 75' lang='grc' dir='ltr'>ισκὸπου;</span> 
     </span>
    </p>
   </div>
   <div class='ocr_carea' id='block_1_71' title="bbox 135 4063 1734 4138">
    <p class='ocr_par' dir='ltr' id='par_1_71' title="bbox 135 4063 1734 4138">
     <span class='ocr_line' id='line_1_71' title="bbox 135 4063 1734 4138; baseline 0.001 -23"><span class='ocrx_word' id='word_1_512' title='bbox 135 4063 251 4117; x_wconf 54' lang='lat' dir='ltr'><strong>{seu</strong></span> <span class='ocrx_word' id='word_1_513' title='bbox 281 4065 468 4127; x_wconf 80' lang='grc' dir='ltr'>αὐτοῦ,</span> <span class='ocrx_word' id='word_1_514' title='bbox 499 4064 632 4118; x_wconf 79' lang='grc' dir='ltr'><strong>κατά</strong></span> <span class='ocrx_word' id='word_1_515' title='bbox 655 4063 743 4118; x_wconf 80' lang='grc' dir='ltr'><strong>τόν</strong></span> <span class='ocrx_word' id='word_1_516' title='bbox 765 4063 993 4135; x_wconf 82' lang='grc' dir='ltr'>ἀρχαῖον</span> <span class='ocrx_word' id='word_1_517' title='bbox 1021 4067 1348 4138; x_wconf 77' lang='grc' dir='ltr'>κρατήσαντα</span> <span class='ocrx_word' id='word_1_518' title='bbox 1375 4069 1472 4116; x_wconf 83' lang='grc' dir='ltr'>τῶν</span> <span class='ocrx_word' id='word_1_519' title='bbox 1500 4064 1734 4134; x_wconf 78' lang='grc' dir='ltr'>πατέρων</span> 
     </span>
    </p>
   </div>
   <div class='ocr_carea' id='block_1_72' title="bbox 137 4149 1736 4227">
    <p class='ocr_par' dir='ltr' id='par_1_72' title="bbox 137 4149 1736 4227">
     <span class='ocr_line' id='line_1_72' title="bbox 137 4149 1736 4227; baseline -0.001 -17"><span class='ocrx_word' id='word_1_520' title='bbox 137 4156 274 4224; x_wconf 69' lang='grc' dir='ltr'><strong>ἐμῶν</strong></span> <span class='ocrx_word' id='word_1_521' title='bbox 299 4152 507 4219; x_wconf 70' lang='grc' dir='ltr'>κανόνα,</span> <span class='ocrx_word' id='word_1_522' title='bbox 533 4151 563 4212; x_wconf 81' lang='grc' dir='ltr'><strong>ἧ</strong></span> <span class='ocrx_word' id='word_1_523' title='bbox 603 4158 776 4208; x_wconf 83' lang='grc' dir='ltr'>ταῦτα</span> <span class='ocrx_word' id='word_1_524' title='bbox 813 4154 944 4223; x_wconf 79' lang='grc' dir='ltr'>μόνα</span> <span class='ocrx_word' id='word_1_525' title='bbox 979 4149 1081 4208; x_wconf 79' lang='grc' dir='ltr'>ὅσα</span> <span class='ocrx_word' id='word_1_526' title='bbox 1115 4161 1178 4227; x_wconf 76' lang='grc' dir='ltr'><strong>τῇ</strong></span> <span class='ocrx_word' id='word_1_527' title='bbox 1219 4153 1437 4208; x_wconf 80' lang='grc' dir='ltr'>ἑκάστου</span> <span class='ocrx_word' id='word_1_528' title='bbox 1481 4153 1736 4208; x_wconf 73' lang='grc' dir='ltr'>ἐπιϐάλλει</span> 
     </span>
    </p>
   </div>
   <div class='ocr_carea' id='block_1_73' title="bbox 135 4240 1734 4320">
    <p class='ocr_par' dir='ltr' id='par_1_73' title="bbox 135 4240 1734 4320">
     <span class='ocr_line' id='line_1_73' title="bbox 135 4240 1734 4320; baseline 0.001 -23"><span class='ocrx_word' id='word_1_529' title='bbox 135 4250 412 4319; x_wconf 54' lang='grc' dir='ltr'>παροικίςι,</span> <span class='ocrx_word' id='word_1_530' title='bbox 455 4247 541 4298; x_wconf 82' lang='grc' dir='ltr'>καὶ</span> <span class='ocrx_word' id='word_1_531' title='bbox 583 4249 704 4304; x_wconf 82' lang='grc' dir='ltr'>ταῖς</span> <span class='ocrx_word' id='word_1_532' title='bbox 748 4244 840 4299; x_wconf 73' lang='grc' dir='ltr'><strong>ὑπ’</strong></span> <span class='ocrx_word' id='word_1_533' title='bbox 867 4240 1028 4302; x_wconf 67' lang='grc' dir='ltr'>αὐτὴν</span> <span class='ocrx_word' id='word_1_534' title='bbox 1073 4245 1300 4320; x_wconf 81' lang='grc' dir='ltr'>χώραις.</span> <span class='ocrx_word' id='word_1_535' title='bbox 1345 4240 1586 4299; x_wconf 79' lang='grc' dir='ltr'>Ἐκαστον</span> <span class='ocrx_word' id='word_1_536' title='bbox 1632 4247 1734 4320; x_wconf 81' lang='grc' dir='ltr'>γὰρ</span> 
     </span>
    </p>
   </div>
   <div class='ocr_carea' id='block_1_74' title="bbox 137 4332 1732 4409">
    <p class='ocr_par' dir='ltr' id='par_1_74' title="bbox 137 4332 1732 4409">
     <span class='ocr_line' id='line_1_74' title="bbox 137 4332 1732 4409; baseline 0.001 -20"><span class='ocrx_word' id='word_1_537' title='bbox 137 4335 414 4390; x_wconf 74' lang='grc' dir='ltr'>ἆπίσκοπον</span> <span class='ocrx_word' id='word_1_538' title='bbox 437 4335 672 4398; x_wconf 70' lang='grc' dir='ltr'>ἕξουσίαν</span> <span class='ocrx_word' id='word_1_539' title='bbox 697 4332 729 4390; x_wconf 78' lang='grc' dir='ltr'>ε’</span> <span class='ocrx_word' id='word_1_540' title='bbox 728 4355 846 4406; x_wconf 85' lang='grc' dir='ltr'>χειν</span> <span class='ocrx_word' id='word_1_541' title='bbox 869 4344 959 4396; x_wconf 77' lang='grc' dir='ltr'>τῆς</span> <span class='ocrx_word' id='word_1_542' title='bbox 985 4335 1171 4391; x_wconf 78' lang='grc' dir='ltr'>ἑαυτοῦ</span> <span class='ocrx_word' id='word_1_543' title='bbox 1198 4339 1489 4409; x_wconf 86' lang='grc' dir='ltr'>παροικίας,</span> <span class='ocrx_word' id='word_1_544' title='bbox 1530 4335 1732 4392; x_wconf 76' lang='grc' dir='ltr'>διοικεῖν</span> 
     </span>
    </p>
   </div>
   <div class='ocr_carea' id='block_1_75' title="bbox 138 4425 1734 4501">
    <p class='ocr_par' dir='ltr' id='par_1_75' title="bbox 138 4425 1734 4501">
     <span class='ocr_line' id='line_1_75' title="bbox 138 4425 1734 4501; baseline 0.001 -20"><span class='ocrx_word' id='word_1_545' title='bbox 138 4447 186 4481; x_wconf 87' lang='grc' dir='ltr'><strong>τε</strong></span> <span class='ocrx_word' id='word_1_546' title='bbox 216 4429 351 4484; x_wconf 76' lang='grc' dir='ltr'>κατὰ</span> <span class='ocrx_word' id='word_1_547' title='bbox 395 4432 488 4485; x_wconf 73' lang='grc' dir='ltr'>τὴν</span> <span class='ocrx_word' id='word_1_548' title='bbox 530 4425 734 4497; x_wconf 73' lang='grc' dir='ltr'>ἑκάστῳ</span> <span class='ocrx_word' id='word_1_549' title='bbox 762 4427 1132 4482; x_wconf 77' lang='grc' dir='ltr'>ἐπιϐάλλουσαν</span> <span class='ocrx_word' id='word_1_550' title='bbox 1173 4426 1460 4492; x_wconf 78' lang='grc' dir='ltr'>εὐλάϐειαν,</span> <span class='ocrx_word' id='word_1_551' title='bbox 1492 4431 1576 4482; x_wconf 88' lang='grc' dir='ltr'><strong>καί</strong></span> <span class='ocrx_word' id='word_1_552' title='bbox 1603 4429 1734 4501; x_wconf 52' lang='grc' dir='ltr'>πρό*</span> 
     </span>
    </p>
   </div>
   <div class='ocr_carea' id='block_1_76' title="bbox 139 4517 1730 4592">
    <p class='ocr_par' dir='ltr' id='par_1_76' title="bbox 139 4517 1730 4592">
     <span class='ocr_line' id='line_1_76' title="bbox 139 4517 1730 4592; baseline 0.001 -23"><span class='ocrx_word' id='word_1_553' title='bbox 139 4537 269 4572; x_wconf 73' lang='grc' dir='ltr'>νοιαν</span> <span class='ocrx_word' id='word_1_554' title='bbox 315 4519 572 4570; x_wconf 85' lang='grc' dir='ltr'>ποιεῖσθαι</span> <span class='ocrx_word' id='word_1_555' title='bbox 609 4518 782 4577; x_wconf 78' lang='grc' dir='ltr'>πάσης</span> <span class='ocrx_word' id='word_1_556' title='bbox 826 4524 919 4576; x_wconf 73' lang='grc' dir='ltr'>τῆς</span> <span class='ocrx_word' id='word_1_557' title='bbox 949 4519 1131 4592; x_wconf 85' lang='grc' dir='ltr'>χώρας</span> <span class='ocrx_word' id='word_1_558' title='bbox 1167 4525 1261 4576; x_wconf 81' lang='grc' dir='ltr'>τῆς</span> <span class='ocrx_word' id='word_1_559' title='bbox 1291 4518 1394 4571; x_wconf 80' lang='grc' dir='ltr'><strong>ὐπό</strong></span> <span class='ocrx_word' id='word_1_560' title='bbox 1424 4523 1514 4575; x_wconf 67' lang='grc' dir='ltr'>τήν</span> <span class='ocrx_word' id='word_1_561' title='bbox 1545 4517 1730 4573; x_wconf 78' lang='grc' dir='ltr'>ἑαυτοῦ</span> 
     </span>
    </p>
   </div>
   <div class='ocr_carea' id='block_1_77' title="bbox 142 4612 1304 4689">
    <p class='ocr_par' dir='ltr' id='par_1_77' title="bbox 142 4612 1304 4689">
     <span class='ocr_line' id='line_1_77' title="bbox 142 4612 1304 4689; baseline 0.001 -25"><span class='ocrx_word' id='word_1_562' title='bbox 142 4614 295 4668; x_wconf 61' lang='grc' dir='ltr'>πόλιν</span> <span class='ocrx_word' id='word_1_563' title='bbox 330 4615 405 4672; x_wconf 77' lang='grc' dir='ltr'>ὡς</span> <span class='ocrx_word' id='word_1_564' title='bbox 432 4615 519 4666; x_wconf 83' lang='grc' dir='ltr'><strong>καί</strong></span> <span class='ocrx_word' id='word_1_565' title='bbox 559 4619 878 4689; x_wconf 76' lang='grc' dir='ltr'>χειροτονεῖν</span> <span class='ocrx_word' id='word_1_566' title='bbox 919 4612 1304 4686; x_wconf 72' lang='grc' dir='ltr'>πρεσϐυτέρους</span> 
     </span>
    </p>
   </div>
   <div class='ocr_carea' id='block_1_78' title="bbox 144 4701 1728 4779">
    <p class='ocr_par' dir='ltr' id='par_1_78' title="bbox 144 4701 1728 4779">
     <span class='ocr_line' id='line_1_78' title="bbox 144 4701 1728 4779; baseline -0.001 -22"><span class='ocrx_word' id='word_1_567' title='bbox 144 4709 220 4757; x_wconf 81' lang='grc' dir='ltr'><strong>καί</strong></span> <span class='ocrx_word' id='word_1_568' title='bbox 257 4706 396 4775; x_wconf 81' lang='grc' dir='ltr'>μετά</span> <span class='ocrx_word' id='word_1_569' title='bbox 442 4705 659 4778; x_wconf 79' lang='grc' dir='ltr'>κρίσεως</span> <span class='ocrx_word' id='word_1_570' title='bbox 705 4705 902 4758; x_wconf 81' lang='grc' dir='ltr'>ἕκαστα</span> <span class='ocrx_word' id='word_1_571' title='bbox 945 4701 1318 4778; x_wconf 73' lang='grc' dir='ltr'>διαλαμϐάνειν,</span> <span class='ocrx_word' id='word_1_572' title='bbox 1365 4705 1648 4779; x_wconf 80' lang='grc' dir='ltr'>περαιτέρω</span> <span class='ocrx_word' id='word_1_573' title='bbox 1675 4701 1728 4757; x_wconf 77' lang='grc' dir='ltr'>δὲ</span> 
     </span>
    </p>
   </div>
   <div class='ocr_carea' id='block_1_79' title="bbox 144 4794 1728 4872">
    <p class='ocr_par' dir='ltr' id='par_1_79' title="bbox 144 4794 1728 4872">
     <span class='ocr_line' id='line_1_79' title="bbox 144 4794 1728 4872; baseline -0.002 -20"><span class='ocrx_word' id='word_1_574' title='bbox 144 4797 291 4868; x_wconf 73' lang='grc' dir='ltr'>μηδὲν</span> <span class='ocrx_word' id='word_1_575' title='bbox 331 4799 578 4872; x_wconf 73' lang='grc' dir='ltr'>πράττειν</span> <span class='ocrx_word' id='word_1_576' title='bbox 602 4799 925 4871; x_wconf 76' lang='grc' dir='ltr'>-ἔπιχειρείν,</span> <span class='ocrx_word' id='word_1_577' title='bbox 950 4794 1082 4868; x_wconf 84' lang='grc' dir='ltr'>δίχα</span> <span class='ocrx_word' id='word_1_578' title='bbox 1117 4803 1206 4851; x_wconf 82' lang='grc' dir='ltr'>τοῦ</span> <span class='ocrx_word' id='word_1_579' title='bbox 1237 4804 1328 4856; x_wconf 78' lang='grc' dir='ltr'>τῆς</span> <span class='ocrx_word' id='word_1_580' title='bbox 1368 4795 1728 4870; x_wconf 81' lang='grc' dir='ltr'>μητροπόλεως</span> 
     </span>
    </p>
   </div>
   <div class='ocr_carea' id='block_1_80' title="bbox 148 4883 1626 4958">
    <p class='ocr_par' dir='ltr' id='par_1_80' title="bbox 148 4883 1626 4958">
     <span class='ocr_line' id='line_1_80' title="bbox 148 4883 1626 4958; baseline 0 -18"><span class='ocrx_word' id='word_1_581' title='bbox 148 4889 446 4951; x_wconf 73' lang='grc' dir='ltr'>ἐπισκόπου,</span> <span class='ocrx_word' id='word_1_582' title='bbox 481 4885 607 4958; x_wconf 72' lang='grc' dir='ltr'>μηδὲ</span> <span class='ocrx_word' id='word_1_583' title='bbox 633 4888 781 4942; x_wconf 74' lang='grc' dir='ltr'>αὐτὸν</span> <span class='ocrx_word' id='word_1_584' title='bbox 803 4883 926 4942; x_wconf 73' lang='grc' dir='ltr'>ἄνευ</span> <span class='ocrx_word' id='word_1_585' title='bbox 955 4894 1046 4946; x_wconf 71' lang='grc' dir='ltr'>τῆς</span> <span class='ocrx_word' id='word_1_586' title='bbox 1071 4893 1169 4942; x_wconf 76' lang='grc' dir='ltr'>τῶν</span> <span class='ocrx_word' id='word_1_587' title='bbox 1193 4886 1380 4943; x_wconf 84' lang='grc' dir='ltr'>λοιπῶν</span> <span class='ocrx_word' id='word_1_588' title='bbox 1406 4888 1626 4958; x_wconf 72' lang='grc' dir='ltr'>γνώμης.</span> 
     </span>
    </p>
   </div>
   <div class='ocr_carea' id='block_1_81' title="bbox 211 5052 1731 5128">
    <p class='ocr_par' dir='ltr' id='par_1_81' title="bbox 211 5052 1731 5128">
     <span class='ocr_line' id='line_1_81' title="bbox 211 5052 1731 5128; baseline -0.005 -16"><span class='ocrx_word' id='word_1_589' title='bbox 211 5056 308 5113; x_wconf 69' lang='grc' dir='ltr'>πθ.</span> <span class='ocrx_word' id='word_1_590' title='bbox 336 5057 469 5116; x_wconf 70' lang='grc' dir='ltr'>τοὺς</span> <span class='ocrx_word' id='word_1_591' title='bbox 498 5055 545 5107; x_wconf 76' lang='grc' dir='ltr'>ἓν</span> <span class='ocrx_word' id='word_1_592' title='bbox 567 5061 680 5116; x_wconf 84' lang='grc' dir='ltr'>ταῖς</span> <span class='ocrx_word' id='word_1_593' title='bbox 707 5057 898 5125; x_wconf 75' lang='grc' dir='ltr'>κώμαις</span> <span class='ocrx_word' id='word_1_594' title='bbox 923 5052 953 5113; x_wconf 77' lang='grc' dir='ltr'><strong>ἦ</strong></span> <span class='ocrx_word' id='word_1_595' title='bbox 975 5062 1085 5114; x_wconf 85' lang='grc' dir='ltr'>ταῖς</span> <span class='ocrx_word' id='word_1_596' title='bbox 1110 5055 1333 5128; x_wconf 84' lang='grc' dir='ltr'>χώραις,</span> <span class='ocrx_word' id='word_1_597' title='bbox 1358 5053 1388 5113; x_wconf 75' lang='grc' dir='ltr'>ἦ</span> <span class='ocrx_word' id='word_1_598' title='bbox 1413 5057 1534 5115; x_wconf 78' lang='grc' dir='ltr'>τοὺς</span> <span class='ocrx_word' id='word_1_599' title='bbox 1559 5054 1731 5108; x_wconf 85' lang='grc' dir='ltr'>καλου-</span> 
     </span>
    </p>
   </div>
   <div class='ocr_carea' id='block_1_82' title="bbox 149 5141 1731 5222">
    <p class='ocr_par' dir='ltr' id='par_1_82' title="bbox 149 5141 1731 5222">
     <span class='ocr_line' id='line_1_82' title="bbox 149 5141 1731 5222; baseline -0.001 -22"><span class='ocrx_word' id='word_1_600' title='bbox 149 5150 315 5219; x_wconf 70' lang='grc' dir='ltr'>μένους</span> <span class='ocrx_word' id='word_1_601' title='bbox 348 5147 807 5219; x_wconf 70' lang='grc' dir='ltr'>χωρεπισκόπους,</span> <span class='ocrx_word' id='word_1_602' title='bbox 839 5148 882 5200; x_wconf 87' lang='grc' dir='ltr'><strong>εί</strong></span> <span class='ocrx_word' id='word_1_603' title='bbox 912 5149 998 5200; x_wconf 84' lang='grc' dir='ltr'><strong>καί</strong></span> <span class='ocrx_word' id='word_1_604' title='bbox 1029 5148 1353 5222; x_wconf 76' lang='grc' dir='ltr'>χειροθεσίαν</span> <span class='ocrx_word' id='word_1_605' title='bbox 1395 5141 1492 5199; x_wconf 80' lang='grc' dir='ltr'>εἶεν</span> <span class='ocrx_word' id='word_1_606' title='bbox 1527 5147 1731 5200; x_wconf 66' lang='grc' dir='ltr'>ἐπισκό-</span> 
     </span>
    </p>
   </div>
   <div class='ocr_carea' id='block_1_83' title="bbox 149 5223 1735 5311">
    <p class='ocr_par' dir='ltr' id='par_1_83' title="bbox 149 5223 1735 5311">
     <span class='ocr_line' id='line_1_83' title="bbox 149 5223 1735 5311; baseline -0.003 -18"><span class='ocrx_word' id='word_1_607' title='bbox 149 5261 250 5292; x_wconf 76' lang='grc' dir='ltr'>πων</span> <span class='ocrx_word' id='word_1_608' title='bbox 277 5237 553 5310; x_wconf 72' lang='grc' dir='ltr'>εἰληφότες,</span> <span class='ocrx_word' id='word_1_609' title='bbox 585 5234 727 5300; x_wconf 73' lang='grc' dir='ltr'>ἔδοξε</span> <span class='ocrx_word' id='word_1_610' title='bbox 755 5245 818 5311; x_wconf 77' lang='grc' dir='ltr'>τῇ</span> <span class='ocrx_word' id='word_1_611' title='bbox 847 5235 967 5311; x_wconf 73' lang='grc' dir='ltr'>ἁγίᾳ</span> <span class='ocrx_word' id='word_1_612' title='bbox 1011 5234 1208 5307; x_wconf 82' lang='grc' dir='ltr'>συνόδῳ</span> <span class='ocrx_word' id='word_1_613' title='bbox 1237 5223 1512 5292; x_wconf 60' lang='grc' dir='ltr'>εἰδέναῖτά</span> <span class='ocrx_word' id='word_1_614' title='bbox 1541 5233 1735 5290; x_wconf 59' lang='lat' dir='ltr'><strong>iam-6n}</strong></span> 
     </span>
    </p>
   </div>
   <div class='ocr_carea' id='block_1_84' title="bbox 151 5325 1730 5407">
    <p class='ocr_par' dir='ltr' id='par_1_84' title="bbox 151 5325 1730 5407">
     <span class='ocr_line' id='line_1_84' title="bbox 151 5325 1730 5407; baseline 0 -25"><span class='ocrx_word' id='word_1_615' title='bbox 151 5331 334 5407; x_wconf 73' lang='grc' dir='ltr'>μίτρα,</span> <span class='ocrx_word' id='word_1_616' title='bbox 368 5331 453 5382; x_wconf 84' lang='grc' dir='ltr'><strong>καί</strong></span> <span class='ocrx_word' id='word_1_617' title='bbox 480 5325 683 5383; x_wconf 80' lang='grc' dir='ltr'>διοικεῖν</span> <span class='ocrx_word' id='word_1_618' title='bbox 723 5331 817 5388; x_wconf 72' lang='lat' dir='ltr'><strong>rei;</strong></span> <span class='ocrx_word' id='word_1_619' title='bbox 867 5328 1207 5399; x_wconf 78' lang='grc' dir='ltr'>ὑποκειμένας.</span> <span class='ocrx_word' id='word_1_620' title='bbox 1237 5329 1405 5388; x_wconf 75' lang='grc' dir='ltr'>αὐτοῖς</span> <span class='ocrx_word' id='word_1_621' title='bbox 1447 5328 1730 5388; x_wconf 58' lang='grc' dir='ltr'>ἐκκλησίας.</span> 
     </span>
    </p>
   </div>
   <div class='ocr_carea' id='block_1_85' title="bbox 150 5418 1732 5499">
    <p class='ocr_par' dir='ltr' id='par_1_85' title="bbox 150 5418 1732 5499">
     <span class='ocr_line' id='line_1_85' title="bbox 150 5418 1732 5499; baseline -0.002 -22"><span class='ocrx_word' id='word_1_622' title='bbox 150 5429 225 5479; x_wconf 75' lang='grc' dir='ltr'><strong>καί</strong></span> <span class='ocrx_word' id='word_1_623' title='bbox 257 5432 322 5496; x_wconf 75' lang='grc' dir='ltr'>τῇ</span> <span class='ocrx_word' id='word_1_624' title='bbox 363 5424 560 5478; x_wconf 69' lang='grc' dir='ltr'>τούτων</span> <span class='ocrx_word' id='word_1_625' title='bbox 605 5423 875 5499; x_wconf 77' lang='grc' dir='ltr'>ἀρκεῖσθαι</span> <span class='ocrx_word' id='word_1_626' title='bbox 901 5420 1124 5497; x_wconf 81' lang='grc' dir='ltr'>φροντίδι</span> <span class='ocrx_word' id='word_1_627' title='bbox 1161 5423 1244 5474; x_wconf 83' lang='grc' dir='ltr'><strong>καί</strong></span> <span class='ocrx_word' id='word_1_628' title='bbox 1273 5418 1560 5495; x_wconf 76' lang='grc' dir='ltr'>κηδεμονίᾳ⁹</span> <span class='ocrx_word' id='word_1_629' title='bbox 1591 5421 1732 5474; x_wconf 83' lang='grc' dir='ltr'>καθι-</span> 
     </span>
    </p>
   </div>
   <div class='ocr_carea' id='block_1_86' title="bbox 152 5512 1731 5591">
    <p class='ocr_par' dir='ltr' id='par_1_86' title="bbox 152 5512 1731 5591">
     <span class='ocr_line' id='line_1_86' title="bbox 152 5512 1731 5591; baseline -0.004 -18"><span class='ocrx_word' id='word_1_630' title='bbox 152 5526 268 5591; x_wconf 50' lang='lat' dir='ltr'><strong>ergo</strong></span> <span class='ocrx_word' id='word_1_631' title='bbox 317 5518 375 5573; x_wconf 70' lang='grc' dir='ltr'><strong><em>δί</em></strong></span> <span class='ocrx_word' id='word_1_632' title='bbox 423 5519 750 5586; x_wconf 83' lang='grc' dir='ltr'>ἀναγνώστας</span> <span class='ocrx_word' id='word_1_633' title='bbox 794 5519 878 5568; x_wconf 82' lang='grc' dir='ltr'>καὶ</span> <span class='ocrx_word' id='word_1_634' title='bbox 906 5513 1266 5573; x_wconf 81' lang='grc' dir='ltr'>ὑποδιακόνους</span> <span class='ocrx_word' id='word_1_635' title='bbox 1295 5515 1380 5567; x_wconf 84' lang='grc' dir='ltr'><strong>καί</strong></span> <span class='ocrx_word' id='word_1_636' title='bbox 1422 5512 1731 5585; x_wconf 78' lang='grc' dir='ltr'>ἓπορκιστὰς</span> 
     </span>
    </p>
   </div>
   <div class='ocr_carea' id='block_1_87' title="bbox 154 5603 1729 5685">
    <p class='ocr_par' dir='ltr' id='par_1_87' title="bbox 154 5603 1729 5685">
     <span class='ocr_line' id='line_1_87' title="bbox 154 5603 1729 5685; baseline -0.004 -23"><span class='ocrx_word' id='word_1_637' title='bbox 154 5607 514 5685; x_wconf 52' lang='grc' dir='ltr'>Ιέοορκιστὰςξ,</span> <span class='ocrx_word' id='word_1_638' title='bbox 542 5609 627 5661; x_wconf 85' lang='grc' dir='ltr'>καὶ</span> <span class='ocrx_word' id='word_1_639' title='bbox 654 5615 716 5682; x_wconf 73' lang='grc' dir='ltr'><strong>τῇ</strong></span> <span class='ocrx_word' id='word_1_640' title='bbox 749 5603 948 5662; x_wconf 77' lang='grc' dir='ltr'>τούτων</span> <span class='ocrx_word' id='word_1_641' title='bbox 975 5607 1237 5680; x_wconf 75' lang='grc' dir='ltr'>ἀρκεῖσθαι</span> <span class='ocrx_word' id='word_1_642' title='bbox 1283 5611 1578 5680; x_wconf 77' lang='grc' dir='ltr'>προαγωγῇ,</span> <span class='ocrx_word' id='word_1_643' title='bbox 1607 5607 1729 5664; x_wconf 72' lang='grc' dir='ltr'>μήτε</span> 
     </span>
    </p>
   </div>
   <div class='ocr_carea' id='block_1_88' title="bbox 152 5692 1733 5783">
    <p class='ocr_par' dir='ltr' id='par_1_88' title="bbox 152 5692 1733 5783">
     <span class='ocr_line' id='line_1_88' title="bbox 152 5692 1733 5783; baseline -0.003 -29"><span class='ocrx_word' id='word_1_644' title='bbox 152 5700 195 5754; x_wconf 68' lang='grc' dir='ltr'>δέ</span> <span class='ocrx_word' id='word_1_645' title='bbox 224 5702 576 5776; x_wconf 60' lang='grc' dir='ltr'>πρεσϐύτερον</span> <span class='ocrx_word' id='word_1_646' title='bbox 609 5703 735 5769; x_wconf 76' lang='grc' dir='ltr'>μήτε</span> <span class='ocrx_word' id='word_1_647' title='bbox 767 5696 991 5769; x_wconf 70' lang='grc' dir='ltr'>διακονον</span> <span class='ocrx_word' id='word_1_648' title='bbox 1021 5703 1325 5783; x_wconf 72' lang='grc' dir='ltr'>χειροτονεῖν</span> <span class='ocrx_word' id='word_1_649' title='bbox 1353 5695 1571 5766; x_wconf 75' lang='grc' dir='ltr'>τολμᾷν,</span> <span class='ocrx_word' id='word_1_650' title='bbox 1599 5692 1733 5764; x_wconf 76' lang='grc' dir='ltr'>δίχα</span> 
     </span>
    </p>
   </div>
   <div class='ocr_carea' id='block_1_89' title="bbox 153 5785 1731 5866">
    <p class='ocr_par' dir='ltr' id='par_1_89' title="bbox 153 5785 1731 5866">
     <span class='ocr_line' id='line_1_89' title="bbox 153 5785 1731 5866; baseline -0.004 -20"><span class='ocrx_word' id='word_1_651' title='bbox 153 5801 234 5846; x_wconf 77' lang='grc' dir='ltr'>τοῦ</span> <span class='ocrx_word' id='word_1_652' title='bbox 262 5796 311 5848; x_wconf 84' lang='grc' dir='ltr'>ἐν</span> <span class='ocrx_word' id='word_1_653' title='bbox 342 5800 404 5866; x_wconf 74' lang='grc' dir='ltr'>τῇ</span> <span class='ocrx_word' id='word_1_654' title='bbox 435 5792 581 5846; x_wconf 82' lang='grc' dir='ltr'>πόλει</span> <span class='ocrx_word' id='word_1_655' title='bbox 611 5786 916 5850; x_wconf 81' lang='grc' dir='ltr'>ἐπισκόπου,</span> <span class='ocrx_word' id='word_1_656' title='bbox 1010 5787 1302 5841; x_wconf 79' lang='grc' dir='ltr'>ὑπόκεινται</span> <span class='ocrx_word' id='word_1_657' title='bbox 1329 5787 1476 5845; x_wconf 77' lang='grc' dir='ltr'>αὐτός</span> <span class='ocrx_word' id='word_1_658' title='bbox 1508 5805 1560 5838; x_wconf 84' lang='grc' dir='ltr'><strong>τε</strong></span> <span class='ocrx_word' id='word_1_659' title='bbox 1594 5788 1672 5839; x_wconf 81' lang='grc' dir='ltr'><strong>καί</strong></span> <span class='ocrx_word' id='word_1_660' title='bbox 1703 5788 1731 5843; x_wconf 76' lang='grc' dir='ltr'>ἡ</span> 
     </span>
    </p>
   </div>
   <div class='ocr_carea' id='block_1_90' title="bbox 155 5879 1732 5956">
    <p class='ocr_par' dir='ltr' id='par_1_90' title="bbox 155 5879 1732 5956">
     <span class='ocr_line' id='line_1_90' title="bbox 155 5879 1732 5956; baseline 0 -21"><span class='ocrx_word' id='word_1_661' title='bbox 155 5902 313 5956; x_wconf 73' lang='grc' dir='ltr'>χωρα·</span> <span class='ocrx_word' id='word_1_662' title='bbox 349 5888 392 5938; x_wconf 84' lang='grc' dir='ltr'>εἰ</span> <span class='ocrx_word' id='word_1_663' title='bbox 417 5882 473 5939; x_wconf 78' lang='grc' dir='ltr'>δὲ</span> <span class='ocrx_word' id='word_1_664' title='bbox 504 5883 767 5952; x_wconf 62' lang='grc' dir='ltr'>τολμῆσαί</span> <span class='ocrx_word' id='word_1_665' title='bbox 794 5904 865 5942; x_wconf 74' lang='grc' dir='ltr'><strong>τις</strong></span> <span class='ocrx_word' id='word_1_666' title='bbox 900 5880 1191 5938; x_wconf 75' lang='grc' dir='ltr'>παοαϐἦναι</span> <span class='ocrx_word' id='word_1_667' title='bbox 1221 5881 1284 5934; x_wconf 73' lang='grc' dir='ltr'>τὰ</span> <span class='ocrx_word' id='word_1_668' title='bbox 1316 5879 1590 5952; x_wconf 66' lang='grc' dir='ltr'>ὁρισθέντα,</span> <span class='ocrx_word' id='word_1_669' title='bbox 1616 5886 1732 5939; x_wconf 69' lang='grc' dir='ltr'>γαθ-</span> 
     </span>
    </p>
   </div>
   <div class='ocr_carea' id='block_1_91' title="bbox 1841 3304 3436 3385">
    <p class='ocr_par' dir='ltr' id='par_1_91' title="bbox 1841 3304 3436 3385">
     <span class='ocr_line' id='line_1_91' title="bbox 1841 3304 3436 3385; baseline 0.009 -27"><span class='ocrx_word' id='word_1_670' title='bbox 1841 3305 2124 3376; x_wconf 86' lang='lat' dir='ltr'><strong>cpiscopos</strong></span> <span class='ocrx_word' id='word_1_671' title='bbox 2155 3304 2413 3377; x_wconf 87' lang='lat' dir='ltr'><strong>epistolas</strong></span> <span class='ocrx_word' id='word_1_672' title='bbox 2444 3310 2678 3365; x_wconf 89' lang='lat' dir='ltr'><strong>mittant.</strong></span> <span class='ocrx_word' id='word_1_673' title='bbox 2711 3307 3099 3385; x_wconf 78' lang='lat' dir='ltr'><strong>Churepiscopi</strong></span> <span class='ocrx_word' id='word_1_674' title='bbox 3129 3323 3308 3371; x_wconf 88' lang='lat' dir='ltr'><strong>autem</strong></span> <span class='ocrx_word' id='word_1_675' title='bbox 3343 3317 3436 3384; x_wconf 88' lang='lat' dir='ltr'><strong>qui</strong></span> 
     </span>
    </p>
   </div>
   <div class='ocr_carea' id='block_1_92' title="bbox 1841 3397 2986 3474">
    <p class='ocr_par' dir='ltr' id='par_1_92' title="bbox 1841 3397 2986 3474">
     <span class='ocr_line' id='line_1_92' title="bbox 1841 3397 2986 3474; baseline 0.009 -24"><span class='ocrx_word' id='word_1_676' title='bbox 1841 3404 1969 3451; x_wconf 92' lang='lat' dir='ltr'><strong>sunt</strong></span> <span class='ocrx_word' id='word_1_677' title='bbox 1999 3397 2519 3468; x_wconf 85' lang='lat' dir='ltr'><strong>irreprehensibiles,</strong></span> <span class='ocrx_word' id='word_1_678' title='bbox 2556 3401 2688 3458; x_wconf 89' lang='lat' dir='ltr'><strong>dent</strong></span> <span class='ocrx_word' id='word_1_679' title='bbox 2713 3403 2986 3474; x_wconf 88' lang='lat' dir='ltr'><strong>paciﬁcas.</strong></span> 
     </span>
    </p>
   </div>
   <div class='ocr_carea' id='block_1_93' title="bbox 1915 3487 3422 3566">
    <p class='ocr_par' dir='ltr' id='par_1_93' title="bbox 1915 3487 3422 3566">
     <span class='ocr_line' id='line_1_93' title="bbox 1915 3487 3422 3566; baseline 0.004 -22"><span class='ocrx_word' id='word_1_680' title='bbox 1915 3487 2235 3546; x_wconf 80' lang='lat' dir='ltr'><strong>LXXXVIII.</strong></span> <span class='ocrx_word' id='word_1_681' title='bbox 2263 3525 2333 3533; x_wconf 90' lang='lat'>——</span> <span class='ocrx_word' id='word_1_682' title='bbox 2357 3490 2417 3548; x_wconf 87' lang='lat'><strong>9.</strong></span> <span class='ocrx_word' id='word_1_683' title='bbox 2449 3493 2770 3565; x_wconf 84' lang='lat' dir='ltr'><strong>Episcopos,</strong></span> <span class='ocrx_word' id='word_1_684' title='bbox 2815 3497 2905 3565; x_wconf 86' lang='lat' dir='ltr'><strong>qui</strong></span> <span class='ocrx_word' id='word_1_685' title='bbox 2935 3506 3060 3551; x_wconf 92' lang='lat' dir='ltr'><strong>sunt</strong></span> <span class='ocrx_word' id='word_1_686' title='bbox 3101 3498 3152 3550; x_wconf 94' lang='lat' dir='ltr'><strong>in</strong></span> <span class='ocrx_word' id='word_1_687' title='bbox 3185 3513 3422 3566; x_wconf 79' lang='lat' dir='ltr'><strong>unaqua-</strong></span> 
     </span>
    </p>
   </div>
   <div class='ocr_carea' id='block_1_94' title="bbox 1839 3583 3432 3658">
    <p class='ocr_par' dir='ltr' id='par_1_94' title="bbox 1839 3583 3432 3658">
     <span class='ocr_line' id='line_1_94' title="bbox 1839 3583 3432 3658; baseline 0.006 -25"><span class='ocrx_word' id='word_1_688' title='bbox 1839 3596 1946 3651; x_wconf 92' lang='lat' dir='ltr'><strong>que</strong></span> <span class='ocrx_word' id='word_1_689' title='bbox 1976 3583 2276 3654; x_wconf 81' lang='lat' dir='ltr'><strong>provincia,</strong></span> <span class='ocrx_word' id='word_1_690' title='bbox 2331 3585 2469 3639; x_wconf 90' lang='lat' dir='ltr'><strong>scire</strong></span> <span class='ocrx_word' id='word_1_691' title='bbox 2513 3596 2728 3656; x_wconf 87' lang='lat' dir='ltr'><strong>oportet</strong></span> <span class='ocrx_word' id='word_1_692' title='bbox 2767 3589 3080 3656; x_wconf 88' lang='lat' dir='ltr'><strong>episcopum</strong></span> <span class='ocrx_word' id='word_1_693' title='bbox 3112 3589 3200 3658; x_wconf 89' lang='lat' dir='ltr'><strong>qui</strong></span> <span class='ocrx_word' id='word_1_694' title='bbox 3233 3605 3432 3643; x_wconf 74' lang='lat' dir='ltr'><strong>metro-</strong></span> 
     </span>
    </p>
   </div>
   <div class='ocr_carea' id='block_1_95' title="bbox 1839 3670 3430 3749">
    <p class='ocr_par' dir='ltr' id='par_1_95' title="bbox 1839 3670 3430 3749">
     <span class='ocr_line' id='line_1_95' title="bbox 1839 3670 3430 3749; baseline 0.005 -23"><span class='ocrx_word' id='word_1_695' title='bbox 1839 3670 1949 3741; x_wconf 88' lang='lat' dir='ltr'><strong>poli</strong></span> <span class='ocrx_word' id='word_1_696' title='bbox 1973 3681 2184 3741; x_wconf 69' lang='lat' dir='ltr'><strong>prazcst,</strong></span> <span class='ocrx_word' id='word_1_697' title='bbox 2214 3689 2396 3727; x_wconf 89' lang='lat' dir='ltr'><strong>curam</strong></span> <span class='ocrx_word' id='word_1_698' title='bbox 2426 3683 2479 3728; x_wconf 93' lang='lat' dir='ltr'><strong>et</strong></span> <span class='ocrx_word' id='word_1_699' title='bbox 2507 3675 2925 3732; x_wconf 80' lang='lat' dir='ltr'><strong>sollicitudinem</strong></span> <span class='ocrx_word' id='word_1_700' title='bbox 2954 3679 3117 3733; x_wconf 86' lang='lat' dir='ltr'><strong>totius</strong></span> <span class='ocrx_word' id='word_1_701' title='bbox 3139 3681 3430 3749; x_wconf 62' lang='lat' dir='ltr'><strong>provinciae</strong></span> 
     </span>
    </p>
   </div>
   <div class='ocr_carea' id='block_1_96' title="bbox 1838 3761 3433 3840">
    <p class='ocr_par' dir='ltr' id='par_1_96' title="bbox 1838 3761 3433 3840">
     <span class='ocr_line' id='line_1_96' title="bbox 1838 3761 3433 3840; baseline 0.004 -24"><span class='ocrx_word' id='word_1_702' title='bbox 1838 3761 2115 3830; x_wconf 89' lang='lat' dir='ltr'><strong>suscipere</strong></span> <span class='ocrx_word' id='word_1_703' title='bbox 2143 3779 2155 3814; x_wconf 91' lang='lat'><strong>:</strong></span> <span class='ocrx_word' id='word_1_704' title='bbox 2189 3777 2255 3816; x_wconf 91' lang='lat' dir='ltr'><strong>eo</strong></span> <span class='ocrx_word' id='word_1_705' title='bbox 2276 3764 2420 3832; x_wconf 91' lang='lat' dir='ltr'><strong>quod</strong></span> <span class='ocrx_word' id='word_1_706' title='bbox 2450 3764 2501 3818; x_wconf 91' lang='lat' dir='ltr'><strong>in</strong></span> <span class='ocrx_word' id='word_1_707' title='bbox 2534 3766 2879 3836; x_wconf 88' lang='lat' dir='ltr'><strong>metropolim</strong></span> <span class='ocrx_word' id='word_1_708' title='bbox 2911 3768 3271 3840; x_wconf 87' lang='lat' dir='ltr'><strong>undequaque</strong></span> <span class='ocrx_word' id='word_1_709' title='bbox 3301 3786 3433 3824; x_wconf 85' lang='lat' dir='ltr'><strong>con-</strong></span> 
     </span>
    </p>
   </div>
   <div class='ocr_carea' id='block_1_97' title="bbox 1838 3853 3430 3929">
    <p class='ocr_par' dir='ltr' id='par_1_97' title="bbox 1838 3853 3430 3929">
     <span class='ocr_line' id='line_1_97' title="bbox 1838 3853 3430 3929; baseline 0.005 -23"><span class='ocrx_word' id='word_1_710' title='bbox 1838 3861 2060 3906; x_wconf 90' lang='lat' dir='ltr'><strong>currunt</strong></span> <span class='ocrx_word' id='word_1_711' title='bbox 2083 3865 2272 3908; x_wconf 83' lang='lat' dir='ltr'><strong>omnes</strong></span> <span class='ocrx_word' id='word_1_712' title='bbox 2288 3853 2380 3922; x_wconf 91' lang='lat' dir='ltr'><strong>qui</strong></span> <span class='ocrx_word' id='word_1_713' title='bbox 2405 3853 2607 3910; x_wconf 86' lang='lat' dir='ltr'><strong>habent</strong></span> <span class='ocrx_word' id='word_1_714' title='bbox 2630 3857 2864 3925; x_wconf 84' lang='lat' dir='ltr'><strong>negotia.</strong></span> <span class='ocrx_word' id='word_1_715' title='bbox 2893 3857 3044 3914; x_wconf 90' lang='lat' dir='ltr'><strong>Unde</strong></span> <span class='ocrx_word' id='word_1_716' title='bbox 3065 3859 3288 3929; x_wconf 90' lang='lat' dir='ltr'><strong>placuit,</strong></span> <span class='ocrx_word' id='word_1_717' title='bbox 3305 3877 3430 3914; x_wconf 68' lang='lat' dir='ltr'><strong>euri)</strong></span> 
     </span>
    </p>
   </div>
   <div class='ocr_carea' id='block_1_98' title="bbox 1839 3943 3431 4019">
    <p class='ocr_par' dir='ltr' id='par_1_98' title="bbox 1839 3943 3431 4019">
     <span class='ocr_line' id='line_1_98' title="bbox 1839 3943 3431 4019; baseline 0.007 -26"><span class='ocrx_word' id='word_1_718' title='bbox 1839 3957 2054 4012; x_wconf 85' lang='lat' dir='ltr'><strong>quoque</strong></span> <span class='ocrx_word' id='word_1_719' title='bbox 2080 3943 2289 3999; x_wconf 89' lang='lat' dir='ltr'><strong>honore</strong></span> <span class='ocrx_word' id='word_1_720' title='bbox 2311 3944 2617 4013; x_wconf 70' lang='lat' dir='ltr'><strong>praecedere</strong></span> <span class='ocrx_word' id='word_1_721' title='bbox 2646 3963 2658 3999; x_wconf 91' lang='lat'><strong>:</strong></span> <span class='ocrx_word' id='word_1_722' title='bbox 2682 3946 2924 4017; x_wconf 84' lang='lat' dir='ltr'><strong>reliquos</strong></span> <span class='ocrx_word' id='word_1_723' title='bbox 2944 3955 3122 4002; x_wconf 88' lang='lat' dir='ltr'><strong>autem</strong></span> <span class='ocrx_word' id='word_1_724' title='bbox 3145 3949 3431 4019; x_wconf 81' lang='lat' dir='ltr'><strong>episcopos</strong></span> 
     </span>
    </p>
   </div>
   <div class='ocr_carea' id='block_1_99' title="bbox 1838 4033 3432 4110">
    <p class='ocr_par' dir='ltr' id='par_1_99' title="bbox 1838 4033 3432 4110">
     <span class='ocr_line' id='line_1_99' title="bbox 1838 4033 3432 4110; baseline 0.006 -23"><span class='ocrx_word' id='word_1_725' title='bbox 1838 4033 1968 4087; x_wconf 86' lang='lat' dir='ltr'><strong>nihil</strong></span> <span class='ocrx_word' id='word_1_726' title='bbox 2000 4041 2152 4088; x_wconf 82' lang='lat' dir='ltr'><strong>extra</strong></span> <span class='ocrx_word' id='word_1_727' title='bbox 2201 4035 2446 4092; x_wconf 84' lang='lat' dir='ltr'><strong>ordinem</strong></span> <span class='ocrx_word' id='word_1_728' title='bbox 2472 4037 2560 4092; x_wconf 86' lang='lat' dir='ltr'><strong>vel</strong></span> <span class='ocrx_word' id='word_1_729' title='bbox 2605 4038 2744 4093; x_wconf 89' lang='lat' dir='ltr'><strong>ultra</strong></span> <span class='ocrx_word' id='word_1_730' title='bbox 2792 4041 3050 4095; x_wconf 88' lang='lat' dir='ltr'><strong>terminos</strong></span> <span class='ocrx_word' id='word_1_731' title='bbox 3095 4055 3222 4095; x_wconf 90' lang='lat' dir='ltr'><strong>suos</strong></span> <span class='ocrx_word' id='word_1_732' title='bbox 3269 4055 3432 4110; x_wconf 79' lang='lat' dir='ltr'><strong>agere</strong></span> 
     </span>
    </p>
   </div>
   <div class='ocr_carea' id='block_1_100' title="bbox 1837 4124 3432 4200">
    <p class='ocr_par' dir='ltr' id='par_1_100' title="bbox 1837 4124 3432 4200">
     <span class='ocr_line' id='line_1_100' title="bbox 1837 4124 3432 4200; baseline 0.003 -20"><span class='ocrx_word' id='word_1_733' title='bbox 1837 4124 2132 4180; x_wconf 87' lang='lat' dir='ltr'><strong>secundum</strong></span> <span class='ocrx_word' id='word_1_734' title='bbox 2183 4126 2464 4195; x_wconf 89' lang='lat' dir='ltr'><strong>antiquum</strong></span> <span class='ocrx_word' id='word_1_735' title='bbox 2514 4127 2734 4183; x_wconf 86' lang='lat' dir='ltr'><strong>Patrum</strong></span> <span class='ocrx_word' id='word_1_736' title='bbox 2783 4139 3092 4185; x_wconf 90' lang='lat' dir='ltr'><strong>nostrorum</strong></span> <span class='ocrx_word' id='word_1_737' title='bbox 3139 4147 3432 4200; x_wconf 86' lang='lat' dir='ltr'><strong>canonem,</strong></span> 
     </span>
    </p>
   </div>
   <div class='ocr_carea' id='block_1_101' title="bbox 1835 4218 3428 4292">
    <p class='ocr_par' dir='ltr' id='par_1_101' title="bbox 1835 4218 3428 4292">
     <span class='ocr_line' id='line_1_101' title="bbox 1835 4218 3428 4292; baseline 0.006 -22"><span class='ocrx_word' id='word_1_738' title='bbox 1835 4218 1927 4286; x_wconf 88' lang='lat' dir='ltr'><strong>qui</strong></span> <span class='ocrx_word' id='word_1_739' title='bbox 1957 4218 2218 4274; x_wconf 86' lang='lat' dir='ltr'><strong>hactenus</strong></span> <span class='ocrx_word' id='word_1_740' title='bbox 2245 4219 2477 4274; x_wconf 88' lang='lat' dir='ltr'><strong>obtinuit</strong></span> <span class='ocrx_word' id='word_1_741' title='bbox 2503 4237 2516 4273; x_wconf 90' lang='lat'><strong>:</strong></span> <span class='ocrx_word' id='word_1_742' title='bbox 2541 4229 2635 4276; x_wconf 88' lang='lat' dir='ltr'><strong>aut</strong></span> <span class='ocrx_word' id='word_1_743' title='bbox 2658 4237 2721 4276; x_wconf 90' lang='lat' dir='ltr'><strong>ea</strong></span> <span class='ocrx_word' id='word_1_744' title='bbox 2751 4228 2977 4288; x_wconf 85' lang='lat' dir='ltr'><strong>tantum,</strong></span> <span class='ocrx_word' id='word_1_745' title='bbox 3001 4238 3120 4292; x_wconf 64' lang='lat' dir='ltr'><strong>quae</strong></span> <span class='ocrx_word' id='word_1_746' title='bbox 3144 4223 3214 4278; x_wconf 89' lang='lat' dir='ltr'><strong>ad</strong></span> <span class='ocrx_word' id='word_1_747' title='bbox 3243 4223 3428 4280; x_wconf 83' lang='lat' dir='ltr'><strong>unius-</strong></span> 
     </span>
    </p>
   </div>
   <div class='ocr_carea' id='block_1_102' title="bbox 1835 4303 3427 4386">
    <p class='ocr_par' dir='ltr' id='par_1_102' title="bbox 1835 4303 3427 4386">
     <span class='ocr_line' id='line_1_102' title="bbox 1835 4303 3427 4386; baseline 0.004 -22"><span class='ocrx_word' id='word_1_748' title='bbox 1835 4307 2098 4379; x_wconf 87' lang='lat' dir='ltr'><strong>cujusque</strong></span> <span class='ocrx_word' id='word_1_749' title='bbox 2146 4303 2440 4380; x_wconf 74' lang='lat' dir='ltr'><strong>parmciam</strong></span> <span class='ocrx_word' id='word_1_750' title='bbox 2490 4312 2778 4382; x_wconf 86' lang='lat' dir='ltr'><strong>pertinent,</strong></span> <span class='ocrx_word' id='word_1_751' title='bbox 2833 4320 2891 4368; x_wconf 90' lang='lat' dir='ltr'><strong>et</strong></span> <span class='ocrx_word' id='word_1_752' title='bbox 2929 4314 3180 4381; x_wconf 76' lang='lat' dir='ltr'><strong>regiones</strong></span> <span class='ocrx_word' id='word_1_753' title='bbox 3217 4331 3335 4386; x_wconf 82' lang='lat' dir='ltr'><strong>quae</strong></span> <span class='ocrx_word' id='word_1_754' title='bbox 3375 4317 3427 4371; x_wconf 89' lang='lat' dir='ltr'><strong>ei</strong></span> 
     </span>
    </p>
   </div>
   <div class='ocr_carea' id='block_1_103' title="bbox 1835 4400 3424 4475">
    <p class='ocr_par' dir='ltr' id='par_1_103' title="bbox 1835 4400 3424 4475">
     <span class='ocr_line' id='line_1_103' title="bbox 1835 4400 3424 4475; baseline 0.002 -18"><span class='ocrx_word' id='word_1_755' title='bbox 1835 4403 2085 4457; x_wconf 90' lang='lat' dir='ltr'><strong>subsunt.</strong></span> <span class='ocrx_word' id='word_1_756' title='bbox 2114 4400 2566 4474; x_wconf 89' lang='lat' dir='ltr'><strong>Unumquemque</strong></span> <span class='ocrx_word' id='word_1_757' title='bbox 2594 4405 2734 4459; x_wconf 83' lang='lat' dir='ltr'><strong>enim</strong></span> <span class='ocrx_word' id='word_1_758' title='bbox 2761 4406 3071 4475; x_wconf 91' lang='lat' dir='ltr'><strong>episcopum</strong></span> <span class='ocrx_word' id='word_1_759' title='bbox 3101 4413 3424 4474; x_wconf 85' lang='lat' dir='ltr'><strong>potestatem</strong></span> 
     </span>
    </p>
   </div>
   <div class='ocr_carea' id='block_1_104' title="bbox 1838 4492 3426 4565">
    <p class='ocr_par' dir='ltr' id='par_1_104' title="bbox 1838 4492 3426 4565">
     <span class='ocr_line' id='line_1_104' title="bbox 1838 4492 3426 4565; baseline 0.003 -20"><span class='ocrx_word' id='word_1_760' title='bbox 1838 4492 2040 4548; x_wconf 89' lang='lat' dir='ltr'><strong>habere</strong></span> <span class='ocrx_word' id='word_1_761' title='bbox 2068 4508 2177 4549; x_wconf 72' lang='lat' dir='ltr'><strong>suae</strong></span> <span class='ocrx_word' id='word_1_762' title='bbox 2206 4495 2475 4564; x_wconf 73' lang='lat' dir='ltr'><strong>parteciac,</strong></span> <span class='ocrx_word' id='word_1_763' title='bbox 2509 4509 2736 4565; x_wconf 89' lang='lat' dir='ltr'><strong>eamque</strong></span> <span class='ocrx_word' id='word_1_764' title='bbox 2761 4495 3154 4559; x_wconf 83' lang='lat' dir='ltr'><strong>administrare,</strong></span> <span class='ocrx_word' id='word_1_765' title='bbox 3185 4509 3286 4564; x_wconf 91' lang='lat' dir='ltr'><strong>pro</strong></span> <span class='ocrx_word' id='word_1_766' title='bbox 3323 4510 3426 4550; x_wconf 87' lang='lat' dir='ltr'><strong>suo</strong></span> 
     </span>
    </p>
   </div>
   <div class='ocr_carea' id='block_1_105' title="bbox 1331 4585 3426 4674">
    <p class='ocr_par' dir='ltr' id='par_1_105' title="bbox 1331 4585 3426 4674">
     <span class='ocr_line' id='line_1_105' title="bbox 1331 4585 3426 4674; baseline -0.001 -29"><span class='ocrx_word' id='word_1_767' title='bbox 1331 4614 1415 4666; x_wconf 64' lang='grc' dir='ltr'><strong>καί</strong></span> <span class='ocrx_word' id='word_1_768' title='bbox 1442 4607 1726 4674; x_wconf 38' lang='lat' dir='ltr'><strong>staﬁva“,</strong></span> <span class='ocrx_word' id='word_1_769' title='bbox 1760 4616 1807 4674; x_wconf 71' lang='grc' dir='ltr'>υ</span> <span class='ocrx_word' id='word_1_770' title='bbox 1833 4585 2063 4654; x_wconf 90' lang='lat' dir='ltr'><strong>quisque</strong></span> <span class='ocrx_word' id='word_1_771' title='bbox 2091 4585 2268 4640; x_wconf 90' lang='lat' dir='ltr'><strong>studio</strong></span> <span class='ocrx_word' id='word_1_772' title='bbox 2299 4601 2363 4640; x_wconf 89' lang='lat' dir='ltr'><strong>ae</strong></span> <span class='ocrx_word' id='word_1_773' title='bbox 2404 4586 2682 4655; x_wconf 80' lang='lat' dir='ltr'><strong>religione,</strong></span> <span class='ocrx_word' id='word_1_774' title='bbox 2736 4594 2791 4640; x_wconf 92' lang='lat' dir='ltr'><strong>et</strong></span> <span class='ocrx_word' id='word_1_775' title='bbox 2819 4601 3003 4640; x_wconf 89' lang='lat' dir='ltr'><strong>curam</strong></span> <span class='ocrx_word' id='word_1_776' title='bbox 3043 4599 3231 4653; x_wconf 81' lang='lat' dir='ltr'><strong>gerere</strong></span> <span class='ocrx_word' id='word_1_777' title='bbox 3255 4586 3426 4643; x_wconf 79' lang='lat' dir='ltr'><strong>totius</strong></span> 
     </span>
    </p>
   </div>
   <div class='ocr_carea' id='block_1_106' title="bbox 1835 4670 3425 4750">
    <p class='ocr_par' dir='ltr' id='par_1_106' title="bbox 1835 4670 3425 4750">
     <span class='ocr_line' id='line_1_106' title="bbox 1835 4670 3425 4750; baseline 0.002 -19"><span class='ocrx_word' id='word_1_778' title='bbox 1835 4677 2070 4744; x_wconf 82' lang='lat' dir='ltr'><strong>regionis</strong></span> <span class='ocrx_word' id='word_1_779' title='bbox 2096 4691 2216 4747; x_wconf 85' lang='lat' dir='ltr'><strong>quae</strong></span> <span class='ocrx_word' id='word_1_780' title='bbox 2244 4693 2355 4732; x_wconf 84' lang='lat' dir='ltr'><strong>suae</strong></span> <span class='ocrx_word' id='word_1_781' title='bbox 2382 4670 2499 4732; x_wconf 92' lang='lat' dir='ltr'><strong>urbi</strong></span> <span class='ocrx_word' id='word_1_782' title='bbox 2528 4679 2729 4733; x_wconf 85' lang='lat' dir='ltr'><strong>subest.</strong></span> <span class='ocrx_word' id='word_1_783' title='bbox 2750 4676 2820 4732; x_wconf 89' lang='lat' dir='ltr'><strong>Ut</strong></span> <span class='ocrx_word' id='word_1_784' title='bbox 2841 4677 3054 4732; x_wconf 89' lang='lat' dir='ltr'><strong>ordinet</strong></span> <span class='ocrx_word' id='word_1_785' title='bbox 3082 4678 3425 4750; x_wconf 84' lang='lat' dir='ltr'><strong>presbyteros</strong></span> 
     </span>
    </p>
   </div>
   <div class='ocr_carea' id='block_1_107' title="bbox 1836 4769 3422 4840">
    <p class='ocr_par' dir='ltr' id='par_1_107' title="bbox 1836 4769 3422 4840">
     <span class='ocr_line' id='line_1_107' title="bbox 1836 4769 3422 4840; baseline 0.001 -16"><span class='ocrx_word' id='word_1_786' title='bbox 1836 4780 1892 4824; x_wconf 89' lang='lat' dir='ltr'><strong>et</strong></span> <span class='ocrx_word' id='word_1_787' title='bbox 1921 4770 2200 4837; x_wconf 89' lang='lat' dir='ltr'><strong>diaconos,</strong></span> <span class='ocrx_word' id='word_1_788' title='bbox 2227 4777 2423 4826; x_wconf 90' lang='lat' dir='ltr'><strong>etcum</strong></span> <span class='ocrx_word' id='word_1_789' title='bbox 2447 4769 2648 4839; x_wconf 87' lang='lat' dir='ltr'><strong>judicio</strong></span> <span class='ocrx_word' id='word_1_790' title='bbox 2668 4771 2873 4839; x_wconf 85' lang='lat' dir='ltr'><strong>singula</strong></span> <span class='ocrx_word' id='word_1_791' title='bbox 2903 4769 3152 4840; x_wconf 89' lang='lat' dir='ltr'><strong>disponat</strong></span> <span class='ocrx_word' id='word_1_792' title='bbox 3179 4788 3192 4823; x_wconf 91' lang='lat'><strong>:</strong></span> <span class='ocrx_word' id='word_1_793' title='bbox 3217 4779 3272 4826; x_wconf 91' lang='lat' dir='ltr'><strong>et</strong></span> <span class='ocrx_word' id='word_1_794' title='bbox 3291 4772 3422 4826; x_wconf 90' lang='lat' dir='ltr'><strong>nihil</strong></span> 
     </span>
    </p>
   </div>
   <div class='ocr_carea' id='block_1_108' title="bbox 1836 4861 3420 4934">
    <p class='ocr_par' dir='ltr' id='par_1_108' title="bbox 1836 4861 3420 4934">
     <span class='ocr_line' id='line_1_108' title="bbox 1836 4861 3420 4934; baseline 0.002 -16"><span class='ocrx_word' id='word_1_795' title='bbox 1836 4864 1975 4918; x_wconf 90' lang='lat' dir='ltr'><strong>ultra</strong></span> <span class='ocrx_word' id='word_1_796' title='bbox 2003 4861 2180 4920; x_wconf 82' lang='lat' dir='ltr'><strong>facere</strong></span> <span class='ocrx_word' id='word_1_797' title='bbox 2209 4863 2569 4933; x_wconf 78' lang='lat' dir='ltr'><strong>aggrediatur,</strong></span> <span class='ocrx_word' id='word_1_798' title='bbox 2613 4864 2731 4918; x_wconf 88' lang='lat' dir='ltr'><strong>sine</strong></span> <span class='ocrx_word' id='word_1_799' title='bbox 2759 4863 3178 4933; x_wconf 86' lang='lat' dir='ltr'><strong>metropolitano</strong></span> <span class='ocrx_word' id='word_1_800' title='bbox 3208 4863 3420 4934; x_wconf 89' lang='lat' dir='ltr'><strong>episco-</strong></span> 
     </span>
    </p>
   </div>
   <div class='ocr_carea' id='block_1_109' title="bbox 1835 4953 3094 5024">
    <p class='ocr_par' dir='ltr' id='par_1_109' title="bbox 1835 4953 3094 5024">
     <span class='ocr_line' id='line_1_109' title="bbox 1835 4953 3094 5024; baseline -0.002 -16"><span class='ocrx_word' id='word_1_801' title='bbox 1835 4969 1926 5024; x_wconf 91' lang='lat' dir='ltr'><strong>po,</strong></span> <span class='ocrx_word' id='word_1_802' title='bbox 1959 4970 2137 5022; x_wconf 92' lang='lat' dir='ltr'><strong>neque</strong></span> <span class='ocrx_word' id='word_1_803' title='bbox 2167 4955 2282 5024; x_wconf 90' lang='lat' dir='ltr'><strong>ipse</strong></span> <span class='ocrx_word' id='word_1_804' title='bbox 2310 4954 2427 5008; x_wconf 85' lang='lat' dir='ltr'><strong>sine</strong></span> <span class='ocrx_word' id='word_1_805' title='bbox 2455 4953 2785 5024; x_wconf 86' lang='lat' dir='ltr'><strong>reliquorum</strong></span> <span class='ocrx_word' id='word_1_806' title='bbox 2802 4953 3094 5008; x_wconf 82' lang='lat' dir='ltr'><strong>sententia.</strong></span> 
     </span>
    </p>
   </div>
   <div class='ocr_carea' id='block_1_110' title="bbox 1908 5043 3425 5115">
    <p class='ocr_par' dir='ltr' id='par_1_110' title="bbox 1908 5043 3425 5115">
     <span class='ocr_line' id='line_1_110' title="bbox 1908 5043 3425 5115; baseline 0.001 -17"><span class='ocrx_word' id='word_1_807' title='bbox 1908 5043 2184 5099; x_wconf 88' lang='lat' dir='ltr'><strong>LXXXIX.</strong></span> <span class='ocrx_word' id='word_1_808' title='bbox 2219 5077 2292 5086; x_wconf 92' lang='lat'><strong>—</strong></span> <span class='ocrx_word' id='word_1_809' title='bbox 2322 5043 2405 5099; x_wconf 84' lang='lat' dir='ltr'><strong>l0.</strong></span> <span class='ocrx_word' id='word_1_810' title='bbox 2438 5045 2477 5100; x_wconf 90' lang='lat' dir='ltr'><strong>li</strong></span> <span class='ocrx_word' id='word_1_811' title='bbox 2505 5045 2597 5114; x_wconf 90' lang='lat' dir='ltr'><strong>qui</strong></span> <span class='ocrx_word' id='word_1_812' title='bbox 2618 5053 2744 5100; x_wconf 86' lang='lat' dir='ltr'><strong>sunt</strong></span> <span class='ocrx_word' id='word_1_813' title='bbox 2767 5045 2816 5098; x_wconf 92' lang='lat' dir='ltr'><strong>in</strong></span> <span class='ocrx_word' id='word_1_814' title='bbox 2845 5043 2978 5098; x_wconf 90' lang='lat' dir='ltr'><strong>vicis</strong></span> <span class='ocrx_word' id='word_1_815' title='bbox 3005 5051 3061 5102; x_wconf 84' lang='lat' dir='ltr'><strong>et</strong></span> <span class='ocrx_word' id='word_1_816' title='bbox 3088 5044 3425 5115; x_wconf 61' lang='lat' dir='ltr'><strong>regionibus,</strong></span> 
     </span>
    </p>
   </div>
   <div class='ocr_carea' id='block_1_111' title="bbox 1834 5134 3420 5206">
    <p class='ocr_par' dir='ltr' id='par_1_111' title="bbox 1834 5134 3420 5206">
     <span class='ocr_line' id='line_1_111' title="bbox 1834 5134 3420 5206; baseline 0 -18"><span class='ocrx_word' id='word_1_817' title='bbox 1834 5135 1918 5189; x_wconf 86' lang='lat' dir='ltr'><strong>vel</strong></span> <span class='ocrx_word' id='word_1_818' title='bbox 1947 5135 2038 5206; x_wconf 91' lang='lat' dir='ltr'><strong>qui</strong></span> <span class='ocrx_word' id='word_1_819' title='bbox 2069 5134 2446 5206; x_wconf 86' lang='lat' dir='ltr'><strong>ehorepiscopi</strong></span> <span class='ocrx_word' id='word_1_820' title='bbox 2480 5135 2845 5196; x_wconf 88' lang='lat' dir='ltr'><strong>nominantur,</strong></span> <span class='ocrx_word' id='word_1_821' title='bbox 2877 5134 3086 5200; x_wconf 86' lang='lat' dir='ltr'><strong>etiamsi</strong></span> <span class='ocrx_word' id='word_1_822' title='bbox 3116 5134 3420 5204; x_wconf 70' lang='lat' dir='ltr'><strong>impositio~</strong></span> 
     </span>
    </p>
   </div>
   <div class='ocr_carea' id='block_1_112' title="bbox 1834 5225 3418 5298">
    <p class='ocr_par' dir='ltr' id='par_1_112' title="bbox 1834 5225 3418 5298">
     <span class='ocr_line' id='line_1_112' title="bbox 1834 5225 3418 5298; baseline -0.001 -18"><span class='ocrx_word' id='word_1_823' title='bbox 1834 5243 1956 5281; x_wconf 91' lang='lat' dir='ltr'><strong>nem</strong></span> <span class='ocrx_word' id='word_1_824' title='bbox 1988 5243 2245 5282; x_wconf 90' lang='lat' dir='ltr'><strong>manuum</strong></span> <span class='ocrx_word' id='word_1_825' title='bbox 2275 5228 2652 5298; x_wconf 85' lang='lat' dir='ltr'><strong>episcoporum</strong></span> <span class='ocrx_word' id='word_1_826' title='bbox 2681 5227 3008 5296; x_wconf 85' lang='lat' dir='ltr'><strong>acceperint,</strong></span> <span class='ocrx_word' id='word_1_827' title='bbox 3057 5225 3264 5298; x_wconf 85' lang='lat' dir='ltr'><strong>placuit</strong></span> <span class='ocrx_word' id='word_1_828' title='bbox 3290 5241 3418 5282; x_wconf 83' lang='lat' dir='ltr'><strong>san-</strong></span> 
     </span>
    </p>
   </div>
   <div class='ocr_carea' id='block_1_113' title="bbox 1833 5315 3422 5390">
    <p class='ocr_par' dir='ltr' id='par_1_113' title="bbox 1833 5315 3422 5390">
     <span class='ocr_line' id='line_1_113' title="bbox 1833 5315 3422 5390; baseline -0.003 -16"><span class='ocrx_word' id='word_1_829' title='bbox 1833 5323 1935 5374; x_wconf 66' lang='grc' dir='ltr'>ςιξε</span> <span class='ocrx_word' id='word_1_830' title='bbox 1961 5318 2174 5390; x_wconf 77' lang='lat' dir='ltr'><strong>&#39;synodo</strong></span> <span class='ocrx_word' id='word_1_831' title='bbox 2201 5327 2261 5373; x_wconf 93' lang='lat' dir='ltr'><strong>ut</strong></span> <span class='ocrx_word' id='word_1_832' title='bbox 2283 5334 2438 5373; x_wconf 90' lang='lat' dir='ltr'><strong>suum</strong></span> <span class='ocrx_word' id='word_1_833' title='bbox 2469 5317 2688 5373; x_wconf 89' lang='lat' dir='ltr'><strong>modum</strong></span> <span class='ocrx_word' id='word_1_834' title='bbox 2716 5327 2910 5384; x_wconf 79' lang='lat' dir='ltr'><strong>sciant,</strong></span> <span class='ocrx_word' id='word_1_835' title='bbox 2944 5325 2998 5371; x_wconf 88' lang='lat' dir='ltr'><strong>et</strong></span> <span class='ocrx_word' id='word_1_836' title='bbox 3021 5315 3120 5372; x_wconf 88' lang='lat' dir='ltr'><strong>sibi</strong></span> <span class='ocrx_word' id='word_1_837' title='bbox 3149 5315 3422 5384; x_wconf 72' lang='lat' dir='ltr'><strong>subiectas</strong></span> 
     </span>
    </p>
   </div>
   <div class='ocr_carea' id='block_1_114' title="bbox 1833 5405 3418 5480">
    <p class='ocr_par' dir='ltr' id='par_1_114' title="bbox 1833 5405 3418 5480">
     <span class='ocr_line' id='line_1_114' title="bbox 1833 5405 3418 5480; baseline -0.006 -14"><span class='ocrx_word' id='word_1_838' title='bbox 1833 5411 2092 5466; x_wconf 81' lang='lat' dir='ltr'><strong>ecclesias</strong></span> <span class='ocrx_word' id='word_1_839' title='bbox 2133 5409 2532 5474; x_wconf 88' lang='lat' dir='ltr'><strong>administrent,</strong></span> <span class='ocrx_word' id='word_1_840' title='bbox 2574 5423 2868 5480; x_wconf 87' lang='lat' dir='ltr'><strong>earumque</strong></span> <span class='ocrx_word' id='word_1_841' title='bbox 2913 5423 3040 5464; x_wconf 89' lang='lat' dir='ltr'><strong>cura</strong></span> <span class='ocrx_word' id='word_1_842' title='bbox 3089 5416 3145 5462; x_wconf 88' lang='lat' dir='ltr'><strong>ct</strong></span> <span class='ocrx_word' id='word_1_843' title='bbox 3168 5405 3418 5459; x_wconf 89' lang='lat' dir='ltr'><strong>modera-</strong></span> 
     </span>
    </p>
   </div>
   <div class='ocr_carea' id='block_1_115' title="bbox 1834 5497 3419 5556">
    <p class='ocr_par' dir='ltr' id='par_1_115' title="bbox 1834 5497 3419 5556">
     <span class='ocr_line' id='line_1_115' title="bbox 1834 5497 3419 5556; baseline -0.003 0"><span class='ocrx_word' id='word_1_844' title='bbox 1834 5502 1981 5556; x_wconf 90' lang='lat' dir='ltr'><strong>mine</strong></span> <span class='ocrx_word' id='word_1_845' title='bbox 2025 5500 2266 5556; x_wconf 89' lang='lat' dir='ltr'><strong>contenti</strong></span> <span class='ocrx_word' id='word_1_846' title='bbox 2313 5500 2460 5556; x_wconf 87' lang='lat' dir='ltr'><strong>sint:</strong></span> <span class='ocrx_word' id='word_1_847' title='bbox 2492 5503 2824 5556; x_wconf 87' lang='lat' dir='ltr'><strong>constituant</strong></span> <span class='ocrx_word' id='word_1_848' title='bbox 2875 5506 3055 5554; x_wconf 89' lang='lat' dir='ltr'><strong>autem</strong></span> <span class='ocrx_word' id='word_1_849' title='bbox 3091 5497 3328 5552; x_wconf 89' lang='lat' dir='ltr'><strong>lectores</strong></span> <span class='ocrx_word' id='word_1_850' title='bbox 3361 5501 3419 5552; x_wconf 87' lang='lat' dir='ltr'><strong>et</strong></span> 
     </span>
    </p>
   </div>
   <div class='ocr_carea' id='block_1_116' title="bbox 1835 5583 3418 5659">
    <p class='ocr_par' dir='ltr' id='par_1_116' title="bbox 1835 5583 3418 5659">
     <span class='ocr_line' id='line_1_116' title="bbox 1835 5583 3418 5659; baseline -0.008 -9"><span class='ocrx_word' id='word_1_851' title='bbox 1835 5594 2216 5659; x_wconf 88' lang='lat' dir='ltr'><strong>subdiaconos,</strong></span> <span class='ocrx_word' id='word_1_852' title='bbox 2239 5600 2295 5646; x_wconf 88' lang='lat' dir='ltr'><strong>et</strong></span> <span class='ocrx_word' id='word_1_853' title='bbox 2319 5593 2636 5657; x_wconf 78' lang='lat' dir='ltr'><strong>exoreistas,</strong></span> <span class='ocrx_word' id='word_1_854' title='bbox 2668 5600 2930 5647; x_wconf 87' lang='lat' dir='ltr'><strong>eteorum</strong></span> <span class='ocrx_word' id='word_1_855' title='bbox 2959 5585 3284 5658; x_wconf 89' lang='lat' dir='ltr'><strong>promotioni</strong></span> <span class='ocrx_word' id='word_1_856' title='bbox 3307 5583 3418 5640; x_wconf 86' lang='lat' dir='ltr'><strong>suf-</strong></span> 
     </span>
    </p>
   </div>
   <div class='ocr_carea' id='block_1_117' title="bbox 1836 5676 3420 5753">
    <p class='ocr_par' dir='ltr' id='par_1_117' title="bbox 1836 5676 3420 5753">
     <span class='ocr_line' id='line_1_117' title="bbox 1836 5676 3420 5753; baseline -0.003 -15"><span class='ocrx_word' id='word_1_857' title='bbox 1836 5683 1999 5741; x_wconf 83' lang='lat' dir='ltr'><strong>ﬁcere</strong></span> <span class='ocrx_word' id='word_1_858' title='bbox 2027 5683 2365 5747; x_wconf 80' lang='lat' dir='ltr'><strong>existiment;</strong></span> <span class='ocrx_word' id='word_1_859' title='bbox 2396 5685 2766 5753; x_wconf 87' lang='lat' dir='ltr'><strong>presbyterum</strong></span> <span class='ocrx_word' id='word_1_860' title='bbox 2806 5689 2983 5736; x_wconf 87' lang='lat' dir='ltr'><strong>autem</strong></span> <span class='ocrx_word' id='word_1_861' title='bbox 3013 5684 3106 5730; x_wconf 87' lang='lat' dir='ltr'><strong>aut</strong></span> <span class='ocrx_word' id='word_1_862' title='bbox 3132 5676 3420 5733; x_wconf 86' lang='lat' dir='ltr'><strong>diaconum</strong></span> 
     </span>
    </p>
   </div>
   <div class='ocr_carea' id='block_1_118' title="bbox 1837 5767 3418 5841">
    <p class='ocr_par' dir='ltr' id='par_1_118' title="bbox 1837 5767 3418 5841">
     <span class='ocr_line' id='line_1_118' title="bbox 1837 5767 3418 5841; baseline -0.008 -7"><span class='ocrx_word' id='word_1_863' title='bbox 1837 5778 2088 5834; x_wconf 89' lang='lat' dir='ltr'><strong>ordinare</strong></span> <span class='ocrx_word' id='word_1_864' title='bbox 2119 5796 2222 5834; x_wconf 92' lang='lat' dir='ltr'><strong>non</strong></span> <span class='ocrx_word' id='word_1_865' title='bbox 2245 5778 2478 5831; x_wconf 86' lang='lat' dir='ltr'><strong>audeant</strong></span> <span class='ocrx_word' id='word_1_866' title='bbox 2498 5776 2614 5829; x_wconf 89' lang='lat' dir='ltr'><strong>sine</strong></span> <span class='ocrx_word' id='word_1_867' title='bbox 2639 5773 2892 5841; x_wconf 86' lang='lat' dir='ltr'><strong>episcopo</strong></span> <span class='ocrx_word' id='word_1_868' title='bbox 2916 5767 3164 5832; x_wconf 85' lang='lat' dir='ltr'><strong>civitatis,</strong></span> <span class='ocrx_word' id='word_1_869' title='bbox 3191 5767 3276 5823; x_wconf 90' lang='lat' dir='ltr'><strong>cui</strong></span> <span class='ocrx_word' id='word_1_870' title='bbox 3302 5767 3418 5836; x_wconf 84' lang='lat' dir='ltr'><strong>ipse</strong></span> 
     </span>
    </p>
   </div>
   <div class='ocr_carea' id='block_1_119' title="bbox 1836 5858 3414 5952">
    <p class='ocr_par' dir='ltr' id='par_1_119' title="bbox 1836 5858 3414 5952">
     <span class='ocr_line' id='line_1_119' title="bbox 1836 5858 3414 5952; baseline -0.012 -19"><span class='ocrx_word' id='word_1_871' title='bbox 1836 5889 1889 5933; x_wconf 85' lang='lat' dir='ltr'><strong>ct</strong></span> <span class='ocrx_word' id='word_1_872' title='bbox 1906 5875 2052 5946; x_wconf 81' lang='lat' dir='ltr'><strong>regio</strong></span> <span class='ocrx_word' id='word_1_873' title='bbox 2076 5869 2370 5942; x_wconf 69' lang='lat' dir='ltr'><strong>subjicitur.</strong></span> <span class='ocrx_word' id='word_1_874' title='bbox 2391 5866 2446 5923; x_wconf 88' lang='lat' dir='ltr'><strong>Si</strong></span> <span class='ocrx_word' id='word_1_875' title='bbox 2469 5865 2586 5936; x_wconf 86' lang='lat' dir='ltr'><strong>quis</strong></span> <span class='ocrx_word' id='word_1_876' title='bbox 2610 5873 2790 5920; x_wconf 83' lang='lat' dir='ltr'><strong>autem</strong></span> <span class='ocrx_word' id='word_1_877' title='bbox 2812 5875 2874 5918; x_wconf 85' lang='lat' dir='ltr'><strong>ea</strong></span> <span class='ocrx_word' id='word_1_878' title='bbox 2895 5874 3013 5952; x_wconf 65' lang='lat' dir='ltr'><strong>qua:</strong></span> <span class='ocrx_word' id='word_1_879' title='bbox 3031 5858 3250 5918; x_wconf 83' lang='lat' dir='ltr'><strong>deﬁnita</strong></span> <span class='ocrx_word' id='word_1_880' title='bbox 3271 5863 3414 5926; x_wconf 80' lang='lat' dir='ltr'><strong>sunt,</strong></span> 
     </span>
    </p>
   </div>
  </div>
