3946 6336
500 338 567 394 65

1764 318 2119 374 DIONYSIUS
2160 317 2484 376 EXIGUUS.

3723 331 3791 386 ει

497 452 755 522 αιρεῖσθαι
801 446 948 501 αὐτόν
990 448 1072 499 καί
1107 443 1164 505 ἧς
1210 446 1422 512 μετέχει
1475 450 1659 513 τιμῆς·
1695 440 2079 514 χωρεπίσκοποι

2197 438 2497 506 transgredi
2526 439 2739 502 audeat,
2774 441 2885 510 ipse
2914 457 3131 512 quoque
3157 443 3363 497 honore
3404 460 3563 514 quem
3595 449 3786 515 habet,

495 538 550 595 δέ
574 540 798 612 γίνεσθαι
825 538 924 592 ὑπὸ
949 542 1040 590 τοῦ
1063 543 1152 594 τῆς
1181 534 1393 597 πόλεως,
1473 532 1758 598 ὑπόκειται,
1779 532 2083 585 ἐπισκόπου.

570 698 626 767 ζ’.
657 693 813 755 Εἴτις
857 694 1138 753 ἐπίσκοπος
1167 689 1196 749 ἦ
1223 690 1575 762 πρεσϐύτερος
1599 688 1629 746 ἦ
1664 686 1789 747 ὅλως
1821 694 1909 741 τοῦ
1938 688 2088 740 κανό-

495 810 598 851 νος,
629 784 748 841 ἄνευ
791 787 995 857 γνώμης
1039 785 1124 835 καί
1163 782 1473 858 γραμμάτων
1509 785 1608 832 τῶν
1657 779 1708 832 ἐν
1754 786 1815 850 τῇ
1862 778 2090 853 ἐπαρχία

495 881 805 944 ἐπισκόπων,
828 882 915 933 καί
943 877 1165 949 μάλιστα
1191 879 1277 930 τοῦ
1305 875 1435 928 κατά
1460 876 1552 930 τήν
1576 869 1906 946 μητρόπολιν,
1938 870 2089 944 ὁρμη-

494 996 597 1032 σειε
628 975 758 1050 πρὸς
801 969 1019 1044 βασιλέα
1048 967 1295 1028 ἀπελθεῖν,
1326 971 1499 1019 τοῦτον
1526 962 1977 1037 ἀποκηρύττεσθαι
2005 963 2090 1014 καὶ

474 1068 778 1131 ἀπόϐλητον
803 1070 1053 1144 γίνεσθαι,
1081 1070 1135 1121 οὐ
1158 1067 1301 1138 μόνον
1321 1072 1412 1122 τῆς
1431 1063 1706 1125 κοινωνίας,
1730 1061 1855 1114 ἀλλά
1885 1061 1969 1112 καί
1994 1067 2089 1118 τῆς

457 4576 467 4591 ﬂ

463 4678 470 4687 ι

494 1167 659 1229 ἀξίας,
692 1161 748 1223 ἧς
780 1162 1014 1230 μετέχων
1040 1157 1314 1227 τυγχάνει,
1348 1157 1413 1213 ὡς
1440 1151 1783 1223 παρενοχλεῖν
1827 1151 2089 1220 τολμῶντα

494 1262 588 1318 τὰς
632 1262 723 1311 τοῦ
772 1253 1154 1323 θεοφιλεστάτου
1203 1247 1450 1321 βασιλέως
1491 1248 1630 1315 ἡμῶν
1681 1245 1831 1304 ἀκοάς
1870 1240 2085 1313 [ἀκοαῖς]

494 1352 637 1425 παρὰ
661 1348 743 1403 τὸν
784 1348 967 1418 θεσμόν
1004 1352 1094 1402 τῆς
1138 1343 1424 1400 ἐκκλησίας.
1454 1342 1512 1391 Εἰ
1539 1337 1590 1393 δέ
1622 1340 1873 1409 ἀναγκαία
1918 1339 2085 1395 καλοίη

495 1444 653 1515 χρεία
674 1442 803 1515 πρὸς
831 1438 1040 1510 βασιλέα
1064 1435 1242 1509 όρμᾷν,
1267 1440 1419 1489 τοῦτο
1441 1434 1682 1508 πράττειν
1701 1434 1831 1501 μςτά
1858 1430 2087 1501 σκέψεως·

495 1540 578 1591 καὶ
604 1538 802 1607 γνώμης
829 1539 915 1587 τοῦ
942 1531 1071 1585 κατά
1098 1534 1189 1586 τὴν
1217 1526 1524 1600 μητρόπολιν
1547 1534 1645 1584 τῆς
1678 1526 1938 1598 ἐπαρχίας
1969 1526 2087 1576 ἐπι-

495 1628 709 1685 σκόπου,
737 1624 766 1682 ἦ
793 1630 892 1678 τῶν
920 1622 968 1674 ἐν
1005 1620 1153 1692 αὐτῇ,
1184 1625 1291 1677 τοῖς
1325 1637 1379 1670 τε
1416 1617 1611 1670 τούτων
1636 1615 1935 1687 γράμμασιν
1961 1614 2087 1685 ἐφο-

495 1717 771 1778 διάζεσθαι.

2196 530 2454 599 privetur.
2487 528 2916 602 Chorepiscopus
2948 542 3129 588 autem
3160 534 3252 588 Iiat
3272 535 3338 590 ab
3360 538 3618 610 episcopo
3649 542 3781 596 civi~

2198 622 2343 680 tatis.
2377 623 2465 677 cui
2495 623 2798 692 subjicitur.

2267 709 2377 765 XC.
2412 743 2481 751 —
2523 713 2605 765 II.
2643 712 2697 768 Si
2733 715 2852 782 quis
2881 715 3164 785 episcopus
3211 717 3296 770 vel
3348 719 3647 791 presbyter,
3700 724 3786 778 vel

2193 801 2414 857 omnino
2444 819 2509 856 ex
2541 820 2769 871 canone,
2820 805 2934 859 sine
2964 820 3231 861 consensu
3268 817 3322 863 et
3348 810 3541 867 litteris
3567 813 3786 882 episco-

2194 908 2387 965 porum
2419 897 2728 964 provincim,
2779 906 2833 951 et
2862 898 3095 953 maxime
3134 903 3556 970 metropolitani,
3587 906 3653 959 ad
3686 907 3791 960 im-

2194 993 2501 1054 peratorem
2530 984 2793 1055 proﬁcisci
2827 1001 3110 1054 aggressus
3140 987 3335 1043 fuerit:
3365 991 3408 1044 is
3428 992 3713 1048 abdicetur
3732 1007 3791 1049 et

2193 1075 2437 1144 ejiciatur
2465 1092 2571 1131 non
2612 1078 2783 1131 solum
2815 1094 2845 1131 a
2874 1080 3279 1143 communione,
3324 1082 3419 1136 sed
3448 1084 3611 1138 etiam
3642 1101 3671 1139 a
3702 1085 3785 1139 di-

2192 1168 2415 1235 gnitate,
2448 1168 2599 1237 cujus
2625 1169 2895 1239 particeps
2921 1170 3131 1224 videtur
3159 1172 3393 1227 existere
3419 1193 3429 1225 :
3465 1184 3524 1228 ut
3544 1177 3635 1244 qui
3665 1178 3786 1230 reli-

2191 1260 2477 1328 giosissimi
2508 1260 2849 1329 imperatoris
2888 1261 3058 1315 nostri
3106 1262 3323 1317 auribus
3352 1264 3655 1320 molestiam
3706 1266 3785 1320 af-

2192 1350 2335 1406 ferre
2380 1351 2575 1405 audeat
2623 1361 2812 1406 contra
2859 1361 3118 1407 statutum
3157 1353 3431 1410 Ecclesiae.
3492 1357 3547 1412 Si
3602 1370 3785 1414 autem

2192 1443 2339 1497 adire
2368 1442 2750 1513 imperatorem
2778 1445 3078 1499 necessaria
3106 1461 3268 1500 causa
3299 1448 3495 1514 exigat,
3530 1449 3635 1503 hoc
3661 1464 3788 1517 aga-

2192 1540 2280 1588 tur
2308 1549 2429 1588 cum
2472 1534 2861 1589 deliberatione
2910 1542 2966 1589 et
2995 1538 3262 1591 sententia
3294 1540 3531 1610 episc0pi
3574 1552 3783 1597 metro-

2190 1623 2415 1693 politani
2442 1625 2751 1693 provincia},
2791 1624 2881 1678 vel
2910 1625 3289 1695 episcoporum
3323 1630 3415 1697 qui
3445 1639 3572 1703 sunt
3607 1631 3661 1685 in
3690 1647 3786 1686 ea-

2190 1714 2312 1769 dem
2345 1715 2642 1783 provincia,
2666 1724 2722 1769 et
2750 1730 2871 1769 cum
2901 1730 3086 1768 eorum
3116 1717 3309 1771 litteris
3332 1718 3729 1786 proﬁciscatur.

569 1808 658 1863 [α’.
686 1806 744 1861 Εἴ
761 1827 835 1865 τις
856 1806 958 1858 ὑπό
978 1810 1070 1857 τοῦ
1093 1800 1218 1854 ἰδίου
1245 1798 1520 1853 ἐπισκόπου
1540 1798 1844 1870 καθαιρεθείς
1865 1796 2079 1872 πρεσϐύ-

2262 1804 2394 1861 XCI.
2423 1838 2493 1847 —
2525 1805 2609 1859 I2.
2651 1804 2707 1859 Si
2735 1806 2855 1874 quis
2884 1820 2915 1858 a
2945 1806 3163 1874 proprio
3193 1807 3450 1877 episcopo
3480 1809 3779 1878 depositus,

496 1920 639 1973 τερος
666 1898 697 1957 ἧ
726 1896 968 1958 διάκονος,
991 1892 1021 1950 ἦ
1046 1894 1130 1945 καί
1160 1891 1441 1948 ἐπίσκοπος
1469 1888 1570 1941 ὑπό
1600 1884 1838 1946 συνόδου.
1870 1886 2086 1955 ἐνοχλῆ-

496 2016 586 2048 σαι
627 1991 893 2062 τολμήσετε
938 1986 1031 2045 τὰς
1078 1982 1324 2053 βασιλέως
1371 1981 1527 2038 ἀκοὰς
1568 1974 1816 2048 [demat].
1849 1976 1958 2031 δέον
2004 1977 2087 2030 ἐπὶ

495 2086 694 2153 μείζονα
736 2078 1026 2132 ἐπισκῦπίιν
1071 2071 1280 2127 σύνοδον
1326 2070 1634 2144 τρέπεσθαι,
1691 2070 1771 2120 καί
1820 2067 1851 2120 ά
1896 2070 2086 2137 νομίζει

493 2173 664 2227 δίκαια
696 2170 858 2240 ἔχειν,
893 2165 1293 2239 προσ-ἀναφέρειν
1316 2162 1538 2215 πλείοσιν
1560 2160 1869 2227 ἐπισκόποις,
1895 2164 1976 2213 καὶ
1998 2166 2085 2218 την

494 2263 616 2339 παρ’
647 2264 816 2316 αὐτῶν
848 2258 1070 2321 ἐξέτασίν
1098 2275 1151 2307 τε
1184 2255 1263 2305 καί
1288 2253 1539 2327 ἐπίκρισιν
1578 2248 1902 2319 ἐκδέχεσθαι.
1944 2254 2003 2303 Εἰ
2030 2249 2083 2304 δέ

495 2358 686 2411 τοςιτων
714 2351 1051 2422 ὀλιγωρήσας,
1080 2344 1404 2412 ἐνοχλήσειεν
1432 2349 1502 2410 τῷ
1536 2340 1762 2407 βασιλεῖ,
1795 2344 1881 2393 καί
1909 2348 2084 2394 τοῦτον

496 2444 621 2515 μηδὲ
651 2446 771 2513 μιᾶς
798 2440 1100 2507 συγγνώμης
1134 2434 1412 2494 ἀξιοῦσθαι,
1445 2428 1570 2498 μηδέ
1604 2433 1782 2501 χώραν
1811 2430 2085 2500 ἀπολογίας

497 2535 656 2605 ἔχειν,
679 2529 801 2601 μηδέ
840 2524 1017 2581 ἐλπίδα
1043 2524 1321 2593 μελλούσης
1351 2523 1816 2579 ἀποκαταστάσεως
1862 2518 2077 2591 προσδο-

496 2631 582 2679 κᾶν
590 2661 602 2674 .

536 2683 544 2695 ’
572 2703 662 2772 ἐξ.
689 2698 884 2757 Μηδένα
909 2697 1188 2751 ἐπίσκοπον
1203 2692 1386 2765 τολμᾷν
1416 2690 1497 2762 ἀφ’
1521 2690 1696 2761 ἐτέρας
1723 2691 1983 2764 ἐπαρχίας
2012 2696 2084 2753 εἰς

496 2798 669 2865 ἑτέραν
720 2789 1068 2863 μεταϐαίνειν,
1099 2788 1183 2838 καὶ
1226 2789 1540 2858 χειροτονεῖν
1579 2784 1628 2837 ἐν
1672 2783 1908 2856 ἐκκλησίᾳ
1942 2785 2083 2843 τινάς

496 2892 566 2949 εἰς
593 2888 895 2961 προαγωγὴν
932 2880 1269 2952 λειτουργίας,
1300 2874 1426 2947 μηδέ
1457 2878 1499 2929 εἰ
1541 2876 1876 2947 συνεπάγοιτο
1915 2876 2080 2946 ἐαυτῷ

495 2980 698 3053 ἐτέρους
726 3018 739 3041 ,
783 2976 825 3027 εἰ
866 2976 934 3043 μη
974 2969 1304 3043 παρακληθεὶς
1354 2968 1591 3037 ἀφήκοιτο
1636 2964 1718 3020 διά
1764 2968 2079 3041 γραμμάτων

496 3077 585 3124 τοῦ
618 3088 671 3123 τε
702 3062 1072 3138 μητροπολίτου
1103 3062 1185 3113 καί
1221 3065 1319 3113 τῶν
1363 3061 1457 3112 σὺν
1498 3058 1638 3128 αὐτῷ
1672 3058 1985 3122 ἐπισκόπων,
2011 3055 2078 3111 ὧν

2189 1896 2471 1967 presbyter
2490 1897 2575 1950 vel
2597 1896 2875 1964 diaconus,
2898 1896 2983 1950 vel
3006 1897 3290 1967 episcopus
3311 1915 3341 1952 a
3365 1902 3589 1971 synodo,
3613 1919 3780 1960 ausus

2188 1984 2351 2042 fuerit
2398 1987 2740 2056 imperatoris
2788 1987 3007 2049 auribus
3037 1988 3340 2044 molestiam
3391 1991 3601 2059 atl‘crre,
3653 2010 3779 2050 cum

2190 2084 2443 2146 oporteat
2471 2077 2537 2131 ad
2561 2078 2823 2146 majorem
2852 2079 3115 2148 synodum
3144 2082 3408 2149 converti,
3435 2090 3488 2135 et
3513 2083 3601 2151 jus
3631 2086 3779 2152 quod

2190 2184 2249 2224 se
2272 2169 2472 2223 habere
2497 2176 2670 2237 putat,
2704 2167 2771 2222 ad
2798 2169 2976 2237 plures
3005 2170 3287 2239 episcopos
3318 2171 3538 2236 referre,
3565 2188 3787 2227 eorum-

2188 2275 2293 2331 que
2323 2260 2778 2315 examinationem
2809 2268 2864 2313 et
2885 2259 3143 2328 judicium
3174 2261 3463 2331 suscipere.
3498 2261 3554 2316 Si
3592 2264 3781 2333 itaque

2188 2352 2270 2405 his
2299 2351 2645 2419 contemptis,
2691 2351 3002 2419 imperatori
3032 2352 3290 2407 molestus
3332 2353 3509 2417 fuerit,
3552 2354 3596 2409 is
3627 2355 3777 2411 nulla

2186 2441 2343 2495 venia
2373 2440 2585 2509 dignus,
2639 2456 2813 2509 neque
2859 2440 2941 2495 sui
2970 2440 3289 2497 defendendi
3335 2444 3510 2499 locum
3552 2446 3776 2516 habeat,

2187 2546 2288 2586 nec
2314 2546 2466 2601 spem
2494 2531 2853 2586 restitutionis
2879 2541 3170 2602 exspectet.

2255 2702 2410 2759 XCII.
2448 2705 2534 2759 15.
2565 2705 2750 2760 Nullus
2778 2706 3061 2777 cpisc0pus
3091 2706 3285 2762 audeat
3313 2708 3379 2763 ab
3415 2726 3521 2764 una
3551 2715 3775 2782 provin-

2185 2795 2268 2852 cia
2296 2796 2351 2849 in
2380 2796 2540 2849 aliam
2566 2796 2813 2860 transire,
2864 2804 2917 2850 et
2959 2798 3026 2850 ad
3054 2798 3454 2866 promotionem
3482 2802 3775 2861 ministerii

2183 2888 2393 2959 aliquos
2420 2888 2475 2941 in
2505 2886 2743 2942 Ecclesia
2773 2888 3048 2955 ordinare,
3088 2905 3186 2945 nec
3216 2891 3260 2944 si
3291 2891 3425 2947 alios
3454 2908 3558 2946 una
3587 2910 3776 2950 secum

2183 2977 2419 3042 inducat,
2451 2977 2551 3031 nisi
2576 2976 2995 3033 veneritlitteris
3027 2980 3318 3034 accersitus
3343 2984 3775 3052 metropolitani,

2181 3076 2236 3122 et
2264 3068 2642 3137 episcoporum
2668 3067 2758 3136 qui
2787 3075 2911 3120 sunt
2942 3082 3065 3122 cum
3096 3069 3235 3137 ipso,
3258 3070 3310 3123 in
3339 3084 3568 3138 quorum
3593 3075 3777 3141 regio-

495 3167 564 3222 εἰς
608 3166 696 3219 τήν
740 3162 920 3232 χώραν
966 3154 1302 3230 παρέρχοιτο.
1350 3152 1407 3201 Εἰ
1453 3148 1506 3203 δέ
1556 3147 1768 3220 μηδενός
1807 3150 2078 3209 καλοῦντος

2190 3172 2309 3213 nem
2338 3156 2567 3213 accedit.
2598 3154 2657 3211 Si
2680 3163 2859 3210 autem
2883 3158 3031 3212 nullo
3060 3170 3311 3227 vocante,
3346 3162 3648 3236 inordinate
3676 3166 3776 3219 ad-

495 3253 693 3307 agaso.
725 3252 959 3305 ἀτάκτως
986 3245 1068 3297 ἐπί
1116 3244 1408 3319 χειροθεσίᾳ
1454 3246 1621 3306 τινῶν,
1657 3242 1741 3293 καὶ
1768 3240 2083 3305 καταστάσει

495 3352 593 3401 τῶν
623 3344 1042 3399 ἐκκλησιαστικῶν
1080 3336 1396 3409 πραγμάτων
1426 3337 1496 3403 μὴ
1538 3330 1894 3407 προσηκόντων
1925 3332 2082 3402 αὐτῷ,

496 3435 667 3508 ἄκυρα
708 3436 796 3502 μὲν
838 3432 902 3485 τά
941 3427 1031 3482 ὑπ’
1059 3428 1220 3480 αὐτοῦ
1269 3424 1603 3499 πεπραγμένα
1652 3423 1955 3494 τυγχάνειν·
1999 3426 2084 3478 καί

495 3528 649 3583 αὐτόν
672 3526 721 3579 δέ
747 3524 966 3592 ὑπέχειν
994 3527 1084 3578 τῆς
1112 3519 1326 3581 ἀταξίας
1370 3518 1531 3570 αὐτοῦ
1561 3519 1645 3569 καί
1670 3523 1761 3574 τῆς
1785 3514 2081 3589 παραλόγου

494 3620 869 3690 ἐπιχειρήσεως
913 3618 1005 3671 τήν
1047 3614 1412 3686 προσήκουσαν
1450 3606 1609 3672 δίκην,
1638 3606 1978 3681 καθῃρημένον
2005 3606 2084 3661 ἐν·

494 3711 665 3767 τεῦθεν
691 3707 787 3767 ἤδη
816 3706 916 3760 ὑπὸ
940 3713 1032 3764 τῆς
1059 3703 1206 3774 ἁγίας
1237 3699 1479 3757 συνόδου.

568 3798 654 3872 ζγ’.
702 3797 765 3852 Εῗ
786 3818 864 3857 τις
905 3798 1177 3854 ἐπίσκοπος
1220 3794 1304 3848 ἐπί
1342 3812 1477 3849 τισιν
1523 3791 1795 3862 ἐγκλήμασι
1839 3791 2076 3863 κρίνοιτο,

495 3893 527 3947 ἴ
530 3912 681 3949 πειτα
722 3889 950 3960 συμϐαίη
991 3889 1110 3961 περὶ
1146 3887 1305 3939 αὐτοῦ
1352 3882 1612 3953 διαφωνεῖν
1639 3882 1757 3941 τοὺς
1786 3882 1835 3933 ἐν
1864 3878 1988 3950 [ἐπὶ]
2016 3888 2078 3953 τῇ

493 3985 729 4058 ἐπαρχίᾳ
753 3977 1083 4037 ἐπισκόπους,
1109 3982 1210 4027 τῶν
1238 3976 1328 4042 μέν
1355 3973 1513 4025 ἀθῶον
1534 3970 1616 4025 τὸν
1642 3970 1916 4047 κρινόμενον
1946 3971 2076 4024 ἀπο·

493 4047 784 4145 έαινόντων,
816 4075 914 4120 τῶν
953 4064 1005 4121 δὲ
1036 4064 1239 4134 ἔνοχον,
1280 4062 1411 4136 ὑπὲρ
1441 4062 1737 4132 ἀπαλλαγῆς
1779 4062 1947 4121 πάσης
1980 4063 2079 4132 ἀμ·

493 4162 867 4233 φισϐητλὸσεως,
887 4154 1027 4219 ἔδοξε
1054 4162 1114 4229 τῇ
1138 4152 1258 4226 ἁγίᾳ
1281 4148 1474 4221 συνόδῳ
1496 4153 1578 4206 τόν
1604 4160 1692 4212 τῆς
1720 4153 2077 4225 μητροπόλεως

492 4253 796 4313 ἐπίσκοπον,
828 4248 929 4302 ἀπό
952 4254 1043 4305 τῆς
1073 4243 1440 4317 πλησιοχώρου
1481 4242 1744 4312 ἐπαρχίας
1785 4244 2077 4312 μετακαλεῖ-

492 4347 612 4399 σθαι
643 4343 845 4415 ἐτέρους
874 4340 1012 4400 τινάς
1038 4339 1159 4397 τοὺς
1191 4337 1553 4409 ἐπικρίνοντας.
1584 4337 1665 4387 καὶ
1689 4338 1778 4391 τήν
1817 4336 2074 4407 ἀμφισϐή-

490 4457 637 4495 τησιν
662 4432 981 4495 διαλύοντας,
1010 4435 1101 4484 τοῦ
1132 4428 1416 4500 βεϐαιῶσαι
1437 4430 1530 4479 σὺν
1560 4434 1665 4487 τοῖς
1694 4434 1783 4485 τῆς
1816 4427 2073 4503 ἐπαρχίας

490 4528 546 4583 τὸ
576 4524 975 4603 παριστάμενον.

562 4617 644 4688 ξδ’.
670 4616 733 4671 Εἴ
747 4637 825 4675 τις
846 4615 1119 4671 ἐπίσκοπος
1141 4610 1224 4665 ἐπί
1240 4630 1372 4665 τισιν
1392 4607 1672 4681 ἐγκλήμασι
1691 4607 2067 4681 κατηγορηθεὶς,

489 4713 672 4783 κριθείη
698 4708 801 4761 ὑπὸ
829 4708 1030 4760 πάντων
1056 4711 1154 4758 τῶν
1182 4705 1229 4756 ἐν
1250 4709 1312 4775 τῇ
1344 4703 1577 4777 ἐπαρχίᾳ
1604 4702 1918 4766 ἐπισκοπῶν,
1950 4701 2071 4753 πάν-

489 4821 573 4860 τες
617 4819 671 4853 τε
724 4799 985 4868 σύμφωνοι
1031 4798 1149 4865 μίαν
1198 4794 1488 4847 κατάὐτοῦ
1537 4793 1830 4863 ἐξενέγκοιεν
1874 4789 2065 4862 ψῆφον·

489 4898 662 4947 τοῦτον
698 4889 875 4961 μηκέτι
918 4887 1040 4960 παρ’
1056 4886 1243 4959 ἑτέροις
1287 4883 1741 4949 δικάζεσθαι,ἀλλά
1780 4885 1940 4954 μένειν
1983 4885 2071 4955 βε·-

491 4982 636 5034 εαίαν
674 4984 763 5038 την
798 4976 1066 5050 σῦμφωνον
1093 4984 1193 5031 τῶν
1218 4977 1303 5029 ἐπί
1348 4984 1438 5035 τῆς
1487 4978 1744 5049 ἐπαρχίας
1781 4977 2070 5032 ἐπισκόπων

487 5070 760 5142 ἀπόφασιν.

560 5162 639 5232 μ’.
671 5159 734 5216 Εἴ
763 5181 841 5221 τις
876 5162 1154 5219 ἐπίσκοπος
1178 5154 1454 5230 σχολάζων
1494 5156 1576 5210 ἐπί
1607 5157 1964 5227 σχολάζουσαν
1997 5160 2067 5212 ἐκ·

486 5246 694 5314 κλησίαν
734 5251 909 5307 ἔαυτόν
944 5248 1246 5326 ἐπιρρίψας,
1278 5249 1564 5321 ὐφαρπάζοι
1602 5251 1687 5302 τόν
1725 5250 1893 5320 θρόνον
1935 5249 2066 5319 δίχα

482 5343 698 5403 συνόδου
711 5344 921 5404 τελείας,
933 5348 1108 5397 τοῦτον
1119 5340 1404 5396 ἀπόϐλητον
1421 5336 1564 5401 εἶναι,
1592 5343 1675 5394 καί
1692 5344 1732 5394 εἰ
1752 5346 1855 5400 πᾶς
1872 5340 1897 5396 ό
1922 5342 2061 5407 λαός,

481 5436 536 5492 ἂν
560 5439 886 5514 ὑφήρπασεν,
914 5434 1069 5490 ἕλοιτο
1106 5430 1271 5489 αὐτόν·
1301 5433 1487 5486 τελείαν
1513 5430 1565 5486 δέ
1591 5436 1773 5492 ἐκείνην
1801 5430 1925 5488 εἶναι
1946 5437 2067 5490 σύνο

481 5530 614 5597 οδον,
699 5528 789 5602 [εἰς
816 5526 896 5597 ἣν]
917 5527 1245 5602 συμπάρεστι
1277 5529 1361 5580 καί
1385 5526 1410 5582 ό
1432 5534 1521 5586 τῆς
1543 5527 1917 5601 μητροπόλεως.

554 5704 647 5773 ές.
678 5704 744 5756 Εἴ
764 5724 842 5765 τις
872 5705 1145 5765 ἐπίσκοπος
1177 5704 1500 5774 χειροθεσίαν
1529 5701 1652 5774 παρ’
1679 5701 1956 5755 ἐπισκόπου
1978 5701 2066 5757 λα-

476 5795 611 5865 ΐὼν,
631 5796 713 5857 καὶ
733 5793 955 5867 όρισθεὶς
984 5797 1291 5867 προιστάναι
1318 5795 1472 5862 λαοῦ,
1505 5798 1573 5861 μὴ
1607 5791 1928 5858 καταδέξοιτο
1966 5798 2052 5852 τὴν

2097 4562 2148 4623 D

2185 3249 2385 3315 veniat,
2411 3248 2478 3302 ad
2507 3247 2810 3318 aliquorum
2840 3248 3255 3316 ordinationem,
3301 3260 3353 3305 et
3381 3253 3776 3309 ecclesiastica-

2186 3356 2306 3396 rum
2331 3356 2533 3405 rerum,
2565 3340 2633 3394 ad
2659 3354 2719 3395 se
2750 3354 2857 3393 non
2879 3342 3284 3410 pertinentium,
3302 3345 3771 3415 constitutionem,

2181 3434 2293 3489 sint
2332 3433 2551 3503 quidem
2583 3433 2732 3487 irrita
2764 3446 2883 3503 qua)
2912 3433 2978 3487 ab
3027 3433 3143 3504 ipso
3173 3444 3468 3502 geruntur:
3496 3440 3611 3506 ipse
3640 3455 3771 3495 vero

2184 3540 2292 3580 sum
2320 3524 2689 3595 perversitatis
2742 3530 2796 3578 et
2842 3531 3037 3593 praeter
3075 3525 3338 3580 rationem
3366 3524 3519 3581 factae
3548 3542 3771 3598 aggres-

2183 3616 2350 3672 sionis
2379 3614 2586 3671 debitas
2618 3630 2806 3685 poenas
2834 3613 2944 3681 det,
2978 3615 3171 3670 exinde
3196 3616 3401 3672 scilicet
3421 3632 3451 3671 a
3482 3628 3665 3673 sancta
3689 3637 3773 3692 sy-

2182 3705 2325 3761 nodo
2350 3704 2646 3774 depositus.

2252 3795 2431 3849 XCIII.
2462 3828 2533 3836 —
2557 3794 2641 3847 II.
2677 3793 2733 3848 Si
2762 3794 2880 3862 quis
2908 3794 3192 3864 episcopus
3220 3793 3286 3850 de
3314 3796 3631 3866 quibusdam
3662 3801 3774 3854 cri-

2181 3887 2414 3941 minibus
2438 3886 2725 3954 jiidicetur,
2777 3884 2971 3939 deinde
3001 3887 3277 3956 contingat
3317 3890 3598 3958 episcopos
3641 3908 3770 3962 pro-

2181 3977 2369 4032 vincite
2398 3977 2469 4032 de
2498 3992 2564 4032 eo
2588 3976 2866 4041 dissidere,
2904 3977 3008 4031 illis
3035 3978 3251 4046 quidem
3281 3995 3403 4035 eum
3433 3982 3499 4037 de
3524 3998 3629 4052 quo
3659 3985 3769 4039 Ier-

2181 4076 2268 4122 tur
2293 4068 2581 4133 sententia,
2628 4068 2968 4122 innocentem
2996 4071 3485 4140 pronuntiantibus,
3517 4074 3599 4130 bis
3633 4091 3768 4132 vero

2178 4173 2370 4214 reum:
2404 4175 2502 4229 pro
2551 4166 2662 4213 tota
2710 4160 3082 4228 componenda
3125 4165 3511 4231 controversia,
3561 4167 3769 4237 placuit

2177 4260 2377 4305 sancta:
2400 4251 2628 4322 synodo,
2660 4258 2719 4305 ut
2747 4251 3029 4322 episcopus
3057 4255 3503 4325 metropolitanus
3531 4271 3561 4312 e
3586 4259 3765 4315 vicina

2178 4342 2452 4411 provincia
2475 4342 2682 4411 judices
2720 4343 2854 4397 alios
2882 4354 3161 4411 convocet,
3214 4346 3306 4416 qui
3335 4352 3763 4408 controversiam

2177 4432 2389 4500 tollant,
2420 4442 2473 4488 et
2501 4433 2645 4502 quod
2691 4449 2812 4489 cum
2842 4437 3130 4505 provinciae
3160 4439 3428 4509 episcopis
3474 4442 3765 4511 probatum

2177 4520 2358 4587 fuerit,
2387 4522 2691 4578 confirmet.

2245 4611 2423 4667 XCIV.
2454 4646 2528 4655 --
2556 4612 2644 4667 I5.
2674 4611 2732 4667 Si
2773 4614 2893 4684 quis
2921 4614 3207 4685 episcopus
3235 4617 3535 4688 aliquorum
3575 4621 3763 4676 crimi-

2174 4718 2300 4757 num
2322 4711 2621 4766 accusatus,
2654 4704 2721 4759 ab
2747 4705 2996 4760 omnibus
3018 4708 3309 4776 provincia
3335 4711 3601 4782 episc0pis
3627 4729 3763 4769 con-

2173 4791 2455 4847 demnatus
2509 4793 2706 4860 fuerit,
2776 4802 2831 4850 et
2878 4810 3068 4850 omnes
3116 4812 3279 4852 unam
3329 4804 3762 4863 consentientem

2173 4880 2431 4936 adversus
2457 4898 2579 4937 eum
2610 4886 2931 4939 sententiam
2975 4888 3195 4941 tulerint
3222 4908 3234 4942 :
3268 4890 3313 4945 is
3339 4908 3409 4947 ne
3437 4894 3663 4963 amplius
3691 4898 3762 4953 ab

2174 4973 2292 5026 aliis
2315 4974 2585 5043 judicetur
2610 4994 2621 5030 :
2647 4977 2741 5031 sed
2762 4979 3049 5048 provinciae
3072 4982 3447 5053 episcoporum
3478 4986 3627 5041 Iirma
3652 5005 3761 5045 ma-

2174 5073 2301 5119 neat
2325 5066 2611 5120 sententia.

2216 5153 2402 5215 .XCV.
2434 5154 2617 5225 -,16.
2649 5155 2705 5211 Si
2733 5157 2853 5226 quis
2895 5160 3179 5231 episcopus
3208 5178 3426 5232 vacans,
3478 5166 3529 5220 in
3574 5170 3757 5225 eccle-

2173 5246 2307 5301 siam
2334 5255 2614 5301 vacantem
2652 5247 2885 5317 seipsum
2934 5249 3200 5318 injiciens,
3247 5254 3535 5321 arripuerit
3570 5257 3757 5316 sedem

2172 5339 2375 5405 absque
2420 5336 2657 5406 perfecta
2714 5337 2947 5408 synodo,
2995 5340 3137 5395 hunc
3186 5342 3558 5412 expellendum
3609 5360 3755 5414 esse,

2171 5427 2379 5482 etiamsi
2409 5428 2583 5481 omnis
2613 5428 2860 5498 populus,
2892 5446 3051 5501 quem
3082 5432 3327 5502 arripuit,
3359 5449 3479 5489 eum
3507 5436 3755 5505 elegerit.

2170 5517 2411 5574 Perfecta
2438 5534 2567 5573 vero
2595 5522 2831 5591 synodus
2858 5523 2946 5577 illa
2977 5532 3075 5591 est,
3110 5526 3195 5579 cui
3225 5527 3448 5583 interest
3468 5536 3523 5583 et
3542 5540 3755 5588 metro-

2165 5612 2433 5681 politanus
2460 5614 2759 5683 episcopus.

2234 5700 2410 5756 XCVI.
2445 5734 2510 5744 -
2541 5702 2625 5756 I7.
2658 5703 2712 5757 Si
2755 5705 2873 5773 quis
2915 5706 3220 5776 episcopus,
3265 5718 3485 5780 accepta
3519 5711 3747 5780 imposi-

2161 5796 2306 5853 tionc
2337 5811 2587 5853 manuum
2620 5798 2685 5853 ab
2708 5799 2962 5872 episcopo
2989 5808 3039 5856 et
3065 5802 3265 5871 populo
3288 5818 3514 5865 umesse
3533 5805 3740 5875 jussus,
