3946 6336
132 354 198 408 65
1072 343 1301 400 CODEX
1338 343 1663 400 CANONUM
1695 343 2059 400 UNIVERSIE
2097 344 2472 403 ECCLESIE.
3342 353 3412 410 06

132 463 482 537 λειτουργίαν,
523 460 650 533 μηδέ
677 461 893 516 πείθοιτο
929 461 1130 515 ἀπιέναι
1167 464 1237 521 εἰς
1279 463 1368 519 τήν
1399 461 1734 534 ἐγχειρισθεῖ-

1856 457 2190 512 ninisterium
2227 474 2334 514 non
2361 459 2676 530 susceperit,
2728 473 2902 530 neque
2933 461 3261 531 acquieverit
3283 480 3411 534 pro-

136 580 232 613 σαν
258 557 407 626 αὐτῷ
435 553 707 611 ἐκκλησίαν
723 591 746 623 ,⁵
765 559 946 606 τοῦτον
982 546 1110 605 εἶναι
1147 552 1502 613 ἀκοινώνητον,
1543 547 1648 603 ἴστ’
1673 544 1730 600 ἂν

135 646 477 718 ἀναγκασθείς
502 641 851 706 καταδέξοιτο,
875 639 1266 711 [καταδέξηται],
1299 640 1328 700 ἢ
1355 641 1519 716 ὁρίσοι
1548 663 1596 696 τι
1616 642 1735 714 περὶ

136 742 290 795 αὐτοῦ
318 740 350 794 ἡ
374 737 541 790 τελεία
569 731 779 795 σύνοδος
805 739 906 788 τῶν
935 734 1068 787 κατά
1105 736 1194 790 τήν
1239 729 1499 805 ἐπαρχίαν
1534 728 1736 784 ἐπισκό-

139 852 264 886 πων.

205 927 294 994 έζ.
329 923 396 978 Εἴ
416 945 497 985 τις
536 925 820 981 ἐπίσκοπος
857 918 1229 992 χειροτονηθείς
1269 920 1338 976 εἰς
1367 917 1632 990 παροικίαν
1666 919 1736 985 μή

139 1017 342 1070 ἆπῦὓοι
370 1018 442 1074 εἰς
463 1015 524 1070 ἢν
550 1010 885 1082 χειροτονήθη
926 1003 1350 1081 [ἐχειροτονήθγὼ
1385 1007 1439 1058 ού
1474 1004 1615 1078 παρά
1645 1010 1737 1063 τὸν

138 1107 327 1160 ἐαυτοῦ
361 1107 558 1168 αἰτίαν,
586 1101 691 1156 ἀλλ’
720 1102 831 1160 ἤτοι
861 1099 944 1154 διὰ
969 1105 1055 1154 τήν
1087 1103 1176 1151 τοῦ
1197 1097 1317 1150 λαοῦ
1349 1101 1676 1170 παραίτησιν,
1709 1096 1740 1154 ἢ

142 1198 202 1253 δι’
223 1200 408 1271 ἑτέραν
433 1199 600 1251 αῗτίαν
626 1198 713 1248 οὐκ
738 1195 789 1257 ἐξ
813 1195 974 1247 αὐτοῦ
998 1191 1280 1265 γενομένην,
1303 1195 1480 1243 τοῦτον
1500 1189 1739 1258 μετέχειν

141 1300 228 1350 τίς
243 1299 398 1361 τιμῆς
420 1292 506 1344 καί
527 1296 616 1348 τῆς
639 1287 975 1361 λειτουργίας,
991 1284 1134 1353 μόνον
1154 1280 1304 1352 μηδὲν
1323 1281 1742 1356 παρενοχλοῦντα

142 1391 240 1442 τινες
279 1384 561 1456 πράγμασι
586 1388 677 1437 τῆς
724 1377 988 1436 ἐκκλησίας
1008 1413 1023 1437 ,
1051 1372 1165 1428 ἔνθα
1203 1369 1260 1425 ἂν
1289 1374 1572 1442 συνάγοιτο·
1606 1369 1742 1424 ἐκδέ-

144 1477 331 1547 χεσθαι
364 1471 419 1525 δέ
450 1476 657 1530 τοῦτον,
692 1463 717 1520 ὃ
757 1461 816 1519 ἄν
847 1467 876 1522 ἦ
910 1472 1000 1522 τῆς
1037 1463 1298 1536 ἐπαρχίας
1334 1462 1497 1515 τελεία
1528 1457 1742 1519 σύνοδος

143 1575 358 1640 κρίνασα
387 1564 445 1617 τὸ
475 1561 857 1634 παριστάμενον
889 1556 1064 1629 ὁρίσῃ.

209 1655 300 1724 ζη’.
327 1654 642 1707 Ἐπίσκοπον
685 1655 754 1721 μή
801 1648 1200 1722 χειροτονεῖσθαι
1244 1643 1375 1716 δίχα
1411 1643 1620 1699 συνόδου
1658 1648 1740 1699 καί

146 1753 436 1823 παρουσίας
448 1752 543 1799 τοῦ
566 1747 615 1798 ἐν
637 1750 699 1816 τῇ
724 1741 1032 1814 μητροπόλει
1052 1747 1140 1799 τῆς
1167 1740 1450 1814 ἐπαρχίας,
1479 1741 1660 1792 τούτου
1686 1735 1739 1792 δέ

1837 546 2000 603 ﬁcisci
2028 547 2093 601 ad
2121 549 2404 604 ecclesiam
2434 549 2533 602 sibi
2564 550 2924 614 commissam,
2949 551 3091 607 lnrue
3111 567 3418 606 excommu—

1838 637 2072 692 nicatum
2105 653 2223 693 esse
2253 637 2425 692 donec
2467 648 2692 694 coactus
2732 640 3008 711 suscipiat,
3061 649 3153 694 aut
3181 643 3310 710 petii
3333 649 3416 697 cta

1838 727 2074 796 synodus
2101 728 2474 796 episcOporum
2506 728 2794 796 provincia:
2823 729 2890 784 de
2927 730 3045 800 ipso
3095 729 3294 800 aliquid
3324 736 3417 784 de-

1841 816 2008 875 ﬁniat.

1912 906 2114 962 XCVII.
2146 943 2215 951 —
2249 909 2330 965 18.
2381 913 2436 966 Si
2478 913 2597 983 quis
2639 917 2924 982 episcopus
2964 913 3263 980 ordinatus,
3314 927 3421 968 non

1842 1001 2130 1056 accesserit
2169 1001 2235 1054 ad
2266 1003 2558 1070 parmciam
2603 1004 2689 1057 cui
2729 1013 2814 1057 est
2862 1004 3157 1068 ordinatus,
3188 1020 3295 1058 non
3324 1019 3420 1058 sua

1843 1090 2058 1160 quidem
2088 1092 2263 1161 culpa,
2313 1093 2405 1146 sed
2436 1102 2657 1163 propter
2697 1095 2877 1165 populi
2921 1094 3418 1158 contradictionem,

1843 1183 1929 1237 vel
1955 1181 2113 1236 aliam
2144 1198 2381 1248 causam,
2411 1200 2528 1253 qua:
2559 1200 2588 1239 a
2619 1200 2677 1239 se
2707 1202 2813 1240 non
2849 1188 3038 1250 oritur,
3072 1187 3116 1242 is
3143 1188 3210 1241 sit
3239 1197 3291 1242 et
3319 1187 3423 1242 ho-

1846 1274 1992 1328 noris
2015 1281 2070 1328 et
2098 1273 2380 1328 ministerii
2402 1274 2671 1345 particeps
2696 1275 2985 1330 dummodo
3018 1277 3147 1330 nihil
3168 1278 3421 1332 molestia!

1847 1365 2036 1420 afferat
2059 1367 2219 1422 rebus
2249 1366 2500 1421 Ecclesiae
2541 1367 2592 1421 in
2623 1383 2727 1439 qua
2757 1369 3028 1422 convenit.
3084 1367 3133 1424 Is
3163 1378 3342 1423 autem
3371 1368 3423 1423 id

1843 1457 2120 1528 suscipiat,
2143 1459 2286 1526 quod
2308 1456 2544 1529 perfecta
2567 1459 2854 1528 provinciae
2879 1459 3114 1530 synodus
3132 1459 3424 1528 judicando

1842 1549 2109 1602 statuerit.

1914 1637 2138 1693 XCVIII.
2168 1672 2242 1682 —
2271 1638 2357 1694 19.
2385 1638 2680 1711 Episcopus
2703 1656 2771 1696 ne
2793 1641 3072 1696 ordinetur
3115 1641 3318 1714 absque
3344 1658 3425 1713 sy-

1842 1730 1986 1786 nodo
2012 1739 2066 1784 et
2094 1733 2378 1799 prmsentia
2418 1734 2818 1803 metropolitani
2865 1735 3182 1804 provinciie,
3234 1750 3300 1789 eo
3331 1751 3425 1789 aus

145 1841 393 1916 παρόντος
432 1840 741 1901 ἐξαπαντος,
775 1833 972 1901 βέλτιον
1001 1833 1092 1902 μέν
1130 1837 1353 1884 συνεῖναι
1388 1831 1526 1900 αὐτῷ
1548 1830 1739 1888 πάντας

1856 1835 1952 1877 Lem
2007 1831 2312 1892 praesente;
2371 1825 2590 1880 omnino
2654 1826 2845 1882 melius
2899 1835 3018 1889 est,
3079 1842 3266 1882 omnes
3320 1843 3424 1882 Una

146 1936 261 1991 τούς
313 1932 365 1983 ἐν
406 1938 470 2002 τῇ
509 1927 744 2002 ἐπαρχία
787 1925 1242 1996 συλλειτουργούς,
1274 1924 1360 1974 καί
1396 1924 1643 1995 προσήκει
1679 1918 1744 1974 δι’

147 2023 415 2080 ἐπιστολῆς
452 2021 541 2074 τόν
585 2020 634 2071 ἐν
685 2025 748 2091 τῇ
784 2013 1092 2087 μητροπόλει
1126 2013 1416 2084 συγκαλεῖν
1454 2013 1533 2064 καὶ
1574 2011 1616 2063 εί
1654 2011 1742 2078 μέν

146 2115 416 2169 ἆπειντοῖεν
446 2110 494 2164 οἱ
524 2108 712 2168 πάντες
737 2147 753 2172 ,
785 2107 996 2180 βέλτιον
1030 2107 1074 2158 εἰ
1102 2101 1155 2157 δέ
1185 2101 1442 2176 δυσχερὲς
1463 2100 1537 2158 εἵη
1561 2108 1742 2169 τοῦτο,

151 2210 262 2265 τούς
290 2225 349 2276 γε
376 2204 585 2261 πλείους
606 2201 881 2264 ἐξάπαντος
905 2204 1143 2273 παρεῖναι
1165 2193 1264 2259 δεῖ,
1281 2195 1309 2252 ἦ
1327 2193 1411 2248 διὰ
1430 2195 1744 2268 γραμμάτων

152 2297 442 2366 ὁμοψήφους
471 2294 703 2364 γενέσθαι
722 2334 738 2357 ,
767 2293 853 2356 ,καί
881 2288 1044 2348 οὕτως
1080 2290 1206 2358 μετὰ
1244 2294 1334 2344 τῆς
1368 2293 1468 2340 τῶν
1507 2285 1743 2338 πλιιόνων

153 2392 253 2448 Ero:
284 2389 581 2462 παρουσίας
609 2384 638 2442 ἧ
662 2383 831 2454 ψήφου
866 2382 1094 2454 ’γίνεσθαι
1129 2383 1222 2438 την
1242 2383 1576 2433 κατάστασιν·
1610 2379 1652 2431 εί
1689 2375 1744 2432 δέ

153 2481 307 2542 illa»;
346 2482 494 2550 παρὰ
520 2479 582 2532 τὰ
615 2479 876 2552 ὡρισμένα
916 2475 1163 2545 γίγνοιτο,
1207 2469 1365 2543 μηδὲν
1402 2471 1612 2540 ἰσχύειν
1654 2473 1745 2528 τήν

155 2576 489 2646 χειεοτονίαν·
525 2572 567 2623 εἰ
595 2567 646 2623 δὲ
687 2568 815 2622 κατά
842 2566 925 2620 τὸν
964 2564 1243 2639 ὡρισμένον
1272 2560 1454 2634 κανόνα
1474 2564 1688 2632 γίγνοιτο
1714 2559 1745 2616 ἦ

153 2669 473 2722 κατάστασις
491 2705 505 2728 ,
539 2661 837 2730 ἀντιλέγοιεν
867 2655 922 2711 δέ
965 2676 1095 2716 τινες
1122 2653 1184 2710 δι’
1205 2655 1386 2707 οἰκείαν
1415 2652 1706 2722 φιλονεικίαν
1728 2688 1745 2716 ,

155 2765 358 2832 κρατεῖν
383 2761 478 2814 τήν
503 2753 744 2808 πλειόνων
772 2749 956 2821 ψῆφον.
1600 2797 1622 2818 .

336 2911 428 2964 Διά
451 2911 544 2969 τὰς
574 2905 989 2964 ἐκκλησιαστικάς
1035 2904 1223 2975 χρείας
1242 2941 1258 2968 ,
1286 2903 1374 2955 καί
1398 2902 1492 2960 τάς
1517 2905 1617 2954 τῶν
1648 2899 1747 2968 ἀμφ

153 3003 567 3074 ρισϐητουμένων
597 2998 854 3056 διαλύσεις
877 3037 893 3061 ,
936 2995 1098 3054 καλῶς
1144 2991 1287 3063 ἔχειν
1318 2990 1458 3056 ἔδοξε
1503 2988 1748 3050 συνόδους

153 3093 256 3148 καθ’
281 3094 507 3148 ἑκάστην
539 3092 797 3162 ἐπαρχίαν
820 3094 918 3142 τῶν
947 3083 1237 3140 ἐπισκόπων
1257 3083 1484 3153 γίνεσθαι
1511 3079 1746 3154 δεύτερον

153 3192 236 3238 τοῦ
284 3183 461 3243 ἕτους⁸
495 3179 633 3242 ἅπαξ
671 3181 798 3248 μέν,
841 3178 970 3247 μετά
1016 3178 1106 3232 τήν
1148 3174 1319 3246 τρίτην
1361 3167 1615 3239 ἑϐδομάδα
1655 3177 1747 3228 τῆς

153 3278 326 3351 ἑορτῆς
362 3279 454 3327 τοῦ
492 3273 708 3341 πάσχα,
741 3271 872 3324 ὥστε
907 3274 969 3341 τῇ
1006 3265 1229 3338 τετάρτῃ
1262 3260 1502 3333 ἐϐδομάδι
1525 3259 1634 3332 [τήν
1663 3280 1745 3314 τε·

155 3369 338 3439 τάρτην
360 3359 640 3432 ἑϐδομάδα]
663 3368 755 3420 τῆς
775 3365 1116 3416 πεντηκοστῆς
1147 3355 1483 3411 ἐπιτελεῖσθαι
1510 3359 1600 3412 την
1621 3355 1748 3408 σύν-

155 3459 300 3524 οδον,
347 3458 825 3528 ὑπομιμνήσκοντος
877 3443 1001 3512 τούς
1050 3451 1388 3523 ἐπαρχιώτας
1434 3453 1524 3501 τοῦ
1581 3447 1630 3502 ἐν
1684 3453 1748 3519 τῇ

155 3550 483 3627 μητροπόλει·
522 3553 614 3606 τὴν
644 3545 696 3600 δέ
729 3543 969 3618 δευτέραν
999 3538 1208 3596 σύνοδον
1244 3540 1468 3608 γίνεσθαι
1502 3537 1628 3598 ἴδοις
1658 3535 1749 3607 [εί-

155 3641 280 3712 δοῖς]
327 3641 671 3714 όκτωϐρίαις,
703 3639 813 3695 ἥτις
861 3636 972 3689 ἐστὶ
1017 3629 1428 3690 πεντεκαιδεκάτη
1467 3630 1748 3706 ὑπερϐερε-

347 3733 487 3786 ὥστε
531 3731 582 3782 ἐν
611 3730 799 3786 αὐταῖς
842 3726 1055 3784 ταύταις
1085 3731 1201 3784 ταῖς
1229 3720 1456 3781 συνόδοις
1485 3723 1749 3796 προσιέναι

155 3825 548 3900 πρεσϐυτέρους
574 3822 660 3873 καί
688 3817 974 3881 διακόνους,
1000 3816 1085 3869 καί
1114 3815 1310 3874 πάντας
1334 3815 1455 3872 τοὺς
1484 3809 1748 3872 ἠδικῆσθαι

155 3923 468 3992 νομίζοντας,
497 3919 578 3970 καί
601 3915 745 3988 παρά
771 3920 860 3971 τῆς
882 3907 1100 3970 συνόδου
1121 3909 1422 3982 ἐπικρίσεως
1446 3907 1744 3978 τυγχάνειν.

155 4017 226 4070 Μή
247 4012 432 4074 ἐξεῖναι
459 4005 513 4061 δέ
543 4025 677 4064 τινας
698 4003 804 4057 καθ’
835 4001 1051 4059 ἑαυτούς
1080 3997 1326 4058 συνόδους
1353 4000 1600 4052 ποιεῖσθαι
1629 3995 1747 4052 ἄνευ

156 4110 248 4157 τῶν
271 4098 691 4166 πεπιστευμένων
713 4095 803 4154 τὰς
825 4091 1185 4168 μητροπόλεις.

223 4194 289 4266 ρ’.
321 4192 617 4246 Ἐπίσκοπον
662 4187 763 4241 ἀπὸ
812 4185 1080 4259 παροικίας
1121 4183 1295 4255 ἐτέρας
1347 4183 1417 4240 εἰς
1458 4181 1638 4254 ἓτέραν
1678 4184 1747 4249 μή

155 4283 526 4356 μεθίστασθαι,
576 4282 701 4348 μήτε
750 4277 1058 4351 αὐθαιρέτως
1113 4272 1475 4345 ἐπιρῥίπτοντα
1525 4270 1703 4326 ἐαυτὸν
1731 4310 1745 4335 ,

157 4381 278 4446 μήτε
309 4375 413 4428 ὑπὸ
435 4373 568 4426 λαῶν
599 4370 963 4438 ἐκϐιαζόμενον,
996 4369 1122 4436 μήτε
1147 4365 1248 4419 ὑπὸ
1279 4363 1566 4418 ἐπισκόπων
1594 4364 1750 4435 ἀναγ-

155 4466 446 4536 καζόμενον⁹
480 4463 642 4534 μένειν
670 4457 722 4513 δὲ
750 4461 820 4518 εἰς
846 4458 902 4515 ἢν
927 4456 1174 4531 ἐκληρώθη
1205 4456 1308 4508 ὑπὸ
1330 4461 1422 4509 τοῦ
1455 4459 1581 4509 Θεοῦ
1607 4453 1750 4529 ἐξαρ-

1844 1927 1964 1966 cum
1994 1927 2062 1967 eo
2091 1912 2276 1967 adesse
2302 1914 2721 1980 comministros,
2768 1915 2857 1983 qui
2890 1923 3012 1969 sunt
3042 1915 3095 1969 in
3123 1916 3418 1985 provincia.

1844 2009 1900 2057 et
1927 2017 2023 2057 eos
2068 2017 2166 2072 per
2193 2004 2403 2059 litteras
2429 2005 2902 2074 metropolitanum
2935 2021 3254 2061 convocare.
3288 2004 3422 2060 Etsi

1843 2092 2061 2161 quidem
2089 2108 2277 2150 omnes
2301 2096 2645 2161 accesserint,
2677 2096 2814 2151 bene
2842 2105 2923 2151 est
2955 2114 2969 2149 ε
3001 2097 3084 2151 sin
3115 2105 3293 2151 autem
3324 2097 3427 2152 hoc

1845 2180 2062 2238 difﬁcile
2107 2182 2286 2250 fuerit,
2338 2185 2520 2255 plures
2557 2187 2776 2240 omnino
2819 2186 3005 2242 adesse
3052 2195 3284 2257 oportet,
3335 2195 3427 2242 aut

1847 2280 1995 2330 certe
2024 2289 2121 2343 per
2166 2274 2374 2330 litteras
2403 2291 2507 2330 una
2536 2291 2656 2330 cum
2684 2276 2789 2331 illis
2834 2275 3140 2345 suffragium
3182 2277 3344 2346 ferre,
3374 2288 3426 2333 et

1845 2365 1922 2419 sic
1945 2380 2068 2421 cum
2112 2365 2342 2436 plurium
2383 2368 2667 2437 prmsentia
2697 2376 2792 2422 aut
2831 2368 3086 2438 suﬂragio
3128 2370 3427 2424 ordinatio-

1847 2466 1969 2510 nem
2002 2455 2136 2510 ﬁeri.
2185 2455 2279 2511 Sin
2308 2465 2484 2511 autem
2516 2458 2672 2512 aliter
2698 2466 2895 2528 praeter
2921 2457 3037 2514 haec
3065 2473 3182 2528 qua:
3211 2460 3424 2515 decreta

1846 2553 1989 2608 sunt,
2021 2544 2130 2612 ﬁat,
2163 2561 2270 2602 non
2297 2547 2478 2602 valere
2503 2547 2919 2603 ordinationem.
2969 2549 3024 2603 Si
3057 2558 3233 2604 autem
3272 2549 3426 2620 juxta

1847 2634 2166 2704 prmlinitum
2207 2650 2468 2690 canonem
2497 2636 2767 2692 ordinatio
2804 2637 2945 2692 facta
2988 2636 3168 2707 fuerit,
3199 2648 3254 2694 et
3291 2655 3428 2694 non-

1849 2721 1980 2776 nulli
2009 2739 2105 2793 per
2131 2725 2534 2780 contentionem
2565 2726 2960 2795 contradicant,
3001 2726 3244 2783 obtineat
3265 2729 3429 2799 pluri~

1847 2828 2058 2868 morum
2080 2815 2368 2869 sententia.

1919 2900 2102 2957 XCIX.
2133 2936 2203 2944 --
2230 2903 2318 2956 20.
2351 2902 2581 2975 Propter
2625 2921 2751 2961 usus
2795 2907 3191 2965 ecclesiasticos
3231 2918 3287 2964 et
3333 2925 3430 2979 pro

1848 2996 2162 3051 dirimendis
2190 3001 2592 3068 controversiis,
2635 3011 2784 3057 recte
2811 3003 3011 3058 habere
3039 3005 3210 3058 visum
3241 3013 3344 3075 est,
3375 3014 3431 3061 ut

1848 3104 1948 3160 per
1972 3105 2401 3162 unamquamque
2445 3094 2779 3162 provinciam
2825 3095 3010 3167 synodi
3055 3098 3430 3170 episcoporum

1777 3213 1820 3274 C
1851 3178 1934 3233 bis
1956 3179 2008 3232 in
2036 3194 2180 3234 anno
2224 3179 2370 3234 ﬁant.
2402 3180 2479 3235 Ac
2508 3183 2680 3250 prima
2715 3184 2928 3253 quidem
2958 3193 3080 3256 post
3108 3189 3318 3242 tertiam
3341 3204 3431 3242 se-

1850 3270 2146 3340 ptimanam
2176 3269 2296 3325 festi
2325 3270 2567 3340 Paschze,
2598 3282 2656 3328 ut
2679 3285 2871 3343 quarta
2900 3279 3200 3347 septimana
3230 3279 3432 3336 Pente-

1850 3370 2031 3416 costes
2061 3362 2374 3432 perﬁciatur
2395 3365 2648 3435 synodus,
2682 3370 3099 3438 metropolitano
3123 3372 3433 3443 provincia-

1848 3452 1927 3507 les
1953 3453 2237 3524 episcopos
2263 3453 2603 3509 admonente.
2635 3456 2880 3513 Secunda
2910 3475 3040 3515 vero
3069 3462 3308 3532 synodus
3337 3463 3433 3519 ﬁat

1851 3544 2024 3600 idibus
2053 3543 2322 3614 Octobris,
2355 3547 2445 3616 qui
2475 3557 2558 3602 est
2588 3547 2832 3605 decimus
2858 3552 3076 3620 quintus
3105 3555 3432 3624 hyperbere-

1850 3635 1977 3688 tati:
2011 3643 2067 3688 ut
2093 3636 2148 3690 in
2191 3636 2272 3689 his
2301 3637 2430 3705 ipsis
2469 3639 2688 3706 synodis
2735 3641 2994 3693 accedant
3037 3643 3334 3714 presbyteri
3376 3653 3430 3698 et

1849 3726 2083 3803 diaconi.
2109 3735 2164 3780 et
2191 3743 2379 3782 omnes
2399 3729 2490 3797 qui
2521 3744 2578 3782 se
2608 3729 2798 3798 injuria
2825 3729 3050 3788 affectos
3091 3744 3299 3804 putant,
3325 3745 3378 3791 ct
3400 3753 3429 3790 a

1851 3816 2058 3890 synodo
2077 3816 2339 3886 judicium
2366 3828 2737 3886 assequamur.
2790 3820 2959 3876 Nullis
2994 3839 3121 3879 vero
3154 3826 3309 3880 liceat
3337 3843 3432 3897 per

1849 3924 1908 3964 se
1932 3909 2166 3979 synodos
2193 3909 2467 3964 celebrare
2492 3909 2607 3964 sine
2631 3909 2694 3964 iis
2733 3911 2925 3981 quibus
2969 3917 3296 3985 metropoles
3321 3933 3430 3972 cre-

1850 4000 1976 4054 dita:
2003 4008 2146 4054 sunt.

1919 4187 1983 4243 C.
2014 4219 2083 4251 —
2113 4188 2201 4243 2L
2233 4187 2532 4259 Episcopus
2559 4189 2625 4243 ab
2666 4189 2769 4243 alia
2796 4189 3031 4258 parmcia
3081 4191 3132 4244 in
3175 4191 3331 4244 aliam
3363 4206 3431 4246 ne

1851 4287 2109 4346 transeat,
2157 4296 2258 4336 nec
2298 4296 2356 4335 se
2396 4297 2491 4337 sua
2517 4291 2709 4350 sponte
2740 4280 3004 4348 ingerens,
3034 4297 3133 4336 nec
3163 4297 3191 4334 τι
3219 4284 3430 4352 pepulis

1850 4372 1904 4426 vi
1931 4371 2176 4438 adactus,
2207 4386 2305 4426 nec
2333 4371 2399 4426 ab
2436 4371 2701 4441 episc0pis
2729 4370 3051 4424 necessitate
3081 4372 3386 4439 compulsus
3411 4390 3426 4425 :

1850 4471 2068 4518 maneat
2113 4469 2293 4516 autem
2324 4462 2377 4516 in
2406 4477 2469 4516 ea
2499 4461 2744 4522 ecclesia,
2779 4475 2939 4530 quam
2969 4460 3036 4513 ab
3067 4460 3217 4513 initio
3245 4475 3274 4514 a
3319 4459 3428 4514 Deo

157 4567 258 4628 χῆς
302 4554 599 4615 ἐκκλησίαν,
637 4553 722 4604 καί
749 4548 1083 4622 μεθίστασθαι
1103 4549 1119 4568 ⁶
1152 4547 1330 4613 αὐτῆς,
1375 4549 1509 4602 κατὰ
1545 4544 1630 4599 τόν
1651 4541 1745 4602 ἤδη

1856 4555 2074 4610 sortitus
2101 4562 2202 4622 est,
2223 4559 2226 4563 ‘
2250 4568 2350 4608 nec
2395 4553 2462 4606 ab
2491 4567 2554 4606 ea
2585 4551 2798 4606 recedat
2841 4548 3132 4604 secundum
3161 4550 3427 4605 delinitio-

154 4648 407 4724 πρότερον
435 4644 755 4714 ἐξενεχθέντα
777 4643 916 4719 ὅρον.

222 4738 328 4813 ρεί.
359 4738 661 4791 Ἐπίσκοπον
700 4740 767 4806 μὴ
804 4732 1072 4788 ἐπιϐαίνειν
1112 4723 1483 4801 [μεθίστασθαι]
1514 4726 1750 4804 ἀλλοτρίᾳ

153 4832 292 4884 πόλει
338 4837 400 4902 τῇ
439 4834 505 4900 μή
535 4829 823 4898 ὑποκειμένη
851 4827 1024 4894 αὐτῷ,
1057 4821 1182 4894 μηδέ
1222 4824 1374 4896 χώρᾳ
1412 4828 1473 4894 τῇ
1513 4820 1650 4891 αὐτῷ
1678 4824 1749 4890 μή

152 4922 464 4994 ειαξερούσῃ
487 4959 503 4982 ,
533 4917 618 4972 ἐπὶ
644 4918 938 4991 χειροτονία
966 4917 1126 4979 τινὸς,
1161 4911 1287 4985 μηδέ
1323 4913 1560 4982 καθιστᾷν
1586 4931 1749 4986 πρεσ-

154 5017 408 5088 ϐυτέρους
447 5013 478 5071 ἦ
513 5011 777 5070 διακόνους
819 5015 888 5069 εἰς
920 5009 1110 5068 τόπους
1139 5008 1293 5078 ἑτέρῳ
1324 5005 1587 5075 ἐπισκόπῳ
1617 5006 1748 5059 ὐπο-

152 5110 438 5178 κειμένους,
463 5107 504 5158 εἰ
524 5109 592 5173 μὴ
619 5101 718 5176 ἆρα
741 5104 869 5172 μετὰ
895 5104 1101 5174 γνώμης
1121 5105 1212 5154 τοῦ
1242 5101 1423 5152 οἰκείου
1453 5105 1544 5156 τῆς
1565 5099 1744 5170 χώρας

150 5195 462 5252 ἐπισκόπου·
494 5197 538 5248 εἰ
565 5193 618 5248 δέ
647 5195 912 5266 τολμήσειέ
940 5215 1019 5252 τις
1049 5198 1270 5254 τοιοῦτο,
1301 5187 1483 5262 ἄκυρον
1513 5185 1743 5247 εἶναιτὴν

153 5291 514 5365 χειροθεσίαν,
544 5291 627 5342 καί
655 5287 803 5342 αὐτόν
831 5289 1090 5356 ἐπιτιμίας.
1112 5285 1215 5340 ύπό
1252 5291 1342 5354 τῇς
1371 5279 1588 5336 συνόδου
1623 5301 1748 5350 τυγ-

153 5389 358 5456 χάνειν.

218 5478 305 5552 ρξ’
321 5516 335 5528 .
367 5475 672 5530 Ἐπίσκοπον
694 5476 763 5544 μή
793 5474 972 5536 ἐξεῖναι
993 5472 1102 5527 ἀντ’
1132 5473 1288 5526 αὐτοῦ
1316 5471 1560 5540 καθιστᾷν
1583 5468 1749 5541 ἕτερον

151 5575 341 5624 εαυτοῦ
361 5566 636 5635 διάδοχον,
658 5560 746 5618 κάν
764 5566 899 5638 πρὸς
923 5570 984 5635 τῇ
1012 5563 1215 5636 τελευτῇ
1235 5569 1323 5616 τοῦ
1350 5561 1466 5632 βίον
1493 5559 1745 5632 τυγχάνῃ·

151 5667 192 5717 ιί
210 5663 268 5719 δέ
298 5684 352 5718 τι
387 5668 622 5715 τοιοῦτον
641 5662 890 5732 γίγνοιτο,
925 5655 1118 5732 ἄκυρον
1145 5651 1270 5710 εἶναι
1297 5661 1386 5714 τὴν
1415 5657 1746 5710 κατάστασιν

151 5753 501 5827 γυλὰττεσθαι
515 5749 569 5806 δὲ
586 5737 668 5805 τόν
679 5752 728 5803 θε
735 5771 768 5804 σ
772 5751 863 5820 μὸν
876 5749 966 5804 τὸν
977 5747 1378 5805 ἐκκλησιαστικὸν
1386 5788 1399 5812 ,
1415 5767 1478 5801 πε
1483 5766 1510 5820 ρ
1517 5747 1554 5800 ιί
1561 5765 1747 5814 χοντα,

219 5872 238 5892 ⁶
282 5863 598 5936 Legendum
627 5868 697 5936 μή
721 5848 1078 5936 μεθίστασθαι,
1102 5871 1160 5918 ut
1189 5868 1396 5917 constet
1421 5873 1628 5916 sensus.
1663 5856 1816 5912 Eutr.

1851 4662 1974 4701 nem
1999 4646 2064 4700 de
2089 4660 2152 4700 ea
2181 4660 2241 4700 re
2267 4645 2494 4714 priurum
2521 4644 2738 4697 editam.

1922 4735 2006 4790 CI.
2037 4767 2107 4777 -
2133 4734 2218 4787 92.
2248 4732 2542 4803 Episcopus
2562 4749 2669 4787 non
2696 4732 2854 4786 adeat
2875 4731 3104 4785 alienam
3131 4732 3425 4800 civitatem,

1851 4842 1969 4898 qua:
1998 4827 2046 4882 ei
2069 4827 2308 4894 subjecta
2331 4841 2437 4880 non
2463 4833 2564 4888 est,
2589 4839 2761 4894 neque
2789 4824 3060 4891 regionem
3079 4840 3196 4894 qua:
3217 4824 3284 4878 ad
3306 4840 3425 4881 eum

1852 4937 1958 4976 non
1987 4920 2238 4991 pertinet,
2284 4918 2350 4973 ad
2381 4917 2608 4986 alicujus
2635 4917 3048 4982 ordinationem,
3101 4932 3200 4971 nec
3229 4917 3430 4972 consti-

1853 5017 1967 5066 tuat
1993 5010 2356 5081 presbyteros,
2406 5016 2500 5062 aut
2524 5007 2782 5063 diaconos
2811 5007 2967 5061 alteri
3012 5007 3284 5076 subjectos
3311 5008 3428 5078 epi—

1849 5117 2042 5172 scopo,
2075 5101 2175 5156 nisi
2204 5101 2343 5156 forte
2373 5115 2492 5155 cum
2519 5099 2785 5155 sententia
2807 5099 3010 5168 proprii
3033 5099 3173 5152 illius
3195 5099 3430 5167 regionis

1853 5192 2110 5263 episcopi.
2141 5190 2198 5246 Si
2226 5191 2345 5259 quis
2373 5199 2552 5245 autem
2582 5190 2690 5244 tale
2716 5190 2844 5260 quid
2875 5205 3036 5245 ausus
3063 5189 3245 5256 fuerit,
3278 5191 3428 5245 irrita

1852 5285 1922 5340 sit
1945 5284 2062 5351 ejus
2091 5281 2382 5349 ordinatio,
2413 5289 2468 5336 et
2497 5281 2610 5351 ipse
2639 5296 2670 5335 a
2699 5279 2906 5352 synodo
2937 5290 3270 5338 coerceatnr.

1924 5373 2030 5429 CII.
2061 5405 2134 5415 -——
2159 5372 2245 5426 25.
2279 5372 2544 5443 EpiscOpo
2575 5387 2682 5426 non
2713 5372 2875 5428 licere
2904 5373 3062 5427 alium
3094 5390 3192 5442 pro
3221 5389 3278 5427 se
3307 5387 3428 5426 suc-

1853 5482 2126 5524 cessorem
2153 5465 2500 5531 constituere,
2525 5465 2735 5520 etiamsi
2765 5465 2834 5520 sit
2857 5466 2907 5520 in
2933 5465 3036 5520 line
3056 5465 3196 5519 vita.
3224 5464 3278 5518 Si
3300 5461 3427 5530 quid

1853 5570 2032 5614 autem
2065 5557 2170 5612 tale
2199 5555 2312 5620 Iiat,
2340 5556 2543 5610 irritam
2587 5569 2707 5610 esse
2735 5554 3041 5624 bujusmodi
3087 5552 3428 5606 constitutio-

1853 5667 1997 5707 nem.
2026 5649 2281 5706 Servetur
2306 5657 2486 5704 autem
2511 5654 2769 5704 statutum
2812 5644 3252 5709 ecclesiasticum,
3280 5644 3430 5714 quod

1853 5742 2092 5800 continet
2121 5756 2230 5798 non
2259 5740 2415 5799 aliter
2441 5740 2560 5798 ﬁeri
2605 5745 2874 5808 Oportere,
2918 5734 3018 5789 nisi
3071 5748 3192 5789 cum
3220 5738 3423 5805 synodo
