3946 6336
522 368 586 423 67
1573 364 1580 372 °
1784 325 2108 415 ‘mOstw:

2215 359 2495 414 .XIGL'US.
3743 357 3822 409 C8

519 491 586 552 μὴ
608 481 708 537 δεῖν
726 478 883 541 ἄλλως
904 482 1124 553 γίνεσθαι
1147 478 1438 537 ἐπίσκοπον,
1464 474 1635 546 ἦμετὰ
1664 472 1879 529 συνόδου
1905 478 1987 529 καί
2001 477 2102 529 ἔπι-

2215 483 2259 529 ct
2275 474 2479 543 judicio
2506 473 2907 543 episcOporum,
2941 477 3028 544 qui
3050 485 3174 545 post
3203 476 3411 531 obitum
3440 476 3804 545 quiescentis.

520 581 732 651 κρίσεως
760 573 1068 635 ἐπισκόπων,
1092 577 1190 625 τῶν
1228 571 1355 639 μετά
1380 574 1470 628 τὴν
1502 569 1737 637 κοίμησιν
1761 573 1853 623 τοῦ
1874 570 2107 622 ἀναπαυ-

518 668 739 736 σαμένου
763 670 855 723 τήν
881 664 1107 727 ἐξουσίαν
1130 660 1356 731 ἐχόντων
1380 666 1471 714 τοῦ
1493 660 1810 735 προάγεσθαι
1835 662 1921 713 τίν
1950 656 2101 722 ἄξιον.

589 756 686 830 ργ’.
716 757 791 809 Τά
820 762 910 814 τῆς
933 751 1217 815 ἐκκλησίας,
1337 750 1573 823 ἐκκλησίᾳ
1602 748 1759 809 καλῶς
1789 746 1904 819 ἔχει
1923 750 2109 821 φυλάτ-

523 850 696 904 τεσθαι
727 846 833 900 δεῖν
872 846 1000 917 μετὰ
1025 846 1196 902 πάσης
1218 842 1507 912 ἐπιμελείας
1539 843 1622 895 καί
1652 841 1844 913 ἀγαθῆς
1871 838 2106 899 συνειδή-

523 957 656 997 σεως
685 941 768 991 καί
790 939 1016 995 πίστεως
1054 942 1144 993 τῆς
1174 933 1245 993 εἷς
1271 934 1354 987 τόν
1382 934 1583 986 πάντων
1617 928 1787 1005 ἔφορον
1816 933 1896 984 καί
1937 936 2111 1004 κριτήν

517 1030 653 1083 Θεόν.
682 1027 743 1083 ⁸Α
764 1032 849 1083 καί
873 1025 1161 1081 διοικεῖσθαι
1187 1027 1439 1099 προσήκει
1469 1021 1599 1091 μετὰ
1625 1022 1837 1095 κρίσεως
1866 1023 1950 1073 καὶ
1970 1021 2109 1084 ἕξου-

519 1120 635 1179 σίας
680 1125 770 1171 τοῦ
817 1117 1100 1171 ἐπισκόπου
1139 1122 1231 1170 τοῦ
1282 1112 1690 1180 πεπιστευμένου
1721 1107 2109 1182 [ὶπισταμένου]

519 1211 686 1263 πάντα
707 1209 789 1263 τόν
814 1210 956 1265 λαόν.
999 1208 1170 1265 καὶτὰς
1194 1204 1380 1277 ψυχάς
1400 1210 1499 1257 τῶν
1519 1203 1888 1275 συναγομένων.
1920 1203 2111 1277 Φανερά

521 1299 573 1353 δὲ
605 1296 725 1354 εἷιαι
761 1303 825 1354 τά
867 1300 1161 1371 δίαφιροντα
1197 1304 1259 1370 τῇ
1304 1293 1537 1365 ἐκκλησία
1575 1293 1705 1365 μετὰ
1734 1294 1972 1364 γνώσεως
2010 1299 2110 1346 τῶν

524 1394 643 1465 περὶ
668 1390 819 1444 αὐτὸν
848 1388 1212 1463 πρεσϐυτέρων
1246 1388 1334 1441 καὶ
1363 1382 1617 1444 διακόνων,
1648 1382 1779 1435 ὥστε
1808 1381 2022 1439 τούτους
2041 1380 2111 1434 εί·-

522 1479 655 1535 δέναι
684 1485 767 1534 καὶ
787 1486 856 1553 μὴ
886 1484 1101 1551 ἀγνοεῖν,
1128 1479 1239 1532 τίνα
1265 1476 1385 1530 ποτέ
1415 1474 1527 1529 ἐστι
1550 1480 1640 1533 τῆς
1665 1471 1945 1536 ἐκκλησίας,
1978 1471 2109 1524 ὥστε

522 1572 677 1641 ρηδέν
716 1576 897 1633 αύτούς
946 1574 1218 1625 λανῗτάνειν·
1259 1568 1321 1622 ἶν’
1350 1570 1393 1621 εί
1434 1567 1663 1640 συμϐαίη
1706 1565 1790 1619 τόν
1833 1565 2111 1619 ἐπίσκοπον

521 1666 874 1736 μεταλλάττειν
904 1666 986 1719 τὸν
1010 1664 1117 1734 βίον
1139 1703 1152 1727 ,
1181 1666 1405 1735 φανερῶν
1443 1655 1598 1713 ὅντων
1640 1663 1741 1713 τῶν
1776 1654 2110 1729 διαφερόντων

519 1766 582 1816 τῆ
614 1758 846 1831 ἔκκλησ’ᾳ
876 1758 1212 1831 πραγμάτων,
1238 1758 1361 1823 μήτε
1383 1752 1514 1807 αὐτὰ
1534 1749 1822 1806 διαπίπτειν
1845 1750 1929 1802 καί
1956 1746 2109 1802 ἀπόλ-

2210 572 2538 634 potestateut
2563 563 2783 628 habent,
2834 580 2956 619 eum
2987 567 3078 635 qui
3104 566 3294 636 dignus
3321 568 3609 633 exstiterit,
3661 585 3793 639 pro-

2210 670 2450 709 movere.

2281 745 2410 800 CIII.
2437 779 2506 788 ——
2524 745 2611 799 24.
2638 746 2804 803 Recte
2826 748 3007 813 habet,
3030 763 3092 803 ea
3114 763 3234 819 qua!
3259 760 3383 806 sunt
3401 748 3674 817 Ecclesite,
3697 750 3808 804 Ec-

2209 838 2384 893 clesia:
2404 838 2605 892 servari
2627 854 2749 894 cum
2770 840 2917 894 omni
2938 840 3233 909 diligentia,
3261 848 3315 895 et
3342 841 3483 895 bona
3513 843 3798 897 conscien-

2212 930 2305 993 tia,
2337 938 2392 983 et
2422 928 2525 983 tide
2560 945 2677 999 qua:
2708 930 2759 984 in
2790 929 2958 985 Deum
2999 937 3101 995 est,
3148 931 3240 1000 qui
3282 932 3464 986 omnia
3495 933 3711 1003 inspicit
3739 943 3803 988 et

2206 1019 2410 1088 judicat
2435 1037 2586 1090 :qna:
2599 1021 2760 1076 etiam
2779 1022 3136 1077 administrari
3159 1024 3411 1078 convenit
3439 1037 3559 1079 cum
3583 1025 3800 1095 judicio

2210 1120 2267 1167 et
2295 1120 2562 1183 potestate
2590 1114 2847 1184 episcopi,
2878 1114 2966 1169 cui
2996 1114 3171 1169 omnis
3215 1114 3445 1185 populus
3472 1117 3801 1171 commissus

2211 1208 2311 1265 est,
2359 1210 2414 1255 et
2454 1202 2644 1256 anima:
2670 1218 2857 1258 eorum
2887 1203 2978 1272 qui
3022 1204 3074 1257 in
3103 1203 3331 1259 ecclesia
3373 1215 3794 1275 congregantur.

2212 1290 2490 1348 Manifesta
2522 1307 2647 1347 vero
2673 1292 2802 1361 sint,
2823 1308 2943 1363 quae
2964 1293 3032 1348 ad
3051 1292 3344 1349 Ecclesiam
3377 1297 3648 1366 pertinent
3667 1286 3828 1366 cum

2213 1382 2401 1436 notitia
2428 1356 2861 1456 presbyterorum
2877 1394 2932 1441 et
2946 1386 3315 1452 diaeonorum,
3336 1356 3429 1457 qui
3450 1389 3591 1444 circa
3616 1390 3797 1459 ipsum
3815 1356 3828 1425 ί

2208 1485 2356 1544 sunt,
2400 1486 2456 1531 ut
2485 1478 2581 1547 ipsi
2627 1494 2733 1533 non
2778 1479 3045 1547 ignorent,
3067 1463 3074 1471 ’
3093 1496 3211 1549 quae
3236 1488 3361 1535 sunt
3387 1480 3664 1547 Ecclesia),
3693 1464 3828 1538 nec‘

2212 1583 2307 1621 eos
2332 1568 2529 1635 aliquid
2566 1569 2745 1623 lateat.
2786 1568 2853 1623 Ut
2894 1571 2937 1623 si
2966 1572 3253 1639 contigerit
3281 1572 3593 1642 episcopum
3621 1587 3653 1626 e
3685 1573 3790 1626 vita

2214 1661 2465 1729 migrare,
2514 1662 2578 1715 iis
2626 1662 2922 1717 manifestis
2950 1664 3304 1718 existentibus
3349 1679 3469 1733 qua:
3507 1663 3572 1718 ad
3603 1663 3801 1719 Eccle-

2211 1752 2346 1807 siam
2368 1753 2657 1822 pertinent.
2685 1768 2748 1807 ea
2772 1768 2878 1808 non
2911 1755 3250 1820 intercidant,
3283 1760 3375 1808 aut
3400 1764 3623 1827 pereant
3652 1772 3665 1807 :
3693 1770 3799 1810 nec

524 1850 738 1908 λυσθαι.
770 1854 894 1919 μήτε
924 1851 988 1902 τά
1025 1846 1127 1901 ῗδια
1156 1852 1241 1901 τοῦ
1273 1843 1560 1898 ἐπισκόπου
1592 1839 1939 1910 ἐνοχλεῖσθαι,
1987 1856 2108 1913 “Rpo—

2215 1856 2334 1912 qua:
2359 1850 2483 1895 sunt
2510 1842 2723 1912 propria
2752 1844 3011 1914 episcopi,
3043 1853 3304 1914 pmtextu
3334 1859 3512 1898 rerum
3542 1845 3800 1900 ecclesia-

521 1944 669 2011 φάσει
701 1949 798 1995 τῶν
830 1940 1253 1997 ἐκκλησιαστικῶν
1284 1935 1623 2011 πραγμάτων.
1659 1934 1851 1984 Δίκαιον
1885 1931 1989 2004 γάρ
2023 1933 2106 1984 καί

520 2034 732 2109 ἀρεστόν
753 2033 894 2107 παρά
921 2052 972 2085 τε
994 2038 1064 2103 τῷ
1080 2036 1190 2098 Θεῷ
1216 2031 1299 2080 καί
1321 2027 1619 2100 ἀνθρώποις,
1635 2025 1701 2077 τά
1730 2020 1832 2075 ἴδια
1851 2028 1938 2076 τοῦ
1963 2023 2106 2075 ἐπισ-

520 2127 705 2189 κόπου,
732 2121 804 2187 οἷς
836 2120 893 2178 άν
917 2123 1066 2183 αύτός
1096 2119 1366 2192 βούληται,
1405 2114 1886 2185 καταλιμπάνεσθαι⁸
1925 2112 1988 2166 τά
2015 2113 2105 2181 μέν

519 2238 597 2269 τοι
623 2224 714 2275 τῆς
744 2215 1037 2276 ἐκκλησίας,
1084 2213 1213 2285 αύτῇ
1243 2207 1598 2281 φυλάττεσθαισ
1631 2207 1714 2257 καί
1741 2207 1864 2276 μήτε
1909 2208 1997 2257 τίν
2028 2205 2109 2256 ὲκ-

519 2308 723 2364 γλησίκν
762 2305 1028 2375 ύπομένειν
1065 2299 1358 2373 [ὑπομεῖναί
1402 2293 1538 2365 τινα]
1581 2295 1799 2363 ζημίαν,
1854 2296 1979 2362 μήτε
2025 2293 2109 2347 τόν

518 2399 794 2449 ἑπίτκυπον
822 2396 1075 2468 προγάσει
1100 2400 1193 2450 τῆς
1226 2389 1488 2447 ἐκκλησίας
1514 2383 1842 2457 δημεύεσθαι,
1865 2382 1893 2441 ἦ
1924 2386 2009 2436 καὶ
2037 2385 2109 2442 εἷς

520 2487 797 2557 πράγματα
837 2485 1105 2552 ἐμπίπτειν
1149 2482 1272 2539 τούς
1313 2479 1450 2548 αύτῷ
1480 2473 1833 2550 διαφέροντας,
1865 2475 1993 2543 μετά
2020 2478 2107 2527 τοῦ

521 2578 597 2629 καί
623 2576 768 2629 αὐτόν
797 2574 929 2643 μετά
954 2572 1164 2625 θάνατον
1192 2567 1453 2641 δυσρημίᾳ
1481 2564 1893 2637 περιϐάλλεσθαι.

590 2663 686 2740 ρδ.
718 2666 1018 2718 Ἐπίσκοπον
1059 2661 1201 2731 ἔχειν
1239 2668 1338 2716 τῶν
1375 2666 1465 2718 τῆς
1503 2656 1767 2716 ἐκκλησίας
1798 2648 2110 2733 πραγμάτων

520 2757 776 2819 ἓξουσίαν,
808 2756 875 2814 ὥς
902 2774 957 2807 τε
987 2751 1189 2807 διοικεῖν
1210 2754 1283 2811 εἰς
1304 2751 1501 2807 πάντας
1522 2747 1639 2807 τούς
1662 2744 1950 2813 δεομένους,
1982 2747 2112 2815 μετὰ

522 2847 695 2904 πάσης
719 2843 983 2903 εὐλαϐείας
1022 2845 1106 2896 καί
1132 2841 1289 2913 φόϐου
1320 2845 1470 2895 Θεοῦ·
1510 2836 1911 2909 μεταλαμϐάνειν
1946 2835 1999 2892 δέ
2029 2841 2112 2891 καὶ

519 2938 670 2991 αὐτόν
696 2944 792 2990 τῶν
817 2933 1051 3000 δεόντων,
1084 2932 1183 3005 εἴγε
1213 2932 1395 2997 δέοιτο,
1431 2931 1500 2990 είς
1526 2931 1616 2989 τάς
1646 2930 1928 3000 ἀναγκαίας
1950 2930 2107 2985 αὐτοῦ

524 3031 732 3102 χρείας,
772 3030 855 3082 καί
880 3034 979 3081 τῶν
1008 3023 1134 3100 παρ’
1169 3026 1307 3097 αὐτῷ
1334 3019 1536 3096 [αὐτοῦ]
1558 3020 1942 3094 ἐπιξενουμένων
1963 3019 2108 3075 ἀδελ-

522 3127 623 3190 φῶν
641 3158 656 3183 ,
690 3121 758 3179 ὡς
781 3121 914 3173 κατὰ
941 3115 1131 3187 μηδένα
1154 3116 1342 3191 τρόπον
1378 3115 1561 3172 αὐτούς
1609 3113 1952 3185 ύστερῆσθαι,
1980 3113 2110 3166 κατά

524 3211 606 3260 τόν
626 3210 750 3261 θεῖον
767 3207 1047 3261 ἀπόστολον
1066 3205 1327 3277 λίγοντα,‹
1339 3201 1583 3273 Ἐχοντες
1600 3198 1869 3272 διατροφάς
1891 3202 1973 3253 καί
1992 3221 2109 3267 σκε-

522 3299 800 3373 πάσματα,
829 3298 1027 3359 τούτοις
1044 3295 1498 3373 ἀρκεσθησόμεθα.»
1526 3294 1584 3344 Εἰ
1611 3290 1663 3345 δέ
1692 3296 1761 3362 μή
1785 3288 1986 3351 τούτοις
2012 3293 2108 3366 ἀρ-

523 3400 688 3459 κοῖτο,
711 3392 1015 3462 μεταϐὢλοι
1037 3388 1091 3445 δὲ
1124 3392 1190 3444 τά
1213 3391 1491 3467 πράγματα
1513 3388 1583 3448 είς
1608 3387 1797 3446 οἰκικάς
1818 3384 2108 3456 [οἱκειακάς]

520 3487 681 3542 αὐτοῦ
708 3487 911 3561 χρείας,
943 3487 1027 3538 καί
1055 3485 1177 3544 τοὺς
1198 3482 1387 3559 πόρους
1411 3488 1502 3539 τῆς
1532 3478 1793 3538 ἓκχλησίας
1813 3478 1842 3537 ἦ
1868 3480 1987 3538 τούς
2009 3487 2108 3533 τῶν

519 3578 689 3650 ἀγρῶν
718 3578 960 3650 καρπούς,
984 3579 1055 3646 μή
1073 3574 1200 3646 μετά
1224 3576 1424 3646 γνώμης
1449 3578 1546 3626 τῶν
1570 3569 1934 3644 πρεσϐυτέρων
1958 3570 1987 3629 ἦ
2010 3578 2109 3625 τῶν

518 3663 760 3717 διακόνων
789 3664 1011 3739 χειρίζοι
1029 3702 1044 3728 ,
1073 3661 1182 3717 ἀλλ’
1203 3662 1399 3720 οἰκείοις
1433 3661 1596 3713 αὐτῶν
1624 3660 1709 3712 καί
1744 3659 2041 3730 συγγενέσιν
2078 3658 2108 3718 ἦ

520 3760 748 3831 ἀδελφοῖς
770 3757 800 3815 ἦ
820 3758 951 3817 υἱοῖς
976 3758 1303 3828 παράσχοιτο
1321 3758 1410 3812 την
1434 3754 1679 3817 ἐξουσίαν,
1708 3752 1777 3813 εἰς
1802 3754 1881 3816 τό,
1910 3748 1993 3806 διά
2011 3757 2107 3806 τῶν

522 3844 761 3901 τοιούτων
783 3846 1057 3906 λεληθότως
1090 3844 1407 3917 βλάπτεσθαι
1442 3845 1562 3903 τούς
1603 3843 1785 3913 λόγους
1815 3849 1907 3901 τῆς
1940 3840 2110 3899 ἐκκλη-

518 3943 661 4003 σίας,
689 3946 868 3994 τοῦτον
895 3941 1100 3998 εὐθύνας
1116 3939 1367 4013 παρέχειν
1394 3944 1454 4009 τῇ
1482 3933 1683 4006 συνόδῳ
1706 3944 1795 3993 τῆς
1826 3932 2109 4007 ἐπαρχίας.

519 4034 575 4084 Εἰ
604 4030 656 4085 δέ
683 4035 770 4084 καί
799 4028 960 4089 ἄλλως
988 4027 1303 4084 διαϐάλλοιτο
1339 4026 1365 4081 ό
1388 4029 1694 4088 ἐπίσκοπος,
1717 4027 1747 4084 ἣ
1776 4033 1824 4079 οἱ
1850 4028 1944 4079 σύν
1970 4028 2113 4099 αύτῷ,

521 4120 900 4194 πρεσϐύτεροι,
948 4120 1017 4178 ὡς
1055 4120 1121 4172 τά
1160 4125 1221 4191 τῇ
1262 4116 1501 4191 ἐκκλησίᾳ
1544 4114 1841 4189 διαφέροντα
1870 4154 1885 4179 ,
1914 4115 2028 4173 ἤτοι
2063 4117 2110 4179 ἐξ

517 4212 688 4284 ἀγρῶν
737 4210 764 4267 ἦ
803 4213 887 4263 καί
923 4210 975 4273 ἐξ
1020 4209 1199 4283 ἐτέρας
1245 4208 1549 4281 προφάσεως
1588 4205 2003 4265 ἑκκλησιαστικῆς
2041 4210 2110 4267 εἰς

519 4300 735 4367 ἑαυτούς
765 4297 1120 4375 ἀποφερόμενοι
1138 4338 1154 4365 ,
1194 4301 1262 4359 ὡς
1296 4298 1551 4351 θλίϐεσθαι
1579 4298 1667 4368 μὲν
1694 4298 1815 4358 τούς
1850 4298 2071 4357 πένητας
2090 4336 2107 4363 ,

520 4389 756 4448 διαϐολήν
786 4387 839 4445 δὲ
877 4392 958 4444 καί
991 4387 1276 4462 δυσφημίαν
1309 4387 1716 4466 προστρίϐεσθαι
1746 4393 1819 4461 τῷ
1852 4407 1907 4443 τε
1940 4387 2070 4459 λόγῳ
2092 4433 2107 4456 ,

521 4486 738 4541 καὶτοῖς
773 4480 903 4537 οὕτω
949 4479 1252 4545 διοικοῦσιν,
1277 4483 1357 4535 καί
1395 4480 1611 4540 τούτους
1637 4477 1947 4555 διορθώσεως
1985 4499 2111 4552 τυγ-

524 4576 721 4644 χάνειν,
743 4575 802 4627 τό
831 4574 1021 4647 πρέπον
1050 4569 1421 4645 δοκιμαζούσης
1443 4578 1534 4632 τῆς
1561 4570 1707 4644 ἁγίας
1733 4567 1978 4625 συνόδου.

2211 1933 2465 1987 sticarum
2514 1935 2815 1988 turbentur.
2860 1934 2954 1990 Est
3000 1936 3141 1990 enim
3179 1935 3383 2005 justum
3412 1944 3468 1991 et
3505 1944 3797 2006 acceptum

2209 2038 2393 2078 coram
2418 2022 2526 2078 Deo
2543 2033 2596 2078 et
2619 2024 2943 2091 hominibus,
2963 2033 3022 2079 ut
3038 2024 3443 2097 (Supprimenda
3470 2026 3797 2097 cmzjunctio)

2207 2127 2273 2169 ea
2295 2128 2414 2181 qua:
2435 2114 2648 2183 propria
2677 2120 2800 2169 sunt
2819 2114 3074 2185 episcopi,
3098 2114 3292 2184 quibus
3314 2114 3428 2184 ipse
3455 2114 3606 2179 velit,
3631 2114 3797 2170 relin-

2209 2204 2333 2271 qui;
2379 2217 2498 2272 qua:
2526 2211 2703 2257 autem
2741 2213 2866 2257 sunt
2894 2202 3165 2271 Ecclesiae,
3197 2202 3297 2273 ipsi
3326 2204 3527 2258 servari
3554 2223 3566 2257 :
3600 2213 3659 2261 ut
3688 2220 3796 2260 nec

2210 2293 2445 2349 Ecclesia
2475 2295 2727 2350 damnum
2751 2296 2965 2365 aliquod
2982 2296 3237 2366 patiatur,
3264 2311 3364 2351 nec
3391 2296 3677 2367 episcopus
3698 2312 3795 2352 ec-

2210 2387 2386 2442 clesia:
2413 2395 2672 2457 przetextu
2697 2386 3074 2458 proscribatur,
3092 2388 3172 2443 vel
3186 2388 3279 2457 qui
3299 2387 3368 2442 ad
3397 2402 3517 2441 eum
3535 2387 3789 2452 attinent,

2212 2479 2267 2533 in
2289 2494 2475 2535 causas
2497 2479 2747 2547 incidant,
2790 2494 2896 2550 quo
2920 2487 3039 2549 post
3066 2486 3294 2535 mortem
3314 2478 3429 2550 ipse
3455 2477 3795 2535 maledictio-

2212 2572 2367 2628 nibus
2411 2578 2682 2628 oneretur.

2279 2672 2410 2729 CIV.
2442 2704 2511 2715 —-
2535 2672 2624 2729 25.
2665 2672 2956 2744 Episcopus
2981 2674 3175 2729 habent
3198 2686 3376 2727 rerum
3403 2669 3656 2726 Ecclesiae
3686 2686 3795 2740 po-

2214 2771 2485 2828 testatem,
2530 2763 2596 2818 ad
2637 2764 3053 2834 dispensandum
3092 2764 3147 2817 in
3172 2778 3360 2818 omnes
3392 2770 3631 2831 egentes,
3662 2777 3795 2816 cum

2211 2866 2417 2931 summa
2446 2853 2747 2906 reverentia
2772 2861 2828 2907 et
2855 2852 3050 2907 timore
3075 2850 3190 2905 Dei.
3222 2850 3341 2920 Ipse
3371 2860 3549 2905 autem
3574 2863 3793 2914 eorum,

2210 2942 2401 3011 quibus
2428 2940 2630 3008 indiget
2660 2941 2744 3009 (si
2795 2948 2973 2994 tamen
3018 2938 3279 3009 indiget),
3309 2937 3379 2993 sit
3420 2936 3688 3009 particeps
3721 2937 3794 2991 ad

2213 3047 2340 3087 usus
2367 3031 2716 3094 necessarios,
2752 3036 2807 3083 et
2843 3025 3066 3082 fratrum
3093 3027 3184 3097 qui
3213 3024 3357 3097 apud
3387 3040 3509 3080 eum
3548 3017 3796 3094 hospitio

2209 3119 2567 3190 excipiuntur,
2598 3127 2657 3171 ut
2687 3116 2783 3187 ipsi
2815 3115 2960 3170 nullo
2990 3114 3151 3170 modo
3173 3114 3465 3184 priventur,
3493 3112 3797 3167 secundum

2136 3244 2179 3303 Ο
2212 3208 2449 3263 divinum
2488 3205 2801 3277 Apostolum
2830 3205 3095 3259 (licentem
3130 3221 3142 3255 :
3180 3201 3443 3256 Habentes
3467 3202 3714 3255 alimenta
3742 3214 3799 3255 et

2214 3297 2395 3369 quibus
2436 3306 2670 3369 tegamur
2696 3297 2760 3350 iis
2803 3294 3027 3349 contenti
3078 3310 3251 3347 sumus
3290 3294 3309 3364 (
3342 3291 3370 3345 1
3396 3290 3527 3346 Tim.
3559 3308 3631 3358 vr,
3660 3290 3737 3361 8)
3778 3312 3791 3344 :

2213 3386 2357 3456 quod
2380 3386 2426 3440 si
2456 3392 2739 3440 contentus
2766 3381 2880 3437 istis
2900 3396 3006 3436 non
3034 3371 3210 3444 fuerit,
3242 3387 3297 3434 et
3323 3378 3376 3433 in
3404 3394 3530 3434 usus
3556 3395 3682 3434 suos
3704 3394 3797 3434 res

2214 3474 2456 3530 ecclesize
2492 3479 2812 3541 convertat,
2859 3480 2914 3526 et
2956 3470 3096 3525 illius
3142 3470 3382 3535 reditus,
3413 3470 3498 3526 vel
3539 3484 3795 3538 agrorum

2213 3562 2438 3631 fructus,
2468 3562 2584 3617 sine
2613 3562 3050 3632 presbyterorum
3094 3557 3177 3613 vel
3206 3556 3553 3613 diaconorum
3582 3566 3798 3611 senten-

2215 3655 2284 3708 tia
2319 3660 2632 3724 pertractet,
2673 3649 2766 3706 sed
2811 3648 3122 3704 domesticis
3149 3655 3204 3702 et
3230 3644 3473 3716 cognatis
3498 3645 3584 3700 vel
3610 3645 3798 3700 fratri-

2211 3746 2329 3813 bus,
2360 3744 2447 3799 vel
2476 3742 2599 3799 ﬁliis
2626 3748 2948 3812 potestatem
2977 3737 3269 3804 concedat;
3301 3745 3360 3793 ut
3386 3737 3491 3793 hoc
3516 3736 3678 3792 modo
3696 3752 3793 3792 ra-

2211 3838 2386 3893 tiones
2409 3835 2663 3891 Ecclesia:
2692 3832 2857 3888 tacite
2883 3830 3263 3886 detrimentum
3288 3829 3522 3900 capiant,
3555 3829 3670 3899 ipse
3697 3844 3795 3900 sy-

2214 3928 2356 3984 nodo
2396 3925 2687 3999 provincizn
2714 3922 3195 3987 administrationis
3219 3923 3454 3978 rationes
3496 3920 3705 3977 reddat.
3734 3921 3796 3977 Si

2212 4028 2395 4076 autem
2422 4028 2478 4075 et
2519 4020 2678 4074 aliter
2707 4017 3046 4073 insimuletur
3080 4015 3385 4084 episcopus,
3415 4013 3500 4068 vel
3546 4012 3639 4082 qui
3666 4022 3799 4068 sunt

2210 4127 2333 4169 cum
2358 4126 2425 4167 eo
2451 4108 2770 4182 presbyteri,
2802 4122 2869 4163 ea
2904 4120 3023 4177 quae
3070 4104 3141 4160 ad
3172 4103 3454 4160 ecclesiam
3498 4102 3793 4171 pertinent,

2210 4202 2299 4257 vel
2321 4216 2388 4257 ex
2414 4198 2555 4269 agris
2568 4196 2653 4254 vel
2674 4213 2743 4254 ex
2770 4209 3091 4268 quacunque
3114 4194 3217 4249 alia
3237 4207 3398 4249 causa
3424 4191 3800 4248 ecclesiastica

2211 4290 2279 4347 ad
2300 4290 2508 4361 seipsos
2532 4286 2757 4354 referre,
2789 4293 2847 4341 ut
2891 4298 3154 4356 pauperes
3195 4282 3591 4354 opprimantur,
3621 4288 3677 4334 et
3704 4295 3799 4334 ra-

2211 4380 2344 4434 tioni
2372 4376 2632 4441 ecclesiae,
2664 4376 2728 4431 iis
2750 4374 3029 4445 quequisic
3054 4371 3450 4435 administrant,
3483 4368 3799 4425 criminatio

2208 4481 2267 4528 et
2292 4446 2507 4526 infamia
2534 4468 2796 4523 inuratur.
2814 4465 2880 4520 Hi
2899 4466 3061 4520 etiam
3072 4463 3465 4521 correctionem
3490 4474 3795 4529 asseqnan-

2213 4576 2320 4633 tur,
2352 4570 2537 4621 sancta
2564 4558 2774 4634 synodo
2800 4560 2853 4615 id
2876 4556 3020 4628 quod
3050 4557 3223 4623 decet,
3253 4555 3615 4612 examinante.
3704 4554 3712 4562 '

532 4672 3773 4713 Μ

1497 4796 2049 4904 CONCILII
2128 4788 2767 4896 LAODICEN
2775 4786 2815 4890 Ι

1588 4963 1951 5029 CANONES
1995 4960 2142 5022 LIX
2186 4960 2334 5040 (An.
2363 4957 2513 5022 Chr.
2567 4952 2709 5037 36h)

2022 5104 2287 5123 ﬂ

603 5216 657 5273 ρε
676 5237 689 5250 .
714 5198 833 5272 Περί
852 5202 941 5253 τοῦ
962 5193 1070 5251 δεῖν
1094 5195 1229 5250 κατά
1248 5194 1330 5249 τόν
1349 5191 1753 5252 ίκκλησιαστικόν
1779 5192 1978 5261 κανόνα,
1995 5194 2108 5252 τ.ύς

2285 5186 2397 5243 CV.
2426 5182 2495 5229 -ὲ
2524 5184 2575 5238 t.
2613 5183 2768 5251 Quod
2787 5191 3021 5253 oportet,
3050 5179 3339 5238 secundum
3368 5175 3803 5235 ecclesiasticum

525 5290 797 5365 ἐλευθέρως
841 5291 925 5343 καί
960 5289 1182 5359 νομίμως
1216 5288 1560 5358 συναᾳθίντας
1601 5283 1855 5362 δευτέροις
1897 5286 2111 5359 γάμοις,

524 5394 596 5458 μὴ
621 5388 956 5461 λαθρογαμίαν
980 5387 1311 5451 ποιήσαντας,
1339 5384 1506 5455 ὀλίγου
1533 5383 1725 5457 χρόνον
1754 5381 2110 5456 παρελθόντος,

525 5484 610 5537 καί
637 5479 1009 5549 σχολασάντων
1045 5484 1165 5537 ταῖς
1200 5482 1527 5551 προσευχαῖς
1570 5477 1655 5530 καί
1690 5477 1945 5535 νηστείαις
1984 5474 2113 5527 κατά

526 5577 829 5645 συγγνώμην
860 5566 1186 5625 ἀποδίδοσθαι
1210 5568 1377 5629 αὐτοῖς
1406 5574 1497 5626 τήν
1524 5568 1770 5622 κοινωνίαν
1809 5567 2084 5640 ὡρίσαμιν.

597 5743 698 5819 ρξ’.
714 5747 834 5821 Περὶ
855 5744 1104 5812 τοῧ,τούς
1128 5743 1564 5815 ἐξαμαρτάνοντας
1586 5740 1633 5792 ἐν
1651 5736 1904 5811 διαφόροις
1921 5738 2109 5792 πταίει-

526 5848 715 5907 meo.
736 5838 820 5893 καί
846 5839 1355 5900 προσκαρτεροῦντας
1391 5839 1452 5891 τῆ
1487 5836 1768 5903 προσευχῆ
1806 5836 1896 5887 τῆς
1935 5824 2110 5893 ἐξομο-

2213 5290 2500 5343 canonem,
2551 5287 2646 5330 eos
2694 5273 2787 5344 qui
2835 5272 3005 5329 libere
3051 5279 3107 5328 et
3147 5270 3387 5341 legitime
3412 5268 3551 5325 binis
3594 5268 3805 5337 nuptiis

2209 5367 2377 5438 juncti
2404 5373 2548 5434 sunt,
2581 5378 2754 5434 neque
2792 5362 3185 5419 clandestinum
3211 5358 3610 5415 matrimonium
3656 5357 3802 5412 inie-

2216 5467 2358 5524 runt,
2390 5456 2585 5526 exiguo
2616 5463 2858 5524 tempore
2881 5453 3086 5524 elapso,
3132 5459 3417 5523 postquam
3459 5447 3713 5519 precibus
3744 5461 3806 5501 et

2213 5548 2429 5619 ieiuniis
2449 5546 2778 5611 vacaverint,
2800 5544 3097 5601 secundum
3144 5541 3524 5611 indulgentiam
3553 5553 3803 5595 commn-

2216 5625 2590 5708 ninnem'ipsis
2618 5635 2764 5694 reddi
2792 5635 3088 5691 deﬁnimus.

2283 5727 2416 5783 CVI.
2448 5755 2519 5767 ——
2544 5726 2597 5782 2.
2640 5726 2793 5794 Quod
2818 5734 3051 5796 oportet,
3084 5739 3179 5781 eos
3216 5722 3307 5792 qui
3335 5720 3562 5777 diversis
3587 5719 3806 5776 delictis

2215 5823 2597 5891 peccaverunt,
2626 5824 2681 5871 et
2712 5816 2764 5870 in
2789 5816 3029 5870 oratione
3067 5809 3421 5868 confessionis
3447 5816 3503 5865 et
3526 5812 3800 5880 paeniten-
