3946 6336
189 333 258 389 09
1137 332 1360 391 CODEX
1397 334 1721 390 CANONUM
1771 334 2139 393 liNlVERS/E
2181 341 2552 398 ECCI.ESI.€.
3413 350 3480 405 ’10

187 447 445 518 iur/ricam;
466 449 550 500 καί
579 445 869 516 μετανοίας,
902 449 986 501 καί
1014 453 1102 506 τήν
1139 449 1458 520 ἀποστροφήν
1498 457 1596 504 τῶν
1624 459 1790 505 κακῶν

1923 454 1979 507 i:e
2015 466 2384 524 perseverant,
2436 456 2727 526 perfectam
2774 472 2805 512 ιι
2854 461 3006 516 malis
3037 463 3149 516 suis
3175 466 3484 520 conversio-

185 541 382 594 τελείαν
407 541 764 608 ποιουμένους,
789 541 918 594 κατά
941 545 1032 599 τὴν
1052 543 1315 614 ἀναλογίαν
1334 549 1421 596 τοῦ
1441 546 1791 616 πταίσματος.

188 638 366 704 καιροῦ
391 635 666 700 μετανοίας
690 629 916 692 δοθέντος
935 639 1043 690 τοῖς
1063 634 1324 698 τοιούτοις,
1353 631 1436 688 διὰ
1461 634 1584 694 τοὺς
1613 638 1794 710 οἰκτιρ-

188 725 316 790 fxo-5;
345 723 432 775 καί
458 727 552 780 τὴν
591 721 883 795 ἀγαθὰ-ητα
913 725 1007 776 τοῦ
1038 729 1165 778 Θεοῦ
1199 723 1553 800 προσάγεσθαι
1587 733 1649 795 τῇ
1693 745 1795 780 κοι-

189 817 342 888 νωνίᾳ
353 851 363 862 -

258 903 361 980 ρξ’.
395 907 517 982 Περὶ
542 910 658 971 τοῦ,
678 911 749 976 μή
769 904 872 961 δεῖν
895 905 1186 982 πρόσφατον
1214 904 1569 982 [προσφάτως]
1599 927 1782 979 φωτισ-

190 996 395 1059 θέντας.
419 997 772 1068 προσάγεσθαι
793 996 842 1048 iv
861 997 1084 1068 τάγματι
1113 996 1368 1072 ίερατικῷ.

262 1104 370 1176 ρι’.
401 1109 520 1182 Περὶ
546 1114 663 1173 τοῦ,
687 1112 756 1179 μή
781 1104 882 1162 δεῖν
908 1108 1190 1183 ίερατικοὺς
1227 1107 1466 1174 δανείζειν
1497 1113 1584 1165 καὶ
1613 1111 1796 1175 τόκους

192 1198 274 1249 καὶ
306 1197 406 1258 τάς
431 1199 699 1270 λεγομένας
725 1200 949 1269 ἡμιολίας
969 1200 1256 1272 λαμϐάνειν.

262 1305 357 1380 ρσ.
389 1311 510 1382 Περί
538 1315 652 1374 τοῦ,
683 1313 754 1378 μὴ
789 1308 895 1365 δεῖν
933 1313 1028 1372 τάς
1057 1313 1379 1385 χειροτονίας
1423 1313 1505 1367 ἐπὶ
1529 1316 1794 1388 παρουσίᾳ

194 1400 532 1473 ἀκροωμένων
552 1402 799 1472 γίνεσθαι.

262 1507 348 1585 ρι’.
388 1515 509 1585 Περὶ
547 1518 667 1577 τοῦ,
700 1518 767 1583 μή
797 1523 1098 1589 συγχωρεῖν
1134 1523 1242 1577 τοῖς
1275 1516 1551 1590 αἱρετικοῖς
1591 1518 1796 1572 εἰσιέναι

197 1603 267 1661 είς
294 1605 383 1657 τὸν
409 1601 541 1658 οἶκον
562 1612 652 1660 τοῦ
683 1612 834 1672 Θεοῦ,
861 1608 1184 1675 ἐπιμένοντας
1210 1616 1272 1682 τῇ
1300 1609 1513 1682 αἱρέσει.

263 1775 393 1852 ρια.
437 1781 556 1851 Περὶ
599 1785 724 1844 τοῦ,
757 1781 876 1839 τοὺς
927 1782 982 1834 ἐκ
1025 1787 1123 1835 τῶν
1160 1781 1422 1856 αἱρέσεων,
1467 1785 1601 1839 τοῦτ’
1629 1783 1786 1850 ἔστιν,

200 1875 543 1932 Νουατιανῶν,
573 1867 680 1925 ἦτοι
726 1878 1055 1924 Φωτεινιανῶν
1096 1870 1126 1930 ἦ
1160 1873 1795 1948 Τεσσαρεσκαιδεκστιτῶν

200 1955 691 2030 ίπιστρεξομένους,
725 1958 812 2017 ἥτε
858 1963 1071 2020 πιστοὺς
1112 1963 1234 2024 τοὺς
1280 1965 1400 2042 παρ’
1445 1966 1683 2029 ἐκείνοις,
1723 1971 1795 2035 μή

200 2047 611 2123 προσδέχεσθαι,
641 2055 761 2124 πρὶν
789 2054 1196 2124 ἁναθεματίσωσι
1221 2063 1393 2112 πᾶσαν
1414 2059 1629 2132 αἵρεσιν,
1657 2057 1792 2122 ἐξαι-

201 2144 364 2214 ρέτως
397 2141 451 2197 δὲ
487 2145 536 2197 ἐν
567 2142 939 2218 ᾖκατείχοντο’
978 2151 1063 2201 καί
1088 2149 1201 2202 τότε
1229 2149 1397 2203 λοιπόν
1434 2153 1552 2211 τοὺς
1589 2151 1794 2222 λεγομέ-

203 2253 318 2292 νους
340 2232 466 2308 παρ’
494 2236 663 2295 αὐτοῖς
686 2237 921 2300 πιστοὺς,
949 2237 1347 2306 ἐκμανθάνοντας
1369 2242 1434 2295 τά
1453 2249 1544 2302 τῆς
1572 2243 1795 2303 πίστεως

201 2323 468 2394 σύμϐολα,
501 2325 807 2400 χρισθέντας
836 2345 888 2380 τε
919 2334 990 2396 τῷ
1030 2327 1156 2397 ἁγίῳ
1189 2330 1480 2402 χρίσματι,
1527 2329 1661 2385 οὕτω
1690 2352 1793 2386 κοι-

206 2423 382 2467 δωνεῖν
405 2423 474 2484 τῷ
502 2418 773 2487 μυστηρίῳ
793 2423 866 2488 τῷ
895 2415 1045 2488 ἁγίῳ.

270 2525 399 2602 pug.
430 2531 546 2601 Περί
585 2534 676 2582 τοῦ
696 2567 711 2592 ,
742 2530 863 2589 τοὺς
890 2529 990 2583 ἀπὸ
1017 2526 1085 2600 [οῗ
1111 2533 1444 2600 μοντανισταί
1471 2533 1517 2587 οἷ
1544 2529 1672 2601 άπὸ]
1696 2540 1795 2592 τῆς

201 2619 452 2691 uspiam);
489 2625 587 2672 τῶν
620 2619 895 2692 λεγοβνων
939 2627 1143 2694 Φρυγῶν
1190 2622 1582 2693 ὶππτρέφοντας
1632 2621 1793 2692 [ἐπι-

204 2707 554 2782 στρέφοντες],
570 2711 613 2762 εἰ
637 2710 718 2763 καί
746 2711 795 2763 ἐν
823 2709 985 2785 κλήρῳ
1007 2712 1310 2782 νομιζομένῳ
1329 2711 1450 2787 παρ’
1470 2713 1644 2773 αὐτοῖς
1668 2734 1794 2786 τυγ-

208 2803 416 2870 ζάνοιεν
461 2798 843 2871 [τυγχάνουσι],
889 2803 936 2856 εἱ
990 2805 1068 2882 καί
1110 2804 1340 2875 μέγιστοι
1377 2802 1630 2875 λέγοιντο,
1674 2805 1796 2863 τούς

207 2893 469 2949 τοιούτους
499 2892 628 2959 μετὰ
671 2891 839 2951 πάσης
880 2891 1166 2961 ἐπιμελείας
1215 2894 1566 2963 κατηχεῖσθαί
1603 2914 1658 2949 τε
1710 2895 1798 2948 καί

209 2983 549 3044 εαπτίζεσθαι
587 2982 686 3036 ὑπὸ
723 2987 822 3035 τῶν
862 2989 953 3041 τῆς
981 2980 1246 3042 ἐκκλησίας
1288 2983 1583 3038 ἐπισκόπων
1626 3003 1680 3038 τε
1713 2985 1795 3038 καί

210 3072 594 3146 τρεσϐυτέρων.

280 3164 404 3240 pri.
433 3169 548 3240 Περὶ
569 3173 662 3221 τοῦ
680 3208 691 3225 .
722 3168 794 3235 μὴ
824 3172 1123 3240 συγχωρεῖν
1145 3168 1217 3226 είς
1250 3170 1319 3221 τά
1346 3186 1644 3243 κοιμητηρια
1663 3168 1692 3225 ἦ
1723 3169 1794 3227 είς

211 3259 275 3311 τά
314 3256 553 3327 λεγόμενα
580 3257 841 3331 μαρτύρια
894 3258 1096 3310 πάντων
1142 3263 1242 3312 τῶν
1282 3257 1546 3328 αἱρετικῶν
1595 3257 1797 3312 ἀπιέναι

210 3352 337 3408 τοὺς
364 3356 452 3408 τῆς
479 3348 767 3414 ἐκκλησίας,
799 3349 959 3418 εὐχῆς
987 3347 1016 3408 ἧ
1049 3350 1314 3422 θεραπείας
1341 3350 1504 3404 ἕνεκα·
1532 3349 1657 3405 ἀλλά
1679 3352 1796 3411 τοὺς

211 3441 494 3501 τοιούτους,
538 3441 620 3492 ἐάν
650 3436 748 3494 ὦσι
773 3441 969 3504 πιστοί,
992 3440 1352 3500 άκοινωνήτους
1388 3440 1611 3508 γίνεσθαι
1637 3441 1799 3514 μέχρι

209 3532 383 3591 τινός-⁸
417 3537 788 3601 μετανοοῦντας
815 3529 868 3586 δέ
898 3534 982 3586 καί
1007 3530 1485 3606 ίξομολογουμένους
1525 3532 1740 3588 ἕσοάλθα
1781 3571 1798 3596 ,

212 3619 626 3692 παραδέχεσθαι.

284 3732 401 3811 ριδ.
432 3738 548 3806 Περί
573 3740 697 3796 τοῦ,
725 3736 796 3804 μή
823 3730 922 3788 δεῖν
949 3734 1072 3792 τοὺς
1100 3740 1192 3793 τῆς
1220 3732 1486 3792 ίκκλησίας
1516 3729 1800 3806 ἀδιαφόρως

214 3827 346 3901 πρὸς
370 3827 534 3897 γάμου
560 3826 812 3879 κοινωνίαν
840 3825 1114 3878 συνάπτειν
1143 3825 1206 3878 τά
1231 3823 1423 3878 ἑαυτῶν
1450 3820 1630 3879 παιδία
1657 3825 1798 3898 ατρε·

212 3924 402 3977 τικαῐς.

283 4002 536 4084 ριεΤΠερὶ
556 4013 672 4071 τοῦ,
694 4012 763 4074 μή
786 4005 887 4062 δεῖν
908 4009 1003 4067 τάς
1029 4006 1300 4080 λεγομένας
1319 4003 1668 4081 πρεσϐύτιδας
1688 4005 1802 4066 ἦτοι

215 4101 624 4179 προκαθημένας,
657 4100 704 4152 ἐν
732 4099 970 4174 ἐκκλησίᾳ
998 4099 1359 4153 καθίστασθαι.

283 4191 410 4267 ρις-’.
435 4195 552 4268 Περὶ
572 4195 688 4256 τοῦ,
719 4193 839 4250 τοὺς
871 4190 1180 4249 ἐπισκόπους
1206 4190 1370 4266 κρίσει
1397 4196 1497 4245 τῶν
1539 4209 1802 4263 μητροποο

215 4282 362 4336 λιτῶν
391 4285 478 4335 καί
506 4288 606 4336 τῶν
639 4281 782 4354 πέριξ
816 4281 1104 4334 ἐπισκόπων
1143 4280 1476 4334 καθίστασθαι
1511 4282 1582 4340 εἰς
1607 4284 1696 4338 τήν
1725 4281 1804 4333 ix-

215 4375 580 4431 πλησιαστικὴν
607 4375 798 4446 ἀρχὴν,
830 4368 976 4432 ὄντας
1006 4373 1058 4424 έκ
1091 4371 1276 4426 πολλοῦ
1315 4369 1798 4442 δεδοκιμασμένους,

216 4461 274 4517 ἒν
295 4483 348 4517 τε
372 4471 446 4533 τῷ
472 4463 600 4535 λὴῳ
636 4471 727 4522 τῆς
745 4459 990 4529 πίστεως,
1013 4464 1097 4516 καὶ
1118 4469 1179 4535 τῇ
1206 4469 1295 4517 τοῦ
1325 4463 1510 4523 εὐθέως
1538 4463 1690 4534 λόγου
1715 4483 1805 4517 πο-

212 4553 399 4627 λιτιίᾳ.

284 4643 403 4717 ριξ.
443 4645 560 4716 Περὶ
584 4647 697 4705 τοῦ,
724 4646 794 4713 μή
817 4648 923 4702 τοῖς
946 4638 1124 4712 ὄχλοις
1149 4642 1438 4719 ίπιτρέπειν
1465 4645 1559 4704 τὰς
1589 4645 1796 4718 ἐκλογάς

222 4737 471 4791 ποιεῖσθαι
498 4741 598 4789 τῶν
617 4733 893 4804 μελλόντων
921 4735 1256 4789 καθίστασθαι
1281 4738 1354 4795 εἰς
1383 4734 1644 4810 ίερατεῐον.

288 4913 407 4988 ρυί.
444 4916 563 4987 Περί
589 4921 702 4977 τοῦ,
734 4918 801 4982 μή
828 4913 893 4967 τά
935 4911 1057 4985 ἅγια
1097 4913 1168 4972 είς
1214 4911 1356 4984 λόγον
1401 4911 1631 4983 εὐλογιῶν
1667 4913 1799 4968 κατὰ

215 5011 310 5065 τήν
334 5005 509 5077 ἑορτὴν
531 5012 627 5062 τοῦ
643 5006 856 5076 πάσχα,
894 5007 968 5063 είς
999 5003 1176 5077 ἑτέρας
1214 5002 1481 5078 παροικίας
1512 4999 1797 5073 διαπέμπε-

216 5101 359 5154 σθαι.

287 5188 403 5264 ριν.
445 5192 563 5264 Περί
586 5194 700 5253 τοῦ,
728 5193 798 5260 μή
841 5185 943 5244 δεῖν
980 5188 1128 5244 πλέον
1164 5195 1266 5244 τῶν
1313 5186 1571 5242 κανονικῶν
1599 5184 1800 5257 ψαλτῶν

213 5287 317 5336 τίη
361 5282 451 5334 cui
485 5279 576 5335 τὸν
610 5277 828 5351 ἄμϐωνα
871 5279 1255 5343 ἀναϐαινόντων,
1306 5281 1390 5335 καὶ
1426 5277 1528 5333 ἀπὸ
1573 5276 1800 5352 διφθέρας

209 5372 523 5444 Win,
549 5371 756 5446 έτέρονς
778 5373 916 5432 τινὰς
937 5370 1140 5442 ψάλλειν
1169 5371 1220 5424 ἐν
1243 5369 1502 5444 ἐκκλησίᾳ.

281 5464 378 5540 ρκ’.
423 5466 540 5538 Περί
579 5470 666 5520 τοῦ
695 5505 711 5529 ,
759 5465 809 5520 έν
854 5465 1099 5536 σαϐϐάτῳ
1147 5459 1412 5539 εὐαγγέλια
1457 5462 1565 5534 μεθ’
1611 5463 1791 5541 έτίρων

207 5567 410 5628 γραφῶν
435 5557 881 5627 άναγινῶσκεσθαι.
1450 5560 1453 5563 ’

279 5644 389 5710 ρκα¹
454 5649 572 5718 Περὶ
596 5652 710 5710 τοῦ,
736 5652 806 5718 μὴ
841 5645 943 5701 δεῖν
972 5646 1357 5709 ίπισυνάπτειν,
1387 5647 1440 5700 ίν
1480 5651 1596 5706 ταῖς
1635 5645 1793 5700 συνά-

201 5736 308 5796 Esau
333 5738 462 5796 τοὺς
491 5735 747 5807 ψαλμοὺς,
773 5736 899 5793 ἀλλά
930 5736 1010 5794 διά
1033 5739 1194 5808 μέσον
1232 5734 1339 5793 καθ’
1358 5735 1570 5794 ἔκαστον
1597 5733 1792 5808 ψαλμὸν

204 5831 432 5892 γυτσθαε
459 5829 762 5892 ἀνάγνωσιν.

1898 559 2020 598 nem
2067 545 2518 614 demonstrantes,-
2570 565 2667 618 pro
2714 550 2976 620 qualitate
3014 553 3196 608 delicti
3242 566 3486 625 tempore

1893 636 2223 704 ptenilentize
2262 640 2339 694 eis
2368 638 2517 704 (lato,
2543 648 2764 709 propter
2794 642 3216 698 misericordiam
3245 653 3300 700 et
3330 647 3486 702 boui-

1895 733 2062 780 tatem.
2089 726 2204 791 Dei,
2241 730 2671 784 communionem
2699 732 2942 786 concedi.

1966 892 2118 950 CVII.
2151 925 2220 934 —
2242 897 2292 951 5.
2327 897 2478 964 Quod
2508 913 2615 953 non
2645 908 2857 969 oportet
2887 916 3000 967 eos,
3030 904 3118 972 qui
3149 919 3338 962 recens
3358 914 3486 961 sunt

1893 987 2175 1058 baptizati,
2207 990 2259 1043 iu
2281 990 2526 1045 ordinem
2550 990 2946 1048 sacerdotalem
2977 997 3300 1064 promoveri.

1965 1100 2144 1156 CVIII.
2173 1134 2241 1142 —
2269 1099 2322 1154 4.
2365 1100 2518 1168 Quod
2559 1117 2665 1176 non
2706 1112 2926 1173 oportet
2971 1106 3282 1163 sacerdotes
3336 1108 3484 1165 fene-

1895 1191 2024 1257 rari,
2055 1200 2112 1247 et
2133 1207 2323 1247 usuras
2349 1207 2467 1261 quae
2494 1193 2801 1249 centesima:
2831 1195 3100 1260 dicuntur,
3143 1201 3409 1270 accipere.

1963 1302 2098 1358 CIX.
2131 1333 2201 1342 —
2226 1303 2278 1360 5.
2319 1303 2474 1372 Quod
2515 1320 2626 1362 non
2670 1316 2887 1378 oportet
2926 1309 3220 1366 electiones
3269 1311 3382 1368 Iieri
3427 1315 3482 1369 in

1893 1398 2175 1465 przesentia
2205 1397 2552 1454 audientium.

1965 1506 2075 1562 CX.
2106 1542 2177 1550 —
2197 1507 2250 1564 6.
2290 1508 2444 1577 Quod
2473 1527 2578 1566 non
2612 1519 2829 1582 oportet
2856 1513 3121 1570 haereticis
3157 1517 3478 1582 concedere,

1897 1609 1954 1656 ut
2003 1601 2056 1656 in
2105 1601 2321 1656 domum
2369 1603 2464 1658 Dei
2509 1603 2899 1672 ingrediantur,
2929 1605 2975 1661 si
3017 1606 3071 1660 in
3119 1607 3309 1663 hmresi
3355 1624 3480 1678 per-

1895 1700 2165 1746 maneant.

1965 1781 2100 1837 CXI.
2122 1816 2194 1826 -‹
2222 1784 2272 1838 7.
2313 1783 2466 1850 Quod
2499 1801 2604 1840 non
2644 1796 2860 1856 oportet
2907 1803 3001 1842 eos
3029 1789 3117 1857 qui
3165 1804 3232 1844 ex
3265 1790 3481 1845 luet-esi-

1895 1874 2014 1938 bus,
2046 1874 2152 1930 hoc
2180 1884 2261 1930 est
2289 1891 2319 1930 a
2349 1875 2679 1940 Novatianis,
2703 1887 2796 1932 aut
2817 1878 3166 1942 Photinianis,
3199 1889 3291 1934 aut
3310 1880 3482 1947 Quar-

1897 1964 2266 2032 tadecimanis',
2298 1973 2712 2035 convertuntur,
2737 1969 2847 2023 sive
2875 1969 2965 2038 qui
2989 1971 3128 2039 apud
3159 1970 3278 2025 illos
3301 1971 3483 2028 ﬁdeles

1896 2056 2168 2125 dicuntur,
2193 2057 2424 2122 admitti,
2455 2058 2767 2130 priusquam
2809 2076 3022 2115 onmem
3073 2063 3314 2116 haeresim
3346 2079 3480 2117 ana-

1895 2145 2380 2212 thematizaverint,
2415 2148 2680 2218 prmcipuc
2710 2165 2837 2203 vero
2865 2165 2982 2204 eam
3022 2151 3074 2204 in
3123 2167 3230 2220 qua
3274 2152 3482 2214 detine-

1887 2238 2089 2292 bantur
2121 2255 2133 2290 :
2164 2244 2218 2291 et
2248 2245 2374 2293 tunc
2420 2238 2694 2307 deinceps,
2737 2239 2829 2308 qui
2878 2239 3022 2310 apud
3060 2255 3155 2296 eos
3184 2240 3367 2296 fideles
3395 2241 3478 2295 di-

1895 2334 2108 2394 cuntur,
2154 2325 2277 2380 ﬁdei
2319 2327 2563 2398 symbola
2613 2327 2903 2396 discentes,
2955 2337 3008 2382 et
3057 2337 3247 2385 unctos
3292 2340 3480 2386 sancto

1897 2419 2204 2483 chrismate,
2235 2419 2313 2475 sic
2339 2430 2528 2475 saneto
2559 2420 2816 2490 mysterio
2845 2422 3261 2477 communicare.

1966 2528 2120 2584 CXII.
2152 2561 2224 2570 —
2245 2529 2301 2586 8.
2341 2529 2492 2597 Quod
2517 2539 2730 2600 oportet
2772 2547 2890 2600 eos,
2914 2533 3007 2602 qui
3043 2533 3112 2588 ab
3152 2549 3339 2590 eorum
3368 2535 3481 2590 hte-

1895 2621 2000 2675 resi
2029 2621 2119 2690 qui
2145 2620 2380 2692 Phryges
2407 2621 2682 2691 dicuntur,
2703 2631 3108 2693 convertuntur,
3142 2625 3264 2680 licet
3293 2627 3400 2680 siut
3429 2628 3484 2682 in~

1895 2711 2042 2766 clero
2072 2711 2164 2780 qui
2191 2712 2331 2782 apud
2360 2727 2455 2768 eos
2484 2728 2603 2768 esse
2631 2713 2888 2782 creditur,
2915 2715 3028 2770 sive
3051 2716 3267 2769 maximi
3297 2715 3482 2772 dican-

1898 2811 2005 2868 tur,
2035 2800 2336 2872 hujusmodi
2387 2819 2509 2859 cum
2555 2804 2702 2859 omni
2745 2803 3017 2874 diligentia
3060 2806 3386 2861 'catechizari
3428 2815 3482 2860 et

1895 2893 2154 2966 baptizari
2175 2895 2244 2951 ab
2263 2893 2512 2954 Ecclesia:
2542 2896 2812 2968 episcopis
2839 2906 2895 2952 et
2921 2897 3265 2969 presbyteris.

1973 3150 2303 3206 CXIII.—9.
2344 3152 2459 3208 Non
2490 3154 2894 3210 concedendum
2919 3171 3039 3212 esse
3067 3158 3121 3212 in
3149 3159 3485 3224 cmmeteria,

1899 3243 1987 3298 vel
2016 3245 2068 3298 in
2106 3258 2169 3298 ea
2191 3259 2310 3312 quze
2338 3243 2588 3300 dicuntur
2616 3246 2870 3318 martyria
2922 3250 3233 3318 quorumvis
3272 3250 3484 3305 haareti-

1900 3348 2107 3399 corum,
2140 3349 2235 3389 eos
2263 3334 2354 3404 qui
2385 3344 2510 3389 sunt
2533 3333 2802 3402 Ecclesim,
2835 3339 3092 3395 accedere
3120 3341 3385 3397 orationis
3405 3341 3486 3399 vel

1897 3424 2183 3481 curationis
2212 3425 2402 3494 gratia.
2445 3425 2550 3480 Sed
2594 3426 2896 3495 hujusmodi
2937 3429 2982 3482 si
3032 3431 3216 3487 Iideles
3257 3431 3477 3496 fuerint,

1899 3515 2287 3586 aliquantisper
2333 3519 2714 3574 communione
2757 3520 2954 3590 privari
2989 3540 3001 3574 :
3035 3523 3118 3577 sin
3161 3524 3487 3593 pmnitentes

1900 3615 2080 3661 autem
2109 3615 2163 3662 et
2183 3606 2502 3662 conﬁtentes
2523 3622 2581 3663 se
2608 3609 2916 3677 deliquisse,
2946 3612 3161 3681 suscipi.

1970 3717 2148 3772 CXIV.
2173 3747 2244 3756 —
2270 3718 2357 3774 I0.
2397 3719 2551 3786 Quod
2581 3736 2689 3775 non
2718 3731 2936 3791 oportet
2964 3739 3078 3788 eos,
3123 3725 3215 3794 qui
3241 3735 3368 3782 sunt
3389 3723 3487 3782 Ec-

1900 3807 2095 3874 clesize,
2129 3807 2495 3864 indifferenter
2520 3809 2658 3866 Iilios
2686 3827 2813 3867 suos
2849 3813 3117 3870 hmreticis
3147 3817 3489 3872 matrimonio

1903 3898 2250 3969 conjungere.

1972 3987 2130 4041 CXV.
2155 4021 2226 4031 —
2254 3987 2339 4044 II.
2381 3988 2534 4056 Quod
2562 4006 2670 4046 non
2699 4001 2917 4063 oportet
2943 4008 3064 4061 cas,
3097 4009 3215 4064 qua:
3240 3996 3488 4053 dicuntur

1902 4077 2076 4132 viduae
2097 4079 2362 4148 seniores,
2379 4081 2464 4136 vel
2489 4081 2856 4150 praesidentes,
2876 4083 2929 4138 in
2959 4085 3191 4142 ecclesia
3213 4089 3487 4144 constitui.

1973 4178 2157 4234 CXVI.
2188 4213 2260 4223 —
2287 4179 2372 4235 12.
2414 4179 2573 4248 Quod
2600 4190 2816 4252 oportet
2841 4185 3124 4257 episcopos
3148 4187 3351 4256 judicio
3371 4204 3488 4244 me-

1904 4267 2352 4338 tr0politanorum
2376 4277 2431 4324 et
2460 4269 2807 4325 ﬁnitimorum
2832 4273 3209 4344 episcoporum
3230 4277 3297 4332 ad
3317 4277 3488 4332 eccle-

1904 4357 2178 4412 siasticum
2223 4358 2593 4426 magistratum
2635 4361 2920 4428 constitui,
2971 4363 3201 4433 plurimo
3247 4373 3490 4435 tempore

1904 4449 2164 4519 probatos
2192 4456 2249 4505 et
2283 4450 2338 4503 in
2361 4450 2528 4506 verbo
2559 4449 2682 4507 ﬁdei
2729 4458 2784 4506 et
2812 4451 2867 4507 in
2917 4453 3050 4508 recti
3077 4453 3227 4508 verbi
3269 4454 3488 4524 disperii

1830 4566 1880 4628 ι)
1904 4541 2132 4594 satione.

1973 4627 2176 4684 CXVII.
2205 4657 2279 4668 —-
2302 4629 2388 4684 I5.
2412 4630 2568 4697 Quod
2617 4645 2724 4686 non
2763 4631 2833 4685 sit
2866 4629 3286 4701 permittendum
3317 4631 3486 4688 turbis

1901 4718 2196 4773 electiones
2242 4733 2430 4774 eorum
2486 4719 2664 4774 facere
2707 4719 2799 4788 qui
2852 4720 2906 4774 in
2945 4719 3250 4776 sacerdotio
3286 4722 3487 4776 consti-

1902 4807 2085 4862 tuendi
2114 4816 2258 4863 sunt.

1970 4895 2195 4954 CXVIII.
2225 4893 2409 4951 -14,
2441 4896 2595 4964 Quod
2648 4907 2855 4961 sancta,
2907 4898 3076 4954 instar
3125 4900 3484 4969 eulogiarum,

1901 4988 1953 5044 in
1985 4987 2122 5042 festo
2149 4987 2362 5044 Pascha:
2390 4987 2446 5043 in
2473 4988 2608 5044 alias
2635 4990 2907 5061 partecias
2934 4991 3225 5047 transmitti
3251 5007 3363 5048 non
3387 4992 3486 5049 de-

1899 5071 2082 5129 beant.

1971 5166 2154 5222 CXIX.
2189 5200 2261 5210 —
2283 5168 2369 5224 I5.
2402 5169 2556 5236 Quod
2587 5185 2694 5225 non
2723 5179 2941 5241 oportet
2968 5179 3168 5242 prmter
3194 5173 3486 5228 canonicos

1900 5267 2169 5326 cantores,
2192 5261 2285 5331 qui
2321 5262 2606 5318 ambonem
2651 5261 2973 5329 ascendunt,
2999 5271 3056 5319 et
3078 5280 3146 5319 ex
3173 5265 3361 5321 codice
3386 5279 3482 5320 ca-

1901 5359 2056 5410 nunt.
2072 5351 2206 5408 alios
2231 5353 2500 5421 quoslibet
2527 5368 2724 5410 canere
2753 5354 2807 5408 in
2837 5354 3086 5411 ecclesia.

1973 5440 2132 5497 CXX.
2155 5472 2226 5483 —
2260 5441 2347 5497 16.
2379 5442 2532 5510 Quod
2579 5453 2794 5515 oportet
2832 5446 2888 5500 in
2924 5447 3150 5501 sabbato
3195 5443 3478 5512 Evangelia

1893 5557 2013 5598 cum
2043 5543 2161 5603 aliis
2186 5543 2478 5614 Scripturis
2506 5545 2632 5615 legi.

1965 5638 2149 5699 CXXI.
2187 5671 2254 5682 —
2283 5644 2370 5698 I7.
2401 5643 2555 5712 Quod
2597 5661 2703 5701 non
2757 5653 2972 5716 oportet
3023 5645 3075 5697 in
3123 5644 3477 5704 conventibus

1891 5733 2129 5804 psalmos
2175 5741 2488 5798 contexere,
2516 5733 2612 5788 sed
2641 5735 2693 5788 in
2723 5747 3047 5802 unoquoque
3074 5731 3281 5803 psalmo
3307 5734 3475 5790 Inter-

1890 5821 2034 5892 iecto
2057 5822 2253 5892 spatio,
2287 5821 2573 5878 lectionem
2602 5820 2728 5876 ﬁeri.
