3946 6336
467 347 524 400 ει
1706 359 2059 419 moxvsms
2097 361 2413 419 exrcucs.
3668 359 3739 414 72

530 465 659 539 φιϐ’.
703 471 819 541 Περί
866 478 976 535 τοῦ,
1028 476 1118 529 τήν
1165 474 1320 531 αὐτὸν
1361 474 1668 547 λειτουργίαν
1710 484 1809 530 τῶν
1869 481 2035 547 εὐχῶν

2214 476 2416 533 CXXII.
2449 500 2516 516 -δ
2551 478 2635 534 I8.
2668 481 2820 547 Quod
2855 483 3079 553 idipsum
3132 485 3483 546 ministerium
3522 497 3722 553 oratio-

460 556 677 610 πάντοτε
701 562 782 612 καί
802 560 852 614 ἐν
880 568 993 620 ταῖς
1018 559 1244 622 ἐννάταις
1266 566 1347 619 καὶ
1368 566 1417 618 ἐν
1438 573 1547 624 ταῖς
1572 566 1811 628 ἑσπέραις
1837 569 2041 639 ὀφείλειν

461 650 698 719 γίνεσθαι-

530 735 656 810 ρκγ’.
700 740 814 811 Περὶ
835 745 944 804 τοῦ,
976 737 1082 794 δεῖν
1110 739 1214 816 ἰδία
1236 752 1437 819 πρῶτον
1458 747 1583 815 μετά
1609 746 1692 805 τὰς
1722 745 1917 816 ὁμιλίας
1944 754 2041 801 τῶν

461 827 744 882 ἔπιστιόπων
773 838 872 884 τῶν
910 836 1303 905 κατηχουμέν·ι.ν
1348 838 1509 906 εὐχήν
1553 835 1908 898 ἐπιτελεῖσθαι,
1957 841 2043 891 καὶ

466 920 590 985 μετὰ
629 922 687 970 τὸ
738 922 941 983 ἐξελθεῖν
980 926 1101 982 τοὺς
1132 927 1567 995 κατηχουμένους,
1600 931 1698 980 τὼν
1729 929 1778 979 ἓν
1801 930 2041 1001 μετανοίᾳ

461 1016 548 1066 τὴν
581 1012 738 1079 εὐχήν
761 1013 1006 1081 γίνεσθαι,
1032 1017 1114 1067 καί
1144 1016 1336 1067 τούτων
1366 1016 1740 1084 προσελθόντων
1768 1017 1860 1069 ὑπὸ
1888 1025 2042 1091 χεῖρα

460 1103 543 1152 καὶ
580 1101 1053 1177 ὑποχωρησάντων,
1087 1106 1246 1164 οπως
1274 1109 1368 1166 τὰς
1397 1108 1559 1175 εὐχάς
1588 1114 1687 1160 τῶν
1732 1116 1930 1161 πιστῶν
1965 1110 2044 1178 Ὑί*

460 1192 633 1243 νεσθκι
659 1202 814 1264 τρείς“
858 1197 977 1260 μίαν
1006 1197 1097 1262 μέν
1128 1200 1216 1252 τήν
1241 1198 1470 1269 πρώτην,
1497 1195 1580 1250 διὰ
1610 1218 1644 1249 σ
1666 1205 1837 1256 ωπῆς⁹
1868 1203 1957 1255 τήν
1987 1195 2041 1251 δέ

460 1276 700 1356 δευτέραν
728 1285 810 1335 καὶ
834 1286 1022 1357 τρίτην,
1056 1283 1138 1338 διά
1160 1292 1569 1361 προσφωνήσεως
1592 1288 1926 1361 πληροῦσθαυ
1956 1284 2043 1341 εἶθ’

461 1369 620 1429 ο”τως
651 1378 738 1430 τὴν
770 1377 963 1445 εἰρήνην
995 1373 1243 1431 δίδοσθαι’
1285 1381 1370 1430 καὶ
1395 1382 1525 1448 μετὰ
1550 1379 1625 1443 τὸ,
1656 1380 2043 1454 πρεσϐυτέρους

461 1458 631 1513 δοῦναι
668 1471 739 1532 τῷ
770 1464 1033 1534 ἐπισκόπῳ
1074 1476 1162 1524 τήν
1191 1472 1407 1541 εἰρίνην.
1439 1470 1549 1524 τότε
1590 1472 1706 1529 τοὺς
1731 1470 1931 1530 λαῐκούς
1953 1475 2042 1528 τήν

459 1551 647 1625 εἰρήνην
676 1550 703 1606 δ
727 1551 861 1608 δόναι
881 1570 896 1585 ·
922 1559 1007 1609 καί
1030 1558 1163 1610 ο”τω
1193 1567 1280 1615 τήν
1304 1559 1449 1629 ἁγὼν
1486 1562 1775 1633 προσφοράν
1798 1561 2045 1615 ἐπιτελεῖ·

459 1641 578 1693 σθαι
596 1657 606 1669 ·
650 1645 729 1694 καὶ
754 1644 918 1709 μονοις
947 1648 1048 1710 ἐξὸν
1076 1643 1201 1701 εἶναι
1223 1650 1446 1719 (ἐξεναλ)
1470 1658 1574 1711 τοῖς
1599 1648 1862 1729 ἶερατικοῖς
1892 1654 2043 1707 εἰσιέ-

461 1754 542 1785 ναι
570 1735 640 1792 εἰς
668 1736 1049 1810 θυσιαστήριον,
1083 1744 1169 1793 καὶ
1197 1750 1461 1795 κοινωνεῖν.

2146 585 2291 635 num,
2320 578 2374 622 et
2397 570 2447 621 in
2480 572 2635 624 nonis
2662 580 2716 625 ct
2740 574 2979 642 vesperis
3008 575 3123 630 ﬁeri
3149 576 3359 632 debeat.

2213 743 2437 799 CXXIII.
2470 778 2541 787 —
2572 747 2653 800 I9.
2700 747 2852 813 Quod
2898 760 3130 820 oportet,
3179 768 3422 809 seorsum
3471 757 3731 826 primum,

2142 843 2265 904 post
2308 850 2584 891 sermones
2630 838 3024 908 episeoporum,
3057 842 3563 901 catechumenorum
3604 862 3737 904 ora-

2140 924 2342 979 tionem
2390 927 2591 996 peragi,
2623 936 2679 981 et
2726 938 3007 997 postquam
3061 933 3293 986 exierint
3347 937 3727 995 catechumeni

2140 1017 2513 1085 paenitentiam
2543 1021 2838 1075 orationem
2865 1020 3011 1088 lieri;
3037 1023 3207 1093 iisque
3232 1026 3606 1084 accedentibus
3631 1046 3733 1085 ac-

2142 1117 2296 1176 cepta
2322 1124 2576 1164 manuum
2606 1111 2969 1179 impositionc,
2997 1120 3051 1167 et
3081 1114 3515 1186 abscedentibus,
3543 1121 3621 1175 sic
3666 1119 3731 1171 II-

2142 1199 2338 1253 delium
2388 1208 2499 1255 tres
2543 1202 2815 1257 orationes
2856 1203 2974 1258 Iieri
3016 1222 3028 1258 :
3074 1220 3234 1260 unam
3255 1208 3495 1279 quidem,
3519 1213 3734 1267 scilicet

2142 1290 2391 1360 primam,
2444 1290 2676 1356 silentio,
2723 1293 3010 1348 secundam
3058 1311 3189 1351 vero
3235 1307 3290 1353 et
3346 1300 3558 1354 tertiam
3601 1317 3728 1372 pro-

2142 1382 2476 1435 nuntiatione
2514 1381 2742 1452 impleri,
2780 1382 2975 1438 deinde
3003 1385 3080 1439 sic
3119 1402 3309 1455 pacem
3338 1388 3472 1442 dari.
3506 1388 3569 1442 Et
3595 1406 3699 1459 pos

2144 1475 2393 1537 teaquam
2440 1471 2737 1542 presbyteri
2784 1472 3038 1542 episcopo
3076 1490 3263 1544 pacem
3303 1476 3567 1542 dederint,
3593 1488 3728 1535 tunc

2145 1558 2265 1613 laici
2285 1575 2401 1614 eam
2437 1560 2587 1615 dare.
2618 1559 2683 1614 Et
2710 1562 2786 1616 sic
2811 1572 3047 1617 sanctam
3076 1565 3403 1623 oblationem
3431 1568 3719 1625 celebrari.

2144 1647 2212 1702 Et
2257 1650 2384 1705 solis
2436 1651 2802 1707 sacerdotibus
2843 1654 3005 1709 licere
3037 1656 3105 1709 ad
3156 1658 3325 1727 altare
3361 1660 3637 1723 accedere,
3668 1671 3727 1717 et

2144 1742 2557 1796 communicare.

531 1823 660 1893 ρκδ.
697 1823 811 1881 Ὀτι
868 1834 923 1881 οὐ
977 1828 1056 1885 δεῖ
1097 1830 1321 1887 διᾶκονον
1366 1832 1650 1910 ἔμπροσθεν
1685 1839 2037 1915 πρεσϐυτέρου

2214 1828 2442 1885 CXXIV.
2474 1865 2545 1874 ——-
2570 1830 2657 1888 20'.
2690 1834 2844 1901 Quod
2875 1853 2982 1893 non
3022 1849 3236 1909 oportet
3274 1842 3557 1901 diaconum
3590 1860 3724 1907 ante

459 1916 772 1981 καθέζεσθαι,
805 1919 929 1972 ἀλλὰ
975 1924 1104 1989 μετά
1135 1920 1409 1984 κίεύσεως
1429 1932 1520 1978 τοῦ
1550 1927 1900 2000 πρεσβυτέρου
1924 1929 2045 1982 καθ-

459 2006 678 2068 έζεσθαι.
721 2012 932 2079 Ὁμοίως
961 2009 1014 2063 δέ
1060 2009 1089 2064 ἕ
1091 2033 1206 2081 χειν
1236 2019 1381 2083 τιμήν
1409 2019 1628 2077 καὶτοὺς
1653 2014 1915 2080 διακόνους
1944 2019 2043 2073 ὑπὸ

459 2102 557 2150 τῶν
578 2096 865 2169 ὑπηρετῶν,
900 2102 983 2154 καί
1006 2103 1210 2155 πάντων
1239 2112 1337 2159 τῶν
1365 2106 1623 2175 κληρικῶν.

525 2184 646 2259 ρκε’.
688 2185 801 2243 Ὀτι
830 2191 886 2242 οὐ
914 2188 995 2245 δεῖ
1024 2193 1279 2261 ὑπηρέτας
1305 2192 1448 2265 ἔχειν
1492 2201 1674 2274 χώραν
1702 2200 1749 2252 ἐν
1777 2208 1850 2273 τῷ
1874 2198 2037 2256 διακο-

459 2284 593 2350 νεκῷ,
620 2282 701 2333 καὶ
727 2278 982 2336 ἅπτεσθαι
1002 2280 1310 2340 δεσποτικῶν
1334 2295 1547 2343 σκευῶν.

527 2450 657 2526 ρκς-’.
693 2450 810 2506 Ὀτι
845 2455 904 2507 οὐ
942 2453 1024 2509 δεῖ
1060 2461 1311 2532 ὑπηρέτην
1342 2461 1561 2536 ὠράριον
1590 2471 1754 2538 φορεῖν
1774 2504 1788 2530 ,
1812 2463 1922 2519 οὐδέ
1952 2468 2043 2528 τὰς

459 2542 621 2614 θύρας
645 2544 1112 2616 ὺγκαταλιμπάνειν.

532 2654 659 2723 ρκζ.
700 2654 812 2710 "On
846 2659 904 2710 οὐ
947 2656 1027 2712 δεῖ
1056 2660 1380 2732 ἀναγνώστας
1407 2662 1437 2722 ἧ
1462 2661 1657 2734 tam
1699 2668 1913 2745 ὠράριον
1951 2691 2040 2743 φο-

460 2750 566 2818 ρεῖν
611 2749 697 2799 καὶ
725 2748 888 2809 οῗτως
916 2751 1274 2822 ἀναγινώσκειν
1294 2753 1324 2813 ἣ
1353 2752 1576 2825 ψάλλειν.

528 2856 653 2933 ρκη’.
692 2857 809 2916 Ὀτι
846 2864 901 2916 οὐ
943 2861 1022 2918 δεῖ
1059 2864 1346 2939 ἱερατικούς
1396 2870 1499 2925 ἀπὸ
1542 2874 1903 2950 πρεσϐυτέρων
1946 2877 2043 2939 ἕως

460 2950 716 3016 διακόνων,
742 2958 826 3008 καὶ
849 2955 959 3018 ἑξῆς
988 2965 1076 3016 τῆς
1106 2959 1532 3024 ἓκκλησιαστικῆς
1562 2966 1751 3029 τάξεως
1778 2967 1874 3029 ἕως
1905 2969 2041 3029 ὑπη-

456 3057 615 3123 ρετῶν
654 3048 685 3107 ἣ
719 3052 1049 3120 ἀναγνωστῶν
1087 3054 1117 3113 ἣ
1155 3053 1353 3125 ψαλτῶν
1382 3056 1410 3115 ἦ
1441 3058 1757 3132 ἐπορκιστῶν
1783 3059 2038 3137 [ἔφορκισ-

461 3138 576 3211 τῶν]
605 3141 634 3200 ἧ
668 3144 921 3221 θυρωρῶν,
955 3145 983 3204 ἦ
1011 3154 1101 3202 τοῦ
1135 3149 1393 3219 τάγματος
1419 3157 1517 3205 τῶν
1559 3154 1816 3217 ἀσκητῶν,
1850 3158 1920 3213 εἰς
1946 3175 2037 3209 κα·

459 3233 660 3291 πηλεῖον
680 3237 898 3291 εἰσιέναι.

528 3325 647 3400 ρκΎ.
689 3324 804 3379 Ὀτι
830 3329 887 3379 οὐ
922 3326 1001 3381 δεῖ
1020 3331 1281 3404 ὑπηρέτας
1316 3328 1469 3402 ἄρτον
1504 3330 1705 3395 διδόναι,
1740 3332 1853 3389 οὐδὲ
1877 3339 2039 3394 ποτήυ

461 3438 563 3495 ριον
584 3419 815 3491 εὐλογεῖν.

526 3508 619 3580 ρλ’.
659 3507 775 3566 Ὀτι
809 3514 864 3564 οὖ
898 3509 978 3565 δεῖ
1007 3513 1283 3582 ἐπορκίζειν
1316 3511 1625 3589 [ἐφορκίζειν]
1653 3517 1771 3576 τοὺς
1796 3520 1867 3587 μή
1913 3537 2037 3591 προ-

459 3601 713 3670 αχθέντας
741 3605 841 3655 ὑπὸ
878 3602 1188 3669 ἐπισκόπων,
1215 3608 1339 3674 μήτε
1375 3606 1421 3658 ἐν
1444 3613 1554 3666 ταῖς
1582 3605 1887 3672 ἐκκλησίαις,
1911 3611 2038 3677 μήτε

460 3695 508 3746 ἐν
537 3702 645 3753 ταῖς
685 3697 882 3755 οἰκίαις.

528 3785 654 3862 ρλα.
693 3783 808 3841 Ὀτι
834 3788 887 3839 οὐ
916 3784 993 3842 δεῖ
1017 3788 1299 3865 ἱερατικούς
1324 3788 1353 3848 ἦ
1377 3789 1637 3866 κληρικούς
1663 3788 1693 3849 ἦ
1717 3791 1919 3850 λαῖκοῦς
1947 3814 2036 3845 κα-

459 3873 728 3945 λουμένους
774 3880 845 3935 εἰς
890 3878 1085 3948 ἀγάπην
1116 3879 1244 3951 μέρη
1273 3877 1448 3955 αἴρειν,
1481 3878 1565 3935 διὰ
1592 3884 1647 3934 τὸ
1674 3885 1764 3937 τήν
1791 3880 1939 3957 ὕϐριν
1976 3889 2038 3955 τῇ

458 3967 593 4029 τάξει
614 3967 1017 4041 προστρίϐεσθαι
1045 3977 1105 4042 τῇ
1136 3968 1516 4041 ἐκκλησιαστικῇ
1540 3967 1829 4045 [ἱερατικῇι.

525 4137 651 4213 ρλῖ.
690 4137 805 4193 Ὀτι
842 4141 897 4193 οὐ
939 4138 1019 4193 δεῖ
1054 4140 1102 4192 ἐν
1145 4148 1245 4201 τοῖς
1276 4150 1540 4216 κυριακοῖς
1580 4142 1609 4201 ἦ
1645 4144 1693 4196 ἐν
1722 4152 1832 4205 ταῖς
1864 4144 2037 4203 ἐκκλη-

456 4236 614 4293 σίαις,
646 4232 739 4289 τὰς
764 4231 1027 4304 λεγομένας
1060 4233 1262 4303 άγάπας
1287 4239 1470 4294 ποιεῖν,
1504 4236 1589 4286 καὶ
1618 4234 1667 4287 ἓν
1697 4242 1768 4307 τῷ
1796 4232 1915 4306 οἴκῳ
1946 4242 2034 4290 τοῦ

456 4332 582 4379 Θεοῦ
615 4325 797 4377 ἐσθίειν
828 4327 914 4378 καὶ
937 4322 1182 4378 ἀκούϐιτα
1212 4328 1534 4397 στρωννύειν.

523 4433 649 4508 ρλγ’.
688 4429 805 4489 Ὀτι
843 4436 897 4487 οὐ
935 4432 1014 4489 δεῖ
1053 4439 1388 4509 χριστιανούς
1434 4435 1705 4501 ἰουδαΐζειν
1745 4442 1825 4493 καὶ
1871 4441 1918 4492 ἐν
1962 4449 2033 4511 τῷ

453 4526 697 4595 σαϐϐάτῳ
724 4527 1014 4596 σχολάζειν,
1042 4529 1165 4583 ἀλλὰ
1199 4532 1489 4603 ἐργάζεσθαι
1513 4534 1697 4592 αὐτοὺς
1737 4534 1785 4585 ἐν
1814 4540 1874 4608 τῇ
1903 4537 2032 4607 αὐτῇ

2151 1923 2523 1994 presbyterum
2553 1923 2764 1992 sedere,
2787 1926 2879 1981 sed
2919 1928 3107 1984 sedere
3153 1946 3273 1986 cum
3312 1932 3463 2002 jussu
3490 1939 3724 2011 presby-

2146 2014 2263 2068 teri.
2296 2013 2550 2068 Similiter
2569 2024 2748 2071 autem
2774 2018 3011 2075 diaconis
3038 2021 3297 2077 honorem
3324 2025 3509 2082 haberi
3546 2044 3578 2083 a
3618 2032 3731 2086 mi-

2147 2104 2324 2160 nistris
2348 2112 2402 2158 et
2426 2106 2673 2161 omnibus
2703 2108 2909 2162 clericis
2932 2118 3164 2178 oportet.

2216 2192 2427 2249 CXXV.
2458 2226 2528 2234 —
2565 2196 2651 2249 21.
2688 2196 2853 2264 Quod
2898 2216 3006 2255 non
3056 2211 3273 2271 oportet
3318 2206 3586 2264 ministros
3642 2210 3733 2266 lo-

2144 2298 2263 2337 cum
2286 2285 2484 2341 hahere
2521 2286 2574 2340 in
2607 2288 2917 2356 secretario,
2947 2301 3003 2346 et
3050 2290 3317 2351 dominica
3345 2312 3472 2353 vasa
3510 2301 3732 2355 contin-

2144 2387 2292 2443 gere.

2214 2460 2447 2520 CXXVI.
2474 2499 2545 2507 —
2571 2467 2660 2523 22.
2686 2468 2837 2535 Quod
2867 2486 2972 2527 non
3002 2482 3221 2544 oportet
3265 2477 3568 2535 ministrum
3597 2497 3730 2538 ora-

2144 2554 2283 2608 rium
2308 2553 2470 2621 ferre,
2500 2572 2599 2613 nec
2628 2560 2767 2614 ostia
2794 2560 3113 2631 relinquere.

2213 2665 2463 2722 CXXVII.
2496 2697 2564 2706 —
2584 2668 2671 2723 25.
2698 2669 2847 2737 Quod
2874 2689 2975 2728 non
2995 2683 3207 2744 oportet
3226 2677 3456 2736 lectores
3474 2689 3566 2736 aut
3592 2697 3723 2739 can-

2144 2764 2289 2812 tores
2316 2759 2549 2813 orarium
2579 2761 2738 2827 ferre,
2772 2770 2827 2817 et
2867 2763 2944 2818 sic
2990 2765 3168 2834 legere
3214 2770 3299 2823 vel
3342 2785 3554 2827 canere.

2212 2862 2486 2923 cxxvm.
2522 2898 2594 2907 -
2621 2870 2709 2925 et.
2744 2872 2898 2940 Quod
2936 2892 3051 2931 non
3102 2888 3316 2948 rportet
3353 2866 3671 2943 sacerdotes
3693 2904 3724 2947 a

2142 2955 2469 3028 presbyteris
2498 2974 2663 3028 usque
2708 2963 2774 3016 ad
2821 2963 3097 3034 diaconos,
3150 2976 3206 3023 et
3240 2969 3494 3044 deinceps
3530 2990 3720 3045 queme

2142 3051 2273 3106 libet
2304 3053 2652 3111 ecclesiastici
2701 3056 2901 3114 ordinis
2930 3075 3096 3129 usque
3125 3062 3190 3117 ad
3219 3064 3491 3124 ministros
3517 3076 3606 3123 aut
3650 3071 3708 3127 le

2148 3152 2332 3198 ctores
2361 3153 2449 3199 aut
2475 3156 2744 3216 cantores,
2764 3158 2857 3204 aut
2884 3154 3307 3222 cxorcistas,aut
3333 3158 3602 3229 ostiarios,
3625 3172 3724 3218 aut

2063 3227 2107 3289 C
2138 3231 2343 3288 ordinis
2372 3236 2780 3304 monachorum,
2812 3240 2865 3294 in
2891 3256 3192 3311 cauponam
3216 3246 3444 3314 ingredi.

2212 3320 2447 3377 CXXIX.
2477 3354 2547 3363 —-
2568 3325 2655 3380 25.
2682 3327 2835 3395 Quod
2862 3347 2969 3385 non
2993 3342 3206 3402 oportet
3232 3337 3505 3395 ministros
3524 3355 3723 3410 panem

2143 3413 2291 3480 dare,
2322 3417 2407 3470 vel
2429 3418 2649 3473 calicem
2680 3420 3022 3479 benedicere.
3596 3443 3602 3448 '

2213 3506 2424 3563 CXXX.
2455 3540 2527 3548 ——
2550 3511 2638 3566 26.
2666 3512 2820 3580 Quod
2859 3532 2965 3572 non
3009 3528 3225 3589 oportet
3265 3536 3359 3578 eos
3389 3526 3719 3591 exorcizare.

2141 3598 2233 3668 qui
2262 3599 2328 3654 ab
2350 3601 2602 3672 episcopo
2630 3606 2861 3673 promoti
2891 3623 2995 3663 non
3017 3618 3159 3677 sunt,
3178 3625 3348 3682 neque
3371 3613 3433 3668 in
3474 3616 3721 3673 ecclesiis

2142 3705 2319 3759 neque
2345 3691 2401 3744 in
2427 3692 2647 3748 aedibus.

2212 3779 2443 3834 CXXXI.
2470 3811 2543 3820 —
2566 3782 2656 3836 27.
2688 3783 2842 3850 Quod
2894 3803 2999 3841 non
3046 3797 3261 3858 oportet
3289 3779 3597 3850 sacerdotes
3622 3808 3721 3852 aut

2140 3861 2393 3936 clericos,
2415 3881 2507 3926 aut
2556 3873 2721 3929 laicos
2770 3874 2838 3929 ad
2878 3892 3081 3948 agapen
3126 3889 3364 3946 vocatos,
3402 3893 3578 3952 partes
3621 3888 3720 3941 tol-

2140 3957 2269 4025 lere,
2320 3975 2387 4015 eo
2433 3954 2575 4031 quOd
2620 3962 2744 4019 hinc
2794 3967 3157 4024 ecclesiastico
3210 3973 3381 4027 ordini
3426 3975 3719 4043 ignominia

2141 4048 2405 4103 inuratur.
3398 4134 3405 4141 ν

2211 4138 2467 4195 CXXXII.
2491 4169 2562 4181 —-
2589 4141 2677 4197 28.
2709 4142 2862 4210 Quod
2904 4162 3009 4201 non
3058 4158 3269 4219 oportet
3314 4152 3366 4205 in
3398 4138 3719 4220 dominicis,

2139 4242 2231 4286 aut
2258 4234 2497 4289 ecclesiis
2518 4249 2723 4305 agapen
2752 4236 2947 4307 facere,
2974 4249 3028 4295 et
3048 4241 3101 4295 in
3129 4241 3289 4300 domo
3311 4244 3403 4300 Dei
3425 4247 3716 4305 comedere

2137 4322 2222 4376 vel
2251 4323 2527 4379 accubitus
2556 4334 2798 4381 sternere

2207 4430 2565 4485 CXXXIll.—
2589 4433 2676 4488 29.
2710 4435 2859 4503 Quod
2889 4453 2996 4492 non
3025 4449 3240 4511 oportet
3265 4442 3597 4502 Christianos
3621 4446 3712 4515 ju-

2134 4519 2368 4588 daizare,
2391 4530 2444 4575 et
2467 4522 2520 4576 in
2551 4525 2773 4579 sabbato
2794 4527 2948 4581 otiari
2983 4547 2994 4581 :
3026 4530 3120 4585 sed
3149 4532 3294 4600 ipsos
3313 4548 3379 4587 eo
3407 4533 3493 4589 die
3514 4551 3718 4605 opera-

456 4617 637 4690 ημέρα⁹
656 4620 743 4675 τήν
763 4615 813 4670 δέ
832 4624 1075 4692 κυριακήν
1097 4628 1469 4693 προτιμῶντας,
1490 4620 1589 4694 εἴγε
1615 4621 1866 4691 δύναιντο,
1897 4648 2032 4697 σχο-

2162 4609 2203 4663 'i.
2254 4610 2402 4665 Diem
2426 4621 2602 4667 autem
2653 4612 2979 4671 dominicum
3013 4622 3380 4693 pnefercntes,
3431 4626 3606 4691 otiari,
3669 4629 3717 4683 si

453 4707 613 4772 λάζειν
635 4712 702 4768 ὡς
729 4714 1047 4783 χριστιανοί.
1079 4716 1135 4765 Εἰ
1166 4710 1220 4766 δὲ
1251 4714 1488 4790 εὑρεθεῖεν
1511 4713 1840 4783 Ἱουδαῑσταὶ,
1875 4717 2034 4774 ἴστω-

455 4821 551 4854 σαν
572 4802 794 4872 ἀνάθεμα
816 4806 955 4876 παρὰ
983 4814 1187 4879 Χριστῷ
1336 4806 1487 4879 Θεῷ].

535 4912 659 4989 ρλδ’.
698 4912 811 4969 Ὀτι
838 4918 893 4967 οὐ
921 4915 1003 4970 δεῖ
1035 4917 1312 4991 ίερατικούς
1352 4920 1382 4979 ἦ
1409 4924 1655 4983 ἀσκητάς,
1689 4924 1740 4975 ὲν
1783 4923 2026 4996 βαλανείῳ

452 5007 580 5075 μετὰ
599 5013 844 5076 γυναικῶν
882 5008 1244 5073 ἀπολούεσθαι,
1278 5009 1403 5078 μηδέ
1428 5015 1597 5067 πάντα
1641 5015 1964 5088 χριστιανόν,
1995 5014 2026 5073 ἧ

450 5096 640 5153 λαϊκὸν.
667 5098 801 5157 Αὕτη
828 5102 927 5175 γὰρ
952 5103 1128 5174 πρώτη
1153 5104 1468 5175 κατάγνωσις
1500 5109 1646 5168 παρὰ
1678 5117 1785 5168 τοῖς
1817 5106 2026 5164 ἔθνεσιν.

520 5270 639 5344 ρλε’.
678 5269 791 5327 Ὀτι
821 5275 876 5326 οὐ
910 5272 989 5327 δεῖ
1030 5276 1158 5347 πρὸς
1195 5278 1389 5337 πάντας
1433 5284 1719 5354 αἰρετικοὺς
1758 5283 2029 5354 ἑπιγαμίας

450 5370 630 5431 ποιεῖν,
661 5363 690 5423 ἢ
720 5363 909 5419 διδόναι
936 5366 1076 5427 υἱοὺς
1104 5367 1134 5426 ἦ
1170 5370 1450 5445 θυγατέρας
1473 5386 1488 5400 ’
1533 5373 1655 5426 ἀλλὰ
1684 5373 1868 5445 μᾶλλον
1894 5376 2027 5445 λαμ-

454 5453 637 5515 ϐάνειν,
685 5452 783 5527 εὖγε
828 5456 1186 5528 ἐπαγγέλοιντο
1235 5457 1690 5534 [ἐπαγγέλλονται]
1732 5468 2026 5537 χριστιανοί

450 5548 688 5618 γίνεσθαι.

518 5635 646 5709 ρλς’.
695 5634 809 5693 Ὀτι
850 5640 908 5693 οὐ
950 5637 1030 5693 δεῖ
1062 5641 1318 5717 αῖρετικῶν
1364 5642 1588 5714 εὐλογίας
1633 5644 1927 5715 λαμξάνειν,
1973 5647 2028 5699 αἶ

456 5731 575 5787 τινες
608 5730 731 5782 εἰσιν
759 5730 957 5804 ἁλογίαι
983 5732 1183 5801 μᾶλλον,
1210 5731 1239 5790 ἦ
1266 5732 1500 5804 εὐλογίαι.

2134 4702 2296 4757 modo
2317 4706 2538 4772 possint,
2572 4714 2631 4759 ut
2656 4704 2966 4764 Christiani.
2998 4709 3148 4776 Quod
3187 4714 3231 4767 si
3279 4716 3481 4772 inventi
3509 4718 3715 4774 fuerint

2131 4791 2429 4861 judaizarc,
2460 4796 2747 4850 anathema
2777 4797 2883 4851 sint
2911 4814 2940 4851 a
2972 4799 3203 4858 Christo.

2201 4902 2481 4962 CXXXIV.
2513 4935 2581 4945 ——
2611 4908 2697 4962 50.
2726 4907 2880 4975 Quod
2907 4927 3013 4966 non
3044 4924 3259 4983 oportet
3279 4919 3587 4976 sacerdotes
3615 4933 3713 4980 aut

2130 4994 2378 5064 clericos,
2400 5004 2492 5051 aut
2546 5000 2859 5068 monachos,
2884 5000 2936 5054 in
2981 5002 3176 5058 balneo
3229 5021 3351 5061 cutn
3399 5008 3714 5069 mulieribus

2136 5085 2323 5153 lavari,
2346 5103 2520 5157 neque
2569 5088 2784 5145 omnem
2829 5094 3042 5171 penitus
3071 5093 3451 5164 Christianum,
3491 5112 3581 5155 aut
3604 5103 3713 5158 lai-

2136 5193 2279 5233 cum.
2304 5176 2430 5234 Haec
2463 5180 2603 5235 enim
2634 5189 2717 5237 est
2748 5184 2919 5253 prima
2949 5186 3297 5255 reprehensio
3322 5191 3463 5259 apud
3497 5201 3707 5257 gentes.

2205 5268 2645 5325 CXXXV.—51.
2677 5270 2827 5339 Quod
2855 5291 2962 5331 non
2993 5287 3210 5347 oportet
3232 5294 3356 5335 cum
3384 5282 3717 5351 quibuscun-

2134 5375 2241 5430 que
2291 5361 2560 5417 haerezicis
2585 5364 2924 5419 matrimonia
2951 5369 3293 5438 contrahere,
3325 5387 3427 5427 nec
3456 5372 3595 5430 ﬁlios
3623 5376 3713 5432 vel

2132 5453 2267 5507 tilias
2296 5452 2425 5508 dare
2457 5471 2470 5506 :
2503 5454 2598 5509 sed
2646 5455 2823 5525 potius
2879 5459 3143 5529 accipere,
3173 5461 3219 5515 si
3272 5477 3332 5518 se
3373 5462 3713 5523 Christianos

2131 5543 2245 5598 ﬁeri
2272 5544 2611 5612 promittant.

2199 5630 2481 5686 CXXXVI.
2510 5664 2582 5675 —
2610 5631 2696 5687 52.
2726 5632 2880 5702 Quod
2924 5653 3031 5694 non
3067 5649 3283 5711 oportet
3328 5643 3712 5705 hmreticoruzn

2128 5723 2527 5779 benedictiones
2555 5725 2820 5796 accipere,
2844 5742 2964 5799 quae
2999 5740 3123 5787 sunt
3152 5735 3333 5805 potius
3374 5736 3706 5793 maledictio—

2130 5830 2227 5875 nes
2254 5830 2411 5881 quam
2433 5815 2853 5875 benedictiones.
