  <div class='ocr_page' id='page_1' title='image "/cluster/home/n/w/nwhite01/storage/ocr_20150623/67/hvd.32044073505141/046.png"; bbox 0 0 3946 6336; ppageno 0'>
   <div class='ocr_carea' id='block_1_1' title="bbox 251 417 1826 510">
    <p class='ocr_par' dir='ltr' id='par_1_1' title="bbox 251 417 1790 492">
     <span class='ocr_line' id='line_1_1' title="bbox 251 417 1790 492; baseline 0.012 -21"><span class='ocrx_word' id='word_1_1' title='bbox 251 417 327 473; x_wconf 82' lang='lat'><strong>77</strong></span> <span class='ocrx_word' id='word_1_2' title='bbox 1195 427 1422 487; x_wconf 77' lang='lat' dir='ltr'><strong>CODEX</strong></span> <span class='ocrx_word' id='word_1_3' title='bbox 1460 429 1790 492; x_wconf 76' lang='lat' dir='ltr'><strong>CANONUM</strong></span> 
     </span>
    </p>
   </div>
   <div class='ocr_carea' id='block_1_2' title="bbox 1936 417 3541 510">
    <p class='ocr_par' dir='ltr' id='par_1_2' title="bbox 1936 433 3541 510">
     <span class='ocr_line' id='line_1_2' title="bbox 1936 433 3541 510; baseline 0.011 -17"><span class='ocrx_word' id='word_1_4' title='bbox 1936 433 2198 494; x_wconf 72' lang='lat' dir='ltr'><strong>[VERSA‘J</strong></span> <span class='ocrx_word' id='word_1_5' title='bbox 2238 434 2618 498; x_wconf 65' lang='lat' dir='ltr'><strong>ECCLESIE.</strong></span> <span class='ocrx_word' id='word_1_6' title='bbox 3476 459 3541 510; x_wconf 75' lang='grc'><strong>’18</strong></span> 
     </span>
    </p>
   </div>
   <div class='ocr_carea' id='block_1_3' title="bbox 246 541 1826 633">
    <p class='ocr_par' dir='ltr' id='par_1_3' title="bbox 246 541 1826 620">
     <span class='ocr_line' id='line_1_3' title="bbox 246 541 1826 620; baseline 0.007 -27"><span class='ocrx_word' id='word_1_7' title='bbox 246 545 374 605; x_wconf 73' lang='grc' dir='ltr'><strong>νῶν,</strong></span> <span class='ocrx_word' id='word_1_8' title='bbox 403 541 482 595; x_wconf 77' lang='grc' dir='ltr'><strong>καί</strong></span> <span class='ocrx_word' id='word_1_9' title='bbox 508 543 603 601; x_wconf 65' lang='grc' dir='ltr'><strong>την</strong></span> <span class='ocrx_word' id='word_1_10' title='bbox 642 548 744 597; x_wconf 78' lang='grc' dir='ltr'><strong>τῶν</strong></span> <span class='ocrx_word' id='word_1_11' title='bbox 770 551 1151 620; x_wconf 73' lang='grc' dir='ltr'><strong>Ἦμιαρειανῶν,</strong></span> <span class='ocrx_word' id='word_1_12' title='bbox 1175 543 1336 602; x_wconf 73' lang='grc' dir='ltr'><strong>εἴτουν</strong></span> <span class='ocrx_word' id='word_1_13' title='bbox 1376 550 1826 620; x_wconf 78' lang='grc' dir='ltr'><strong>Πνευματομὰχων</strong></span> 
     </span>
    </p>
   </div>
   <div class='ocr_carea' id='block_1_4' title="bbox 1936 541 3545 633">
    <p class='ocr_par' dir='ltr' id='par_1_4' title="bbox 1956 549 3545 633">
     <span class='ocr_line' id='line_1_4' title="bbox 1956 549 3545 633; baseline 0.011 -27"><span class='ocrx_word' id='word_1_14' title='bbox 1956 555 2012 606; x_wconf 87' lang='lat' dir='ltr'><strong>et</strong></span> <span class='ocrx_word' id='word_1_15' title='bbox 2072 549 2563 622; x_wconf 85' lang='lat' dir='ltr'><strong>Semiarianorurn,</strong></span> <span class='ocrx_word' id='word_1_16' title='bbox 2622 555 2735 612; x_wconf 89' lang='lat' dir='ltr'><strong>sive</strong></span> <span class='ocrx_word' id='word_1_17' title='bbox 2782 556 3426 633; x_wconf 83' lang='lat' dir='ltr'><strong>Pncumatomachorum,</strong></span> <span class='ocrx_word' id='word_1_18' title='bbox 3488 579 3545 623; x_wconf 85' lang='lat' dir='ltr'><strong>et</strong></span> 
     </span>
    </p>
   </div>
   <div class='ocr_carea' id='block_1_5' title="bbox 248 632 1847 715">
    <p class='ocr_par' dir='ltr' id='par_1_5' title="bbox 248 632 1847 715">
     <span class='ocr_line' id='line_1_5' title="bbox 248 632 1847 715; baseline 0.008 -32"><span class='ocrx_word' id='word_1_19' title='bbox 248 632 340 683; x_wconf 71' lang='grc' dir='ltr'><strong>καί</strong></span> <span class='ocrx_word' id='word_1_20' title='bbox 386 636 475 689; x_wconf 77' lang='grc' dir='ltr'><strong>τήν</strong></span> <span class='ocrx_word' id='word_1_21' title='bbox 523 638 623 686; x_wconf 85' lang='grc' dir='ltr'><strong>τῶν</strong></span> <span class='ocrx_word' id='word_1_22' title='bbox 656 634 1012 701; x_wconf 69' lang='grc' dir='ltr'><strong>Σαϐελλιανῶν,</strong></span> <span class='ocrx_word' id='word_1_23' title='bbox 1060 638 1143 691; x_wconf 88' lang='grc' dir='ltr'><strong>καί</strong></span> <span class='ocrx_word' id='word_1_24' title='bbox 1175 644 1265 697; x_wconf 78' lang='grc' dir='ltr'><strong>την</strong></span> <span class='ocrx_word' id='word_1_25' title='bbox 1312 647 1413 695; x_wconf 84' lang='grc' dir='ltr'><strong>τῶν</strong></span> <span class='ocrx_word' id='word_1_26' title='bbox 1448 641 1847 715; x_wconf 80' lang='grc' dir='ltr'><strong>Μαρκελλιανῶν,</strong></span> 
     </span>
    </p>
   </div>
   <div class='ocr_carea' id='block_1_6' title="bbox 252 725 1801 807">
    <p class='ocr_par' dir='ltr' id='par_1_6' title="bbox 252 725 1801 807">
     <span class='ocr_line' id='line_1_6' title="bbox 252 725 1801 807; baseline 0.008 -33"><span class='ocrx_word' id='word_1_27' title='bbox 252 725 338 775; x_wconf 75' lang='grc' dir='ltr'><strong>καί</strong></span> <span class='ocrx_word' id='word_1_28' title='bbox 365 728 456 781; x_wconf 70' lang='grc' dir='ltr'><strong>τήν</strong></span> <span class='ocrx_word' id='word_1_29' title='bbox 480 732 580 779; x_wconf 84' lang='grc' dir='ltr'><strong>τῶν</strong></span> <span class='ocrx_word' id='word_1_30' title='bbox 604 734 961 789; x_wconf 62' lang='grc' dir='ltr'><strong>Οωτεινιανῶν.</strong></span> <span class='ocrx_word' id='word_1_31' title='bbox 986 732 1069 783; x_wconf 89' lang='grc' dir='ltr'><strong>καί</strong></span> <span class='ocrx_word' id='word_1_32' title='bbox 1093 735 1182 788; x_wconf 68' lang='grc' dir='ltr'><strong>τήν</strong></span> <span class='ocrx_word' id='word_1_33' title='bbox 1211 738 1311 785; x_wconf 87' lang='grc' dir='ltr'><strong>τῶν</strong></span> <span class='ocrx_word' id='word_1_34' title='bbox 1333 731 1801 807; x_wconf 81' lang='grc' dir='ltr'><strong>’Δπολλιναριστῶν.</strong></span> 
     </span>
    </p>
   </div>
   <div class='ocr_carea' id='block_1_7' title="bbox 322 812 1851 902">
    <p class='ocr_par' dir='ltr' id='par_1_7' title="bbox 322 812 1851 902">
     <span class='ocr_line' id='line_1_7' title="bbox 322 812 1851 902; baseline 0.007 -35"><span class='ocrx_word' id='word_1_35' title='bbox 322 812 441 887; x_wconf 80' lang='grc' dir='ltr'><strong>ρξε’.</strong></span> <span class='ocrx_word' id='word_1_36' title='bbox 482 818 612 877; x_wconf 68' lang='grc' dir='ltr'><strong>Τοὺς</strong></span> <span class='ocrx_word' id='word_1_37' title='bbox 642 818 776 892; x_wconf 77' lang='grc' dir='ltr'><strong>ὑπὲρ</strong></span> <span class='ocrx_word' id='word_1_38' title='bbox 806 816 1049 877; x_wconf 79' lang='grc' dir='ltr'><strong>διοίκησιν</strong></span> <span class='ocrx_word' id='word_1_39' title='bbox 1071 822 1407 889; x_wconf 73' lang='grc' dir='ltr'><strong>ἑπισκόπους,</strong></span> <span class='ocrx_word' id='word_1_40' title='bbox 1429 832 1539 884; x_wconf 86' lang='grc' dir='ltr'><strong>ταῖς</strong></span> <span class='ocrx_word' id='word_1_41' title='bbox 1562 826 1851 902; x_wconf 79' lang='grc' dir='ltr'><strong>ὑπερορίοις</strong></span> 
     </span>
    </p>
   </div>
   <div class='ocr_carea' id='block_1_8' title="bbox 243 901 1849 985">
    <p class='ocr_par' dir='ltr' id='par_1_8' title="bbox 243 901 1849 985">
     <span class='ocr_line' id='line_1_8' title="bbox 243 901 1849 985; baseline 0.01 -28"><span class='ocrx_word' id='word_1_42' title='bbox 243 901 542 968; x_wconf 57' lang='grc' dir='ltr'><strong>ἐκκλησίαις</strong></span> <span class='ocrx_word' id='word_1_43' title='bbox 567 912 637 976; x_wconf 64' lang='grc' dir='ltr'><strong>μή</strong></span> <span class='ocrx_word' id='word_1_44' title='bbox 658 909 873 971; x_wconf 75' lang='grc' dir='ltr'><strong>ἕπιέναι,</strong></span> <span class='ocrx_word' id='word_1_45' title='bbox 886 909 1013 980; x_wconf 80' lang='grc' dir='ltr'><strong>μηδέ</strong></span> <span class='ocrx_word' id='word_1_46' title='bbox 1033 916 1280 985; x_wconf 79' lang='grc' dir='ltr'><strong>συγχέειν</strong></span> <span class='ocrx_word' id='word_1_47' title='bbox 1302 917 1393 976; x_wconf 77' lang='grc' dir='ltr'><strong>τὰς</strong></span> <span class='ocrx_word' id='word_1_48' title='bbox 1416 916 1700 977; x_wconf 77' lang='grc' dir='ltr'><strong>ἐκκλησίας·</strong></span> <span class='ocrx_word' id='word_1_49' title='bbox 1724 916 1849 973; x_wconf 78' lang='grc' dir='ltr'><strong>ἀ).λά</strong></span> 
     </span>
    </p>
   </div>
   <div class='ocr_carea' id='block_1_9' title="bbox 245 1000 1848 1084">
    <p class='ocr_par' dir='ltr' id='par_1_9' title="bbox 245 1000 1848 1084">
     <span class='ocr_line' id='line_1_9' title="bbox 245 1000 1848 1084; baseline 0.009 -32"><span class='ocrx_word' id='word_1_50' title='bbox 245 1000 381 1052; x_wconf 70' lang='grc' dir='ltr'><strong>κατά</strong></span> <span class='ocrx_word' id='word_1_51' title='bbox 410 1003 533 1061; x_wconf 81' lang='grc' dir='ltr'><strong>τοὺς</strong></span> <span class='ocrx_word' id='word_1_52' title='bbox 558 1004 790 1067; x_wconf 81' lang='grc' dir='ltr'><strong>κανόνας,</strong></span> <span class='ocrx_word' id='word_1_53' title='bbox 816 1004 903 1059; x_wconf 83' lang='grc' dir='ltr'><strong>τόν</strong></span> <span class='ocrx_word' id='word_1_54' title='bbox 935 1008 1026 1075; x_wconf 74' lang='grc' dir='ltr'><strong>μὲν</strong></span> <span class='ocrx_word' id='word_1_55' title='bbox 1053 1002 1425 1084; x_wconf 74' lang='grc' dir='ltr'><strong>’Δλεξανδρείας</strong></span> <span class='ocrx_word' id='word_1_56' title='bbox 1452 1011 1749 1076; x_wconf 71' lang='grc' dir='ltr'><strong>ἐπίσκοπον,</strong></span> <span class='ocrx_word' id='word_1_57' title='bbox 1782 1013 1848 1067; x_wconf 78' lang='grc' dir='ltr'>τὰ</span> 
     </span>
    </p>
   </div>
   <div class='ocr_carea' id='block_1_10' title="bbox 243 1088 1848 1170">
    <p class='ocr_par' dir='ltr' id='par_1_10' title="bbox 243 1088 1848 1170">
     <span class='ocr_line' id='line_1_10' title="bbox 243 1088 1848 1170; baseline 0.011 -30"><span class='ocrx_word' id='word_1_58' title='bbox 243 1088 302 1141; x_wconf 68' lang='grc' dir='ltr'><strong>ἕν</strong></span> <span class='ocrx_word' id='word_1_59' title='bbox 338 1089 583 1164; x_wconf 71' lang='grc' dir='ltr'><strong>Αἰγύπτῳ</strong></span> <span class='ocrx_word' id='word_1_60' title='bbox 630 1093 782 1166; x_wconf 84' lang='grc' dir='ltr'><strong>μόνον</strong></span> <span class='ocrx_word' id='word_1_61' title='bbox 832 1099 1134 1170; x_wconf 73' lang='grc' dir='ltr'><strong>οἰκονομεῖνο</strong></span> <span class='ocrx_word' id='word_1_62' title='bbox 1188 1102 1311 1161; x_wconf 79' lang='grc' dir='ltr'><strong>τοὺς</strong></span> <span class='ocrx_word' id='word_1_63' title='bbox 1366 1099 1419 1156; x_wconf 74' lang='grc' dir='ltr'><strong>δέ</strong></span> <span class='ocrx_word' id='word_1_64' title='bbox 1466 1109 1558 1162; x_wconf 73' lang='grc' dir='ltr'><strong>τῆς</strong></span> <span class='ocrx_word' id='word_1_65' title='bbox 1605 1103 1848 1166; x_wconf 77' lang='grc' dir='ltr'><strong>ἀνατολῆς</strong></span> 
     </span>
    </p>
   </div>
   <div class='ocr_carea' id='block_1_11' title="bbox 248 1181 1846 1267">
    <p class='ocr_par' dir='ltr' id='par_1_11' title="bbox 248 1181 1846 1267">
     <span class='ocr_line' id='line_1_11' title="bbox 248 1181 1846 1267; baseline 0.009 -30"><span class='ocrx_word' id='word_1_66' title='bbox 248 1181 586 1250; x_wconf 76' lang='grc' dir='ltr'><strong>ἓπισκόπους,</strong></span> <span class='ocrx_word' id='word_1_67' title='bbox 618 1192 710 1246; x_wconf 76' lang='grc' dir='ltr'><strong>την</strong></span> <span class='ocrx_word' id='word_1_68' title='bbox 740 1188 983 1249; x_wconf 70' lang='grc' dir='ltr'><strong>ἀνατολήν</strong></span> <span class='ocrx_word' id='word_1_69' title='bbox 1029 1191 1175 1260; x_wconf 87' lang='grc' dir='ltr'><strong>μόνον</strong></span> <span class='ocrx_word' id='word_1_70' title='bbox 1206 1191 1429 1260; x_wconf 77' lang='grc' dir='ltr'><strong>διοικεῖν,</strong></span> <span class='ocrx_word' id='word_1_71' title='bbox 1464 1195 1846 1267; x_wconf 76' lang='grc' dir='ltr'><strong>φυλαττομένων</strong></span> 
     </span>
    </p>
   </div>
   <div class='ocr_carea' id='block_1_12' title="bbox 246 1276 1844 1363">
    <p class='ocr_par' dir='ltr' id='par_1_12' title="bbox 246 1276 1844 1363">
     <span class='ocr_line' id='line_1_12' title="bbox 246 1276 1844 1363; baseline 0.011 -37"><span class='ocrx_word' id='word_1_72' title='bbox 246 1281 349 1328; x_wconf 74' lang='grc' dir='ltr'><strong>τῶν</strong></span> <span class='ocrx_word' id='word_1_73' title='bbox 374 1276 424 1328; x_wconf 78' lang='grc' dir='ltr'><strong>ἐν</strong></span> <span class='ocrx_word' id='word_1_74' title='bbox 464 1286 570 1338; x_wconf 81' lang='grc' dir='ltr'><strong>τοῖς</strong></span> <span class='ocrx_word' id='word_1_75' title='bbox 598 1280 769 1335; x_wconf 73' lang='grc' dir='ltr'><strong>κανόσι</strong></span> <span class='ocrx_word' id='word_1_76' title='bbox 797 1289 908 1343; x_wconf 87' lang='grc' dir='ltr'><strong>τοῖς</strong></span> <span class='ocrx_word' id='word_1_77' title='bbox 937 1284 1071 1339; x_wconf 81' lang='grc' dir='ltr'><strong>κατᾶ</strong></span> <span class='ocrx_word' id='word_1_78' title='bbox 1106 1286 1311 1339; x_wconf 72' lang='grc' dir='ltr'><strong>Νικαίαν</strong></span> <span class='ocrx_word' id='word_1_79' title='bbox 1338 1288 1628 1361; x_wconf 71' lang='grc' dir='ltr'><strong>πρεσϐείων</strong></span> <span class='ocrx_word' id='word_1_80' title='bbox 1654 1297 1715 1363; x_wconf 71' lang='grc' dir='ltr'><strong>τῇ</strong></span> <span class='ocrx_word' id='word_1_81' title='bbox 1742 1287 1844 1344; x_wconf 80' lang='grc' dir='ltr'><strong>Ἀν-</strong></span> 
     </span>
    </p>
   </div>
   <div class='ocr_carea' id='block_1_13' title="bbox 244 1370 1844 1448">
    <p class='ocr_par' dir='ltr' id='par_1_13' title="bbox 244 1370 1844 1448">
     <span class='ocr_line' id='line_1_13' title="bbox 244 1370 1844 1448; baseline 0.007 -24"><span class='ocrx_word' id='word_1_82' title='bbox 244 1371 477 1440; x_wconf 80' lang='grc' dir='ltr'><strong>τωχέων</strong></span> <span class='ocrx_word' id='word_1_83' title='bbox 544 1370 804 1448; x_wconf 73' lang='grc' dir='ltr'><strong>ἐκκλησίᾳο</strong></span> <span class='ocrx_word' id='word_1_84' title='bbox 848 1376 933 1428; x_wconf 82' lang='grc' dir='ltr'><strong>καί</strong></span> <span class='ocrx_word' id='word_1_85' title='bbox 978 1377 1103 1436; x_wconf 73' lang='grc' dir='ltr'><strong>τοὺς</strong></span> <span class='ocrx_word' id='word_1_86' title='bbox 1145 1383 1237 1437; x_wconf 75' lang='grc' dir='ltr'><strong>τῆς</strong></span> <span class='ocrx_word' id='word_1_87' title='bbox 1270 1375 1504 1441; x_wconf 82' lang='grc' dir='ltr'><strong>’Δσιανῆς</strong></span> <span class='ocrx_word' id='word_1_88' title='bbox 1549 1378 1844 1444; x_wconf 71' lang='grc' dir='ltr'><strong>διοικήσεως</strong></span> 
     </span>
    </p>
   </div>
   <div class='ocr_carea' id='block_1_14' title="bbox 245 1460 1839 1542">
    <p class='ocr_par' dir='ltr' id='par_1_14' title="bbox 245 1460 1839 1542">
     <span class='ocr_line' id='line_1_14' title="bbox 245 1460 1839 1542; baseline 0.008 -27"><span class='ocrx_word' id='word_1_89' title='bbox 245 1460 591 1528; x_wconf 71' lang='grc' dir='ltr'><strong>ὶπισκόπους,</strong></span> <span class='ocrx_word' id='word_1_90' title='bbox 635 1464 701 1519; x_wconf 78' lang='grc' dir='ltr'>τὰ</span> <span class='ocrx_word' id='word_1_91' title='bbox 743 1465 885 1521; x_wconf 82' lang='grc' dir='ltr'><strong>κατά</strong></span> <span class='ocrx_word' id='word_1_92' title='bbox 941 1471 1030 1526; x_wconf 78' lang='grc' dir='ltr'><strong>τήν</strong></span> <span class='ocrx_word' id='word_1_93' title='bbox 1075 1464 1304 1528; x_wconf 78' lang='grc' dir='ltr'><strong>’Δσιανὴν</strong></span> <span class='ocrx_word' id='word_1_94' title='bbox 1354 1469 1502 1533; x_wconf 85' lang='grc' dir='ltr'><strong>μόνον</strong></span> <span class='ocrx_word' id='word_1_95' title='bbox 1540 1474 1839 1542; x_wconf 58' lang='grc' dir='ltr'><strong>οἰκονομεῖν</strong></span> 
     </span>
    </p>
   </div>
   <div class='ocr_carea' id='block_1_15' title="bbox 241 1555 1843 1633">
    <p class='ocr_par' dir='ltr' id='par_1_15' title="bbox 241 1555 1843 1633">
     <span class='ocr_line' id='line_1_15' title="bbox 241 1555 1843 1633; baseline 0.006 -28"><span class='ocrx_word' id='word_1_96' title='bbox 241 1555 327 1606; x_wconf 78' lang='grc' dir='ltr'><strong>καί</strong></span> <span class='ocrx_word' id='word_1_97' title='bbox 372 1556 497 1613; x_wconf 69' lang='grc' dir='ltr'><strong>τοὺς</strong></span> <span class='ocrx_word' id='word_1_98' title='bbox 537 1561 631 1616; x_wconf 80' lang='grc' dir='ltr'><strong>τῆς</strong></span> <span class='ocrx_word' id='word_1_99' title='bbox 681 1563 953 1623; x_wconf 78' lang='grc' dir='ltr'><strong>Ποντικῆς.</strong></span> <span class='ocrx_word' id='word_1_100' title='bbox 1001 1559 1066 1614; x_wconf 65' lang='grc' dir='ltr'><strong>τὰ</strong></span> <span class='ocrx_word' id='word_1_101' title='bbox 1119 1567 1211 1621; x_wconf 76' lang='grc' dir='ltr'><strong>τῆς</strong></span> <span class='ocrx_word' id='word_1_102' title='bbox 1263 1569 1499 1623; x_wconf 77' lang='grc' dir='ltr'><strong>Ποντικῆς</strong></span> <span class='ocrx_word' id='word_1_103' title='bbox 1544 1559 1709 1633; x_wconf 84' lang='grc' dir='ltr'><strong>μόνα’</strong></span> <span class='ocrx_word' id='word_1_104' title='bbox 1758 1564 1843 1618; x_wconf 84' lang='grc' dir='ltr'><strong>καί</strong></span> 
     </span>
    </p>
   </div>
   <div class='ocr_carea' id='block_1_16' title="bbox 238 1645 1842 1726">
    <p class='ocr_par' dir='ltr' id='par_1_16' title="bbox 238 1645 1842 1726">
     <span class='ocr_line' id='line_1_16' title="bbox 238 1645 1842 1726; baseline 0.006 -29"><span class='ocrx_word' id='word_1_105' title='bbox 238 1645 367 1704; x_wconf 80' lang='grc' dir='ltr'><strong>τούς</strong></span> <span class='ocrx_word' id='word_1_106' title='bbox 420 1652 513 1703; x_wconf 73' lang='grc' dir='ltr'><strong>τῆς</strong></span> <span class='ocrx_word' id='word_1_107' title='bbox 566 1653 838 1720; x_wconf 73' lang='grc' dir='ltr'><strong>Θρᾳκικῆς,</strong></span> <span class='ocrx_word' id='word_1_108' title='bbox 890 1648 956 1704; x_wconf 79' lang='grc' dir='ltr'><strong>τὰ</strong></span> <span class='ocrx_word' id='word_1_109' title='bbox 998 1656 1092 1710; x_wconf 76' lang='grc' dir='ltr'><strong>τῆς</strong></span> <span class='ocrx_word' id='word_1_110' title='bbox 1141 1659 1399 1726; x_wconf 63' lang='grc' dir='ltr'><strong>Θρᾳκικῆς</strong></span> <span class='ocrx_word' id='word_1_111' title='bbox 1451 1651 1603 1724; x_wconf 85' lang='grc' dir='ltr'><strong>μόνον</strong></span> <span class='ocrx_word' id='word_1_112' title='bbox 1654 1656 1842 1707; x_wconf 68' lang='grc' dir='ltr'><strong>οίκονου</strong></span> 
     </span>
    </p>
   </div>
   <div class='ocr_carea' id='block_1_17' title="bbox 240 1736 1844 1817">
    <p class='ocr_par' dir='ltr' id='par_1_17' title="bbox 240 1736 1844 1817">
     <span class='ocr_line' id='line_1_17' title="bbox 240 1736 1844 1817; baseline 0.007 -29"><span class='ocrx_word' id='word_1_113' title='bbox 240 1743 377 1806; x_wconf 79' lang='grc' dir='ltr'><strong>μεῖν’</strong></span> <span class='ocrx_word' id='word_1_114' title='bbox 408 1736 655 1799; x_wconf 66' lang='grc' dir='ltr'><strong>ἀκλήτους</strong></span> <span class='ocrx_word' id='word_1_115' title='bbox 683 1736 738 1792; x_wconf 80' lang='grc' dir='ltr'><strong>δέ</strong></span> <span class='ocrx_word' id='word_1_116' title='bbox 767 1739 1079 1802; x_wconf 75' lang='grc' dir='ltr'><strong>ἐπισκόπους</strong></span> <span class='ocrx_word' id='word_1_117' title='bbox 1103 1743 1236 1817; x_wconf 67' lang='grc' dir='ltr'><strong>ὑπὲρ</strong></span> <span class='ocrx_word' id='word_1_118' title='bbox 1260 1740 1524 1807; x_wconf 82' lang='grc' dir='ltr'><strong>διοίκησιν,</strong></span> <span class='ocrx_word' id='word_1_119' title='bbox 1546 1750 1615 1815; x_wconf 72' lang='grc' dir='ltr'><strong>μὴ</strong></span> <span class='ocrx_word' id='word_1_120' title='bbox 1632 1746 1844 1800; x_wconf 66' lang='grc' dir='ltr'><strong>ἐπιϐαί-</strong></span> 
     </span>
    </p>
   </div>
   <div class='ocr_carea' id='block_1_18' title="bbox 237 1830 1839 1908">
    <p class='ocr_par' dir='ltr' id='par_1_18' title="bbox 237 1830 1839 1908">
     <span class='ocr_line' id='line_1_18' title="bbox 237 1830 1839 1908; baseline 0.008 -28"><span class='ocrx_word' id='word_1_121' title='bbox 237 1848 343 1882; x_wconf 92' lang='grc' dir='ltr'><strong>νειν</strong></span> <span class='ocrx_word' id='word_1_122' title='bbox 375 1830 457 1883; x_wconf 86' lang='grc' dir='ltr'><strong>ἐπί</strong></span> <span class='ocrx_word' id='word_1_123' title='bbox 482 1837 771 1908; x_wconf 76' lang='grc' dir='ltr'><strong>χειροτονίᾳ</strong></span> <span class='ocrx_word' id='word_1_124' title='bbox 798 1834 832 1892; x_wconf 76' lang='grc' dir='ltr'><em>ἦ</em></span> <span class='ocrx_word' id='word_1_125' title='bbox 855 1855 986 1889; x_wconf 89' lang='grc' dir='ltr'><strong>τισιν</strong></span> <span class='ocrx_word' id='word_1_126' title='bbox 1010 1832 1183 1896; x_wconf 73' lang='grc' dir='ltr'><strong>ἄλλαις</strong></span> <span class='ocrx_word' id='word_1_127' title='bbox 1200 1838 1504 1906; x_wconf 80' lang='grc' dir='ltr'><strong>οἰκονομίαις</strong></span> <span class='ocrx_word' id='word_1_128' title='bbox 1534 1837 1839 1896; x_wconf 82' lang='grc' dir='ltr'><strong>ἐκκλησιασ-</strong></span> 
     </span>
    </p>
   </div>
   <div class='ocr_carea' id='block_1_19' title="bbox 1952 640 3542 725">
    <p class='ocr_par' dir='ltr' id='par_1_19' title="bbox 1952 640 3542 725">
     <span class='ocr_line' id='line_1_19' title="bbox 1952 640 3542 725; baseline 0.012 -27"><span class='ocrx_word' id='word_1_129' title='bbox 1952 640 2403 713; x_wconf 85' lang='lat' dir='ltr'><strong>Sabellianorum,</strong></span> <span class='ocrx_word' id='word_1_130' title='bbox 2420 656 2474 704; x_wconf 89' lang='lat' dir='ltr'><strong>et</strong></span> <span class='ocrx_word' id='word_1_131' title='bbox 2493 649 2982 721; x_wconf 83' lang='lat' dir='ltr'><strong>Marcellianorum,</strong></span> <span class='ocrx_word' id='word_1_132' title='bbox 3004 664 3060 710; x_wconf 85' lang='lat' dir='ltr'><strong>et</strong></span> <span class='ocrx_word' id='word_1_133' title='bbox 3074 652 3542 725; x_wconf 85' lang='lat' dir='ltr'><strong>Photinianorum.</strong></span> 
     </span>
    </p>
   </div>
   <div class='ocr_carea' id='block_1_20' title="bbox 1952 733 2561 805">
    <p class='ocr_par' dir='ltr' id='par_1_20' title="bbox 1952 733 2561 805">
     <span class='ocr_line' id='line_1_20' title="bbox 1952 733 2561 805; baseline 0.007 -16"><span class='ocrx_word' id='word_1_134' title='bbox 1952 740 2010 789; x_wconf 86' lang='lat' dir='ltr'><strong>et</strong></span> <span class='ocrx_word' id='word_1_135' title='bbox 2038 733 2561 805; x_wconf 88' lang='lat' dir='ltr'><strong>Apollinaristarum.</strong></span> 
     </span>
    </p>
   </div>
   <div class='ocr_carea' id='block_1_21' title="bbox 2023 824 3546 911">
    <p class='ocr_par' dir='ltr' id='par_1_21' title="bbox 2023 824 3546 911">
     <span class='ocr_line' id='line_1_21' title="bbox 2023 824 3546 911; baseline 0.007 -29"><span class='ocrx_word' id='word_1_136' title='bbox 2023 824 2225 882; x_wconf 80' lang='lat' dir='ltr'><strong>CLXV.</strong></span> <span class='ocrx_word' id='word_1_137' title='bbox 2259 860 2329 869; x_wconf 91' lang='lat'><strong><em>—</em></strong></span> <span class='ocrx_word' id='word_1_138' title='bbox 2354 827 2408 882; x_wconf 78' lang='lat'><strong>2.</strong></span> <span class='ocrx_word' id='word_1_139' title='bbox 2448 828 2553 895; x_wconf 98' lang='lat' dir='ltr'><strong>Qui</strong></span> <span class='ocrx_word' id='word_1_140' title='bbox 2596 834 2722 885; x_wconf 86' lang='lat' dir='ltr'><strong>sunt</strong></span> <span class='ocrx_word' id='word_1_141' title='bbox 2770 835 2934 903; x_wconf 81' lang='lat' dir='ltr'><strong>super</strong></span> <span class='ocrx_word' id='word_1_142' title='bbox 2960 832 3237 893; x_wconf 82' lang='lat' dir='ltr'><strong>dioecesim</strong></span> <span class='ocrx_word' id='word_1_143' title='bbox 3266 839 3546 911; x_wconf 81' lang='lat' dir='ltr'><strong>episcOpi,</strong></span> 
     </span>
    </p>
   </div>
   <div class='ocr_carea' id='block_1_22' title="bbox 1951 916 3543 1000">
    <p class='ocr_par' dir='ltr' id='par_1_22' title="bbox 1951 916 3543 1000">
     <span class='ocr_line' id='line_1_22' title="bbox 1951 916 3543 1000; baseline 0.011 -30"><span class='ocrx_word' id='word_1_144' title='bbox 1951 916 2020 971; x_wconf 86' lang='lat' dir='ltr'><strong>ad</strong></span> <span class='ocrx_word' id='word_1_145' title='bbox 2048 916 2318 974; x_wconf 87' lang='lat' dir='ltr'><strong>Ecclesias</strong></span> <span class='ocrx_word' id='word_1_146' title='bbox 2346 929 2500 975; x_wconf 82' lang='lat' dir='ltr'><strong>extra</strong></span> <span class='ocrx_word' id='word_1_147' title='bbox 2544 928 2671 978; x_wconf 89' lang='lat' dir='ltr'><strong>suos</strong></span> <span class='ocrx_word' id='word_1_148' title='bbox 2701 924 2958 981; x_wconf 83' lang='lat' dir='ltr'><strong>terminos</strong></span> <span class='ocrx_word' id='word_1_149' title='bbox 2996 926 3126 985; x_wconf 81' lang='lat' dir='ltr'><strong>sitas</strong></span> <span class='ocrx_word' id='word_1_150' title='bbox 3156 946 3224 985; x_wconf 91' lang='lat' dir='ltr'><strong>ne</strong></span> <span class='ocrx_word' id='word_1_151' title='bbox 3263 932 3543 1000; x_wconf 85' lang='lat' dir='ltr'><strong>accedant,</strong></span> 
     </span>
    </p>
   </div>
   <div class='ocr_carea' id='block_1_23' title="bbox 1951 1008 3545 1089">
    <p class='ocr_par' dir='ltr' id='par_1_23' title="bbox 1951 1008 3545 1089">
     <span class='ocr_line' id='line_1_23' title="bbox 1951 1008 3545 1089; baseline 0.011 -29"><span class='ocrx_word' id='word_1_152' title='bbox 1951 1021 2127 1078; x_wconf 88' lang='lat' dir='ltr'><strong>neque</strong></span> <span class='ocrx_word' id='word_1_153' title='bbox 2150 1008 2480 1064; x_wconf 78' lang='lat' dir='ltr'><strong>confundant</strong></span> <span class='ocrx_word' id='word_1_154' title='bbox 2503 1009 2773 1068; x_wconf 89' lang='lat' dir='ltr'><strong>Eeclesias</strong></span> <span class='ocrx_word' id='word_1_155' title='bbox 2799 1031 2812 1068; x_wconf 92' lang='lat'><strong>:</strong></span> <span class='ocrx_word' id='word_1_156' title='bbox 2841 1016 2935 1070; x_wconf 91' lang='lat' dir='ltr'><strong>sed</strong></span> <span class='ocrx_word' id='word_1_157' title='bbox 2958 1017 3253 1074; x_wconf 84' lang='lat' dir='ltr'><strong>secundum</strong></span> <span class='ocrx_word' id='word_1_158' title='bbox 3283 1036 3545 1089; x_wconf 78' lang='lat' dir='ltr'><strong>canones,</strong></span> 
     </span>
    </p>
   </div>
   <div class='ocr_carea' id='block_1_24' title="bbox 1950 1097 3544 1185">
    <p class='ocr_par' dir='ltr' id='par_1_24' title="bbox 1950 1097 3544 1185">
     <span class='ocr_line' id='line_1_24' title="bbox 1950 1097 3544 1185; baseline 0.011 -32"><span class='ocrx_word' id='word_1_159' title='bbox 1950 1097 2289 1156; x_wconf 78' lang='lat' dir='ltr'><strong>Alexandrize</strong></span> <span class='ocrx_word' id='word_1_160' title='bbox 2317 1102 2537 1172; x_wconf 87' lang='lat' dir='ltr'><strong>quidem</strong></span> <span class='ocrx_word' id='word_1_161' title='bbox 2565 1105 2872 1176; x_wconf 85' lang='lat' dir='ltr'><strong>episcopus,</strong></span> <span class='ocrx_word' id='word_1_162' title='bbox 2906 1124 3025 1179; x_wconf 73' lang='lat' dir='ltr'><strong>quae</strong></span> <span class='ocrx_word' id='word_1_163' title='bbox 3054 1120 3180 1166; x_wconf 90' lang='lat' dir='ltr'><strong>sunt</strong></span> <span class='ocrx_word' id='word_1_164' title='bbox 3208 1112 3262 1166; x_wconf 93' lang='lat' dir='ltr'><strong>in</strong></span> <span class='ocrx_word' id='word_1_165' title='bbox 3302 1111 3544 1185; x_wconf 65' lang='lat' dir='ltr'><strong>Egypto</strong></span> 
     </span>
    </p>
   </div>
   <div class='ocr_carea' id='block_1_25' title="bbox 1950 1190 3542 1273">
    <p class='ocr_par' dir='ltr' id='par_1_25' title="bbox 1950 1190 3542 1273">
     <span class='ocr_line' id='line_1_25' title="bbox 1950 1190 3542 1273; baseline 0.011 -31"><span class='ocrx_word' id='word_1_166' title='bbox 1950 1195 2158 1245; x_wconf 90' lang='lat' dir='ltr'><strong>tantum</strong></span> <span class='ocrx_word' id='word_1_167' title='bbox 2188 1190 2544 1248; x_wconf 86' lang='lat' dir='ltr'><strong>administret.</strong></span> <span class='ocrx_word' id='word_1_168' title='bbox 2576 1193 2810 1252; x_wconf 75' lang='lat' dir='ltr'><strong>Orientis</strong></span> <span class='ocrx_word' id='word_1_169' title='bbox 2865 1209 3046 1254; x_wconf 87' lang='lat' dir='ltr'><strong>autem</strong></span> <span class='ocrx_word' id='word_1_170' title='bbox 3076 1200 3315 1273; x_wconf 81' lang='lat' dir='ltr'><strong>episcopi</strong></span> <span class='ocrx_word' id='word_1_171' title='bbox 3346 1204 3542 1259; x_wconf 87' lang='lat' dir='ltr'><strong>Orien-</strong></span> 
     </span>
    </p>
   </div>
   <div class='ocr_carea' id='block_1_26' title="bbox 1948 1280 3546 1364">
    <p class='ocr_par' dir='ltr' id='par_1_26' title="bbox 1948 1280 3546 1364">
     <span class='ocr_line' id='line_1_26' title="bbox 1948 1280 3546 1364; baseline 0.009 -31"><span class='ocrx_word' id='word_1_172' title='bbox 1948 1287 2060 1335; x_wconf 91' lang='lat' dir='ltr'><strong>tem</strong></span> <span class='ocrx_word' id='word_1_173' title='bbox 2089 1280 2265 1337; x_wconf 89' lang='lat' dir='ltr'><strong>solum</strong></span> <span class='ocrx_word' id='word_1_174' title='bbox 2294 1285 2597 1352; x_wconf 78' lang='lat' dir='ltr'><strong>gubernem</strong></span> <span class='ocrx_word' id='word_1_175' title='bbox 2631 1304 2643 1339; x_wconf 91' lang='lat'>:</span> <span class='ocrx_word' id='word_1_176' title='bbox 2682 1290 2911 1343; x_wconf 73' lang='lat' dir='ltr'><strong>servatis</strong></span> <span class='ocrx_word' id='word_1_177' title='bbox 2942 1290 3255 1360; x_wconf 77' lang='lat' dir='ltr'><strong>privilegiis,</strong></span> <span class='ocrx_word' id='word_1_178' title='bbox 3284 1310 3402 1364; x_wconf 75' lang='lat' dir='ltr'><strong>qua:</strong></span> <span class='ocrx_word' id='word_1_179' title='bbox 3431 1295 3546 1350; x_wconf 83' lang='lat' dir='ltr'><strong>An—</strong></span> 
     </span>
    </p>
   </div>
   <div class='ocr_carea' id='block_1_27' title="bbox 1950 1371 3543 1440">
    <p class='ocr_par' dir='ltr' id='par_1_27' title="bbox 1950 1371 3543 1440">
     <span class='ocr_line' id='line_1_27' title="bbox 1950 1371 3543 1440; baseline 0.009 -15"><span class='ocrx_word' id='word_1_180' title='bbox 1950 1371 2213 1428; x_wconf 67' lang='lat' dir='ltr'><strong>tiochenaa</strong></span> <span class='ocrx_word' id='word_1_181' title='bbox 2240 1372 2494 1432; x_wconf 72' lang='lat' dir='ltr'><strong>Ecclesia:</strong></span> <span class='ocrx_word' id='word_1_182' title='bbox 2514 1376 2742 1434; x_wconf 73' lang='lat' dir='ltr'><strong>Nicaenis</strong></span> <span class='ocrx_word' id='word_1_183' title='bbox 2763 1381 3062 1437; x_wconf 89' lang='lat' dir='ltr'><strong>canonibus</strong></span> <span class='ocrx_word' id='word_1_184' title='bbox 3084 1382 3281 1437; x_wconf 89' lang='lat' dir='ltr'><strong>tributa</strong></span> <span class='ocrx_word' id='word_1_185' title='bbox 3306 1394 3447 1439; x_wconf 91' lang='lat' dir='ltr'><strong>sunt.</strong></span> <span class='ocrx_word' id='word_1_186' title='bbox 3474 1383 3543 1440; x_wconf 84' lang='lat' dir='ltr'><strong>Et</strong></span> 
     </span>
    </p>
   </div>
   <div class='ocr_carea' id='block_1_28' title="bbox 1947 1462 3543 1538">
    <p class='ocr_par' dir='ltr' id='par_1_28' title="bbox 1947 1462 3543 1538">
     <span class='ocr_line' id='line_1_28' title="bbox 1947 1462 3543 1538; baseline 0.009 -21"><span class='ocrx_word' id='word_1_187' title='bbox 1947 1462 2160 1518; x_wconf 71' lang='lat' dir='ltr'><strong>Asiana:</strong></span> <span class='ocrx_word' id='word_1_188' title='bbox 2185 1464 2484 1522; x_wconf 71' lang='lat' dir='ltr'><strong>dimceseos</strong></span> <span class='ocrx_word' id='word_1_189' title='bbox 2509 1468 2769 1538; x_wconf 82' lang='lat' dir='ltr'><strong>episcopi,</strong></span> <span class='ocrx_word' id='word_1_190' title='bbox 2800 1470 3053 1525; x_wconf 83' lang='lat' dir='ltr'><strong>Asianam</strong></span> <span class='ocrx_word' id='word_1_191' title='bbox 3105 1471 3379 1529; x_wconf 84' lang='lat' dir='ltr'><strong>dioecesim</strong></span> <span class='ocrx_word' id='word_1_192' title='bbox 3419 1483 3543 1531; x_wconf 86' lang='lat' dir='ltr'><strong>tan-</strong></span> 
     </span>
    </p>
   </div>
   <div class='ocr_carea' id='block_1_29' title="bbox 1946 1558 3537 1625">
    <p class='ocr_par' dir='ltr' id='par_1_29' title="bbox 1946 1558 3537 1625">
     <span class='ocr_line' id='line_1_29' title="bbox 1946 1558 3537 1625; baseline 0.008 -16"><span class='ocrx_word' id='word_1_193' title='bbox 1946 1562 2061 1609; x_wconf 89' lang='lat' dir='ltr'><strong>tum</strong></span> <span class='ocrx_word' id='word_1_194' title='bbox 2090 1558 2411 1625; x_wconf 77' lang='lat' dir='ltr'><strong>gubernem.</strong></span> <span class='ocrx_word' id='word_1_195' title='bbox 2458 1558 2567 1615; x_wconf 84' lang='lat' dir='ltr'><strong>Nec</strong></span> <span class='ocrx_word' id='word_1_196' title='bbox 2611 1575 2718 1615; x_wconf 92' lang='lat' dir='ltr'><strong>non</strong></span> <span class='ocrx_word' id='word_1_197' title='bbox 2763 1570 2817 1616; x_wconf 84' lang='lat' dir='ltr'><strong>et</strong></span> <span class='ocrx_word' id='word_1_198' title='bbox 2866 1560 3107 1618; x_wconf 66' lang='lat' dir='ltr'><strong>Pontica:</strong></span> <span class='ocrx_word' id='word_1_199' title='bbox 3147 1564 3446 1621; x_wconf 72' lang='lat' dir='ltr'><strong>dioecescos</strong></span> <span class='ocrx_word' id='word_1_200' title='bbox 3472 1570 3537 1621; x_wconf 86' lang='lat' dir='ltr'><strong>ea</strong></span> 
     </span>
    </p>
   </div>
   <div class='ocr_carea' id='block_1_30' title="bbox 1943 1648 3539 1725">
    <p class='ocr_par' dir='ltr' id='par_1_30' title="bbox 1943 1648 3539 1725">
     <span class='ocr_line' id='line_1_30' title="bbox 1943 1648 3539 1725; baseline 0.009 -26"><span class='ocrx_word' id='word_1_201' title='bbox 1943 1648 2153 1701; x_wconf 84' lang='lat' dir='ltr'><strong>tantum</strong></span> <span class='ocrx_word' id='word_1_202' title='bbox 2209 1663 2330 1718; x_wconf 63' lang='lat' dir='ltr'><strong>quae</strong></span> <span class='ocrx_word' id='word_1_203' title='bbox 2384 1650 2451 1705; x_wconf 89' lang='lat' dir='ltr'><strong>ad</strong></span> <span class='ocrx_word' id='word_1_204' title='bbox 2506 1650 2785 1708; x_wconf 83' lang='lat' dir='ltr'><strong>Ponticam</strong></span> <span class='ocrx_word' id='word_1_205' title='bbox 2834 1653 3107 1710; x_wconf 68' lang='lat' dir='ltr'><strong>dioeceSim</strong></span> <span class='ocrx_word' id='word_1_206' title='bbox 3155 1655 3452 1725; x_wconf 75' lang='lat' dir='ltr'><strong>pertinent,</strong></span> <span class='ocrx_word' id='word_1_207' title='bbox 3482 1662 3539 1714; x_wconf 88' lang='lat' dir='ltr'><strong>et</strong></span> 
     </span>
    </p>
   </div>
   <div class='ocr_carea' id='block_1_31' title="bbox 1944 1730 3540 1816">
    <p class='ocr_par' dir='ltr' id='par_1_31' title="bbox 1944 1730 3540 1816">
     <span class='ocr_line' id='line_1_31' title="bbox 1944 1730 3540 1816; baseline 0.009 -25"><span class='ocrx_word' id='word_1_208' title='bbox 1944 1737 2187 1795; x_wconf 70' lang='lat' dir='ltr'><strong>Thracia:</strong></span> <span class='ocrx_word' id='word_1_209' title='bbox 2207 1758 2326 1812; x_wconf 72' lang='lat' dir='ltr'><strong>qua:</strong></span> <span class='ocrx_word' id='word_1_210' title='bbox 2354 1752 2481 1799; x_wconf 91' lang='lat' dir='ltr'><strong>sunt</strong></span> <span class='ocrx_word' id='word_1_211' title='bbox 2516 1745 2567 1799; x_wconf 93' lang='lat' dir='ltr'><strong>in</strong></span> <span class='ocrx_word' id='word_1_212' title='bbox 2599 1730 2824 1803; x_wconf 71' lang='lat' dir='ltr'><strong>Thracia</strong></span> <span class='ocrx_word' id='word_1_213' title='bbox 2856 1748 3177 1816; x_wconf 78' lang='lat' dir='ltr'><strong>gubernem.</strong></span> <span class='ocrx_word' id='word_1_214' title='bbox 3210 1747 3328 1804; x_wconf 90' lang='lat' dir='ltr'><strong>Non</strong></span> <span class='ocrx_word' id='word_1_215' title='bbox 3357 1750 3540 1806; x_wconf 84' lang='lat' dir='ltr'><strong>vocati</strong></span> 
     </span>
    </p>
   </div>
   <div class='ocr_carea' id='block_1_32' title="bbox 1945 1833 3540 1912">
    <p class='ocr_par' dir='ltr' id='par_1_32' title="bbox 1945 1833 3540 1912">
     <span class='ocr_line' id='line_1_32' title="bbox 1945 1833 3540 1912; baseline 0.009 -29"><span class='ocrx_word' id='word_1_216' title='bbox 1945 1838 2127 1886; x_wconf 89' lang='lat' dir='ltr'><strong>autem</strong></span> <span class='ocrx_word' id='word_1_217' title='bbox 2154 1833 2395 1904; x_wconf 86' lang='lat' dir='ltr'><strong>episcopi</strong></span> <span class='ocrx_word' id='word_1_218' title='bbox 2423 1850 2586 1906; x_wconf 85' lang='lat' dir='ltr'><strong>super</strong></span> <span class='ocrx_word' id='word_1_219' title='bbox 2614 1836 2909 1903; x_wconf 84' lang='lat' dir='ltr'><strong>dioecesim,</strong></span> <span class='ocrx_word' id='word_1_220' title='bbox 2942 1842 3050 1894; x_wconf 78' lang='lat' dir='ltr'><strong>non</strong></span> <span class='ocrx_word' id='word_1_221' title='bbox 3082 1839 3344 1895; x_wconf 86' lang='lat' dir='ltr'><strong>accedant</strong></span> <span class='ocrx_word' id='word_1_222' title='bbox 3372 1857 3540 1912; x_wconf 87' lang='lat' dir='ltr'><strong>prop-</strong></span> 
     </span>
    </p>
   </div>
   <div class='ocr_carea' id='block_1_33' title="bbox 236 1922 1826 2003">
    <p class='ocr_par' dir='ltr' id='par_1_33' title="bbox 236 1922 1826 2003">
     <span class='ocr_line' id='line_1_33' title="bbox 236 1922 1826 2003; baseline 0.006 -31"><span class='ocrx_word' id='word_1_223' title='bbox 236 1928 432 1979; x_wconf 83' lang='grc' dir='ltr'><strong>τικαίς.</strong></span> <span class='ocrx_word' id='word_1_224' title='bbox 470 1922 842 1989; x_wconf 60' lang='grc' dir='ltr'><strong>δυλαττομένου</strong></span> <span class='ocrx_word' id='word_1_225' title='bbox 875 1922 929 1978; x_wconf 76' lang='grc' dir='ltr'><strong>δὲ</strong></span> <span class='ocrx_word' id='word_1_226' title='bbox 954 1931 1051 1979; x_wconf 76' lang='grc' dir='ltr'><strong>τοῦ</strong></span> <span class='ocrx_word' id='word_1_227' title='bbox 1092 1929 1543 2002; x_wconf 70' lang='grc' dir='ltr'><strong>προγεγραμμένου</strong></span> <span class='ocrx_word' id='word_1_228' title='bbox 1581 1931 1700 2003; x_wconf 79' lang='grc' dir='ltr'><strong>περὶ</strong></span> <span class='ocrx_word' id='word_1_229' title='bbox 1735 1935 1826 1983; x_wconf 72' lang='grc' dir='ltr'><strong>τῶι</strong></span> 
     </span>
    </p>
   </div>
   <div class='ocr_carea' id='block_1_34' title="bbox 1936 1922 3534 2003">
    <p class='ocr_par' dir='ltr' id='par_1_34' title="bbox 1943 1922 3534 1997">
     <span class='ocr_line' id='line_1_34' title="bbox 1943 1922 3534 1997; baseline 0.006 -22"><span class='ocrx_word' id='word_1_230' title='bbox 1943 1927 2026 1975; x_wconf 89' lang='lat' dir='ltr'><strong>ter</strong></span> <span class='ocrx_word' id='word_1_231' title='bbox 2052 1922 2470 1991; x_wconf 87' lang='lat' dir='ltr'><strong>ordinationem,</strong></span> <span class='ocrx_word' id='word_1_232' title='bbox 2503 1926 2587 1981; x_wconf 87' lang='lat' dir='ltr'><strong>vel</strong></span> <span class='ocrx_word' id='word_1_233' title='bbox 2615 1927 2747 1981; x_wconf 90' lang='lat' dir='ltr'><strong>alias</strong></span> <span class='ocrx_word' id='word_1_234' title='bbox 2778 1928 3213 1997; x_wconf 84' lang='lat' dir='ltr'><strong>dispensationes</strong></span> <span class='ocrx_word' id='word_1_235' title='bbox 3241 1929 3534 1985; x_wconf 79' lang='lat' dir='ltr'><strong>faciendas.</strong></span> 
     </span>
    </p>
   </div>
   <div class='ocr_carea' id='block_1_35' title="bbox 238 2009 1837 2092">
    <p class='ocr_par' dir='ltr' id='par_1_35' title="bbox 238 2009 1837 2092">
     <span class='ocr_line' id='line_1_35' title="bbox 238 2009 1837 2092; baseline 0.005 -25"><span class='ocrx_word' id='word_1_236' title='bbox 238 2009 536 2071; x_wconf 70' lang='grc' dir='ltr'><strong>διοικήσεων</strong></span> <span class='ocrx_word' id='word_1_237' title='bbox 581 2016 777 2077; x_wconf 78' lang='grc' dir='ltr'><strong>κανόνος</strong></span> <span class='ocrx_word' id='word_1_238' title='bbox 804 2057 819 2082; x_wconf 93' lang='grc'><strong>,</strong></span> <span class='ocrx_word' id='word_1_239' title='bbox 850 2014 1056 2075; x_wconf 75' lang='grc' dir='ltr'><strong>εὔδηλον</strong></span> <span class='ocrx_word' id='word_1_240' title='bbox 1087 2020 1154 2079; x_wconf 84' lang='grc' dir='ltr'><strong>ὡς</strong></span> <span class='ocrx_word' id='word_1_241' title='bbox 1182 2021 1247 2073; x_wconf 78' lang='grc' dir='ltr'><strong>τὰ</strong></span> <span class='ocrx_word' id='word_1_242' title='bbox 1277 2019 1386 2073; x_wconf 78' lang='grc' dir='ltr'><strong>καθ’</strong></span> <span class='ocrx_word' id='word_1_243' title='bbox 1413 2020 1631 2078; x_wconf 73' lang='grc' dir='ltr'><strong>ἑκάστην</strong></span> <span class='ocrx_word' id='word_1_244' title='bbox 1677 2022 1837 2092; x_wconf 60' lang='grc' dir='ltr'><strong>ἐπαρέ</strong></span> 
     </span>
    </p>
   </div>
   <div class='ocr_carea' id='block_1_36' title="bbox 238 2104 1832 2182">
    <p class='ocr_par' dir='ltr' id='par_1_36' title="bbox 238 2104 1832 2182">
     <span class='ocr_line' id='line_1_36' title="bbox 238 2104 1832 2182; baseline 0.005 -25"><span class='ocrx_word' id='word_1_245' title='bbox 238 2108 427 2176; x_wconf 78' lang='grc' dir='ltr'><strong>χὶανοή</strong></span> <span class='ocrx_word' id='word_1_246' title='bbox 456 2116 547 2166; x_wconf 81' lang='grc' dir='ltr'><strong>τῆς</strong></span> <span class='ocrx_word' id='word_1_247' title='bbox 578 2104 841 2182; x_wconf 67' lang='grc' dir='ltr'><strong>ἐπαρχίας</strong></span> <span class='ocrx_word' id='word_1_248' title='bbox 868 2107 1080 2170; x_wconf 82' lang='grc' dir='ltr'><strong>συνόδος</strong></span> <span class='ocrx_word' id='word_1_249' title='bbox 1118 2108 1353 2168; x_wconf 63' lang='grc' dir='ltr'><strong>διοικὰσει</strong></span> <span class='ocrx_word' id='word_1_250' title='bbox 1386 2112 1516 2165; x_wconf 79' lang='grc' dir='ltr'><strong>κατά</strong></span> <span class='ocrx_word' id='word_1_251' title='bbox 1548 2114 1613 2166; x_wconf 78' lang='grc' dir='ltr'><strong>τὰ</strong></span> <span class='ocrx_word' id='word_1_252' title='bbox 1658 2113 1706 2165; x_wconf 85' lang='grc' dir='ltr'><strong>ἐν</strong></span> <span class='ocrx_word' id='word_1_253' title='bbox 1736 2119 1832 2165; x_wconf 81' lang='grc' dir='ltr'><strong>Νι-</strong></span> 
     </span>
    </p>
   </div>
   <div class='ocr_carea' id='block_1_37' title="bbox 236 2197 1832 2277">
    <p class='ocr_par' dir='ltr' id='par_1_37' title="bbox 236 2197 1832 2277">
     <span class='ocr_line' id='line_1_37' title="bbox 236 2197 1832 2277; baseline 0.007 -30"><span class='ocrx_word' id='word_1_254' title='bbox 236 2200 357 2269; x_wconf 74' lang='grc' dir='ltr'><strong>καίᾳ</strong></span> <span class='ocrx_word' id='word_1_255' title='bbox 394 2200 675 2271; x_wconf 82' lang='grc' dir='ltr'><strong>ὡρισμένα.</strong></span> <span class='ocrx_word' id='word_1_256' title='bbox 706 2202 809 2260; x_wconf 81' lang='grc' dir='ltr'><strong>Τὰς</strong></span> <span class='ocrx_word' id='word_1_257' title='bbox 838 2197 892 2254; x_wconf 74' lang='grc' dir='ltr'><strong><em>δὲ</em></strong></span> <span class='ocrx_word' id='word_1_258' title='bbox 923 2202 972 2253; x_wconf 86' lang='grc' dir='ltr'><strong>ἐν</strong></span> <span class='ocrx_word' id='word_1_259' title='bbox 1001 2209 1114 2261; x_wconf 86' lang='grc' dir='ltr'><strong>τοῖς</strong></span> <span class='ocrx_word' id='word_1_260' title='bbox 1152 2201 1490 2277; x_wconf 72' lang='grc' dir='ltr'><strong>βαρϐαρικοῖς</strong></span> <span class='ocrx_word' id='word_1_261' title='bbox 1521 2202 1713 2258; x_wconf 74' lang='grc' dir='ltr'><strong>ἔθνεσιν</strong></span> <span class='ocrx_word' id='word_1_262' title='bbox 1740 2210 1832 2258; x_wconf 82' lang='grc' dir='ltr'><strong>τοῦ</strong></span> 
     </span>
    </p>
   </div>
   <div class='ocr_carea' id='block_1_38' title="bbox 233 2280 1832 2372">
    <p class='ocr_par' dir='ltr' id='par_1_38' title="bbox 233 2280 1832 2372">
     <span class='ocr_line' id='line_1_38' title="bbox 233 2280 1832 2372; baseline 0.006 -30"><span class='ocrx_word' id='word_1_263' title='bbox 233 2295 363 2342; x_wconf 77' lang='grc' dir='ltr'><strong>Θεοῦ</strong></span> <span class='ocrx_word' id='word_1_264' title='bbox 395 2291 683 2356; x_wconf 76' lang='grc' dir='ltr'><strong>ἐκκλησίας,</strong></span> <span class='ocrx_word' id='word_1_265' title='bbox 714 2280 1075 2365; x_wconf 68' lang='grc' dir='ltr'><strong>οἰκονομεῖσθαι</strong></span> <span class='ocrx_word' id='word_1_266' title='bbox 1120 2298 1231 2368; x_wconf 68' lang='grc' dir='ltr'><strong>χρὴ</strong></span> <span class='ocrx_word' id='word_1_267' title='bbox 1275 2296 1407 2350; x_wconf 82' lang='grc' dir='ltr'><strong>κατὰ</strong></span> <span class='ocrx_word' id='word_1_268' title='bbox 1445 2299 1533 2352; x_wconf 74' lang='grc' dir='ltr'><strong>τήν</strong></span> <span class='ocrx_word' id='word_1_269' title='bbox 1572 2298 1832 2372; x_wconf 67' lang='grc' dir='ltr'><strong>κρατήσαι-</strong></span> 
     </span>
    </p>
   </div>
   <div class='ocr_carea' id='block_1_39' title="bbox 233 2384 1036 2460">
    <p class='ocr_par' dir='ltr' id='par_1_39' title="bbox 233 2384 1036 2460">
     <span class='ocr_line' id='line_1_39' title="bbox 233 2384 1036 2460; baseline 0.004 -23"><span class='ocrx_word' id='word_1_270' title='bbox 233 2404 332 2437; x_wconf 87' lang='grc' dir='ltr'><strong>σαν</strong></span> <span class='ocrx_word' id='word_1_271' title='bbox 362 2384 631 2441; x_wconf 76' lang='grc' dir='ltr'><strong>συνήθειαν</strong></span> <span class='ocrx_word' id='word_1_272' title='bbox 657 2393 756 2439; x_wconf 85' lang='grc' dir='ltr'><strong>τῶν</strong></span> <span class='ocrx_word' id='word_1_273' title='bbox 782 2386 1036 2460; x_wconf 78' lang='grc' dir='ltr'><strong>πατέρων.</strong></span> 
     </span>
    </p>
   </div>
   <div class='ocr_carea' id='block_1_40' title="bbox 335 2556 1831 2635">
    <p class='ocr_par' dir='ltr' id='par_1_40' title="bbox 335 2556 1831 2635">
     <span class='ocr_line' id='line_1_40' title="bbox 335 2556 1831 2635; baseline 0.005 -24"><span class='ocrx_word' id='word_1_274' title='bbox 335 2556 433 2621; x_wconf 56' lang='grc' dir='ltr'><strong>ξεί.</strong></span> <span class='ocrx_word' id='word_1_275' title='bbox 458 2559 556 2612; x_wconf 80' lang='grc' dir='ltr'><strong>τὸν</strong></span> <span class='ocrx_word' id='word_1_276' title='bbox 584 2559 670 2628; x_wconf 80' lang='grc' dir='ltr'><strong>μέν</strong></span> <span class='ocrx_word' id='word_1_277' title='bbox 690 2578 769 2614; x_wconf 89' lang='grc' dir='ltr'><strong>τοι</strong></span> <span class='ocrx_word' id='word_1_278' title='bbox 792 2561 1356 2624; x_wconf 74' lang='grc' dir='ltr'><strong>κωνσταντινουπόλιως</strong></span> <span class='ocrx_word' id='word_1_279' title='bbox 1380 2560 1660 2617; x_wconf 75' lang='grc' dir='ltr'><strong>ἐπίσκοπον</strong></span> <span class='ocrx_word' id='word_1_280' title='bbox 1684 2561 1831 2635; x_wconf 74' lang='grc' dir='ltr'><strong>ἔχειν</strong></span> 
     </span>
    </p>
   </div>
   <div class='ocr_carea' id='block_1_41' title="bbox 227 2651 1829 2728">
    <p class='ocr_par' dir='ltr' id='par_1_41' title="bbox 227 2651 1829 2728">
     <span class='ocr_line' id='line_1_41' title="bbox 227 2651 1829 2728; baseline 0.002 -22"><span class='ocrx_word' id='word_1_281' title='bbox 227 2653 293 2706; x_wconf 74' lang='grc' dir='ltr'><strong>τὰ</strong></span> <span class='ocrx_word' id='word_1_282' title='bbox 320 2651 580 2723; x_wconf 65' lang='grc' dir='ltr'><strong>πρεσῗεῖα</strong></span> <span class='ocrx_word' id='word_1_283' title='bbox 602 2659 693 2710; x_wconf 74' lang='grc' dir='ltr'><strong>τῆς</strong></span> <span class='ocrx_word' id='word_1_284' title='bbox 722 2661 872 2722; x_wconf 74' lang='grc' dir='ltr'><strong>τιμῆς</strong></span> <span class='ocrx_word' id='word_1_285' title='bbox 900 2656 1030 2723; x_wconf 80' lang='grc' dir='ltr'><strong>μετά</strong></span> <span class='ocrx_word' id='word_1_286' title='bbox 1059 2654 1145 2708; x_wconf 81' lang='grc' dir='ltr'><strong>τὸν</strong></span> <span class='ocrx_word' id='word_1_287' title='bbox 1175 2661 1266 2714; x_wconf 80' lang='grc' dir='ltr'><strong>τῆς</strong></span> <span class='ocrx_word' id='word_1_288' title='bbox 1302 2656 1492 2724; x_wconf 80' lang='grc' dir='ltr'><strong>Ῥώμης</strong></span> <span class='ocrx_word' id='word_1_289' title='bbox 1517 2656 1829 2728; x_wconf 66' lang='grc' dir='ltr'><strong>ίπίσκοπον,</strong></span> 
     </span>
    </p>
   </div>
   <div class='ocr_carea' id='block_1_42' title="bbox 226 2739 1110 2816">
    <p class='ocr_par' dir='ltr' id='par_1_42' title="bbox 226 2739 1110 2816">
     <span class='ocr_line' id='line_1_42' title="bbox 226 2739 1110 2816; baseline 0.001 -19"><span class='ocrx_word' id='word_1_290' title='bbox 226 2741 315 2798; x_wconf 75' lang='grc' dir='ltr'><strong>διὰ</strong></span> <span class='ocrx_word' id='word_1_291' title='bbox 341 2743 404 2796; x_wconf 83' lang='grc' dir='ltr'><strong>τό</strong></span> <span class='ocrx_word' id='word_1_292' title='bbox 431 2739 561 2797; x_wconf 83' lang='grc' dir='ltr'><strong>εἶναι</strong></span> <span class='ocrx_word' id='word_1_293' title='bbox 586 2744 741 2802; x_wconf 71' lang='grc' dir='ltr'><strong>αὐτὴν</strong></span> <span class='ocrx_word' id='word_1_294' title='bbox 762 2746 876 2797; x_wconf 80' lang='grc' dir='ltr'><strong>νέαν</strong></span> <span class='ocrx_word' id='word_1_295' title='bbox 897 2741 1110 2816; x_wconf 79' lang='grc' dir='ltr'><strong>Ῥώμην.</strong></span> 
     </span>
    </p>
   </div>
   <div class='ocr_carea' id='block_1_43' title="bbox 297 2832 1827 2912">
    <p class='ocr_par' dir='ltr' id='par_1_43' title="bbox 297 2832 1827 2912">
     <span class='ocr_line' id='line_1_43' title="bbox 297 2832 1827 2912; baseline -0.001 -23"><span class='ocrx_word' id='word_1_296' title='bbox 297 2832 430 2910; x_wconf 73' lang='grc' dir='ltr'><strong>ρξξ.</strong></span> <span class='ocrx_word' id='word_1_297' title='bbox 473 2837 594 2912; x_wconf 81' lang='grc' dir='ltr'><strong>Περὶ</strong></span> <span class='ocrx_word' id='word_1_298' title='bbox 622 2837 847 2904; x_wconf 77' lang='grc' dir='ltr'><strong>Μαξίμου</strong></span> <span class='ocrx_word' id='word_1_299' title='bbox 890 2842 980 2890; x_wconf 83' lang='grc' dir='ltr'><strong>τοῦ</strong></span> <span class='ocrx_word' id='word_1_300' title='bbox 1008 2841 1231 2900; x_wconf 81' lang='grc' dir='ltr'><strong>κυνικοῦ,</strong></span> <span class='ocrx_word' id='word_1_301' title='bbox 1261 2837 1343 2888; x_wconf 69' lang='grc' dir='ltr'><strong>καί</strong></span> <span class='ocrx_word' id='word_1_302' title='bbox 1386 2842 1478 2894; x_wconf 73' lang='grc' dir='ltr'><strong>τῆς</strong></span> <span class='ocrx_word' id='word_1_303' title='bbox 1522 2833 1636 2889; x_wconf 78' lang='grc' dir='ltr'><strong>κατ’</strong></span> <span class='ocrx_word' id='word_1_304' title='bbox 1679 2832 1827 2889; x_wconf 74' lang='grc' dir='ltr'><strong>αὐτὸν</strong></span> 
     </span>
    </p>
   </div>
   <div class='ocr_carea' id='block_1_44' title="bbox 228 2927 1829 3001">
    <p class='ocr_par' dir='ltr' id='par_1_44' title="bbox 228 2927 1829 3001">
     <span class='ocr_line' id='line_1_44' title="bbox 228 2927 1829 3001; baseline 0 -19"><span class='ocrx_word' id='word_1_305' title='bbox 228 2928 448 2991; x_wconf 70' lang='grc' dir='ltr'><strong>ἀταξίας</strong></span> <span class='ocrx_word' id='word_1_306' title='bbox 478 2935 569 2987; x_wconf 76' lang='grc' dir='ltr'><strong>τῆς</strong></span> <span class='ocrx_word' id='word_1_307' title='bbox 593 2934 641 2980; x_wconf 72' lang='grc' dir='ltr'><strong>ἐν</strong></span> <span class='ocrx_word' id='word_1_308' title='bbox 670 2927 1200 2983; x_wconf 70' lang='grc' dir='ltr'><strong>Κωνσταντινουπόλει</strong></span> <span class='ocrx_word' id='word_1_309' title='bbox 1221 2928 1511 3001; x_wconf 54' lang='grc' dir='ltr'><strong>γενομένην</strong></span> <span class='ocrx_word' id='word_1_310' title='bbox 1542 2928 1678 2983; x_wconf 76' lang='grc' dir='ltr'><strong>ὥστε</strong></span> <span class='ocrx_word' id='word_1_311' title='bbox 1702 2932 1829 3000; x_wconf 74' lang='grc' dir='ltr'><strong>μήτε</strong></span> 
     </span>
    </p>
   </div>
   <div class='ocr_carea' id='block_1_45' title="bbox 226 3014 1829 3091">
    <p class='ocr_par' dir='ltr' id='par_1_45' title="bbox 226 3014 1829 3091">
     <span class='ocr_line' id='line_1_45' title="bbox 226 3014 1829 3091; baseline 0.002 -21"><span class='ocrx_word' id='word_1_312' title='bbox 226 3020 465 3087; x_wconf 68' lang='grc' dir='ltr'><strong>Μάξιμον</strong></span> <span class='ocrx_word' id='word_1_313' title='bbox 499 3014 781 3073; x_wconf 72' lang='grc' dir='ltr'><strong>ἐπίσκοποᾶ</strong></span> <span class='ocrx_word' id='word_1_314' title='bbox 810 3017 841 3077; x_wconf 76' lang='grc' dir='ltr'><strong>ἦ</strong></span> <span class='ocrx_word' id='word_1_315' title='bbox 884 3019 1115 3088; x_wconf 78' lang='grc' dir='ltr'><strong>γενέσθαι</strong></span> <span class='ocrx_word' id='word_1_316' title='bbox 1137 3016 1167 3077; x_wconf 79' lang='grc' dir='ltr'><strong>ἣ</strong></span> <span class='ocrx_word' id='word_1_317' title='bbox 1194 3014 1339 3079; x_wconf 82' lang='grc' dir='ltr'><strong>εἶναι.</strong></span> <span class='ocrx_word' id='word_1_318' title='bbox 1385 3021 1508 3089; x_wconf 66' lang='grc' dir='ltr'><strong>μήτε</strong></span> <span class='ocrx_word' id='word_1_319' title='bbox 1545 3020 1664 3079; x_wconf 82' lang='grc' dir='ltr'><strong>τοὺς</strong></span> <span class='ocrx_word' id='word_1_320' title='bbox 1705 3017 1829 3091; x_wconf 84' lang='grc' dir='ltr'><strong>παρ’</strong></span> 
     </span>
    </p>
   </div>
   <div class='ocr_carea' id='block_1_46' title="bbox 230 3107 1828 3187">
    <p class='ocr_par' dir='ltr' id='par_1_46' title="bbox 230 3107 1828 3187">
     <span class='ocr_line' id='line_1_46' title="bbox 230 3107 1828 3187; baseline 0.001 -24"><span class='ocrx_word' id='word_1_321' title='bbox 230 3111 398 3163; x_wconf 76' lang='grc' dir='ltr'><strong>αὐτοῦ</strong></span> <span class='ocrx_word' id='word_1_322' title='bbox 428 3110 874 3184; x_wconf 69' lang='grc' dir='ltr'><strong>χειροτονηθέντας</strong></span> <span class='ocrx_word' id='word_1_323' title='bbox 898 3111 949 3163; x_wconf 75' lang='grc' dir='ltr'><strong>ἐν</strong></span> <span class='ocrx_word' id='word_1_324' title='bbox 974 3107 1248 3180; x_wconf 76' lang='grc' dir='ltr'><strong>οέῳδιόπστε</strong></span> <span class='ocrx_word' id='word_1_325' title='bbox 1274 3110 1449 3182; x_wconf 83' lang='grc' dir='ltr'><strong>βαθμῷ</strong></span> <span class='ocrx_word' id='word_1_326' title='bbox 1473 3108 1673 3187; x_wconf 73' lang='grc' dir='ltr'><strong>κλήρου,</strong></span> <span class='ocrx_word' id='word_1_327' title='bbox 1700 3112 1828 3165; x_wconf 82' lang='grc' dir='ltr'><strong>πάν·</strong></span> 
     </span>
    </p>
   </div>
   <div class='ocr_carea' id='block_1_47' title="bbox 225 3198 1829 3275">
    <p class='ocr_par' dir='ltr' id='par_1_47' title="bbox 225 3198 1829 3275">
     <span class='ocr_line' id='line_1_47' title="bbox 225 3198 1829 3275; baseline 0.001 -22"><span class='ocrx_word' id='word_1_328' title='bbox 225 3218 331 3253; x_wconf 83' lang='grc' dir='ltr'><strong>των</strong></span> <span class='ocrx_word' id='word_1_329' title='bbox 378 3202 467 3253; x_wconf 84' lang='grc' dir='ltr'><strong>καὶ</strong></span> <span class='ocrx_word' id='word_1_330' title='bbox 494 3206 593 3252; x_wconf 83' lang='grc' dir='ltr'><strong>τῶν</strong></span> <span class='ocrx_word' id='word_1_331' title='bbox 620 3201 739 3273; x_wconf 80' lang='grc' dir='ltr'><strong>περί</strong></span> <span class='ocrx_word' id='word_1_332' title='bbox 769 3200 923 3255; x_wconf 75' lang='grc' dir='ltr'><strong>αὐτόν</strong></span> <span class='ocrx_word' id='word_1_333' title='bbox 957 3201 1043 3254; x_wconf 81' lang='grc' dir='ltr'><strong>καί</strong></span> <span class='ocrx_word' id='word_1_334' title='bbox 1070 3205 1170 3255; x_wconf 84' lang='grc' dir='ltr'><strong>τῶν</strong></span> <span class='ocrx_word' id='word_1_335' title='bbox 1211 3198 1336 3275; x_wconf 82' lang='grc' dir='ltr'><strong>παρ’</strong></span> <span class='ocrx_word' id='word_1_336' title='bbox 1363 3201 1517 3256; x_wconf 80' lang='grc' dir='ltr'><strong>αὐτοῦ</strong></span> <span class='ocrx_word' id='word_1_337' title='bbox 1550 3200 1829 3274; x_wconf 74' lang='grc' dir='ltr'><strong>γενομένων</strong></span> 
     </span>
    </p>
   </div>
   <div class='ocr_carea' id='block_1_48' title="bbox 227 3291 1101 3367">
    <p class='ocr_par' dir='ltr' id='par_1_48' title="bbox 227 3291 1101 3367">
     <span class='ocr_line' id='line_1_48' title="bbox 227 3291 1101 3367; baseline -0.006 -21"><span class='ocrx_word' id='word_1_338' title='bbox 227 3291 607 3367; x_wconf 75' lang='grc' dir='ltr'><strong>ἆκυρωθέντων.</strong></span> <span class='ocrx_word' id='word_1_339' title='bbox 1092 3358 1101 3363; x_wconf 38' lang='lat'><strong>-</strong></span> 
     </span>
    </p>
   </div>
   <div class='ocr_carea' id='block_1_49' title="bbox 301 3380 1830 3456">
    <p class='ocr_par' dir='ltr' id='par_1_49' title="bbox 301 3380 1830 3456">
     <span class='ocr_line' id='line_1_49' title="bbox 301 3380 1830 3456; baseline 0.007 -24"><span class='ocrx_word' id='word_1_340' title='bbox 301 3380 430 3455; x_wconf 83' lang='grc' dir='ltr'><strong>ρξη’.</strong></span> <span class='ocrx_word' id='word_1_341' title='bbox 471 3384 589 3456; x_wconf 83' lang='grc' dir='ltr'><strong>Περὶ</strong></span> <span class='ocrx_word' id='word_1_342' title='bbox 608 3388 701 3437; x_wconf 82' lang='grc' dir='ltr'><strong>τοῦ</strong></span> <span class='ocrx_word' id='word_1_343' title='bbox 727 3383 888 3456; x_wconf 79' lang='grc' dir='ltr'><strong>τόμον</strong></span> <span class='ocrx_word' id='word_1_344' title='bbox 915 3390 1015 3439; x_wconf 88' lang='grc' dir='ltr'><strong>τῶν</strong></span> <span class='ocrx_word' id='word_1_345' title='bbox 1043 3381 1279 3440; x_wconf 84' lang='grc' dir='ltr'><strong>δυτικῶν·</strong></span> <span class='ocrx_word' id='word_1_346' title='bbox 1312 3386 1544 3447; x_wconf 76' lang='grc' dir='ltr'><strong>καὶτοὺς</strong></span> <span class='ocrx_word' id='word_1_347' title='bbox 1569 3387 1620 3441; x_wconf 77' lang='grc' dir='ltr'><strong>ἕν</strong></span> <span class='ocrx_word' id='word_1_348' title='bbox 1647 3386 1830 3443; x_wconf 72' lang='grc' dir='ltr'><strong>’Δντιοο</strong></span> 
     </span>
    </p>
   </div>
   <div class='ocr_carea' id='block_1_50' title="bbox 229 3472 1830 3554">
    <p class='ocr_par' dir='ltr' id='par_1_50' title="bbox 229 3472 1830 3554">
     <span class='ocr_line' id='line_1_50' title="bbox 229 3472 1830 3554; baseline 0.003 -26"><span class='ocrx_word' id='word_1_349' title='bbox 229 3475 360 3547; x_wconf 78' lang='grc' dir='ltr'><strong>χείᾳ</strong></span> <span class='ocrx_word' id='word_1_350' title='bbox 400 3472 746 3546; x_wconf 70' lang='grc' dir='ltr'><strong>ἀπεδεξάμεθα</strong></span> <span class='ocrx_word' id='word_1_351' title='bbox 790 3477 914 3535; x_wconf 78' lang='grc' dir='ltr'><strong>τοὺς</strong></span> <span class='ocrx_word' id='word_1_352' title='bbox 957 3477 1076 3546; x_wconf 86' lang='grc' dir='ltr'><strong>μίαν</strong></span> <span class='ocrx_word' id='word_1_353' title='bbox 1115 3474 1482 3550; x_wconf 79' lang='grc' dir='ltr'><strong>ὁμολογοῦντας</strong></span> <span class='ocrx_word' id='word_1_354' title='bbox 1508 3477 1707 3554; x_wconf 83' lang='grc' dir='ltr'><strong>πατρὸς</strong></span> <span class='ocrx_word' id='word_1_355' title='bbox 1743 3476 1830 3534; x_wconf 78' lang='grc' dir='ltr'><strong>καί</strong></span> 
     </span>
    </p>
   </div>
   <div class='ocr_carea' id='block_1_51' title="bbox 227 3564 1199 3638">
    <p class='ocr_par' dir='ltr' id='par_1_51' title="bbox 227 3564 1199 3638">
     <span class='ocr_line' id='line_1_51' title="bbox 227 3564 1199 3638; baseline 0.003 -20"><span class='ocrx_word' id='word_1_356' title='bbox 227 3566 349 3619; x_wconf 84' lang='grc' dir='ltr'><strong>υἱοῦ</strong></span> <span class='ocrx_word' id='word_1_357' title='bbox 379 3569 468 3619; x_wconf 87' lang='grc' dir='ltr'><strong>καί</strong></span> <span class='ocrx_word' id='word_1_358' title='bbox 494 3564 639 3638; x_wconf 72' lang='grc' dir='ltr'><strong>ἁγίου</strong></span> <span class='ocrx_word' id='word_1_359' title='bbox 655 3567 944 3635; x_wconf 70' lang='grc' dir='ltr'><strong>πνεύματος</strong></span> <span class='ocrx_word' id='word_1_360' title='bbox 967 3566 1199 3625; x_wconf 83' lang='grc' dir='ltr'><strong>θεότητα.</strong></span> 
     </span>
    </p>
   </div>
   <div class='ocr_carea' id='block_1_52' title="bbox 298 3737 1827 3814">
    <p class='ocr_par' dir='ltr' id='par_1_52' title="bbox 298 3737 1827 3814">
     <span class='ocr_line' id='line_1_52' title="bbox 298 3737 1827 3814; baseline 0.016 -25"><span class='ocrx_word' id='word_1_361' title='bbox 298 3739 425 3814; x_wconf 69' lang='grc' dir='ltr'><strong>ρξθ.</strong></span> <span class='ocrx_word' id='word_1_362' title='bbox 489 3737 697 3800; x_wconf 74' lang='grc' dir='ltr'><strong>Ἐπειδη</strong></span> <span class='ocrx_word' id='word_1_363' title='bbox 742 3741 916 3796; x_wconf 80' lang='grc' dir='ltr'><strong>πολλοί</strong></span> <span class='ocrx_word' id='word_1_364' title='bbox 969 3745 1061 3799; x_wconf 74' lang='grc' dir='ltr'><strong>τήν</strong></span> <span class='ocrx_word' id='word_1_365' title='bbox 1124 3741 1546 3803; x_wconf 68' lang='grc' dir='ltr'><strong>ἐκκλησιαστικην</strong></span> <span class='ocrx_word' id='word_1_366' title='bbox 1594 3746 1827 3812; x_wconf 73' lang='grc' dir='ltr'><strong>εὐταξίαν</strong></span> 
     </span>
    </p>
   </div>
   <div class='ocr_carea' id='block_1_53' title="bbox 226 3832 1825 3913">
    <p class='ocr_par' dir='ltr' id='par_1_53' title="bbox 226 3832 1825 3913">
     <span class='ocr_line' id='line_1_53' title="bbox 226 3832 1825 3913; baseline -0.006 -26"><span class='ocrx_word' id='word_1_367' title='bbox 226 3834 482 3905; x_wconf 75' lang='grc' dir='ltr'><strong>συγχέειν</strong></span> <span class='ocrx_word' id='word_1_368' title='bbox 506 3836 595 3887; x_wconf 85' lang='grc' dir='ltr'><strong>καί</strong></span> <span class='ocrx_word' id='word_1_369' title='bbox 617 3835 916 3904; x_wconf 70' lang='grc' dir='ltr'><strong>ἀνατρέπειν</strong></span> <span class='ocrx_word' id='word_1_370' title='bbox 943 3833 1237 3905; x_wconf 74' lang='grc' dir='ltr'><strong>βουλόμενοι</strong></span> <span class='ocrx_word' id='word_1_371' title='bbox 1255 3832 1620 3911; x_wconf 77' lang='grc' dir='ltr'><strong>[πειρώμενοι],</strong></span> <span class='ocrx_word' id='word_1_372' title='bbox 1645 3836 1825 3913; x_wconf 49' lang='lat' dir='ltr'><strong>pair.</strong></span> 
     </span>
    </p>
   </div>
   <div class='ocr_carea' id='block_1_54' title="bbox 221 3924 1824 3999">
    <p class='ocr_par' dir='ltr' id='par_1_54' title="bbox 221 3924 1824 3999">
     <span class='ocr_line' id='line_1_54' title="bbox 221 3924 1824 3999; baseline 0.003 -22"><span class='ocrx_word' id='word_1_373' title='bbox 221 3924 359 3999; x_wconf 70' lang='grc' dir='ltr'><strong>θρως</strong></span> <span class='ocrx_word' id='word_1_374' title='bbox 399 3925 483 3977; x_wconf 68' lang='grc' dir='ltr'><strong>καί</strong></span> <span class='ocrx_word' id='word_1_375' title='bbox 524 3929 900 3995; x_wconf 50' lang='grc' dir='ltr'><strong>συκοφαντικῶς</strong></span> <span class='ocrx_word' id='word_1_376' title='bbox 927 3925 1097 3983; x_wconf 83' lang='grc' dir='ltr'><strong>αἰτίας</strong></span> <span class='ocrx_word' id='word_1_377' title='bbox 1144 3925 1294 3984; x_wconf 54' lang='grc' dir='ltr'><strong>τινὰς.</strong></span> <span class='ocrx_word' id='word_1_378' title='bbox 1318 3925 1451 3980; x_wconf 85' lang='grc' dir='ltr'><strong>κατᾶ</strong></span> <span class='ocrx_word' id='word_1_379' title='bbox 1491 3933 1592 3980; x_wconf 81' lang='grc' dir='ltr'><strong>τῶν</strong></span> <span class='ocrx_word' id='word_1_380' title='bbox 1636 3928 1824 3982; x_wconf 83' lang='grc' dir='ltr'><strong>οἰκονο-</strong></span> 
     </span>
    </p>
   </div>
   <div class='ocr_carea' id='block_1_55' title="bbox 224 4012 1824 4089">
    <p class='ocr_par' dir='ltr' id='par_1_55' title="bbox 224 4012 1824 4089">
     <span class='ocr_line' id='line_1_55' title="bbox 224 4012 1824 4089; baseline 0.004 -22"><span class='ocrx_word' id='word_1_381' title='bbox 224 4013 457 4083; x_wconf 61' lang='grc' dir='ltr'><strong>μοῦντων</strong></span> <span class='ocrx_word' id='word_1_382' title='bbox 488 4015 579 4073; x_wconf 79' lang='grc' dir='ltr'><strong>τὰς</strong></span> <span class='ocrx_word' id='word_1_383' title='bbox 615 4015 881 4073; x_wconf 71' lang='grc' dir='ltr'><strong>ἐκκλησίας</strong></span> <span class='ocrx_word' id='word_1_384' title='bbox 920 4012 1198 4089; x_wconf 81' lang='grc' dir='ltr'><strong>όρθοδόξων</strong></span> <span class='ocrx_word' id='word_1_385' title='bbox 1224 4013 1517 4070; x_wconf 70' lang='grc' dir='ltr'><strong>ἐπισκόπων</strong></span> <span class='ocrx_word' id='word_1_386' title='bbox 1543 4018 1824 4089; x_wconf 79' lang='grc' dir='ltr'><strong>συμπλάσ-</strong></span> 
     </span>
    </p>
   </div>
   <div class='ocr_carea' id='block_1_56' title="bbox 227 4106 1825 4183">
    <p class='ocr_par' dir='ltr' id='par_1_56' title="bbox 227 4106 1825 4183">
     <span class='ocr_line' id='line_1_56' title="bbox 227 4106 1825 4183; baseline 0.001 -22"><span class='ocrx_word' id='word_1_387' title='bbox 227 4128 431 4169; x_wconf 81' lang='grc' dir='ltr'><strong>σουσιν,</strong></span> <span class='ocrx_word' id='word_1_388' title='bbox 460 4106 600 4161; x_wconf 78' lang='grc' dir='ltr'><strong>οὐδὲν</strong></span> <span class='ocrx_word' id='word_1_389' title='bbox 632 4107 802 4181; x_wconf 65' lang='grc' dir='ltr'><strong>ἕτερον</strong></span> <span class='ocrx_word' id='word_1_390' title='bbox 836 4106 867 4165; x_wconf 73' lang='grc' dir='ltr'>ἦ</span> <span class='ocrx_word' id='word_1_391' title='bbox 903 4109 1136 4179; x_wconf 74' lang='grc' dir='ltr'><strong>χραίνειν</strong></span> <span class='ocrx_word' id='word_1_392' title='bbox 1162 4110 1257 4167; x_wconf 73' lang='grc' dir='ltr'><strong>τὰς</strong></span> <span class='ocrx_word' id='word_1_393' title='bbox 1295 4114 1394 4162; x_wconf 82' lang='grc' dir='ltr'><strong>τῶν</strong></span> <span class='ocrx_word' id='word_1_394' title='bbox 1426 4106 1825 4183; x_wconf 58' lang='grc' dir='ltr'><strong>ίερέωνυπολῆη</strong></span> 
     </span>
    </p>
   </div>
   <div class='ocr_carea' id='block_1_57' title="bbox 225 4197 1826 4274">
    <p class='ocr_par' dir='ltr' id='par_1_57' title="bbox 225 4197 1826 4274">
     <span class='ocr_line' id='line_1_57' title="bbox 225 4197 1826 4274; baseline 0.003 -23"><span class='ocrx_word' id='word_1_395' title='bbox 225 4197 370 4267; x_wconf 63' lang='grc' dir='ltr'><strong>ψεις,</strong></span> <span class='ocrx_word' id='word_1_396' title='bbox 395 4201 481 4252; x_wconf 80' lang='grc' dir='ltr'><strong>καί</strong></span> <span class='ocrx_word' id='word_1_397' title='bbox 505 4202 750 4272; x_wconf 70' lang='grc' dir='ltr'><strong>ταραχὰς</strong></span> <span class='ocrx_word' id='word_1_398' title='bbox 776 4207 875 4253; x_wconf 86' lang='grc' dir='ltr'><strong>τῶν</strong></span> <span class='ocrx_word' id='word_1_399' title='bbox 905 4200 1258 4274; x_wconf 81' lang='grc' dir='ltr'><strong>εἰρηνευόντων</strong></span> <span class='ocrx_word' id='word_1_400' title='bbox 1284 4199 1416 4253; x_wconf 84' lang='grc' dir='ltr'><strong>λαῶν</strong></span> <span class='ocrx_word' id='word_1_401' title='bbox 1437 4202 1826 4266; x_wconf 75' lang='grc' dir='ltr'><strong>κατασκευάζειν</strong></span> 
     </span>
    </p>
   </div>
   <div class='ocr_carea' id='block_1_58' title="bbox 221 4291 1825 4373">
    <p class='ocr_par' dir='ltr' id='par_1_58' title="bbox 221 4291 1825 4373">
     <span class='ocr_line' id='line_1_58' title="bbox 221 4291 1825 4373; baseline 0.001 -24"><span class='ocrx_word' id='word_1_402' title='bbox 221 4295 615 4369; x_wconf 78' lang='grc' dir='ltr'><strong>ἐπιχειροῦντες</strong></span> <span class='ocrx_word' id='word_1_403' title='bbox 636 4312 649 4324; x_wconf 88' lang='grc'><strong>·</strong></span> <span class='ocrx_word' id='word_1_404' title='bbox 675 4292 860 4349; x_wconf 75' lang='grc' dir='ltr'><strong>τούτου</strong></span> <span class='ocrx_word' id='word_1_405' title='bbox 893 4295 1054 4349; x_wconf 77' lang='grc' dir='ltr'><strong>ἕνεκεν</strong></span> <span class='ocrx_word' id='word_1_406' title='bbox 1092 4295 1272 4370; x_wconf 60' lang='lat' dir='ltr'><strong>{prora</strong></span> <span class='ocrx_word' id='word_1_407' title='bbox 1320 4291 1553 4371; x_wconf 75' lang='grc' dir='ltr'><strong>[ὥρισε]</strong></span> <span class='ocrx_word' id='word_1_408' title='bbox 1595 4303 1659 4373; x_wconf 63' lang='grc' dir='ltr'><strong>τῇ</strong></span> <span class='ocrx_word' id='word_1_409' title='bbox 1703 4295 1825 4373; x_wconf 73' lang='grc' dir='ltr'><strong>ἁγίᾳ</strong></span> 
     </span>
    </p>
   </div>
   <div class='ocr_carea' id='block_1_59' title="bbox 220 4384 1825 4462">
    <p class='ocr_par' dir='ltr' id='par_1_59' title="bbox 220 4384 1825 4462">
     <span class='ocr_line' id='line_1_59' title="bbox 220 4384 1825 4462; baseline 0.001 -20"><span class='ocrx_word' id='word_1_410' title='bbox 220 4385 426 4459; x_wconf 79' lang='grc' dir='ltr'><strong>συνόδῳ</strong></span> <span class='ocrx_word' id='word_1_411' title='bbox 451 4393 552 4439; x_wconf 79' lang='grc' dir='ltr'><strong>τῶν</strong></span> <span class='ocrx_word' id='word_1_412' title='bbox 592 4387 643 4440; x_wconf 83' lang='grc' dir='ltr'><strong>ἐν</strong></span> <span class='ocrx_word' id='word_1_413' title='bbox 686 4384 1217 4441; x_wconf 83' lang='grc' dir='ltr'><strong>Κωνσταντινουπόλει</strong></span> <span class='ocrx_word' id='word_1_414' title='bbox 1258 4385 1653 4462; x_wconf 74' lang='grc' dir='ltr'><strong>συνδραμόντων</strong></span> <span class='ocrx_word' id='word_1_415' title='bbox 1706 4388 1825 4444; x_wconf 65' lang='grc' dir='ltr'><strong>ἐπι-ί</strong></span> 
     </span>
    </p>
   </div>
   <div class='ocr_carea' id='block_1_60' title="bbox 222 4480 1820 4555">
    <p class='ocr_par' dir='ltr' id='par_1_60' title="bbox 222 4480 1820 4555">
     <span class='ocr_line' id='line_1_60' title="bbox 222 4480 1820 4555; baseline -0.001 -19"><span class='ocrx_word' id='word_1_416' title='bbox 222 4482 453 4546; x_wconf 78' lang='grc' dir='ltr'><strong>σκόπων,</strong></span> <span class='ocrx_word' id='word_1_417' title='bbox 480 4486 550 4550; x_wconf 77' lang='grc' dir='ltr'>μή</span> <span class='ocrx_word' id='word_1_418' title='bbox 596 4481 943 4544; x_wconf 74' lang='grc' dir='ltr'><strong>ἀνεξετάστως</strong></span> <span class='ocrx_word' id='word_1_419' title='bbox 983 4482 1286 4555; x_wconf 66' lang='grc' dir='ltr'><strong>προσίεσθαι</strong></span> <span class='ocrx_word' id='word_1_420' title='bbox 1325 4482 1446 4542; x_wconf 81' lang='grc' dir='ltr'><strong>τοὺς</strong></span> <span class='ocrx_word' id='word_1_421' title='bbox 1485 4480 1820 4554; x_wconf 70' lang='grc' dir='ltr'><strong>κατηγόρους,</strong></span> 
     </span>
    </p>
   </div>
   <div class='ocr_carea' id='block_1_61' title="bbox 219 4569 1823 4649">
    <p class='ocr_par' dir='ltr' id='par_1_61' title="bbox 219 4569 1823 4649">
     <span class='ocr_line' id='line_1_61' title="bbox 219 4569 1823 4649; baseline 0 -23"><span class='ocrx_word' id='word_1_422' title='bbox 219 4571 351 4642; x_wconf 71' lang='grc' dir='ltr'><strong>μηδέ</strong></span> <span class='ocrx_word' id='word_1_423' title='bbox 401 4577 566 4624; x_wconf 81' lang='grc' dir='ltr'><strong>πᾶσιν</strong></span> <span class='ocrx_word' id='word_1_424' title='bbox 610 4572 896 4647; x_wconf 73' lang='grc' dir='ltr'><strong>ἐπιτρέπειν</strong></span> <span class='ocrx_word' id='word_1_425' title='bbox 932 4569 1334 4645; x_wconf 73' lang='grc' dir='ltr'><strong>[ἐπιτρέπεσθαι]</strong></span> <span class='ocrx_word' id='word_1_426' title='bbox 1377 4573 1472 4632; x_wconf 82' lang='grc' dir='ltr'><strong>τὰς</strong></span> <span class='ocrx_word' id='word_1_427' title='bbox 1520 4574 1823 4649; x_wconf 83' lang='grc' dir='ltr'><strong>κατηγορίας</strong></span> 
     </span>
    </p>
   </div>
   <div class='ocr_carea' id='block_1_62' title="bbox 1851 3290 1901 3355">
    <p class='ocr_par' dir='ltr' id='par_1_62' title="bbox 1851 3290 1901 3355">
     <span class='ocr_line' id='line_1_62' title="bbox 1851 3290 1901 3355; baseline 0 0"><span class='ocrx_word' id='word_1_428' title='bbox 1851 3290 1901 3355; x_wconf 86' lang='lat' dir='ltr'><strong>C</strong></span> 
     </span>
    </p>
   </div>
   <div class='ocr_carea' id='block_1_63' title="bbox 1938 2010 3534 2091">
    <p class='ocr_par' dir='ltr' id='par_1_63' title="bbox 1938 2010 3534 2091">
     <span class='ocr_line' id='line_1_63' title="bbox 1938 2010 3534 2091; baseline 0.006 -25"><span class='ocrx_word' id='word_1_429' title='bbox 1938 2010 2167 2067; x_wconf 85' lang='lat' dir='ltr'><strong>Servate</strong></span> <span class='ocrx_word' id='word_1_430' title='bbox 2212 2021 2392 2069; x_wconf 88' lang='lat' dir='ltr'><strong>autem</strong></span> <span class='ocrx_word' id='word_1_431' title='bbox 2447 2017 2813 2088; x_wconf 89' lang='lat' dir='ltr'><strong>suprascripto</strong></span> <span class='ocrx_word' id='word_1_432' title='bbox 2843 2018 2910 2073; x_wconf 91' lang='lat' dir='ltr'><strong>de</strong></span> <span class='ocrx_word' id='word_1_433' title='bbox 2937 2018 3260 2075; x_wconf 76' lang='lat' dir='ltr'><strong>diceccsibus</strong></span> <span class='ocrx_word' id='word_1_434' title='bbox 3299 2036 3534 2091; x_wconf 87' lang='lat' dir='ltr'><strong>canone,</strong></span> 
     </span>
    </p>
   </div>
   <div class='ocr_carea' id='block_1_64' title="bbox 1937 2103 3535 2181">
    <p class='ocr_par' dir='ltr' id='par_1_64' title="bbox 1937 2103 3535 2181">
     <span class='ocr_line' id='line_1_64' title="bbox 1937 2103 3535 2181; baseline 0.006 -26"><span class='ocrx_word' id='word_1_435' title='bbox 1937 2103 2277 2158; x_wconf 78' lang='lat' dir='ltr'><strong>manifestum</strong></span> <span class='ocrx_word' id='word_1_436' title='bbox 2295 2114 2376 2160; x_wconf 88' lang='lat' dir='ltr'><strong>est</strong></span> <span class='ocrx_word' id='word_1_437' title='bbox 2390 2106 2533 2176; x_wconf 88' lang='lat' dir='ltr'><strong>quod</strong></span> <span class='ocrx_word' id='word_1_438' title='bbox 2551 2121 2614 2161; x_wconf 89' lang='lat' dir='ltr'><strong>ea</strong></span> <span class='ocrx_word' id='word_1_439' title='bbox 2629 2124 2746 2178; x_wconf 77' lang='lat' dir='ltr'><strong>qua:</strong></span> <span class='ocrx_word' id='word_1_440' title='bbox 2758 2107 2825 2162; x_wconf 91' lang='lat' dir='ltr'><strong>ad</strong></span> <span class='ocrx_word' id='word_1_441' title='bbox 2855 2124 3285 2179; x_wconf 84' lang='lat' dir='ltr'><strong>unamquamque</strong></span> <span class='ocrx_word' id='word_1_442' title='bbox 3314 2112 3535 2181; x_wconf 78' lang='lat' dir='ltr'><strong>provin-</strong></span> 
     </span>
    </p>
   </div>
   <div class='ocr_carea' id='block_1_65' title="bbox 1935 2194 3532 2269">
    <p class='ocr_par' dir='ltr' id='par_1_65' title="bbox 1935 2194 3532 2269">
     <span class='ocr_line' id='line_1_65' title="bbox 1935 2194 3532 2269; baseline 0.004 -20"><span class='ocrx_word' id='word_1_443' title='bbox 1935 2194 2072 2249; x_wconf 87' lang='lat' dir='ltr'><strong>ciam</strong></span> <span class='ocrx_word' id='word_1_444' title='bbox 2091 2197 2382 2265; x_wconf 88' lang='lat' dir='ltr'><strong>pertinent,</strong></span> <span class='ocrx_word' id='word_1_445' title='bbox 2400 2199 2635 2269; x_wconf 84' lang='lat' dir='ltr'><strong>synodus</strong></span> <span class='ocrx_word' id='word_1_446' title='bbox 2652 2199 2941 2269; x_wconf 65' lang='lat' dir='ltr'><strong>provinciae</strong></span> <span class='ocrx_word' id='word_1_447' title='bbox 2964 2199 3322 2265; x_wconf 88' lang='lat' dir='ltr'><strong>administret,</strong></span> <span class='ocrx_word' id='word_1_448' title='bbox 3339 2217 3532 2257; x_wconf 86' lang='lat' dir='ltr'><strong>secun-</strong></span> 
     </span>
    </p>
   </div>
   <div class='ocr_carea' id='block_1_66' title="bbox 1934 2284 3527 2356">
    <p class='ocr_par' dir='ltr' id='par_1_66' title="bbox 1934 2284 3527 2356">
     <span class='ocr_line' id='line_1_66' title="bbox 1934 2284 3527 2356; baseline 0.006 -17"><span class='ocrx_word' id='word_1_449' title='bbox 1934 2284 2062 2339; x_wconf 89' lang='lat' dir='ltr'><strong>dum</strong></span> <span class='ocrx_word' id='word_1_450' title='bbox 2093 2300 2156 2341; x_wconf 91' lang='lat' dir='ltr'><strong>ea</strong></span> <span class='ocrx_word' id='word_1_451' title='bbox 2186 2301 2305 2356; x_wconf 84' lang='lat' dir='ltr'><strong>quae</strong></span> <span class='ocrx_word' id='word_1_452' title='bbox 2328 2288 2379 2342; x_wconf 93' lang='lat' dir='ltr'><strong>in</strong></span> <span class='ocrx_word' id='word_1_453' title='bbox 2407 2288 2583 2345; x_wconf 58' lang='lat' dir='ltr'><strong>Nicaea</strong></span> <span class='ocrx_word' id='word_1_454' title='bbox 2614 2290 2835 2345; x_wconf 87' lang='lat' dir='ltr'><strong>delinita</strong></span> <span class='ocrx_word' id='word_1_455' title='bbox 2864 2300 3008 2348; x_wconf 88' lang='lat' dir='ltr'><strong>sunt.</strong></span> <span class='ocrx_word' id='word_1_456' title='bbox 3048 2291 3317 2349; x_wconf 86' lang='lat' dir='ltr'><strong>Ecclesias</strong></span> <span class='ocrx_word' id='word_1_457' title='bbox 3346 2304 3527 2350; x_wconf 87' lang='lat' dir='ltr'><strong>autem</strong></span> 
     </span>
    </p>
   </div>
   <div class='ocr_carea' id='block_1_67' title="bbox 1936 2374 3528 2456">
    <p class='ocr_par' dir='ltr' id='par_1_67' title="bbox 1936 2374 3528 2456">
     <span class='ocr_line' id='line_1_67' title="bbox 1936 2374 3528 2456; baseline 0.006 -26"><span class='ocrx_word' id='word_1_458' title='bbox 1936 2374 2032 2431; x_wconf 88' lang='lat' dir='ltr'><strong>Dei</strong></span> <span class='ocrx_word' id='word_1_459' title='bbox 2049 2391 2167 2446; x_wconf 82' lang='lat' dir='ltr'><strong>quae</strong></span> <span class='ocrx_word' id='word_1_460' title='bbox 2182 2387 2309 2433; x_wconf 90' lang='lat' dir='ltr'><strong>sunt</strong></span> <span class='ocrx_word' id='word_1_461' title='bbox 2330 2379 2381 2434; x_wconf 92' lang='lat' dir='ltr'><strong>in</strong></span> <span class='ocrx_word' id='word_1_462' title='bbox 2393 2380 2689 2438; x_wconf 86' lang='lat' dir='ltr'><strong>barbaricis</strong></span> <span class='ocrx_word' id='word_1_463' title='bbox 2705 2384 2972 2453; x_wconf 78' lang='lat' dir='ltr'><strong>gentibus,</strong></span> <span class='ocrx_word' id='word_1_464' title='bbox 2999 2385 3284 2453; x_wconf 78' lang='lat' dir='ltr'><strong>gubernari</strong></span> <span class='ocrx_word' id='word_1_465' title='bbox 3310 2379 3528 2456; x_wconf 87' lang='lat' dir='ltr'><strong>oportet</strong></span> 
     </span>
    </p>
   </div>
   <div class='ocr_carea' id='block_1_68' title="bbox 1928 2467 3525 2541">
    <p class='ocr_par' dir='ltr' id='par_1_68' title="bbox 1928 2467 3525 2541">
     <span class='ocr_line' id='line_1_68' title="bbox 1928 2467 3525 2541; baseline 0.006 -22"><span class='ocrx_word' id='word_1_466' title='bbox 1928 2467 2231 2523; x_wconf 86' lang='lat' dir='ltr'><strong>secundum</strong></span> <span class='ocrx_word' id='word_1_467' title='bbox 2253 2482 2371 2524; x_wconf 89' lang='lat' dir='ltr'><strong>eam</strong></span> <span class='ocrx_word' id='word_1_468' title='bbox 2400 2485 2520 2541; x_wconf 75' lang='lat' dir='ltr'><strong>qua:</strong></span> <span class='ocrx_word' id='word_1_469' title='bbox 2541 2471 2774 2526; x_wconf 87' lang='lat' dir='ltr'><strong>obtinuit</strong></span> <span class='ocrx_word' id='word_1_470' title='bbox 2805 2470 3024 2527; x_wconf 88' lang='lat' dir='ltr'><strong>Patrum</strong></span> <span class='ocrx_word' id='word_1_471' title='bbox 3056 2474 3525 2528; x_wconf 79' lang='lat' dir='ltr'><strong>censuetudinem.</strong></span> 
     </span>
    </p>
   </div>
   <div class='ocr_carea' id='block_1_69' title="bbox 2006 2556 3527 2636">
    <p class='ocr_par' dir='ltr' id='par_1_69' title="bbox 2006 2556 3527 2636">
     <span class='ocr_line' id='line_1_69' title="bbox 2006 2556 3527 2636; baseline 0.005 -25"><span class='ocrx_word' id='word_1_472' title='bbox 2006 2556 2232 2613; x_wconf 82' lang='lat' dir='ltr'><strong>CLXVI.</strong></span> <span class='ocrx_word' id='word_1_473' title='bbox 2265 2594 2338 2603; x_wconf 89' lang='lat'><strong>—-</strong></span> <span class='ocrx_word' id='word_1_474' title='bbox 2364 2561 2418 2615; x_wconf 77' lang='lat'><strong>3.</strong></span> <span class='ocrx_word' id='word_1_475' title='bbox 2460 2562 3076 2634; x_wconf 79' lang='lat' dir='ltr'><strong>Constantinopolitame</strong></span> <span class='ocrx_word' id='word_1_476' title='bbox 3124 2565 3357 2621; x_wconf 86' lang='lat' dir='ltr'><strong>civitatis</strong></span> <span class='ocrx_word' id='word_1_477' title='bbox 3410 2566 3527 2636; x_wconf 85' lang='lat' dir='ltr'><strong>epi-</strong></span> 
     </span>
    </p>
   </div>
   <div class='ocr_carea' id='block_1_70' title="bbox 1932 2650 3528 2725">
    <p class='ocr_par' dir='ltr' id='par_1_70' title="bbox 1932 2650 3528 2725">
     <span class='ocr_line' id='line_1_70' title="bbox 1932 2650 3528 2725; baseline 0.004 -22"><span class='ocrx_word' id='word_1_478' title='bbox 1932 2662 2130 2719; x_wconf 84' lang='lat' dir='ltr'><strong>scopus</strong></span> <span class='ocrx_word' id='word_1_479' title='bbox 2159 2650 2356 2706; x_wconf 85' lang='lat' dir='ltr'><strong>habeat</strong></span> <span class='ocrx_word' id='word_1_480' title='bbox 2381 2651 2656 2722; x_wconf 78' lang='lat' dir='ltr'><strong>privilegia</strong></span> <span class='ocrx_word' id='word_1_481' title='bbox 2684 2654 2905 2709; x_wconf 88' lang='lat' dir='ltr'><strong>honoris</strong></span> <span class='ocrx_word' id='word_1_482' title='bbox 2933 2662 3056 2725; x_wconf 91' lang='lat' dir='ltr'><strong>post</strong></span> <span class='ocrx_word' id='word_1_483' title='bbox 3083 2653 3389 2711; x_wconf 83' lang='lat' dir='ltr'><strong>Romanum</strong></span> <span class='ocrx_word' id='word_1_484' title='bbox 3411 2656 3528 2725; x_wconf 86' lang='lat' dir='ltr'><strong>epi-</strong></span> 
     </span>
    </p>
   </div>
   <div class='ocr_carea' id='block_1_71' title="bbox 1931 2741 3091 2813">
    <p class='ocr_par' dir='ltr' id='par_1_71' title="bbox 1931 2741 3091 2813">
     <span class='ocr_line' id='line_1_71' title="bbox 1931 2741 3091 2813; baseline 0.007 -21"><span class='ocrx_word' id='word_1_485' title='bbox 1931 2750 2177 2809; x_wconf 83' lang='lat' dir='ltr'><strong>scopum,</strong></span> <span class='ocrx_word' id='word_1_486' title='bbox 2208 2755 2277 2795; x_wconf 87' lang='lat' dir='ltr'><strong>eo</strong></span> <span class='ocrx_word' id='word_1_487' title='bbox 2307 2741 2453 2811; x_wconf 90' lang='lat' dir='ltr'><strong>quod</strong></span> <span class='ocrx_word' id='word_1_488' title='bbox 2480 2742 2550 2797; x_wconf 90' lang='lat' dir='ltr'><strong>sit</strong></span> <span class='ocrx_word' id='word_1_489' title='bbox 2579 2744 2694 2813; x_wconf 86' lang='lat' dir='ltr'><strong>ipsa</strong></span> <span class='ocrx_word' id='word_1_490' title='bbox 2725 2758 2863 2799; x_wconf 80' lang='lat' dir='ltr'><strong>nova</strong></span> <span class='ocrx_word' id='word_1_491' title='bbox 2896 2741 3091 2800; x_wconf 87' lang='lat' dir='ltr'><strong>Roma.</strong></span> 
     </span>
    </p>
   </div>
   <div class='ocr_carea' id='block_1_72' title="bbox 2000 2826 3522 2906">
    <p class='ocr_par' dir='ltr' id='par_1_72' title="bbox 2000 2826 3522 2906">
     <span class='ocr_line' id='line_1_72' title="bbox 2000 2826 3522 2906; baseline 0.006 -24"><span class='ocrx_word' id='word_1_492' title='bbox 2000 2826 2250 2883; x_wconf 79' lang='lat' dir='ltr'><strong>CLXVII.</strong></span> <span class='ocrx_word' id='word_1_493' title='bbox 2282 2862 2353 2872; x_wconf 90' lang='grc'><strong><em>--</em></strong></span> <span class='ocrx_word' id='word_1_494' title='bbox 2378 2829 2430 2883; x_wconf 76' lang='grc'><strong>4.</strong></span> <span class='ocrx_word' id='word_1_495' title='bbox 2466 2830 2541 2887; x_wconf 84' lang='lat' dir='ltr'><strong>De</strong></span> <span class='ocrx_word' id='word_1_496' title='bbox 2569 2832 2805 2888; x_wconf 78' lang='lat' dir='ltr'><strong>Maximo</strong></span> <span class='ocrx_word' id='word_1_497' title='bbox 2844 2832 3068 2906; x_wconf 86' lang='lat' dir='ltr'><strong>Cynico,</strong></span> <span class='ocrx_word' id='word_1_498' title='bbox 3096 2842 3150 2889; x_wconf 87' lang='lat' dir='ltr'><strong>ct</strong></span> <span class='ocrx_word' id='word_1_499' title='bbox 3174 2833 3291 2906; x_wconf 88' lang='lat' dir='ltr'><strong>ejus</strong></span> <span class='ocrx_word' id='word_1_500' title='bbox 3315 2833 3522 2891; x_wconf 90' lang='lat' dir='ltr'><strong>inordi-</strong></span> 
     </span>
    </p>
   </div>
   <div class='ocr_carea' id='block_1_73' title="bbox 1932 2922 3522 2996">
    <p class='ocr_par' dir='ltr' id='par_1_73' title="bbox 1932 2922 3522 2996">
     <span class='ocr_line' id='line_1_73' title="bbox 1932 2922 3522 2996; baseline 0.009 -23"><span class='ocrx_word' id='word_1_501' title='bbox 1932 2926 2057 2975; x_wconf 87' lang='lat' dir='ltr'><strong>nata</strong></span> <span class='ocrx_word' id='word_1_502' title='bbox 2102 2922 2509 2990; x_wconf 86' lang='lat' dir='ltr'><strong>constitutione,</strong></span> <span class='ocrx_word' id='word_1_503' title='bbox 2554 2939 2674 2993; x_wconf 73' lang='lat' dir='ltr'><strong>qum</strong></span> <span class='ocrx_word' id='word_1_504' title='bbox 2716 2924 3187 2996; x_wconf 78' lang='lat' dir='ltr'><strong>Constantinopoli</strong></span> <span class='ocrx_word' id='word_1_505' title='bbox 3238 2926 3376 2984; x_wconf 78' lang='lat' dir='ltr'><strong>facta</strong></span> <span class='ocrx_word' id='word_1_506' title='bbox 3417 2941 3522 2988; x_wconf 82' lang='lat' dir='ltr'><strong>est.</strong></span> 
     </span>
    </p>
   </div>
   <div class='ocr_carea' id='block_1_74' title="bbox 1930 3011 3521 3089">
    <p class='ocr_par' dir='ltr' id='par_1_74' title="bbox 1930 3011 3521 3089">
     <span class='ocr_line' id='line_1_74' title="bbox 1930 3011 3521 3089; baseline 0.007 -24"><span class='ocrx_word' id='word_1_507' title='bbox 1930 3011 2139 3067; x_wconf 81' lang='lat' dir='ltr'><strong>Placuit</strong></span> <span class='ocrx_word' id='word_1_508' title='bbox 2168 3014 2459 3070; x_wconf 82' lang='lat' dir='ltr'><strong>Maximum</strong></span> <span class='ocrx_word' id='word_1_509' title='bbox 2490 3031 2667 3085; x_wconf 87' lang='lat' dir='ltr'><strong>neque</strong></span> <span class='ocrx_word' id='word_1_510' title='bbox 2714 3018 3028 3089; x_wconf 88' lang='lat' dir='ltr'><strong>episcopum</strong></span> <span class='ocrx_word' id='word_1_511' title='bbox 3072 3018 3233 3074; x_wconf 80' lang='lat' dir='ltr'><strong>fuisse</strong></span> <span class='ocrx_word' id='word_1_512' title='bbox 3259 3027 3351 3074; x_wconf 86' lang='lat' dir='ltr'><strong>aut</strong></span> <span class='ocrx_word' id='word_1_513' title='bbox 3380 3032 3521 3087; x_wconf 85' lang='lat' dir='ltr'><strong>esse,</strong></span> 
     </span>
    </p>
   </div>
   <div class='ocr_carea' id='block_1_75' title="bbox 1927 3098 3521 3179">
    <p class='ocr_par' dir='ltr' id='par_1_75' title="bbox 1927 3098 3521 3179">
     <span class='ocr_line' id='line_1_75' title="bbox 1927 3098 3521 3179; baseline 0.003 -18"><span class='ocrx_word' id='word_1_514' title='bbox 1927 3116 2032 3161; x_wconf 74' lang='lat' dir='ltr'><strong>nec</strong></span> <span class='ocrx_word' id='word_1_515' title='bbox 2050 3103 2143 3173; x_wconf 86' lang='lat' dir='ltr'><strong>qui</strong></span> <span class='ocrx_word' id='word_1_516' title='bbox 2170 3104 2238 3159; x_wconf 89' lang='lat' dir='ltr'><strong>ab</strong></span> <span class='ocrx_word' id='word_1_517' title='bbox 2266 3119 2337 3160; x_wconf 87' lang='lat' dir='ltr'><strong>eo</strong></span> <span class='ocrx_word' id='word_1_518' title='bbox 2348 3105 2579 3160; x_wconf 86' lang='lat' dir='ltr'><strong>ordinati</strong></span> <span class='ocrx_word' id='word_1_519' title='bbox 2605 3114 2730 3161; x_wconf 89' lang='lat' dir='ltr'><strong>sunt</strong></span> <span class='ocrx_word' id='word_1_520' title='bbox 2749 3107 2802 3162; x_wconf 89' lang='lat' dir='ltr'><strong>in</strong></span> <span class='ocrx_word' id='word_1_521' title='bbox 2825 3098 3147 3179; x_wconf 82' lang='lat' dir='ltr'><strong>quocunque</strong></span> <span class='ocrx_word' id='word_1_522' title='bbox 3176 3107 3348 3177; x_wconf 82' lang='lat' dir='ltr'><strong>gradu</strong></span> <span class='ocrx_word' id='word_1_523' title='bbox 3370 3109 3521 3178; x_wconf 80' lang='lat' dir='ltr'><strong>cieri,</strong></span> 
     </span>
    </p>
   </div>
   <div class='ocr_carea' id='block_1_76' title="bbox 1928 3194 3256 3266">
    <p class='ocr_par' dir='ltr' id='par_1_76' title="bbox 1928 3194 3256 3266">
     <span class='ocr_line' id='line_1_76' title="bbox 1928 3194 3256 3266; baseline 0.005 -17"><span class='ocrx_word' id='word_1_524' title='bbox 1928 3194 2181 3251; x_wconf 81' lang='lat' dir='ltr'><strong>omnibus</strong></span> <span class='ocrx_word' id='word_1_525' title='bbox 2200 3195 2267 3251; x_wconf 90' lang='lat' dir='ltr'><strong>iis</strong></span> <span class='ocrx_word' id='word_1_526' title='bbox 2294 3210 2415 3266; x_wconf 68' lang='lat' dir='ltr'><strong>qua:</strong></span> <span class='ocrx_word' id='word_1_527' title='bbox 2434 3196 2615 3254; x_wconf 87' lang='lat' dir='ltr'><strong>abillo</strong></span> <span class='ocrx_word' id='word_1_528' title='bbox 2640 3196 2780 3254; x_wconf 76' lang='lat' dir='ltr'><strong>facta</strong></span> <span class='ocrx_word' id='word_1_529' title='bbox 2806 3207 2931 3255; x_wconf 87' lang='lat' dir='ltr'><strong>sunt</strong></span> <span class='ocrx_word' id='word_1_530' title='bbox 2953 3198 3256 3255; x_wconf 81' lang='lat' dir='ltr'><strong>inﬁmatis.</strong></span> 
     </span>
    </p>
   </div>
   <div class='ocr_carea' id='block_1_77' title="bbox 1999 3364 3527 3437">
    <p class='ocr_par' dir='ltr' id='par_1_77' title="bbox 1999 3364 3527 3437">
     <span class='ocr_line' id='line_1_77' title="bbox 1999 3364 3527 3437; baseline 0.005 -16"><span class='ocrx_word' id='word_1_531' title='bbox 1999 3364 2271 3423; x_wconf 82' lang='lat' dir='ltr'><strong>CLXVIII.</strong></span> <span class='ocrx_word' id='word_1_532' title='bbox 2304 3398 2374 3410; x_wconf 93' lang='lat'>—</span> <span class='ocrx_word' id='word_1_533' title='bbox 2405 3367 2457 3424; x_wconf 83' lang='lat'><strong>5.</strong></span> <span class='ocrx_word' id='word_1_534' title='bbox 2489 3368 2647 3437; x_wconf 85' lang='lat' dir='ltr'><strong>Quod</strong></span> <span class='ocrx_word' id='word_1_535' title='bbox 2689 3370 2759 3425; x_wconf 91' lang='lat' dir='ltr'><strong>ad</strong></span> <span class='ocrx_word' id='word_1_536' title='bbox 2787 3378 3002 3427; x_wconf 90' lang='lat' dir='ltr'><strong>tomum</strong></span> <span class='ocrx_word' id='word_1_537' title='bbox 3030 3373 3224 3428; x_wconf 83' lang='lat' dir='ltr'><strong>attinet</strong></span> <span class='ocrx_word' id='word_1_538' title='bbox 3257 3368 3527 3428; x_wconf 84' lang='lat' dir='ltr'><strong>Occiden-</strong></span> 
     </span>
    </p>
   </div>
   <div class='ocr_carea' id='block_1_78' title="bbox 1928 3460 3525 3535">
    <p class='ocr_par' dir='ltr' id='par_1_78' title="bbox 1928 3460 3525 3535">
     <span class='ocr_line' id='line_1_78' title="bbox 1928 3460 3525 3535; baseline 0.004 -20"><span class='ocrx_word' id='word_1_539' title='bbox 1928 3460 2138 3526; x_wconf 82' lang='lat' dir='ltr'><strong>talium,</strong></span> <span class='ocrx_word' id='word_1_540' title='bbox 2166 3462 2331 3517; x_wconf 89' lang='lat' dir='ltr'><strong>etiam</strong></span> <span class='ocrx_word' id='word_1_541' title='bbox 2380 3476 2476 3519; x_wconf 90' lang='lat' dir='ltr'><strong>eos</strong></span> <span class='ocrx_word' id='word_1_542' title='bbox 2517 3463 2840 3533; x_wconf 81' lang='lat' dir='ltr'><strong>suscipimus</strong></span> <span class='ocrx_word' id='word_1_543' title='bbox 2886 3464 2978 3535; x_wconf 89' lang='lat' dir='ltr'><strong>qui</strong></span> <span class='ocrx_word' id='word_1_544' title='bbox 3011 3465 3312 3521; x_wconf 72' lang='lat' dir='ltr'><strong>Antiochia:</strong></span> <span class='ocrx_word' id='word_1_545' title='bbox 3361 3479 3525 3521; x_wconf 86' lang='lat' dir='ltr'><strong>unam</strong></span> 
     </span>
    </p>
   </div>
   <div class='ocr_carea' id='block_1_79' title="bbox 1928 3552 3527 3626">
    <p class='ocr_par' dir='ltr' id='par_1_79' title="bbox 1928 3552 3527 3626">
     <span class='ocr_line' id='line_1_79' title="bbox 1928 3552 3527 3626; baseline 0.001 -17"><span class='ocrx_word' id='word_1_546' title='bbox 1928 3552 2255 3609; x_wconf 79' lang='lat' dir='ltr'><strong>conﬁtentur</strong></span> <span class='ocrx_word' id='word_1_547' title='bbox 2296 3552 2474 3611; x_wconf 84' lang='lat' dir='ltr'><strong>Patris</strong></span> <span class='ocrx_word' id='word_1_548' title='bbox 2525 3562 2579 3609; x_wconf 88' lang='lat' dir='ltr'><strong>et</strong></span> <span class='ocrx_word' id='word_1_549' title='bbox 2628 3555 2748 3611; x_wconf 82' lang='lat' dir='ltr'><strong>Filii</strong></span> <span class='ocrx_word' id='word_1_550' title='bbox 2801 3563 2858 3612; x_wconf 87' lang='lat' dir='ltr'><strong>et</strong></span> <span class='ocrx_word' id='word_1_551' title='bbox 2913 3555 3148 3626; x_wconf 87' lang='lat' dir='ltr'><strong>Spiritus</strong></span> <span class='ocrx_word' id='word_1_552' title='bbox 3198 3555 3371 3611; x_wconf 85' lang='lat' dir='ltr'><strong>sancti</strong></span> <span class='ocrx_word' id='word_1_553' title='bbox 3408 3556 3527 3613; x_wconf 83' lang='lat' dir='ltr'><strong>dei-</strong></span> 
     </span>
    </p>
   </div>
   <div class='ocr_carea' id='block_1_80' title="bbox 1927 3649 3377 3699">
    <p class='ocr_par' dir='ltr' id='par_1_80' title="bbox 1927 3649 3377 3699">
     <span class='ocr_line' id='line_1_80' title="bbox 1927 3649 3377 3699; baseline 0.007 -2"><span class='ocrx_word' id='word_1_554' title='bbox 1927 3649 2115 3699; x_wconf 87' lang='lat' dir='ltr'><strong>tatem.</strong></span> <span class='ocrx_word' id='word_1_555' title='bbox 3372 3668 3377 3671; x_wconf 86' lang='lat'>&#39;</span> 
     </span>
    </p>
   </div>
   <div class='ocr_carea' id='block_1_81' title="bbox 1997 3735 3528 3810">
    <p class='ocr_par' dir='ltr' id='par_1_81' title="bbox 1997 3735 3528 3810">
     <span class='ocr_line' id='line_1_81' title="bbox 1997 3735 3528 3810; baseline 0.006 -20"><span class='ocrx_word' id='word_1_556' title='bbox 1997 3735 2223 3792; x_wconf 82' lang='lat' dir='ltr'><strong>CLXIX.</strong></span> <span class='ocrx_word' id='word_1_557' title='bbox 2249 3771 2321 3781; x_wconf 92' lang='lat'><strong><em>—</em></strong></span> <span class='ocrx_word' id='word_1_558' title='bbox 2348 3738 2402 3792; x_wconf 82' lang='lat'><strong>6.</strong></span> <span class='ocrx_word' id='word_1_559' title='bbox 2430 3737 2694 3805; x_wconf 81' lang='lat' dir='ltr'><strong>Quoniam</strong></span> <span class='ocrx_word' id='word_1_560' title='bbox 2715 3740 2892 3810; x_wconf 88' lang='lat' dir='ltr'><strong>multi,</strong></span> <span class='ocrx_word' id='word_1_561' title='bbox 2915 3740 3337 3799; x_wconf 70' lang='lat' dir='ltr'><strong>ecclesiasticum</strong></span> <span class='ocrx_word' id='word_1_562' title='bbox 3377 3742 3528 3799; x_wconf 75' lang='lat' dir='ltr'><strong>ordi-</strong></span> 
     </span>
    </p>
   </div>
   <div class='ocr_carea' id='block_1_82' title="bbox 1926 3827 3527 3899">
    <p class='ocr_par' dir='ltr' id='par_1_82' title="bbox 1926 3827 3527 3899">
     <span class='ocr_line' id='line_1_82' title="bbox 1926 3827 3527 3899; baseline 0.003 -16"><span class='ocrx_word' id='word_1_563' title='bbox 1926 3838 2053 3883; x_wconf 80' lang='lat' dir='ltr'><strong>nem</strong></span> <span class='ocrx_word' id='word_1_564' title='bbox 2080 3827 2410 3885; x_wconf 80' lang='lat' dir='ltr'><strong>confundere</strong></span> <span class='ocrx_word' id='word_1_565' title='bbox 2438 3836 2495 3884; x_wconf 89' lang='lat' dir='ltr'><strong>et</strong></span> <span class='ocrx_word' id='word_1_566' title='bbox 2533 3837 2779 3887; x_wconf 85' lang='lat' dir='ltr'><strong>evertere</strong></span> <span class='ocrx_word' id='word_1_567' title='bbox 2819 3831 3086 3899; x_wconf 86' lang='lat' dir='ltr'><strong>volentes,</strong></span> <span class='ocrx_word' id='word_1_568' title='bbox 3134 3832 3322 3888; x_wconf 89' lang='lat' dir='ltr'><strong>odiose</strong></span> <span class='ocrx_word' id='word_1_569' title='bbox 3351 3839 3405 3887; x_wconf 91' lang='lat' dir='ltr'><strong>et</strong></span> <span class='ocrx_word' id='word_1_570' title='bbox 3433 3848 3527 3888; x_wconf 85' lang='lat' dir='ltr'><strong>ca-</strong></span> 
     </span>
    </p>
   </div>
   <div class='ocr_carea' id='block_1_83' title="bbox 1928 3922 3523 3997">
    <p class='ocr_par' dir='ltr' id='par_1_83' title="bbox 1928 3922 3523 3997">
     <span class='ocr_line' id='line_1_83' title="bbox 1928 3922 3523 3997; baseline 0.004 -20"><span class='ocrx_word' id='word_1_571' title='bbox 1928 3922 2192 3979; x_wconf 81' lang='lat' dir='ltr'><strong>lumniose</strong></span> <span class='ocrx_word' id='word_1_572' title='bbox 2220 3922 2477 3979; x_wconf 85' lang='lat' dir='ltr'><strong>adversus</strong></span> <span class='ocrx_word' id='word_1_573' title='bbox 2521 3923 2808 3994; x_wconf 81' lang='lat' dir='ltr'><strong>episcopos</strong></span> <span class='ocrx_word' id='word_1_574' title='bbox 2836 3926 3174 3982; x_wconf 81' lang='lat' dir='ltr'><strong>orthodoxos</strong></span> <span class='ocrx_word' id='word_1_575' title='bbox 3212 3927 3303 3997; x_wconf 87' lang='lat' dir='ltr'><strong>qui</strong></span> <span class='ocrx_word' id='word_1_576' title='bbox 3331 3926 3523 3983; x_wconf 86' lang='lat' dir='ltr'><strong>Eccle-</strong></span> 
     </span>
    </p>
   </div>
   <div class='ocr_carea' id='block_1_84' title="bbox 1926 4018 3519 4091">
    <p class='ocr_par' dir='ltr' id='par_1_84' title="bbox 1926 4018 3519 4091">
     <span class='ocr_line' id='line_1_84' title="bbox 1926 4018 3519 4091; baseline 0.002 -17"><span class='ocrx_word' id='word_1_577' title='bbox 1926 4018 2034 4074; x_wconf 83' lang='lat' dir='ltr'><strong>sias</strong></span> <span class='ocrx_word' id='word_1_578' title='bbox 2053 4018 2445 4084; x_wconf 89' lang='lat' dir='ltr'><strong>administrant,</strong></span> <span class='ocrx_word' id='word_1_579' title='bbox 2490 4019 2862 4075; x_wconf 87' lang='lat' dir='ltr'><strong>accusationes</strong></span> <span class='ocrx_word' id='word_1_580' title='bbox 2891 4020 3150 4091; x_wconf 88' lang='lat' dir='ltr'><strong>quasdam</strong></span> <span class='ocrx_word' id='word_1_581' title='bbox 3183 4020 3519 4091; x_wconf 80' lang='lat' dir='ltr'><strong>contingunt,</strong></span> 
     </span>
    </p>
   </div>
   <div class='ocr_carea' id='block_1_85' title="bbox 1927 4108 3521 4180">
    <p class='ocr_par' dir='ltr' id='par_1_85' title="bbox 1927 4108 3521 4180">
     <span class='ocr_line' id='line_1_85' title="bbox 1927 4108 3521 4180; baseline 0.002 -15"><span class='ocrx_word' id='word_1_582' title='bbox 1927 4109 2057 4165; x_wconf 83' lang='lat' dir='ltr'><strong>nihil</strong></span> <span class='ocrx_word' id='word_1_583' title='bbox 2084 4108 2229 4165; x_wconf 82' lang='lat' dir='ltr'><strong>aliud</strong></span> <span class='ocrx_word' id='word_1_584' title='bbox 2250 4119 2508 4167; x_wconf 77' lang='lat' dir='ltr'><strong>conantes</strong></span> <span class='ocrx_word' id='word_1_585' title='bbox 2533 4125 2694 4180; x_wconf 89' lang='lat' dir='ltr'><strong>quam</strong></span> <span class='ocrx_word' id='word_1_586' title='bbox 2722 4110 2779 4165; x_wconf 89' lang='lat' dir='ltr'><strong>ut</strong></span> <span class='ocrx_word' id='word_1_587' title='bbox 2801 4113 3150 4167; x_wconf 88' lang='lat' dir='ltr'><strong>sacerdotum</strong></span> <span class='ocrx_word' id='word_1_588' title='bbox 3177 4114 3373 4170; x_wconf 87' lang='lat' dir='ltr'><strong>bonam</strong></span> <span class='ocrx_word' id='word_1_589' title='bbox 3402 4113 3521 4169; x_wconf 79' lang='lat' dir='ltr'><strong>cxi-</strong></span> 
     </span>
    </p>
   </div>
   <div class='ocr_carea' id='block_1_86' title="bbox 1926 4199 3522 4275">
    <p class='ocr_par' dir='ltr' id='par_1_86' title="bbox 1926 4199 3522 4275">
     <span class='ocr_line' id='line_1_86' title="bbox 1926 4199 3522 4275; baseline 0.004 -20"><span class='ocrx_word' id='word_1_590' title='bbox 1926 4199 2290 4255; x_wconf 82' lang='lat' dir='ltr'><strong>stimationem</strong></span> <span class='ocrx_word' id='word_1_591' title='bbox 2314 4200 2703 4266; x_wconf 90' lang='lat' dir='ltr'><strong>contaminent,</strong></span> <span class='ocrx_word' id='word_1_592' title='bbox 2736 4210 2793 4257; x_wconf 90' lang='lat' dir='ltr'><strong>et</strong></span> <span class='ocrx_word' id='word_1_593' title='bbox 2817 4199 3075 4259; x_wconf 73' lang='lat' dir='ltr'><strong>tumultus</strong></span> <span class='ocrx_word' id='word_1_594' title='bbox 3115 4205 3435 4275; x_wconf 87' lang='lat' dir='ltr'><strong>populorum</strong></span> <span class='ocrx_word' id='word_1_595' title='bbox 3466 4205 3522 4261; x_wconf 91' lang='lat' dir='ltr'><strong>in</strong></span> 
     </span>
    </p>
   </div>
   <div class='ocr_carea' id='block_1_87' title="bbox 1926 4291 3521 4365">
    <p class='ocr_par' dir='ltr' id='par_1_87' title="bbox 1926 4291 3521 4365">
     <span class='ocr_line' id='line_1_87' title="bbox 1926 4291 3521 4365; baseline 0.004 -19"><span class='ocrx_word' id='word_1_596' title='bbox 1926 4304 2061 4362; x_wconf 79' lang='lat' dir='ltr'><strong>pace</strong></span> <span class='ocrx_word' id='word_1_597' title='bbox 2080 4291 2385 4361; x_wconf 72' lang='lat' dir='ltr'><strong>degentium</strong></span> <span class='ocrx_word' id='word_1_598' title='bbox 2412 4291 2649 4347; x_wconf 81' lang='lat' dir='ltr'><strong>excitent</strong></span> <span class='ocrx_word' id='word_1_599' title='bbox 2671 4310 2683 4345; x_wconf 90' lang='lat'>:</span> <span class='ocrx_word' id='word_1_600' title='bbox 2714 4294 2816 4348; x_wconf 91' lang='lat' dir='ltr'><strong>hac</strong></span> <span class='ocrx_word' id='word_1_601' title='bbox 2838 4295 2904 4349; x_wconf 92' lang='lat' dir='ltr'><strong>de</strong></span> <span class='ocrx_word' id='word_1_602' title='bbox 2922 4310 3085 4349; x_wconf 87' lang='lat' dir='ltr'><strong>causa</strong></span> <span class='ocrx_word' id='word_1_603' title='bbox 3102 4296 3303 4365; x_wconf 86' lang='lat' dir='ltr'><strong>placuit</strong></span> <span class='ocrx_word' id='word_1_604' title='bbox 3320 4305 3521 4352; x_wconf 77' lang='lat' dir='ltr'><strong>sanctae</strong></span> 
     </span>
    </p>
   </div>
   <div class='ocr_carea' id='block_1_88' title="bbox 1926 4383 3516 4457">
    <p class='ocr_par' dir='ltr' id='par_1_88' title="bbox 1926 4383 3516 4457">
     <span class='ocr_line' id='line_1_88' title="bbox 1926 4383 3516 4457; baseline 0.001 -17"><span class='ocrx_word' id='word_1_605' title='bbox 1926 4383 2134 4456; x_wconf 83' lang='lat' dir='ltr'><strong>synodo</strong></span> <span class='ocrx_word' id='word_1_606' title='bbox 2182 4384 2581 4455; x_wconf 88' lang='lat' dir='ltr'><strong>episcoporum,</strong></span> <span class='ocrx_word' id='word_1_607' title='bbox 2612 4385 2703 4455; x_wconf 89' lang='lat' dir='ltr'><strong>qui</strong></span> <span class='ocrx_word' id='word_1_608' title='bbox 2732 4385 3204 4457; x_wconf 85' lang='lat' dir='ltr'><strong>Constantinopoli</strong></span> <span class='ocrx_word' id='word_1_609' title='bbox 3246 4404 3516 4443; x_wconf 81' lang='lat' dir='ltr'><strong>convene-</strong></span> 
     </span>
    </p>
   </div>
   <div class='ocr_carea' id='block_1_89' title="bbox 1926 4474 3521 4545">
    <p class='ocr_par' dir='ltr' id='par_1_89' title="bbox 1926 4474 3521 4545">
     <span class='ocr_line' id='line_1_89' title="bbox 1926 4474 3521 4545; baseline 0.001 -15"><span class='ocrx_word' id='word_1_610' title='bbox 1926 4482 2072 4542; x_wconf 88' lang='lat' dir='ltr'><strong>runt,</strong></span> <span class='ocrx_word' id='word_1_611' title='bbox 2105 4474 2307 4544; x_wconf 82' lang='lat' dir='ltr'><strong>absque</strong></span> <span class='ocrx_word' id='word_1_612' title='bbox 2326 4476 2504 4544; x_wconf 90' lang='lat' dir='ltr'><strong>aliqua</strong></span> <span class='ocrx_word' id='word_1_613' title='bbox 2533 4474 2903 4545; x_wconf 84' lang='lat' dir='ltr'><strong>disquisitione</strong></span> <span class='ocrx_word' id='word_1_614' title='bbox 2927 4485 3270 4532; x_wconf 88' lang='lat' dir='ltr'><strong>accusatores</strong></span> <span class='ocrx_word' id='word_1_615' title='bbox 3299 4493 3405 4532; x_wconf 91' lang='lat' dir='ltr'><strong>non</strong></span> <span class='ocrx_word' id='word_1_616' title='bbox 3431 4478 3521 4532; x_wconf 74' lang='lat' dir='ltr'><strong>atl-</strong></span> 
     </span>
    </p>
   </div>
   <div class='ocr_carea' id='block_1_90' title="bbox 1926 4566 3514 4636">
    <p class='ocr_par' dir='ltr' id='par_1_90' title="bbox 1926 4566 3514 4636">
     <span class='ocr_line' id='line_1_90' title="bbox 1926 4566 3514 4636; baseline 0.002 -14"><span class='ocrx_word' id='word_1_617' title='bbox 1926 4567 2087 4631; x_wconf 82' lang='lat' dir='ltr'><strong>mitti,</strong></span> <span class='ocrx_word' id='word_1_618' title='bbox 2118 4581 2217 4621; x_wconf 87' lang='lat' dir='ltr'><strong>nec</strong></span> <span class='ocrx_word' id='word_1_619' title='bbox 2257 4568 2506 4621; x_wconf 87' lang='lat' dir='ltr'><strong>omnibus</strong></span> <span class='ocrx_word' id='word_1_620' title='bbox 2536 4566 2847 4636; x_wconf 87' lang='lat' dir='ltr'><strong>permittere</strong></span> <span class='ocrx_word' id='word_1_621' title='bbox 2875 4566 3132 4622; x_wconf 78' lang='lat' dir='ltr'><strong>adversus</strong></span> <span class='ocrx_word' id='word_1_622' title='bbox 3173 4583 3269 4622; x_wconf 91' lang='lat' dir='ltr'><strong>cos</strong></span> <span class='ocrx_word' id='word_1_623' title='bbox 3295 4568 3386 4636; x_wconf 87' lang='lat' dir='ltr'><strong>qui</strong></span> <span class='ocrx_word' id='word_1_624' title='bbox 3412 4566 3514 4625; x_wconf 81' lang='lat' dir='ltr'><strong>Ec-</strong></span> 
     </span>
    </p>
   </div>
   <div class='ocr_carea' id='block_1_91' title="bbox 222 4656 1826 4747">
    <p class='ocr_par' dir='ltr' id='par_1_91' title="bbox 222 4662 1823 4734">
     <span class='ocr_line' id='line_1_91' title="bbox 222 4662 1823 4734; baseline 0 -16"><span class='ocrx_word' id='word_1_625' title='bbox 222 4664 481 4719; x_wconf 79' lang='grc' dir='ltr'><strong>ιεοιεῐσθαι</strong></span> <span class='ocrx_word' id='word_1_626' title='bbox 506 4666 637 4717; x_wconf 80' lang='grc' dir='ltr'><strong>κατά</strong></span> <span class='ocrx_word' id='word_1_627' title='bbox 681 4670 782 4718; x_wconf 87' lang='grc' dir='ltr'><strong>τῶν</strong></span> <span class='ocrx_word' id='word_1_628' title='bbox 810 4664 1203 4733; x_wconf 81' lang='grc' dir='ltr'><strong>οἰκονομούντων</strong></span> <span class='ocrx_word' id='word_1_629' title='bbox 1242 4666 1337 4724; x_wconf 79' lang='grc' dir='ltr'><strong>τὰς</strong></span> <span class='ocrx_word' id='word_1_630' title='bbox 1382 4663 1664 4728; x_wconf 76' lang='grc' dir='ltr'><strong>ἐκκλησίας,</strong></span> <span class='ocrx_word' id='word_1_631' title='bbox 1698 4662 1823 4734; x_wconf 78' lang='grc' dir='ltr'><strong>μηδέ</strong></span> 
     </span>
    </p>
   </div>
   <div class='ocr_carea' id='block_1_92' title="bbox 1936 4656 3523 4747">
    <p class='ocr_par' dir='ltr' id='par_1_92' title="bbox 1936 4656 3523 4727">
     <span class='ocr_line' id='line_1_92' title="bbox 1936 4656 3523 4727; baseline -0.003 -11"><span class='ocrx_word' id='word_1_632' title='bbox 1936 4658 2122 4716; x_wconf 83' lang='lat' dir='ltr'><strong>clesias</strong></span> <span class='ocrx_word' id='word_1_633' title='bbox 2163 4656 2539 4711; x_wconf 88' lang='lat' dir='ltr'><strong>administrant</strong></span> <span class='ocrx_word' id='word_1_634' title='bbox 2590 4656 2957 4711; x_wconf 83' lang='lat' dir='ltr'><strong>accusationes</strong></span> <span class='ocrx_word' id='word_1_635' title='bbox 2996 4656 3296 4719; x_wconf 88' lang='lat' dir='ltr'><strong>instituere,</strong></span> <span class='ocrx_word' id='word_1_636' title='bbox 3341 4672 3523 4727; x_wconf 85' lang='lat' dir='ltr'><strong>neque</strong></span> 
     </span>
    </p>
   </div>
   <div class='ocr_carea' id='block_1_93' title="bbox 223 4753 1823 4826">
    <p class='ocr_par' dir='ltr' id='par_1_93' title="bbox 223 4753 1823 4826">
     <span class='ocr_line' id='line_1_93' title="bbox 223 4753 1823 4826; baseline 0 -19"><span class='ocrx_word' id='word_1_637' title='bbox 223 4761 317 4813; x_wconf 76' lang='grc' dir='ltr'><strong>ιιὴν</strong></span> <span class='ocrx_word' id='word_1_638' title='bbox 341 4753 539 4815; x_wconf 68' lang='grc' dir='ltr'><strong>πάντας</strong></span> <span class='ocrx_word' id='word_1_639' title='bbox 576 4755 874 4809; x_wconf 79' lang='grc' dir='ltr'><strong>ἀποκλείειν·</strong></span> <span class='ocrx_word' id='word_1_640' title='bbox 908 4754 1010 4809; x_wconf 78' lang='grc' dir='ltr'><strong>ἀλλ’</strong></span> <span class='ocrx_word' id='word_1_641' title='bbox 1041 4756 1085 4808; x_wconf 84' lang='grc' dir='ltr'><strong>εί</strong></span> <span class='ocrx_word' id='word_1_642' title='bbox 1111 4754 1200 4825; x_wconf 85' lang='grc' dir='ltr'><strong>μέν</strong></span> <span class='ocrx_word' id='word_1_643' title='bbox 1232 4771 1311 4814; x_wconf 76' lang='grc' dir='ltr'><strong>τις</strong></span> <span class='ocrx_word' id='word_1_644' title='bbox 1347 4755 1529 4807; x_wconf 75' lang='grc' dir='ltr'><strong>οἰκείαν</strong></span> <span class='ocrx_word' id='word_1_645' title='bbox 1550 4754 1662 4808; x_wconf 76' lang='grc' dir='ltr'><strong>τινὰ</strong></span> <span class='ocrx_word' id='word_1_646' title='bbox 1690 4755 1823 4826; x_wconf 60' lang='grc' dir='ltr'><strong>μεμε</strong></span> 
     </span>
    </p>
   </div>
   <div class='ocr_carea' id='block_1_94' title="bbox 226 4840 1817 4918">
    <p class='ocr_par' dir='ltr' id='par_1_94' title="bbox 226 4840 1817 4918">
     <span class='ocr_line' id='line_1_94' title="bbox 226 4840 1817 4918; baseline 0.001 -21"><span class='ocrx_word' id='word_1_647' title='bbox 226 4842 326 4907; x_wconf 53' lang='grc' dir='ltr'><strong>φιν,</strong></span> <span class='ocrx_word' id='word_1_648' title='bbox 353 4844 497 4899; x_wconf 76' lang='grc' dir='ltr'><strong>τοῦτ’</strong></span> <span class='ocrx_word' id='word_1_649' title='bbox 512 4842 541 4897; x_wconf 78' lang='grc' dir='ltr'><em>ἴ</em></span> <span class='ocrx_word' id='word_1_650' title='bbox 545 4866 678 4908; x_wconf 87' lang='grc' dir='ltr'><strong>στιν,</strong></span> <span class='ocrx_word' id='word_1_651' title='bbox 710 4842 965 4903; x_wconf 77' lang='grc' dir='ltr'><strong>ἰδιωτικήν</strong></span> <span class='ocrx_word' id='word_1_652' title='bbox 993 4842 1166 4917; x_wconf 69' lang='grc' dir='ltr'><strong>[ἤγουν</strong></span> <span class='ocrx_word' id='word_1_653' title='bbox 1197 4840 1544 4918; x_wconf 76' lang='grc' dir='ltr'><strong>χρηματικήν]</strong></span> <span class='ocrx_word' id='word_1_654' title='bbox 1568 4845 1817 4917; x_wconf 81' lang='grc' dir='ltr'><strong>ἐπαγάγοι</strong></span> 
     </span>
    </p>
   </div>
   <div class='ocr_carea' id='block_1_95' title="bbox 206 4906 1819 5014">
    <p class='ocr_par' dir='ltr' id='par_1_95' title="bbox 206 4906 1819 5014">
     <span class='ocr_line' id='line_1_95' title="bbox 206 4906 1819 5014; baseline 0.002 -25"><span class='ocrx_word' id='word_1_655' title='bbox 206 4906 289 5004; x_wconf 60' lang='grc' dir='ltr'><strong>ιτῷ</strong></span> <span class='ocrx_word' id='word_1_656' title='bbox 330 4937 622 5005; x_wconf 81' lang='grc' dir='ltr'><strong>ἐπισκόπῳ,</strong></span> <span class='ocrx_word' id='word_1_657' title='bbox 656 4939 723 4996; x_wconf 85' lang='grc' dir='ltr'><strong>ὡς</strong></span> <span class='ocrx_word' id='word_1_658' title='bbox 765 4937 1162 5003; x_wconf 79' lang='grc' dir='ltr'><strong>πλεονεκτηθεὶς,</strong></span> <span class='ocrx_word' id='word_1_659' title='bbox 1192 4937 1221 4997; x_wconf 74' lang='grc' dir='ltr'><em>ἢ</em></span> <span class='ocrx_word' id='word_1_660' title='bbox 1255 4938 1375 4992; x_wconf 64' lang='grc' dir='ltr'><strong>ἄλλο</strong></span> <span class='ocrx_word' id='word_1_661' title='bbox 1399 4953 1451 4992; x_wconf 82' lang='grc' dir='ltr'><strong>τι</strong></span> <span class='ocrx_word' id='word_1_662' title='bbox 1477 4941 1622 5014; x_wconf 77' lang='grc' dir='ltr'><strong>ποιρά</strong></span> <span class='ocrx_word' id='word_1_663' title='bbox 1652 4939 1708 4993; x_wconf 83' lang='grc' dir='ltr'><strong>τὸ</strong></span> <span class='ocrx_word' id='word_1_664' title='bbox 1737 4937 1819 4993; x_wconf 75' lang='grc' dir='ltr'><strong>δί-</strong></span> 
     </span>
    </p>
   </div>
   <div class='ocr_carea' id='block_1_96' title="bbox 204 5008 1819 5105">
    <p class='ocr_par' dir='ltr' id='par_1_96' title="bbox 204 5008 1819 5105">
     <span class='ocr_line' id='line_1_96' title="bbox 204 5008 1819 5105; baseline 0.001 -24"><span class='ocrx_word' id='word_1_665' title='bbox 204 5008 355 5081; x_wconf 64' lang='grc' dir='ltr'><strong>ἰαιον</strong></span> <span class='ocrx_word' id='word_1_666' title='bbox 378 5027 509 5104; x_wconf 86' lang='grc' dir='ltr'><strong>παρ’</strong></span> <span class='ocrx_word' id='word_1_667' title='bbox 523 5030 680 5083; x_wconf 76' lang='grc' dir='ltr'><strong>αὐτοῦ</strong></span> <span class='ocrx_word' id='word_1_668' title='bbox 708 5030 998 5093; x_wconf 80' lang='grc' dir='ltr'><strong>πεπονθὼς,</strong></span> <span class='ocrx_word' id='word_1_669' title='bbox 1023 5030 1107 5083; x_wconf 83' lang='grc' dir='ltr'><strong>ἐπί</strong></span> <span class='ocrx_word' id='word_1_670' title='bbox 1127 5036 1226 5083; x_wconf 85' lang='grc' dir='ltr'><strong>τῶν</strong></span> <span class='ocrx_word' id='word_1_671' title='bbox 1248 5029 1489 5083; x_wconf 72' lang='grc' dir='ltr'><strong>τοιούτων</strong></span> <span class='ocrx_word' id='word_1_672' title='bbox 1510 5035 1819 5105; x_wconf 78' lang='grc' dir='ltr'><strong>κατηγοριῶν</strong></span> 
     </span>
    </p>
   </div>
   <div class='ocr_carea' id='block_1_97' title="bbox 218 5121 1814 5198">
    <p class='ocr_par' dir='ltr' id='par_1_97' title="bbox 218 5121 1814 5198">
     <span class='ocr_line' id='line_1_97' title="bbox 218 5121 1814 5198; baseline 0.006 -25"><span class='ocrx_word' id='word_1_673' title='bbox 218 5126 284 5192; x_wconf 64' lang='grc' dir='ltr'><strong><em>μή</em></strong></span> <span class='ocrx_word' id='word_1_674' title='bbox 337 5121 692 5184; x_wconf 81' lang='grc' dir='ltr'><strong>ἐξετάζεσθαι,</strong></span> <span class='ocrx_word' id='word_1_675' title='bbox 718 5126 845 5195; x_wconf 77' lang='grc' dir='ltr'><strong>μήτε</strong></span> <span class='ocrx_word' id='word_1_676' title='bbox 892 5123 1170 5194; x_wconf 86' lang='grc' dir='ltr'><strong>πρόσωπον</strong></span> <span class='ocrx_word' id='word_1_677' title='bbox 1200 5129 1290 5177; x_wconf 83' lang='grc' dir='ltr'><strong>τοῦ</strong></span> <span class='ocrx_word' id='word_1_678' title='bbox 1313 5122 1605 5198; x_wconf 72' lang='grc' dir='ltr'><strong>κατηγόρου</strong></span> <span class='ocrx_word' id='word_1_679' title='bbox 1637 5123 1814 5195; x_wconf 79' lang='grc' dir='ltr'><strong>[κατη-</strong></span> 
     </span>
    </p>
   </div>
   <div class='ocr_carea' id='block_1_98' title="bbox 212 5212 1807 5291">
    <p class='ocr_par' dir='ltr' id='par_1_98' title="bbox 212 5212 1807 5291">
     <span class='ocr_line' id='line_1_98' title="bbox 212 5212 1807 5291; baseline 0.001 -24"><span class='ocrx_word' id='word_1_680' title='bbox 212 5212 573 5289; x_wconf 70' lang='grc' dir='ltr'><strong>γορουμένουῙ,</strong></span> <span class='ocrx_word' id='word_1_681' title='bbox 596 5218 722 5284; x_wconf 63' lang='grc' dir='ltr'><strong>μήτε</strong></span> <span class='ocrx_word' id='word_1_682' title='bbox 748 5218 841 5271; x_wconf 77' lang='grc' dir='ltr'><strong>τήν</strong></span> <span class='ocrx_word' id='word_1_683' title='bbox 866 5215 1155 5285; x_wconf 81' lang='grc' dir='ltr'><strong>θρησκείαν.</strong></span> <span class='ocrx_word' id='word_1_684' title='bbox 1181 5218 1289 5289; x_wconf 77' lang='grc' dir='ltr'><strong>Χρὴ</strong></span> <span class='ocrx_word' id='word_1_685' title='bbox 1310 5215 1409 5290; x_wconf 70' lang='grc' dir='ltr'><strong>γάρ</strong></span> <span class='ocrx_word' id='word_1_686' title='bbox 1432 5217 1588 5270; x_wconf 81' lang='grc' dir='ltr'><strong>παντὶ</strong></span> <span class='ocrx_word' id='word_1_687' title='bbox 1608 5215 1807 5291; x_wconf 84' lang='grc' dir='ltr'><strong>τρόπῳ,</strong></span> 
     </span>
    </p>
   </div>
   <div class='ocr_carea' id='block_1_99' title="bbox 210 5301 1810 5382">
    <p class='ocr_par' dir='ltr' id='par_1_99' title="bbox 210 5301 1810 5382">
     <span class='ocr_line' id='line_1_99' title="bbox 210 5301 1810 5382; baseline 0.001 -24"><span class='ocrx_word' id='word_1_688' title='bbox 210 5302 269 5360; x_wconf 69' lang='grc' dir='ltr'><strong>τό</strong></span> <span class='ocrx_word' id='word_1_689' title='bbox 294 5325 352 5359; x_wconf 86' lang='grc' dir='ltr'><strong>τε</strong></span> <span class='ocrx_word' id='word_1_690' title='bbox 391 5302 620 5365; x_wconf 80' lang='grc' dir='ltr'><strong>συνειδὸς</strong></span> <span class='ocrx_word' id='word_1_691' title='bbox 650 5312 738 5359; x_wconf 74' lang='grc' dir='ltr'><strong>τοῦ</strong></span> <span class='ocrx_word' id='word_1_692' title='bbox 794 5304 1087 5360; x_wconf 79' lang='grc' dir='ltr'><strong>ἐπισκόπου</strong></span> <span class='ocrx_word' id='word_1_693' title='bbox 1131 5306 1389 5382; x_wconf 81' lang='grc' dir='ltr'><strong>ἐλεύθερον</strong></span> <span class='ocrx_word' id='word_1_694' title='bbox 1433 5301 1581 5372; x_wconf 79' lang='grc' dir='ltr'><strong>εἶναι,</strong></span> <span class='ocrx_word' id='word_1_695' title='bbox 1615 5309 1701 5363; x_wconf 85' lang='grc' dir='ltr'><strong>καί</strong></span> <span class='ocrx_word' id='word_1_696' title='bbox 1726 5310 1810 5362; x_wconf 82' lang='grc' dir='ltr'><strong>τόν</strong></span> 
     </span>
    </p>
   </div>
   <div class='ocr_carea' id='block_1_100' title="bbox 208 5391 1806 5473">
    <p class='ocr_par' dir='ltr' id='par_1_100' title="bbox 208 5391 1806 5473">
     <span class='ocr_line' id='line_1_100' title="bbox 208 5391 1806 5473; baseline 0.002 -23"><span class='ocrx_word' id='word_1_697' title='bbox 208 5394 490 5450; x_wconf 73' lang='grc' dir='ltr'><strong>ἀδικεῖσθαι</strong></span> <span class='ocrx_word' id='word_1_698' title='bbox 537 5396 768 5467; x_wconf 66' lang='grc' dir='ltr'><strong>λλγοντα,</strong></span> <span class='ocrx_word' id='word_1_699' title='bbox 795 5398 906 5456; x_wconf 66' lang='grc' dir='ltr'><strong>οἵας</strong></span> <span class='ocrx_word' id='word_1_700' title='bbox 958 5391 1016 5451; x_wconf 79' lang='grc' dir='ltr'><strong>ἂν</strong></span> <span class='ocrx_word' id='word_1_701' title='bbox 1134 5398 1428 5473; x_wconf 81' lang='grc' dir='ltr'><strong>θρησκείας,</strong></span> <span class='ocrx_word' id='word_1_702' title='bbox 1455 5405 1553 5453; x_wconf 86' lang='grc' dir='ltr'><strong>τῶν</strong></span> <span class='ocrx_word' id='word_1_703' title='bbox 1602 5396 1806 5454; x_wconf 79' lang='grc' dir='ltr'><strong>δικαίων</strong></span> 
     </span>
    </p>
   </div>
   <div class='ocr_carea' id='block_1_101' title="bbox 206 5487 1802 5568">
    <p class='ocr_par' dir='ltr' id='par_1_101' title="bbox 206 5487 1802 5568">
     <span class='ocr_line' id='line_1_101' title="bbox 206 5487 1802 5568; baseline 0.002 -26"><span class='ocrx_word' id='word_1_704' title='bbox 206 5489 512 5559; x_wconf 79' lang='grc' dir='ltr'><strong>τυγχάνειν.</strong></span> <span class='ocrx_word' id='word_1_705' title='bbox 563 5491 622 5540; x_wconf 74' lang='grc' dir='ltr'><strong>Εἰ</strong></span> <span class='ocrx_word' id='word_1_706' title='bbox 672 5487 725 5543; x_wconf 84' lang='grc' dir='ltr'><strong>δέ</strong></span> <span class='ocrx_word' id='word_1_707' title='bbox 766 5490 1175 5547; x_wconf 74' lang='grc' dir='ltr'><strong>ἐκκλησιαστικὸν</strong></span> <span class='ocrx_word' id='word_1_708' title='bbox 1223 5488 1299 5547; x_wconf 77' lang='grc' dir='ltr'><strong>εἴη</strong></span> <span class='ocrx_word' id='word_1_709' title='bbox 1346 5492 1403 5545; x_wconf 85' lang='grc' dir='ltr'><strong>τό</strong></span> <span class='ocrx_word' id='word_1_710' title='bbox 1450 5492 1802 5568; x_wconf 71' lang='grc' dir='ltr'><strong>ἐπιφερόμενον</strong></span> 
     </span>
    </p>
   </div>
   <div class='ocr_carea' id='block_1_102' title="bbox 206 5576 1807 5658">
    <p class='ocr_par' dir='ltr' id='par_1_102' title="bbox 206 5576 1807 5658">
     <span class='ocr_line' id='line_1_102' title="bbox 206 5576 1807 5658; baseline 0.004 -28"><span class='ocrx_word' id='word_1_711' title='bbox 206 5576 442 5649; x_wconf 75' lang='grc' dir='ltr'><strong>ἔγκλημα</strong></span> <span class='ocrx_word' id='word_1_712' title='bbox 470 5585 544 5650; x_wconf 84' lang='grc' dir='ltr'>τῷ</span> <span class='ocrx_word' id='word_1_713' title='bbox 574 5579 856 5651; x_wconf 84' lang='grc' dir='ltr'><strong>ἐπισκόπῳ,</strong></span> <span class='ocrx_word' id='word_1_714' title='bbox 883 5580 995 5635; x_wconf 82' lang='grc' dir='ltr'><strong>τότε</strong></span> <span class='ocrx_word' id='word_1_715' title='bbox 1023 5580 1381 5652; x_wconf 82' lang='grc' dir='ltr'><strong>δοκιμάζεσθαι</strong></span> <span class='ocrx_word' id='word_1_716' title='bbox 1424 5588 1533 5658; x_wconf 73' lang='grc' dir='ltr'><strong>χρὴ</strong></span> <span class='ocrx_word' id='word_1_717' title='bbox 1564 5590 1665 5637; x_wconf 85' lang='grc' dir='ltr'><strong>τῶν</strong></span> <span class='ocrx_word' id='word_1_718' title='bbox 1691 5606 1807 5637; x_wconf 85' lang='grc' dir='ltr'><strong>κατ-</strong></span> 
     </span>
    </p>
   </div>
   <div class='ocr_carea' id='block_1_103' title="bbox 206 5668 1806 5746">
    <p class='ocr_par' dir='ltr' id='par_1_103' title="bbox 206 5668 1806 5746">
     <span class='ocr_line' id='line_1_103' title="bbox 206 5668 1806 5746; baseline 0.006 -29"><span class='ocrx_word' id='word_1_719' title='bbox 206 5668 531 5740; x_wconf 64' lang='grc' dir='ltr'><strong>ηορούντων</strong></span> <span class='ocrx_word' id='word_1_720' title='bbox 571 5669 635 5721; x_wconf 83' lang='grc' dir='ltr'><strong>τὰ</strong></span> <span class='ocrx_word' id='word_1_721' title='bbox 681 5670 972 5743; x_wconf 86' lang='grc' dir='ltr'><strong>πρόσωπα·</strong></span> <span class='ocrx_word' id='word_1_722' title='bbox 1030 5671 1113 5725; x_wconf 79' lang='grc' dir='ltr'><strong>ἵνα</strong></span> <span class='ocrx_word' id='word_1_723' title='bbox 1151 5679 1356 5746; x_wconf 81' lang='grc' dir='ltr'><strong>πρῶτον</strong></span> <span class='ocrx_word' id='word_1_724' title='bbox 1400 5676 1489 5743; x_wconf 77' lang='grc' dir='ltr'><strong>μὲν</strong></span> <span class='ocrx_word' id='word_1_725' title='bbox 1538 5673 1806 5739; x_wconf 82' lang='grc' dir='ltr'><strong>αἷρετικοῖς</strong></span> 
     </span>
    </p>
   </div>
   <div class='ocr_carea' id='block_1_104' title="bbox 203 5758 1805 5842">
    <p class='ocr_par' dir='ltr' id='par_1_104' title="bbox 203 5758 1805 5842">
     <span class='ocr_line' id='line_1_104' title="bbox 203 5758 1805 5842; baseline 0.007 -34"><span class='ocrx_word' id='word_1_726' title='bbox 203 5766 273 5826; x_wconf 67' lang='grc' dir='ltr'><strong>μὴ</strong></span> <span class='ocrx_word' id='word_1_727' title='bbox 303 5758 391 5827; x_wconf 68' lang='grc' dir='ltr'><strong>ἐξῇ</strong></span> <span class='ocrx_word' id='word_1_728' title='bbox 423 5761 731 5832; x_wconf 77' lang='grc' dir='ltr'><strong>κατηγορίας</strong></span> <span class='ocrx_word' id='word_1_729' title='bbox 763 5763 895 5814; x_wconf 88' lang='grc' dir='ltr'><strong>κατὰ</strong></span> <span class='ocrx_word' id='word_1_730' title='bbox 926 5767 1024 5815; x_wconf 86' lang='grc' dir='ltr'><strong>τῶν</strong></span> <span class='ocrx_word' id='word_1_731' title='bbox 1059 5762 1331 5834; x_wconf 79' lang='grc' dir='ltr'><strong>ὀρθοδόξων</strong></span> <span class='ocrx_word' id='word_1_732' title='bbox 1366 5766 1647 5820; x_wconf 77' lang='grc' dir='ltr'><strong>ἐπισκόπων</strong></span> <span class='ocrx_word' id='word_1_733' title='bbox 1674 5767 1805 5842; x_wconf 74' lang='grc' dir='ltr'><strong>ὑπὲρ</strong></span> 
     </span>
    </p>
   </div>
   <div class='ocr_carea' id='block_1_105' title="bbox 203 5850 1804 5932">
    <p class='ocr_par' dir='ltr' id='par_1_105' title="bbox 203 5850 1804 5932">
     <span class='ocr_line' id='line_1_105' title="bbox 203 5850 1804 5932; baseline 0.006 -30"><span class='ocrx_word' id='word_1_734' title='bbox 203 5850 642 5905; x_wconf 77' lang='grc' dir='ltr'><strong>ἐκκλησιαστικῶν</strong></span> <span class='ocrx_word' id='word_1_735' title='bbox 692 5856 1015 5926; x_wconf 82' lang='grc' dir='ltr'><strong>πραγμάτων</strong></span> <span class='ocrx_word' id='word_1_736' title='bbox 1072 5858 1347 5910; x_wconf 84' lang='grc' dir='ltr'><strong>ποιεῖσθαι.</strong></span> <span class='ocrx_word' id='word_1_737' title='bbox 1414 5857 1705 5932; x_wconf 71' lang='grc' dir='ltr'><strong>Δίρετικοῦς</strong></span> <span class='ocrx_word' id='word_1_738' title='bbox 1751 5854 1804 5911; x_wconf 83' lang='grc' dir='ltr'><strong>δέ</strong></span> 
     </span>
    </p>
   </div>
   <div class='ocr_carea' id='block_1_106' title="bbox 202 5944 1802 6026">
    <p class='ocr_par' dir='ltr' id='par_1_106' title="bbox 202 5944 1802 6026">
     <span class='ocr_line' id='line_1_106' title="bbox 202 5944 1802 6026; baseline 0.007 -31"><span class='ocrx_word' id='word_1_739' title='bbox 202 5944 432 6014; x_wconf 70' lang='grc' dir='ltr'><strong>λέγομεν,</strong></span> <span class='ocrx_word' id='word_1_740' title='bbox 462 5954 578 6000; x_wconf 71' lang='grc' dir='ltr'><strong>τοίς</strong></span> <span class='ocrx_word' id='word_1_741' title='bbox 623 5966 675 6000; x_wconf 83' lang='grc' dir='ltr'><strong>τε</strong></span> <span class='ocrx_word' id='word_1_742' title='bbox 711 5951 867 6003; x_wconf 66' lang='grc' dir='ltr'><strong>πάλαι</strong></span> <span class='ocrx_word' id='word_1_743' title='bbox 910 5955 1001 6009; x_wconf 79' lang='grc' dir='ltr'><strong>τῆς</strong></span> <span class='ocrx_word' id='word_1_744' title='bbox 1032 5951 1296 6012; x_wconf 78' lang='grc' dir='ltr'><strong>ἐκκλησίας</strong></span> <span class='ocrx_word' id='word_1_745' title='bbox 1320 5951 1802 6026; x_wconf 74' lang='grc' dir='ltr'><strong>ἀποκηρυχθέντας,</strong></span> 
     </span>
    </p>
   </div>
   <div class='ocr_carea' id='block_1_107' title="bbox 1919 4749 3516 4821">
    <p class='ocr_par' dir='ltr' id='par_1_107' title="bbox 1919 4749 3516 4821">
     <span class='ocr_line' id='line_1_107' title="bbox 1919 4749 3516 4821; baseline -0.002 -12"><span class='ocrx_word' id='word_1_746' title='bbox 1919 4769 2101 4815; x_wconf 80' lang='lat' dir='ltr'><strong>tamen</strong></span> <span class='ocrx_word' id='word_1_747' title='bbox 2127 4768 2316 4808; x_wconf 90' lang='lat' dir='ltr'><strong>omnes</strong></span> <span class='ocrx_word' id='word_1_748' title='bbox 2336 4752 2639 4807; x_wconf 83' lang='lat' dir='ltr'><strong>excludere.</strong></span> <span class='ocrx_word' id='word_1_749' title='bbox 2667 4750 2776 4805; x_wconf 88' lang='lat' dir='ltr'><strong>Sed</strong></span> <span class='ocrx_word' id='word_1_750' title='bbox 2804 4751 2847 4805; x_wconf 92' lang='lat' dir='ltr'><strong>si</strong></span> <span class='ocrx_word' id='word_1_751' title='bbox 2877 4751 2996 4821; x_wconf 89' lang='lat' dir='ltr'><strong>quis</strong></span> <span class='ocrx_word' id='word_1_752' title='bbox 3022 4749 3293 4820; x_wconf 83' lang='lat' dir='ltr'><strong>propriam</strong></span> <span class='ocrx_word' id='word_1_753' title='bbox 3318 4766 3516 4820; x_wconf 90' lang='lat' dir='ltr'><strong>querc-</strong></span> 
     </span>
    </p>
   </div>
   <div class='ocr_carea' id='block_1_108' title="bbox 1920 4842 3517 4915">
    <p class='ocr_par' dir='ltr' id='par_1_108' title="bbox 1920 4842 3517 4915">
     <span class='ocr_line' id='line_1_108' title="bbox 1920 4842 3517 4915; baseline -0.004 -12"><span class='ocrx_word' id='word_1_754' title='bbox 1920 4848 2050 4913; x_wconf 83' lang='lat' dir='ltr'><strong>lam,</strong></span> <span class='ocrx_word' id='word_1_755' title='bbox 2092 4845 2146 4901; x_wconf 90' lang='lat' dir='ltr'><strong>id</strong></span> <span class='ocrx_word' id='word_1_756' title='bbox 2173 4851 2277 4913; x_wconf 91' lang='lat' dir='ltr'><strong>est,</strong></span> <span class='ocrx_word' id='word_1_757' title='bbox 2307 4843 2573 4915; x_wconf 88' lang='lat' dir='ltr'><strong>privatam</strong></span> <span class='ocrx_word' id='word_1_758' title='bbox 2614 4842 2873 4897; x_wconf 83' lang='lat' dir='ltr'><strong>adversus</strong></span> <span class='ocrx_word' id='word_1_759' title='bbox 2922 4842 3233 4913; x_wconf 87' lang='lat' dir='ltr'><strong>episcopum</strong></span> <span class='ocrx_word' id='word_1_760' title='bbox 3282 4843 3517 4898; x_wconf 83' lang='lat' dir='ltr'><strong>moverit</strong></span> 
     </span>
    </p>
   </div>
   <div class='ocr_carea' id='block_1_109' title="bbox 1920 4933 3512 5011">
    <p class='ocr_par' dir='ltr' id='par_1_109' title="bbox 1920 4933 3512 5011">
     <span class='ocr_line' id='line_1_109' title="bbox 1920 4933 3512 5011; baseline -0.004 -16"><span class='ocrx_word' id='word_1_761' title='bbox 1920 4948 2108 5011; x_wconf 84' lang='lat' dir='ltr'><strong>utpote</strong></span> <span class='ocrx_word' id='word_1_762' title='bbox 2133 4938 2529 4994; x_wconf 87' lang='lat' dir='ltr'><strong>circumventus</strong></span> <span class='ocrx_word' id='word_1_763' title='bbox 2554 4933 2968 4989; x_wconf 73' lang='lat' dir='ltr'><strong>defraudatusve</strong></span> <span class='ocrx_word' id='word_1_764' title='bbox 2995 4934 3062 4988; x_wconf 89' lang='lat' dir='ltr'><strong>ah</strong></span> <span class='ocrx_word' id='word_1_765' title='bbox 3085 4948 3170 4999; x_wconf 91' lang='lat' dir='ltr'><strong>eo,</strong></span> <span class='ocrx_word' id='word_1_766' title='bbox 3198 4943 3291 4989; x_wconf 87' lang='lat' dir='ltr'><strong>aut</strong></span> <span class='ocrx_word' id='word_1_767' title='bbox 3318 4934 3512 5003; x_wconf 83' lang='lat' dir='ltr'><strong>injuria</strong></span> 
     </span>
    </p>
   </div>
   <div class='ocr_carea' id='block_1_110' title="bbox 1919 5025 3513 5099">
    <p class='ocr_par' dir='ltr' id='par_1_110' title="bbox 1919 5025 3513 5099">
     <span class='ocr_line' id='line_1_110' title="bbox 1919 5025 3513 5099; baseline -0.004 -14"><span class='ocrx_word' id='word_1_768' title='bbox 1919 5030 2101 5099; x_wconf 85' lang='lat' dir='ltr'><strong>aliqua</strong></span> <span class='ocrx_word' id='word_1_769' title='bbox 2142 5029 2209 5083; x_wconf 88' lang='lat' dir='ltr'><strong>ab</strong></span> <span class='ocrx_word' id='word_1_770' title='bbox 2237 5028 2354 5098; x_wconf 87' lang='lat' dir='ltr'><strong>ipso</strong></span> <span class='ocrx_word' id='word_1_771' title='bbox 2384 5026 2647 5091; x_wconf 69' lang='lat' dir='ltr'><strong>affectus;</strong></span> <span class='ocrx_word' id='word_1_772' title='bbox 2690 5026 2743 5080; x_wconf 91' lang='lat' dir='ltr'><strong>in</strong></span> <span class='ocrx_word' id='word_1_773' title='bbox 2793 5025 3055 5095; x_wconf 84' lang='lat' dir='ltr'><strong>ejusmodi</strong></span> <span class='ocrx_word' id='word_1_774' title='bbox 3083 5025 3513 5080; x_wconf 85' lang='lat' dir='ltr'><strong>accusationibus</strong></span> 
     </span>
    </p>
   </div>
   <div class='ocr_carea' id='block_1_111' title="bbox 1919 5116 3510 5192">
    <p class='ocr_par' dir='ltr' id='par_1_111' title="bbox 1919 5116 3510 5192">
     <span class='ocr_line' id='line_1_111' title="bbox 1919 5116 3510 5192; baseline -0.005 -15"><span class='ocrx_word' id='word_1_775' title='bbox 1919 5137 2022 5177; x_wconf 88' lang='lat' dir='ltr'><strong>nec</strong></span> <span class='ocrx_word' id='word_1_776' title='bbox 2045 5136 2275 5192; x_wconf 81' lang='lat' dir='ltr'><strong>persona</strong></span> <span class='ocrx_word' id='word_1_777' title='bbox 2324 5119 2674 5187; x_wconf 87' lang='lat' dir='ltr'><strong>accusatoris,</strong></span> <span class='ocrx_word' id='word_1_778' title='bbox 2707 5134 2808 5173; x_wconf 92' lang='lat' dir='ltr'><strong>nec</strong></span> <span class='ocrx_word' id='word_1_779' title='bbox 2836 5116 3022 5185; x_wconf 85' lang='lat' dir='ltr'><strong>religio</strong></span> <span class='ocrx_word' id='word_1_780' title='bbox 3042 5116 3369 5185; x_wconf 84' lang='lat' dir='ltr'><strong>inquirenda</strong></span> <span class='ocrx_word' id='word_1_781' title='bbox 3406 5124 3510 5170; x_wconf 90' lang='lat' dir='ltr'><strong>est.</strong></span> 
     </span>
    </p>
   </div>
   <div class='ocr_carea' id='block_1_112' title="bbox 1916 5209 3509 5284">
    <p class='ocr_par' dir='ltr' id='par_1_112' title="bbox 1916 5209 3509 5284">
     <span class='ocr_line' id='line_1_112' title="bbox 1916 5209 3509 5284; baseline -0.004 -15"><span class='ocrx_word' id='word_1_782' title='bbox 1916 5212 2144 5284; x_wconf 86' lang='lat' dir='ltr'><strong>Oportet</strong></span> <span class='ocrx_word' id='word_1_783' title='bbox 2171 5214 2315 5269; x_wconf 87' lang='lat' dir='ltr'><strong>enim</strong></span> <span class='ocrx_word' id='word_1_784' title='bbox 2357 5213 2607 5268; x_wconf 88' lang='lat' dir='ltr'><strong>omnibus</strong></span> <span class='ocrx_word' id='word_1_785' title='bbox 2636 5212 2809 5267; x_wconf 84' lang='lat' dir='ltr'><strong>modis</strong></span> <span class='ocrx_word' id='word_1_786' title='bbox 2856 5209 3093 5281; x_wconf 84' lang='lat' dir='ltr'><strong>episcopi</strong></span> <span class='ocrx_word' id='word_1_787' title='bbox 3122 5209 3509 5267; x_wconf 86' lang='lat' dir='ltr'><strong>conscientiam</strong></span> 
     </span>
    </p>
   </div>
   <div class='ocr_carea' id='block_1_113' title="bbox 1912 5300 3511 5373">
    <p class='ocr_par' dir='ltr' id='par_1_113' title="bbox 1912 5300 3511 5373">
     <span class='ocr_line' id='line_1_113' title="bbox 1912 5300 3511 5373; baseline -0.003 -16"><span class='ocrx_word' id='word_1_788' title='bbox 1912 5303 2132 5359; x_wconf 85' lang='lat' dir='ltr'><strong>liberam</strong></span> <span class='ocrx_word' id='word_1_789' title='bbox 2164 5320 2303 5368; x_wconf 89' lang='lat' dir='ltr'><strong>esse,</strong></span> <span class='ocrx_word' id='word_1_790' title='bbox 2355 5312 2412 5360; x_wconf 90' lang='lat' dir='ltr'><strong>et</strong></span> <span class='ocrx_word' id='word_1_791' title='bbox 2437 5320 2559 5358; x_wconf 90' lang='lat' dir='ltr'><strong>eum</strong></span> <span class='ocrx_word' id='word_1_792' title='bbox 2589 5302 2678 5373; x_wconf 90' lang='lat' dir='ltr'><strong>qui</strong></span> <span class='ocrx_word' id='word_1_793' title='bbox 2708 5319 2766 5358; x_wconf 90' lang='lat' dir='ltr'><strong>se</strong></span> <span class='ocrx_word' id='word_1_794' title='bbox 2814 5302 3004 5370; x_wconf 89' lang='lat' dir='ltr'><strong>injuria</strong></span> <span class='ocrx_word' id='word_1_795' title='bbox 3057 5303 3304 5358; x_wconf 84' lang='lat' dir='ltr'><strong>ail&#39;ectum</strong></span> <span class='ocrx_word' id='word_1_796' title='bbox 3345 5300 3511 5365; x_wconf 85' lang='lat' dir='ltr'><strong>dicet,</strong></span> 
     </span>
    </p>
   </div>
   <div class='ocr_carea' id='block_1_114' title="bbox 1911 5391 3511 5465">
    <p class='ocr_par' dir='ltr' id='par_1_114' title="bbox 1911 5391 3511 5465">
     <span class='ocr_line' id='line_1_114' title="bbox 1911 5391 3511 5465; baseline -0.003 -15"><span class='ocrx_word' id='word_1_797' title='bbox 1911 5395 2279 5465; x_wconf 86' lang='lat' dir='ltr'><strong>cujuscunque</strong></span> <span class='ocrx_word' id='word_1_798' title='bbox 2310 5395 2583 5464; x_wconf 81' lang='lat' dir='ltr'><strong>religionis</strong></span> <span class='ocrx_word' id='word_1_799' title='bbox 2614 5395 2791 5461; x_wconf 57' lang='lat' dir='ltr'><strong>fuerit,</strong></span> <span class='ocrx_word' id='word_1_800' title='bbox 2820 5394 2907 5464; x_wconf 91' lang='lat' dir='ltr'><strong>jus</strong></span> <span class='ocrx_word' id='word_1_801' title='bbox 2942 5409 3097 5449; x_wconf 89' lang='lat' dir='ltr'><strong>suum</strong></span> <span class='ocrx_word' id='word_1_802' title='bbox 3141 5392 3417 5462; x_wconf 86' lang='lat' dir='ltr'><strong>consequi.</strong></span> <span class='ocrx_word' id='word_1_803' title='bbox 3449 5391 3511 5446; x_wconf 87' lang='lat' dir='ltr'><strong>Si</strong></span> 
     </span>
    </p>
   </div>
   <div class='ocr_carea' id='block_1_115' title="bbox 1907 5482 3508 5554">
    <p class='ocr_par' dir='ltr' id='par_1_115' title="bbox 1907 5482 3508 5554">
     <span class='ocr_line' id='line_1_115' title="bbox 1907 5482 3508 5554; baseline -0.004 -12"><span class='ocrx_word' id='word_1_804' title='bbox 1907 5495 2086 5542; x_wconf 90' lang='lat' dir='ltr'><strong>autem</strong></span> <span class='ocrx_word' id='word_1_805' title='bbox 2127 5487 2543 5543; x_wconf 86' lang='lat' dir='ltr'><strong>ecclesiasticum</strong></span> <span class='ocrx_word' id='word_1_806' title='bbox 2589 5486 2751 5543; x_wconf 81' lang='lat' dir='ltr'><strong>fuerit</strong></span> <span class='ocrx_word' id='word_1_807' title='bbox 2812 5487 3014 5542; x_wconf 86' lang='lat' dir='ltr'><strong>crimen</strong></span> <span class='ocrx_word' id='word_1_808' title='bbox 3059 5485 3207 5554; x_wconf 84' lang='lat' dir='ltr'><strong>quod</strong></span> <span class='ocrx_word' id='word_1_809' title='bbox 3251 5482 3508 5552; x_wconf 87' lang='lat' dir='ltr'><strong>episcopo</strong></span> 
     </span>
    </p>
   </div>
   <div class='ocr_carea' id='block_1_116' title="bbox 1910 5576 3502 5651">
    <p class='ocr_par' dir='ltr' id='par_1_116' title="bbox 1910 5576 3502 5651">
     <span class='ocr_line' id='line_1_116' title="bbox 1910 5576 3502 5651; baseline -0.004 -17"><span class='ocrx_word' id='word_1_810' title='bbox 1910 5578 2227 5645; x_wconf 81' lang='lat' dir='ltr'><strong>intenditur,</strong></span> <span class='ocrx_word' id='word_1_811' title='bbox 2261 5576 2387 5635; x_wconf 87' lang='lat' dir='ltr'><strong>tunc</strong></span> <span class='ocrx_word' id='word_1_812' title='bbox 2415 5583 2682 5643; x_wconf 68' lang='lat' dir='ltr'><strong>testimare</strong></span> <span class='ocrx_word' id='word_1_813' title='bbox 2723 5589 2943 5651; x_wconf 86' lang='lat' dir='ltr'><strong>oportet</strong></span> <span class='ocrx_word' id='word_1_814' title='bbox 2969 5586 3342 5633; x_wconf 86' lang='lat' dir='ltr'><strong>accusatorum</strong></span> <span class='ocrx_word' id='word_1_815' title='bbox 3374 5590 3502 5646; x_wconf 86' lang='lat' dir='ltr'><strong>per-</strong></span> 
     </span>
    </p>
   </div>
   <div class='ocr_carea' id='block_1_117' title="bbox 1907 5669 3506 5745">
    <p class='ocr_par' dir='ltr' id='par_1_117' title="bbox 1907 5669 3506 5745">
     <span class='ocr_line' id='line_1_117' title="bbox 1907 5669 3506 5745; baseline -0.003 -15"><span class='ocrx_word' id='word_1_816' title='bbox 1907 5690 2071 5730; x_wconf 87' lang='lat' dir='ltr'><strong>sonas</strong></span> <span class='ocrx_word' id='word_1_817' title='bbox 2101 5694 2112 5729; x_wconf 88' lang='lat'>:</span> <span class='ocrx_word' id='word_1_818' title='bbox 2148 5685 2206 5729; x_wconf 93' lang='lat' dir='ltr'><strong>ut</strong></span> <span class='ocrx_word' id='word_1_819' title='bbox 2227 5675 2455 5745; x_wconf 82' lang='lat' dir='ltr'><strong>primum</strong></span> <span class='ocrx_word' id='word_1_820' title='bbox 2484 5674 2697 5744; x_wconf 87' lang='lat' dir='ltr'><strong>quidem</strong></span> <span class='ocrx_word' id='word_1_821' title='bbox 2721 5673 2983 5729; x_wconf 64' lang='lat' dir='ltr'><strong>haereticis</strong></span> <span class='ocrx_word' id='word_1_822' title='bbox 3004 5686 3109 5725; x_wconf 93' lang='lat' dir='ltr'><strong>non</strong></span> <span class='ocrx_word' id='word_1_823' title='bbox 3131 5669 3293 5725; x_wconf 86' lang='lat' dir='ltr'><strong>liceat</strong></span> <span class='ocrx_word' id='word_1_824' title='bbox 3316 5672 3506 5726; x_wconf 89' lang='lat' dir='ltr'><strong>ortho-</strong></span> 
     </span>
    </p>
   </div>
   <div class='ocr_carea' id='block_1_118' title="bbox 1908 5760 3501 5838">
    <p class='ocr_par' dir='ltr' id='par_1_118' title="bbox 1908 5760 3501 5838">
     <span class='ocr_line' id='line_1_118' title="bbox 1908 5760 3501 5838; baseline -0.003 -15"><span class='ocrx_word' id='word_1_825' title='bbox 1908 5768 2078 5824; x_wconf 82' lang='lat' dir='ltr'><strong>doxos</strong></span> <span class='ocrx_word' id='word_1_826' title='bbox 2099 5769 2381 5838; x_wconf 85' lang='lat' dir='ltr'><strong>episcopos</strong></span> <span class='ocrx_word' id='word_1_827' title='bbox 2401 5767 2467 5823; x_wconf 84' lang='lat' dir='ltr'><strong>tle</strong></span> <span class='ocrx_word' id='word_1_828' title='bbox 2492 5767 2649 5821; x_wconf 84' lang='lat' dir='ltr'><strong>rebus</strong></span> <span class='ocrx_word' id='word_1_829' title='bbox 2671 5761 3045 5821; x_wconf 85' lang='lat' dir='ltr'><strong>ecclesiasticis</strong></span> <span class='ocrx_word' id='word_1_830' title='bbox 3074 5777 3350 5819; x_wconf 80' lang='lat' dir='ltr'><strong>accusare.</strong></span> <span class='ocrx_word' id='word_1_831' title='bbox 3378 5760 3501 5818; x_wconf 71' lang='lat' dir='ltr'><strong>Ihe-</strong></span> 
     </span>
    </p>
   </div>
   <div class='ocr_carea' id='block_1_119' title="bbox 1907 5853 3500 5928">
    <p class='ocr_par' dir='ltr' id='par_1_119' title="bbox 1907 5853 3500 5928">
     <span class='ocr_line' id='line_1_119' title="bbox 1907 5853 3500 5928; baseline -0.004 -13"><span class='ocrx_word' id='word_1_832' title='bbox 1907 5860 2103 5915; x_wconf 70' lang='lat' dir='ltr'><strong>rcti&#39;cos</strong></span> <span class='ocrx_word' id='word_1_833' title='bbox 2133 5870 2311 5915; x_wconf 87' lang='lat' dir='ltr'><strong>autem</strong></span> <span class='ocrx_word' id='word_1_834' title='bbox 2352 5860 2576 5914; x_wconf 80' lang='lat' dir='ltr'><strong>dicimus</strong></span> <span class='ocrx_word' id='word_1_835' title='bbox 2603 5864 2708 5912; x_wconf 83' lang='lat' dir='ltr'><strong>‘eos</strong></span> <span class='ocrx_word' id='word_1_836' title='bbox 2749 5856 2839 5928; x_wconf 92' lang='lat' dir='ltr'><strong>qui</strong></span> <span class='ocrx_word' id='word_1_837' title='bbox 2873 5856 2997 5911; x_wconf 84' lang='lat' dir='ltr'><strong>olint</strong></span> <span class='ocrx_word' id='word_1_838' title='bbox 3040 5855 3107 5910; x_wconf 86' lang='lat' dir='ltr'><strong>ab</strong></span> <span class='ocrx_word' id='word_1_839' title='bbox 3134 5853 3370 5911; x_wconf 84' lang='lat' dir='ltr'><strong>Ecclesia</strong></span> <span class='ocrx_word' id='word_1_840' title='bbox 3403 5858 3500 5910; x_wconf 86' lang='lat' dir='ltr'><strong>ah-</strong></span> 
     </span>
    </p>
   </div>
   <div class='ocr_carea' id='block_1_120' title="bbox 1906 5946 3505 6020">
    <p class='ocr_par' dir='ltr' id='par_1_120' title="bbox 1906 5946 3505 6020">
     <span class='ocr_line' id='line_1_120' title="bbox 1906 5946 3505 6020; baseline -0.003 -15"><span class='ocrx_word' id='word_1_841' title='bbox 1906 5948 2064 6007; x_wconf 85' lang='lat' dir='ltr'><strong>dicati</strong></span> <span class='ocrx_word' id='word_1_842' title='bbox 2111 5957 2256 6017; x_wconf 87' lang='lat' dir='ltr'><strong>sunt,</strong></span> <span class='ocrx_word' id='word_1_843' title='bbox 2288 5958 2343 6006; x_wconf 89' lang='lat' dir='ltr'><strong>et</strong></span> <span class='ocrx_word' id='word_1_844' title='bbox 2398 5948 2487 6019; x_wconf 86' lang='lat' dir='ltr'><strong>qni</strong></span> <span class='ocrx_word' id='word_1_845' title='bbox 2529 5959 2714 6020; x_wconf 70' lang='lat' dir='ltr'><strong>postea</strong></span> <span class='ocrx_word' id='word_1_846' title='bbox 2767 5963 2797 6004; x_wconf 84' lang='lat' dir='ltr'><strong>a</strong></span> <span class='ocrx_word' id='word_1_847' title='bbox 2838 5946 2995 6006; x_wconf 86' lang='lat' dir='ltr'><strong>nobis</strong></span> <span class='ocrx_word' id='word_1_848' title='bbox 3024 5946 3505 6015; x_wconf 77' lang='lat' dir='ltr'><strong>anathematizati;</strong></span> 
     </span>
    </p>
   </div>
  </div>
