  <div class='ocr_page' id='page_1' title='image "/cluster/home/n/w/nwhite01/storage/ocr_20150623/67/hvd.32044073505141/047.png"; bbox 0 0 3946 6336; ppageno 0'>
   <div class='ocr_carea' id='block_1_1' title="bbox 373 390 3669 457">
    <p class='ocr_par' dir='ltr' id='par_1_1' title="bbox 373 390 3669 457">
     <span class='ocr_line' id='line_1_1' title="bbox 373 390 3669 457; baseline 0.001 -12"><span class='ocrx_word' id='word_1_1' title='bbox 373 390 440 445; x_wconf 78' lang='lat'><strong>79</strong></span> <span class='ocrx_word' id='word_1_2' title='bbox 1048 452 1052 457; x_wconf 5' lang='grc' dir='ltr'><strong>γ</strong></span> <span class='ocrx_word' id='word_1_3' title='bbox 1657 390 2015 447; x_wconf 72' lang='lat' dir='ltr'><strong>DIONYSIUS</strong></span> <span class='ocrx_word' id='word_1_4' title='bbox 2057 391 2374 449; x_wconf 69' lang='lat' dir='ltr'><strong>EXICUUS.</strong></span> <span class='ocrx_word' id='word_1_5' title='bbox 3596 395 3669 449; x_wconf 73' lang='grc' dir='ltr'><strong>εο</strong></span> 
     </span>
    </p>
   </div>
   <div class='ocr_carea' id='block_1_2' title="bbox 372 505 1993 582">
    <p class='ocr_par' dir='ltr' id='par_1_2' title="bbox 372 505 1957 582">
     <span class='ocr_line' id='line_1_2' title="bbox 372 505 1957 582; baseline 0.003 -24"><span class='ocrx_word' id='word_1_6' title='bbox 372 511 453 560; x_wconf 35' lang='grc' dir='ltr'>γαῖν</span> <span class='ocrx_word' id='word_1_7' title='bbox 481 507 604 567; x_wconf 83' lang='grc' dir='ltr'>τούς</span> <span class='ocrx_word' id='word_1_8' title='bbox 646 508 775 576; x_wconf 83' lang='grc' dir='ltr'><strong>μετά</strong></span> <span class='ocrx_word' id='word_1_9' title='bbox 806 512 967 561; x_wconf 60' lang='grc' dir='ltr'>ταῦτα</span> <span class='ocrx_word' id='word_1_10' title='bbox 1010 505 1247 578; x_wconf 76' lang='grc' dir='ltr'>ὑφ’ήμῶν</span> <span class='ocrx_word' id='word_1_11' title='bbox 1288 506 1796 577; x_wconf 69' lang='grc' dir='ltr'>ἀνατεματισθέντας⁶</span> <span class='ocrx_word' id='word_1_12' title='bbox 1824 510 1957 582; x_wconf 79' lang='grc' dir='ltr'>πρὸς</span> 
     </span>
    </p>
   </div>
   <div class='ocr_carea' id='block_1_3' title="bbox 2099 505 3669 582">
    <p class='ocr_par' dir='ltr' id='par_1_3' title="bbox 2106 508 3669 582">
     <span class='ocr_line' id='line_1_3' title="bbox 2106 508 3669 582; baseline 0.003 -19"><span class='ocrx_word' id='word_1_13' title='bbox 2106 518 2262 563; x_wconf 81' lang='lat' dir='ltr'><strong>racter</strong></span> <span class='ocrx_word' id='word_1_14' title='bbox 2284 510 2381 564; x_wconf 85' lang='lat' dir='ltr'><strong>hos</strong></span> <span class='ocrx_word' id='word_1_15' title='bbox 2403 518 2605 577; x_wconf 87' lang='lat' dir='ltr'><strong>autem,</strong></span> <span class='ocrx_word' id='word_1_16' title='bbox 2630 508 2789 579; x_wconf 86' lang='lat' dir='ltr'><strong>etqui</strong></span> <span class='ocrx_word' id='word_1_17' title='bbox 2817 525 2875 565; x_wconf 88' lang='lat' dir='ltr'><strong>se</strong></span> <span class='ocrx_word' id='word_1_18' title='bbox 2894 526 3079 565; x_wconf 80' lang='lat' dir='ltr'><strong>sanam</strong></span> <span class='ocrx_word' id='word_1_19' title='bbox 3102 510 3314 581; x_wconf 83' lang='lat' dir='ltr'><strong>quidem</strong></span> <span class='ocrx_word' id='word_1_20' title='bbox 3346 511 3502 567; x_wconf 71' lang='lat' dir='ltr'><strong>fidem</strong></span> <span class='ocrx_word' id='word_1_21' title='bbox 3538 528 3669 582; x_wconf 81' lang='lat' dir='ltr'><strong>pro-</strong></span> 
     </span>
    </p>
   </div>
   <div class='ocr_carea' id='block_1_4' title="bbox 374 595 1967 673">
    <p class='ocr_par' dir='ltr' id='par_1_4' title="bbox 374 595 1967 673">
     <span class='ocr_line' id='line_1_4' title="bbox 374 595 1967 673; baseline 0.001 -24"><span class='ocrx_word' id='word_1_22' title='bbox 374 595 426 650; x_wconf 75' lang='grc' dir='ltr'><strong>δί</strong></span> <span class='ocrx_word' id='word_1_23' title='bbox 458 599 677 658; x_wconf 80' lang='grc' dir='ltr'>τούτοις,</span> <span class='ocrx_word' id='word_1_24' title='bbox 706 601 787 651; x_wconf 80' lang='grc' dir='ltr'><strong>καί</strong></span> <span class='ocrx_word' id='word_1_25' title='bbox 817 601 935 657; x_wconf 76' lang='grc' dir='ltr'>τούς</span> <span class='ocrx_word' id='word_1_26' title='bbox 959 602 1047 655; x_wconf 74' lang='grc' dir='ltr'><strong>τήν</strong></span> <span class='ocrx_word' id='word_1_27' title='bbox 1078 600 1251 652; x_wconf 84' lang='grc' dir='ltr'>πίστιν</span> <span class='ocrx_word' id='word_1_28' title='bbox 1279 600 1369 668; x_wconf 78' lang='grc' dir='ltr'>μὲν</span> <span class='ocrx_word' id='word_1_29' title='bbox 1397 605 1486 656; x_wconf 76' lang='grc' dir='ltr'><strong>τήν</strong></span> <span class='ocrx_word' id='word_1_30' title='bbox 1506 600 1623 672; x_wconf 80' lang='grc' dir='ltr'>ύγιῆ</span> <span class='ocrx_word' id='word_1_31' title='bbox 1651 620 1967 673; x_wconf 78' lang='grc' dir='ltr'>προσποιου-</span> 
     </span>
    </p>
   </div>
   <div class='ocr_carea' id='block_1_5' title="bbox 378 684 1969 760">
    <p class='ocr_par' dir='ltr' id='par_1_5' title="bbox 378 684 1969 760">
     <span class='ocr_line' id='line_1_5' title="bbox 378 684 1969 760; baseline -0.001 -19"><span class='ocrx_word' id='word_1_32' title='bbox 378 691 555 758; x_wconf 78' lang='grc' dir='ltr'><strong>μένους</strong></span> <span class='ocrx_word' id='word_1_33' title='bbox 589 688 1295 760; x_wconf 80' lang='grc' dir='ltr'>όμολογεῖν,ἀποσχήσαντας</span> <span class='ocrx_word' id='word_1_34' title='bbox 1324 686 1779 759; x_wconf 62' lang='grc' dir='ltr'>[ἀποσχισθένταςὶ</span> <span class='ocrx_word' id='word_1_35' title='bbox 1806 684 1857 742; x_wconf 79' lang='grc' dir='ltr'><strong>δέ</strong></span> <span class='ocrx_word' id='word_1_36' title='bbox 1888 690 1969 741; x_wconf 85' lang='grc' dir='ltr'><strong>καί</strong></span> 
     </span>
    </p>
   </div>
   <div class='ocr_carea' id='block_1_6' title="bbox 377 775 1971 851">
    <p class='ocr_par' dir='ltr' id='par_1_6' title="bbox 377 775 1971 851">
     <span class='ocr_line' id='line_1_6' title="bbox 377 775 1971 851; baseline -0.001 -22"><span class='ocrx_word' id='word_1_37' title='bbox 377 780 809 850; x_wconf 75' lang='grc' dir='ltr'>ἀντισυνὰγοντας</span> <span class='ocrx_word' id='word_1_38' title='bbox 832 775 1388 851; x_wconf 76' lang='grc' dir='ltr'>[ἀντισυναγαγόντας]</span> <span class='ocrx_word' id='word_1_39' title='bbox 1410 786 1516 838; x_wconf 85' lang='grc' dir='ltr'>τοῖς</span> <span class='ocrx_word' id='word_1_40' title='bbox 1546 785 1826 838; x_wconf 90' lang='grc' dir='ltr'>κανονικοῖς</span> <span class='ocrx_word' id='word_1_41' title='bbox 1851 780 1971 839; x_wconf 84' lang='grc' dir='ltr'>ήμῖν</span> 
     </span>
    </p>
   </div>
   <div class='ocr_carea' id='block_1_7' title="bbox 376 866 1969 933">
    <p class='ocr_par' dir='ltr' id='par_1_7' title="bbox 376 866 1969 933">
     <span class='ocr_line' id='line_1_7' title="bbox 376 866 1969 933; baseline 0.001 -12"><span class='ocrx_word' id='word_1_42' title='bbox 376 869 692 928; x_wconf 75' lang='grc' dir='ltr'>ἐπισκόποις.</span> <span class='ocrx_word' id='word_1_43' title='bbox 740 866 954 923; x_wconf 82' lang='grc' dir='ltr'>Ἐπειτα</span> <span class='ocrx_word' id='word_1_44' title='bbox 979 868 1033 924; x_wconf 79' lang='grc' dir='ltr'>δέ</span> <span class='ocrx_word' id='word_1_45' title='bbox 1064 872 1150 924; x_wconf 84' lang='grc' dir='ltr'>καὶ</span> <span class='ocrx_word' id='word_1_46' title='bbox 1176 868 1223 924; x_wconf 80' lang='grc' dir='ltr'><strong>εἴ</strong></span> <span class='ocrx_word' id='word_1_47' title='bbox 1256 891 1388 932; x_wconf 84' lang='grc' dir='ltr'>τινες</span> <span class='ocrx_word' id='word_1_48' title='bbox 1414 878 1513 925; x_wconf 84' lang='grc' dir='ltr'><strong>τῶν</strong></span> <span class='ocrx_word' id='word_1_49' title='bbox 1539 872 1638 924; x_wconf 82' lang='grc' dir='ltr'>ἀπὸ</span> <span class='ocrx_word' id='word_1_50' title='bbox 1674 879 1766 933; x_wconf 67' lang='grc' dir='ltr'><strong>τῆς</strong></span> <span class='ocrx_word' id='word_1_51' title='bbox 1795 870 1969 928; x_wconf 77' lang='grc' dir='ltr'>ἐκκληο</span> 
     </span>
    </p>
   </div>
   <div class='ocr_carea' id='block_1_8' title="bbox 378 957 1974 1036">
    <p class='ocr_par' dir='ltr' id='par_1_8' title="bbox 378 957 1974 1036">
     <span class='ocr_line' id='line_1_8' title="bbox 378 957 1974 1036; baseline 0.001 -22"><span class='ocrx_word' id='word_1_52' title='bbox 378 962 497 1019; x_wconf 83' lang='grc' dir='ltr'>σίας</span> <span class='ocrx_word' id='word_1_53' title='bbox 525 962 607 1013; x_wconf 76' lang='grc' dir='ltr'>ἐπὶ</span> <span class='ocrx_word' id='word_1_54' title='bbox 636 963 826 1020; x_wconf 79' lang='grc' dir='ltr'><strong>αἰτίαις</strong></span> <span class='ocrx_word' id='word_1_55' title='bbox 855 965 960 1016; x_wconf 84' lang='grc' dir='ltr'>τισί</span> <span class='ocrx_word' id='word_1_56' title='bbox 997 965 1505 1036; x_wconf 56' lang='grc' dir='ltr'>προκατεγνωσμόνοι</span> <span class='ocrx_word' id='word_1_57' title='bbox 1536 957 1631 1018; x_wconf 80' lang='grc' dir='ltr'>εἷεν</span> <span class='ocrx_word' id='word_1_58' title='bbox 1656 967 1740 1018; x_wconf 83' lang='grc' dir='ltr'><strong>καί</strong></span> <span class='ocrx_word' id='word_1_59' title='bbox 1779 962 1974 1017; x_wconf 73' lang='grc' dir='ltr'>ἀποϐε-</span> 
     </span>
    </p>
   </div>
   <div class='ocr_carea' id='block_1_9' title="bbox 382 1047 1972 1126">
    <p class='ocr_par' dir='ltr' id='par_1_9' title="bbox 382 1047 1972 1126">
     <span class='ocr_line' id='line_1_9' title="bbox 382 1047 1972 1126; baseline 0.003 -26"><span class='ocrx_word' id='word_1_60' title='bbox 382 1049 633 1120; x_wconf 64' lang='grc' dir='ltr'>ϐλημένοι,</span> <span class='ocrx_word' id='word_1_61' title='bbox 652 1047 681 1107; x_wconf 77' lang='grc' dir='ltr'><strong>ἦ</strong></span> <span class='ocrx_word' id='word_1_62' title='bbox 705 1050 1050 1115; x_wconf 78' lang='grc' dir='ltr'>ἀκοινώνητοι,</span> <span class='ocrx_word' id='word_1_63' title='bbox 1073 1048 1171 1106; x_wconf 81' lang='grc' dir='ltr'>εἴτε</span> <span class='ocrx_word' id='word_1_64' title='bbox 1199 1053 1301 1106; x_wconf 84' lang='grc' dir='ltr'>ἀπὸ</span> <span class='ocrx_word' id='word_1_65' title='bbox 1324 1052 1527 1126; x_wconf 75' lang='grc' dir='ltr'>κλήρου,</span> <span class='ocrx_word' id='word_1_66' title='bbox 1553 1050 1651 1108; x_wconf 74' lang='grc' dir='ltr'>εἴτε</span> <span class='ocrx_word' id='word_1_67' title='bbox 1673 1053 1774 1106; x_wconf 75' lang='grc' dir='ltr'><strong>ἀπὸ</strong></span> <span class='ocrx_word' id='word_1_68' title='bbox 1792 1052 1972 1106; x_wconf 80' lang='grc' dir='ltr'>λαζκοῦ</span> 
     </span>
    </p>
   </div>
   <div class='ocr_carea' id='block_1_10' title="bbox 381 1144 1970 1223">
    <p class='ocr_par' dir='ltr' id='par_1_10' title="bbox 381 1144 1970 1223">
     <span class='ocr_line' id='line_1_10' title="bbox 381 1144 1970 1223; baseline -0.001 -23"><span class='ocrx_word' id='word_1_69' title='bbox 381 1147 673 1217; x_wconf 76' lang='grc' dir='ltr'>τάγματος,</span> <span class='ocrx_word' id='word_1_70' title='bbox 704 1144 828 1218; x_wconf 80' lang='grc' dir='ltr'><strong>μηδέ</strong></span> <span class='ocrx_word' id='word_1_71' title='bbox 872 1148 1077 1207; x_wconf 79' lang='grc' dir='ltr'>τούτοις</span> <span class='ocrx_word' id='word_1_72' title='bbox 1125 1148 1306 1211; x_wconf 72' lang='grc' dir='ltr'>ἓξεῖναι</span> <span class='ocrx_word' id='word_1_73' title='bbox 1348 1155 1640 1223; x_wconf 71' lang='grc' dir='ltr'><strong>κατηγορεῖν</strong></span> <span class='ocrx_word' id='word_1_74' title='bbox 1671 1146 1970 1213; x_wconf 79' lang='grc' dir='ltr'><strong>ἐπισκόπου,</strong></span> 
     </span>
    </p>
   </div>
   <div class='ocr_carea' id='block_1_11' title="bbox 386 1232 1972 1312">
    <p class='ocr_par' dir='ltr' id='par_1_11' title="bbox 386 1232 1972 1312">
     <span class='ocr_line' id='line_1_11' title="bbox 386 1232 1972 1312; baseline 0.001 -23"><span class='ocrx_word' id='word_1_75' title='bbox 386 1240 504 1307; x_wconf 81' lang='grc' dir='ltr'>πρὶν</span> <span class='ocrx_word' id='word_1_76' title='bbox 556 1232 615 1290; x_wconf 75' lang='grc' dir='ltr'><strong>ἂν</strong></span> <span class='ocrx_word' id='word_1_77' title='bbox 664 1240 725 1292; x_wconf 79' lang='grc' dir='ltr'>τὸ</span> <span class='ocrx_word' id='word_1_78' title='bbox 776 1239 953 1292; x_wconf 67' lang='grc' dir='ltr'>οἰκεῖον</span> <span class='ocrx_word' id='word_1_79' title='bbox 1005 1236 1230 1311; x_wconf 71' lang='grc' dir='ltr'>ἔγκλημα</span> <span class='ocrx_word' id='word_1_80' title='bbox 1279 1239 1530 1312; x_wconf 83' lang='grc' dir='ltr'>πρότερον</span> <span class='ocrx_word' id='word_1_81' title='bbox 1586 1236 1972 1293; x_wconf 85' lang='grc' dir='ltr'>ἀποδύσωνται.</span> 
     </span>
    </p>
   </div>
   <div class='ocr_carea' id='block_1_12' title="bbox 388 1329 1974 1409">
    <p class='ocr_par' dir='ltr' id='par_1_12' title="bbox 388 1329 1974 1409">
     <span class='ocr_line' id='line_1_12' title="bbox 388 1329 1974 1409; baseline 0.006 -25"><span class='ocrx_word' id='word_1_82' title='bbox 388 1334 599 1403; x_wconf 86' lang='grc' dir='ltr'>Ὁμοίως</span> <span class='ocrx_word' id='word_1_83' title='bbox 627 1329 681 1385; x_wconf 72' lang='grc' dir='ltr'><strong>δέ</strong></span> <span class='ocrx_word' id='word_1_84' title='bbox 710 1334 793 1384; x_wconf 82' lang='grc' dir='ltr'><strong>καί</strong></span> <span class='ocrx_word' id='word_1_85' title='bbox 815 1334 936 1391; x_wconf 86' lang='grc' dir='ltr'>τούς</span> <span class='ocrx_word' id='word_1_86' title='bbox 960 1333 1060 1386; x_wconf 82' lang='grc' dir='ltr'>ύπὸ</span> <span class='ocrx_word' id='word_1_87' title='bbox 1082 1337 1386 1409; x_wconf 74' lang='grc' dir='ltr'><strong>κατηγορίαν</strong></span> <span class='ocrx_word' id='word_1_88' title='bbox 1410 1334 1773 1408; x_wconf 76' lang='grc' dir='ltr'>προλαϐοῦσαν</span> <span class='ocrx_word' id='word_1_89' title='bbox 1801 1330 1974 1396; x_wconf 67' lang='grc' dir='ltr'>ὄντας,</span> 
     </span>
    </p>
   </div>
   <div class='ocr_carea' id='block_1_13' title="bbox 386 1418 1977 1503">
    <p class='ocr_par' dir='ltr' id='par_1_13' title="bbox 386 1418 1977 1503">
     <span class='ocr_line' id='line_1_13' title="bbox 386 1418 1977 1503; baseline 0.003 -29"><span class='ocrx_word' id='word_1_90' title='bbox 386 1427 457 1493; x_wconf 78' lang='grc' dir='ltr'><strong>μή</strong></span> <span class='ocrx_word' id='word_1_91' title='bbox 496 1419 747 1498; x_wconf 76' lang='grc' dir='ltr'>πρότερον</span> <span class='ocrx_word' id='word_1_92' title='bbox 787 1418 914 1480; x_wconf 73' lang='grc' dir='ltr'>εἶναι</span> <span class='ocrx_word' id='word_1_93' title='bbox 959 1421 1165 1485; x_wconf 87' lang='grc' dir='ltr'>δεκτούς</span> <span class='ocrx_word' id='word_1_94' title='bbox 1194 1429 1265 1486; x_wconf 88' lang='grc' dir='ltr'>εἰς</span> <span class='ocrx_word' id='word_1_95' title='bbox 1306 1427 1591 1481; x_wconf 76' lang='grc' dir='ltr'><strong>ἐπισκόπου</strong></span> <span class='ocrx_word' id='word_1_96' title='bbox 1618 1430 1922 1503; x_wconf 76' lang='grc' dir='ltr'>κατηγορίαν</span> <span class='ocrx_word' id='word_1_97' title='bbox 1947 1426 1977 1485; x_wconf 77' lang='grc' dir='ltr'><strong><em>ἦ</em></strong></span> 
     </span>
    </p>
   </div>
   <div class='ocr_carea' id='block_1_14' title="bbox 388 1511 1979 1591">
    <p class='ocr_par' dir='ltr' id='par_1_14' title="bbox 388 1511 1979 1591">
     <span class='ocr_line' id='line_1_14' title="bbox 388 1511 1979 1591; baseline 0.003 -24"><span class='ocrx_word' id='word_1_98' title='bbox 388 1512 574 1588; x_wconf 70' lang='grc' dir='ltr'>ἐτέρων</span> <span class='ocrx_word' id='word_1_99' title='bbox 600 1515 858 1591; x_wconf 82' lang='grc' dir='ltr'>κληρικῶν,</span> <span class='ocrx_word' id='word_1_100' title='bbox 891 1518 1011 1588; x_wconf 83' lang='grc' dir='ltr'>πρὶν</span> <span class='ocrx_word' id='word_1_101' title='bbox 1041 1511 1106 1569; x_wconf 83' lang='grc' dir='ltr'><strong>ἀν</strong></span> <span class='ocrx_word' id='word_1_102' title='bbox 1136 1518 1331 1575; x_wconf 78' lang='grc' dir='ltr'>ἀθώους</span> <span class='ocrx_word' id='word_1_103' title='bbox 1357 1517 1577 1579; x_wconf 80' lang='grc' dir='ltr'>ἑαυτούς</span> <span class='ocrx_word' id='word_1_104' title='bbox 1601 1525 1700 1573; x_wconf 86' lang='grc' dir='ltr'>τῶν</span> <span class='ocrx_word' id='word_1_105' title='bbox 1730 1518 1979 1588; x_wconf 74' lang='grc' dir='ltr'>ἐπαχθένο</span> 
     </span>
    </p>
   </div>
   <div class='ocr_carea' id='block_1_15' title="bbox 387 1605 1982 1682">
    <p class='ocr_par' dir='ltr' id='par_1_15' title="bbox 387 1605 1982 1682">
     <span class='ocr_line' id='line_1_15' title="bbox 387 1605 1982 1682; baseline 0.002 -22"><span class='ocrx_word' id='word_1_106' title='bbox 387 1628 490 1661; x_wconf 83' lang='grc' dir='ltr'><strong>των</strong></span> <span class='ocrx_word' id='word_1_107' title='bbox 534 1607 707 1666; x_wconf 76' lang='grc' dir='ltr'>αὐτοῖς</span> <span class='ocrx_word' id='word_1_108' title='bbox 748 1605 1078 1671; x_wconf 78' lang='grc' dir='ltr'><strong>ἀποδείξωσιν</strong></span> <span class='ocrx_word' id='word_1_109' title='bbox 1122 1609 1452 1682; x_wconf 66' lang='grc' dir='ltr'>ἐγκλημάτων.</span> <span class='ocrx_word' id='word_1_110' title='bbox 1500 1613 1558 1667; x_wconf 81' lang='grc' dir='ltr'><strong>Εἰ</strong></span> <span class='ocrx_word' id='word_1_111' title='bbox 1594 1610 1683 1679; x_wconf 73' lang='grc' dir='ltr'>μέν</span> <span class='ocrx_word' id='word_1_112' title='bbox 1729 1609 1809 1662; x_wconf 87' lang='grc' dir='ltr'><strong>τοί</strong></span> <span class='ocrx_word' id='word_1_113' title='bbox 1854 1629 1982 1668; x_wconf 81' lang='grc' dir='ltr'>τινες</span> 
     </span>
    </p>
   </div>
   <div class='ocr_carea' id='block_1_16' title="bbox 394 1696 1985 1774">
    <p class='ocr_par' dir='ltr' id='par_1_16' title="bbox 394 1696 1985 1774">
     <span class='ocr_line' id='line_1_16' title="bbox 394 1696 1985 1774; baseline 0.002 -24"><span class='ocrx_word' id='word_1_114' title='bbox 394 1702 520 1768; x_wconf 81' lang='grc' dir='ltr'>μήτε</span> <span class='ocrx_word' id='word_1_115' title='bbox 550 1697 815 1769; x_wconf 72' lang='grc' dir='ltr'>αἵρετικοί,</span> <span class='ocrx_word' id='word_1_116' title='bbox 846 1703 973 1769; x_wconf 77' lang='grc' dir='ltr'>μήτε</span> <span class='ocrx_word' id='word_1_117' title='bbox 1004 1699 1327 1757; x_wconf 82' lang='grc' dir='ltr'>ἀκοινώνητοι</span> <span class='ocrx_word' id='word_1_118' title='bbox 1352 1696 1468 1758; x_wconf 75' lang='grc' dir='ltr'>εἷεν.</span> <span class='ocrx_word' id='word_1_119' title='bbox 1486 1704 1611 1774; x_wconf 83' lang='grc' dir='ltr'>μήτε</span> <span class='ocrx_word' id='word_1_120' title='bbox 1643 1700 1985 1774; x_wconf 79' lang='grc' dir='ltr'>κατεγνωσμέ-</span> 
     </span>
    </p>
   </div>
   <div class='ocr_carea' id='block_1_17' title="bbox 391 1784 1985 1861">
    <p class='ocr_par' dir='ltr' id='par_1_17' title="bbox 391 1784 1985 1861">
     <span class='ocr_line' id='line_1_17' title="bbox 391 1784 1985 1861; baseline 0.002 -24"><span class='ocrx_word' id='word_1_121' title='bbox 391 1806 469 1838; x_wconf 88' lang='grc' dir='ltr'><strong>νοι</strong></span> <span class='ocrx_word' id='word_1_122' title='bbox 494 1784 523 1844; x_wconf 80' lang='grc' dir='ltr'><strong>ή</strong></span> <span class='ocrx_word' id='word_1_123' title='bbox 544 1789 1043 1861; x_wconf 81' lang='grc' dir='ltr'>προκατηγορημένοι</span> <span class='ocrx_word' id='word_1_124' title='bbox 1089 1788 1172 1842; x_wconf 80' lang='grc' dir='ltr'><strong>ἐπί</strong></span> <span class='ocrx_word' id='word_1_125' title='bbox 1200 1810 1309 1842; x_wconf 91' lang='grc' dir='ltr'>τισι</span> <span class='ocrx_word' id='word_1_126' title='bbox 1336 1788 1735 1859; x_wconf 82' lang='grc' dir='ltr'>πλημμελήμασι</span> <span class='ocrx_word' id='word_1_127' title='bbox 1754 1827 1768 1851; x_wconf 96' lang='grc'><strong>,</strong></span> <span class='ocrx_word' id='word_1_128' title='bbox 1799 1788 1985 1859; x_wconf 64' lang='grc' dir='ltr'>λέγοέν</span> 
     </span>
    </p>
   </div>
   <div class='ocr_carea' id='block_1_18' title="bbox 2072 598 3669 667">
    <p class='ocr_par' dir='ltr' id='par_1_18' title="bbox 2072 598 3669 667">
     <span class='ocr_line' id='line_1_18' title="bbox 2072 598 3669 667; baseline 0.004 -17"><span class='ocrx_word' id='word_1_129' title='bbox 2072 598 2207 652; x_wconf 80' lang='lat' dir='ltr'><strong>litori</strong></span> <span class='ocrx_word' id='word_1_130' title='bbox 2232 599 2504 664; x_wconf 85' lang='lat' dir='ltr'><strong>simulant,</strong></span> <span class='ocrx_word' id='word_1_131' title='bbox 2529 611 2949 667; x_wconf 82' lang='lat' dir='ltr'><strong>segregaverunt</strong></span> <span class='ocrx_word' id='word_1_132' title='bbox 2967 610 3143 655; x_wconf 89' lang='lat' dir='ltr'><strong>autem</strong></span> <span class='ocrx_word' id='word_1_133' title='bbox 3168 616 3306 665; x_wconf 89' lang='lat' dir='ltr'><strong>sese,</strong></span> <span class='ocrx_word' id='word_1_134' title='bbox 3328 610 3386 657; x_wconf 82' lang='lat' dir='ltr'><strong>et</strong></span> <span class='ocrx_word' id='word_1_135' title='bbox 3406 602 3669 657; x_wconf 73' lang='lat' dir='ltr'><strong>adversus</strong></span> 
     </span>
    </p>
   </div>
   <div class='ocr_carea' id='block_1_19' title="bbox 2072 692 3664 762">
    <p class='ocr_par' dir='ltr' id='par_1_19' title="bbox 2072 692 3664 762">
     <span class='ocr_line' id='line_1_19' title="bbox 2072 692 3664 762; baseline 0.002 -17"><span class='ocrx_word' id='word_1_136' title='bbox 2072 692 2363 746; x_wconf 74' lang='lat' dir='ltr'><strong>canonicos</strong></span> <span class='ocrx_word' id='word_1_137' title='bbox 2383 701 2599 747; x_wconf 88' lang='lat' dir='ltr'><strong>nostros</strong></span> <span class='ocrx_word' id='word_1_138' title='bbox 2630 692 2913 762; x_wconf 81' lang='lat' dir='ltr'><strong>episcopos</strong></span> <span class='ocrx_word' id='word_1_139' title='bbox 2935 693 3408 760; x_wconf 75' lang='lat' dir='ltr'><strong>congregationem</strong></span> <span class='ocrx_word' id='word_1_140' title='bbox 3439 695 3664 749; x_wconf 87' lang='lat' dir='ltr'><strong>faciunt.</strong></span> 
     </span>
    </p>
   </div>
   <div class='ocr_carea' id='block_1_20' title="bbox 2074 781 3669 854">
    <p class='ocr_par' dir='ltr' id='par_1_20' title="bbox 2074 781 3669 854">
     <span class='ocr_line' id='line_1_20' title="bbox 2074 781 3669 854; baseline 0.003 -20"><span class='ocrx_word' id='word_1_141' title='bbox 2074 781 2276 837; x_wconf 89' lang='lat' dir='ltr'><strong>Deinde</strong></span> <span class='ocrx_word' id='word_1_142' title='bbox 2307 797 2433 838; x_wconf 87' lang='lat' dir='ltr'><strong>vero</strong></span> <span class='ocrx_word' id='word_1_143' title='bbox 2455 783 2616 837; x_wconf 89' lang='lat' dir='ltr'><strong>etiam</strong></span> <span class='ocrx_word' id='word_1_144' title='bbox 2658 783 2703 838; x_wconf 89' lang='lat' dir='ltr'><strong>si</strong></span> <span class='ocrx_word' id='word_1_145' title='bbox 2726 784 2815 854; x_wconf 89' lang='lat' dir='ltr'><strong>qui</strong></span> <span class='ocrx_word' id='word_1_146' title='bbox 2839 785 2906 838; x_wconf 89' lang='lat' dir='ltr'><strong>ab</strong></span> <span class='ocrx_word' id='word_1_147' title='bbox 2933 783 3171 839; x_wconf 85' lang='lat' dir='ltr'><strong>Ecclesia</strong></span> <span class='ocrx_word' id='word_1_148' title='bbox 3202 785 3272 839; x_wconf 88' lang='lat' dir='ltr'><strong>ob</strong></span> <span class='ocrx_word' id='word_1_149' title='bbox 3301 784 3507 853; x_wconf 86' lang='lat' dir='ltr'><strong>aliquas</strong></span> <span class='ocrx_word' id='word_1_150' title='bbox 3530 801 3669 839; x_wconf 79' lang='lat' dir='ltr'><strong>cau-</strong></span> 
     </span>
    </p>
   </div>
   <div class='ocr_carea' id='block_1_21' title="bbox 2074 875 3672 945">
    <p class='ocr_par' dir='ltr' id='par_1_21' title="bbox 2074 875 3672 945">
     <span class='ocr_line' id='line_1_21' title="bbox 2074 875 3672 945; baseline 0.003 -16"><span class='ocrx_word' id='word_1_151' title='bbox 2074 889 2162 930; x_wconf 86' lang='lat' dir='ltr'><strong>sas</strong></span> <span class='ocrx_word' id='word_1_152' title='bbox 2190 882 2315 929; x_wconf 90' lang='lat' dir='ltr'><strong>ante</strong></span> <span class='ocrx_word' id='word_1_153' title='bbox 2362 875 2722 938; x_wconf 85' lang='lat' dir='ltr'><strong>condemnati,</strong></span> <span class='ocrx_word' id='word_1_154' title='bbox 2756 886 2811 931; x_wconf 90' lang='lat' dir='ltr'><strong>et</strong></span> <span class='ocrx_word' id='word_1_155' title='bbox 2851 877 3028 945; x_wconf 84' lang='lat' dir='ltr'><strong>ejecti,</strong></span> <span class='ocrx_word' id='word_1_156' title='bbox 3078 878 3164 932; x_wconf 83' lang='lat' dir='ltr'><strong>vel</strong></span> <span class='ocrx_word' id='word_1_157' title='bbox 3213 877 3672 933; x_wconf 77' lang='lat' dir='ltr'><strong>excommunicati</strong></span> 
     </span>
    </p>
   </div>
   <div class='ocr_carea' id='block_1_22' title="bbox 2075 964 3671 1036">
    <p class='ocr_par' dir='ltr' id='par_1_22' title="bbox 2075 964 3671 1036">
     <span class='ocr_line' id='line_1_22' title="bbox 2075 964 3671 1036; baseline 0.001 -18"><span class='ocrx_word' id='word_1_158' title='bbox 2075 964 2290 1029; x_wconf 78' lang='lat' dir='ltr'><strong>fuerint,</strong></span> <span class='ocrx_word' id='word_1_159' title='bbox 2315 967 2428 1021; x_wconf 89' lang='lat' dir='ltr'><strong>sive</strong></span> <span class='ocrx_word' id='word_1_160' title='bbox 2458 964 2658 1033; x_wconf 73' lang='lat' dir='ltr'><strong>clerici,</strong></span> <span class='ocrx_word' id='word_1_161' title='bbox 2686 968 2797 1021; x_wconf 85' lang='lat' dir='ltr'><strong>sive</strong></span> <span class='ocrx_word' id='word_1_162' title='bbox 2828 966 2948 1021; x_wconf 85' lang='lat' dir='ltr'><strong>laici</strong></span> <span class='ocrx_word' id='word_1_163' title='bbox 2973 967 3174 1021; x_wconf 86' lang='lat' dir='ltr'><strong>ordinis</strong></span> <span class='ocrx_word' id='word_1_164' title='bbox 3202 967 3329 1033; x_wconf 88' lang='lat' dir='ltr'><strong>sint,</strong></span> <span class='ocrx_word' id='word_1_165' title='bbox 3363 982 3431 1021; x_wconf 92' lang='lat' dir='ltr'><strong>ne</strong></span> <span class='ocrx_word' id='word_1_166' title='bbox 3458 966 3671 1036; x_wconf 82' lang='lat' dir='ltr'><strong>bisqui-</strong></span> 
     </span>
    </p>
   </div>
   <div class='ocr_carea' id='block_1_23' title="bbox 2075 1058 3673 1131">
    <p class='ocr_par' dir='ltr' id='par_1_23' title="bbox 2075 1058 3673 1131">
     <span class='ocr_line' id='line_1_23' title="bbox 2075 1058 3673 1131; baseline -0.003 -17"><span class='ocrx_word' id='word_1_167' title='bbox 2075 1058 2196 1114; x_wconf 91' lang='lat' dir='ltr'><strong>dem</strong></span> <span class='ocrx_word' id='word_1_168' title='bbox 2221 1059 2378 1115; x_wconf 90' lang='lat' dir='ltr'><strong>liceat</strong></span> <span class='ocrx_word' id='word_1_169' title='bbox 2395 1075 2654 1116; x_wconf 82' lang='lat' dir='ltr'><strong>accusare</strong></span> <span class='ocrx_word' id='word_1_170' title='bbox 2675 1061 3006 1131; x_wconf 80' lang='lat' dir='ltr'><strong>episcopum,</strong></span> <span class='ocrx_word' id='word_1_171' title='bbox 3024 1062 3333 1131; x_wconf 80' lang='lat' dir='ltr'><strong>priusquam</strong></span> <span class='ocrx_word' id='word_1_172' title='bbox 3359 1061 3425 1113; x_wconf 87' lang='lat' dir='ltr'><strong>de</strong></span> <span class='ocrx_word' id='word_1_173' title='bbox 3447 1060 3673 1130; x_wconf 85' lang='lat' dir='ltr'><strong>proprio</strong></span> 
     </span>
    </p>
   </div>
   <div class='ocr_carea' id='block_1_24' title="bbox 2076 1149 3675 1219">
    <p class='ocr_par' dir='ltr' id='par_1_24' title="bbox 2076 1149 3675 1219">
     <span class='ocr_line' id='line_1_24' title="bbox 2076 1149 3675 1219; baseline -0.004 -13"><span class='ocrx_word' id='word_1_174' title='bbox 2076 1151 2297 1206; x_wconf 89' lang='lat' dir='ltr'><strong>crimine</strong></span> <span class='ocrx_word' id='word_1_175' title='bbox 2332 1149 2706 1206; x_wconf 84' lang='lat' dir='ltr'><strong>satisfecerint.</strong></span> <span class='ocrx_word' id='word_1_176' title='bbox 2739 1151 2994 1206; x_wconf 77' lang='lat' dir='ltr'><strong>Similiter</strong></span> <span class='ocrx_word' id='word_1_177' title='bbox 3021 1162 3199 1207; x_wconf 85' lang='lat' dir='ltr'><strong>autem</strong></span> <span class='ocrx_word' id='word_1_178' title='bbox 3240 1161 3295 1205; x_wconf 86' lang='lat' dir='ltr'><strong>et</strong></span> <span class='ocrx_word' id='word_1_179' title='bbox 3323 1152 3353 1205; x_wconf 91' lang='lat' dir='ltr'><strong>ii</strong></span> <span class='ocrx_word' id='word_1_180' title='bbox 3381 1152 3470 1219; x_wconf 88' lang='lat' dir='ltr'><strong>qui</strong></span> <span class='ocrx_word' id='word_1_181' title='bbox 3509 1166 3675 1206; x_wconf 78' lang='lat' dir='ltr'><strong>accu.</strong></span> 
     </span>
    </p>
   </div>
   <div class='ocr_carea' id='block_1_25' title="bbox 2077 1240 3671 1311">
    <p class='ocr_par' dir='ltr' id='par_1_25' title="bbox 2077 1240 3671 1311">
     <span class='ocr_line' id='line_1_25' title="bbox 2077 1240 3671 1311; baseline -0.003 -15"><span class='ocrx_word' id='word_1_182' title='bbox 2077 1241 2178 1296; x_wconf 89' lang='lat' dir='ltr'><strong>sati</strong></span> <span class='ocrx_word' id='word_1_183' title='bbox 2215 1249 2360 1306; x_wconf 88' lang='lat' dir='ltr'><strong>sunt,</strong></span> <span class='ocrx_word' id='word_1_184' title='bbox 2392 1257 2459 1296; x_wconf 89' lang='lat' dir='ltr'><strong>ne</strong></span> <span class='ocrx_word' id='word_1_185' title='bbox 2488 1242 2635 1311; x_wconf 91' lang='lat' dir='ltr'><strong>prius</strong></span> <span class='ocrx_word' id='word_1_186' title='bbox 2661 1240 2725 1294; x_wconf 89' lang='lat' dir='ltr'><strong>ad</strong></span> <span class='ocrx_word' id='word_1_187' title='bbox 2754 1241 2990 1311; x_wconf 78' lang='lat' dir='ltr'><strong>episcopi</strong></span> <span class='ocrx_word' id='word_1_188' title='bbox 3018 1241 3317 1296; x_wconf 84' lang='lat' dir='ltr'><strong>aliorumve</strong></span> <span class='ocrx_word' id='word_1_189' title='bbox 3346 1240 3671 1295; x_wconf 77' lang='lat' dir='ltr'><strong>clericorum</strong></span> 
     </span>
    </p>
   </div>
   <div class='ocr_carea' id='block_1_26' title="bbox 2080 1327 3675 1400">
    <p class='ocr_par' dir='ltr' id='par_1_26' title="bbox 2080 1327 3675 1400">
     <span class='ocr_line' id='line_1_26' title="bbox 2080 1327 3675 1400; baseline -0.003 -13"><span class='ocrx_word' id='word_1_190' title='bbox 2080 1332 2474 1395; x_wconf 84' lang='lat' dir='ltr'><strong>accusationem</strong></span> <span class='ocrx_word' id='word_1_191' title='bbox 2517 1330 2895 1395; x_wconf 85' lang='lat' dir='ltr'><strong>admittautur,</strong></span> <span class='ocrx_word' id='word_1_192' title='bbox 2925 1345 3175 1400; x_wconf 89' lang='lat' dir='ltr'><strong>quam-se</strong></span> <span class='ocrx_word' id='word_1_193' title='bbox 3206 1331 3538 1399; x_wconf 78' lang='lat' dir='ltr'><strong>obiectorum</strong></span> <span class='ocrx_word' id='word_1_194' title='bbox 3568 1327 3675 1383; x_wconf 84' lang='lat' dir='ltr'><strong>sibi</strong></span> 
     </span>
    </p>
   </div>
   <div class='ocr_carea' id='block_1_27' title="bbox 2080 1420 3679 1482">
    <p class='ocr_par' dir='ltr' id='par_1_27' title="bbox 2080 1420 3679 1482">
     <span class='ocr_line' id='line_1_27' title="bbox 2080 1420 3679 1482; baseline -0.004 0"><span class='ocrx_word' id='word_1_195' title='bbox 2080 1423 2361 1482; x_wconf 83' lang='lat' dir='ltr'><strong>Criminum</strong></span> <span class='ocrx_word' id='word_1_196' title='bbox 2394 1423 2634 1478; x_wconf 76' lang='lat' dir='ltr'><strong>insontes</strong></span> <span class='ocrx_word' id='word_1_197' title='bbox 2664 1422 3015 1477; x_wconf 87' lang='lat' dir='ltr'><strong>ostenderint.</strong></span> <span class='ocrx_word' id='word_1_198' title='bbox 3047 1420 3102 1476; x_wconf 89' lang='lat' dir='ltr'><strong>Si</strong></span> <span class='ocrx_word' id='word_1_199' title='bbox 3130 1438 3262 1476; x_wconf 87' lang='lat' dir='ltr'><strong>vero</strong></span> <span class='ocrx_word' id='word_1_200' title='bbox 3292 1420 3533 1475; x_wconf 80' lang='lat' dir='ltr'><strong>noonulli</strong></span> <span class='ocrx_word' id='word_1_201' title='bbox 3570 1434 3679 1475; x_wconf 84' lang='lat' dir='ltr'><strong>nec</strong></span> 
     </span>
    </p>
   </div>
   <div class='ocr_carea' id='block_1_28' title="bbox 2082 1511 3676 1581">
    <p class='ocr_par' dir='ltr' id='par_1_28' title="bbox 2082 1511 3676 1581">
     <span class='ocr_line' id='line_1_28' title="bbox 2082 1511 3676 1581; baseline -0.004 -12"><span class='ocrx_word' id='word_1_202' title='bbox 2082 1513 2318 1569; x_wconf 55' lang='lat' dir='ltr'><strong>haeretici</strong></span> <span class='ocrx_word' id='word_1_203' title='bbox 2343 1528 2443 1571; x_wconf 90' lang='lat' dir='ltr'><strong>nec</strong></span> <span class='ocrx_word' id='word_1_204' title='bbox 2464 1512 2913 1569; x_wconf 82' lang='lat' dir='ltr'><strong>excommunicati</strong></span> <span class='ocrx_word' id='word_1_205' title='bbox 2941 1511 3161 1579; x_wconf 84' lang='lat' dir='ltr'><strong>fuerint,</strong></span> <span class='ocrx_word' id='word_1_206' title='bbox 3204 1529 3303 1567; x_wconf 89' lang='lat' dir='ltr'><strong>nec</strong></span> <span class='ocrx_word' id='word_1_207' title='bbox 3337 1514 3484 1581; x_wconf 82' lang='lat' dir='ltr'><strong>prius</strong></span> <span class='ocrx_word' id='word_1_208' title='bbox 3513 1511 3676 1565; x_wconf 87' lang='lat' dir='ltr'><strong>dam-</strong></span> 
     </span>
    </p>
   </div>
   <div class='ocr_carea' id='block_1_29' title="bbox 2084 1601 3677 1673">
    <p class='ocr_par' dir='ltr' id='par_1_29' title="bbox 2084 1601 3677 1673">
     <span class='ocr_line' id='line_1_29' title="bbox 2084 1601 3677 1673; baseline -0.004 -13"><span class='ocrx_word' id='word_1_209' title='bbox 2084 1606 2193 1660; x_wconf 88' lang='lat' dir='ltr'><strong>nati</strong></span> <span class='ocrx_word' id='word_1_210' title='bbox 2220 1604 2304 1660; x_wconf 88' lang='lat' dir='ltr'><strong>vel</strong></span> <span class='ocrx_word' id='word_1_211' title='bbox 2334 1604 2635 1673; x_wconf 68' lang='lat' dir='ltr'><strong>aliquorum</strong></span> <span class='ocrx_word' id='word_1_212' title='bbox 2664 1601 2945 1659; x_wconf 87' lang='lat' dir='ltr'><strong>criminum</strong></span> <span class='ocrx_word' id='word_1_213' title='bbox 2981 1602 3245 1668; x_wconf 81' lang='lat' dir='ltr'><strong>accusati,</strong></span> <span class='ocrx_word' id='word_1_214' title='bbox 3284 1602 3464 1657; x_wconf 87' lang='lat' dir='ltr'><strong>dicant</strong></span> <span class='ocrx_word' id='word_1_215' title='bbox 3490 1609 3677 1655; x_wconf 86' lang='lat' dir='ltr'><strong>autem</strong></span> 
     </span>
    </p>
   </div>
   <div class='ocr_carea' id='block_1_30' title="bbox 2084 1692 3679 1764">
    <p class='ocr_par' dir='ltr' id='par_1_30' title="bbox 2084 1692 3679 1764">
     <span class='ocr_line' id='line_1_30' title="bbox 2084 1692 3679 1764; baseline -0.004 -13"><span class='ocrx_word' id='word_1_216' title='bbox 2084 1712 2144 1751; x_wconf 89' lang='lat' dir='ltr'><strong>se</strong></span> <span class='ocrx_word' id='word_1_217' title='bbox 2188 1696 2388 1757; x_wconf 83' lang='lat' dir='ltr'><strong>habere</strong></span> <span class='ocrx_word' id='word_1_218' title='bbox 2427 1696 2660 1764; x_wconf 82' lang='lat' dir='ltr'><strong>aliquam</strong></span> <span class='ocrx_word' id='word_1_219' title='bbox 2699 1694 3118 1748; x_wconf 88' lang='lat' dir='ltr'><strong>ecclesiasticam</strong></span> <span class='ocrx_word' id='word_1_220' title='bbox 3166 1693 3422 1748; x_wconf 86' lang='lat' dir='ltr'><strong>adversus</strong></span> <span class='ocrx_word' id='word_1_221' title='bbox 3461 1692 3679 1762; x_wconf 79' lang='lat' dir='ltr'><strong>episco-</strong></span> 
     </span>
    </p>
   </div>
   <div class='ocr_carea' id='block_1_31' title="bbox 2087 1783 3681 1860">
    <p class='ocr_par' dir='ltr' id='par_1_31' title="bbox 2087 1783 3681 1860">
     <span class='ocr_line' id='line_1_31' title="bbox 2087 1783 3681 1860; baseline -0.004 -16"><span class='ocrx_word' id='word_1_222' title='bbox 2087 1806 2211 1860; x_wconf 88' lang='lat' dir='ltr'><strong>pum</strong></span> <span class='ocrx_word' id='word_1_223' title='bbox 2251 1788 2647 1844; x_wconf 88' lang='lat' dir='ltr'><strong>accusationem</strong></span> <span class='ocrx_word' id='word_1_224' title='bbox 2696 1803 2710 1839; x_wconf 86' lang='lat'><strong>:</strong></span> <span class='ocrx_word' id='word_1_225' title='bbox 2744 1786 2843 1841; x_wconf 85' lang='lat' dir='ltr'><strong>bos</strong></span> <span class='ocrx_word' id='word_1_226' title='bbox 2875 1786 3029 1855; x_wconf 87' lang='lat' dir='ltr'><strong>jubet</strong></span> <span class='ocrx_word' id='word_1_227' title='bbox 3071 1794 3257 1841; x_wconf 89' lang='lat' dir='ltr'><strong>sancta</strong></span> <span class='ocrx_word' id='word_1_228' title='bbox 3294 1785 3529 1857; x_wconf 84' lang='lat' dir='ltr'><strong>synodus</strong></span> <span class='ocrx_word' id='word_1_229' title='bbox 3568 1783 3681 1854; x_wconf 83' lang='lat' dir='ltr'><strong>pri-</strong></span> 
     </span>
    </p>
   </div>
   <div class='ocr_carea' id='block_1_32' title="bbox 394 1874 1993 1955">
    <p class='ocr_par' dir='ltr' id='par_1_32' title="bbox 394 1874 1986 1947">
     <span class='ocr_line' id='line_1_32' title="bbox 394 1874 1986 1947; baseline 0.003 -19"><span class='ocrx_word' id='word_1_230' title='bbox 394 1874 450 1928; x_wconf 65' lang='grc' dir='ltr'>ξι</span> <span class='ocrx_word' id='word_1_231' title='bbox 478 1874 511 1930; x_wconf 76' lang='grc' dir='ltr'><strong><em>ἒ</em></strong></span> <span class='ocrx_word' id='word_1_232' title='bbox 513 1894 629 1947; x_wconf 91' lang='grc' dir='ltr'>χειν</span> <span class='ocrx_word' id='word_1_233' title='bbox 658 1878 769 1930; x_wconf 88' lang='grc' dir='ltr'><strong>τινά</strong></span> <span class='ocrx_word' id='word_1_234' title='bbox 798 1877 1220 1936; x_wconf 79' lang='grc' dir='ltr'>ἐκκλησιαστικήν</span> <span class='ocrx_word' id='word_1_235' title='bbox 1248 1883 1380 1934; x_wconf 78' lang='grc' dir='ltr'>κατὰ</span> <span class='ocrx_word' id='word_1_236' title='bbox 1404 1883 1493 1931; x_wconf 83' lang='grc' dir='ltr'>τοῦ</span> <span class='ocrx_word' id='word_1_237' title='bbox 1524 1874 1809 1931; x_wconf 73' lang='grc' dir='ltr'><strong>ἐπισκόπου</strong></span> <span class='ocrx_word' id='word_1_238' title='bbox 1835 1898 1986 1933; x_wconf 73' lang='grc' dir='ltr'>κατη-</span> 
     </span>
    </p>
   </div>
   <div class='ocr_carea' id='block_1_33' title="bbox 2099 1874 3681 1955">
    <p class='ocr_par' dir='ltr' id='par_1_33' title="bbox 2099 1876 3681 1950">
     <span class='ocr_line' id='line_1_33' title="bbox 2099 1876 3681 1950; baseline -0.005 -15"><span class='ocrx_word' id='word_1_239' title='bbox 2099 1896 2234 1935; x_wconf 89' lang='lat' dir='ltr'><strong>mum</strong></span> <span class='ocrx_word' id='word_1_240' title='bbox 2260 1878 2476 1950; x_wconf 87' lang='lat' dir='ltr'><strong>quidem</strong></span> <span class='ocrx_word' id='word_1_241' title='bbox 2498 1878 2640 1949; x_wconf 90' lang='lat' dir='ltr'><strong>apud</strong></span> <span class='ocrx_word' id='word_1_242' title='bbox 2668 1893 2856 1933; x_wconf 87' lang='lat' dir='ltr'><strong>omnes</strong></span> <span class='ocrx_word' id='word_1_243' title='bbox 2894 1878 3039 1933; x_wconf 89' lang='lat' dir='ltr'><strong>illius</strong></span> <span class='ocrx_word' id='word_1_244' title='bbox 3073 1877 3363 1947; x_wconf 66' lang='lat' dir='ltr'><strong>provincia:</strong></span> <span class='ocrx_word' id='word_1_245' title='bbox 3392 1876 3681 1946; x_wconf 84' lang='lat' dir='ltr'><strong>episcopos</strong></span> 
     </span>
    </p>
   </div>
   <div class='ocr_carea' id='block_1_34' title="bbox 395 1966 1988 2047">
    <p class='ocr_par' dir='ltr' id='par_1_34' title="bbox 395 1966 1988 2047">
     <span class='ocr_line' id='line_1_34' title="bbox 395 1966 1988 2047; baseline 0.003 -27"><span class='ocrx_word' id='word_1_246' title='bbox 395 1970 590 2040; x_wconf 82' lang='grc' dir='ltr'>γορίαν·</span> <span class='ocrx_word' id='word_1_247' title='bbox 638 1969 855 2029; x_wconf 79' lang='grc' dir='ltr'>τούτους</span> <span class='ocrx_word' id='word_1_248' title='bbox 899 1968 1087 2022; x_wconf 75' lang='grc' dir='ltr'><strong>κελεύει</strong></span> <span class='ocrx_word' id='word_1_249' title='bbox 1109 1971 1139 2026; x_wconf 83' lang='grc' dir='ltr'><em>ἠ</em></span> <span class='ocrx_word' id='word_1_250' title='bbox 1162 1968 1283 2040; x_wconf 80' lang='grc' dir='ltr'>ἁγία</span> <span class='ocrx_word' id='word_1_251' title='bbox 1323 1966 1534 2029; x_wconf 82' lang='grc' dir='ltr'>σύνοδος</span> <span class='ocrx_word' id='word_1_252' title='bbox 1559 1976 1758 2047; x_wconf 81' lang='grc' dir='ltr'>πρῶτον</span> <span class='ocrx_word' id='word_1_253' title='bbox 1785 1972 1874 2034; x_wconf 78' lang='grc' dir='ltr'>μέν</span> <span class='ocrx_word' id='word_1_254' title='bbox 1903 1971 1988 2024; x_wconf 80' lang='grc' dir='ltr'><strong>ἐπί</strong></span> 
     </span>
    </p>
   </div>
   <div class='ocr_carea' id='block_1_35' title="bbox 398 2060 1987 2139">
    <p class='ocr_par' dir='ltr' id='par_1_35' title="bbox 398 2060 1987 2139">
     <span class='ocr_line' id='line_1_35' title="bbox 398 2060 1987 2139; baseline 0.001 -25"><span class='ocrx_word' id='word_1_255' title='bbox 398 2070 499 2114; x_wconf 75' lang='grc' dir='ltr'><strong>τῶν</strong></span> <span class='ocrx_word' id='word_1_256' title='bbox 534 2069 626 2120; x_wconf 67' lang='grc' dir='ltr'>τῆς</span> <span class='ocrx_word' id='word_1_257' title='bbox 673 2061 930 2139; x_wconf 76' lang='grc' dir='ltr'>ἐπαρχίας</span> <span class='ocrx_word' id='word_1_258' title='bbox 969 2062 1172 2116; x_wconf 78' lang='grc' dir='ltr'>πάντων</span> <span class='ocrx_word' id='word_1_259' title='bbox 1219 2060 1515 2117; x_wconf 72' lang='grc' dir='ltr'>ἐπισκόπων</span> <span class='ocrx_word' id='word_1_260' title='bbox 1566 2063 1858 2116; x_wconf 82' lang='grc' dir='ltr'>ἐνίστασθαι</span> <span class='ocrx_word' id='word_1_261' title='bbox 1894 2065 1987 2122; x_wconf 87' lang='grc' dir='ltr'><strong>τάς</strong></span> 
     </span>
    </p>
   </div>
   <div class='ocr_carea' id='block_1_36' title="bbox 396 2153 1987 2228">
    <p class='ocr_par' dir='ltr' id='par_1_36' title="bbox 396 2153 1987 2228">
     <span class='ocr_line' id='line_1_36' title="bbox 396 2153 1987 2228; baseline 0.001 -22"><span class='ocrx_word' id='word_1_262' title='bbox 396 2154 727 2228; x_wconf 67' lang='grc' dir='ltr'>κατηγορίας,</span> <span class='ocrx_word' id='word_1_263' title='bbox 756 2156 841 2207; x_wconf 83' lang='grc' dir='ltr'><strong>καί</strong></span> <span class='ocrx_word' id='word_1_264' title='bbox 888 2153 1150 2209; x_wconf 84' lang='grc' dir='ltr'>ἐπάύτῶν</span> <span class='ocrx_word' id='word_1_265' title='bbox 1188 2154 1417 2227; x_wconf 79' lang='grc' dir='ltr'>ἐλέγχειν</span> <span class='ocrx_word' id='word_1_266' title='bbox 1462 2155 1525 2210; x_wconf 86' lang='grc' dir='ltr'><strong>τά</strong></span> <span class='ocrx_word' id='word_1_267' title='bbox 1566 2155 1852 2228; x_wconf 79' lang='grc' dir='ltr'>ἐγκλήματα</span> <span class='ocrx_word' id='word_1_268' title='bbox 1895 2161 1987 2209; x_wconf 79' lang='grc' dir='ltr'>τοῦ</span> 
     </span>
    </p>
   </div>
   <div class='ocr_carea' id='block_1_37' title="bbox 397 2244 1989 2318">
    <p class='ocr_par' dir='ltr' id='par_1_37' title="bbox 397 2244 1989 2318">
     <span class='ocr_line' id='line_1_37' title="bbox 397 2244 1989 2318; baseline 0.002 -22"><span class='ocrx_word' id='word_1_269' title='bbox 397 2244 447 2297; x_wconf 79' lang='grc' dir='ltr'><strong>ἐν</strong></span> <span class='ocrx_word' id='word_1_270' title='bbox 491 2247 675 2304; x_wconf 75' lang='grc' dir='ltr'>αἰτίαις</span> <span class='ocrx_word' id='word_1_271' title='bbox 714 2247 846 2299; x_wconf 81' lang='grc' dir='ltr'>τισίν</span> <span class='ocrx_word' id='word_1_272' title='bbox 874 2245 1185 2300; x_wconf 72' lang='grc' dir='ltr'><strong>ἐπισκόπου.</strong></span> <span class='ocrx_word' id='word_1_273' title='bbox 1232 2248 1289 2299; x_wconf 83' lang='grc' dir='ltr'><strong>Εἰ</strong></span> <span class='ocrx_word' id='word_1_274' title='bbox 1318 2245 1371 2299; x_wconf 83' lang='grc' dir='ltr'>δὲ</span> <span class='ocrx_word' id='word_1_275' title='bbox 1401 2246 1633 2318; x_wconf 78' lang='grc' dir='ltr'>συμϐαίη</span> <span class='ocrx_word' id='word_1_276' title='bbox 1670 2245 1989 2306; x_wconf 81' lang='grc' dir='ltr'>ἀδυνατῆσαι</span> 
     </span>
    </p>
   </div>
   <div class='ocr_carea' id='block_1_38' title="bbox 396 2333 1990 2411">
    <p class='ocr_par' dir='ltr' id='par_1_38' title="bbox 396 2333 1990 2411">
     <span class='ocr_line' id='line_1_38' title="bbox 396 2333 1990 2411; baseline -0.001 -21"><span class='ocrx_word' id='word_1_277' title='bbox 396 2338 519 2395; x_wconf 65' lang='grc' dir='ltr'>τοὺς</span> <span class='ocrx_word' id='word_1_278' title='bbox 566 2337 912 2408; x_wconf 82' lang='grc' dir='ltr'>ἔπαρχιῶτας</span> <span class='ocrx_word' id='word_1_279' title='bbox 962 2333 1095 2410; x_wconf 61' lang='grc' dir='ltr'><strong>πίὸς</strong></span> <span class='ocrx_word' id='word_1_280' title='bbox 1154 2333 1426 2411; x_wconf 74' lang='grc' dir='ltr'>διόρθωσιν</span> <span class='ocrx_word' id='word_1_281' title='bbox 1471 2344 1572 2391; x_wconf 84' lang='grc' dir='ltr'><strong>τῶν</strong></span> <span class='ocrx_word' id='word_1_282' title='bbox 1629 2337 1990 2411; x_wconf 63' lang='grc' dir='ltr'><strong>ἐπιφερομένων</strong></span> 
     </span>
    </p>
   </div>
   <div class='ocr_carea' id='block_1_39' title="bbox 397 2429 1994 2506">
    <p class='ocr_par' dir='ltr' id='par_1_39' title="bbox 397 2429 1994 2506">
     <span class='ocr_line' id='line_1_39' title="bbox 397 2429 1994 2506; baseline 0.003 -25"><span class='ocrx_word' id='word_1_283' title='bbox 397 2430 721 2503; x_wconf 73' lang='grc' dir='ltr'>ἐγκλημάτων</span> <span class='ocrx_word' id='word_1_284' title='bbox 749 2436 823 2504; x_wconf 84' lang='grc' dir='ltr'>τῷ</span> <span class='ocrx_word' id='word_1_285' title='bbox 845 2429 1134 2500; x_wconf 77' lang='grc' dir='ltr'>ὶπισκόπῳ,</span> <span class='ocrx_word' id='word_1_286' title='bbox 1163 2429 1277 2485; x_wconf 84' lang='grc' dir='ltr'>τότε</span> <span class='ocrx_word' id='word_1_287' title='bbox 1306 2431 1489 2488; x_wconf 77' lang='grc' dir='ltr'>αὐτούς</span> <span class='ocrx_word' id='word_1_288' title='bbox 1514 2431 1781 2506; x_wconf 79' lang='grc' dir='ltr'>προσιέναι</span> <span class='ocrx_word' id='word_1_289' title='bbox 1805 2431 1994 2499; x_wconf 82' lang='grc' dir='ltr'>μείζονι</span> 
     </span>
    </p>
   </div>
   <div class='ocr_carea' id='block_1_40' title="bbox 402 2520 1995 2595">
    <p class='ocr_par' dir='ltr' id='par_1_40' title="bbox 402 2520 1995 2595">
     <span class='ocr_line' id='line_1_40' title="bbox 402 2520 1995 2595; baseline -0.001 -18"><span class='ocrx_word' id='word_1_290' title='bbox 402 2520 605 2593; x_wconf 75' lang='grc' dir='ltr'>συνόδῳ</span> <span class='ocrx_word' id='word_1_291' title='bbox 635 2530 735 2577; x_wconf 87' lang='grc' dir='ltr'><strong>τῶν</strong></span> <span class='ocrx_word' id='word_1_292' title='bbox 757 2530 845 2582; x_wconf 78' lang='grc' dir='ltr'>τῆς</span> <span class='ocrx_word' id='word_1_293' title='bbox 868 2520 1169 2582; x_wconf 79' lang='grc' dir='ltr'>διοικήσεως</span> <span class='ocrx_word' id='word_1_294' title='bbox 1196 2522 1492 2577; x_wconf 80' lang='grc' dir='ltr'>ἐπισκόπων</span> <span class='ocrx_word' id='word_1_295' title='bbox 1520 2523 1726 2582; x_wconf 73' lang='grc' dir='ltr'>ἐκείνης.</span> <span class='ocrx_word' id='word_1_296' title='bbox 1750 2523 1881 2595; x_wconf 80' lang='grc' dir='ltr'>ὑπὲρ</span> <span class='ocrx_word' id='word_1_297' title='bbox 1902 2528 1995 2580; x_wconf 76' lang='grc' dir='ltr'><strong>τῆς</strong></span> 
     </span>
    </p>
   </div>
   <div class='ocr_carea' id='block_1_41' title="bbox 398 2610 1993 2688">
    <p class='ocr_par' dir='ltr' id='par_1_41' title="bbox 398 2610 1993 2688">
     <span class='ocr_line' id='line_1_41' title="bbox 398 2610 1993 2688; baseline -0.002 -20"><span class='ocrx_word' id='word_1_298' title='bbox 398 2616 568 2672; x_wconf 79' lang='grc' dir='ltr'>αἰτίας</span> <span class='ocrx_word' id='word_1_299' title='bbox 588 2611 782 2674; x_wconf 80' lang='grc' dir='ltr'>ταύτης</span> <span class='ocrx_word' id='word_1_300' title='bbox 806 2615 1242 2687; x_wconf 77' lang='grc' dir='ltr'>συγκαλουμᾶνων,</span> <span class='ocrx_word' id='word_1_301' title='bbox 1273 2616 1356 2667; x_wconf 85' lang='grc' dir='ltr'><strong>καί</strong></span> <span class='ocrx_word' id='word_1_302' title='bbox 1382 2618 1451 2685; x_wconf 85' lang='grc' dir='ltr'><strong>μή</strong></span> <span class='ocrx_word' id='word_1_303' title='bbox 1479 2621 1683 2688; x_wconf 80' lang='grc' dir='ltr'>πρῶτον</span> <span class='ocrx_word' id='word_1_304' title='bbox 1706 2610 1993 2687; x_wconf 77' lang='grc' dir='ltr'>[πρότερονΙ</span> 
     </span>
    </p>
   </div>
   <div class='ocr_carea' id='block_1_42' title="bbox 399 2703 1996 2778">
    <p class='ocr_par' dir='ltr' id='par_1_42' title="bbox 399 2703 1996 2778">
     <span class='ocr_line' id='line_1_42' title="bbox 399 2703 1996 2778; baseline -0.001 -21"><span class='ocrx_word' id='word_1_305' title='bbox 399 2706 701 2760; x_wconf 71' lang='grc' dir='ltr'>ἐνίστασθαι</span> <span class='ocrx_word' id='word_1_306' title='bbox 730 2710 822 2764; x_wconf 80' lang='grc' dir='ltr'><strong>τήν</strong></span> <span class='ocrx_word' id='word_1_307' title='bbox 849 2706 1178 2777; x_wconf 74' lang='grc' dir='ltr'>κατηγορίαν,</span> <span class='ocrx_word' id='word_1_308' title='bbox 1200 2706 1321 2778; x_wconf 81' lang='grc' dir='ltr'>πρὶν</span> <span class='ocrx_word' id='word_1_309' title='bbox 1346 2703 1377 2762; x_wconf 78' lang='grc' dir='ltr'>ἦ</span> <span class='ocrx_word' id='word_1_310' title='bbox 1408 2704 1669 2778; x_wconf 74' lang='grc' dir='ltr'>ἐγγράφως</span> <span class='ocrx_word' id='word_1_311' title='bbox 1699 2705 1888 2763; x_wconf 83' lang='grc' dir='ltr'>αύτούς</span> <span class='ocrx_word' id='word_1_312' title='bbox 1909 2706 1996 2759; x_wconf 65' lang='grc' dir='ltr'>τὶν</span> 
     </span>
    </p>
   </div>
   <div class='ocr_carea' id='block_1_43' title="bbox 399 2793 1992 2869">
    <p class='ocr_par' dir='ltr' id='par_1_43' title="bbox 399 2793 1992 2869">
     <span class='ocr_line' id='line_1_43' title="bbox 399 2793 1992 2869; baseline -0.001 -21"><span class='ocrx_word' id='word_1_313' title='bbox 399 2793 512 2849; x_wconf 79' lang='grc' dir='ltr'>ἴσον</span> <span class='ocrx_word' id='word_1_314' title='bbox 553 2797 727 2856; x_wconf 77' lang='grc' dir='ltr'>αὐτοῖς</span> <span class='ocrx_word' id='word_1_315' title='bbox 774 2796 1193 2865; x_wconf 77' lang='grc' dir='ltr'>ὑποτιμήσασθαε</span> <span class='ocrx_word' id='word_1_316' title='bbox 1238 2794 1703 2869; x_wconf 77' lang='grc' dir='ltr'>[ἐπιτιμήσασθαι]</span> <span class='ocrx_word' id='word_1_317' title='bbox 1748 2793 1992 2858; x_wconf 84' lang='grc' dir='ltr'>κίνδυνον,</span> 
     </span>
    </p>
   </div>
   <div class='ocr_carea' id='block_1_44' title="bbox 400 2884 1997 2963">
    <p class='ocr_par' dir='ltr' id='par_1_44' title="bbox 400 2884 1997 2963">
     <span class='ocr_line' id='line_1_44' title="bbox 400 2884 1997 2963; baseline 0.001 -23"><span class='ocrx_word' id='word_1_318' title='bbox 400 2885 547 2962; x_wconf 76' lang='grc' dir='ltr'>εἴπερ</span> <span class='ocrx_word' id='word_1_319' title='bbox 590 2888 640 2941; x_wconf 78' lang='grc' dir='ltr'><strong>ἐν</strong></span> <span class='ocrx_word' id='word_1_320' title='bbox 669 2894 731 2961; x_wconf 76' lang='grc' dir='ltr'>τῇ</span> <span class='ocrx_word' id='word_1_321' title='bbox 769 2893 869 2940; x_wconf 87' lang='grc' dir='ltr'>τῶν</span> <span class='ocrx_word' id='word_1_322' title='bbox 907 2888 1223 2963; x_wconf 77' lang='grc' dir='ltr'>πραγμάτων</span> <span class='ocrx_word' id='word_1_323' title='bbox 1259 2887 1396 2951; x_wconf 83' lang='grc' dir='ltr'>τάξει</span> <span class='ocrx_word' id='word_1_324' title='bbox 1441 2884 1704 2959; x_wconf 72' lang='grc' dir='ltr'>[ἐξετάσει]</span> <span class='ocrx_word' id='word_1_325' title='bbox 1738 2907 1997 2958; x_wconf 84' lang='grc' dir='ltr'>συκοφαν-</span> 
     </span>
    </p>
   </div>
   <div class='ocr_carea' id='block_1_45' title="bbox 402 2975 1997 3049">
    <p class='ocr_par' dir='ltr' id='par_1_45' title="bbox 402 2975 1997 3049">
     <span class='ocr_line' id='line_1_45' title="bbox 402 2975 1997 3049; baseline 0 -18"><span class='ocrx_word' id='word_1_326' title='bbox 402 2978 724 3038; x_wconf 82' lang='grc' dir='ltr'>τοῦντες’τὸν</span> <span class='ocrx_word' id='word_1_327' title='bbox 748 2977 1188 3049; x_wconf 77' lang='grc' dir='ltr'>κατηγορούμενον</span> <span class='ocrx_word' id='word_1_328' title='bbox 1214 2978 1493 3032; x_wconf 74' lang='grc' dir='ltr'>ἱπίσκοπον</span> <span class='ocrx_word' id='word_1_329' title='bbox 1516 2977 1826 3048; x_wconf 70' lang='grc' dir='ltr'>ἐλεγχθοῖεν.</span> <span class='ocrx_word' id='word_1_330' title='bbox 1857 2980 1915 3030; x_wconf 78' lang='grc' dir='ltr'><strong>Εἰ</strong></span> <span class='ocrx_word' id='word_1_331' title='bbox 1943 2975 1997 3031; x_wconf 71' lang='grc' dir='ltr'>δέ</span> 
     </span>
    </p>
   </div>
   <div class='ocr_carea' id='block_1_46' title="bbox 317 3064 1996 3144">
    <p class='ocr_par' dir='ltr' id='par_1_46' title="bbox 317 3064 1996 3144">
     <span class='ocr_line' id='line_1_46' title="bbox 317 3064 1996 3144; baseline -0.005 -17"><span class='ocrx_word' id='word_1_332' title='bbox 317 3114 325 3127; x_wconf 93' lang='grc'><strong>.</strong></span> <span class='ocrx_word' id='word_1_333' title='bbox 401 3089 482 3129; x_wconf 88' lang='grc' dir='ltr'><strong>τις</strong></span> <span class='ocrx_word' id='word_1_334' title='bbox 506 3064 892 3144; x_wconf 77' lang='grc' dir='ltr'>καταφρονήσας</span> <span class='ocrx_word' id='word_1_335' title='bbox 912 3075 1012 3124; x_wconf 84' lang='grc' dir='ltr'><strong>τῶν</strong></span> <span class='ocrx_word' id='word_1_336' title='bbox 1032 3068 1162 3123; x_wconf 83' lang='grc' dir='ltr'><strong>κατά</strong></span> <span class='ocrx_word' id='word_1_337' title='bbox 1176 3068 1245 3122; x_wconf 86' lang='grc' dir='ltr'>τὰ</span> <span class='ocrx_word' id='word_1_338' title='bbox 1263 3065 1646 3139; x_wconf 81' lang='grc' dir='ltr'>προδηλωθέντα</span> <span class='ocrx_word' id='word_1_339' title='bbox 1669 3064 1996 3138; x_wconf 79' lang='grc' dir='ltr'>δεδογμένων,</span> 
     </span>
    </p>
   </div>
   <div class='ocr_carea' id='block_1_47' title="bbox 401 3155 2001 3234">
    <p class='ocr_par' dir='ltr' id='par_1_47' title="bbox 401 3155 2001 3234">
     <span class='ocr_line' id='line_1_47' title="bbox 401 3155 2001 3234; baseline -0.002 -19"><span class='ocrx_word' id='word_1_340' title='bbox 401 3163 701 3231; x_wconf 78' lang='grc' dir='ltr'>τολμήσειεν</span> <span class='ocrx_word' id='word_1_341' title='bbox 746 3161 778 3221; x_wconf 78' lang='grc' dir='ltr'><strong>ἦ</strong></span> <span class='ocrx_word' id='word_1_342' title='bbox 828 3161 1103 3232; x_wconf 77' lang='grc' dir='ltr'>βασιλικὰς</span> <span class='ocrx_word' id='word_1_343' title='bbox 1156 3155 1512 3234; x_wconf 84' lang='grc' dir='ltr'>[βασιλικαῖς]</span> <span class='ocrx_word' id='word_1_344' title='bbox 1561 3159 1787 3230; x_wconf 74' lang='grc' dir='ltr'>ἐνοχλεῖν</span> <span class='ocrx_word' id='word_1_345' title='bbox 1840 3160 2001 3218; x_wconf 80' lang='grc' dir='ltr'>ἀκοάς</span> 
     </span>
    </p>
   </div>
   <div class='ocr_carea' id='block_1_48' title="bbox 2090 1966 3683 2038">
    <p class='ocr_par' dir='ltr' id='par_1_48' title="bbox 2090 1966 3683 2038">
     <span class='ocr_line' id='line_1_48' title="bbox 2090 1966 3683 2038; baseline -0.004 -13"><span class='ocrx_word' id='word_1_346' title='bbox 2090 1971 2368 2026; x_wconf 80' lang='lat' dir='ltr'><strong>instituere</strong></span> <span class='ocrx_word' id='word_1_347' title='bbox 2389 1969 2762 2025; x_wconf 87' lang='lat' dir='ltr'><strong>accusationes</strong></span> <span class='ocrx_word' id='word_1_348' title='bbox 2791 1976 2847 2023; x_wconf 91' lang='lat' dir='ltr'><strong>et</strong></span> <span class='ocrx_word' id='word_1_349' title='bbox 2872 1968 3013 2038; x_wconf 88' lang='lat' dir='ltr'><strong>apud</strong></span> <span class='ocrx_word' id='word_1_350' title='bbox 3044 1984 3141 2024; x_wconf 89' lang='lat' dir='ltr'><strong>eos</strong></span> <span class='ocrx_word' id='word_1_351' title='bbox 3165 1968 3393 2023; x_wconf 90' lang='lat' dir='ltr'><strong>crimina</strong></span> <span class='ocrx_word' id='word_1_352' title='bbox 3430 1982 3523 2022; x_wconf 88' lang='lat' dir='ltr'><strong>reo</strong></span> <span class='ocrx_word' id='word_1_353' title='bbox 3562 1966 3683 2034; x_wconf 87' lang='lat' dir='ltr'><strong>epi-</strong></span> 
     </span>
    </p>
   </div>
   <div class='ocr_carea' id='block_1_49' title="bbox 2089 2058 3685 2134">
    <p class='ocr_par' dir='ltr' id='par_1_49' title="bbox 2089 2058 3685 2134">
     <span class='ocr_line' id='line_1_49' title="bbox 2089 2058 3685 2134; baseline -0.005 -15"><span class='ocrx_word' id='word_1_354' title='bbox 2089 2079 2259 2134; x_wconf 86' lang='lat' dir='ltr'><strong>scopo</strong></span> <span class='ocrx_word' id='word_1_355' title='bbox 2288 2062 2503 2132; x_wconf 83' lang='lat' dir='ltr'><strong>objecta</strong></span> <span class='ocrx_word' id='word_1_356' title='bbox 2532 2062 2763 2132; x_wconf 87' lang='lat' dir='ltr'><strong>probare</strong></span> <span class='ocrx_word' id='word_1_357' title='bbox 2789 2069 2847 2116; x_wconf 88' lang='lat' dir='ltr'><strong>et</strong></span> <span class='ocrx_word' id='word_1_358' title='bbox 2875 2076 3122 2131; x_wconf 78' lang='lat' dir='ltr'><strong>arguere.</strong></span> <span class='ocrx_word' id='word_1_359' title='bbox 3166 2060 3222 2115; x_wconf 91' lang='lat' dir='ltr'><strong>Si</strong></span> <span class='ocrx_word' id='word_1_360' title='bbox 3261 2076 3390 2115; x_wconf 88' lang='lat' dir='ltr'><strong>vero</strong></span> <span class='ocrx_word' id='word_1_361' title='bbox 3426 2058 3685 2124; x_wconf 78' lang='lat' dir='ltr'><strong>acciderit</strong></span> 
     </span>
    </p>
   </div>
   <div class='ocr_carea' id='block_1_50' title="bbox 2090 2150 3685 2226">
    <p class='ocr_par' dir='ltr' id='par_1_50' title="bbox 2090 2150 3685 2226">
     <span class='ocr_line' id='line_1_50' title="bbox 2090 2150 3685 2226; baseline -0.004 -17"><span class='ocrx_word' id='word_1_362' title='bbox 2090 2154 2451 2226; x_wconf 85' lang='lat' dir='ltr'><strong>provinciales</strong></span> <span class='ocrx_word' id='word_1_363' title='bbox 2476 2152 2542 2207; x_wconf 87' lang='lat' dir='ltr'><strong>ad</strong></span> <span class='ocrx_word' id='word_1_364' title='bbox 2570 2152 2962 2207; x_wconf 88' lang='lat' dir='ltr'><strong>correctionem</strong></span> <span class='ocrx_word' id='word_1_365' title='bbox 3003 2153 3215 2209; x_wconf 87' lang='lat' dir='ltr'><strong>illorum</strong></span> <span class='ocrx_word' id='word_1_366' title='bbox 3257 2150 3537 2207; x_wconf 82' lang='lat' dir='ltr'><strong>criminum</strong></span> <span class='ocrx_word' id='word_1_367' title='bbox 3570 2165 3685 2205; x_wconf 91' lang='lat' dir='ltr'><strong>non</strong></span> 
     </span>
    </p>
   </div>
   <div class='ocr_carea' id='block_1_51' title="bbox 2091 2239 3689 2313">
    <p class='ocr_par' dir='ltr' id='par_1_51' title="bbox 2091 2239 3689 2313">
     <span class='ocr_line' id='line_1_51' title="bbox 2091 2239 3689 2313; baseline -0.005 -12"><span class='ocrx_word' id='word_1_368' title='bbox 2091 2243 2358 2305; x_wconf 85' lang='lat' dir='ltr'><strong>sufficere,</strong></span> <span class='ocrx_word' id='word_1_369' title='bbox 2394 2252 2522 2298; x_wconf 90' lang='lat' dir='ltr'><strong>tunc</strong></span> <span class='ocrx_word' id='word_1_370' title='bbox 2551 2242 2815 2298; x_wconf 87' lang='lat' dir='ltr'><strong>accedant</strong></span> <span class='ocrx_word' id='word_1_371' title='bbox 2858 2242 2926 2297; x_wconf 88' lang='lat' dir='ltr'><strong>ad</strong></span> <span class='ocrx_word' id='word_1_372' title='bbox 2965 2241 3227 2311; x_wconf 84' lang='lat' dir='ltr'><strong>majorem</strong></span> <span class='ocrx_word' id='word_1_373' title='bbox 3259 2241 3523 2313; x_wconf 80' lang='lat' dir='ltr'><strong>synodum</strong></span> <span class='ocrx_word' id='word_1_374' title='bbox 3567 2239 3689 2308; x_wconf 85' lang='lat' dir='ltr'><strong>epi-</strong></span> 
     </span>
    </p>
   </div>
   <div class='ocr_carea' id='block_1_52' title="bbox 2093 2331 3686 2405">
    <p class='ocr_par' dir='ltr' id='par_1_52' title="bbox 2093 2331 3686 2405">
     <span class='ocr_line' id='line_1_52' title="bbox 2093 2331 3686 2405; baseline -0.005 -13"><span class='ocrx_word' id='word_1_375' title='bbox 2093 2349 2382 2405; x_wconf 86' lang='lat' dir='ltr'><strong>scoporum</strong></span> <span class='ocrx_word' id='word_1_376' title='bbox 2411 2334 2553 2388; x_wconf 90' lang='lat' dir='ltr'><strong>illius</strong></span> <span class='ocrx_word' id='word_1_377' title='bbox 2581 2332 2910 2395; x_wconf 74' lang='lat' dir='ltr'><strong>dimceseos,</strong></span> <span class='ocrx_word' id='word_1_378' title='bbox 2938 2331 3030 2402; x_wconf 89' lang='lat' dir='ltr'><strong>qui</strong></span> <span class='ocrx_word' id='word_1_379' title='bbox 3061 2333 3163 2386; x_wconf 88' lang='lat' dir='ltr'><strong>hac</strong></span> <span class='ocrx_word' id='word_1_380' title='bbox 3194 2331 3261 2387; x_wconf 89' lang='lat' dir='ltr'><strong>de</strong></span> <span class='ocrx_word' id='word_1_381' title='bbox 3290 2346 3451 2387; x_wconf 88' lang='lat' dir='ltr'><strong>causa</strong></span> <span class='ocrx_word' id='word_1_382' title='bbox 3475 2344 3686 2385; x_wconf 87' lang='lat' dir='ltr'><strong>convo-</strong></span> 
     </span>
    </p>
   </div>
   <div class='ocr_carea' id='block_1_53' title="bbox 2093 2422 3687 2494">
    <p class='ocr_par' dir='ltr' id='par_1_53' title="bbox 2093 2422 3687 2494">
     <span class='ocr_line' id='line_1_53' title="bbox 2093 2422 3687 2494; baseline -0.004 -13"><span class='ocrx_word' id='word_1_383' title='bbox 2093 2428 2198 2482; x_wconf 89' lang='lat' dir='ltr'><strong>cati</strong></span> <span class='ocrx_word' id='word_1_384' title='bbox 2226 2425 2440 2489; x_wconf 83' lang='lat' dir='ltr'><strong>fuerint,</strong></span> <span class='ocrx_word' id='word_1_385' title='bbox 2474 2438 2574 2479; x_wconf 91' lang='lat' dir='ltr'><strong>nec</strong></span> <span class='ocrx_word' id='word_1_386' title='bbox 2602 2423 2751 2494; x_wconf 89' lang='lat' dir='ltr'><strong>prius</strong></span> <span class='ocrx_word' id='word_1_387' title='bbox 2771 2423 3167 2479; x_wconf 88' lang='lat' dir='ltr'><strong>accusationem</strong></span> <span class='ocrx_word' id='word_1_388' title='bbox 3196 2422 3498 2484; x_wconf 89' lang='lat' dir='ltr'><strong>instituant,</strong></span> <span class='ocrx_word' id='word_1_389' title='bbox 3520 2435 3687 2491; x_wconf 87' lang='lat' dir='ltr'><strong>quam</strong></span> 
     </span>
    </p>
   </div>
   <div class='ocr_carea' id='block_1_54' title="bbox 2095 2513 3685 2588">
    <p class='ocr_par' dir='ltr' id='par_1_54' title="bbox 2095 2513 3685 2588">
     <span class='ocr_line' id='line_1_54' title="bbox 2095 2513 3685 2588; baseline -0.007 -13"><span class='ocrx_word' id='word_1_390' title='bbox 2095 2518 2295 2588; x_wconf 90' lang='lat' dir='ltr'><strong>scripto</strong></span> <span class='ocrx_word' id='word_1_391' title='bbox 2322 2517 2439 2587; x_wconf 89' lang='lat' dir='ltr'><strong>pari</strong></span> <span class='ocrx_word' id='word_1_392' title='bbox 2460 2515 2703 2586; x_wconf 88' lang='lat' dir='ltr'><strong>periculo</strong></span> <span class='ocrx_word' id='word_1_393' title='bbox 2732 2531 2791 2571; x_wconf 90' lang='lat' dir='ltr'><strong>se</strong></span> <span class='ocrx_word' id='word_1_394' title='bbox 2815 2515 3123 2584; x_wconf 85' lang='lat' dir='ltr'><strong>subjiciaut,</strong></span> <span class='ocrx_word' id='word_1_395' title='bbox 3155 2513 3417 2583; x_wconf 91' lang='lat' dir='ltr'><strong>siquidem</strong></span> <span class='ocrx_word' id='word_1_396' title='bbox 3439 2520 3685 2567; x_wconf 86' lang='lat' dir='ltr'><strong>actorum</strong></span> 
     </span>
    </p>
   </div>
   <div class='ocr_carea' id='block_1_55' title="bbox 2095 2601 3691 2678">
    <p class='ocr_par' dir='ltr' id='par_1_55' title="bbox 2095 2601 3691 2678">
     <span class='ocr_line' id='line_1_55' title="bbox 2095 2601 3691 2678; baseline -0.006 -14"><span class='ocrx_word' id='word_1_397' title='bbox 2095 2610 2235 2665; x_wconf 81' lang='lat' dir='ltr'><strong>serie</strong></span> <span class='ocrx_word' id='word_1_398' title='bbox 2267 2609 2318 2665; x_wconf 93' lang='lat' dir='ltr'><strong>in</strong></span> <span class='ocrx_word' id='word_1_399' title='bbox 2355 2608 2706 2665; x_wconf 88' lang='lat' dir='ltr'><strong>accusatione</strong></span> <span class='ocrx_word' id='word_1_400' title='bbox 2742 2606 2981 2678; x_wconf 86' lang='lat' dir='ltr'><strong>episcopi</strong></span> <span class='ocrx_word' id='word_1_401' title='bbox 3019 2607 3350 2661; x_wconf 88' lang='lat' dir='ltr'><strong>calumniose</strong></span> <span class='ocrx_word' id='word_1_402' title='bbox 3390 2605 3565 2672; x_wconf 82' lang='lat' dir='ltr'><strong>egisse</strong></span> <span class='ocrx_word' id='word_1_403' title='bbox 3603 2601 3691 2655; x_wconf 79' lang='lat' dir='ltr'><strong>in-</strong></span> 
     </span>
    </p>
   </div>
   <div class='ocr_carea' id='block_1_56' title="bbox 2097 2682 3691 2769">
    <p class='ocr_par' dir='ltr' id='par_1_56' title="bbox 2097 2682 3691 2769">
     <span class='ocr_line' id='line_1_56' title="bbox 2097 2682 3691 2769; baseline -0.005 -12"><span class='ocrx_word' id='word_1_404' title='bbox 2097 2682 2398 2757; x_wconf 64' lang='lat' dir='ltr'><strong>venientur.</strong></span> <span class='ocrx_word' id='word_1_405' title='bbox 2440 2699 2497 2755; x_wconf 90' lang='lat' dir='ltr'><strong>Si</strong></span> <span class='ocrx_word' id='word_1_406' title='bbox 2532 2701 2653 2769; x_wconf 87' lang='lat' dir='ltr'><strong>quis</strong></span> <span class='ocrx_word' id='word_1_407' title='bbox 2682 2707 2860 2754; x_wconf 88' lang='lat' dir='ltr'><strong>autem</strong></span> <span class='ocrx_word' id='word_1_408' title='bbox 2896 2698 3090 2768; x_wconf 84' lang='lat' dir='ltr'><strong>spretis</strong></span> <span class='ocrx_word' id='word_1_409' title='bbox 3115 2698 3217 2759; x_wconf 89' lang='lat' dir='ltr'><strong>his,</strong></span> <span class='ocrx_word' id='word_1_410' title='bbox 3257 2711 3406 2767; x_wconf 73' lang='lat' dir='ltr'><strong>qum,</strong></span> <span class='ocrx_word' id='word_1_411' title='bbox 3438 2704 3498 2749; x_wconf 91' lang='lat' dir='ltr'><strong>ut</strong></span> <span class='ocrx_word' id='word_1_412' title='bbox 3540 2695 3691 2765; x_wconf 83' lang='lat' dir='ltr'><strong>prius</strong></span> 
     </span>
    </p>
   </div>
   <div class='ocr_carea' id='block_1_57' title="bbox 2097 2786 3691 2859">
    <p class='ocr_par' dir='ltr' id='par_1_57' title="bbox 2097 2786 3691 2859">
     <span class='ocr_line' id='line_1_57' title="bbox 2097 2786 3691 2859; baseline -0.006 -11"><span class='ocrx_word' id='word_1_413' title='bbox 2097 2793 2429 2849; x_wconf 87' lang='lat' dir='ltr'><strong>declaratum</strong></span> <span class='ocrx_word' id='word_1_414' title='bbox 2458 2799 2561 2859; x_wconf 90' lang='lat' dir='ltr'><strong>est,</strong></span> <span class='ocrx_word' id='word_1_415' title='bbox 2583 2798 2784 2846; x_wconf 86' lang='lat' dir='ltr'><strong>statuta</strong></span> <span class='ocrx_word' id='word_1_416' title='bbox 2818 2798 2963 2857; x_wconf 88' lang='lat' dir='ltr'><strong>sunt,</strong></span> <span class='ocrx_word' id='word_1_417' title='bbox 2996 2804 3161 2845; x_wconf 91' lang='lat' dir='ltr'><strong>ausus</strong></span> <span class='ocrx_word' id='word_1_418' title='bbox 3198 2787 3357 2842; x_wconf 91' lang='lat' dir='ltr'><strong>fuerit</strong></span> <span class='ocrx_word' id='word_1_419' title='bbox 3389 2786 3475 2841; x_wconf 84' lang='lat' dir='ltr'><strong>vel</strong></span> <span class='ocrx_word' id='word_1_420' title='bbox 3515 2787 3691 2855; x_wconf 90' lang='lat' dir='ltr'><strong>impe-</strong></span> 
     </span>
    </p>
   </div>
   <div class='ocr_carea' id='block_1_58' title="bbox 2098 2877 3690 2944">
    <p class='ocr_par' dir='ltr' id='par_1_58' title="bbox 2098 2877 3690 2944">
     <span class='ocr_line' id='line_1_58' title="bbox 2098 2877 3690 2944; baseline -0.005 -7"><span class='ocrx_word' id='word_1_421' title='bbox 2098 2881 2294 2937; x_wconf 87' lang='lat' dir='ltr'><strong>ratoris</strong></span> <span class='ocrx_word' id='word_1_422' title='bbox 2334 2895 2493 2937; x_wconf 86' lang='lat' dir='ltr'><strong>aures</strong></span> <span class='ocrx_word' id='word_1_423' title='bbox 2530 2880 2849 2942; x_wconf 87' lang='lat' dir='ltr'><strong>obtundere,</strong></span> <span class='ocrx_word' id='word_1_424' title='bbox 2895 2881 2983 2936; x_wconf 85' lang='lat' dir='ltr'><strong>vel</strong></span> <span class='ocrx_word' id='word_1_425' title='bbox 3024 2878 3359 2935; x_wconf 83' lang='lat' dir='ltr'><strong>saecularium</strong></span> <span class='ocrx_word' id='word_1_426' title='bbox 3401 2877 3690 2944; x_wconf 85' lang='lat' dir='ltr'><strong>magistra-</strong></span> 
     </span>
    </p>
   </div>
   <div class='ocr_carea' id='block_1_59' title="bbox 2100 2969 3692 3044">
    <p class='ocr_par' dir='ltr' id='par_1_59' title="bbox 2100 2969 3692 3044">
     <span class='ocr_line' id='line_1_59' title="bbox 2100 2969 3692 3044; baseline -0.007 -15"><span class='ocrx_word' id='word_1_427' title='bbox 2100 2984 2248 3029; x_wconf 89' lang='lat' dir='ltr'><strong>tuum</strong></span> <span class='ocrx_word' id='word_1_428' title='bbox 2280 2974 2598 3036; x_wconf 85' lang='lat' dir='ltr'><strong>tribunalia,</strong></span> <span class='ocrx_word' id='word_1_429' title='bbox 2632 2972 2715 3026; x_wconf 89' lang='lat' dir='ltr'><strong>vel</strong></span> <span class='ocrx_word' id='word_1_430' title='bbox 2744 2972 3006 3044; x_wconf 83' lang='lat' dir='ltr'><strong>synodum</strong></span> <span class='ocrx_word' id='word_1_431' title='bbox 3053 2969 3439 3026; x_wconf 60' lang='lat' dir='ltr'><strong>ascumenicam</strong></span> <span class='ocrx_word' id='word_1_432' title='bbox 3476 2976 3692 3037; x_wconf 85' lang='lat' dir='ltr'><strong>pertur-</strong></span> 
     </span>
    </p>
   </div>
   <div class='ocr_carea' id='block_1_60' title="bbox 2099 3056 3695 3136">
    <p class='ocr_par' dir='ltr' id='par_1_60' title="bbox 2099 3056 3695 3136">
     <span class='ocr_line' id='line_1_60' title="bbox 2099 3056 3695 3136; baseline -0.006 -15"><span class='ocrx_word' id='word_1_433' title='bbox 2099 3068 2258 3130; x_wconf 85' lang='lat' dir='ltr'><strong>bare,</strong></span> <span class='ocrx_word' id='word_1_434' title='bbox 2301 3064 2625 3136; x_wconf 87' lang='lat' dir='ltr'><strong>contemptis</strong></span> <span class='ocrx_word' id='word_1_435' title='bbox 2663 3065 2911 3119; x_wconf 87' lang='lat' dir='ltr'><strong>omnibus</strong></span> <span class='ocrx_word' id='word_1_436' title='bbox 2949 3063 3244 3117; x_wconf 74' lang='lat' dir='ltr'><strong>dioeceseos</strong></span> <span class='ocrx_word' id='word_1_437' title='bbox 3274 3057 3560 3130; x_wconf 88' lang='lat' dir='ltr'><strong>episcopis,</strong></span> <span class='ocrx_word' id='word_1_438' title='bbox 3602 3056 3695 3112; x_wconf 84' lang='lat' dir='ltr'><strong>hic</strong></span> 
     </span>
    </p>
   </div>
   <div class='ocr_carea' id='block_1_61' title="bbox 2101 3152 3696 3220">
    <p class='ocr_par' dir='ltr' id='par_1_61' title="bbox 2101 3152 3696 3220">
     <span class='ocr_line' id='line_1_61' title="bbox 2101 3152 3696 3220; baseline -0.008 -4"><span class='ocrx_word' id='word_1_439' title='bbox 2101 3160 2322 3216; x_wconf 86' lang='lat' dir='ltr'><strong>omnino</strong></span> <span class='ocrx_word' id='word_1_440' title='bbox 2342 3158 2409 3213; x_wconf 90' lang='lat' dir='ltr'><strong>ad</strong></span> <span class='ocrx_word' id='word_1_441' title='bbox 2428 3156 2825 3214; x_wconf 82' lang='lat' dir='ltr'><strong>accusationem</strong></span> <span class='ocrx_word' id='word_1_442' title='bbox 2854 3171 2961 3210; x_wconf 92' lang='lat' dir='ltr'><strong>non</strong></span> <span class='ocrx_word' id='word_1_443' title='bbox 2986 3162 3071 3210; x_wconf 89' lang='lat' dir='ltr'><strong>est</strong></span> <span class='ocrx_word' id='word_1_444' title='bbox 3092 3152 3477 3218; x_wconf 66' lang='lat' dir='ltr'><strong>admittendus,</strong></span> <span class='ocrx_word' id='word_1_445' title='bbox 3502 3157 3696 3220; x_wconf 83' lang='lat' dir='ltr'><strong>utpote</strong></span> 
     </span>
    </p>
   </div>
   <div class='ocr_carea' id='block_1_62' title="bbox 403 3245 1993 3339">
    <p class='ocr_par' dir='ltr' id='par_1_62' title="bbox 403 3249 1993 3325">
     <span class='ocr_line' id='line_1_62' title="bbox 403 3249 1993 3325; baseline -0.003 -19"><span class='ocrx_word' id='word_1_446' title='bbox 403 3249 647 3322; x_wconf 78' lang='grc' dir='ltr'>Ιάκοαῖς],</span> <span class='ocrx_word' id='word_1_447' title='bbox 676 3249 707 3311; x_wconf 80' lang='grc' dir='ltr'><em>ἧ</em></span> <span class='ocrx_word' id='word_1_448' title='bbox 748 3258 1001 3323; x_wconf 70' lang='grc' dir='ltr'>κοσμαυτιν</span> <span class='ocrx_word' id='word_1_449' title='bbox 1037 3252 1300 3325; x_wconf 81' lang='grc' dir='ltr'>ἀρχόντων</span> <span class='ocrx_word' id='word_1_450' title='bbox 1345 3249 1670 3324; x_wconf 78' lang='grc' dir='ltr'>δικαστήρια,</span> <span class='ocrx_word' id='word_1_451' title='bbox 1695 3249 1727 3308; x_wconf 82' lang='grc' dir='ltr'><strong>ή</strong></span> <span class='ocrx_word' id='word_1_452' title='bbox 1776 3251 1993 3319; x_wconf 77' lang='grc' dir='ltr'>οἰκούμε-</span> 
     </span>
    </p>
   </div>
   <div class='ocr_carea' id='block_1_63' title="bbox 2099 3245 3695 3339">
    <p class='ocr_par' dir='ltr' id='par_1_63' title="bbox 2103 3245 3695 3322">
     <span class='ocr_line' id='line_1_63' title="bbox 2103 3245 3695 3322; baseline -0.004 -15"><span class='ocrx_word' id='word_1_453' title='bbox 2103 3253 2194 3322; x_wconf 90' lang='lat' dir='ltr'><strong>qui</strong></span> <span class='ocrx_word' id='word_1_454' title='bbox 2220 3252 2518 3307; x_wconf 80' lang='lat' dir='ltr'><strong>canonibus</strong></span> <span class='ocrx_word' id='word_1_455' title='bbox 2554 3251 2805 3322; x_wconf 88' lang='lat' dir='ltr'><strong>injuriam</strong></span> <span class='ocrx_word' id='word_1_456' title='bbox 2841 3248 3033 3317; x_wconf 86' lang='lat' dir='ltr'><strong>infert,</strong></span> <span class='ocrx_word' id='word_1_457' title='bbox 3063 3258 3121 3305; x_wconf 91' lang='lat' dir='ltr'><strong>et</strong></span> <span class='ocrx_word' id='word_1_458' title='bbox 3147 3249 3391 3305; x_wconf 86' lang='lat' dir='ltr'><strong>ordinem</strong></span> <span class='ocrx_word' id='word_1_459' title='bbox 3430 3245 3695 3303; x_wconf 73' lang='lat' dir='ltr'><strong>ecclesia-</strong></span> 
     </span>
    </p>
   </div>
   <div class='ocr_carea' id='block_1_64' title="bbox 401 3340 1999 3416">
    <p class='ocr_par' dir='ltr' id='par_1_64' title="bbox 401 3340 1999 3416">
     <span class='ocr_line' id='line_1_64' title="bbox 401 3340 1999 3416; baseline 0.003 -22"><span class='ocrx_word' id='word_1_460' title='bbox 401 3347 539 3401; x_wconf 75' lang='grc' dir='ltr'>νικήν</span> <span class='ocrx_word' id='word_1_461' title='bbox 584 3340 796 3397; x_wconf 81' lang='grc' dir='ltr'>σύνοδον</span> <span class='ocrx_word' id='word_1_462' title='bbox 841 3342 1154 3416; x_wconf 78' lang='grc' dir='ltr'>ταράσσειν,</span> <span class='ocrx_word' id='word_1_463' title='bbox 1195 3342 1394 3402; x_wconf 80' lang='grc' dir='ltr'>πάντας</span> <span class='ocrx_word' id='word_1_464' title='bbox 1439 3342 1700 3412; x_wconf 75' lang='grc' dir='ltr'>ἀτιμάσας</span> <span class='ocrx_word' id='word_1_465' title='bbox 1739 3342 1861 3401; x_wconf 80' lang='grc' dir='ltr'>τούς</span> <span class='ocrx_word' id='word_1_466' title='bbox 1906 3348 1999 3401; x_wconf 76' lang='grc' dir='ltr'>τῆς</span> 
     </span>
    </p>
   </div>
   <div class='ocr_carea' id='block_1_65' title="bbox 403 3432 2001 3508">
    <p class='ocr_par' dir='ltr' id='par_1_65' title="bbox 403 3432 2001 3508">
     <span class='ocr_line' id='line_1_65' title="bbox 403 3432 2001 3508; baseline -0.002 -21"><span class='ocrx_word' id='word_1_467' title='bbox 403 3432 698 3495; x_wconf 81' lang='grc' dir='ltr'>διοικήσεως</span> <span class='ocrx_word' id='word_1_468' title='bbox 741 3433 1083 3496; x_wconf 74' lang='grc' dir='ltr'>ἐπισκόπους,</span> <span class='ocrx_word' id='word_1_469' title='bbox 1126 3434 1210 3488; x_wconf 82' lang='grc' dir='ltr'><strong>τόν</strong></span> <span class='ocrx_word' id='word_1_470' title='bbox 1257 3440 1489 3488; x_wconf 84' lang='grc' dir='ltr'>τοιοῦτον</span> <span class='ocrx_word' id='word_1_471' title='bbox 1528 3432 1588 3488; x_wconf 84' lang='grc' dir='ltr'>τὸ</span> <span class='ocrx_word' id='word_1_472' title='bbox 1639 3435 1885 3508; x_wconf 79' lang='grc' dir='ltr'>παράπαν</span> <span class='ocrx_word' id='word_1_473' title='bbox 1930 3433 2001 3492; x_wconf 81' lang='grc' dir='ltr'>εἰς</span> 
     </span>
    </p>
   </div>
   <div class='ocr_carea' id='block_1_66' title="bbox 2106 3344 2531 3402">
    <p class='ocr_par' dir='ltr' id='par_1_66' title="bbox 2106 3344 2531 3402">
     <span class='ocr_line' id='line_1_66' title="bbox 2106 3344 2531 3402; baseline -0.005 -3"><span class='ocrx_word' id='word_1_474' title='bbox 2106 3345 2295 3402; x_wconf 90' lang='lat' dir='ltr'><strong>sticum</strong></span> <span class='ocrx_word' id='word_1_475' title='bbox 2319 3344 2531 3401; x_wconf 89' lang='lat' dir='ltr'><strong>evertit.</strong></span> 
     </span>
    </p>
   </div>
   <div class='ocr_carea' id='block_1_67' title="bbox 402 3518 3449 3601">
    <p class='ocr_par' dir='ltr' id='par_1_67' title="bbox 402 3518 3449 3601">
     <span class='ocr_line' id='line_1_67' title="bbox 402 3518 3449 3601; baseline -0.003 -23"><span class='ocrx_word' id='word_1_476' title='bbox 402 3528 705 3601; x_wconf 80' lang='grc' dir='ltr'>κατηγορίαν</span> <span class='ocrx_word' id='word_1_477' title='bbox 745 3530 814 3595; x_wconf 80' lang='grc' dir='ltr'><strong>μή</strong></span> <span class='ocrx_word' id='word_1_478' title='bbox 854 3521 980 3579; x_wconf 77' lang='grc' dir='ltr'>εἶναι</span> <span class='ocrx_word' id='word_1_479' title='bbox 1010 3522 1182 3580; x_wconf 72' lang='grc' dir='ltr'>δεκτόν</span> <span class='ocrx_word' id='word_1_480' title='bbox 1199 3564 1215 3587; x_wconf 90' lang='grc'><strong>,</strong></span> <span class='ocrx_word' id='word_1_481' title='bbox 1242 3526 1311 3585; x_wconf 85' lang='grc' dir='ltr'>ὡς</span> <span class='ocrx_word' id='word_1_482' title='bbox 1341 3523 1726 3599; x_wconf 81' lang='grc' dir='ltr'>καθυϐρίσαντα</span> <span class='ocrx_word' id='word_1_483' title='bbox 1752 3524 1874 3583; x_wconf 86' lang='grc' dir='ltr'>τοὺς</span> <span class='ocrx_word' id='word_1_484' title='bbox 1899 3520 2128 3590; x_wconf 86' lang='grc' dir='ltr'>κανόνας,</span> <span class='ocrx_word' id='word_1_485' title='bbox 2156 3524 2237 3576; x_wconf 82' lang='grc' dir='ltr'><strong>καί</strong></span> <span class='ocrx_word' id='word_1_486' title='bbox 2267 3526 2355 3581; x_wconf 78' lang='grc' dir='ltr'><strong>τήν</strong></span> <span class='ocrx_word' id='word_1_487' title='bbox 2385 3522 2802 3582; x_wconf 78' lang='grc' dir='ltr'>ἐκκλησιαστικήν</span> <span class='ocrx_word' id='word_1_488' title='bbox 2821 3518 3169 3592; x_wconf 75' lang='grc' dir='ltr'>λυμηνάμενον</span> <span class='ocrx_word' id='word_1_489' title='bbox 3196 3519 3449 3581; x_wconf 67' lang='grc' dir='ltr'>εὐταξίαν.</span> 
     </span>
    </p>
   </div>
   <div class='ocr_carea' id='block_1_68' title="bbox 476 3610 2002 3691">
    <p class='ocr_par' dir='ltr' id='par_1_68' title="bbox 476 3610 2002 3691">
     <span class='ocr_line' id='line_1_68' title="bbox 476 3610 2002 3691; baseline -0.003 -20"><span class='ocrx_word' id='word_1_490' title='bbox 476 3617 569 3691; x_wconf 90' lang='grc' dir='ltr'>ρο’.</span> <span class='ocrx_word' id='word_1_491' title='bbox 612 3618 742 3675; x_wconf 72' lang='grc' dir='ltr'>Τοὺς</span> <span class='ocrx_word' id='word_1_492' title='bbox 778 3615 1204 3689; x_wconf 71' lang='grc' dir='ltr'>προστιθεμένους</span> <span class='ocrx_word' id='word_1_493' title='bbox 1238 3622 1299 3689; x_wconf 77' lang='grc' dir='ltr'>τῇ</span> <span class='ocrx_word' id='word_1_494' title='bbox 1349 3612 1614 3688; x_wconf 77' lang='grc' dir='ltr'>ὀρθοδοξίᾳ</span> <span class='ocrx_word' id='word_1_495' title='bbox 1637 3614 1806 3686; x_wconf 82' lang='grc' dir='ltr'>καίτῇ</span> <span class='ocrx_word' id='word_1_496' title='bbox 1832 3610 2002 3686; x_wconf 79' lang='grc' dir='ltr'>μερίδι</span> 
     </span>
    </p>
   </div>
   <div class='ocr_carea' id='block_1_69' title="bbox 406 3701 2001 3779">
    <p class='ocr_par' dir='ltr' id='par_1_69' title="bbox 406 3701 2001 3779">
     <span class='ocr_line' id='line_1_69' title="bbox 406 3701 2001 3779; baseline -0.004 -18"><span class='ocrx_word' id='word_1_497' title='bbox 406 3713 507 3761; x_wconf 79' lang='grc' dir='ltr'><strong>τῶν</strong></span> <span class='ocrx_word' id='word_1_498' title='bbox 535 3706 833 3775; x_wconf 66' lang='grc' dir='ltr'>σωνομὶνων</span> <span class='ocrx_word' id='word_1_499' title='bbox 861 3706 964 3759; x_wconf 83' lang='grc' dir='ltr'>ἀπὸ</span> <span class='ocrx_word' id='word_1_500' title='bbox 996 3705 1284 3779; x_wconf 78' lang='grc' dir='ltr'>αἶρετικῶν,</span> <span class='ocrx_word' id='word_1_501' title='bbox 1317 3701 1577 3775; x_wconf 74' lang='grc' dir='ltr'>δεχόμεθα</span> <span class='ocrx_word' id='word_1_502' title='bbox 1604 3704 1846 3762; x_wconf 43' lang='grc' dir='ltr'>κατὰητήν</span> <span class='ocrx_word' id='word_1_503' title='bbox 1874 3703 2001 3757; x_wconf 63' lang='lat' dir='ltr'><strong>{nro-</strong></span> 
     </span>
    </p>
   </div>
   <div class='ocr_carea' id='block_1_70' title="bbox 404 3794 2004 3871">
    <p class='ocr_par' dir='ltr' id='par_1_70' title="bbox 404 3794 2004 3871">
     <span class='ocr_line' id='line_1_70' title="bbox 404 3794 2004 3871; baseline -0.005 -16"><span class='ocrx_word' id='word_1_504' title='bbox 404 3800 712 3870; x_wconf 70' lang='grc' dir='ltr'>τεταγμένην</span> <span class='ocrx_word' id='word_1_505' title='bbox 736 3798 1028 3851; x_wconf 79' lang='grc' dir='ltr'>ἀκολουθίαν</span> <span class='ocrx_word' id='word_1_506' title='bbox 1067 3799 1149 3851; x_wconf 87' lang='grc' dir='ltr'><strong>καί</strong></span> <span class='ocrx_word' id='word_1_507' title='bbox 1180 3797 1464 3855; x_wconf 85' lang='grc' dir='ltr'>συνήθειαν⁰</span> <span class='ocrx_word' id='word_1_508' title='bbox 1498 3794 1783 3871; x_wconf 69' lang='grc' dir='ltr'>’Λρειανοῦς</span> <span class='ocrx_word' id='word_1_509' title='bbox 1806 3796 1896 3865; x_wconf 81' lang='grc' dir='ltr'>μέν</span> <span class='ocrx_word' id='word_1_510' title='bbox 1921 3797 2004 3851; x_wconf 76' lang='grc' dir='ltr'><strong>καί</strong></span> 
     </span>
    </p>
   </div>
   <div class='ocr_carea' id='block_1_71' title="bbox 404 3885 2003 3949">
    <p class='ocr_par' dir='ltr' id='par_1_71' title="bbox 404 3885 2003 3949">
     <span class='ocr_line' id='line_1_71' title="bbox 404 3885 2003 3949; baseline -0.006 -4"><span class='ocrx_word' id='word_1_511' title='bbox 404 3887 802 3949; x_wconf 72' lang='grc' dir='ltr'>Μακεδονιανοῦς</span> <span class='ocrx_word' id='word_1_512' title='bbox 823 3889 1280 3947; x_wconf 74' lang='grc' dir='ltr'>καίΣαϐϐατιανούς</span> <span class='ocrx_word' id='word_1_513' title='bbox 1296 3893 1381 3941; x_wconf 75' lang='grc' dir='ltr'>καὶ</span> <span class='ocrx_word' id='word_1_514' title='bbox 1399 3889 1769 3947; x_wconf 75' lang='grc' dir='ltr'>Ναυατιανούς,</span> <span class='ocrx_word' id='word_1_515' title='bbox 1786 3888 1904 3944; x_wconf 63' lang='grc' dir='ltr'>τοὺς</span> <span class='ocrx_word' id='word_1_516' title='bbox 1925 3885 2003 3937; x_wconf 81' lang='grc' dir='ltr'>λέ-</span> 
     </span>
    </p>
   </div>
   <div class='ocr_carea' id='block_1_72' title="bbox 404 3975 2004 4055">
    <p class='ocr_par' dir='ltr' id='par_1_72' title="bbox 404 3975 2004 4055">
     <span class='ocr_line' id='line_1_72' title="bbox 404 3975 2004 4055; baseline -0.005 -18"><span class='ocrx_word' id='word_1_517' title='bbox 404 4002 588 4053; x_wconf 86' lang='grc' dir='ltr'>γοντας</span> <span class='ocrx_word' id='word_1_518' title='bbox 616 3981 830 4040; x_wconf 63' lang='grc' dir='ltr'>ἑαυτοὺς</span> <span class='ocrx_word' id='word_1_519' title='bbox 852 3982 1108 4055; x_wconf 80' lang='grc' dir='ltr'>καθαρούς</span> <span class='ocrx_word' id='word_1_520' title='bbox 1137 3982 1223 4032; x_wconf 83' lang='grc' dir='ltr'>καὶ</span> <span class='ocrx_word' id='word_1_521' title='bbox 1251 3979 1559 4052; x_wconf 76' lang='grc' dir='ltr'>ἀριστεροὺς</span> <span class='ocrx_word' id='word_1_522' title='bbox 1586 3976 1668 4052; x_wconf 64' lang='grc' dir='ltr'><strong>[ἀρ</strong></span> <span class='ocrx_word' id='word_1_523' title='bbox 1680 3975 1897 4045; x_wconf 68' lang='grc' dir='ltr'>ίστουςῙ.</span> <span class='ocrx_word' id='word_1_524' title='bbox 1922 3978 2004 4030; x_wconf 81' lang='grc' dir='ltr'>γαί</span> 
     </span>
    </p>
   </div>
   <div class='ocr_carea' id='block_1_73' title="bbox 405 4067 2005 4150">
    <p class='ocr_par' dir='ltr' id='par_1_73' title="bbox 405 4067 2005 4150">
     <span class='ocr_line' id='line_1_73' title="bbox 405 4067 2005 4150; baseline -0.004 -19"><span class='ocrx_word' id='word_1_525' title='bbox 405 4080 528 4137; x_wconf 58' lang='grc' dir='ltr'>τοὺς</span> <span class='ocrx_word' id='word_1_526' title='bbox 569 4072 1200 4150; x_wconf 78' lang='grc' dir='ltr'>Τεσσαρεσκαιδεκατίτας</span> <span class='ocrx_word' id='word_1_527' title='bbox 1233 4070 1398 4127; x_wconf 74' lang='grc' dir='ltr'>εἶ’τουν</span> <span class='ocrx_word' id='word_1_528' title='bbox 1444 4067 1639 4144; x_wconf 76' lang='grc' dir='ltr'>[ἤγουν]</span> <span class='ocrx_word' id='word_1_529' title='bbox 1669 4068 2005 4143; x_wconf 74' lang='grc' dir='ltr'>Τετραδίτας,</span> 
     </span>
    </p>
   </div>
   <div class='ocr_carea' id='block_1_74' title="bbox 406 4164 2002 4244">
    <p class='ocr_par' dir='ltr' id='par_1_74' title="bbox 406 4164 2002 4244">
     <span class='ocr_line' id='line_1_74' title="bbox 406 4164 2002 4244; baseline -0.003 -21"><span class='ocrx_word' id='word_1_530' title='bbox 406 4172 495 4223; x_wconf 84' lang='grc' dir='ltr'><strong>καί</strong></span> <span class='ocrx_word' id='word_1_531' title='bbox 538 4167 985 4244; x_wconf 75' lang='grc' dir='ltr'>’Δπολλιναριστάς</span> <span class='ocrx_word' id='word_1_532' title='bbox 1031 4166 1289 4239; x_wconf 79' lang='grc' dir='ltr'>δεχόμεθα</span> <span class='ocrx_word' id='word_1_533' title='bbox 1339 4164 1569 4227; x_wconf 74' lang='grc' dir='ltr'>διδόντας</span> <span class='ocrx_word' id='word_1_534' title='bbox 1610 4166 1867 4226; x_wconf 66' lang='grc' dir='ltr'>λιϐέλλους</span> <span class='ocrx_word' id='word_1_535' title='bbox 1924 4168 2002 4219; x_wconf 75' lang='grc' dir='ltr'><strong>καί</strong></span> 
     </span>
    </p>
   </div>
   <div class='ocr_carea' id='block_1_75' title="bbox 408 4260 2008 4333">
    <p class='ocr_par' dir='ltr' id='par_1_75' title="bbox 408 4260 2008 4333">
     <span class='ocr_line' id='line_1_75' title="bbox 408 4260 2008 4333; baseline -0.001 -19"><span class='ocrx_word' id='word_1_536' title='bbox 408 4263 866 4331; x_wconf 69' lang='grc' dir='ltr'>ἀναθεματίζοντας</span> <span class='ocrx_word' id='word_1_537' title='bbox 892 4265 1065 4315; x_wconf 83' lang='grc' dir='ltr'>πᾶσαν</span> <span class='ocrx_word' id='word_1_538' title='bbox 1093 4260 1306 4333; x_wconf 80' lang='grc' dir='ltr'>αἵρεσιν.</span> <span class='ocrx_word' id='word_1_539' title='bbox 1331 4264 1401 4326; x_wconf 86' lang='grc' dir='ltr'><strong>μή</strong></span> <span class='ocrx_word' id='word_1_540' title='bbox 1426 4265 1710 4332; x_wconf 72' lang='grc' dir='ltr'>φρονοῦσαν</span> <span class='ocrx_word' id='word_1_541' title='bbox 1741 4260 1810 4317; x_wconf 74' lang='grc' dir='ltr'>ὡς</span> <span class='ocrx_word' id='word_1_542' title='bbox 1832 4263 2008 4330; x_wconf 81' lang='grc' dir='ltr'>φρονεῖ</span> 
     </span>
    </p>
   </div>
   <div class='ocr_carea' id='block_1_76' title="bbox 407 4349 2007 4428">
    <p class='ocr_par' dir='ltr' id='par_1_76' title="bbox 407 4349 2007 4428">
     <span class='ocr_line' id='line_1_76' title="bbox 407 4349 2007 4428; baseline -0.004 -18"><span class='ocrx_word' id='word_1_543' title='bbox 407 4358 439 4415; x_wconf 85' lang='grc' dir='ltr'><strong>ή</strong></span> <span class='ocrx_word' id='word_1_544' title='bbox 469 4355 589 4428; x_wconf 79' lang='grc' dir='ltr'>ἁγία</span> <span class='ocrx_word' id='word_1_545' title='bbox 624 4359 715 4409; x_wconf 78' lang='grc' dir='ltr'>τοῦ</span> <span class='ocrx_word' id='word_1_546' title='bbox 746 4358 876 4408; x_wconf 83' lang='grc' dir='ltr'>Θεοῦ</span> <span class='ocrx_word' id='word_1_547' title='bbox 905 4352 1140 4411; x_wconf 74' lang='grc' dir='ltr'>καθολική</span> <span class='ocrx_word' id='word_1_548' title='bbox 1179 4352 1267 4405; x_wconf 83' lang='grc' dir='ltr'><strong>καί</strong></span> <span class='ocrx_word' id='word_1_549' title='bbox 1290 4350 1599 4409; x_wconf 84' lang='grc' dir='ltr'>ἀποστολική</span> <span class='ocrx_word' id='word_1_550' title='bbox 1633 4349 1891 4407; x_wconf 76' lang='grc' dir='ltr'>ἐκκλησία·</span> <span class='ocrx_word' id='word_1_551' title='bbox 1918 4352 2007 4403; x_wconf 85' lang='grc' dir='ltr'>καὶ</span> 
     </span>
    </p>
   </div>
   <div class='ocr_carea' id='block_1_77' title="bbox 413 4438 2003 4521">
    <p class='ocr_par' dir='ltr' id='par_1_77' title="bbox 413 4438 2003 4521">
     <span class='ocr_line' id='line_1_77' title="bbox 413 4438 2003 4521; baseline -0.007 -21"><span class='ocrx_word' id='word_1_552' title='bbox 413 4444 850 4521; x_wconf 74' lang='grc' dir='ltr'>σφραγιζομένους</span> <span class='ocrx_word' id='word_1_553' title='bbox 870 4442 984 4500; x_wconf 75' lang='grc' dir='ltr'>ήτοι</span> <span class='ocrx_word' id='word_1_554' title='bbox 1012 4463 1055 4511; x_wconf 88' lang='grc' dir='ltr'><strong>χ</strong></span> <span class='ocrx_word' id='word_1_555' title='bbox 1057 4441 1321 4516; x_wconf 83' lang='grc' dir='ltr'>ριομένους</span> <span class='ocrx_word' id='word_1_556' title='bbox 1346 4446 1548 4516; x_wconf 84' lang='grc' dir='ltr'>πρῶτον</span> <span class='ocrx_word' id='word_1_557' title='bbox 1575 4448 1648 4513; x_wconf 84' lang='grc' dir='ltr'>τῷ</span> <span class='ocrx_word' id='word_1_558' title='bbox 1674 4438 1804 4511; x_wconf 78' lang='grc' dir='ltr'>ἀγίῳ</span> <span class='ocrx_word' id='word_1_559' title='bbox 1829 4440 2003 4512; x_wconf 80' lang='grc' dir='ltr'>μύρῳ,</span> 
     </span>
    </p>
   </div>
   <div class='ocr_carea' id='block_1_78' title="bbox 405 4534 2006 4611">
    <p class='ocr_par' dir='ltr' id='par_1_78' title="bbox 405 4534 2006 4611">
     <span class='ocr_line' id='line_1_78' title="bbox 405 4534 2006 4611; baseline -0.004 -17"><span class='ocrx_word' id='word_1_560' title='bbox 405 4541 468 4594; x_wconf 81' lang='grc' dir='ltr'><strong>τό</strong></span> <span class='ocrx_word' id='word_1_561' title='bbox 505 4559 559 4594; x_wconf 89' lang='grc' dir='ltr'><strong>τε</strong></span> <span class='ocrx_word' id='word_1_562' title='bbox 586 4540 814 4610; x_wconf 72' lang='grc' dir='ltr'>μέτωπον</span> <span class='ocrx_word' id='word_1_563' title='bbox 844 4539 930 4590; x_wconf 85' lang='grc' dir='ltr'><strong>καί</strong></span> <span class='ocrx_word' id='word_1_564' title='bbox 958 4539 1080 4597; x_wconf 85' lang='grc' dir='ltr'>τούς</span> <span class='ocrx_word' id='word_1_565' title='bbox 1109 4536 1389 4611; x_wconf 83' lang='grc' dir='ltr'>ὁρθαλμούς</span> <span class='ocrx_word' id='word_1_566' title='bbox 1429 4538 1514 4591; x_wconf 85' lang='grc' dir='ltr'><strong>καί</strong></span> <span class='ocrx_word' id='word_1_567' title='bbox 1540 4537 1637 4597; x_wconf 81' lang='grc' dir='ltr'>τὰς</span> <span class='ocrx_word' id='word_1_568' title='bbox 1666 4541 1806 4603; x_wconf 84' lang='grc' dir='ltr'>ῥῖνας</span> <span class='ocrx_word' id='word_1_569' title='bbox 1835 4537 1921 4588; x_wconf 89' lang='grc' dir='ltr'>καὶ</span> <span class='ocrx_word' id='word_1_570' title='bbox 1946 4534 2006 4589; x_wconf 82' lang='grc' dir='ltr'>τὸ</span> 
     </span>
    </p>
   </div>
   <div class='ocr_carea' id='block_1_79' title="bbox 410 4626 2086 4718">
    <p class='ocr_par' dir='ltr' id='par_1_79' title="bbox 410 4626 2086 4718">
     <span class='ocr_line' id='line_1_79' title="bbox 410 4626 2086 4718; baseline -0.004 -31"><span class='ocrx_word' id='word_1_571' title='bbox 410 4632 582 4701; x_wconf 82' lang='grc' dir='ltr'>στόμα</span> <span class='ocrx_word' id='word_1_572' title='bbox 608 4633 693 4686; x_wconf 82' lang='grc' dir='ltr'><strong>καί</strong></span> <span class='ocrx_word' id='word_1_573' title='bbox 729 4631 795 4685; x_wconf 90' lang='grc' dir='ltr'><strong>τά</strong></span> <span class='ocrx_word' id='word_1_574' title='bbox 824 4626 950 4684; x_wconf 79' lang='grc' dir='ltr'>ὧτα⁴</span> <span class='ocrx_word' id='word_1_575' title='bbox 993 4632 1079 4684; x_wconf 88' lang='grc' dir='ltr'><strong>καί</strong></span> <span class='ocrx_word' id='word_1_576' title='bbox 1117 4634 1481 4703; x_wconf 77' lang='grc' dir='ltr'>σφραγίζοντες</span> <span class='ocrx_word' id='word_1_577' title='bbox 1524 4630 1739 4693; x_wconf 81' lang='grc' dir='ltr'>αύτούς,</span> <span class='ocrx_word' id='word_1_578' title='bbox 1775 4627 2005 4697; x_wconf 73' lang='grc' dir='ltr'>λέγομεν,</span> <span class='ocrx_word' id='word_1_579' title='bbox 2033 4656 2086 4718; x_wconf 78' lang='lat' dir='ltr'><strong>D</strong></span> 
     </span>
    </p>
   </div>
   <div class='ocr_carea' id='block_1_80' title="bbox 416 4722 2004 4799">
    <p class='ocr_par' dir='ltr' id='par_1_80' title="bbox 416 4722 2004 4799">
     <span class='ocr_line' id='line_1_80' title="bbox 416 4722 2004 4799; baseline 0.001 -25"><span class='ocrx_word' id='word_1_580' title='bbox 416 4742 437 4774; x_wconf 75' lang='grc' dir='ltr'><strong>ε</strong></span> <span class='ocrx_word' id='word_1_581' title='bbox 460 4728 673 4799; x_wconf 49' lang='lat' dir='ltr'><strong>mpm—ii;</strong></span> <span class='ocrx_word' id='word_1_582' title='bbox 701 4722 900 4796; x_wconf 82' lang='grc' dir='ltr'>δωρεᾶς</span> <span class='ocrx_word' id='word_1_583' title='bbox 921 4725 1214 4793; x_wconf 84' lang='grc' dir='ltr'>πνεύματος</span> <span class='ocrx_word' id='word_1_584' title='bbox 1234 4724 1401 4797; x_wconf 79' lang='grc' dir='ltr'>ἁγίου.</span> <span class='ocrx_word' id='word_1_585' title='bbox 1417 4742 1436 4775; x_wconf 71' lang='grc' dir='ltr'><strong>ι</strong></span> <span class='ocrx_word' id='word_1_586' title='bbox 1457 4724 1790 4793; x_wconf 82' lang='grc' dir='ltr'>Εύνομιανούς</span> <span class='ocrx_word' id='word_1_587' title='bbox 1813 4724 1903 4794; x_wconf 78' lang='grc' dir='ltr'>μέν</span> <span class='ocrx_word' id='word_1_588' title='bbox 1924 4743 2004 4777; x_wconf 92' lang='grc' dir='ltr'><strong>τοι</strong></span> 
     </span>
    </p>
   </div>
   <div class='ocr_carea' id='block_1_81' title="bbox 410 4814 2004 4887">
    <p class='ocr_par' dir='ltr' id='par_1_81' title="bbox 410 4814 2004 4887">
     <span class='ocr_line' id='line_1_81' title="bbox 410 4814 2004 4887; baseline -0.001 -18"><span class='ocrx_word' id='word_1_589' title='bbox 410 4817 534 4875; x_wconf 61' lang='grc' dir='ltr'>τιύς</span> <span class='ocrx_word' id='word_1_590' title='bbox 558 4820 629 4876; x_wconf 75' lang='grc' dir='ltr'>ε⁷ς</span> <span class='ocrx_word' id='word_1_591' title='bbox 656 4817 777 4885; x_wconf 83' lang='grc' dir='ltr'>μίαν</span> <span class='ocrx_word' id='word_1_592' title='bbox 804 4814 1087 4869; x_wconf 74' lang='grc' dir='ltr'>κατάδυσιν</span> <span class='ocrx_word' id='word_1_593' title='bbox 1108 4816 1533 4887; x_wconf 78' lang='grc' dir='ltr'>βαπτιζομένους,</span> <span class='ocrx_word' id='word_1_594' title='bbox 1562 4818 1645 4870; x_wconf 85' lang='grc' dir='ltr'>καὶ</span> <span class='ocrx_word' id='word_1_595' title='bbox 1665 4816 2004 4874; x_wconf 79' lang='grc' dir='ltr'>Μοντανιστάς</span> 
     </span>
    </p>
   </div>
   <div class='ocr_carea' id='block_1_82' title="bbox 409 4904 2003 4977">
    <p class='ocr_par' dir='ltr' id='par_1_82' title="bbox 409 4904 2003 4977">
     <span class='ocr_line' id='line_1_82' title="bbox 409 4904 2003 4977; baseline -0.002 -17"><span class='ocrx_word' id='word_1_596' title='bbox 409 4907 535 4966; x_wconf 83' lang='grc' dir='ltr'>τοὺς</span> <span class='ocrx_word' id='word_1_597' title='bbox 574 4906 790 4959; x_wconf 75' lang='grc' dir='ltr'>ἐνταῦθα</span> <span class='ocrx_word' id='word_1_598' title='bbox 816 4904 1111 4976; x_wconf 79' lang='grc' dir='ltr'>λεγομένους</span> <span class='ocrx_word' id='word_1_599' title='bbox 1144 4907 1362 4977; x_wconf 76' lang='grc' dir='ltr'>Φρύγας,</span> <span class='ocrx_word' id='word_1_600' title='bbox 1388 4910 1473 4960; x_wconf 86' lang='grc' dir='ltr'><strong>καί</strong></span> <span class='ocrx_word' id='word_1_601' title='bbox 1502 4904 1859 4963; x_wconf 65' lang='grc' dir='ltr'>Σαϐελλιανούς</span> <span class='ocrx_word' id='word_1_602' title='bbox 1882 4905 2003 4963; x_wconf 86' lang='grc' dir='ltr'>τούς</span> 
     </span>
    </p>
   </div>
   <div class='ocr_carea' id='block_1_83' title="bbox 407 4991 2006 5070">
    <p class='ocr_par' dir='ltr' id='par_1_83' title="bbox 407 4991 2006 5070">
     <span class='ocr_line' id='line_1_83' title="bbox 407 4991 2006 5070; baseline 0.003 -25"><span class='ocrx_word' id='word_1_603' title='bbox 407 4995 740 5069; x_wconf 70' lang='grc' dir='ltr'>υόπατρρίαν</span> <span class='ocrx_word' id='word_1_604' title='bbox 785 4991 1118 5054; x_wconf 82' lang='grc' dir='ltr'>διδάσκοντας</span> <span class='ocrx_word' id='word_1_605' title='bbox 1160 4992 1549 5066; x_wconf 53' lang='lat' dir='ltr'><strong>[deicite-acac],</strong></span> <span class='ocrx_word' id='word_1_606' title='bbox 1579 4999 1659 5049; x_wconf 77' lang='grc' dir='ltr'><strong>καί</strong></span> <span class='ocrx_word' id='word_1_607' title='bbox 1698 4995 1849 5070; x_wconf 78' lang='grc' dir='ltr'>ἕτερά</span> <span class='ocrx_word' id='word_1_608' title='bbox 1893 5016 2006 5049; x_wconf 86' lang='grc' dir='ltr'>τινα</span> 
     </span>
    </p>
   </div>
   <div class='ocr_carea' id='block_1_84' title="bbox 412 5082 2005 5162">
    <p class='ocr_par' dir='ltr' id='par_1_84' title="bbox 412 5082 2005 5162">
     <span class='ocr_line' id='line_1_84' title="bbox 412 5082 2005 5162; baseline -0.001 -23"><span class='ocrx_word' id='word_1_609' title='bbox 412 5085 622 5157; x_wconf 85' lang='grc' dir='ltr'>χαλεπά</span> <span class='ocrx_word' id='word_1_610' title='bbox 648 5091 949 5146; x_wconf 80' lang='grc' dir='ltr'>ποιοῦντας’</span> <span class='ocrx_word' id='word_1_611' title='bbox 982 5088 1066 5139; x_wconf 81' lang='grc' dir='ltr'><strong>καί</strong></span> <span class='ocrx_word' id='word_1_612' title='bbox 1102 5086 1195 5145; x_wconf 79' lang='grc' dir='ltr'>τὰς</span> <span class='ocrx_word' id='word_1_613' title='bbox 1234 5082 1390 5145; x_wconf 77' lang='grc' dir='ltr'>ἄλλας</span> <span class='ocrx_word' id='word_1_614' title='bbox 1419 5087 1589 5144; x_wconf 79' lang='grc' dir='ltr'>πάσας</span> <span class='ocrx_word' id='word_1_615' title='bbox 1616 5087 1836 5162; x_wconf 76' lang='grc' dir='ltr'>αῗρὲσεις</span> <span class='ocrx_word' id='word_1_616' title='bbox 1863 5084 2005 5154; x_wconf 76' lang='grc' dir='ltr'>[τοὺς</span> 
     </span>
    </p>
   </div>
   <div class='ocr_carea' id='block_1_85' title="bbox 412 5171 2002 5253">
    <p class='ocr_par' dir='ltr' id='par_1_85' title="bbox 412 5171 2002 5253">
     <span class='ocr_line' id='line_1_85' title="bbox 412 5171 2002 5253; baseline -0.002 -22"><span class='ocrx_word' id='word_1_617' title='bbox 412 5173 596 5236; x_wconf 69' lang='grc' dir='ltr'>ἄλλους</span> <span class='ocrx_word' id='word_1_618' title='bbox 629 5176 823 5235; x_wconf 78' lang='grc' dir='ltr'>πάντας</span> <span class='ocrx_word' id='word_1_619' title='bbox 858 5171 1168 5253; x_wconf 75' lang='grc' dir='ltr'>αίρετικούς]</span> <span class='ocrx_word' id='word_1_620' title='bbox 1198 5174 1392 5244; x_wconf 68' lang='grc' dir='ltr'>(ἔπειῖή</span> <span class='ocrx_word' id='word_1_621' title='bbox 1418 5173 1587 5227; x_wconf 77' lang='grc' dir='ltr'>πολλοὶ</span> <span class='ocrx_word' id='word_1_622' title='bbox 1620 5177 1743 5228; x_wconf 82' lang='grc' dir='ltr'>εἰσιν</span> <span class='ocrx_word' id='word_1_623' title='bbox 1771 5176 2002 5235; x_wconf 54' lang='grc' dir='ltr'>ἔνταῡία.</span> 
     </span>
    </p>
   </div>
   <div class='ocr_carea' id='block_1_86' title="bbox 411 5263 2005 5339">
    <p class='ocr_par' dir='ltr' id='par_1_86' title="bbox 411 5263 2005 5339">
     <span class='ocr_line' id='line_1_86' title="bbox 411 5263 2005 5339; baseline -0.005 -17"><span class='ocrx_word' id='word_1_624' title='bbox 411 5266 636 5339; x_wconf 69' lang='grc' dir='ltr'>μάλιστα</span> <span class='ocrx_word' id='word_1_625' title='bbox 661 5264 708 5319; x_wconf 83' lang='lat' dir='ltr'><strong>oi.</strong></span> <span class='ocrx_word' id='word_1_626' title='bbox 737 5266 839 5320; x_wconf 82' lang='grc' dir='ltr'>ἀπὸ</span> <span class='ocrx_word' id='word_1_627' title='bbox 861 5273 953 5324; x_wconf 79' lang='grc' dir='ltr'>τῆς</span> <span class='ocrx_word' id='word_1_628' title='bbox 981 5265 1216 5318; x_wconf 83' lang='grc' dir='ltr'>Γαλατῶν</span> <span class='ocrx_word' id='word_1_629' title='bbox 1240 5267 1421 5338; x_wconf 82' lang='grc' dir='ltr'>χώρας</span> <span class='ocrx_word' id='word_1_630' title='bbox 1445 5264 1718 5339; x_wconf 81' lang='grc' dir='ltr'>ἐρχόμενοι</span> <span class='ocrx_word' id='word_1_631' title='bbox 1750 5263 2005 5335; x_wconf 72' lang='grc' dir='ltr'>[ὁρμώμεο</span> 
     </span>
    </p>
   </div>
   <div class='ocr_carea' id='block_1_87' title="bbox 413 5351 2004 5428">
    <p class='ocr_par' dir='ltr' id='par_1_87' title="bbox 413 5351 2004 5428">
     <span class='ocr_line' id='line_1_87' title="bbox 413 5351 2004 5428; baseline -0.003 -18"><span class='ocrx_word' id='word_1_632' title='bbox 413 5355 543 5428; x_wconf 88' lang='grc' dir='ltr'>νοι])</span> <span class='ocrx_word' id='word_1_633' title='bbox 569 5359 767 5417; x_wconf 83' lang='grc' dir='ltr'>πάντας</span> <span class='ocrx_word' id='word_1_634' title='bbox 810 5356 932 5414; x_wconf 81' lang='grc' dir='ltr'>τοὺς</span> <span class='ocrx_word' id='word_1_635' title='bbox 962 5354 1227 5407; x_wconf 78' lang='grc' dir='ltr'>ἀπἀὐτῶν</span> <span class='ocrx_word' id='word_1_636' title='bbox 1272 5355 1504 5411; x_wconf 79' lang='grc' dir='ltr'>θέλοντας</span> <span class='ocrx_word' id='word_1_637' title='bbox 1534 5351 1901 5424; x_wconf 81' lang='grc' dir='ltr'>προστίθεσθαι</span> <span class='ocrx_word' id='word_1_638' title='bbox 1942 5360 2004 5426; x_wconf 77' lang='grc' dir='ltr'>τῇ</span> 
     </span>
    </p>
   </div>
   <div class='ocr_carea' id='block_1_88' title="bbox 413 5442 2003 5525">
    <p class='ocr_par' dir='ltr' id='par_1_88' title="bbox 413 5442 2003 5525">
     <span class='ocr_line' id='line_1_88' title="bbox 413 5442 2003 5525; baseline -0.003 -26"><span class='ocrx_word' id='word_1_639' title='bbox 413 5446 774 5525; x_wconf 40' lang='lat' dir='ltr'><strong>apostasiam;</strong></span> <span class='ocrx_word' id='word_1_640' title='bbox 789 5444 1025 5504; x_wconf 81' lang='grc' dir='ltr'>Ἐλληνας</span> <span class='ocrx_word' id='word_1_641' title='bbox 1050 5442 1325 5513; x_wconf 80' lang='grc' dir='ltr'>δεχόμεθα,</span> <span class='ocrx_word' id='word_1_642' title='bbox 1355 5446 1441 5497; x_wconf 85' lang='grc' dir='ltr'>καὶ</span> <span class='ocrx_word' id='word_1_643' title='bbox 1462 5447 1552 5501; x_wconf 87' lang='grc' dir='ltr'><strong>τήν</strong></span> <span class='ocrx_word' id='word_1_644' title='bbox 1582 5444 1788 5516; x_wconf 82' lang='grc' dir='ltr'>πρώτην</span> <span class='ocrx_word' id='word_1_645' title='bbox 1813 5442 2003 5515; x_wconf 75' lang='grc' dir='ltr'>ἡμέραν</span> 
     </span>
    </p>
   </div>
   <div class='ocr_carea' id='block_1_89' title="bbox 413 5533 2002 5613">
    <p class='ocr_par' dir='ltr' id='par_1_89' title="bbox 413 5533 2002 5613">
     <span class='ocr_line' id='line_1_89' title="bbox 413 5533 2002 5613; baseline -0.003 -24"><span class='ocrx_word' id='word_1_646' title='bbox 413 5545 658 5609; x_wconf 80' lang='grc' dir='ltr'>ποιοῦμεν</span> <span class='ocrx_word' id='word_1_647' title='bbox 679 5538 863 5596; x_wconf 79' lang='grc' dir='ltr'>αὐτούς</span> <span class='ocrx_word' id='word_1_648' title='bbox 892 5538 1246 5613; x_wconf 67' lang='grc' dir='ltr'>Χριπιανσῦς.</span> <span class='ocrx_word' id='word_1_649' title='bbox 1270 5540 1359 5593; x_wconf 84' lang='grc' dir='ltr'><strong>τήν</strong></span> <span class='ocrx_word' id='word_1_650' title='bbox 1387 5533 1439 5589; x_wconf 75' lang='grc' dir='ltr'>δὲ</span> <span class='ocrx_word' id='word_1_651' title='bbox 1470 5533 1712 5608; x_wconf 75' lang='grc' dir='ltr'>δευτέραν</span> <span class='ocrx_word' id='word_1_652' title='bbox 1734 5554 2002 5603; x_wconf 80' lang='grc' dir='ltr'>κατηχού-</span> 
     </span>
    </p>
   </div>
   <div class='ocr_carea' id='block_1_90' title="bbox 417 5626 2004 5705">
    <p class='ocr_par' dir='ltr' id='par_1_90' title="bbox 417 5626 2004 5705">
     <span class='ocr_line' id='line_1_90' title="bbox 417 5626 2004 5705; baseline -0.004 -20"><span class='ocrx_word' id='word_1_653' title='bbox 417 5639 614 5693; x_wconf 69' lang='grc' dir='ltr'>μένους,</span> <span class='ocrx_word' id='word_1_654' title='bbox 644 5626 750 5686; x_wconf 77' lang='grc' dir='ltr'>εἶτα</span> <span class='ocrx_word' id='word_1_655' title='bbox 864 5630 1010 5705; x_wconf 81' lang='grc' dir='ltr'>τρίτῃ</span> <span class='ocrx_word' id='word_1_656' title='bbox 1045 5629 1356 5701; x_wconf 74' lang='grc' dir='ltr'>ἐξορκίζομεν</span> <span class='ocrx_word' id='word_1_657' title='bbox 1398 5628 1586 5685; x_wconf 81' lang='grc' dir='ltr'>αύτούς</span> <span class='ocrx_word' id='word_1_658' title='bbox 1625 5626 1754 5697; x_wconf 82' lang='grc' dir='ltr'><strong>μετά</strong></span> <span class='ocrx_word' id='word_1_659' title='bbox 1781 5630 1869 5680; x_wconf 82' lang='grc' dir='ltr'>τοῦ</span> <span class='ocrx_word' id='word_1_660' title='bbox 1911 5628 2004 5695; x_wconf 76' lang='grc' dir='ltr'>ἐμ·</span> 
     </span>
    </p>
   </div>
   <div class='ocr_carea' id='block_1_91' title="bbox 415 5710 2007 5797">
    <p class='ocr_par' dir='ltr' id='par_1_91' title="bbox 415 5710 2007 5797">
     <span class='ocr_line' id='line_1_91' title="bbox 415 5710 2007 5797; baseline -0.003 -26"><span class='ocrx_word' id='word_1_661' title='bbox 415 5726 583 5790; x_wconf 72' lang='grc' dir='ltr'>φυσᾴν</span> <span class='ocrx_word' id='word_1_662' title='bbox 604 5725 773 5794; x_wconf 83' lang='grc' dir='ltr'>τρίτον</span> <span class='ocrx_word' id='word_1_663' title='bbox 799 5722 869 5781; x_wconf 84' lang='grc' dir='ltr'>ε’ς</span> <span class='ocrx_word' id='word_1_664' title='bbox 891 5720 950 5775; x_wconf 81' lang='grc' dir='ltr'>τὸ</span> <span class='ocrx_word' id='word_1_665' title='bbox 976 5718 1255 5797; x_wconf 84' lang='grc' dir='ltr'>πρόσωπον</span> <span class='ocrx_word' id='word_1_666' title='bbox 1279 5720 1363 5770; x_wconf 83' lang='grc' dir='ltr'>καὶ</span> <span class='ocrx_word' id='word_1_667' title='bbox 1390 5719 1462 5775; x_wconf 88' lang='grc' dir='ltr'>εἰς</span> <span class='ocrx_word' id='word_1_668' title='bbox 1488 5717 1555 5769; x_wconf 87' lang='grc' dir='ltr'><strong>τά</strong></span> <span class='ocrx_word' id='word_1_669' title='bbox 1577 5710 1704 5769; x_wconf 77' lang='grc' dir='ltr'>ὧτα⁶</span> <span class='ocrx_word' id='word_1_670' title='bbox 1734 5718 1817 5767; x_wconf 71' lang='grc' dir='ltr'>καὶ</span> <span class='ocrx_word' id='word_1_671' title='bbox 1843 5714 2007 5774; x_wconf 69' lang='grc' dir='ltr'>οἷτως</span> 
     </span>
    </p>
   </div>
   <div class='ocr_carea' id='block_1_92' title="bbox 418 5806 2005 5885">
    <p class='ocr_par' dir='ltr' id='par_1_92' title="bbox 418 5806 2005 5885">
     <span class='ocr_line' id='line_1_92' title="bbox 418 5806 2005 5885; baseline -0.006 -18"><span class='ocrx_word' id='word_1_672' title='bbox 418 5820 743 5884; x_wconf 80' lang='grc' dir='ltr'>γατηχοῦμεν</span> <span class='ocrx_word' id='word_1_673' title='bbox 770 5812 988 5877; x_wconf 78' lang='grc' dir='ltr'>αὐτούς,</span> <span class='ocrx_word' id='word_1_674' title='bbox 1023 5816 1111 5868; x_wconf 86' lang='grc' dir='ltr'><strong>καί</strong></span> <span class='ocrx_word' id='word_1_675' title='bbox 1150 5817 1395 5883; x_wconf 76' lang='grc' dir='ltr'>ποιοῦμεν</span> <span class='ocrx_word' id='word_1_676' title='bbox 1424 5810 1681 5885; x_wconf 80' lang='grc' dir='ltr'>χρονίζειν</span> <span class='ocrx_word' id='word_1_677' title='bbox 1708 5809 1779 5868; x_wconf 70' lang='grc' dir='ltr'>εἷς</span> <span class='ocrx_word' id='word_1_678' title='bbox 1808 5812 1897 5866; x_wconf 75' lang='grc' dir='ltr'><strong>τήν</strong></span> <span class='ocrx_word' id='word_1_679' title='bbox 1926 5806 2005 5859; x_wconf 66' lang='lat' dir='ltr'><strong>ix-</strong></span> 
     </span>
    </p>
   </div>
   <div class='ocr_carea' id='block_1_93' title="bbox 2176 3603 3699 3680">
    <p class='ocr_par' dir='ltr' id='par_1_93' title="bbox 2176 3603 3699 3680">
     <span class='ocr_line' id='line_1_93' title="bbox 2176 3603 3699 3680; baseline -0.005 -14"><span class='ocrx_word' id='word_1_680' title='bbox 2176 3610 2381 3666; x_wconf 77' lang='lat' dir='ltr'><strong>CLXX.</strong></span> <span class='ocrx_word' id='word_1_681' title='bbox 2408 3642 2479 3653; x_wconf 92' lang='lat'><strong>—</strong></span> <span class='ocrx_word' id='word_1_682' title='bbox 2508 3612 2559 3666; x_wconf 88' lang='lat'><strong>7.</strong></span> <span class='ocrx_word' id='word_1_683' title='bbox 2600 3611 2709 3667; x_wconf 90' lang='lat' dir='ltr'><strong>Eos</strong></span> <span class='ocrx_word' id='word_1_684' title='bbox 2736 3611 2828 3680; x_wconf 90' lang='lat' dir='ltr'><strong>qui</strong></span> <span class='ocrx_word' id='word_1_685' title='bbox 2868 3626 2937 3665; x_wconf 81' lang='lat' dir='ltr'><strong>ex</strong></span> <span class='ocrx_word' id='word_1_686' title='bbox 2978 3608 3246 3665; x_wconf 73' lang='lat' dir='ltr'><strong>hrcreticis</strong></span> <span class='ocrx_word' id='word_1_687' title='bbox 3278 3616 3439 3663; x_wconf 68' lang='lat' dir='ltr'><strong>rectm</strong></span> <span class='ocrx_word' id='word_1_688' title='bbox 3479 3603 3600 3660; x_wconf 64' lang='lat' dir='ltr'><strong>fidei</strong></span> <span class='ocrx_word' id='word_1_689' title='bbox 3637 3613 3699 3659; x_wconf 88' lang='lat' dir='ltr'><strong>et</strong></span> 
     </span>
    </p>
   </div>
   <div class='ocr_carea' id='block_1_94' title="bbox 2107 3696 3701 3775">
    <p class='ocr_par' dir='ltr' id='par_1_94' title="bbox 2107 3696 3701 3775">
     <span class='ocr_line' id='line_1_94' title="bbox 2107 3696 3701 3775; baseline -0.007 -17"><span class='ocrx_word' id='word_1_690' title='bbox 2107 3704 2244 3775; x_wconf 87' lang='lat' dir='ltr'><strong>parti</strong></span> <span class='ocrx_word' id='word_1_691' title='bbox 2270 3719 2458 3759; x_wconf 88' lang='lat' dir='ltr'><strong>eorum</strong></span> <span class='ocrx_word' id='word_1_692' title='bbox 2486 3702 2577 3773; x_wconf 85' lang='lat' dir='ltr'><strong>qui</strong></span> <span class='ocrx_word' id='word_1_693' title='bbox 2605 3702 2900 3765; x_wconf 88' lang='lat' dir='ltr'><strong>salvantur,</strong></span> <span class='ocrx_word' id='word_1_694' title='bbox 2928 3701 3207 3755; x_wconf 66' lang='lat' dir='ltr'><strong>adhazrere</strong></span> <span class='ocrx_word' id='word_1_695' title='bbox 3234 3698 3473 3770; x_wconf 84' lang='lat' dir='ltr'><strong>cupiunt,</strong></span> <span class='ocrx_word' id='word_1_696' title='bbox 3503 3696 3701 3750; x_wconf 80' lang='lat' dir='ltr'><strong>admit-</strong></span> 
     </span>
    </p>
   </div>
   <div class='ocr_carea' id='block_1_95' title="bbox 2109 3785 3701 3862">
    <p class='ocr_par' dir='ltr' id='par_1_95' title="bbox 2109 3785 3701 3862">
     <span class='ocr_line' id='line_1_95' title="bbox 2109 3785 3701 3862; baseline -0.007 -13"><span class='ocrx_word' id='word_1_697' title='bbox 2109 3797 2269 3851; x_wconf 89' lang='lat' dir='ltr'><strong>tinms</strong></span> <span class='ocrx_word' id='word_1_698' title='bbox 2309 3794 2605 3849; x_wconf 83' lang='lat' dir='ltr'><strong>secundum</strong></span> <span class='ocrx_word' id='word_1_699' title='bbox 2649 3792 2950 3862; x_wconf 87' lang='lat' dir='ltr'><strong>subjectum</strong></span> <span class='ocrx_word' id='word_1_700' title='bbox 2989 3792 3231 3846; x_wconf 89' lang='lat' dir='ltr'><strong>ordinem</strong></span> <span class='ocrx_word' id='word_1_701' title='bbox 3262 3798 3317 3845; x_wconf 88' lang='lat' dir='ltr'><strong>et</strong></span> <span class='ocrx_word' id='word_1_702' title='bbox 3353 3785 3701 3843; x_wconf 86' lang='lat' dir='ltr'><strong>consuetudi-</strong></span> 
     </span>
    </p>
   </div>
   <div class='ocr_carea' id='block_1_96' title="bbox 2111 3876 3703 3955">
    <p class='ocr_par' dir='ltr' id='par_1_96' title="bbox 2111 3876 3703 3955">
     <span class='ocr_line' id='line_1_96' title="bbox 2111 3876 3703 3955; baseline -0.008 -13"><span class='ocrx_word' id='word_1_703' title='bbox 2111 3903 2256 3942; x_wconf 86' lang='lat' dir='ltr'><strong>nem.</strong></span> <span class='ocrx_word' id='word_1_704' title='bbox 2284 3886 2510 3939; x_wconf 74' lang='lat' dir='ltr'><strong>Arlanos</strong></span> <span class='ocrx_word' id='word_1_705' title='bbox 2533 3884 2747 3955; x_wconf 88' lang='lat' dir='ltr'><strong>quidem</strong></span> <span class='ocrx_word' id='word_1_706' title='bbox 2775 3892 2831 3938; x_wconf 89' lang='lat' dir='ltr'><strong>et</strong></span> <span class='ocrx_word' id='word_1_707' title='bbox 2860 3882 3299 3943; x_wconf 83' lang='lat' dir='ltr'><strong>Macedonianos,</strong></span> <span class='ocrx_word' id='word_1_708' title='bbox 3329 3887 3385 3934; x_wconf 91' lang='lat' dir='ltr'><strong>et</strong></span> <span class='ocrx_word' id='word_1_709' title='bbox 3414 3876 3703 3933; x_wconf 83' lang='lat' dir='ltr'><strong>Sabbatia-</strong></span> 
     </span>
    </p>
   </div>
   <div class='ocr_carea' id='block_1_97' title="bbox 2111 3971 3702 4044">
    <p class='ocr_par' dir='ltr' id='par_1_97' title="bbox 2111 3971 3702 4044">
     <span class='ocr_line' id='line_1_97' title="bbox 2111 3971 3702 4044; baseline -0.006 -12"><span class='ocrx_word' id='word_1_710' title='bbox 2111 3994 2234 4044; x_wconf 85' lang='lat' dir='ltr'><strong>nos,</strong></span> <span class='ocrx_word' id='word_1_711' title='bbox 2262 3986 2318 4031; x_wconf 90' lang='lat' dir='ltr'><strong>et</strong></span> <span class='ocrx_word' id='word_1_712' title='bbox 2345 3976 2671 4031; x_wconf 84' lang='lat' dir='ltr'><strong>Novatianos</strong></span> <span class='ocrx_word' id='word_1_713' title='bbox 2698 3974 2788 4043; x_wconf 89' lang='lat' dir='ltr'><strong>qui</strong></span> <span class='ocrx_word' id='word_1_714' title='bbox 2824 3990 2883 4028; x_wconf 91' lang='lat' dir='ltr'><strong>se</strong></span> <span class='ocrx_word' id='word_1_715' title='bbox 2911 3988 3077 4044; x_wconf 89' lang='lat' dir='ltr'><strong>puros</strong></span> <span class='ocrx_word' id='word_1_716' title='bbox 3111 3980 3167 4027; x_wconf 87' lang='lat' dir='ltr'><strong>et</strong></span> <span class='ocrx_word' id='word_1_717' title='bbox 3203 3971 3452 4026; x_wconf 83' lang='lat' dir='ltr'><strong>sinistros</strong></span> <span class='ocrx_word' id='word_1_718' title='bbox 3477 3977 3702 4035; x_wconf 85' lang='lat' dir='ltr'><strong>vocant,</strong></span> 
     </span>
    </p>
   </div>
   <div class='ocr_carea' id='block_1_98' title="bbox 2110 4058 3705 4134">
    <p class='ocr_par' dir='ltr' id='par_1_98' title="bbox 2110 4058 3705 4134">
     <span class='ocr_line' id='line_1_98' title="bbox 2110 4058 3705 4134; baseline -0.007 -11"><span class='ocrx_word' id='word_1_719' title='bbox 2110 4076 2166 4124; x_wconf 85' lang='lat' dir='ltr'><strong>et</strong></span> <span class='ocrx_word' id='word_1_720' title='bbox 2192 4065 2711 4134; x_wconf 87' lang='lat' dir='ltr'><strong>Quartodecimanos</strong></span> <span class='ocrx_word' id='word_1_721' title='bbox 2753 4064 2868 4119; x_wconf 89' lang='lat' dir='ltr'><strong>sive</strong></span> <span class='ocrx_word' id='word_1_722' title='bbox 2906 4062 3313 4130; x_wconf 86' lang='lat' dir='ltr'><strong>Quaternarios,</strong></span> <span class='ocrx_word' id='word_1_723' title='bbox 3345 4069 3401 4114; x_wconf 89' lang='lat' dir='ltr'><strong>et</strong></span> <span class='ocrx_word' id='word_1_724' title='bbox 3429 4058 3705 4129; x_wconf 83' lang='lat' dir='ltr'><strong>Apollina-</strong></span> 
     </span>
    </p>
   </div>
   <div class='ocr_carea' id='block_1_99' title="bbox 2110 4153 3701 4228">
    <p class='ocr_par' dir='ltr' id='par_1_99' title="bbox 2110 4153 3701 4228">
     <span class='ocr_line' id='line_1_99' title="bbox 2110 4153 3701 4228; baseline -0.008 -13"><span class='ocrx_word' id='word_1_725' title='bbox 2110 4160 2269 4215; x_wconf 88' lang='lat' dir='ltr'><strong>ristas</strong></span> <span class='ocrx_word' id='word_1_726' title='bbox 2306 4157 2622 4228; x_wconf 89' lang='lat' dir='ltr'><strong>recipimus,</strong></span> <span class='ocrx_word' id='word_1_727' title='bbox 2661 4155 2853 4211; x_wconf 86' lang='lat' dir='ltr'><strong>dantes</strong></span> <span class='ocrx_word' id='word_1_728' title='bbox 2887 4154 3103 4224; x_wconf 89' lang='lat' dir='ltr'><strong>quidem</strong></span> <span class='ocrx_word' id='word_1_729' title='bbox 3143 4153 3353 4209; x_wconf 88' lang='lat' dir='ltr'><strong>libellos</strong></span> <span class='ocrx_word' id='word_1_730' title='bbox 3387 4160 3445 4207; x_wconf 91' lang='lat' dir='ltr'><strong>et</strong></span> <span class='ocrx_word' id='word_1_731' title='bbox 3481 4165 3701 4206; x_wconf 88' lang='lat' dir='ltr'><strong>omnem</strong></span> 
     </span>
    </p>
   </div>
   <div class='ocr_carea' id='block_1_100' title="bbox 2109 4242 3703 4315">
    <p class='ocr_par' dir='ltr' id='par_1_100' title="bbox 2109 4242 3703 4315">
     <span class='ocr_line' id='line_1_100' title="bbox 2109 4242 3703 4315; baseline -0.008 -8"><span class='ocrx_word' id='word_1_732' title='bbox 2109 4249 2354 4307; x_wconf 72' lang='lat' dir='ltr'><strong>hmresim</strong></span> <span class='ocrx_word' id='word_1_733' title='bbox 2378 4256 2743 4312; x_wconf 80' lang='lat' dir='ltr'><strong>exsecrantes,</strong></span> <span class='ocrx_word' id='word_1_734' title='bbox 2776 4260 2897 4315; x_wconf 85' lang='lat' dir='ltr'><strong>quae</strong></span> <span class='ocrx_word' id='word_1_735' title='bbox 2916 4261 3025 4300; x_wconf 89' lang='lat' dir='ltr'><strong>non</strong></span> <span class='ocrx_word' id='word_1_736' title='bbox 3051 4242 3337 4300; x_wconf 84' lang='lat' dir='ltr'><strong>conveniat</strong></span> <span class='ocrx_word' id='word_1_737' title='bbox 3364 4257 3487 4297; x_wconf 90' lang='lat' dir='ltr'><strong>cum</strong></span> <span class='ocrx_word' id='word_1_738' title='bbox 3509 4250 3703 4294; x_wconf 80' lang='lat' dir='ltr'><strong>sancta</strong></span> 
     </span>
    </p>
   </div>
   <div class='ocr_carea' id='block_1_101' title="bbox 2109 4331 3694 4408">
    <p class='ocr_par' dir='ltr' id='par_1_101' title="bbox 2109 4331 3694 4408">
     <span class='ocr_line' id='line_1_101' title="bbox 2109 4331 3694 4408; baseline -0.007 -13"><span class='ocrx_word' id='word_1_739' title='bbox 2109 4341 2207 4396; x_wconf 90' lang='lat' dir='ltr'><strong>Dei</strong></span> <span class='ocrx_word' id='word_1_740' title='bbox 2237 4339 2505 4396; x_wconf 86' lang='lat' dir='ltr'><strong>catholica</strong></span> <span class='ocrx_word' id='word_1_741' title='bbox 2535 4347 2590 4393; x_wconf 89' lang='lat' dir='ltr'><strong>et</strong></span> <span class='ocrx_word' id='word_1_742' title='bbox 2617 4337 2916 4408; x_wconf 88' lang='lat' dir='ltr'><strong>apostolica</strong></span> <span class='ocrx_word' id='word_1_743' title='bbox 2943 4335 3217 4399; x_wconf 85' lang='lat' dir='ltr'><strong>Ecclesia;</strong></span> <span class='ocrx_word' id='word_1_744' title='bbox 3252 4342 3308 4387; x_wconf 82' lang='lat' dir='ltr'><strong>et</strong></span> <span class='ocrx_word' id='word_1_745' title='bbox 3334 4334 3576 4401; x_wconf 84' lang='lat' dir='ltr'><strong>signatos</strong></span> <span class='ocrx_word' id='word_1_746' title='bbox 3620 4331 3694 4385; x_wconf 88' lang='lat' dir='ltr'><strong>si-</strong></span> 
     </span>
    </p>
   </div>
   <div class='ocr_carea' id='block_1_102' title="bbox 2110 4424 3706 4503">
    <p class='ocr_par' dir='ltr' id='par_1_102' title="bbox 2110 4424 3706 4503">
     <span class='ocr_line' id='line_1_102' title="bbox 2110 4424 3706 4503; baseline -0.009 -14"><span class='ocrx_word' id='word_1_747' title='bbox 2110 4451 2177 4491; x_wconf 89' lang='lat' dir='ltr'><strong>ve</strong></span> <span class='ocrx_word' id='word_1_748' title='bbox 2202 4442 2396 4489; x_wconf 89' lang='lat' dir='ltr'><strong>unctos</strong></span> <span class='ocrx_word' id='word_1_749' title='bbox 2427 4431 2663 4503; x_wconf 88' lang='lat' dir='ltr'><strong>primum</strong></span> <span class='ocrx_word' id='word_1_750' title='bbox 2693 4445 2851 4485; x_wconf 88' lang='lat' dir='ltr'><strong>sacro</strong></span> <span class='ocrx_word' id='word_1_751' title='bbox 2890 4436 3193 4495; x_wconf 88' lang='lat' dir='ltr'><strong>unguento,</strong></span> <span class='ocrx_word' id='word_1_752' title='bbox 3242 4434 3298 4479; x_wconf 87' lang='lat' dir='ltr'><strong>et</strong></span> <span class='ocrx_word' id='word_1_753' title='bbox 3338 4424 3602 4488; x_wconf 83' lang='lat' dir='ltr'><strong>frontem,</strong></span> <span class='ocrx_word' id='word_1_754' title='bbox 3643 4428 3706 4476; x_wconf 84' lang='lat' dir='ltr'><strong>et</strong></span> 
     </span>
    </p>
   </div>
   <div class='ocr_carea' id='block_1_103' title="bbox 2112 4514 3701 4589">
    <p class='ocr_par' dir='ltr' id='par_1_103' title="bbox 2112 4514 3701 4589">
     <span class='ocr_line' id='line_1_103' title="bbox 2112 4514 3701 4589; baseline -0.009 -8"><span class='ocrx_word' id='word_1_755' title='bbox 2112 4526 2321 4589; x_wconf 86' lang='lat' dir='ltr'><strong>oculos,</strong></span> <span class='ocrx_word' id='word_1_756' title='bbox 2353 4532 2409 4579; x_wconf 90' lang='lat' dir='ltr'><strong>et</strong></span> <span class='ocrx_word' id='word_1_757' title='bbox 2454 4537 2633 4585; x_wconf 89' lang='lat' dir='ltr'><strong>nares,</strong></span> <span class='ocrx_word' id='word_1_758' title='bbox 2666 4530 2721 4575; x_wconf 88' lang='lat' dir='ltr'><strong>et</strong></span> <span class='ocrx_word' id='word_1_759' title='bbox 2749 4536 2829 4583; x_wconf 89' lang='lat' dir='ltr'><strong>os,</strong></span> <span class='ocrx_word' id='word_1_760' title='bbox 2861 4526 2918 4573; x_wconf 88' lang='lat' dir='ltr'><strong>et</strong></span> <span class='ocrx_word' id='word_1_761' title='bbox 2951 4532 3110 4572; x_wconf 87' lang='lat' dir='ltr'><strong>aures</strong></span> <span class='ocrx_word' id='word_1_762' title='bbox 3145 4534 3157 4570; x_wconf 92' lang='lat'><strong>:</strong></span> <span class='ocrx_word' id='word_1_763' title='bbox 3197 4526 3253 4570; x_wconf 91' lang='lat' dir='ltr'><strong>et</strong></span> <span class='ocrx_word' id='word_1_764' title='bbox 3279 4531 3374 4571; x_wconf 90' lang='lat' dir='ltr'><strong>eos</strong></span> <span class='ocrx_word' id='word_1_765' title='bbox 3402 4514 3701 4581; x_wconf 84' lang='lat' dir='ltr'><strong>signantes,</strong></span> 
     </span>
    </p>
   </div>
   <div class='ocr_carea' id='block_1_104' title="bbox 2111 4603 3707 4686">
    <p class='ocr_par' dir='ltr' id='par_1_104' title="bbox 2111 4603 3707 4686">
     <span class='ocr_line' id='line_1_104' title="bbox 2111 4603 3707 4686; baseline -0.011 -13"><span class='ocrx_word' id='word_1_766' title='bbox 2111 4617 2369 4673; x_wconf 91' lang='lat' dir='ltr'><strong>dicimus:</strong></span> <span class='ocrx_word' id='word_1_767' title='bbox 2397 4614 2746 4686; x_wconf 72' lang='lat' dir='ltr'><strong>Signaculum</strong></span> <span class='ocrx_word' id='word_1_768' title='bbox 2775 4611 2902 4666; x_wconf 89' lang='lat' dir='ltr'><strong>doni</strong></span> <span class='ocrx_word' id='word_1_769' title='bbox 2931 4609 3160 4679; x_wconf 79' lang='lat' dir='ltr'><strong>Spiritus</strong></span> <span class='ocrx_word' id='word_1_770' title='bbox 3181 4607 3374 4662; x_wconf 88' lang='lat' dir='ltr'><strong>sancti.</strong></span> <span class='ocrx_word' id='word_1_771' title='bbox 3406 4603 3707 4659; x_wconf 84' lang='lat' dir='ltr'><strong>Eunomia-</strong></span> 
     </span>
    </p>
   </div>
   <div class='ocr_carea' id='block_1_105' title="bbox 2111 4696 3703 4776">
    <p class='ocr_par' dir='ltr' id='par_1_105' title="bbox 2111 4696 3703 4776">
     <span class='ocr_line' id='line_1_105' title="bbox 2111 4696 3703 4776; baseline -0.011 -11"><span class='ocrx_word' id='word_1_772' title='bbox 2111 4725 2212 4765; x_wconf 88' lang='lat' dir='ltr'><strong>nos</strong></span> <span class='ocrx_word' id='word_1_773' title='bbox 2239 4717 2439 4773; x_wconf 89' lang='lat' dir='ltr'><strong>autem,</strong></span> <span class='ocrx_word' id='word_1_774' title='bbox 2470 4708 2563 4776; x_wconf 88' lang='lat' dir='ltr'><strong>qui</strong></span> <span class='ocrx_word' id='word_1_775' title='bbox 2603 4720 2708 4760; x_wconf 87' lang='lat' dir='ltr'><strong>una</strong></span> <span class='ocrx_word' id='word_1_776' title='bbox 2741 4702 3090 4758; x_wconf 85' lang='lat' dir='ltr'><strong>immersione</strong></span> <span class='ocrx_word' id='word_1_777' title='bbox 3132 4699 3475 4770; x_wconf 89' lang='lat' dir='ltr'><strong>baptizantur</strong></span> <span class='ocrx_word' id='word_1_778' title='bbox 3516 4714 3529 4749; x_wconf 87' lang='lat'><strong>:</strong></span> <span class='ocrx_word' id='word_1_779' title='bbox 3569 4696 3703 4749; x_wconf 76' lang='lat' dir='ltr'><strong>item</strong></span> 
     </span>
    </p>
   </div>
   <div class='ocr_carea' id='block_1_106' title="bbox 2112 4788 3710 4869">
    <p class='ocr_par' dir='ltr' id='par_1_106' title="bbox 2112 4788 3710 4869">
     <span class='ocr_line' id='line_1_106' title="bbox 2112 4788 3710 4869; baseline -0.01 -12"><span class='ocrx_word' id='word_1_780' title='bbox 2112 4802 2468 4858; x_wconf 80' lang='lat' dir='ltr'><strong>Montanistas</strong></span> <span class='ocrx_word' id='word_1_781' title='bbox 2493 4800 2586 4869; x_wconf 89' lang='lat' dir='ltr'><strong>qui</strong></span> <span class='ocrx_word' id='word_1_782' title='bbox 2615 4800 2704 4853; x_wconf 88' lang='lat' dir='ltr'><strong>hic</strong></span> <span class='ocrx_word' id='word_1_783' title='bbox 2732 4797 3070 4867; x_wconf 83' lang='lat' dir='ltr'><strong>appellantur</strong></span> <span class='ocrx_word' id='word_1_784' title='bbox 3112 4795 3379 4865; x_wconf 75' lang='lat' dir='ltr'><strong>Phryges,</strong></span> <span class='ocrx_word' id='word_1_785' title='bbox 3425 4800 3481 4844; x_wconf 91' lang='lat' dir='ltr'><strong>et</strong></span> <span class='ocrx_word' id='word_1_786' title='bbox 3510 4788 3710 4841; x_wconf 79' lang='lat' dir='ltr'><strong>Sabel-</strong></span> 
     </span>
    </p>
   </div>
   <div class='ocr_carea' id='block_1_107' title="bbox 2112 4879 3707 4961">
    <p class='ocr_par' dir='ltr' id='par_1_107' title="bbox 2112 4879 3707 4961">
     <span class='ocr_line' id='line_1_107' title="bbox 2112 4879 3707 4961; baseline -0.011 -14"><span class='ocrx_word' id='word_1_787' title='bbox 2112 4895 2285 4948; x_wconf 86' lang='lat' dir='ltr'><strong>lianos</strong></span> <span class='ocrx_word' id='word_1_788' title='bbox 2312 4892 2405 4961; x_wconf 89' lang='lat' dir='ltr'><strong>qui</strong></span> <span class='ocrx_word' id='word_1_789' title='bbox 2434 4890 2682 4946; x_wconf 89' lang='lat' dir='ltr'><strong>eumdem</strong></span> <span class='ocrx_word' id='word_1_790' title='bbox 2708 4903 2830 4944; x_wconf 88' lang='lat' dir='ltr'><strong>esse</strong></span> <span class='ocrx_word' id='word_1_791' title='bbox 2858 4886 3070 4941; x_wconf 88' lang='lat' dir='ltr'><strong>Patrem</strong></span> <span class='ocrx_word' id='word_1_792' title='bbox 3093 4894 3149 4940; x_wconf 89' lang='lat' dir='ltr'><strong>et</strong></span> <span class='ocrx_word' id='word_1_793' title='bbox 3171 4884 3359 4937; x_wconf 84' lang='lat' dir='ltr'><strong>Filium</strong></span> <span class='ocrx_word' id='word_1_794' title='bbox 3384 4879 3707 4949; x_wconf 84' lang='lat' dir='ltr'><strong>opinantur.</strong></span> 
     </span>
    </p>
   </div>
   <div class='ocr_carea' id='block_1_108' title="bbox 2112 4972 3709 5050">
    <p class='ocr_par' dir='ltr' id='par_1_108' title="bbox 2112 4972 3709 5050">
     <span class='ocr_line' id='line_1_108' title="bbox 2112 4972 3709 5050; baseline -0.009 -13"><span class='ocrx_word' id='word_1_795' title='bbox 2112 4991 2167 5039; x_wconf 88' lang='lat' dir='ltr'><strong>et</strong></span> <span class='ocrx_word' id='word_1_796' title='bbox 2219 4981 2322 5036; x_wconf 89' lang='lat' dir='ltr'><strong>alia</strong></span> <span class='ocrx_word' id='word_1_797' title='bbox 2370 4979 2614 5050; x_wconf 61' lang='lat' dir='ltr'><strong>quaedam</strong></span> <span class='ocrx_word' id='word_1_798' title='bbox 2659 4977 2879 5046; x_wconf 88' lang='lat' dir='ltr'><strong>indigna</strong></span> <span class='ocrx_word' id='word_1_799' title='bbox 2930 4976 3133 5029; x_wconf 88' lang='lat' dir='ltr'><strong>faciunt</strong></span> <span class='ocrx_word' id='word_1_800' title='bbox 3178 4992 3190 5026; x_wconf 94' lang='lat'>:</span> <span class='ocrx_word' id='word_1_801' title='bbox 3231 4972 3472 5040; x_wconf 87' lang='lat' dir='ltr'><strong>aliasque</strong></span> <span class='ocrx_word' id='word_1_802' title='bbox 3509 4984 3709 5024; x_wconf 85' lang='lat' dir='ltr'><strong>omnes</strong></span> 
     </span>
    </p>
   </div>
   <div class='ocr_carea' id='block_1_109' title="bbox 2112 5058 3710 5141">
    <p class='ocr_par' dir='ltr' id='par_1_109' title="bbox 2112 5058 3710 5141">
     <span class='ocr_line' id='line_1_109' title="bbox 2112 5058 3710 5141; baseline -0.008 -16"><span class='ocrx_word' id='word_1_803' title='bbox 2112 5071 2343 5125; x_wconf 74' lang='lat' dir='ltr'><strong>hmrescs</strong></span> <span class='ocrx_word' id='word_1_804' title='bbox 2370 5068 2644 5141; x_wconf 89' lang='lat' dir='ltr'><strong>(quoniam</strong></span> <span class='ocrx_word' id='word_1_805' title='bbox 2665 5068 2755 5122; x_wconf 89' lang='lat' dir='ltr'><strong>hic</strong></span> <span class='ocrx_word' id='word_1_806' title='bbox 2782 5066 2935 5120; x_wconf 90' lang='lat' dir='ltr'><strong>multi</strong></span> <span class='ocrx_word' id='word_1_807' title='bbox 2965 5073 3089 5119; x_wconf 92' lang='lat' dir='ltr'><strong>sunt</strong></span> <span class='ocrx_word' id='word_1_808' title='bbox 3108 5061 3365 5125; x_wconf 74' lang='lat' dir='ltr'><strong>lizcretici,</strong></span> <span class='ocrx_word' id='word_1_809' title='bbox 3390 5068 3446 5114; x_wconf 86' lang='lat' dir='ltr'><strong>et</strong></span> <span class='ocrx_word' id='word_1_810' title='bbox 3467 5058 3710 5112; x_wconf 80' lang='lat' dir='ltr'><strong>maxime</strong></span> 
     </span>
    </p>
   </div>
   <div class='ocr_carea' id='block_1_110' title="bbox 2112 5146 3709 5231">
    <p class='ocr_par' dir='ltr' id='par_1_110' title="bbox 2112 5146 3709 5231">
     <span class='ocr_line' id='line_1_110' title="bbox 2112 5146 3709 5231; baseline -0.009 -17"><span class='ocrx_word' id='word_1_811' title='bbox 2112 5162 2203 5231; x_wconf 89' lang='lat' dir='ltr'><strong>qui</strong></span> <span class='ocrx_word' id='word_1_812' title='bbox 2228 5176 2297 5216; x_wconf 78' lang='lat' dir='ltr'><strong>ex</strong></span> <span class='ocrx_word' id='word_1_813' title='bbox 2324 5158 2634 5214; x_wconf 87' lang='lat' dir='ltr'><strong>Galatarum</strong></span> <span class='ocrx_word' id='word_1_814' title='bbox 2664 5157 2885 5225; x_wconf 83' lang='lat' dir='ltr'><strong>regione</strong></span> <span class='ocrx_word' id='word_1_815' title='bbox 2917 5152 3157 5223; x_wconf 87' lang='lat' dir='ltr'><strong>veniunt)</strong></span> <span class='ocrx_word' id='word_1_816' title='bbox 3188 5152 3497 5219; x_wconf 86' lang='lat' dir='ltr'><strong>quicunque</strong></span> <span class='ocrx_word' id='word_1_817' title='bbox 3520 5162 3584 5199; x_wconf 77' lang='lat' dir='ltr'><strong>ex</strong></span> <span class='ocrx_word' id='word_1_818' title='bbox 3616 5146 3709 5199; x_wconf 85' lang='lat' dir='ltr'><strong>his</strong></span> 
     </span>
    </p>
   </div>
   <div class='ocr_carea' id='block_1_111' title="bbox 2112 5236 3700 5309">
    <p class='ocr_par' dir='ltr' id='par_1_111' title="bbox 2112 5236 3700 5309">
     <span class='ocr_line' id='line_1_111' title="bbox 2112 5236 3700 5309; baseline -0.013 -2"><span class='ocrx_word' id='word_1_819' title='bbox 2112 5262 2274 5307; x_wconf 64' lang='lat' dir='ltr'><strong>recta:</strong></span> <span class='ocrx_word' id='word_1_820' title='bbox 2297 5249 2418 5305; x_wconf 79' lang='lat' dir='ltr'><strong>fidei</strong></span> <span class='ocrx_word' id='word_1_821' title='bbox 2442 5247 2672 5303; x_wconf 86' lang='lat' dir='ltr'><strong>adscribi</strong></span> <span class='ocrx_word' id='word_1_822' title='bbox 2695 5247 2901 5309; x_wconf 87' lang='lat' dir='ltr'><strong>volunt,</strong></span> <span class='ocrx_word' id='word_1_823' title='bbox 2926 5244 3073 5298; x_wconf 86' lang='lat' dir='ltr'><strong>velut</strong></span> <span class='ocrx_word' id='word_1_824' title='bbox 3091 5241 3308 5296; x_wconf 70' lang='lat' dir='ltr'><strong>Gnccos</strong></span> <span class='ocrx_word' id='word_1_825' title='bbox 3332 5236 3662 5294; x_wconf 85' lang='lat' dir='ltr'><strong>admittimus</strong></span> <span class='ocrx_word' id='word_1_826' title='bbox 3686 5253 3700 5288; x_wconf 89' lang='lat'><strong>:</strong></span> 
     </span>
    </p>
   </div>
   <div class='ocr_carea' id='block_1_112' title="bbox 2111 5326 3707 5412">
    <p class='ocr_par' dir='ltr' id='par_1_112' title="bbox 2111 5326 3707 5412">
     <span class='ocr_line' id='line_1_112' title="bbox 2111 5326 3707 5412; baseline -0.014 -14"><span class='ocrx_word' id='word_1_827' title='bbox 2111 5359 2176 5398; x_wconf 92' lang='lat' dir='ltr'><strong>ac</strong></span> <span class='ocrx_word' id='word_1_828' title='bbox 2201 5342 2375 5412; x_wconf 91' lang='lat' dir='ltr'><strong>primo</strong></span> <span class='ocrx_word' id='word_1_829' title='bbox 2405 5338 2617 5410; x_wconf 86' lang='lat' dir='ltr'><strong>quidem</strong></span> <span class='ocrx_word' id='word_1_830' title='bbox 2644 5337 2729 5393; x_wconf 90' lang='lat' dir='ltr'><strong>die</strong></span> <span class='ocrx_word' id='word_1_831' title='bbox 2760 5352 2854 5390; x_wconf 90' lang='lat' dir='ltr'><strong>eos</strong></span> <span class='ocrx_word' id='word_1_832' title='bbox 2884 5334 3204 5389; x_wconf 77' lang='lat' dir='ltr'><strong>christianos</strong></span> <span class='ocrx_word' id='word_1_833' title='bbox 3229 5330 3590 5398; x_wconf 86' lang='lat' dir='ltr'><strong>designamus,</strong></span> <span class='ocrx_word' id='word_1_834' title='bbox 3623 5326 3707 5377; x_wconf 80' lang='lat' dir='ltr'><strong>al-</strong></span> 
     </span>
    </p>
   </div>
   <div class='ocr_carea' id='block_1_113' title="bbox 2113 5424 3707 5494">
    <p class='ocr_par' dir='ltr' id='par_1_113' title="bbox 2113 5424 3707 5494">
     <span class='ocr_line' id='line_1_113' title="bbox 2113 5424 3707 5494; baseline -0.012 -4"><span class='ocrx_word' id='word_1_835' title='bbox 2113 5444 2229 5490; x_wconf 88' lang='lat' dir='ltr'><strong>tero</strong></span> <span class='ocrx_word' id='word_1_836' title='bbox 2260 5433 2699 5494; x_wconf 76' lang='lat' dir='ltr'><strong>catechumenos,</strong></span> <span class='ocrx_word' id='word_1_837' title='bbox 2732 5428 2925 5484; x_wconf 87' lang='lat' dir='ltr'><strong>deinde</strong></span> <span class='ocrx_word' id='word_1_838' title='bbox 2954 5427 3115 5482; x_wconf 89' lang='lat' dir='ltr'><strong>tertio</strong></span> <span class='ocrx_word' id='word_1_839' title='bbox 3136 5424 3221 5479; x_wconf 88' lang='lat' dir='ltr'><strong>die</strong></span> <span class='ocrx_word' id='word_1_840' title='bbox 3250 5424 3557 5492; x_wconf 87' lang='lat' dir='ltr'><strong>adjuramus</strong></span> <span class='ocrx_word' id='word_1_841' title='bbox 3580 5435 3707 5483; x_wconf 87' lang='lat' dir='ltr'><strong>eos,</strong></span> 
     </span>
    </p>
   </div>
   <div class='ocr_carea' id='block_1_114' title="bbox 2114 5506 3712 5579">
    <p class='ocr_par' dir='ltr' id='par_1_114' title="bbox 2114 5506 3712 5579">
     <span class='ocr_line' id='line_1_114' title="bbox 2114 5506 3712 5579; baseline -0.011 1"><span class='ocrx_word' id='word_1_842' title='bbox 2114 5535 2197 5579; x_wconf 90' lang='lat' dir='ltr'><strong>ter</strong></span> <span class='ocrx_word' id='word_1_843' title='bbox 2222 5523 2379 5579; x_wconf 89' lang='lat' dir='ltr'><strong>simul</strong></span> <span class='ocrx_word' id='word_1_844' title='bbox 2409 5523 2461 5577; x_wconf 93' lang='lat' dir='ltr'><strong>in</strong></span> <span class='ocrx_word' id='word_1_845' title='bbox 2499 5520 2688 5575; x_wconf 83' lang='lat' dir='ltr'><strong>faciem</strong></span> <span class='ocrx_word' id='word_1_846' title='bbox 2720 5534 2909 5573; x_wconf 91' lang='lat' dir='ltr'><strong>eorum</strong></span> <span class='ocrx_word' id='word_1_847' title='bbox 2960 5526 3017 5571; x_wconf 89' lang='lat' dir='ltr'><strong>et</strong></span> <span class='ocrx_word' id='word_1_848' title='bbox 3060 5530 3219 5569; x_wconf 87' lang='lat' dir='ltr'><strong>aures</strong></span> <span class='ocrx_word' id='word_1_849' title='bbox 3263 5510 3605 5566; x_wconf 68' lang='lat' dir='ltr'><strong>insufﬂando.</strong></span> <span class='ocrx_word' id='word_1_850' title='bbox 3637 5506 3712 5563; x_wconf 84' lang='lat' dir='ltr'><strong>Et</strong></span> 
     </span>
    </p>
   </div>
   <div class='ocr_carea' id='block_1_115' title="bbox 2112 5607 3707 5673">
    <p class='ocr_par' dir='ltr' id='par_1_115' title="bbox 2112 5607 3707 5673">
     <span class='ocr_line' id='line_1_115' title="bbox 2112 5607 3707 5673; baseline -0.012 -2"><span class='ocrx_word' id='word_1_851' title='bbox 2112 5618 2191 5672; x_wconf 89' lang='lat' dir='ltr'><strong>sic</strong></span> <span class='ocrx_word' id='word_1_852' title='bbox 2235 5614 2558 5670; x_wconf 86' lang='lat' dir='ltr'><strong>instituimus</strong></span> <span class='ocrx_word' id='word_1_853' title='bbox 2583 5619 2641 5667; x_wconf 86' lang='lat' dir='ltr'><strong>et</strong></span> <span class='ocrx_word' id='word_1_854' title='bbox 2670 5610 2945 5666; x_wconf 85' lang='lat' dir='ltr'><strong>erudimus</strong></span> <span class='ocrx_word' id='word_1_855' title='bbox 2973 5623 3087 5672; x_wconf 82' lang='lat' dir='ltr'><strong>eos,</strong></span> <span class='ocrx_word' id='word_1_856' title='bbox 3128 5607 3425 5673; x_wconf 89' lang='lat' dir='ltr'><strong>damusque</strong></span> <span class='ocrx_word' id='word_1_857' title='bbox 3453 5616 3707 5673; x_wconf 78' lang='lat' dir='ltr'><strong>cperam,</strong></span> 
     </span>
    </p>
   </div>
   <div class='ocr_carea' id='block_1_116' title="bbox 2114 5694 3709 5778">
    <p class='ocr_par' dir='ltr' id='par_1_116' title="bbox 2114 5694 3709 5778">
     <span class='ocr_line' id='line_1_116' title="bbox 2114 5694 3709 5778; baseline -0.008 -15"><span class='ocrx_word' id='word_1_858' title='bbox 2114 5718 2175 5764; x_wconf 88' lang='lat' dir='ltr'><strong>ut</strong></span> <span class='ocrx_word' id='word_1_859' title='bbox 2214 5709 2376 5778; x_wconf 87' lang='lat' dir='ltr'><strong>longo</strong></span> <span class='ocrx_word' id='word_1_860' title='bbox 2423 5717 2665 5778; x_wconf 88' lang='lat' dir='ltr'><strong>tempore</strong></span> <span class='ocrx_word' id='word_1_861' title='bbox 2695 5707 2749 5761; x_wconf 90' lang='lat' dir='ltr'><strong>in</strong></span> <span class='ocrx_word' id='word_1_862' title='bbox 2778 5704 3017 5760; x_wconf 85' lang='lat' dir='ltr'><strong>Ecclesia</strong></span> <span class='ocrx_word' id='word_1_863' title='bbox 3051 5709 3352 5767; x_wconf 79' lang='lat' dir='ltr'><strong>versentur,</strong></span> <span class='ocrx_word' id='word_1_864' title='bbox 3382 5706 3436 5753; x_wconf 91' lang='lat' dir='ltr'><strong>et</strong></span> <span class='ocrx_word' id='word_1_865' title='bbox 3482 5694 3709 5751; x_wconf 80' lang='lat' dir='ltr'><strong>audiant</strong></span> 
     </span>
    </p>
   </div>
   <div class='ocr_carea' id='block_1_117' title="bbox 2114 5798 3196 5871">
    <p class='ocr_par' dir='ltr' id='par_1_117' title="bbox 2114 5798 3196 5871">
     <span class='ocr_line' id='line_1_117' title="bbox 2114 5798 3196 5871; baseline -0.007 -13"><span class='ocrx_word' id='word_1_866' title='bbox 2114 5802 2415 5871; x_wconf 75' lang='lat' dir='ltr'><strong>Scripturas</strong></span> <span class='ocrx_word' id='word_1_867' title='bbox 2444 5819 2456 5853; x_wconf 83' lang='lat'><strong>:</strong></span> <span class='ocrx_word' id='word_1_868' title='bbox 2488 5808 2543 5857; x_wconf 88' lang='lat' dir='ltr'><strong>ct</strong></span> <span class='ocrx_word' id='word_1_869' title='bbox 2568 5810 2693 5857; x_wconf 77' lang='lat' dir='ltr'><strong>tunc</strong></span> <span class='ocrx_word' id='word_1_870' title='bbox 2722 5814 2817 5856; x_wconf 87' lang='lat' dir='ltr'><strong>eos</strong></span> <span class='ocrx_word' id='word_1_871' title='bbox 2842 5798 3196 5869; x_wconf 81' lang='lat' dir='ltr'><strong>baptizamus.</strong></span> 
     </span>
    </p>
   </div>
   <div class='ocr_carea' id='block_1_118' title="bbox 418 5898 2363 5981">
    <p class='ocr_par' dir='ltr' id='par_1_118' title="bbox 418 5898 2363 5981">
     <span class='ocr_line' id='line_1_118' title="bbox 418 5898 2363 5981; baseline -0.007 -17"><span class='ocrx_word' id='word_1_872' title='bbox 418 5910 641 5966; x_wconf 68' lang='grc' dir='ltr'>πλησίων,</span> <span class='ocrx_word' id='word_1_873' title='bbox 685 5910 769 5960; x_wconf 75' lang='grc' dir='ltr'>καὶ</span> <span class='ocrx_word' id='word_1_874' title='bbox 814 5907 1098 5981; x_wconf 81' lang='grc' dir='ltr'>ἀκροᾶσθαι</span> <span class='ocrx_word' id='word_1_875' title='bbox 1134 5913 1235 5961; x_wconf 89' lang='grc' dir='ltr'>τῶν</span> <span class='ocrx_word' id='word_1_876' title='bbox 1275 5912 1502 5980; x_wconf 79' lang='grc' dir='ltr'>γραφῶν,</span> <span class='ocrx_word' id='word_1_877' title='bbox 1547 5906 1632 5960; x_wconf 84' lang='grc' dir='ltr'>καὶ</span> <span class='ocrx_word' id='word_1_878' title='bbox 1663 5903 1777 5958; x_wconf 86' lang='grc' dir='ltr'>τότε</span> <span class='ocrx_word' id='word_1_879' title='bbox 1809 5902 1995 5959; x_wconf 51' lang='grc' dir='ltr'>αύτοπὲς</span> <span class='ocrx_word' id='word_1_880' title='bbox 2033 5898 2363 5971; x_wconf 80' lang='grc' dir='ltr'>βαπτίζομεν.</span> 
     </span>
    </p>
   </div>
  </div>
