3946 6336
299 314 368 371 81
1256 326 1480 385 CODEX
1520 332 1848 389 CANONUM
1896 335 2256 393 UNIVERSIZ
2299 338 2673 397 ECCLESIxE.
3536 357 3604 412 Η

816 533 1372 645 CONCILII
1480 545 2078 651 EPIIESINI
2157 549 2904 660 (ECUMENICI
2980 558 3115 660 ΙΙΙ

1380 683 1744 747 CANONES
1803 686 1972 747 VIII.
2010 688 2141 765 (an.
2183 690 2334 754 Chr.
2395 690 2535 772 1:31)

702 456 3590 504 ——___.._.______________________________________

371 862 500 937 ρια’.
532 861 596 918 Εἴ
615 886 694 927 τις
725 865 751 920 ὁ
775 867 1155 941 μητροπολίτης
1180 879 1273 932 τῆς
1310 872 1572 947 ἐπαρχίας
1601 876 1892 935 ἀποστατή-

2081 875 2314 937 CLXXI.
2345 913 2417 923 --
2448 880 2497 934 1.
2529 882 2585 936 Si
2630 881 2752 952 quis
2781 885 3236 955 metropolitanus
3266 890 3555 959 provincia!
3579 909 3609 948 a

294 977 400 1017 σας
436 966 527 1016 τῆς
555 957 707 1029 ἁγίας
749 962 837 1013 καί
874 961 1223 1030 οἰκουμενικῆς
1256 962 1498 1030 συνόδου,
1529 967 1802 1043 προσέθετο
1832 975 1905 1039 τῷ

294 1056 391 1108 τῆς
438 1050 763 1111 ἀποστασίας
811 1050 1081 1127 συνεδρίῳ,
1114 1053 1144 1113 ἧ
1176 1059 1308 1127 μετά
1336 1048 1489 1113 τοῦτο
1519 1062 1843 1133 προστιθείη,
1874 1060 1905 1119 ἤ

297 1142 367 1193 τὰ
406 1141 674 1195 κελεστίου
714 1142 984 1217 ἰφρόνησεν
1012 1143 1045 1202 ἦ
1067 1150 1325 1220 φρονήσοι⁸
1357 1144 1508 1207 οὗτος
1535 1150 1663 1203 κατά
1685 1158 1784 1204 τῶν
1814 1158 1906 1212 τῆς

297 1230 567 1305 έπαρχίας
616 1234 887 1308 ἀρχόντων
935 1238 1021 1289 καί
1064 1238 1362 1292 ἐπισκόπων
1414 1238 1817 1316 διαπράττεσθαί
1854 1266 1906 1300 τι

295 1320 533 1388 οὐδαμῶς
556 1321 792 1388 δύναται,
813 1327 989 1388 πάσης
1016 1328 1437 1393 έκκλησιαστικῆς
1460 1337 1712 1396 κοινωνίας
1740 1338 1905 1390 ἐντεῦ-

293 1414 377 1466 θεν
398 1412 496 1472 ἤδη
522 1415 626 1471 ύπό
650 1425 742 1479 τῆς
783 1418 1003 1474 συνόδου
1049 1422 1407 1494 ἐκϐεϐλημένος
1455 1430 1538 1482 καί
1579 1430 1903 1503 ἀνενειογητος

294 1508 583 1580 ὑπάρχων
613 1509 737 1563 ἀλλά
756 1513 839 1566 καί
867 1514 1051 1575 αὐτοῖς
1072 1523 1181 1577 τοῖς
1204 1525 1296 1577 τῆς
1314 1520 1582 1592 έπαρχίας
1607 1522 1904 1583 ἐπισκόποις

292 1601 384 1652 καί
430 1608 547 1662 τοῖς
587 1604 737 1677 πέριξ
772 1606 1194 1679 μητροπολίταις,
1226 1616 1335 1671 τοῖς
1375 1612 1445 1666 τὰ
1484 1620 1576 1672 τῆς
1611 1612 1899 1685 ὀρθοδοξίας

290 1698 569 1762 φρονοῦσιν
590 1694 898 1750 ὑποκεῖσθαι
941 1700 1011 1761 εἰς
1034 1698 1135 1753 τό*
1150 1701 1337 1766 πάντη,
1362 1704 1446 1756 καὶ
1470 1708 1560 1758 τοῦ
1584 1703 1782 1775 βαθμοῦ
1809 1714 1902 1767 τῆς

291 1787 579 1845 ιπισκοπῆς
608 1786 922 1845 ἐκϐληθῆναι.

366 1872 497 1948 ροϐ’.
529 1878 586 1928 Ei
608 1872 662 1929 δέ
691 1897 823 1937 τινες
854 1879 1186 1953 έπαρχιῶται
1214 1881 1488 1938 ἐπίσκοποι
1524 1885 1900 1959 ἀπελείφθησαν

292 1971 387 2024 τῆς
426 1963 579 2036 ἁγίας
618 1966 837 2022 συνόδου
855 2008 870 2033 ,
899 1974 983 2025 καὶ
1015 1980 1077 2045 τῇ
1107 1974 1409 2049 ἀποστασία
1436 1979 1842 2053 προσετέθησαν,
1869 1978 1899 2039 ἢ

293 2056 643 2125 προστεθῆναι
682 2060 984 2132 πειραθεῖεν,
1015 2060 1045 2120 ἦ
1075 2066 1162 2117 καὶ
1194 2065 1586 2141 ύπογράψαντες
1624 2067 1900 2144 [ὑποστρέ-

293 2141 511 2214 ψαντες]
539 2154 602 2220 τῇ
628 2150 905 2223 Νεστορίου
952 2153 1241 2228 καθαιρέσει
1283 2156 1725 2234 ἐπαλινδρόμησαν
1767 2162 1902 2235 πρὸς

2009 981 2194 1027 sancta
2224 981 2281 1027 et
2317 975 2650 1030 meumenica
2678 976 2885 1047 synodo
2916 977 3239 1044 desciscens,
3292 982 3611 1039 defectionis

2010 1065 2288 1119 conscssui
2325 1067 2566 1132 adbzcsit,
2600 1067 2684 1123 vel
2716 1076 2903 1139 postea
2926 1069 3232 1138 adhaeserit,
3258 1073 3340 1126 vel
3371 1090 3492 1127 cum
3516 1075 3616 1129 Cc—

2008 1154 2164 1212 lestio
2186 1158 2465 1213 sensitaut
2493 1160 2753 1215 senserit:
2788 1162 2832 1215 is
2863 1161 3125 1217 adversus
3150 1165 3440 1234 provincia:
3472 1182 3607 1235 pne-

2007 1246 2151 1301 sides
2180 1257 2235 1302 et
2260 1249 2547 1319 episcopos
2576 1250 2708 1304 nihil
2739 1252 2961 1307 omnino
3010 1268 3173 1322 agere
3223 1264 3423 1325 potest,
3454 1258 3603 1312 omni

2007 1338 2375 1393 ecclesiastica
2404 1342 2787 1397 communione
2816 1344 3011 1400 abhinc
3052 1344 3164 1413 jam
3207 1361 3238 1400 a
3284 1348 3492 1418 synodo
3521 1364 3611 1404 se-

2006 1429 2208 1495 clusus,
2240 1439 2297 1485 et
2322 1430 2387 1483 ad
2417 1432 2620 1486 nullum
2652 1435 3011 1490 exercendum
3034 1453 3229 1492 munus
3258 1438 3609 1510 ofﬁciumque

2005 1519 2231 1575 idoneus
2255 1524 2512 1578 existens.
2547 1522 2653 1579 Sed
2685 1534 2739 1579 et
2759 1525 2887 1596 ipsis
2917 1530 3207 1597 provincia:
3237 1532 3525 1602 episcopis,
3551 1544 3607 1589 et

2005 1611 2245 1668 ﬁnitimis
2272 1616 2709 1685 metropolitanis
2734 1620 3091 1675 orthodoxam
3120 1621 3277 1677 Iidem
3302 1622 3602 1693 proﬁtenti~

2002 1705 2121 1771 bus,
2149 1705 2370 1761 omnino
2401 1707 2737 1778 subjicietur,
2772 1719 2827 1766 et
2852 1711 2919 1767 de
2948 1712 3294 1783 episcopatus
3313 1715 3481 1784 gradu
3511 1717 3605 1773 de-

1995 1794 2235 1865 jicietur.

2071 1887 2327 1943 CLXXII.
2365 1923 2421 1932 —-
2443 1890 2495 1944 2.
2531 1890 2587 1947 Si
2612 1891 2702 1961 qui
2732 1893 3095 1963 provinciales
3132 1897 3370 1967 episcopi
3398 1908 3603 1953 sancta:

1998 1979 2212 2053 Synodo
2260 1998 2370 2037 non
2421 1982 2803 2051 interfuerunt,
2852 1996 2906 2041 et
2956 1987 3279 2043 defectionis
3321 1995 3599 2046 consessui

1999 2073 2338 2129 adhatserunt
2368 2075 2453 2129 vel
2502 2076 2779 2133 adhaerere
2827 2079 3172 2147 studuerunt,
3206 2083 3287 2137 vel
3318 2094 3602 2152 postquam

1998 2164 2231 2220 Nestorii
2278 2166 2606 2236 depositioni
2658 2170 3128 2239 subscripserunt,
3170 2174 3237 2228 ad
3286 2174 3605 2231 defectionis

292 2235 353 2289 τὸ
392 2245 486 2297 τῆς
531 2238 863 2302 ἀποστασίας
906 2243 1189 2318 συνέδριον,
1233 2250 1451 2311 τούτους
1478 2253 1646 2309 πάντη
1692 2255 1819 2307 κατά
1843 2255 1892 2307 τό

2006 2270 2313 2311 consessum
2332 2257 2529 2329 relapsi
2552 2267 2694 2324 sunt,
2716 2260 2750 2314 ii
2780 2262 3023 2328 omnino,
3039 2272 3096 2317 ut
3111 2264 3281 2319 visum
3308 2275 3603 2323 estsancta:

290 2326 445 2393 δόξαν
471 2340 537 2403 τῇ
571 2331 695 2408 ἁγίᾳ
724 2332 948 2406 συνόδῳ,
975 2336 1271 2414 ἀλλοτρίους
1303 2337 1430 2397 εἶναι
1461 2352 1556 2404 τῆς
1594 2345 1893 2423 ἱερωσύνης,

290 2425 382 2475 καί
409 2429 500 2477 τοῦ
528 2424 727 2496 βαθμοῦ
744 2428 1098 2492 ,ἐκπίπτοντας
1129 2429 1597 2506 [ἀπὸπίπτωταςῖ.

296 2560 299 2563 λ
360 2512 490 2585 ρογ’.
516 2519 574 2569 Εἰ
594 2514 649 2571 δέ
669 2538 803 2579 τινες
825 2522 909 2572 καὶ
936 2527 1046 2578 τῶν
1062 2523 1109 2575 ἐν
1138 2522 1337 2594 ἑκάστη
1362 2525 1505 2580 πόλει
1530 2528 1560 2585 ἢ
1590 2531 1748 2605 χώρᾳ
1773 2532 1895 2590 κλη-

289 2610 450 2676 ρικῶν
468 2646 484 2669 ,
506 2608 607 2661 ὑπὸ
631 2614 903 2682 Νεστορίου
935 2616 1018 2667 καὶ
1042 2621 1142 2669 τῶν
1170 2618 1263 2670 σὺν
1284 2619 1427 2687 αύτῷ
1463 2616 1617 2675 ὄντων
1636 2633 1727 2683 τῆς
1751 2625 1898 2698 ἱερω-

287 2696 452 2757 σύνης
478 2699 828 2767 ἐκωλύθησαν,
855 2701 939 2758 διὰ
981 2706 1040 2761 τό
1075 2708 1235 2781 ὀρθῶς
1285 2720 1504 2784 φρονεῖν,
1532 2696 1898 2787 ὶδικαιώσαμεν

288 2786 381 2838 καὶ
402 2788 620 2849 τούτους
644 2792 731 2845 τόν
770 2789 894 2847 ἴδιον
931 2796 1210 2853 ἀπολαϐεῖν
1246 2800 1454 2870 βαθμόν·
1486 2811 1661 2865 κοινῶς
1691 2804 1745 2861 δέ
1777 2811 1897 2870 τούς

288 2883 353 2946 τῇ
384 2878 631 2951 ὀρθοδόξῳ
680 2885 765 2937 καὶ
788 2890 854 2959 τῇ
897 2887 1211 2965 οέκουμενικῇ
1248 2891 1446 2963 συνόδῳ
1485 2907 1897 2971 συμφρονοίντας

291 2969 591 3044 κὶηρικούς,
608 2976 875 3047 κελεύομεν
892 2988 1001 3042 τοῖς
1033 2984 1466 3044 ἀποστατγὲσασιν
1492 2987 1521 3046 ἦ
1545 2991 1896 3063 ἀφισταμένοις

288 3059 617 3134 ἐπισκόποις,
640 3066 755 3132 μηδ’
788 3069 916 3131 ὅλως
944 3072 1248 3131 ὑποκεῖσθαι
1279 3080 1414 3134 κατά
1438 3077 1627 3151 μηδένα
1646 3084 1855 3159 τρόπον.

359 3244 483 3323 ροδ’.
509 3250 565 3302 εἰ
584 3247 638 3304 δέ
663 3273 794 3312 τινες
814 3256 1233 3316 ἀποστατήσαιεν
1254 3266 1354 3312 τῶν
1383 3258 1650 3335 κληρικῶν,
1673 3269 1763 3319 καὶ
1780 3268 1895 3320 τολ-

290 3342 507 3406 μήσαιεν
530 3338 561 3397 ἢ
589 3339 699 3396 κατ’
725 3341 855 3399 ἰδίαν
879 3344 909 3405 ἦ
932 3344 1155 3423 δημοσίᾳ
1182 3350 1250 3404 τὰ
1275 3354 1550 3423 Νεστορίου
1574 3351 1606 3410 ἦ
1628 3355 1693 3408 τά
1712 3356 1893 3411 κιλεσ-

289 3429 402 3483 τίου
427 3438 673 3505 φρονῆσαι
689 3470 705 3495 ,
739 3439 823 3489 καί
850 3440 1071 3500 τούτους
1099 3436 1227 3496 εἶναι
1254 3442 1647 3513 καθῃρημένους,
1677 3447 1779 3502 ύπό
1805 3457 1897 3509 τῆς

290 3518 440 3591 ἁγίας
463 3519 681 3575 συνόδου
712 3524 1054 3585 δεδικαίωται.

2008 2346 2236 2418 synodo,
2284 2347 2394 2403 sint
2440 2364 2470 2402 a
2511 2349 2818 2407 sacerdotio
2845 2352 3029 2419 alieni,
3054 2363 3109 2409 et
3133 2354 3304 2423 gradu
3329 2358 3598 2413 excidant.

2072 2526 2344 2584 CLXXIII.
2374 2561 2447 2571 -——
2468 2528 2521 2585 3.
2562 2528 2619 2586 Si
2648 2531 2738 2602 qui
2771 2540 2950 2586 autem
2981 2532 3167 2588 clerici
3195 2534 3247 2587 in
3278 2550 3600 2605 quacunque

2001 2620 2218 2676 civitate
2240 2622 2325 2676 vel
2349 2622 2570 2691 regione
2607 2623 2706 2677 sub
2736 2621 2987 2678 Nestorio
3018 2633 3072 2679 et
3102 2623 3165 2678 iis
3187 2624 3278 2693 qui
3322 2633 3447 2679 sunt
3473 2643 3599 2681 cum

2001 2726 2089 2777 eo,
2120 2710 2424 2766 sacerdotio
2446 2710 2654 2782 depulsi
2689 2720 2813 2767 sunt
2839 2729 2906 2768 eo
2949 2714 3096 2783 quod
3143 2726 3290 2770 recte
3340 2716 3595 2780 sentiant,

1999 2818 2213 2871 (equum
2243 2803 2570 2870 censuimus,
2606 2812 2665 2858 ut
2706 2803 2739 2857 ii
2769 2818 2988 2873 quoque
3027 2820 3184 2860 suum
3208 2806 3433 2874 gradum
3461 2807 3601 2863 reci-

1999 2894 2169 2963 piant.
2201 2891 2573 2949 Communiter
2617 2902 2796 2948 autem
2827 2893 3094 2963 omnibus,
3139 2896 3227 2965 qui
3257 2902 3378 2951 cuin
3408 2898 3597 2952 ortho-

2000 2985 2141 3038 doxa
2168 2992 2224 3039 et
2248 2984 2533 3039 universali
2556 2985 2763 3055 synodo
2786 2987 3131 3040 consentiunt
3162 2986 3374 3043 clericis
3394 3028 3408 3051 ,
3438 2988 3595 3057 jube-

2000 3090 2143 3143 tnus,
2173 3074 2239 3129 iis
2261 3076 2352 3147 qui
2390 3074 2704 3132 defecerunt
2735 3076 2820 3132 vel
2849 3076 3109 3133 deliciunt
3145 3078 3415 3151 episcopis
3444 3082 3593 3136 nullo

1999 3165 2162 3221 modo
2190 3166 2402 3235 subjici.
3538 3216 3551 3225 ,

2069 3255 2349 3312 CLXXIV.
2381 3288 2453 3299 —
2478 3255 2531 3310 4.
2575 3256 2631 3312 Si
2672 3257 2763 3327 qui
2791 3266 2972 3313 autem
3008 3257 3189 3314 clerici
3232 3259 3594 3329 desciverunt,

2000 3357 2056 3403 et
2083 3349 2198 3403 ausi
2226 3357 2352 3404 sunt
2394 3349 2476 3405 vel
2500 3350 2753 3419 privatim
2774 3392 2788 3415 ,
2822 3350 2906 3406 vel
2937 3349 3153 3420 publice
3192 3366 3313 3407 cum
3342 3351 3593 3408 Nestorio

1998 3441 2086 3497 vel
2114 3439 2346 3497 Celestio
2368 3442 2589 3508 sentire,
2634 3458 2730 3499 eos
2760 3459 2979 3516 quoque
3005 3458 3035 3497 a
3064 3459 3217 3500 sacra
3262 3445 3470 3517 synodo
3499 3445 3597 3501 de-

1998 3530 2206 3601 positos
2227 3545 2348 3587 esse
2372 3547 2584 3602 aequum
2608 3534 2781 3588 visum
2810 3543 2914 3590 est.

355 3618 482 3695 ρκ’.
506 3616 659 3674 ὀσοι
685 3619 737 3675 δέ
773 3621 859 3675 έπί
893 3622 1106 3686 ἀτόποις
1142 3630 1365 3701 πράξεσι
1399 3632 1762 3705 κατεκρίθησαν
1788 3633 1892 3687 ύπὸ

2069 3623 2322 3682 CLXXV.
2355 3656 2425 3667 —
2448 3625 2503 3682 5.
2544 3626 2861 3696 Quicunque
2889 3635 3072 3683 autem
3095 3636 3318 3699 propter
3348 3628 3593 3699 improba

292 3718 383 3770 τῆς
407 3709 559 3781 ἀγίας
579 3709 801 3766 συνόδου
821 3712 852 3771 ἦ
872 3713 976 3768 ὑπὸ
997 3723 1100 3770 τῶν
1119 3721 1313 3773 οἰκείων
1332 3723 1645 3785 έπισκόπων,
1668 3728 1755 3782 καὶ
1775 3726 1895 3777 τούδ

286 3820 398 3861 τοις
420 3804 768 3865 ἀκανονίστως
806 3808 941 3860 κατά
964 3811 1056 3865 την
1093 3811 1143 3863 ἐν
1184 3810 1381 3869 ἅπασιν
1422 3813 1720 3889 ἀδιαφορίαν
1740 3819 1893 3873 αὐτοῦ

286 3890 317 3947 ὅ
338 3896 636 3965 Νεστόριος,
658 3900 744 3951 sui
767 3899 813 3951 οί
832 3899 900 3953 τά
931 3901 1085 3955 αὐτοῦ
1112 3912 1428 3978 φρονοῦντες,
1452 3907 1736 3965 ἀποδοῦναι
1759 3912 1893 3966 ἕπει·

286 3986 537 4060 ρὸθησαν,
561 3986 593 4045 ἣ
620 3991 906 4065 πειραθεῖεν
946 3998 1203 4049 κοινωνίαν
1240 3997 1271 4055 ἧ
1307 3999 1520 4070 βαθμόν·
1553 4002 1892 4073 ἀνωφελήτους

287 4077 452 4145 μένειν
490 4082 572 4132 καί
608 4082 851 4149 τούτους,
893 4087 979 4139 καί
1024 4081 1151 4142 εἶναι
1184 4087 1322 4144 οὐδέν
1350 4089 1500 4150 ἧττον
1526 4093 1895 4169 καθῃρημένους

285 4165 678 4240 έδικαιώσαμεν.

362 4348 496 4421 ρος-’.
526 4354 741 4420 ὀμοίως
767 4350 822 4407 δέ
848 4357 926 4409 καί
947 4352 998 4409 εἴ
1012 4376 1146 4417 τινες
1176 4358 1469 4428 βουληθεῖεν
1497 4361 1565 4415 τά
1585 4364 1706 4436 περὶ
1734 4362 1891 4417 ἑκάσ-

282 4458 380 4493 του
398 4444 739 4515 πεπραγμένα
757 4444 808 4498 έν
827 4453 889 4519 τῇ
911 4445 1030 4521 ἁγίᾳ
1040 4447 1239 4519 συνόδῳ
1255 4457 1320 4525 τῇ
1335 4451 1385 4504 έν
1398 4452 1591 4525 Ἐφέσῳ
1608 4450 1892 4523 οίῳδήποτε

283 4534 464 4606 τρόπῳ
485 4534 884 4609 παρασαλεύειν⁹
902 4539 935 4595 ἦ
948 4537 1071 4609 ἁγία
1091 4538 1299 4601 σύνοδος
1314 4543 1517 4615 ὥρισεν,
1532 4544 1576 4597 εί
1588 4544 1677 4613 μὲν
1695 4543 1894 4600 ἐπίσκο-

284 4643 377 4677 ποι
396 4619 494 4677 εἶεν
516 4622 547 4683 ἦ
566 4624 809 4701 κληρικοέ,
830 4634 921 4683 τοῦ
944 4630 1129 4683 οἰκείου
1152 4632 1409 4692 παντελῶς
1429 4634 1738 4688 ἀποπίπτειν
1760 4635 1891 4706 βαθ-

286 4720 410 4784 μοῦ,
440 4718 484 4769 εί
508 4714 565 4772 δὲ
589 4717 766 4784 λαῐκοί,
793 4719 1164 4782 ἀκοινωνήτους
1196 4723 1455 4800 ὑπάρχειν
1480 4721 1817 4798 [τυγχὸσεινί.

355 4804 480 4877 per.
507 4803 717 4882 Ὠρισεν
759 4810 791 4867 ἡ
836 4808 956 4884 ἀγία
1000 4809 1235 4875 σύνοδος,
1275 4812 1451 4886 ἑτέραν
1498 4817 1672 4868 πίστιν
1720 4813 1893 4885 μηδενί

284 4898 472 4962 ἕξεῖναι
508 4901 770 4974 προφέρειν
811 4901 964 4975 ἤγουν
994 4906 1303 4976 συγγράφειν
1329 4904 1360 4963 ἦ
1399 4906 1713 4972 συντιθέναι,
1747 4910 1892 4982 παρὰ

1999 3722 2163 3789 facta,
2187 3734 2216 3772 a
2247 3728 2434 3774 sancta
2465 3718 2675 3789 synodo
2703 3718 2789 3773 vel
2820 3734 2850 3773 a
2876 3719 3111 3790 propriis
3150 3721 3419 3791 episcopis
3464 3738 3595 3777 con-

1997 3810 2235 3867 demnati
2256 3817 2401 3875 sunt,
2434 3817 2489 3863 et
2515 3823 2610 3864 eos
2658 3825 2767 3864 non
2799 3811 3057 3866 canonice
3086 3810 3387 3877 Nestorius,
3432 3821 3596 3881 prout

1998 3902 2176 3959 omnia
2194 3898 2561 3955 indifferenter
2580 3900 2709 3969 agit,
2729 3908 2785 3955 et
2808 3901 2899 3969 qui
2923 3901 3066 3955 idem
3096 3918 3221 3956 cum
3249 3918 3313 3958 eo
3335 3903 3594 3968 sentiunt,

1998 3990 2366 4048 communioni
2394 3990 2482 4045 vel
2529 3989 2719 4060 gradui
2762 3991 3116 4057 restituerint,
3166 4001 3261 4047 aut
3309 3994 3595 4050 restituere

1998 4084 2326 4139 tentaverint
2372 4102 2384 4137 :
2430 4081 2800 4155 hujuscemodi
2829 4097 2897 4137 ex
2927 4081 3018 4137 tali
3061 4085 3408 4139 restitutione
3454 4084 3591 4139 nihil

1997 4174 2312 4243 profecisse,
2345 4173 2442 4229 sed
2481 4172 2777 4243 depositus,
2827 4170 2997 4228 nihilo
3045 4172 3226 4228 secius
3271 4188 3595 4245 permanere

1994 4281 2207 4336 acquum
2250 4266 2624 4334 judicavimus.

2067 4357 2347 4413 CLXXVI.
2376 4391 2449 4401 —-
2487 4357 2540 4413 6.
2583 4357 2844 4413 Similiter
2882 4367 3084 4422 autem,
3113 4358 3157 4413 si
3205 4358 3295 4428 qui
3324 4357 3593 4412 voluerint

1994 4468 2115 4524 qua:
2144 4451 2211 4508 de
2231 4467 2554 4522 quacunque
2574 4453 2712 4509 rein
2738 4459 2927 4508 sancta
2949 4451 3155 4523 synodo
3180 4450 3449 4521 Ephesina
3474 4460 3592 4505 acta

1995 4550 2139 4609 sunt,
2173 4542 2364 4613 quovis
2393 4542 2554 4597 modo
2583 4542 2933 4610 labelactare,
2981 4550 3170 4596 sancta
3216 4540 3453 4612 synodus
3498 4540 3594 4594 dc-

1996 4635 2185 4701 crevit,
2206 4636 2253 4690 si
2272 4634 2488 4703 quidem
2509 4634 2620 4689 sint
2644 4634 2887 4704 episcopi
2916 4642 3009 4688 aut
3028 4633 3227 4699 clerici,
3248 4649 3277 4687 a
3301 4650 3399 4689 suo
3422 4634 3591 4701 gradu

1996 4726 2219 4782 omnino
2248 4727 2529 4795 excidere;
2561 4727 2606 4783 si
2633 4735 2813 4783 autem
2842 4726 2984 4793 laici,
3016 4729 3497 4783 excommunicari.

2068 4813 2368 4871 CLXXVII.
2398 4844 2464 4856 --
2492 4816 2545 4870 7.
2585 4815 2836 4871 Decrevit
2858 4824 3042 4871 sancta
3070 4818 3329 4888 synodus,
3376 4834 3484 4871 non
3527 4818 3590 4872 li-

1996 4920 2121 4962 cere
2162 4906 2411 4975 cuiquam
2442 4905 2603 4961 aliam
2644 4905 2807 4961 ﬁdem
2853 4906 3070 4973 all'erre,
3101 4908 3186 4963 vel
3225 4909 3479 4975 scribere,
3503 4910 3588 4962 vel

285 4997 375 5049 τήν
406 4989 700 5066 ἓρισθεῖσαν
730 4996 877 5070 παρά
911 5002 1009 5050 τῶν
1039 4996 1194 5068 ἁγίων
1231 5000 1464 5076 πατέρων
1488 5006 1586 5053 τῶν
1625 5001 1672 5052 ἐν
1704 5010 1767 5074 τῇ
1803 5014 1889 5056 Νι-

2006 5013 2345 5069 componere,
2374 5006 2572 5068 przeter
2600 5013 2719 5053 eam
2744 5013 2865 5070 quae
2892 4999 3091 5053 sanctis
3125 4996 3372 5055 Patribus
3401 5000 3590 5054 Nicaue

284 5086 413 5157 ποίᾳ
443 5086 811 5155 συναχθέντων
846 5085 1232 5159 [συνελθόντων]
1269 5090 1412 5145 πόλει
1442 5093 1536 5143 σύν
1572 5090 1700 5162 ἁγίῳ
1734 5091 1885 5148 πνεύ-

282 5198 430 5249 ματι.
456 5179 589 5238 Τοὺς
611 5178 665 5234 δέ
691 5180 983 5242 τολμῶντας
998 5180 1029 5241 ἦ
1049 5184 1328 5239 συντιθέναι
1347 5186 1521 5239 πίστιν
1540 5184 1716 5259 ἑτέραν
1734 5186 1888 5257 ἤγουν

285 5274 614 5344 προκομίζειν
633 5271 664 5331 ἦ
684 5275 949 5350 προφέρειν
971 5289 1075 5336 τοῖς
1102 5275 1326 5331 θέλουσιν
1349 5273 1635 5346 [ἐθέλουσιν]
1658 5277 1891 5353 ἐπιστρέο

289 5381 389 5434 μιν
415 5365 487 5423 εἰς
507 5362 780 5435 ἐπίγνωσιν
800 5374 893 5427 τῆς
921 5367 1174 5433 ἀληθείας,
1192 5367 1222 5427 ἡ
1242 5369 1291 5432 ἐξ
1311 5369 1630 5439 έλληνισμοῡ,
1650 5368 1678 5429 ἢ
1701 5370 1750 5433 ἐξ
1768 5368 1891 5424 ἰου-

288 5450 532 5523 Ῐαισμοῦ.
558 5452 713 5525 ἤγουν
746 5456 796 5520 ἐξ
824 5458 1074 5531 αἱρέσεως
1102 5456 1433 5517 οἱασδήποτε·
1459 5461 1697 5519 τούτους.
1728 5460 1772 5514 εί
1798 5462 1889 5531 μέν

283 5540 379 5598 ὧν
404 5547 679 5601 ἐπίσκοποι
707 5546 737 5606 ἦ
773 5550 1027 5623 κληρικοί,
1064 5551 1361 5626 ἀλλοτρίους
1391 5548 1513 5607 εἶναι
1532 5556 1653 5614 τοὺς
1677 5554 1887 5610 ἐπισκόο

281 5656 410 5696 MU:
436 5646 531 5698 τῆς
557 5640 846 5702 ἐπισκοπῆς
864 5683 878 5706 .
905 5646 989 5698 γαί
1030 5647 1151 5705 τοὺς
1193 5646 1454 5719 κληρικοὺς
1482 5651 1575 5700 τοῦ
1606 5646 1810 5719 κλήρου’
1842 5647 1886 5700 εέ

282 5724 336 5782 δὲ
357 5729 523 5782 λαικοί
546 5726 663 5796 εἶεν,
681 5733 1152 5806 ἀναθεματίζεσθαι.
1188 5738 1328 5790 Κατὰ
1354 5736 1437 5791 τὸν
1466 5734 1571 5792 ἴτον
1596 5735 1647 5791 δέ
1674 5737 1878 5811 τρόπον,

341 5840 371 5871 ⁸
401 5838 465 5892 F.
491 5839 776 5912 legendum
809 5848 879 5907 εἰς
911 5848 965 5901 τό
998 5853 1115 5902 Tria.
1156 5848 1307 5903 liht‘r.

1995 5088 2336 5158 congregatis
2365 5089 2418 5142 in
2452 5098 2640 5145 sancto
2677 5088 2899 5158 Spiritu,
2945 5087 3163 5143 delinita
3192 5098 3292 5145 est.
3324 5090 3427 5156 Qui
3459 5107 3588 5145 vero

1995 5180 2157 5235 aliam
2201 5178 2360 5234 Iidem
2408 5178 2611 5235 audent
2652 5194 3013 5249 componere,
3039 5180 3125 5235 vel
3166 5180 3456 5244 adducere,
3502 5182 3584 5237 vel

1996 5272 2192 5327 offerre
2238 5272 2302 5328 iis
2349 5271 2441 5342 qui
2484 5287 2552 5327 ex
2575 5273 2910 5342 paganismo,
2940 5272 3027 5328 vel
3070 5272 3360 5342 judaismo,
3393 5274 3476 5349 vel
3519 5290 3583 5327 ex

1996 5381 2319 5437 quacunque
2360 5365 2551 5421 hazresi
2601 5365 2668 5421 ad
2708 5365 2950 5421 veritatis
2998 5366 3359 5435 cognitionem
3412 5364 3584 5419 redire

1990 5458 2179 5525 volunt
2211 5474 2223 5509 :
2252 5471 2367 5522 eos,
2398 5455 2661 5525 siquidem
2708 5455 2818 5512 sint
2838 5456 3099 5526 episcopi,
3144 5456 3226 5509 vel
3267 5452 3471 5517 clerici,
3516 5454 3584 5509 ab

1990 5549 2303 5618 episcopatu
2326 5547 2533 5602 alienos
2560 5562 2679 5603 esse
2708 5547 3014 5617 episcopos,
3047 5554 3102 5599 et
3126 5542 3358 5599 clericos
3398 5557 3429 5596 a
3469 5541 3581 5599 cle-

1984 5657 2079 5705 ro;
2105 5642 2150 5695 si
2172 5648 2350 5696 autem
2380 5639 2486 5694 sint
2506 5639 2644 5702 laici,
2670 5635 3133 5694 anathematizari.
3162 5632 3369 5688 Eodem
3402 5644 3583 5691 autem

1987 5730 2148 5789 modo
2187 5730 2231 5788 si
2258 5732 2349 5802 qui
2388 5728 2711 5801 deprehensi
2758 5727 2957 5780 fuerint
3001 5724 3119 5785 sive
3163 5724 3424 5798 episcopi,
3469 5725 3585 5785 sive
