3946 6336
389 254 464 309 87
1689 250 2048 310 DIONYSIUS
2085 252 2407 312 EXIGUUS.
2450 302 2459 307 .
2660 296 2661 299 η
3609 255 3687 309 SS

388 372 740 447 χειροθεσίαν,
774 373 859 428 καί
885 368 1124 443 μηδαμοῦ
1164 367 1413 426 δύνασθαι
1458 369 1674 447 ἐνεργεῖν
1717 370 1791 443 ἐφ’
1834 369 1975 446 ὕϐρει

2086 369 2188 426 dus
2216 370 2424 425 irritam
2446 369 2649 427 habere
2674 370 2942 441 ejusmodi
2973 370 3373 428 ordinationem
3401 388 3415 426 :
3443 382 3503 430 et
3550 389 3704 431 nus-

387 470 481 518 τοῡ
508 465 986 538 χειροτονήσαντος.
1050 528 1051 531 η

458 572 593 648 ρπέ.
631 575 758 633 Τούς
780 572 917 637 ἅπαξ
951 574 1003 627 ἐν
1025 572 1188 647 κλήρῳ
1218 576 1560 647 τεταγμένους
1590 579 1675 630 καί
1702 580 1981 647 μοναστὰς,

387 663 647 737 ὡρίσαμεν
671 667 796 733 μήτε
828 665 913 718 ἐπί
947 665 1225 739 στρατείαν
1269 669 1395 735 μήτε
1430 666 1517 720 ἐπί
1557 668 1700 730 ἀξίαν
1742 673 1985 739 κοσμικήν

385 750 670 827 ἔρχεσθαι.
696 752 751 807 ‘u
784 760 935 811 τοῦτο
960 755 1272 823 τολμῶντας,
1304 759 1387 811 καί
1427 762 1496 829 μή
1519 759 1984 831 μεταμελουμένονς

384 845 517 898 ὥστε
545 845 855 918 ἐπιστρέψαι
883 847 969 899 ἐπί
1002 852 1154 901 τοῦτο
1182 843 1209 900 ὃ
1237 844 1319 902 διὰ
1342 848 1464 902 Θεὸν
1491 848 1742 925 πρότερον
1771 850 1982 917 εἵλοντο,

382 937 869 1008 ἀναθεματίζεσθαι.

449 1136 596 1213 ρπςᾏ
640 1138 702 1193 Oi
730 1138 949 1213 κληρικοί
977 1146 1075 1194 τῶν
1100 1144 1377 1211 πτωχείων
1409 1144 1497 1196 καί
1518 1145 1871 1220 μοναστηρίων
1902 1148 1985 1198 καί

382 1231 702 1303 μαρτυρίων,
730 1231 833 1284 ύπό
875 1235 965 1289 τήν
1008 1231 1237 1295 ἐξουσίαν
1260 1239 1362 1286 τῶν
1410 1234 1461 1287 ἐν
1503 1233 1696 1306 ἑκάστῃ
1739 1232 1984 1304 [ἑκάστης

381 1314 601 1388 πόλεως]
625 1318 767 1373 πόλει
796 1319 1110 1388 ἐπισκόπων,
1142 1323 1276 1375 κατὰ
1300 1325 1388 1379 τήν
1428 1329 1529 1376 τῶν
1565 1322 1721 1395 ἁγίων
1746 1327 1982 1400 πατέρων

380 1410 671 1491 παράδοσιν
697 1410 1096 1484 διαμενὲτωσαν,
1129 1416 1213 1468 καί
1239 1419 1309 1485 μή
1337 1415 1467 1469 κατά
1490 1414 1754 1471 αὐθάδειαν
1779 1419 1984 1491 ἀφηνια-

358 1510 583 1570 ζίτωσαν
598 1512 688 1562 τοῦ
710 1506 836 1563 ίδίου
868 1508 1169 1564 ἐπισκόπου.
1203 1508 1262 1562 Oi
1303 1507 1361 1563 δέ
1380 1509 1661 1579 τολμῶντες
1686 1511 1981 1588 ἀνατρέπειν

379 1601 472 1656 τήν
494 1598 734 1657 τοιαύτην
762 1595 1084 1653 διατύπωσιν
1111 1596 1217 1652 καθ’
1242 1596 1527 1657 οἱανδήποτε
1556 1600 1765 1675 τρόπον,
1803 1602 1883 1653 καί
1909 1605 1980 1670 μή

378 1687 787 1759 ύποταττόμενοι
812 1696 886 1758 τῷ
923 1686 1033 1761 ἰδίῳ
1071 1688 1334 1761 ἐπισκόπῳ
1359 1703 1374 1718 ⁸
1406 1692 1453 1743 εί
1486 1690 1577 1758 μέν
1612 1683 1707 1743 εἷεν
1734 1688 1978 1764 κληρικοὶ,

2089 476 2254 531 quam
2273 477 2433 532 posse
2452 462 2664 533 operari
2693 461 2763 517 ad
2781 460 3031 533 iniuriam
3051 462 3171 530 ejus
3195 465 3287 531 qui
3309 464 3601 522 ordinavit.

2158 569 2466 626 CLXXXV.
2500 571 2645 626 —-7.
2672 570 2786 629 Eos
2813 572 2906 641 qui
2947 573 3117 627 semel
3162 573 3217 628 in
3262 574 3412 629 clero
3441 578 3701 645 cooptati

2087 669 2233 724 sunt,
2264 670 2319 714 et
2344 661 2700 717 monasticam
2731 661 2898 716 vitam
2946 662 3346 731 expetiverunt,
3394 666 3702 722 statuimus

2088 764 2266 820 neque
2294 751 2362 805 ad
2386 752 2651 816 militiam,
2678 766 2853 820 neque
2882 752 2950 807 ad
2996 753 3312 808 szccularcm
3337 766 3341 771 ‘
3362 754 3697 823 dignitatem

2085 843 2290 896 venire.
2326 840 2435 896 Aut
2481 842 2591 897 hoc
2635 843 2898 899 audentes
2924 858 3027 899 nec
3057 845 3430 914 pcenitentiam
3460 857 3695 916 agentes

2088 939 2147 985 ut
2183 931 2250 985 ad
2280 929 2333 987 id
2360 940 2721 999 revertantur,
2748 934 2892 1004 quod
2922 943 3146 1005 propter
3171 934 3341 991 Deum
3393 938 3545 1007 prius
3570 940 3694 995 ele-

2085 1030 2296 1091 gerant,
2324 1023 2790 1078 anatltematizari.

2157 1136 2487 1193 CLXXXVI.
2524 1169 2597 1180 --
2624 1137 2678 1193 8.
2705 1137 2902 1194 Clerici
2924 1139 3285 1209 ptoehiorum,
3318 1144 3691 1199 monasterio-

2085 1244 2205 1308 rum
2256 1238 2312 1284 et
2364 1230 2781 1303 martyriorum,
2812 1230 2913 1285 sub
2960 1239 3235 1302 potestate
3275 1233 3688 1305 episcoporum,

2085 1322 2179 1390 qui
2201 1325 2329 1377 Sunt
2359 1321 2412 1376 in
2436 1336 2763 1392 unaquaque
2792 1322 3343 1392 civitate,secundum
3366 1335 3691 1386 sanctorum

2087 1409 2309 1467 Patrum
2333 1412 2681 1469 traditionem
2727 1423 3102 1484 permaneant,
3134 1430 3237 1471 nec
3291 1432 3389 1487 per
3417 1434 3689 1487 prmsum-

2086 1505 2327 1574 ptioncm
2353 1521 2385 1561 a
2414 1522 2513 1561 suo
2561 1505 2818 1577 episcopo
2848 1507 3126 1562 recedant.
3169 1507 3273 1575 Qui
3303 1525 3435 1566 vero
3477 1512 3688 1568 audent

2086 1598 2355 1669 ejusmodi
2383 1597 2829 1655 constitutionem
2857 1614 3184 1669 quocunque
3214 1600 3378 1657 modo
3401 1614 3679 1669 evertere,

2086 1706 2188 1745 nec
2216 1705 2316 1745 suo
2344 1689 2601 1761 episcopo
2629 1688 3003 1759 subjiciuntur,
3032 1690 3076 1745 si
3102 1690 3323 1759 quidem
3346 1692 3529 1748 clerici
3560 1694 3688 1748 fue-

379 1787 495 1839 τοῖς
520 1786 621 1835 τῶν
647 1776 867 1835 κανόνων
910 1780 1304 1835 ὑποκείσθωσαν
1331 1781 1631 1849 ἐπιτιμίοις”
1672 1781 1715 1833 εἰ
1738 1778 1791 1834 δέ
1828 1782 1975 1850 μονά-

2086 1780 2214 1843 rint,
2248 1781 2522 1836 canonicis
2550 1781 2724 1851 poenis
2753 1780 3107 1850 subjiciantur
3135 1799 3148 1834 :
3181 1782 3228 1838 si
3253 1791 3438 1839 autem
3484 1800 3683 1841 mona-

380 1873 554 1932 ζοντες
576 1869 607 1929 ή
638 1871 816 1940 λαῖκοί,
839 1868 1074 1926 ἴστωσαν
1102 1871 1448 1927 ἁκοινώνητοι.

450 1983 589 2057 ρπξ.
631 1983 699 2038 Εἴ
718 2006 798 2045 τις
827 1985 1051 2061 κληρικός
1079 1984 1211 2059 πρὸς
1235 1983 1461 2058 κληρικόν
1489 1987 1709 2057 πρᾶγμα
1738 1981 1875 2055 ἔχει,
1908 1990 1980 2055 μή

378 2076 860 2147 ἐγκαταλιμπανέτω
886 2078 971 2131 τόν
999 2079 1174 2130 οἰκεῖον
1200 2076 1496 2142 ἐπίσκοπον,
1529 2080 1617 2131 καί
1644 2080 1730 2133 ἐπὶ
1757 2081 1980 2149 κοσμικά

378 2164 680 2243 δικαστήρια
710 2167 1082 2242 κατατρεχέτω
1109 2182 1123 2197 ⁸
1153 2168 1277 2222 ἀλλὰ
1313 2168 1564 2244 πρότερον
1603 2174 1692 2228 τήν
1737 2170 1977 2227 ύπόθεσιν

374 2261 673 2330 γυμναζέτω
702 2260 847 2335 παρά
886 2267 959 2329 τῷ
992 2257 1101 2330 ἰδίῳ
1132 2260 1416 2332 ἐπισκόπῳ,
1447 2262 1599 2336 ἤγουν
1624 2264 1798 2335 ,γνώμῃ
1825 2264 1979 2319 αὐτοῦ

376 2352 471 2403 τοῦ
505 2349 791 2405 ἐπιστόπου
816 2348 943 2424 παρ’
970 2345 1043 2409 οἷς
1074 2344 1131 2403 ἂν
1169 2352 1235 2406 τὰ
1259 2352 1515 2427 ἀμφότερα
1542 2354 1671 2426 μέρη
1697 2352 1979 2426 βούλωνται

374 2441 441 2495 τά
480 2448 574 2499 τῆς
615 2438 754 2502 δίκης
801 2441 1681 2519 συγκροτεῖσθαι[συγκροτείσθω].
1709 2446 1764 2497 Ei
1802 2442 1859 2499 δέ
1900 2466 1979 2505 τις

377 2531 523 2605 παρὰ
543 2536 710 2585 ταῦτα
736 2533 960 2596 ποιήσοι,
986 2540 1258 2592 κανονικοῖς
1284 2535 1556 2605 ἐπιτιμίοις
1585 2536 1894 2590 ύποκείσθω.
1921 2538 1979 2591 Εἰ

376 2618 431 2676 δέ
452 2623 539 2675 καί
555 2620 791 2696 κληρικός
808 2627 1028 2699 πρᾶγμα
1046 2620 1078 2676 ἴ
1073 2642 1166 2691 χοι
1184 2623 1310 2697 πρὸς
1330 2625 1415 2678 τὸν
1437 2621 1697 2684 ἵδιονήκαὶ
1718 2625 1847 2698 πρὸς
1866 2627 1977 2683 ἕτε-

373 2731 466 2786 ρον
486 2714 789 2777 ἐπίσκοπον,
817 2715 962 2789 παρὰ
983 2722 1045 2789 τῇ
1067 2712 1260 2787 συνόδῳ
1281 2723 1372 2776 τῆς
1394 2716 1657 2791 ἐπαρχίας
1678 2714 1972 2782 δικαζέσθω.

374 2805 438 2856 Εἰ
472 2802 525 2858 δέ
554 2805 685 2878 πρὸς
720 2804 804 2861 τόν
845 2812 936 2866 τῆς
964 2806 1126 2865 αὐτῆς
1158 2806 1416 2883 ἐπαρχίας
1441 2808 1838 2882 μητροπολίτην,
1869 2808 1977 2862 ἐπί-

378 2914 576 2954 σκοπος
615 2893 646 2953 ἦ
684 2894 915 2969 κληρικὸς
961 2896 1325 2967 ἀμφισϐητοίη,
1362 2898 1790 2968 καταλαμϐανέτω
1831 2898 1863 2958 ἦ
1895 2899 1978 2954 τόν

374 2982 601 3060 ἷξαρχον
626 2992 718 3045 τῆς
744 2983 1059 3052 διοικήσεως,
1106 2984 1137 3047 ή
1179 2988 1265 3043 τόν
1313 2994 1402 3049 τῆς
1442 2987 1814 3058 βασιλευούσης
1843 3004 1977 3044 Κων-

377 3076 842 3136 σταντινουπὸλεως
867 3075 1057 3153 θρόνον,
1088 3081 1175 3132 καί
1199 3079 1281 3134 ἐπ’
1302 3081 1444 3152 αύτῷ
1473 3078 1769 3145 δικαζέσθω.

446 3188 585 3263 ρπη’.
627 3194 717 3249 Μή
756 3190 933 3255 ἐξεῖναι
962 3191 1192 3266 κληρικὸν
1221 3193 1271 3247 ἐν
1296 3189 1389 3247 δύο
1410 3192 1604 3247 πόλεων
1624 3194 1751 3248 κατά
1786 3195 1976 3249 ταυτὸν

374 3278 739 3351 καταλέγεσθαι
766 3279 1080 3347 ἐκκλησίαις,
1118 3278 1224 3356 ἐνῇ
1266 3302 1318 3336 τε
1362 3287 1456 3340 τήν
1499 3284 1673 3355 ἀρχήν
1708 3281 1976 3358 ἐχειροτο-

372 3372 515 3434 νήθη,
545 3373 628 3425 καί
670 3368 721 3425 έν
812 3373 1154 3447 προσέφυγεν,
1181 3375 1249 3433 ὡς
1293 3376 1480 3443 μείζονι
1522 3372 1688 3439 δῆθεν,
1720 3372 1806 3431 διὰ
1831 3374 1977 3439 δόξης

370 3470 517 3522 κενῆς
548 3462 841 3525 ἐπιθυμίαν.
883 3466 1014 3525 Τούς
1036 3462 1088 3519 δέ
1131 3485 1189 3537 γε
1227 3471 1379 3520 τοῦτο
1410 3468 1703 3527 ποιοῦντας,
1725 3467 1975 3521 ἀποκαθί-

370 3554 594 3609 στασθαι
620 3562 683 3630 τῇ
730 3553 835 3630 ἰδίᾳ
883 3555 1142 3631 ἐκκλησίᾳ,
1174 3557 1226 3610 ἐν
1324 3558 1554 3631 ἐξαρχῆς
1583 3560 1973 3633 ἐχειροτονήθη-

371 3666 494 3714 σαν,
523 3649 611 3701 καί
635 3648 743 3701 ἐκεῖ
760 3648 911 3717 μόνον
935 3647 1261 3726 λειτουργεῖν.
1287 3653 1345 3705 Εί
1371 3652 1461 3723 μέν
1486 3670 1567 3706 τοι
1604 3649 1700 3709 ήδη
1725 3672 1805 3712 τις
1823 3672 1973 3722 μετε-

368 3738 484 3794 τέθη
509 3737 561 3800 ἐξ
589 3732 739 3796 ἄλλης
767 3739 839 3798 είς
863 3734 1014 3797 ἄλλην
1040 3739 1322 3806 ἐκκλησίαν,
1348 3739 1502 3810 μηδὲν
1527 3749 1632 3802 τοῖς
1660 3751 1754 3803 τῆς
1784 3750 1972 3819 προτέο

366 3849 464 3904 ρας
494 3828 757 3889 ἐκκλησίας
782 3870 796 3896 ,
831 3829 944 3889 ἦτοι
974 3836 1074 3886 τῶν
1104 3830 1193 3885 ὐπ’
1223 3832 1382 3891 αὐτήν
1409 3836 1708 3906 μαρτυρίων
1749 3832 1781 3891 ἦ
1823 3856 1969 3888 πτω-

372 3922 532 3991 χείων
560 3919 588 3980 ή
617 3918 947 3992 ξενοδοχείων
973 3922 1310 3985 ἐπικοινωνεῖν
1336 3924 1658 3996 πράγμασιν.
1682 3924 1811 3982 Τούς
1835 3920 1887 3976 δέ
1910 3944 1969 3995 γε

368 4011 662 4082 τολμῶντας
702 4013 835 4082 μετά
864 4012 948 4066 τόν
985 4009 1094 4088 ὅρον
1116 4019 1210 4071 τῆς
1245 4012 1468 4082 μεγάλης
1512 4015 1596 4067 καί
1628 4015 1971 4085 οἱκουμενικῆς

367 4102 563 4163 ταύτης
604 4100 845 4166 συνόδου,
870 4103 1114 4177 πράττειν
1150 4125 1204 4159 τε
1246 4109 1348 4158 τῶν
1388 4110 1478 4160 νῦν
1525 4105 1964 4180 ἀπηγορευμένων,

368 4194 554 4270 ὥρισεν
584 4194 614 4251 ή
639 4191 763 4266 ἁγία
792 4190 1007 4253 σύνοδος
1035 4195 1294 4251 ἐκπίπτειν
1320 4201 1412 4251 τοῦ
1434 4194 1572 4251 πεδίου
1599 4196 1821 4271 βαθμοῦ.

439 4459 571 4536 ρπσ.
616 4442 806 4520 Πάντας
832 4462 953 4519 τοὺς
996 4458 1216 4519 πένητας
1245 4460 1329 4513 καί
1363 4455 1633 4530 δεομένους
1654 4460 1964 4534 ἐπικουρίας,

366 4553 497 4623 μετά
525 4548 825 4623 δοκιμασίας
864 4549 1173 4613 ἐπιστολίοις
1212 4548 1367 4608 ήτουι
1406 4553 1671 4626 εἰρηνικοῖς
1693 4551 1966 4610 ἐκκλησία-
1993 4523 2046 4584 D

367 4652 565 4708 στικοῖς
608 4653 778 4718 μονοῑς
802 4641 1008 4699 όδεύειν
1053 4645 1331 4717 ὡρίσαμεν,
1364 4645 1451 4698 καί
1491 4648 1561 4716 μή
1608 4652 1963 4710 συστατικοῑς,

367 4737 455 4792 διὰ
475 4738 553 4803 τὸ,
585 4739 681 4796 τὰς
717 4736 1038 4807 συστατικὰς
1066 4735 1346 4796 ἐπιστολὰς
1374 4739 1649 4806 προσήκειν
1676 4744 1790 4798 τοῖς
1818 4732 1965 4792 οὖσιν

366 4828 422 4883 ἐν
449 4825 698 4898 suam?“
724 4826 894 4897 μόνοις
924 4829 1222 4899 προσώποις
1244 4827 1590 4901 παρέχεσθαι.

440 5028 535 5103 ρζ.
574 5026 743 5082 Ἦλθεν
771 5030 841 5088 εἰς
865 5029 1021 5098 ἡμᾶς,
1054 5028 1123 5088 ὥς
1148 5046 1279 5086 τινες
1303 5031 1449 5101 παρὰ
1473 5028 1594 5087 τοὺς
1625 5026 1971 5085 inhumana

369 5124 493 5182 κούς
521 5122 743 5190 Θεσμοῦς
770 5116 1193 5195 προσδραμόντες
1237 5115 1586 5180 δυναστείαις.
1614 5114 1699 5171 διὰ
1728 5139 1971 5191 πραγμα-

369 5220 519 5270 τικῶν
539 5218 631 5272 τήν
654 5213 774 5282 μίαν
803 5213 1067 5286 ἐπαρχίαν
1089 5213 1161 5270 είς
1184 5208 1276 5265 δύο
1300 5211 1590 5281 κατέτεμον,
1618 5211 1687 5269 ὡς
1710 5210 1765 5262 ἐκ
1786 5210 1973 5264 τούτου

370 5304 467 5361 δύο
508 5304 891 5380 μητροπολίτας
934 5300 1062 5359 εἶναι
1103 5304 1157 5358 ἐν
1196 5310 1260 5377 τῇ
1303 5303 1430 5377 αύτῇ
1475 5302 1734 5378 ἐπαρχίᾳ.
1758 5299 1971 5376 Ὠρισεν

368 5400 535 5453 τοίνυν
561 5399 592 5458 ή
622 5395 747 5467 ἁγία
788 5392 1027 5461 σύνοδος,
1069 5400 1160 5449 τοῦ
1200 5395 1379 5451 λοιποῦ
1410 5392 1565 5467 μηδὲν
1610 5401 1812 5450 τοιοῦτο
1858 5397 1974 5449 τολ-

370 5488 570 5557 μᾶσθαι
598 5488 736 5567 παρὰ
763 5487 1064 5542 ἐπισκόπου⁹
1100 5486 1210 5540 ἐπεὶ
1248 5487 1332 5541 τὸν
1374 5494 1575 5543 τοιοῦτο
1610 5487 1974 5561 ἐπιχειροῦντα

369 5580 633 5635 ἐκπίπτειν
672 5586 767 5636 τοῦ
812 5577 943 5635 ἰδίου
986 5579 1212 5652 βαθμοῦ.
1244 5575 1400 5634 Ὀσαε
1449 5578 1503 5635 δέ
1544 5578 1640 5639 ἤδη
1678 5581 1849 5640 πόλεις
1889 5578 1975 5636 δια

372 5672 686 5746 γραμμάτων
711 5673 987 5744 βασιλικῶν
1014 5680 1088 5750 τῷ
1130 5682 1221 5734 τῆς
1260 5674 1619 5750 μητροπόλεως
1661 5676 1975 5748 ἐτιμήθησαν

280 5790 288 5797 '
370 5764 598 5837 ὀνόματι,
628 5766 782 5841 μόνης
824 5767 1225 5840 ἀπολαυέτωσαν
1250 5776 1342 5832 τῆς
1374 5776 1543 5843 τιμῆς,
1575 5772 1660 5827 καί
1701 5769 1725 5826 ό
1767 5773 1858 5831 τήν
1894 5769 1975 5825 ἐκ·

2003 3146 2051 3209 C

2083 1872 2169 1927 chi
2196 1880 2288 1927 aut
2307 1872 2451 1937 laici,
2476 1872 2853 1928 communione
2882 1873 3181 1942 priventur.

2152 1980 2499 2037 CLXXXVII.
2530 2012 2601 2024 -—
2629 1979 2681 2035 9.
2713 1980 2772 2037 Si
2797 1982 2919 2052 quis
2944 1982 3175 2039 clericus
3215 1999 3339 2040 cum
3370 1985 3571 2042 clerico
3603 1986 3680 2041 li-

2086 2080 2195 2126 tem
2224 2072 2493 2141 habuerit,
2516 2072 2797 2143 proprium
2818 2072 3133 2143 episcopum
3159 2088 3229 2129 ne
3246 2074 3496 2144 deserat,
3524 2086 3579 2132 et
3607 2078 3683 2132 ad

2080 2160 2360 2218 saecularia
2382 2160 2578 2233 judicia
2604 2177 2675 2218 ne
2697 2170 2982 2228 excurrat;
3004 2162 3101 2218 sed
3135 2164 3286 2233 prius
3313 2179 3532 2221 causam
3551 2175 3684 2235 agat

2081 2256 2224 2327 apud
2244 2254 2522 2325 proprium
2546 2254 2893 2324 episcopum:
2918 2253 3005 2309 vel
3025 2261 3174 2309 certe
3193 2253 3262 2308 de
3287 2255 3528 2325 episcopi
3550 2272 3683 2313 sen-

2082 2344 2253 2401 tentia
2283 2343 2426 2415 apud
2456 2360 2552 2400 eos
2580 2359 2718 2417 quos
2747 2352 2976 2414 utraque
3013 2359 3140 2414 pars
3168 2345 3392 2414 elegerit
3412 2345 3679 2415 judicium

2082 2435 2335 2504 agitetur.
2364 2433 2423 2491 Si
2446 2434 2567 2504 quis
2595 2442 2777 2490 autem
2801 2443 2997 2505 prmter
3025 2435 3141 2491 bzce
3170 2434 3380 2500 fecerit,
3398 2439 3679 2496 canonicis

2083 2528 2260 2599 poenis
2287 2526 2625 2597 subjiciatur.
2659 2525 2718 2582 Si
2771 2535 2955 2582 autem
2998 2527 3232 2585 clericus
3281 2543 3405 2586 cum
3448 2531 3677 2601 proprio

2081 2620 2168 2674 vel
2191 2619 2355 2675 etiam
2380 2619 2486 2674 alio
2516 2619 2773 2690 episcopo
2800 2620 2952 2674 litem
3000 2620 3271 2685 habuerit,
3301 2635 3333 2675 a
3366 2622 3677 2691 provincia:

2080 2709 2288 2781 synodo
2330 2708 2621 2778 judicctur.
2678 2708 2735 2765 Si
2762 2718 2943 2765 autem
2991 2725 3114 2765 cum
3164 2710 3331 2781 ipsius
3376 2714 3677 2782 provincia:

2080 2802 2523 2873 metropolitano,
2546 2803 2833 2873 episcopus
2860 2804 2946 2858 vel
2972 2802 3203 2860 clericus
3244 2809 3674 2866 controversiam

2079 2893 2348 2960 habuerit,
2380 2895 2681 2951 diteceseos
2707 2896 3003 2952 exercitum
3031 2895 3209 2963 adeat,
3241 2905 3337 2952 aut
3372 2899 3532 2968 regia:
3584 2918 3674 2956 ur»

2078 2985 2163 3042 bis
2184 2985 2734 3056 Constantinopoleos
2780 2986 2985 3055 sedem,
3015 2995 3079 3044 et,
3126 2989 3271 3060 apud
3307 2989 3480 3060 ipsam
3519 2990 3673 3062 judi-

2079 3093 2253 3134 οοιιιε.

2151 3192 2523 3249 CLXXXVIII.
2548 3193 2717 3247 -—10.
2741 3193 2859 3249 Non
2881 3193 3046 3249 licere
3065 3194 3319 3251 clericum
3358 3196 3411 3251 in
3438 3196 3671 3255 duarum

2078 3285 2240 3341 simul
2264 3284 2545 3340 civitatum
2597 3283 2843 3340 ecclesiis
2866 3285 3156 3353 conscribi,
3186 3293 3241 3340 et
3290 3286 3346 3341 in
3393 3302 3457 3343 ea
3489 3289 3544 3342 in
3565 3303 3670 3357 qua

2076 3375 2147 3431 ab
2172 3375 2329 3431 initio
2359 3374 2644 3431 ordinatus
2668 3383 2771 3441 est,
2796 3381 2853 3429 et
2901 3373 2957 3429 in
3001 3388 3067 3429 ea
3096 3374 3150 3429 in
3170 3389 3354 3444 quam,
3387 3383 3447 3431 ut
3494 3374 3677 3447 majo-

2075 3482 2214 3534 rem,
2244 3467 2503 3537 confugit,
2550 3475 2776 3537 propter
2822 3466 2999 3521 inanis
3049 3466 3239 3535 gloria:
3292 3467 3672 3538 cupiditatem.

2074 3556 2185 3613 Eos
2210 3566 2391 3612 autem
2410 3556 2505 3625 qui
2536 3557 2641 3613 boc
2666 3555 2890 3621 faciunt,
2922 3569 3034 3610 sua:
3088 3556 3331 3611 ecclesia:
3376 3559 3588 3615 restitui
3614 3560 3673 3616 in

2073 3663 2180 3719 qua
2212 3649 2281 3703 ab
2309 3647 2465 3703 initio
2492 3646 2728 3703 ordinati
2760 3654 2906 3710 sunt,
2937 3653 2993 3701 et
3022 3646 3134 3701 illic
3163 3650 3542 3705 tantummodo
3567 3651 3673 3705 mi-

2075 3739 2325 3794 nistrare.
2348 3736 2468 3792 .Sed
2493 3737 2541 3791 si
2558 3736 2670 3805 jam
2690 3735 2960 3805 quispiam
2980 3750 3057 3789 ex
3081 3735 3185 3789 alia
3216 3736 3267 3789 in
3298 3737 3458 3792 aliam
3488 3740 3667 3796 eccle-

2070 3830 2208 3887 siam
2238 3830 2531 3885 translatus
2562 3838 2663 3896 est,
2696 3829 2829 3884 nihil
2854 3829 3053 3899 prioris
3081 3829 3343 3897 ecclesiae,
3372 3832 3460 3887 vel
3480 3847 3666 3889 eorum

2070 3935 2192 3991 qum
2219 3920 2322 3976 sub
2337 3936 2403 3976 ea
2434 3935 2563 3976 sunt
2605 3911 3014 3991 martyriorum,
3045 3920 3131 3975 vel
3181 3922 3548 3991 ptoehiorum,
3577 3926 3665 3980 vel

2071 4013 2535 4070 xenodoebiorum
2556 4012 2719 4068 rebus
2745 4013 3166 4068 communicare.
3217 4012 3324 4069 Eos
3362 4024 3543 4071 autem
3575 4019 3666 4086 qui

2070 4105 2189 4160 ausi
2218 4103 2437 4170 fuerint,
2470 4112 2595 4175 post
2613 4102 2984 4159 definitionem
3011 4116 3219 4173 magna:
3248 4112 3304 4158 et
3350 4106 3665 4165 universalis

2069 4197 2282 4269 synodi,
2313 4196 2516 4266 aliquid
2564 4211 2753 4252 eorum
2801 4206 2922 4265 quae
2977 4204 3104 4251 sunt
3146 4196 3651 4266 probibitafacere,

2069 4288 2258 4343 statuit
2305 4294 2495 4342 sancta
2539 4286 2811 4357 synodus,
2867 4299 2965 4342 eos
3005 4286 3226 4356 proprio
3280 4287 3453 4358 gradu
3525 4291 3663 4347 exci-

2074 4377 2227 4434 dere.
2914 4398 2917 4401 '

2140 4466 2471 4525 CLXXXIX.
2504 4500 2571 4511 —-
2604 4467 2693 4523 11.
2719 4464 2919 4522 Omnes
2946 4481 3232 4537 pauperes,
3266 4476 3322 4523 et
3365 4469 3566 4526 auxilio
3592 4472 3667 4528 in«

2072 4561 2334 4631 digentes,
2378 4576 2501 4617 eum
2530 4560 2872 4631 probatione,
2906 4560 3022 4614 sive
3070 4575 3194 4615 cum
3225 4560 3464 4631 pacificis
3494 4564 3668 4627 eccle.

2073 4653 2309 4710 siasticls
2329 4652 2523 4708 litteris
2552 4652 2683 4707 solis
2706 4652 2811 4707 iter
2829 4651 3009 4707 facere
3056 4650 3378 4719 deﬁnimus,
3413 4668 3521 4708 non
3547 4670 3673 4710 cum

2074 4742 2551 4810 eommendatitiis,
2570 4743 2700 4814 quia
2721 4742 3190 4799 commendatitias
3220 4742 3430 4799 litteras
3451 4745 3517 4800 iis
3540 4746 3670 4802 solis

2074 4835 2323 4906 personis
2343 4848 2463 4904 quo:
2485 4834 2541 4890 in
2572 4834 2810 4904 aliquam
2838 4833 3201 4903 suspicionem
3226 4842 3494 4889 venerunt
3534 4851 3661 4905 pra:-

2076 4925 2194 4981 beri
2211 4932 2450 4995 oportet.

2142 5032 2300 5090 CXC.
2324 5062 2394 5077 --
2419 5032 2507 5087 i2.
2533 5031 2787 5089 Pervenit
2812 5030 2880 5087 ad
2900 5046 3028 5099 nos,
3052 5031 3199 5102 quod
3219 5031 3438 5103 quidam
3465 5042 3658 5104 przetet

2071 5124 2442 5182 ecclesiastica
2494 5130 2729 5189 statuta,
2783 5128 3086 5194 potestates
3154 5121 3506 5189 allectantes,
3574 5140 3663 5193 per

2072 5218 2433 5289 pragmaticas
2462 5231 2625 5271 unam
2646 5215 2983 5286 provinciam
3010 5215 3065 5270 in
3094 5214 3230 5271 duas
3257 5214 3576 5280 diviserunt,
3616 5224 3670 5272 ut

2074 5326 2138 5367 ex
2170 5324 2237 5365 eo
2257 5310 2364 5365 duo
2390 5315 2571 5365 essent
2596 5305 2999 5377 metropolitani
3045 5306 3102 5362 in
3141 5305 3330 5362 eadem
3356 5307 3657 5378 provincia.

2075 5403 2279 5459 Statuit
2305 5416 2436 5473 ergo
2465 5408 2651 5458 sancta
2699 5401 2960 5474 synodus,
2995 5415 3067 5456 ne
3119 5400 3377 5471 deinceps
3407 5401 3513 5456 tale
3540 5401 3669 5472 quid

2077 5509 2364 5566 episcopus
2390 5493 2621 5548 audeat:
2651 5492 2918 5563 alioquin,
2942 5493 3033 5563 qui
3058 5493 3164 5547 hoc
3203 5493 3535 5562 aggreditur,
3567 5508 3668 5551 suo

2077 5585 2246 5656 gradu
2277 5584 2545 5641 excidere.
2575 5581 2925 5657 Qumcunque
2957 5592 3139 5639 autem
3182 5584 3429 5640 civitates
3460 5600 3557 5655 per
3583 5584 3670 5641 lit-

2078 5685 2223 5732 teras
2274 5674 2584 5745 imperiales
2611 5675 2930 5746 metropolis
2959 5673 3179 5730 nomine
3208 5674 3495 5730 bonorata:
3522 5686 3666 5744 sunt.

2079 5767 2195 5829 solo
2224 5766 2424 5825 honore
2463 5758 2827 5841 perfruantur,
2856 5774 2911 5825 et
2939 5764 3028 5838 qui
3062 5764 3199 5842 _ejus
3252 5764 3539 5825 ecclesiam
3578 5767 3669 5825 ad-
