3946 6336
205 365 266 423 .‘9
1166 363 1388 419 CODEX
1427 364 1752 419 CANONUII
1785 360 2164 421 ‘UNIVERSE
2206 364 2581 421 ECCLESIE.
3403 374 3470 430 9t)

202 492 410 549 ιλησίαν
460 489 611 546 αὑτῆς
642 484 836 540 διοικῶν
883 484 1182 545 ἐπίσκοπος,
1232 485 1529 549 σωζομένων
1574 482 1793 542 δηλονότι

1905 485 2165 539 ministrat
2187 485 2493 555 episcopus,
2514 496 2727 545 servato
2759 489 2963 545 scilicet
2988 505 3127 546 verte
3176 496 3465 563 metropoli

201 591 261 657 τῇ
290 584 423 636 κατά
450 580 678 637 ἀλήθειαν
710 576 1018 651 μητροπόλει
1040 582 1138 630 τῶν
1164 578 1356 629 οἰκείων
1386 574 1606 629 δικαίων.

270 670 394 743 ρςιί.
436 668 617 729 35w,-
658 667 919 739 κληρικοὺς
945 669 1025 718 καί
1052 668 1345 736 άγνὼστους
1380 665 1430 717 ἓν
1459 665 1608 738 ἑτέρᾳ
1646 666 1787 720 πόλει

202 763 331 833 δίχα
384 766 713 816 συστατικῶν
764 758 1078 831 γραμμάτων
1129 762 1219 809 τοῦ
1282 754 1409 809 ἰδίου
1475 757 1785 821 ἐπισκόπου,

200 854 323 923 μηδὲ
347 852 473 911 ὅλως
504 849 603 919 μηδ
616 856 742 917 λιμοῦ
773 849 1107 920 λειτουργεῖν.

269 946 396 1018 ρςῦν.
439 941 635 1001 Ἐπειδή
674 941 897 997 ἔν.τισιν
947 942 1225 1014 ἐπαρχίαις
1256 943 1656 1014 συγκεχώρηται
1686 948 1788 1000 ταῖς

201 1041 545 1109 ἆνογνὼσταις
572 1038 657 1089 καί
680 1034 897 1104 ψάλταις
923 1040 1117 1103 γαμεῖν·
1151 1034 1335 1103 ὥρισεν
1356 1034 1385 1089 ἡ
1406 1032 1525 1103 ἁγία
1552 1030 1785 1095 σύνοδος,

202 1136 269 1200 μὴ
314 1130 491 1193 ἔξεῖναί
542 1150 636 1184 τινι
687 1129 853 1183 αὐτῶν
898 1124 1180 1198 ἔτερόδοξου
1234 1132 1442 1193 γυναῖκα
1494 1125 1786 1194 λνμξάνειν.

202 1227 325 1283 τούς
354 1222 406 1275 δὲ
433 1220 530 1279 ἤδη
560 1222 610 1272 ἐκ
646 1221 881 1274 τοιούτου
910 1216 1076 1289 γάμου
1114 1215 1597 1281 παιδοποιήσαντας,
1632 1218 1674 1269 εἰ
1703 1218 1789 1273 μίν

204 1315 426 1388 ἔφθασαν
457 1317 712 1386 βαπτίσαι
738 1314 803 1367 τά
832 1314 884 1376 ἐξ
911 1313 1080 1365 αὑτῶν
1106 1312 1354 1381 τεχθέντα
1380 1308 1595 1379 [ἑαυτῶν
1620 1307 1788 1378 τέκνα]

204 1411 338 1479 παρὰ
381 1415 491 1465 τοῖς
540 1404 825 1482 αἱρετικοῐς,
856 1402 1132 1477 προσάγειν
1172 1401 1300 1454 αὑτά
1342 1408 1404 1474 τῇ
1446 1402 1670 1473 κοινωνία
1700 1407 1791 1459 τῆς

201 1495 456 1553 καθολικῆς
490 1491 777 1549 ἐκκλησίας⁶
821 1494 890 1560 μὴ
938 1490 1293 1558 βαπτίσαντας
1322 1486 1397 1553 δὲ,
1441 1493 1509 1555 μή
1549 1486 1792 1541 δύνασθαι

200 1584 274 1639 ἶτι
299 1584 573 1654 βαπτίσειν
599 1581 726 1636 αὑτά
750 1582 892 1655 παρὰ
922 1578 1072 1650 [ἐπὶ]
1101 1586 1208 1638 τοῖς
1228 1579 1521 1648 αέρετικοῖς,
1551 1584 1675 1648 μήτε
1698 1584 1792 1647 μήν

200 1681 478 1731 συνάπτειν
501 1674 630 1746 πρὸς
658 1674 821 1743 γάμον
851 1672 1087 1742 αἱρετικῷ
1116 1668 1146 1727 ἧ
1183 1668 1409 1739 Ἰουδαίῳ
1435 1668 1465 1726 ἦ
1492 1668 1686 1723 Ἕλληνι
1713 1686 1725 1699 ⁸
1751 1672 1793 1722 εί

200 1774 270 1837 μή
318 1765 425 1841 ἆρα
472 1764 831 1837 άπαγγέλλοιτο
880 1764 1235 1832 μετατίθεσθαι
1278 1766 1351 1821 εἰς
1398 1766 1487 1819 τὴν
1538 1762 1795 1837 όρθόδοξον

1893 590 1990 629 suo
2016 590 2155 642 Jurc.

1958 664 2135 719 CXCI.
2164 698 2234 708 -
2260 666 2344 720 15.
2380 667 2696 737 Peregrinos
2717 670 2944 726 clericos
2968 679 3022 726 et
3051 674 3264 740 ignotos
3290 675 3343 729 in
3361 676 3463 730 alia

1890 755 2103 810 civitate
2123 758 2239 811 sine
2266 760 2467 829 pr0prii
2504 761 2741 829 cpisc0pi
2773 764 3228 820 commendatitiis
3275 766 3470 822 litteris

1890 861 2152 912 nusquam
2176 847 2283 900 ullo
2314 849 2472 901 modo
2503 849 2824 905 ministrare.

1960 937 2357 992 ρειαί-ιι.
2396 939 2658 1006 Quoeiam
2709 940 2761 994 in
2810 942 3128 1009 quibusdam
3178 946 3481 1013 provinciis

1891 1046 2205 1084 concessum
2229 1040 2312 1085 est
2341 1032 2632 1086 lectoribus
2662 1041 2717 1087 et
2748 1035 2933 1102 psaltis
2979 1051 3177 1090 uxores
3219 1038 3415 1092 dueere
3446 1057 3462 1093 :

1891 1122 2077 1175 statuit
2129 1130 2313 1175 sancta
2362 1124 2602 1193 synodus
2630 1124 2760 1176 nulli
2790 1139 2977 1177 eorum
3038 1126 3198 1179 licere
3248 1127 3486 1184 alterius

1891 1221 2053 1266 secta:
2083 1227 2303 1265 uxorem
2338 1214 2601 1282 accipere.
2637 1214 2743 1267 Eos
2792 1224 2971 1269 autem
3000 1216 3089 1283 qui
3114 1231 3180 1269 ex
3210 1214 3485 1285 ejusmodi

1890 1302 2236 1356 matrimonio
2260 1303 2457 1357 liberos
2482 1314 2865 1373 susceperunt,
2898 1306 2941 1359 si
2972 1306 3187 1374 quidem
3212 1310 3472 1376 praeventi

1890 1400 2034 1456 sunt,
2060 1408 2125 1445 ex
2146 1407 2204 1446 se
2225 1394 2433 1460 genitos
2448 1395 2706 1463 baptizari
2731 1396 2797 1448 ab
2821 1396 3105 1461 luereticis,
3133 1398 3196 1449 ad
3216 1397 3471 1453 Ecclesiae

1892 1482 2168 1536 catholica:
2197 1483 2627 1536 communitinem
2667 1500 2761 1538 eos
2793 1485 3079 1539 adducere.
3104 1485 3204 1551 Qui
3222 1502 3350 1541 vero
3374 1490 3471 1541 ads

1891 1571 1997 1627 huc
2025 1573 2280 1641 baptizati
2308 1590 2415 1627 non
2446 1583 2591 1641 sunt,
2614 1591 2718 1629 non
2752 1592 2909 1644 posse
2938 1592 3033 1630 eos
3064 1578 3203 1645 apud
3261 1580 3476 1633 lucreti-

1892 1678 1985 1719 cos
2028 1665 2308 1734 baptizari.
2341 1665 2445 1719 Sed
2502 1681 2675 1735 neque
2724 1667 2994 1731 Ineretico,
3026 1668 3110 1721 vel
3153 1668 3357 1735 Judmo,
3389 1671 3477 1725 vel

1894 1770 2120 1826 pagano,
2146 1757 2488 1812 matrimonio
2512 1758 2843 1826 conjungere
2871 1776 2882 1810 :
2920 1758 3021 1812 nisi
3057 1758 3194 1813 forte
3242 1776 3473 1829 persona

201 1861 378 1913 πίστιν
424 1858 480 1910 τό
522 1856 899 1925 συναπτόμενον
937 1856 1218 1929 πρόσωπον
1255 1863 1329 1928 τῷ
1358 1853 1621 1926 όρθοδόξῳ.
1653 1858 1708 1908 Εἰ
1737 1855 1789 1911 δέ

1905 1860 2011 1913 qua:
2041 1846 2354 1899 orthodoxzc
2396 1847 2737 1914 conjungitur
2791 1848 2856 1900 ad
2906 1849 3265 1903 orthodoxam
3314 1850 3477 1906 fidem

200 1969 277 2008 τις
302 1952 484 2001 τοῦτον
515 1947 598 2000 τόν
627 1943 741 2018 ὅρον
770 1946 1036 2019 παραϐαίη
1065 1952 1155 2004 τῆς
1200 1944 1350 2016 ἁγίας
1385 1942 1620 2012 συνόδου,
1651 1966 1790 1999 κανο-

200 2046 318 2109 νικῷ
341 2039 627 2093 ὑποκείσθω
654 2039 905 2107 ἐπιτιμίῳ.

270 2210 396 2288 μέγ’.
429 2213 652 2264 Διάκονον
698 2215 767 2279 μή
808 2213 1210 2284 χειροτονεῖσθαι
1254 2218 1468 2281 γυναῖκα
1511 2214 1615 2283 πρὸ
1664 2214 1791 2267 ἑτῶν

199 2304 614 2377 τεσσαράκοντα,
642 2306 725 2355 καί
757 2304 944 2359 ταύτην
976 2306 1104 2373 μετά
1134 2304 1377 2377 ἀκριϐοῦς
1404 2302 1725 2375 δοκιμασίας·
1761 2306 1792 2361 ἠ

202 2393 261 2450 δέ
285 2415 343 2467 γε
371 2393 614 2463 δεξαμένη
643 2399 733 2452 τήν
763 2394 1089 2467 χειροθεσίαν
1126 2392 1511 2464 [lupo-revicta],
1542 2398 1625 2448 καί
1664 2394 1794 2467 χρό-

205 2505 286 2537 νον
311 2488 423 2537 τινά
451 2482 821 2556 παραμείνασα
851 2491 914 2553 τῇ
951 2483 1265 2556 λειτουργίᾳ,
1298 2485 1383 2538 ἐάν
1424 2486 1607 2543 ἑαυτὴν
1630 2485 1786 2558 ἐπιδῷ

203 2580 371 2648 γὸμῳ,
406 2578 668 2650 ὑϐρίσασα
690 2583 781 2633 τήν
816 2582 906 2629 τοῦ
936 2581 1062 2629 Θεοῦ
1088 2579 1268 2648 χάριν,
1300 2578 1329 2633 ἡ
1368 2582 1574 2633 τοιαύτη
1608 2578 1785 2631 amet.

203 2669 501 2739 ματίζεσθω
527 2669 655 2739 μετά
674 2674 768 2721 τοῦ
807 2668 934 2738 αὑτῇ
966 2669 1314 2740 συναφθέντος.

266 2840 394 2917 ρέδ.
440 2842 682 2914 Παρθένον
727 2844 1002 2898 ἀναθεῖσαν
1044 2844 1225 2903 ἑαυτήν
1263 2852 1334 2915 τῷ
1377 2844 1604 2918 δεσπότῃ
1656 2856 1789 2920 Θεῷ,

197 2934 451 2993 ὡσαύτως
484 2930 537 2986 δὲ
570 2937 650 2986 καί
675 2934 1013 3003 μονάζοντας,
1054 2940 1123 3005 μή
1153 2937 1335 2999 ἐξεῖναι
1361 2938 1509 3008 γάμῳ
1545 2958 1798 3005 προσομι-

198 3026 325 3081 λεῖν·
360 3028 406 3081 εἰ
432 3025 491 3080 δέ
513 3046 567 3097 γε
600 3027 841 3099 εὑρεθεῖεν
875 3033 1026 3081 τοῦτο
1055 3032 1317 3085 ποιοῦντες
1337 3066 1351 3090 ,
1394 3024 1627 3081 ἴστωσαν
1655 3028 1795 3081 ἀκοι-

198 3116 428 3174 νῶνητοι’
457 3117 708 3190 ὧρίσαμεν
727 3114 779 3169 δέ
802 3114 835 3169 ἴ
830 3136 945 3184 χειν
973 3121 1060 3174 τήν
1086 3117 1379 3170 αὑθέντειαν
1402 3125 1494 3175 τῆς
1523 3115 1602 3171 ἐπ’
1625 3117 1797 3176 αὐτοῖς

208 3207 581 3283 φιλανθρωπίας
607 3209 693 3262 τόν
715 3210 844 3261 κατά
874 3209 1025 3262 τόπον
1056 3209 1345 3261 ἐπίσκοπον.

270 3300 391 3372 ρέί.
414 3300 520 3358 Τάς
544 3298 652 3352 καθ’
680 3297 901 3353 ἑκάστην
931 3297 1189 3353 ἐκκλησίαν
1230 3296 1535 3371 [ἐπαρχίαν]
1570 3299 1793 3371 ἀγροικι-

199 3388 585 3469 ἀςιπαροικίας
610 3385 641 3445 ἦ
668 3388 959 3460 ἐγχωρίους
979 3428 992 3453 ,
1026 3386 1187 3455 με’νειν
1218 3388 1671 3459 άπαρασαλεύτιυς
1691 3409 1795 3442 πα·

200 3478 272 3547 ρᾶ
306 3483 415 3535 τοῖς
439 3477 757 3544 κατέχουσιν
800 3477 959 3534 αὑτάς
990 3476 1291 3534 ίπεσκόποις
1316 3516 1329 3540 ,
1373 3480 1455 3531 καί
1493 3478 1711 3546 μάλιστα
1751 3480 1796 3531 εί

199 3576 561 3641 τριακονταετῆ
617 3567 802 3639 χρόνον
846 3568 1045 3627 ταύτας
1090 3566 1356 3628 άϐιάστως
1410 3567 1795 3638 διακατέχοντες

203 3659 549 3731 ᾧκονόμησαν.
581 3660 637 3711 El
658 3655 712 3712 δὲ
754 3659 895 3717 ἕντός
934 3664 1033 3713 τῶν
1074 3659 1346 3729 τριάκοντα
1381 3660 1510 3711 ἐτῶν
1535 3662 1796 3731 γεγένηταί

198 3772 299 3817 τις,
328 3751 359 3809 ἦ
398 3750 589 3823 γίνοιτο
620 3747 885 3820 [ἱνιαυτῶν
916 3748 1105 3820 ἐγένετό
1127 3770 1206 3808 τις
1234 3748 1263 3806 ἦ
1294 3746 1519 3820 γένηται]
1562 3752 1680 3823 περὶ
1705 3752 1796 3803 αὑ·-

198 3848 297 3894 τῶν
324 3840 728 3910 ἀμφισϐήτησις,
755 3841 940 3903 ἐξεῖναι
972 3847 1077 3899 τοῖς
1105 3840 1332 3911 λέγουσιν
1358 3838 1645 3905 ἠδικῆσθαι,
1677 3843 1798 3915 περί

202 3927 382 4004 [ὑπέρ]
408 3931 602 3984 τούτων
630 3937 777 3982 κινεῖν
812 3930 980 3999 ἀγῶνα
1007 3930 1152 4003 παρά
1282 3926 1474 3999 συνόδῳ
1502 3938 1594 3989 τῆς
1636 3929 1797 4003 ἐπαρ-

201 4026 353 4093 χίας.
378 4025 432 4075 Εί
453 4021 505 4076 δέ
536 4045 617 4082 τις
646 4021 870 4077 ἀδικοῖτο
898 4024 1038 4097 παρά
1061 4028 1149 4075 τοῦ
1173 4019 1301 4075 ἰδίου
1333 4020 1614 4077 ἐπισκόπου
1639 4022 1669 4081 ἦ
1701 4044 1797 4093 μη-

200 4113 551 4185 τροπολίτου,
611 4113 752 4187 παρά
800 4116 872 4179 τῷ
912 4110 1118 4183 ἐξάρχω
1170 4117 1261 4168 τῆς
1305 4107 1633 4176 διοικήσεως,
1666 4111 1695 4169 ἢ
1724 4118 1795 4181 τῷ

204 4202 792 4261 Κωνσταντινουπόλεως
836 4202 991 4272 θρόνῳ
1030 4200 1330 4263 δικαζὲστω,
1380 4202 1507 4254 καθά
1554 4197 1794 4272 [καθώς]

201 4297 518 4370 προείρηται.
551 4298 607 4346 Εἰ
632 4291 685 4346 δὲ
717 4294 797 4345 καί
816 4312 894 4350 τις
920 4294 972 4344 ἐκ
996 4291 1257 4363 βασιλικῆς
1285 4291 1518 4359 ἔξουσίας
1548 4291 1797 4349 ἐκαινίσθη

200 4386 348 4445 πόλις
386 4386 416 4442 ἦ
445 4380 587 4442 αὖθις
623 4384 916 4449 καινισθείη,
959 4390 1065 4441 τοῖς
1106 4383 1378 4443 πολιτικοῖς
1405 4385 1486 4435 καί
1527 4380 1794 4452 δημοσίοις

200 4477 389 4533 τύποις
413 4477 501 4527 καί
519 4481 618 4528 τῶν
641 4473 1061 4531 ἐκκλησιαστικῶν
1084 4480 1356 4547 παροικιῶν
1375 4474 1405 4531 ἡ
1426 4471 1567 4536 τάξις
1588 4472 1797 4526 ἀκολου-

200 4564 373 4618 θείτω.

274 4654 405 4731 ρές-’.
439 4656 624 4718 Τότῆς
668 4656 989 4723 συνωμοσίας
1033 4653 1064 4713 ἦ
1102 4655 1349 4730 φρατρίας
1395 4651 1663 4723 ἔγκλημα,
1711 4654 1795 4706 καί

202 4748 351 4822 παρά
378 4753 477 4799 τῶν
503 4743 601 4809 ἔξω
626 4746 789 4818 νόμων
829 4748 991 4804 πάντη
1018 4747 1313 4809 κεκώλυται,
1339 4745 1504 4815 πολλῷ
1527 4743 1587 4802 δὴ
1609 4743 1796 4815 μᾶλλον

202 4839 255 4893 ἄν
412 4845 501 4891 τοῦ
549 4842 677 4892 Θεοῦ
717 4840 949 4909 ἐκκλησίᾳ
992 4844 1144 4893 τοῦτο
1195 4839 1419 4909 γίνεσθαι
1465 4837 1797 4911 ἀπαγορεύειν

203 4934 477 5007 προσήκει.
507 4928 569 4982 Εἴ
581 4950 711 4989 τινες
736 4930 897 4985 τοίνυν
922 4931 1139 5005 κληρικοί
1160 4928 1188 4987 ἣ
1214 4930 1509 4999 μονάζοντες
1531 4929 1797 5001 εὑρεθεῖεν,

201 5022 233 5080 ἦ
263 5022 631 5092 συνομνύμενοι
658 5019 686 5079 ἧ
718 5022 1133 5097 φρατριάζοντες,
1156 5020 1185 5079 ἦ
1211 5023 1531 5079 κατασκευάς
1550 5021 1792 5094 τυρεύον-

200 5135 291 5174 τες
318 5113 612 5173 ἐπισκόποις
641 5112 671 5171 ἦ
692 5115 1073 5189 συγκληρικοῖς,
1109 5114 1490 5169 ἕκπιπτὲτωσαν
1520 5114 1683 5173 πάντη
1704 5118 1794 5169 τοῦ

192 5208 384 5261 οἱκεὶου
412 5207 633 5278 βαθμοῦ.

268 5296 398 5373 ρέζ.
420 5294 590 5351 Ἦλθεν
608 5299 683 5357 ἐἰς
705 5299 951 5374 ἡμετέρας
979 5298 1158 5363 άκοάς,
1181 5300 1250 5357 ὦς
1278 5298 1326 5351 ἐν
1351 5306 1464 5357 ταῖς
1494 5298 1790 5372 ἐπαρχίαις,

196 5394 252 5447 αί
286 5392 698 5461 κεκανονισμέναι
736 5389 938 5446 συνόδοι
981 5398 1081 5447 τῶν
1122 5392 1411 5445 ἐπισκόπων
1454 5392 1508 5444 ού
1539 5394 1792 5463 γίνονται,

193 5486 281 5535 καί
312 5482 573 5536 ἐκτούτ>υ
602 5481 759 5536 πολλὰ
796 5481 1170 5556 παραμελεῖται
1200 5488 1299 5536 τῶν
1340 5480 1655 5555 διορθώσεως
1692 5480 1805 5541 δεον

190 5574 357 5643 μένων
398 5573 823 5631 ἐκκλησιοιστικῶν
850 5572 1185 5644 πραγμάτων
1225 5570 1376 5643 ὥρισε
1413 5571 1580 5623 τοίνυν
1616 5572 1645 5627 ἡ
1678 5570 1800 5641 άγία

188 5662 412 5723 σύνοδος
440 5665 571 5717 κατά
602 5665 723 5722 τούς
749 5669 849 5715 τῶν
874 5662 1027 5734 ἁγίων
1072 5662 1309 5733 πατέρων
1335 5660 1538 5721 κανόνας
1556 5704 1570 5729 ,
1604 5660 1680 5721 δίς
1708 5667 1797 5713 τοῦ

188 5756 430 5811 ivra-arei}
466 5756 551 5809 ἐπὶ
579 5755 639 5808 τὸ
664 5754 789 5808 αὑτό
817 5754 1121 5828 συντρέχειν
1160 5749 1261 5805 καθ’
1292 5752 1514 5810 ἑκάστην
1538 5753 1799 5826 ἐπαρχίαν

196 5859 320 5911 τοὺς
354 5844 668 5905 ἱπισκόπουε
690 5886 705 5915 ,
754 5841 874 5900 ἔνθα
912 5838 969 5898 ἂν
1010 5842 1036 5897 ὁ
1073 5850 1163 5905 τῆς
1205 5842 1560 5921 μητροπόλεως
1590 5842 1792 5899 ἐπίσκο-

1815 4574 1870 4634 D

1893 1936 2131 1989 converti
2156 1937 2453 2004 promittat.
2479 1936 2533 1989 Si
2550 1937 2669 2004 quis
2692 1944 2868 1989 autem
2896 1939 3033 1991 hanc
3060 1949 3259 1994 sancta:
3284 1942 3479 2012 synodi

1891 2024 2257 2079 definitionem
2287 2034 2650 2093 transgressus
2664 2024 2841 2092 fuerit,
2857 2028 3127 2082 canonice
3151 2030 3477 2084 correctioni

1892 2116 2226 2180 subjiciatur.

1964 2202 2185 2259 CXCIII.
2218 2234 2287 2245 ——
2320 2203 2403 2257 15.
2438 2204 2805 2258 Diaconissam
2862 2208 3141 2260 mulierem
3186 2215 3312 2261 ante
3342 2224 3476 2277 qua-

1893 2300 2255 2370 dragesimum
2284 2317 2478 2354 anmun
2510 2317 2615 2355 non
2648 2303 2901 2369 ordinari,
2934 2313 2987 2357 et
3016 2318 3134 2356 eam
3166 2320 3286 2358 cum
3316 2320 3478 2358 accu-

1895 2400 2011 2447 rata
2041 2392 2380 2461 probatione.
2432 2392 2488 2445 Si
2516 2408 2642 2447 vero
2681 2403 2901 2463 accepta
2948 2410 3198 2449 manuum
3254 2397 3478 2466 imposi-

1896 2483 2043 2537 tione
2066 2483 2341 2550 aliquanto
2370 2490 2615 2551 tempore
2664 2484 2713 2536 in
2754 2484 3053 2539 ministerio
3094 2490 3474 2555 permanserit,

1897 2580 1953 2628 et
1980 2580 2166 2641 postea
2197 2572 2430 2641 scipsam
2462 2575 2659 2641 nuptiis
2695 2572 2992 2636 tradiderit,
3042 2575 3133 2628 Dei
3164 2578 3348 2643 gratiae
3396 2579 3478 2631 in-

1892 2662 2089 2733 juriam
2114 2661 2334 2724 faciens,
2379 2662 2467 2715 illa
2498 2662 2997 2726 anathematizetur,
3049 2680 3171 2717 cum
3202 2681 3267 2719 eo
3297 2666 3386 2734 qui
3428 2668 3480 2721 ei

1898 2754 2215 2823 conjunctus
2245 2761 2346 2808 est.

1968 2841 2195 2897 CXCIV.
2222 2874 2294 2883 ——
2324 2842 2408 2895 I6.
2439 2842 2713 2911 Virginem
2741 2858 2859 2911 qum
2888 2858 2947 2897 se
2970 2843 3082 2898 Deo
3113 2843 3339 2901 Domino
3370 2848 3469 2903 de-

1898 2932 2114 2998 dicavit,
2148 2932 2398 2988 similitcr
2426 2940 2479 2985 et
2508 2932 2821 2994 monachos,
2850 2948 2953 2986 non
2986 2934 3147 2987 licere
3190 2937 3471 2992 matrimo-

1899 3025 1990 3079 nio
2020 3024 2291 3092 conjungi.
2319 3022 2375 3076 Si
2397 3037 2527 3075 vero
2553 3022 2655 3076 hoc
2682 3022 2873 3077 fecisse
2904 3024 3104 3076 inventi
3134 3024 3347 3091 fuerint,
3379 3044 3474 3082 ex-

1903 3115 2388 3169 communicentur.
2440 3112 2735 3167 Statuimus
2777 3130 2926 3175 vero,
2977 3116 3352 3172 auctoritatem
3382 3120 3479 3174 ha-

1820 3223 1867 3285 c
1906 3206 2032 3261 bere
2060 3205 2164 3259 loci
2193 3204 2503 3275 episcopum
2532 3204 2595 3257 iis
2624 3204 3011 3259 humanitatem
3046 3206 3243 3274 largiri.

1969 3295 2169 3351 CXCV.
2202 3329 2275 3339 —
2312 3296 2395 3348 l7.
2446 3294 2575 3361 Qua:
2618 3304 2741 3349 sunt
2790 3296 2843 3349 in
2892 3312 3210 3367 unaquaque
3251 3301 3478 3355 ecclesia

1896 3387 2101 3441 rurales
2130 3386 2393 3455 parmcias
2413 3393 2504 3438 aut
2533 3385 2855 3452 regionales,
2887 3403 3104 3442 manere
3133 3389 3479 3446 inconcussas

1899 3478 2041 3547 apud
2072 3493 2166 3531 eos
2212 3478 2303 3545 qui
2348 3477 2466 3531 illas
2512 3485 2697 3531 tenent
2726 3478 3047 3546 episcopos:
3091 3489 3144 3533 et
3172 3482 3404 3535 maxime
3432 3484 3480 3538 si

1897 3585 1996 3640 per
2024 3570 2237 3637 triginta
2276 3584 2445 3622 annos
2487 3582 2581 3621 cas
2618 3568 2731 3621 sine
2774 3569 2824 3620 vi
2872 3568 3194 3635 detinentes,
3244 3571 3479 3625 admini-

1896 3661 2204 3714 straverint.
2236 3658 2293 3712 Si
2322 3667 2497 3712 autem
2529 3658 2665 3710 intra
2699 3658 2951 3723 tringinta
2979 3674 3148 3712 annos
3171 3657 3267 3712 fuit
3296 3661 3475 3729 aliqua

1896 3746 1981 3802 vel
2010 3749 2171 3802 fuerit
2197 3748 2263 3801 de
2293 3748 2356 3801 iis
2385 3746 2773 3811 controversia,
2817 3746 2979 3801 licere
3009 3748 3086 3801 eis
3115 3750 3207 3818 qui
3235 3765 3294 3804 se
3323 3751 3478 3807 lmsos

1896 3841 2105 3908 dicunt,
2135 3840 2201 3894 de
2224 3839 2287 3893 iis
2308 3839 2455 3892 litem
2477 3852 2694 3892 movere
2717 3839 2856 3906 apud
2878 3839 3138 3909 synodum
3162 3844 3474 3909 provincia}.

1898 3935 1955 3990 Si
1981 3936 2101 4003 quis
2129 3943 2307 3988 autem
2338 3949 2367 3987 a
2397 3949 2494 3989 suo
2524 3934 2782 4002 episcopo
2822 3934 2906 3988 vel
2950 3936 3371 4005 metropolitano
3402 3940 3478 3992 in-

1892 4026 2033 4094 juria
2059 4023 2340 4090 afficiatur,
2372 4027 2509 4091 apud
2543 4022 2850 4087 exarchum,
2877 4038 2935 4076 se
2968 4025 3247 4091 primatem
3277 4025 3481 4081 dicace—

1896 4130 2042 4181 seos,
2072 4112 2156 4168 vel
2181 4111 2832 4180 Constantinopolitanam
2872 4112 3053 4165 sedem
3085 4112 3285 4182 litiget,
3336 4116 3481 4169 sicut

1897 4206 2145 4275 superius
2188 4204 2386 4259 dictum
2428 4210 2527 4256 est.
2571 4200 2628 4255 Si
2671 4216 2777 4268 qua
2805 4216 2934 4255 vero
2973 4202 3161 4255 civitas
3208 4213 3475 4272 potestate

1896 4296 2160 4368 imperiali
2187 4296 2439 4349 innovata
2466 4301 2568 4357 est,
2598 4291 2686 4346 vel
2723 4290 2981 4361 deinceps
3009 4292 3261 4347 innovata
3292 4279 3471 4359 fuerit,

1896 4388 2081 4445 civiles
2122 4392 2179 4441 et
2220 4383 2461 4454 publicas
2496 4381 2699 4436 formas
2740 4381 3225 4437 ecclesiasticarum
3256 4397 3477 4451 quoque

1897 4477 2254 4551 parmciarum
2279 4473 2414 4531 ordo
2443 4478 2823 4542 consequatur.

1965 4651 2189 4709 CXCVI.
2216 4681 2289 4693 —
2327 4646 2414 4702 l8.
2446 4644 2847 4716 Conjurationis
2882 4643 2967 4699 vel
3015 4644 3318 4702 sodalitatis
3360 4648 3473 4702 cri-
3548 4646 3553 4651 ’

1894 4760 2019 4801 men
2047 4740 2285 4798 externis
2312 4738 2475 4793 etiam
2505 4738 2712 4805 legibus
2740 4734 2960 4790 omnino
2988 4734 3316 4806 prohibitum
3347 4746 3430 4793 est
3456 4757 3468 4791 :

1894 4834 2065 4889 multo
2092 4830 2262 4898 magis
2283 4828 2338 4882 in
2357 4826 2599 4882 Ecclesia
2622 4825 2719 4880 Dei
2745 4825 2849 4878 hoc
2872 4822 2986 4879 fieri
3009 4825 3295 4895 prohibere
3317 4844 3475 4897 opor-

1896 4932 1994 4981 tet.
2039 4924 2095 4980 Si
2120 4923 2213 4994 qni
2242 4934 2371 4989 ergo
2399 4917 2583 4974 clerici
2611 4917 2698 4971 vel
2724 4916 2975 4970 monachi
3015 4916 3215 4971 inventi
3256 4918 3475 4982 fuerint,

1898 5018 1987 5071 vel
2016 5015 2380 5083 conjurantes,
2412 5010 2499 5065 vel
2540 5008 2859 5064 sodalitates
2904 5007 3183 5073 facientes,
3225 5009 3310 5062 vel
3341 5009 3475 5064 insi-

1900 5106 2016 5161 dias
2040 5111 2312 5159 struentes
2331 5098 2621 5171 episcopis,
2642 5106 2735 5151 aut
2752 5096 3081 5161 conelericis,
3108 5098 3327 5165 proprio
3350 5112 3476 5167 gra-

1902 5196 1975 5252 du
2002 5194 2223 5250 omnino
2250 5192 2519 5248 excidant.

1977 5282 2325 5353 CXCVII.‘—-
2353 5280 2440 5334 l9.
2468 5277 2718 5334 Pervenit
2764 5276 2831 5331 ad
2875 5291 3034 5331 aures
3075 5286 3306 5344 nostras,
3337 5278 3480 5347 quod

1907 5378 1962 5433 in
1992 5374 2303 5446 provinciis,
2336 5371 2631 5427 canonibus
2653 5368 2958 5424 constituta:
2981 5368 3170 5439 synodi
3201 5369 3485 5437 episcopo—

1901 5484 2020 5524 rum
2051 5467 2267 5522 minime
2297 5464 2655 5527 celebrentur,
2706 5470 2762 5516 et
2807 5476 2873 5515 ex
2919 5476 2985 5515 eo
3015 5460 3180 5515 multa
3210 5460 3475 5514 ecclesia-

1902 5561 2058 5627 stica,
2088 5574 2207 5627 qua:
2236 5557 2569 5613 correctione
2597 5554 2853 5621 indigent,
2884 5552 3235 5619 negligantur.
3279 5551 3482 5606 Statuit

1906 5657 2088 5706 sancta
2118 5647 2374 5719 synodus,
2405 5644 2703 5701 secundum
2735 5651 3039 5697 sanctorum
3066 5640 3283 5692 Patrum
3312 5653 3482 5695 eano-

1904 5758 2020 5809 nes,
2070 5742 2153 5797 bis
2184 5742 2234 5795 in
2268 5754 2411 5793 anno
2446 5739 2498 5793 in
2539 5752 2702 5792 unum
2732 5733 3023 5790 convenire
3062 5730 3482 5801 uniuscujusque

1902 5834 2191 5907 provincia:
2225 5833 2526 5904 episcopos,
2577 5829 2667 5884 ubi
2706 5823 3153 5897 metropolitanus
3193 5826 3480 5900 episcopus
