3946 6336
488 345 553 402 9i
1764 336 2121 395 DIONYSIUS
2160 336 2367 394 EXIGU
2380 336 2481 394 US.
3694 338 3764 396 92

486 480 583 521 πος
608 459 875 531 δοκιμάσῃ,
899 458 981 514 καὶ
1000 454 1225 532 διορθοῦν
1238 455 1431 513 ἕκαστα
1460 456 1526 513 τά
1551 454 1922 512 άνακύπτσντα’
1952 458 2062 521 τοὺς

2181 454 2525 526 probaverit,
2576 460 2632 509 et
2676 450 2882 521 slngula
2927 465 3047 523 qua:
3099 452 3422 508 emerserint
3465 453 3760 525 corrigeret

487 548 542 605 δέ
570 554 640 623 μὴ
678 548 940 607 συνιόντας
977 546 1289 607 ἐπισκόπους
1339 543 1681 617 ἐνδημοῦντας
1719 553 1832 611 ταῖς
1876 545 2071 601 ἑαυτῶν

484 640 681 705 πόλεσι.
704 640 783 695 καί
810 644 975 695 ταῦτα
1000 638 1048 691 ἐν
1077 637 1224 712 ὑγεία
1252 635 1532 709 διάγοντας,
1557 638 1640 692 καί
1659 637 1832 698 πάσης
1851 639 2073 710 ἀπαραι-

486 741 640 797 τήτου
662 737 748 791 καὶ
774 735 1053 804 ἀναγκαίας
1086 732 1338 803 ἀσχολίας
1363 727 1513 794 ὄντας
1538 730 1855 806 ἐλευθέρους,
1879 728 2073 802 άδελφιυ

487 836 583 887 κῶς
609 826 1031 884 ἐπιπλήττεσθαι.
1354 833 1362 839 “

552 915 676 992 ρέη’.
724 916 988 986 κληρικούς
1034 914 1109 976 εἰς
1158 912 1417 971 ἐκκλησίαν
1451 913 1746 975 τελοῦντας.
1780 913 1942 974 καθώς
1977 910 2074 970 ἤδη

487 1013 765 1086 ὡρίσαμεν,
796 1013 865 1079 μή
888 1009 1068 1071 ἐξεῖναι
1093 1008 1163 1065 εἰς
1185 1001 1337 1066 ἄλλος
1361 1005 1554 1064 πόλεως
1588 1005 1865 1060 τάττεσθαι
1900 1004 2074 1061 ἐκκληη

483 1103 619 1154 σίαν⁶
658 1099 782 1153 άλλά
827 1098 1053 1170 στέργειν
1101 1096 1287 1154 ἐκείνην
1342 1096 1390 1149 ἐν
1503 1095 1810 1165 λειτουργεῖν
1851 1095 2075 1171 ἐξαρχῆς

483 1190 784 1253 ἠξιώθησαν,
817 1190 958 1246 ἐκτὸς
984 1188 1195 1246 ἐκείνων.
1236 1187 1285 1240 οἷ
1307 1206 1437 1247 τινες
1461 1186 1801 1247 ἀπολέσαντες
1827 1188 1919 1245 τάς
1943 1184 2075 1249 ἰδίας

483 1280 735 1355 πατρίδας
764 1282 864 1334 άπὸ
890 1275 1035 1349 [ὑπὸ]
1061 1278 1293 1350 ἀνάγκης,
1325 1279 1395 1337 εἰς
1423 1274 1569 1337 ἄλλην
1592 1278 1862 1336 ἐκκλησίαν
1881 1277 2076 1347 μετῆλο

482 1372 587 1425 θον.
631 1373 686 1423 Εἰ
724 1368 779 1424 δέ
813 1389 892 1427 τις
928 1366 1204 1426 ἐπίσκοπος
1240 1367 1369 1438 μετά
1409 1368 1492 1422 τὸν
1535 1363 1653 1443 ὅρον
1687 1372 1898 1432 τοῦτον,
1942 1363 2074 1438 ἄλλῳ

481 1460 743 1529 ἐπισκόπῳ
771 1461 1094 1535 προσήκοντα
1131 1454 1320 1521 δέξοιτο
1360 1456 1620 1527 κληρικόν,
1664 1454 1832 1520 ἔδοξεν
1867 1458 2077 1513 ἀκοινών-

481 1570 627 1607 νητον
655 1544 778 1603 εἶναι
800 1551 881 1602 καί
907 1549 994 1603 τὸν
1023 1545 1268 1617 δεχθέντα
1297 1549 1380 1603 καὶ
1415 1548 1498 1602 τὸν
1527 1546 1788 1618 δεξάμενον
1807 1587 1822 1614 ,
1849 1549 1945 1611 ἕως
1968 1544 2075 1609 ἂνό

483 1641 744 1707 μεταστάς
766 1639 994 1712 κληρικὸς
1023 1639 1093 1697 εἰς
1121 1641 1210 1696 τὴν
1241 1634 1370 1693 ἰδίαν
1394 1636 1654 1693 ἐπανέλθοι
1679 1639 1965 1697 ἐκκλησίαν.

2008 1730 2049 1752 ἃ

2174 550 2277 616 Qui
2306 565 2436 604 vero
2466 564 2576 603 non
2613 546 2927 603 advenerim
2963 546 3234 617 episcopi,
3262 547 3308 602 si
3336 547 3393 602 in
3424 548 3538 604 suis
3564 549 3757 604 civita-

2173 642 2318 700 tibns
2345 641 2602 709 resident,
2634 648 2798 712 atque
2824 640 2961 695 adeo
2988 641 3041 695 in
3065 641 3301 698 sanitate
3329 642 3652 710 consistunt,
3699 652 3759 697 et

2174 733 2321 787 omni
2361 731 2714 788 inexcusabili
2762 738 2821 785 et
2854 730 3158 785 necessaria
3208 730 3566 800 occupatione
3602 730 3761 788 liberi

2173 833 2318 888 sunt,
2364 824 2601 878 fraterne
2638 821 3121 892 reprehendantur.

2244 913 2515 970 CXCVIII.
2540 942 2610 955 —
2637 912 2727 967 20.
2775 912 3016 968 Clericos
3044 911 3100 966 in
3128 910 3365 985 Ecclesia
3394 912 3761 969 ministerium

2175 1011 2459 1073 obeuntes,
2488 1006 2629 1061 sicut
2651 1004 2763 1074 jam
2783 1004 3145 1069 deﬁnivimus,
3194 1018 3304 1058 non
3345 1003 3509 1060 licere
3536 1004 3592 1059 in
3621 1004 3765 1061 alto-

2173 1102 2287 1161 rins
2314 1100 2546 1156 civitatis
2574 1097 2801 1153 ecclesia
2824 1096 3078 1151 constitui
3107 1113 3120 1150 :
3146 1094 3247 1175 sed
3273 1095 3364 1150 illa
3392 1112 3510 1152 esse
3531 1106 3762 1152 conten-

2175 1201 2281 1257 tos,
2314 1191 2367 1247 in
2399 1204 2505 1259 qua
2533 1188 2600 1244 ab
2628 1187 2782 1241 initio
2810 1186 3117 1241 ministrare
3144 1193 3475 1249 meruerunt,
3515 1186 3762 1255 exceptis

2175 1283 2301 1348 illis,
2350 1282 2442 1353 qui
2486 1280 2679 1336 amissa
2704 1293 2799 1334 sua
2826 1278 2999 1349 patria
3030 1292 3099 1335 ex
3126 1278 3448 1334 necessitate
3484 1276 3554 1332 ad
3594 1277 3759 1332 aliam

2172 1372 2461 1428 ecclesiam
2490 1369 2835 1424 transierunt.
2867 1366 2925 1423 Si
2949 1368 3070 1435 quis
3091 1374 3269 1421 autem
3300 1367 3605 1437 episcopus,
3632 1373 3761 1435 post

2172 1465 2316 1527 hanc
2359 1462 2757 1529 deﬁnitionem,
2809 1460 3063 1515 clericum
3114 1458 3183 1513 ad
3228 1458 3393 1513 alium
3439 1458 3760 1527 episcopum

2172 1553 2533 1626 pertinentem
2558 1548 2875 1619 susceperit,
2902 1548 3106 1619 placuit
3132 1562 3256 1603 eum
3284 1548 3379 1617 qui
3408 1546 3673 1616 suscepit,
3702 1554 3759 1601 et

2173 1658 2299 1699 eum
2324 1642 2416 1712 qui
2442 1648 2722 1711 susceptus
2749 1646 2851 1703 est,
2880 1637 3359 1702 excommunicari,
3388 1636 3565 1693 donec
3591 1636 3760 1692 cleri-

2175 1748 2273 1790 cus
2301 1733 2396 1801 qui
2425 1731 2695 1801 migravit,
2725 1729 2779 1785 in
2805 1744 2959 1785 suam
2987 1728 3268 1784 ecclesiam
3302 1726 3506 1782 redeat.

553 1816 671 1895 949'.
703 1818 967 1890 xlnptzozi;
996 1816 1027 1875 ἣ
1061 1816 1263 1876 λαῖκούς
1295 1823 1700 1892 κατηγοροῦντας
1732 1818 2018 1874 ἐπισκόπων
2045 1817 2062 1876 ιῖ

2251 1821 2483 1879 CXCIX.
2514 1854 2588 1867 -—
2633 1820 2722 1876 2i.
2761 1818 2999 1876 Clericos
3046 1819 3160 1874 sive
3205 1819 3391 1885 laicos,
3442 1825 3761 1873 accusantes

483 1909 721 1981 κληρικῶν
742 1906 915 1967 ἁπλῶς
942 1910 1029 1961 καὶ
1053 1905 1435 1976 άδοκιμάστως,
1467 1910 1538 1976 μὴ
1571 1904 1967 1981 προσδέχεσθαι
2003 1910 2076 1971 εἰς

484 1998 805 2071 κατηγορίαν,
832 1998 876 2050 εἰ
894 2000 965 2068 μὴ
990 1996 1232 2073 πρότερον
1257 1996 1546 2059 ἐξετασθείη
1568 1997 1735 2052 αὐτῶν
1755 1998 1786 2054 ἡ
1801 1995 2073 2068 ὑπόληψις.

548 2178 617 2231 σ’.
643 2181 718 2235 Μή
744 2176 923 2238 ἐξεῖναι
948 2173 1207 2246 κληρικούς
1246 2168 1549 2247 [κληρικοῖς]
1589 2172 1718 2243 μετά
1750 2173 1958 2228 θάνατον
1980 2178 2074 2229 τοῦ

477 2266 607 2327 ἰδίου
646 2265 929 2322 ἐπισκόπου
974 2261 1268 2339 διαρπάζειν
1308 2259 1633 2339 [ἁρπάζεωῖ
1678 2265 1745 2319 τά
1774 2260 2074 2336 διαφέροντα

478 2358 618 2429 αὐτῷ
646 2356 942 2432 πράγματα,
967 2354 1132 2413 καθὼς
1158 2355 1367 2411 καὶτοῖς
1387 2352 1544 2406 πάλαι
1562 2351 1766 2406 κανόσιν
1791 2352 2074 2426 άπηγόριε·

476 2468 575 2501 ται.
606 2444 663 2498 Ἦ
690 2447 806 2504 τοὺς
832 2451 984 2498 τοῦτο
1011 2447 1275 2502 ποιοῦντας
1310 2439 1614 2496 κινδυνεύειν
1649 2442 1720 2501 εἰς
1758 2444 1879 2502 τούς
1908 2440 2071 2507 ἰδίους

479 2534 732 2606 [οἰκείους]
762 2534 1006 2606 βαθμούς.

551 2628 654 2681 σα’.
682 2624 854 2679 Ἦλθεν
887 2627 961 2683 εἰς
1000 2624 1091 2683 τάς
1119 2623 1273 2684 άκοάς
1296 2629 1387 2681 τῆς
1423 2620 1568 2694 ἁγίοις
1595 2619 1831 2688 συνόδου,
1858 2624 1926 2684 ὡς
1953 2624 2069 2683 κλη-

476 2716 611 2789 ρικοί
646 2735 776 2774 τινες
816 2716 900 2766 καί
947 2716 1244 2782 μονάζοντες
1285 2710 1440 2783 μηδέν
1478 2713 1921 2789 ἐγκεχειρισμένα
1964 2714 2066 2773 ύπό

478 2814 567 2862 τοῦ
594 2805 721 2861 ἰδίου
751 2804 1056 2867 ἐπισκόπου,
1090 2801 1201 2858 ἔστι
1229 2801 1282 2856 δέ
1324 2801 1404 2857 ὅτε
1442 2805 1529 2858 καί
1566 2805 1885 2862 άκοινώνητοι
1924 2806 2067 2875 γενό-

478 2920 621 2970 μενοι
666 2896 789 2972 παρ’
833 2899 986 2950 αὐτοῦ
1029 2894 1493 2965 καταλαμϐάνοντες
1541 2899 1631 2953 τήν
1684 2895 2065 2966 βασιλεύουσαν

477 2987 1015 3052 Κωνσταντινούπολιν,
1045 2987 1131 3039 ἐπί
1149 2986 1275 3039 πολύ
1298 2988 1347 3039 ἐν
1372 2987 1497 3059 αὐτῇ
1522 2984 1867 3058 διατρίϐουσι,
1896 3009 2061 3065 ταρα-

478 3085 586 3153 χάς
614 3085 940 3151 ἐμποιοῦντῖς
968 3081 1047 3132 καί
1073 3076 1402 3151 θορυϐοῦντες
1438 3080 1527 3134 τήν
1549 3076 1957 3136 ἐκκλησιαστικὴν
1979 3100 2063 3133 κα-

2177 1915 2462 1986 episcopos
2487 1912 2575 1969 vel
2603 1910 2829 1967 clericos
2856 1908 3054 1979 passim
3083 1915 3137 1964 et
3162 1908 3279 1963 sine
3308 1907 3657 1979 probatione,
3688 1906 3760 1961 ad

2177 2010 2575 2062 accusationem
2604 2016 2715 2057 non
2743 2000 2931 2070 recipi,
2964 1998 3066 2053 nisi
3089 1998 3238 2068 prius
3279 2012 3467 2053 eorum
3502 1994 3760 2050 discutia-

2177 2107 2266 2152 tur
2294 2094 2641 2152 existimatio.

2243 2187 2350 2244 CC.
2381 2220 2454 2231 -
2478 2185 2567 2240 22.
2599 2184 2716 2241 Non
2745 2183 2907 2239 licere
2953 2181 3183 2249 clericis,
3232 2189 3356 2252 post
3396 2188 3626 2237 mortem
3669 2181 3759 2237 sui

2173 2279 2435 2350 episcopi,
2464 2292 2554 2333 res
2582 2276 2649 2331 ad
2677 2291 2801 2330 eum
2826 2275 3161 2345 pertinentes
3194 2274 3448 2343 diripere,
3479 2274 3622 2329 sicut
3652 2288 3757 2329 an-

2172 2369 2336 2439 tiquis
2361 2381 2577 2439 quoque
2604 2364 2900 2423 canonibus
2927 2363 3254 2434 prohibitum
3285 2370 3387 2417 est.
3434 2360 3539 2418 Eos
3571 2372 3755 2423 autem

2171 2462 2266 2533 qui
2290 2460 2394 2517 hoc
2420 2458 2643 2524 faciunt,
2672 2457 2727 2511 in
2756 2472 2854 2513 suo
2883 2453 3050 2524 gradu
3075 2453 3391 2523 periclitari.

2240 2635 2368 2690 CCI.
2399 2667 2471 2678 —
2489 2633 2579 2688 25.
2612 2631 2863 2688 Pervenit
2878 2630 2945 2687 ad
2963 2645 3122 2687 aures
3141 2639 3341 2685 sanctre
3364 2631 3575 2702 synodi,
3599 2632 3753 2700 quod

2167 2726 2383 2798 quidam
2409 2724 2592 2781 clerici
2620 2730 2676 2778 et
2702 2721 2950 2776 monachi
2975 2762 2989 2786 ,
3041 2719 3235 2788 quibus
3274 2719 3407 2773 nihil
3438 2735 3469 2773 a
3494 2736 3594 2776 suo
3624 2722 3748 2791 epi-

2166 2830 2333 2885 seopo
2362 2813 2707 2870 commissum
2736 2817 2837 2876 est,
2868 2807 3154 2879 aliquando
3182 2808 3342 2863 etiam
3372 2808 3438 2862 ab
3460 2808 3576 2878 ipso
3597 2824 3751 2865 com-

2164 2904 2421 2961 munione
2443 2900 2707 2972 segregati
2734 2907 2877 2965 sunt,
2920 2898 3296 2968 pervenientes
3323 2898 3389 2953 ad
3418 2898 3621 2967 regiam
3651 2916 3747 2955 ur-

2163 2995 2289 3050 bem
2327 2990 2878 3060 Constantinopolim,
2927 2989 2979 3043 in
3009 3002 3073 3043 ea
3124 2987 3322 3044 diutius
3367 2974 3767 3046 consistentem"

2164 3086 2351 3141 turbas
2379 3083 2677 3137 excitantes
2725 3086 2781 3135 et
2829 3078 3252 3134 ecclesiasticum
3298 3085 3496 3135 statum
3526 3090 3735 3149 pertur-

477 3176 753 3233 τάστασιν,
770 3170 1115 3244 άνατρέπουσί
1139 3188 1194 3223 τε
1229 3165 1395 3227 οἴκους
1424 3174 1588 3221 τινῶν.
1609 3165 1815 3242 Ὠρισεν
1842 3173 2009 3224 τοίνυν
2030 3171 2061 3228 ἡ

2176 3186 2373 3244 nantes,
2406 3177 2705 3246 aliquorum
2733 3173 2922 3228 domos
2951 3172 3287 3229 subvertunt.
3329 3171 3529 3227 Statuit
3558 3174 3744 3244 itaque

477 3265 598 3336 ἁγία
625 3261 860 3329 σύνοδος,
892 3264 1012 3321 τοὺς
1031 3261 1292 3320 τοιούτους
1320 3260 1797 3331 ὑπομιμνήσκεσθαι
1822 3263 1910 3331 μὲν
1938 3261 2058 3336 πρὸ·

477 3378 616 3434 τερον
642 3355 725 3411 διά
755 3361 840 3409 τοῦ
873 3351 1063 3407 ἐκδίκου
1085 3359 1175 3411 τῆς
1201 3354 1335 3406 κατά
1359 3352 1882 3407 Κωνσταντινούπολιν
1909 3351 2061 3423 [κων-

476 3441 951 3513 σταντινουπόλεως]
973 3443 1259 3514 ἁγιωτάτης
1284 3440 1545 3500 ἐκκλησίας
1565 3441 1723 3496 ἐπίτό
1750 3440 1951 3504 ἐξελθεῖν
1969 3449 2061 3501 τῆς

479 3534 845 3607 βασιλευούσης
870 3530 1083 3591 πόλεως.
1117 3527 1252 3583 Εἰδέ
1285 3538 1391 3588 τοῖς
1420 3531 1599 3591 αὐτοῖς
1632 3531 1929 3603 πράγμασιν
1956 3533 2061 3587 ἐπι-

474 3625 657 3694 μιῆροιεν
678 3626 1160 3692 ἀναισχυντοῦντες,
1193 3621 1279 3676 καί
1304 3616 1516 3679 ἄκοντας
1540 3622 1719 3678 αὐτούς
1741 3618 1823 3674 διὰ
1854 3626 1946 3674 τοῦ
1977 3622 2060 3674 αύ-

473 3719 560 3770 rex”:
596 3712 790 3769 ἐκδίκου
822 3712 1137 3766 ἐκϐάλλεσθαι
1155 3753 1169 3779 ,
1200 3713 1289 3764 καί
1316 3712 1434 3770 τοὺς
1463 3707 1623 3772 ἰδίους
1664 3710 2060 3782 καταλαμϐάνειν

477 3804 693 3863 τόπους.

544 3892 645 3947 σϐ’.
678 3894 752 3947 Τά
782 3889 918 3956 ἅπαξ
947 3890 1307 3965 καθιερωθέντα
1335 3893 1660 3964 μοναστήρια
1700 3890 1834 3943 κατά
1857 3892 2060 3963 γνώμην

474 3987 773 4050 ἐπισκόπου,
802 3985 963 4054 μένειν
1005 3985 1075 4040 εἰς
1111 3983 1170 4036 τὸ
1213 3979 1425 4039 διηνεκές
1468 3984 1827 4052 μοναστήρια,
1869 3985 1953 4037 καί
1994 3985 2061 4039 τὰ

476 4080 719 4137 ἀνήκοντα
755 4074 931 4145 αὐτοῖς
954 4071 1234 4143 πράγματα
1263 4068 1597 4139 φυλάττεσθαι
1619 4076 1692 4140 τῷ
1714 4071 2055 4143 μοναστηρίῳ,

476 4170 559 4222 καὶ
581 4165 756 4234 μηκέτι
781 4159 1031 4215 δύνασθαι
1057 4159 1286 4233 γίνεσθαι
1313 4163 1473 4217 ταῦτα
1500 4159 1719 4227 κοσμικά
1744 4161 2057 4231 καταγώγια⁶

479 4258 599 4314 τοὺς
633 4251 686 4313 δὲ
727 4254 1132 4325 συγχωροῦντας
1168 4253 1324 4325 τοῦτο
1345 4248 1593 4319 γίνεσθαι,
1623 4248 1919 4310 ὑποκεῖσθαι
1947 4257 2059 4319 τοῖς

478 4350 535 4402 ἐκ
558 4354 657 4401 τῶν
678 4343 892 4401 κανόνων
921 4339 1213 4409 ἐπιτιμίοις.

547 4438 647 4510 σγ’.
669 4432 962 4507 Ἐπειδήπιρ
990 4434 1118 4492 τινὲς
1145 4436 1243 4489 τῶν
1271 4430 1671 4505 μητροπολιτῶν,
1699 4431 1767 4493 ὡς
1795 4436 2057 4508 περιηχή-

477 4536 645 4601 θημεν,
669 4527 913 4601 ἀμελοῦσι
957 4530 1056 4578 τῶν
1095 4523 1549 4599 ἐγκεχειρισμένων
1578 4524 1759 4585 αὐτοῖς
1789 4527 2049 4594 ποιμνίων,
2082 4538 2137 4605 D

479 4627 562 4681 ναὶ
589 4618 949 4675 ἀναϐάλλονται
976 4616 1069 4680 τὰς
1109 4613 1431 4687 χειροτονίας
1454 4619 1552 4671 τῶν
1579 4612 1889 4677 ἐπισκόπωνο
1915 4611 2059 4679 ἔδοξε

481 4722 539 4786 τῇ
560 4713 680 4786 ἁγίᾳ
706 4708 903 4781 συνόδῳ
925 4708 1062 4769 ἐντὸς
1085 4712 1238 4782 τριῶν
1260 4712 1427 4777 μηνῶν
1456 4707 1679 4777 γίνεσθαι
1701 4709 1795 4767 τάς
1821 4727 2061 4783 χειροτω

477 4810 587 4865 νίας
614 4812 714 4861 τῶν
738 4803 1051 4867 ἐπισκόπων,
1072 4807 1118 4856 εἰ
1137 4806 1207 4873 μή
1232 4821 1355 4859 ποτε
1379 4798 1483 4877 ἄρα
1502 4803 1851 4873 ἀπαραίτητος
1869 4804 2059 4875 ἀνάγκη

481 4893 871 4953 παρασκευάσαι
897 4889 1188 4951 ἐπιταθῆναι
1214 4890 1301 4949 τὸν
1342 4898 1435 4955 τῆς
1479 4891 1729 4953 ἀναϐολῆς
1772 4892 1980 4967 χρόνον·
2013 4896 2060 4951 εἰ

482 4985 537 5039 δέ
578 4990 651 5055 μὴ
682 4988 835 5043 τοῦτο
874 4986 1081 5052 ποιήσῃ,
1127 4982 1426 5046 ὑποκεῖσθαι
1465 4983 1612 5047 αὐτὸν
1660 4982 2058 5057 ἐκκλησιαστικῷ

483 5079 737 5147 ἐπιτιμίῳ.
755 5080 854 5134 Tia
874 5076 963 5144 μέν
976 5081 1058 5129 ὕοι
1072 5072 1323 5147 πρόσοδον
1339 5080 1433 5133 τίς
1449 5075 1776 5145 χορευούσης
1796 5074 2060 5140 ἐκκλησίας

481 5169 622 5221 σώαν
636 5167 779 5238 παρὰ
797 5172 866 5233 τῷ
887 5163 1120 5232 οἰκονόμῳ
1140 5171 1230 5222 τῆς
1254 5163 1410 5221 αὐτῆς
1427 5162 1683 5223 ἐκκλησίας
1701 5164 2057 5232 φυλάττεσθαι,

553 5257 652 5313 σδᾉ
684 5254 881 5314 Ἐπειδιή
923 5252 975 5311 ἵν
1016 5275 1151 5310 τισιν
1193 5253 1519 5317 ἐκκλησίαις,¹
1543 5256 1611 5313 ὡς
1656 5256 2055 5327 περιηχήθημεν,

482 5348 615 5419 δίχα
640 5344 904 5415 οἰκονόμων
933 5344 977 5402 οἱ
1003 5345 1265 5401 ἐπίσκοποι
1288 5346 1357 5401 τά
1382 5330 1779 5402 ἐκκλησιαστίκά
1801 5347 2060 5418 χειρίζου-

483 5462 564 5497 σιν
588 5438 888 5512 πράγματα,
918 5432 1082 5497 ἔδοξεν
1104 5438 1274 5496 πᾶσαν
1300 5433 1563 5495 ἐκκλησίαν
1590 5433 1862 5489 ἐπίσκοπον
1890 5431 2060 5503 ἔχου-

481 5551 577 5589 σαν
596 5532 677 5585 καί
692 5528 947 5597 οἰκονόμον
968 5523 1111 5596 ἔχειν
1134 5526 1188 5583 ἐκ
1210 5529 1303 5578 τοῦ
1331 5521 1460 5578 ἰδίου
1480 5523 1687 5598 κλήρου,
1706 5524 2059 5593 οἰκονομοῦντα

483 5625 549 5676 τά
570 5621 953 5680 ίιαλησιαστικά
972 5619 1103 5674 κατὰ
1121 5619 1319 5688 γνώμην
1341 5620 1428 5671 τοῦ
1456 5614 1584 5672 ἰδίου
1607 5615 1905 5671 ἐπισκόπου·
1926 5616 2057 5671 ὥστε

485 5717 555 5783 μὴ
585 5712 881 5787 drmit-upon
900 5704 1025 5769 εἶναι
1052 5712 1143 5769 τήν
1167 5706 1445 5775 οἰκονομίαν
1587 5703 1873 5767 ἐκκλησίας,
1895 5707 1979 5758 καὶ
2004 5706 2059 5759 ἐκ

484 5800 671 5865 τούτου
692 5802 1059 5877 (καρπίζεσθαι
1081 5801 1150 5865 τὰ
1169 5805 1260 5863 τίς
1287 5797 1441 5867 αὐτῆς
1463 5794 1725 5859 ἐκκλησίας
1754 5794 2054 5870 πράγματα,

2160 3280 2346 3328 sancta
2374 3269 2610 3341 synodus
2632 3311 2646 3336 ,
2693 3268 2792 3325 bos
2821 3265 3035 3336 quidem
3062 3266 3291 3336 primum
3331 3280 3361 3320 a
3385 3266 3744 3322 sanctissimae

2160 3359 2417 3415 Ecclesia
2442 3355 3053 3424 Constantinopolitanae
3081 3353 3366 3409 defensore
3386 3358 3745 3425 commoneri,

2160 3461 2219 3507 ut
2264 3452 2411 3520 regia
2456 3451 2588 3505 urbe
2634 3448 2915 3503 excedant.
2948 3447 3003 3501 Si
3032 3455 3216 3502 autem
3259 3447 3448 3503 iisdem
3505 3450 3746 3519 negotiis

2160 3543 2499 3613 impudenter
2535 3542 2805 3608 insistant,
2847 3555 2942 3596 eos
2970 3542 3133 3596 etiam
3166 3541 3359 3596 invitos
3392 3542 3507 3612 ipse
3546 3542 3745 3602 defen-

2159 3648 2253 3695 sor
2280 3633 2541 3703 expellat,
2582 3640 2641 3687 nt
2668 3630 2735 3691 ad
2758 3646 2855 3687 sua
2884 3631 3005 3689 loca
3032 3639 3388 3693 revertantur.

2230 3880 2379 3943 CCII.
2401 3912 2473 3923 -
2497 3881 2586 3934 24.
2621 3879 2751 3947 Quae
2778 3881 2950 3938 semel
2976 3892 3289 3938 consecrata
3325 3883 3522 3941 fuerint
3548 3903 3741 3943 mona-

2159 3971 2342 4035 steria,
2371 3986 2492 4025 cum
2518 3971 2783 4026 sententia
2810 3972 3071 4042 episcopi,
3098 3980 3362 4043 perpetuo
3384 3990 3604 4031 manere
3626 3992 3741 4031 mo-

2159 4060 2415 4128 nasteria,
2442 4068 2497 4114 et
2523 4074 2642 4125 res,
2672 4073 2793 4128 qua:
2821 4059 2889 4114 ad
2917 4074 2982 4114 ea
3008 4060 3282 4129 pertinent
3306 4064 3531 4128 servari,
3562 4079 3742 4134 eaque

2159 4167 2270 4208 non
2311 4151 2539 4221 amplius
2566 4166 2726 4221 posse
2766 4148 2881 4205 ﬁeri
2930 4152 3205 4207 smcularia
3253 4153 3574 4209 habitacula.
3631 4155 3743 4215 Eos

2158 4252 2360 4311 autem,
2407 4242 2500 4311 qui
2545 4241 2652 4297 hoc
2698 4239 2814 4296 ﬁeri
2860 4241 3197 4312 permittunt,
3244 4246 3517 4301 canonicis
3562 4248 3743 4317 pmnis

2159 4332 2369 4401 subjici.

2230 4419 2489 4479 CCIII.-=—-
2509 4420 2597 4475 25.
2617 4419 2879 4488 Quoniam
2911 4420 3127 4489 quidam
3154 4423 3551 4493 metropolitani
3581 4425 3741 4496 (sicut

2160 4513 2231 4569 ad
2267 4529 2365 4568 nos
2394 4514 2658 4583 pervenit)
2680 4526 2868 4579 greges
2888 4511 2988 4566 sibi
3024 4512 3338 4567 commissos
3360 4515 3655 4585 negligant,
3685 4526 3743 4577 et

2165 4603 2545 4675 episcoporum
2582 4601 2949 4656 ordinationes
2975 4598 3245 4663 diﬂ'erunt,
3277 4602 3449 4657 visum
3495 4613 3578 4659 est
3615 4621 3736 4660 san-

2166 4704 2267 4751 etas
2293 4682 2499 4766 synodo
2528 4693 2666 4747 intra
2696 4699 2805 4747 tres
2832 4705 3047 4745 menses
3093 4689 3210 4746 ﬁeri
3238 4690 3603 4750 ordinationes
3628 4697 3741 4766 epi~

2164 4800 2472 4856 scaporum,
2504 4785 2605 4839 nisi
2629 4781 2769 4839 forte
2788 4781 3164 4837 inexcusabilis
3188 4785 3479 4839 necessitas
3506 4787 3748 4854 coegerit

2168 4884 2377 4946 tempus
2397 4872 2665 4928 dilationis
2694 4869 2993 4942 prorogari.
3026 4868 3084 4924 Si
3112 4878 3289 4924 autem
3320 4872 3425 4926 hoc
3452 4888 3563 4927 non
3597 4870 3747 4929 fece-

2165 4965 2295 5034 rint,
2327 4979 2422 5019 eos
2448 4961 2823 5021 ecclesiastica:
2851 4959 3172 5017 correctioni
3198 4960 3405 5029 subjici.
3438 4961 3620 5016 Viduze
3651 4979 3746 5018 ve-

2166 5073 2229 5115 ro
2269 5055 2509 5111 ecclesia:
2559 5052 2788 5109 reditum
2824 5051 3097 5121 integrum
3122 5052 3263 5122 apud
3304 5050 3546 5121 ejusdem
3575 5053 3745 5108 eccle-

2166 5149 2256 5203 sim
2283 5161 2621 5203 meononium
2651 5143 2927 5200 custodiri.

2238 5239 2414 5295 CCIV.
2450 5270 2523 5279 —
2564 5237 2653 5291 26.
2706 5236 2970 5304 Quoniam
3020 5238 3074 5290 in
3122 5235 3439 5305 quibusdam
3486 5234 3745 5293 Ecclesiis

2169 5331 2328 5402 (sicut
2356 5328 2422 5383 ad
2454 5344 2552 5383 nos
2580 5326 2841 5397 pervenit)
2888 5326 3126 5396 episcopi
3155 5326 3269 5379 sine
3314 5325 3611 5380 mconomis
3656 5341 3744 5380 res

2169 5419 2559 5476 ecclesiasticas
2608 5424 2877 5483 tractant,
2937 5415 3138 5485 placuit
3188 5430 3402 5467 omnem
3457 5414 3743 5469 ecclesiam

2168 5514 2476 5582 episcopum
2507 5512 2813 5573 habentem,
2848 5507 3049 5561 habere
3088 5507 3249 5559 etiam
3293 5519 3631 5559 mconomum
3677 5504 3748 5561 de

2166 5605 2313 5661 clero
2339 5602 2578 5673 proprio,
2603 5600 2693 5670 qui
2723 5600 2993 5669 dispenset
3022 5614 3107 5653 res
3131 5596 3521 5654 ecclesiasticas
3549 5610 3746 5650 secun-

2166 5698 2291 5753 dum
2318 5694 2636 5750 sententiam
2666 5691 2866 5762 proprii
2897 5689 3153 5759 episcopi.
3206 5687 3271 5742 Ut
3307 5686 3546 5743 ecclesia:
3577 5685 3754 5742 admi-

2166 5787 2407 5846 nistratio
2436 5785 2550 5843 sine
2575 5783 2882 5841 testimonio
2910 5796 3021 5843 non
3045 5781 3149 5848 sit,
3181 5788 3235 5835 et
3259 5793 3327 5833 ex
3354 5779 3456 5833 hoc
3484 5790 3569 5833 res
3598 5776 3743 5849 ejus.
