3988 6344
233 239 331 293 137

1215 224 1433 287 CODEX
1471 226 1794 286 CANONUM
1834 222 2519 281 ECCLESIASTICORUM.

3379 222 3485 277 158

248 359 305 399 ε
333 350 557 405 Dextera
572 352 771 422 protegi
788 350 874 405 diu
887 349 1057 403 divina
1074 346 1225 401 Petro
1238 348 1510 401 comitante
1524 344 1805 413 Pauloque.
1840 350 1890 406 Α
1986 337 2251 392 Hactenus
2276 334 2527 391 Hadriani
2555 334 2798 404 epistola,
2825 344 2883 389 ut
2909 348 2976 390 ex
3005 333 3268 406 corruptis
3292 351 3474 390 exem-

250 447 305 490 βυ
334 440 669 510 Rompltteam
698 442 923 496 victoria:
952 440 1224 504 donantes,
1255 446 1402 506 atque
1438 450 1532 503 pro
1573 443 1620 487 te
1658 432 1809 485 dimi-

1434 530 1629 587 cantes,

249 636 304 655 υ-
328 618 533 673 11.ἰε.ςιιε
555 636 671 672 cum
701 620 798 671 tuis
828 618 987 671 victor
1014 613 1261 679 manebis,
1292 627 1470 681 nempe
1499 626 1586 680 per
1619 610 1755 679 ipsos

248 708 303 749 δ’
328 709 538 761 Aditum
568 716 743 778 petunt
770 707 910 760 urbis
937 705 1118 772 Pap’m
1142 712 1189 756 te
1219 701 1417 771 ingredi
1440 701 1697 753 victorem.

248 796 303 839 ἲ
333 794 476 865 ΝεῙα
499 796 686 865 perﬁdi
714 796 850 864 regis
873 790 1097 846 calcabis
1122 789 1378 842 Desiderii
1406 787 1563 852 colla,

248 886 303 927 4
340 885 485 938 Vires
508 885 619 953 ejus
644 892 975 952 prosternens
1005 895 1197 948 merges
1225 877 1432 931 buratro
1457 874 1723 946 profundi.

247 994 304 1034 φ
329 977 519 1045 Septus
546 971 1003 1045 Langobardorum
1031 986 1207 1040 regno,
1239 982 1421 1021 munus
1458 965 1639 1019 reddes
1669 974 1806 1017 tuum

249 1078 304 1115 τ
331 1068 573 1123 Pollicita
598 1080 751 1117 sacra
777 1062 915 1116 dona
942 1060 1185 1129 clavigeri
1215 1058 1347 1111 aulte
1378 1056 1543 1122 Petri,
1573 1059 1591 1119 ᾖ

246 1161 303 1205 δ’
330 1156 562 1224 Amplius
588 1153 788 1207 donans
813 1149 901 1205 tibi
924 1149 1209 1211 victoriam,
1234 1146 1486 1217 simulque
1506 1146 1751 1199 honorem

249 1252 305 1292 ὐ
337 1248 437 1300 Per
457 1245 613 1298 saecla
637 1257 854 1314 regnare
870 1255 985 1292 cum
1005 1239 1106 1291 tuis
1127 1237 1227 1301 hic,
1256 1238 1311 1290 in
1334 1238 1603 1306 futuroque
1624 1232 1805 1288 soboli.

249 1341 304 1388 ἕ)
331 1336 374 1388 Α
405 1338 517 1404 lege
539 1347 800 1401 nunquam
824 1327 1047 1392 discede,
1071 1328 1178 1381 Ittec
1206 1324 1483 1382 observans
1503 1332 1717 1379 statuta.

1912 427 2145 497 plaribus
2174 426 2291 481 elici
2322 425 2509 495 potuit.
2548 425 2702 492 Quod
2730 440 2857 480 vero
2902 424 2968 480 ad
3008 434 3218 495 tempus
3263 425 3475 492 attinet,

1912 534 2032 572 cum
2059 517 2282 572 Carolus
2310 526 2387 571 ter
2416 517 2469 571 in
2497 516 2691 573 Urbem
2721 512 2990 572 Hadriano
3010 515 3295 587 superstite
3322 532 3476 572 vene-

1913 611 2000 675 rit,
2029 625 2168 663 anno
2199 609 2444 662 nimirum
2471 607 2595 674 774,
2624 624 2744 663 cum
2769 606 2986 677 Papiam
3015 608 3305 673 obsideret,
3336 623 3478 662 anno

1910 701 2102 754 iterum
2135 699 2256 763 781,
2288 715 2408 753 cum
2430 698 2546 767 ejus
2576 698 2665 752 lilii
2694 697 2911 752 Pivinus
2941 697 3121 763 Italire,
3173 695 3478 753 Ludovicus

1911 787 2207 856 Aquitaniae
2251 801 2403 856 reges
2432 788 2497 839 ab
2528 785 2793 839 Hadriano
2822 783 3023 839 inuncti
3047 794 3191 853 sunt,
3223 800 3364 839 anno
3388 785 3481 839 de-

1912 877 2072 947 nique
2103 878 2225 946 787,
2270 893 2391 933 cum
2422 877 2543 932 inde
2582 875 2817 945 Capuam
2844 890 3077 945 quoque,
3107 891 3170 931 ac
3200 875 3478 931 Beneven-

1913 976 2024 1023 tum
2051 968 2304 1022 advcrsus
2324 965 2690 1021 Grimoaldum
2715 965 2903 1021 ducem
2927 966 3196 1035 profectus
3217 974 3300 1020 est
3324 984 3336 1019 :
3361 980 3480 1028 nos,

1916 1061 2124 1115 tametsi
2152 1075 2238 1115 res
2275 1060 2476 1114 incerta
2508 1067 2609 1125 est,
2642 1057 2880 1113 codicem
2909 1057 3159 1113 Hadriani
3184 1057 3251 1113 ad
3271 1065 3483 1127 postre-

1911 1166 2052 1205 mam
2070 1150 2244 1220 potius
2273 1146 2654 1217 profectionem
2675 1146 3011 1202 referendum
3032 1146 3298 1211 duximus,
3322 1159 3483 1213 quam

1909 1237 2052 1305 quod
2082 1237 2195 1291 aliis
2217 1236 2415 1305 placuit
2443 1235 2511 1290 ad
2539 1236 2785 1305 primam,
2814 1234 2902 1290 cui
2927 1235 3116 1303 multa,
3145 1248 3264 1303 quae
3293 1234 3348 1288 in
3369 1231 3484 1304 ejus

1912 1326 2138 1397 epistola
2167 1326 2432 1396 leguntur.
2464 1325 2752 1381 convenire
2778 1325 2866 1379 vix
2891 1325 3118 1396 possint.

268 1466 3483 1493 Mm

1622 1572 2110 1645 LECTORI.

1749 1680 2045 1699 ..ι-κη,

298 1773 554 1830 Codiccm
584 1785 681 1825 seu
708 1768 1090 1825 Collectionem
1118 1782 1384 1823 canonum
1413 1766 1805 1823 ecclesiastico-
1840 1773 1881 1832 Β
1909 1766 2043 1822 Illud
2067 1775 2246 1820 tamen
2275 1764 2474 1835 liquido
2512 1773 2744 1832 constat,
2777 1766 3009 1823 concilio
3036 1768 3481 1827 Chalcedonense

232 1882 353 1923 rum
382 1863 623 1934 Dionysii
654 1860 864 1930 Exigui,
887 1860 1039 1929 cujus
1060 1859 1217 1914 index
1242 1868 1447 1913 tantum
1470 1874 1536 1915 ex
1565 1860 1685 1915 cod.
1711 1876 1809 1916 ms.

229 1955 582 2011 eruditissimi
613 1954 709 2007 viri
738 1953 852 2007 Nic.
898 1952 1055 2007 Fabri
1084 1967 1171 2005 an.
1205 1950 1340 2005 1609
1370 1951 1602 2022 primum
1642 1951 1816 2007 editus

229 2055 336 2111 est,
365 2045 635 2110 integrum
660 2056 803 2096 nunc
830 2042 926 2097 tibi
953 2041 1144 2096 damus
1163 2055 1228 2095 ex
1254 2040 1358 2094 alio
1370 2041 1538 2095 veteri
1565 2040 1684 2095 cod.
1709 2056 1811 2095 ms.

230 2134 579 2192 bibliotheca:
606 2131 674 2187 cl.
705 2147 756 2185 v.
784 2129 1155 2199 Christophori
1180 2128 1406 2195 Justelli,
1439 2129 1676 2183 omnium
1698 2144 1817 2198 qua:

231 2227 424 2280 Latine
450 2230 692 2289 exstant,
715 2221 847 2291 juris
869 2220 1118 2276 canonici
1163 2219 1591 2288 antiquissimum
1622 2234 1814 2274 manu-

228 2325 474 2371 mentum
506 2331 520 2366 :
549 2311 696 2381 quod
734 2310 949 2379 quidem
978 2312 1046 2364 ab
1075 2310 1178 2364 hoc
1217 2309 1363 2364 fonte
1403 2308 1655 2364 haustum
1695 2322 1813 2363 esse

229 2405 436 2461 nemini
483 2403 703 2458 dubium
732 2408 833 2456 est.
873 2399 1126 2454 Continet
1172 2406 1352 2453 autem
1407 2398 1521 2453 haec
1566 2397 1816 2453 collectio

226 2495 455 2552 eosdem
488 2491 601 2547 fere
627 2490 976 2546 conciliorum
1008 2502 1242 2543 canones
1286 2501 1424 2556 quos
1463 2483 1683 2541 Graecus
1711 2484 1815 2541 Ec-

228 2586 411 2640 clesiae
441 2583 709 2637 universa:
736 2578 938 2643 Codex,
953 2579 1021 2635 ab
1043 2578 1231 2633 eodem
1257 2575 1487 2632 Justello
1517 2591 1659 2631 anno
1680 2575 1817 2630 1610

231 2672 445 2736 editus;
478 2684 720 2727 canones
742 2675 1004 2738 praeterea
1033 2666 1125 2736 qui
1147 2666 1394 2721 dicuntur
1434 2664 1817 2735 Apostolorum

230 2759 650 2831 quinquaginta,
672 2755 1004 2813 Sardiceusis
1032 2756 1194 2810 etiam
1218 2754 1306 2820 21,
1339 2761 1394 2809 et
1419 2754 1815 2823 Africanarum,

231 2852 347 2904 sive
376 2844 885 2917 Carthaginensium
919 2844 1248 2915 synodorum
1276 2841 1509 2913 capitula
1540 2839 1641 2895 158
1669 2856 1820 2897 com-

233 2939 513 3008 plectitur.
533 2934 702 3004 llujus
719 2950 825 2989 non
842 2932 1067 2989 obscure
1082 2932 1326 2987 meminit
1339 2930 1656 2986 Hincmarus
1675 2929 1819 2986 Rhe-

231 3028 441 3084 mensis
491 3026 923 3095 archiepiscopus
951 3024 1004 3079 in
1034 3037 1219 3094 opusc.
1261 3022 1328 3077 55
1365 3023 1583 3094 capitul.
1623 3024 1818 3079 adver-

1918 1858 2273 1926 antiquiorem
2303 1856 2487 1922 fuisse,
2534 1857 2589 1912 in
2618 1856 2768 1926 cujus
2811 1858 3022 1915 actione
3048 1858 3100 1924 4,
3134 1861 3192 1915 11
3224 1870 3279 1917 et
3308 1862 3388 1927 15,
3417 1879 3484 1921 ex

1919 1947 2033 2017 ipsa
2056 1954 2181 2000 ante
2206 1947 2317 2013 jam
2362 1946 2500 1999 facta
2546 1945 2882 2013 collectione,
2925 1951 3194 2004 communi
3225 1952 3485 2020 majorum

1917 2037 2238 2092 auctoritate
2286 2037 2531 2104 probata,
2581 2037 2816 2106 quinque
2857 2052 3124 2106 canones,
3153 2040 3183 2091 4
3215 2041 3485 2111 videlicet,

1916 2124 2006 2188 85,
2037 2123 2128 2191 84,
2159 2123 2230 2179 95
2249 2133 2304 2179 et
2324 2122 2410 2188 96,
2435 2124 2526 2194 qui
2555 2123 2589 2177 4
2618 2125 2835 2190 Nicteni,
2862 2136 2916 2181 et
2938 2127 2994 2193 4,
3025 2128 3078 2193 5,
3114 2130 3178 2182 16
3205 2140 3260 2185 et
3283 2131 3346 2183 17
3373 2133 3485 2186 An.

1918 2215 2154 2270 tiocbeni
2182 2214 2394 2270 concilii
2438 2230 2557 2270 esse
2598 2217 2961 2287 reperiuntur,
3004 2219 3173 2276 lectos
3202 2236 3266 2277 ac
3293 2223 3488 2282 citatos

1916 2304 2083 2360 fuisse
2122 2314 2458 2375 compertum
2486 2314 2589 2361 est.
2621 2305 2724 2373 Qui
2745 2308 2961 2376 quidem
2990 2325 3245 2377 canones,
3295 2314 3488 2371 eodem

1918 2396 2124 2460 ordine,
2157 2404 2318 2464 atque
2342 2395 2669 2464 continuata,
2692 2412 2792 2453 nec
2820 2400 3116 2471 interrupta
3146 2420 3489 2467 numerorum

1919 2481 2061 2537 serie
2113 2482 2294 2553 (quam
2340 2490 2555 2539 veteres
2592 2486 3033 2554 consequentiam
3061 2490 3360 2558 regularem
3390 2509 3488 2548 vo-

1920 2573 2091 2641 cant),
2120 2579 2336 2627 exstant
2364 2572 2418 2628 in
2449 2572 2650 2629 Codice
2696 2574 2883 2632 Graeco
2926 2592 3189 2634 canonum
3238 2580 3488 2640 Ecclesia:

1919 2662 2201 2727 universae,
2242 2668 2299 2717 et
2338 2662 2393 2717 in
2436 2662 2537 2719 hac
2564 2661 2751 2719 Latina
2802 2665 3040 2739 Dionysii
3087 2667 3274 2739 Exigui
3319 2673 3491 2730 colle-

1918 2752 2120 2807 ctione.
2152 2751 2259 2807 Sed
2296 2760 2351 2807 et
2394 2761 2518 2808 ante
2546 2751 2872 2823 Ephesinum
2912 2758 3219 2827 concilium,
3246 2759 3489 2819 Graecam

1918 2842 2062 2899 illam
2084 2842 2454 2899 collectionem
2484 2843 2678 2900 factam
2716 2845 2897 2913 fuisse,
2923 2862 2989 2903 ex
3016 2849 3239 2919 epistola
3285 2867 3317 2906 a
3357 2853 3490 2909 Dio-

1918 2934 2072 3006 nysio
2097 2934 2214 3005 ipso
2246 2934 2371 2990 huic
2400 2934 2571 2991 codici
2597 2935 2845 3006 praeﬁxa,
2872 2938 3088 3008 planum
3116 2950 3199 2997 est
3228 2960 3241 2995 :
3275 2959 3378 3014 qua
3407 2947 3490 3000 vi-

1916 3021 2113 3077 delicet
2135 3035 2371 3078 canones
2394 3036 2425 3076 a
2453 3020 2666 3078 Nic'eno
2689 3024 3005 3094 exterisque
3041 3031 3491 3098 consequentibus

230 3134 327 3173 sus
379 3117 723 3171 Hiucmarum
754 3114 1159 3169 Laudnnensem
1185 3113 1519 3184 episcopum,
1568 3128 1689 3184 cap.
1723 3112 1812 3179 45,
1843 3118 1889 3181 c
1918 3109 2180 3177 conciliis,
2214 3123 2333 3180 qua:
2357 3118 2482 3165 ante
2511 3110 2639 3165 illud
2674 3110 2761 3166 vel
2807 3114 3148 3182 postmodum
3175 3116 3315 3173 facta
3343 3129 3492 3187 sunt,

233 3209 319 3265 his
340 3207 526 3262 verbis
564 3223 579 3258 :
624 3203 721 3269 Qui
755 3215 876 3259 sunt
911 3205 1008 3271 illi,
1041 3205 1232 3274 inquit,
1273 3222 1398 3276 quos
1443 3214 1493 3259 et
1530 3205 1813 3276 apostolica

232 3297 409 3362 sedes,
425 3305 477 3349 et
499 3311 673 3348 omnes
692 3296 916 3364 episcOpi
946 3310 1036 3364 per
1062 3296 1349 3349 universum
1372 3293 1560 3369 orbem,
1574 3302 1624 3349 et
1647 3296 1816 3350 omnis

236 3384 483 3438 Ecclesia
505 3382 758 3436 catholica
774 3398 995 3437 canones
1022 3383 1319 3453 appellant,
1341 3385 1522 3455 quique
1538 3400 1571 3437 a
1599 3381 1818 3439 Nicwno

237 3476 488 3538 concilio,
516 3473 651 3544 quod
677 3475 900 3543 primum
944 3473 998 3526 in
1038 3473 1228 3527 nostris
1257 3472 1552 3540 codicibus,
1600 3490 1727 3545 quos
1753 3471 1817 3526 ab

239 3568 533 3637 apostolica
562 3565 680 3619 sede
707 3566 933 3637 majores
974 3566 1137 3619 nostri
1178 3573 1480 3633 acceperunt
1514 3564 1817 3636 sequendos,

241 3678 331 3730 per
351 3661 589 3714 ordinem
609 3674 764 3729 usque
784 3659 853 3711 ad
872 3659 1172 3729 Africanum
1198 3657 1473 3711 concilium
1489 3695 1504 3720 ,
1541 3673 1635 3727 pro
1663 3673 1823 3711 cano-

241 3749 395 3803 nibus
422 3749 747 3819 recipiendis,
780 3747 1079 3802 venerandis
1111 3757 1160 3800 et
1185 3747 1534 3812 observandis,
1565 3746 1823 3801 retinent?

238 3841 291 3897 Is
320 3855 455 3894 vero
478 3849 565 3895 est
589 3840 874 3910 Dionysius
899 3837 1133 3908 Exiguus
1153 3881 1170 3906 ,
1200 3841 1290 3909 qui
1311 3880 1325 3904 ,
1359 3841 1559 3896 omissa
1598 3840 1821 3910 profana

240 3944 515 3982 annorum
549 3928 917 3983 numeratione
942 3942 1039 3998 per
1064 3927 1415 3999 olympiades,
1436 3928 1523 3983 vel
1545 3928 1819 3995 consules,

240 4020 328 4073 vel
356 4018 703 4084 indictiones,
730 4018 934 4087 primus
974 4018 1039 4073 ab
1062 4017 1434 4074 lncarnatione
1463 4019 1659 4075 Christi
1686 4027 1824 4075 tem—

240 4124 378 4179 pora
418 4115 722 4176 prmnotare
751 4106 934 4177 erepit,
973 4117 1029 4162 et
1067 4107 1274 4177 cyclum
1303 4108 1608 4177 paschalem
1636 4106 1706 4161 95
1732 4123 1827 4163 an-

244 4212 444 4252 norum
485 4195 792 4265 descripsit,
835 4196 933 4251 sub
970 4197 1276 4264 consulatu,
1309 4213 1415 4253 non
1444 4197 1523 4254 Fl.
1553 4197 1823 4263 Mavortii,

243 4295 303 4339 ut
328 4286 523 4341 scribit
544 4285 811 4340 Marianos
839 4286 1032 4341 Scotus
1058 4287 1110 4340 in
1139 4285 1408 4343 Chronico
1430 4303 1556 4342 ann.
1584 4286 1709 4354 527,
1730 4288 1826 4343 sed

242 4372 322 4427 ΡΙ.
358 4373 646 4428 Philoxeni
673 4382 728 4428 et
758 4373 929 4429 Anicii
962 4373 1121 4429 Probi
1163 4374 1394 4443 junioris
1428 4376 1724 4432 indictione
1769 4376 1824 4440 5,

1871 3273 1880 3284 .
1922 3215 2089 3270 usque
2114 3198 2184 3255 ad
2213 3200 2496 3256 concilium
2525 3200 3173 3274 Constantinopolitanum
3202 3224 3239 3264 ιι
3259 3224 3491 3266 ωευωθ-

1921 3292 2128 3358 nicum,
2156 3290 2256 3346 sub
2284 3291 2401 3361 ipso
2426 3291 2613 3347 ordine
2652 3307 3021 3365 numerorum,
3061 3298 3115 3354 id
3152 3307 3236 3355 est
3258 3315 3289 3355 a
3318 3301 3491 3371 primo

1921 3381 2155 3452 capitulo
2174 3395 2342 3451 usque
2362 3380 2427 3437 ad
2447 3383 2796 3441 centesimum
2815 3387 3206 3455 sexagesimum
3224 3391 3491 3461 quintum,

1921 3477 2219 3526 enumerat.
2251 3470 2478 3538 Quinam
2507 3480 2686 3528 autem
2724 3473 2833 3529 sint
2877 3475 2954 3530 illi
2984 3475 3088 3530 165
3114 3493 3369 3547 canones,
3410 3481 3489 3538 fa-

1923 3560 2026 3614 cile
2052 3567 2231 3614 estex
2268 3560 2619 3615 conciliorum
2655 3562 2845 3618 ordine
2886 3572 2942 3620 et
2985 3579 3250 3627 canonum
3296 3584 3490 3627 conse-

1922 3648 2161 3717 quentia,
2192 3648 2384 3717 quibus
2412 3648 2694 3704 constabat
2720 3650 2974 3722 antiquus
2998 3646 3088 3710 ille
3114 3657 3308 3727 codex,
3324 3660 3492 3717 cuivis

1924 3740 2255 3811 dignoscere.
2284 3737 2415 3794 Nam
2444 3738 2512 3794 20
2539 3755 2774 3799 canones
2802 3744 3016 3801 concilii
3041 3746 3261 3817 Niczeni,
3292 3749 3361 3804 21
3383 3751 3493 3807 An-

1925 3832 2127 3902 cyrani,
2160 3830 2227 3884 14
2276 3830 2740 3902 Neocaesariensis,
2783 3833 2853 3889 20
2893 3832 3235 3908 Gangrensis,
3266 3841 3337 3895 25
3378 3843 3493 3899 An-

1925 3921 2193 3990 tiocheni,
2226 3921 2297 3977 59
2337 3921 2642 3990 Laodiceni,
2668 3923 2703 3978 5
2729 3923 3305 3999 Constantinopolitani
3357 3950 3370 3987 :
3415 3934 3489 3999 bi,

1927 4011 2165 4080 inquam,
2197 4012 2409 4068 collecti
2438 4013 2643 4068 numeri
2678 4023 2891 4071 centum
2921 4026 2977 4073 et
3020 4021 3295 4089 sexaginta
3338 4024 3495 4094 quin-

1926 4117 2031 4172 que
2054 4101 2312 4158 eﬂiciunt.
2345 4101 2425 4158 Ex
2452 4105 2645 4174 quibus
2686 4108 2848 4162 etiam
2894 4112 3265 4178 cognoscimus
3283 4124 3496 4173 veteres

1927 4192 1981 4246 in
2009 4192 2410 4247 dinumerandis
2449 4195 2798 4251 conciliorum
2837 4200 3131 4256 cauonibus
3170 4217 3275 4257 non
3304 4204 3493 4260 eadem

1928 4283 2139 4337 ratione
2172 4297 2297 4339 usos
2325 4281 2506 4339 fuisse.
2555 4283 2687 4339 Nam
2715 4300 2783 4341 ex
2811 4287 2987 4344 verbis
3015 4292 3227 4347 concilii
3272 4291 3496 4349 Chalce-

1928 4374 2181 4430 donensis
2205 4374 2473 4443 colligitur
2499 4391 2734 4433 canones
2768 4392 2941 4449 supra
2970 4381 3162 4437 citatos
3189 4382 3242 4447 1,
3264 4381 3320 4451 4,
3347 4383 3402 4449 5,
3428 4384 3496 4438 16

242 4465 352 4522 hoc
381 4476 468 4521 est
495 4481 637 4521 anno
678 4464 879 4521 Christi
908 4464 1033 4534 5'25,
1066 4475 1125 4520 ut
1154 4466 1268 4536 ipse
1296 4467 1576 4538 Dionysius
1600 4474 1827 4521 testatur
1855 4487 1902 4546 ι)
1929 4472 1984 4519 et
2006 4464 2071 4518 17
2095 4466 2305 4522 concilii
2331 4464 2665 4535 Antiocheni,
2697 4468 2748 4523 in
2771 4472 2939 4526 veteri
2966 4470 3152 4528 Graeco
3173 4473 3381 4541 codice,
3402 4476 3494 4544 80,

244 4558 300 4610 in
330 4555 565 4625 epistola
594 4556 832 4624 paschali
858 4556 1027 4625 prima
1056 4556 1125 4609 ad
1152 4554 1461 4612 Petronium
1490 4556 1823 4627 episcopum,

244 4659 426 4715 nuper
451 4660 482 4698 a
507 4643 819 4700 doctissimo
850 4640 1070 4701 Petavio
1095 4659 1162 4700 ex
1182 4646 1302 4700 cod.
1329 4661 1429 4700 ms.
1453 4646 1683 4715 primum
1713 4644 1830 4700 edi-

248 4746 301 4788 ta
334 4753 348 4787 :
381 4735 434 4788 in
465 4750 569 4803 qua
596 4736 759 4790 etiam
789 4749 856 4789 ex
877 4736 1041 4790 sacris
1063 4736 1377 4804 canonibus,
1401 4737 1504 4792 hoc
1524 4745 1605 4791 est
1626 4752 1693 4790 ex
1713 4736 1830 4805 ipso

247 4826 423 4881 veteri
447 4824 645 4881 Codice
665 4826 943 4881 Canonum
965 4841 1125 4896 quem
1156 4841 1298 4880 nunc
1325 4826 1550 4889 edimus,
1575 4836 1735 4895 atque
1763 4840 1828 4880 ex

246 4931 345 4970 sua
376 4915 846 4983 interpretatione,
872 4915 1004 4969 citat
1047 4929 1309 4969 canonem
1354 4914 1439 4980 79,
1489 4915 1580 4982 qui
1626 4914 1831 4983 primus

250 5004 575 5058 Antrocbeni
604 5004 816 5059 concilii
848 5019 966 5059 esse
992 5003 1276 5073 reperitur.
1309 5000 1388 5057 Ex
1416 5004 1609 5073 quibus
1635 4999 1827 5057 confir-

242 5100 432 5146 matur
460 5091 595 5146 ordo
641 5100 697 5146 et
737 5108 990 5148 numerus
1025 5106 1295 5148 canonum
1338 5092 1390 5147 in
1439 5093 1531 5148 illo
1559 5103 1823 5159 servatus,

246 5190 415 5250 atque
442 5196 510 5235 ex
544 5182 611 5235 iis
631 5182 812 5250 colligi
840 5192 1018 5252 potest
1046 5197 1284 5238 canones
1314 5183 1479 5238 hosce
1499 5183 1828 5239 ecclesiasti-

242 5287 344 5327 cos
388 5270 502 5339 jam
530 5280 655 5326 ante
711 5286 779 5327 ex
824 5271 1025 5327 Graecis
1080 5272 1477 5341 exemplaribus
1506 5270 1828 5342 Dionysium

245 5360 612 5415 transtulisse.
645 5359 778 5426 Quis
805 5370 984 5417 autem
1006 5360 1170 5416 fuerit
1190 5359 1387 5419 Graeca
1428 5362 1568 5417 illius
1596 5361 1829 5431 antiquae

243 5453 591 5508 adiectionis
616 5466 881 5507 canonum
910 5461 1119 5519 auctor,
1142 5469 1258 5524 qua:
1278 5472 1307 5512 a
1335 5434 1551 5512 Rieseno
1574 5468 1741 5521 usque
1761 5453 1829 5508 ad

242 5543 907 5614 Constantinopolitanum
937 5547 1221 5607 concilium
1264 5547 1631 5629 protenditur,
1677 5546 1829 5616 cujus

244 5637 669 5693 translationem
722 5637 962 5704 suscepit
1026 5652 1116 5705 pse
1156 5641 1468 5727 Dionysius,
1524 5639 1823 5710 ignoratur.

577 5729 845 5787 Panos.
898 5724 1138 5798 LXVII.

1927 4554 2018 4622 85,
2040 4555 2126 4620 84,
2158 4554 2229 4608 95
2251 4564 2307 4611 et
2328 4554 2396 4609 96
2424 4556 2605 4623 fuisse,
2635 4558 2727 4627 qui
2752 4559 2804 4613 in
2827 4558 3017 4615 Latino
3045 4561 3282 4633 Dionysii
3308 4562 3496 4635 Exigui

1933 4645 2016 4711 79,
2041 4645 2127 4711 84,
2170 4646 2260 4713 85,
2290 4646 2357 4700 96
2384 4656 2441 4702 et
2468 4646 2535 4700 97
2554 4663 2673 4704 esse
2699 4649 3053 4719 reperiuntur.
3079 4651 3185 4708 Sed
3208 4654 3323 4712 haec
3341 4656 3495 4713 dill'e-

1931 4736 2103 4791 rentia
2130 4752 2198 4792 ex
2227 4751 2293 4793 eo
2322 4746 2447 4793 nata
2475 4737 2686 4792 videtur
2698 4739 2841 4807 quod
2856 4739 3191 4811 Aucyranum
3214 4746 3497 4803 concilium

1933 4827 1986 4881 in
2006 4824 2193 4884 Grmco
2221 4828 2407 4884 codice
2455 4827 2641 4895 viginti
2675 4828 2908 4898 quinque
2935 4832 3229 4889 canonibns
3267 4846 3496 4906 constat,

1933 4924 1989 4969 et
2010 4912 2438 4970 Neocaesariense
2464 4915 2770 4984 quindecim
2796 4934 2809 4969 :
2838 4918 2891 4972 in
2913 4917 3238 4979 Latinavero
3263 4923 3499 4999 Dionysii

1934 5005 2252 5061 collectione
2283 5005 2685 5075 quatuordecim
2714 5014 2769 5061 et
2790 5007 2970 5076 viginti
2995 5018 3225 5079 quatuor
3244 5021 3448 5070 tantum
3481 5034 3495 5071 :

1934 5109 2271 5164 canonesque
2317 5104 2539 5165 quartus
2582 5103 2639 5150 et
2680 5097 2898 5167 quintus
2954 5097 3221 5171 Ancyrani
3267 5105 3499 5174 concilii,

1937 5186 2062 5241 item
2091 5188 2280 5242 tertius
2323 5187 2558 5243 decimus
2597 5194 2653 5241 et
2677 5196 2896 5256 quartus
2938 5189 3176 5247 decimus
3224 5192 3502 5251 Neocmsao

1936 5275 2148 5344 riensis,
2178 5293 2275 5345 pro
2296 5278 2452 5332 unico
2490 5277 2773 5343 habentur,
2815 5287 2875 5334 ut
2897 5294 2961 5334 ex
2988 5283 3266 5352 utriusque
3305 5285 3503 5341 codicis

1936 5366 2221 5421 collatione
2262 5366 2417 5422 facile
2447 5375 2529 5423 est
2565 5367 2871 5424 observare.
2917 5368 3296 5439 Subjunximus
3338 5382 3395 5427 et
3433 5389 3503 5428 ex

1930 5459 2115 5515 codice
2161 5474 2260 5517 ms.
2314 5460 2630 5530 perantiquo
2676 5460 2913 5530 ejusdem
2967 5460 3173 5518 Justelli
3220 5462 3500 5532 epistolam

1932 5548 2240 5619 synodicam
2270 5549 2437 5606 sancti
2462 5548 2643 5620 Cyrilli
2671 5558 2727 5605 et
2766 5549 2972 5605 concilii
3012 5551 3305 5607 dimceseos
3335 5552 3505 5626 Εἶεν.

1928 5637 2024 5708 pti,
2057 5638 2390 5697 Alexandria:
2417 5639 2720 5709 congregati
2762 5654 2902 5696 anno
2930 5638 3033 5694 450
3062 5653 3185 5694 cum
3224 5641 3501 5703 duodecim
