3988 6344
324 209 415 261 ιιι

1300 201 1525 258 CODEX
1559 198 1882 256 CANONUM
1922 199 2592 259 ECCLESIAS’EICOBUM

3470 207 3574 262 4η

319 317 528 386 regulas
558 313 946 369 ecclesiasticas
974 311 1040 368 de
1069 311 1255 367 Grmco
1286 309 1577 366 transferre
1606 308 1895 380 pepulerit,
1924 317 1968 373 Ά
2001 309 2191 378 quibus
2219 311 2343 378 quia
2386 309 2598 379 plurimi
2646 324 2967 366 consensum
2997 326 3103 366 non
3135 312 3413 383 prtebuere
3442 314 3572 370 faci-

317 408 631 463 confusione
650 405 811 460 credo
833 403 1019 474 priscas
1047 402 1407 458 translationis
1428 399 1680 466 offensus,
1707 399 1899 454 nihilo-

317 502 495 554 minus
541 507 723 552 tamcn
788 496 1054 564 ingestum
1108 495 1346 548 laborem
1391 502 1495 546 tua:
1557 491 1901 548 beatitudinis

315 585 752 642 consrderatione
766 583 998 653 suscepi,
1015 582 1099 636 cui
1111 581 1354 636 Christus
1379 580 1718 649 omnipotens
1733 579 1897 648 Deus,

317 678 475 733 solita
505 676 718 746 populis
745 675 948 746 pietate
985 673 1337 744 prospiciens,
1388 673 1582 727 summi
1610 671 1897 728 sacerdotii

317 770 545 826 contulit
575 769 908 837 dignitatem.
949 765 1021 820 Ut
1051 766 1190 820 inter
1217 765 1442 834 plurima
1478 765 1691 819 virtutis
1735 779 1899 818 orna-

317 870 518 923 menta,
549 861 744 929 quibus
771 857 1064 914 Ecclesiam
1111 856 1321 912 Domini
1368 873 1576 911 morum
1617 856 1902 911 sanctitate

318 951 674 1015 condecoras,
725 948 884 1003 etiam
917 945 1276 1001 sacratissima
1316 943 1457 1012 jura,
1505 943 1901 1014 pontiﬁcalibus

321 1055 419 1108 per
464 1038 558 1094 Dei
606 1037 833 1105 gratiam
882 1037 1086 1106 digesta
1134 1033 1526 1102 conventibus,
1580 1035 1898 1088 intemerata

321 1146 682 1196 conservans,
731 1128 970 1197 perfecto
1020 1126 1282 1196 regimine
1329 1126 1530 1182 clerum
1581 1125 1901 1195 plebemque

319 1220 616 1274 modereris
640 1237 652 1271 :
688 1219 993 1272 nullatenus
1021 1217 1190 1272 nostri
1219 1216 1397 1272 smculi
1423 1228 1573 1270 more
1597 1221 1901 1280 contentus,

319 1325 428 1378 quo
479 1309 704 1378 pronius
733 1306 1105 1362 desideramus
1131 1314 1277 1361 recta
1308 1319 1467 1362 nosse
1496 1318 1657 1373 quam
1688 1302 1864 1358 facere
1884 1341 1900 1368 ,

319 1401 414 1455 sed
463 1400 647 1453 divino
672 1399 888 1466 junctus
927 1397 1149 1464 auxilio,
1179 1411 1298 1465 qua:
1327 1395 1439 1449 ﬁeri
1493 1392 1735 1464 praecipis
1779 1400 1904 1447 ante

321 1489 590 1560 perﬁcias,
642 1497 702 1542 ut
742 1486 1117 1542 efﬁcacissimo
1160 1486 1401 1540 ﬁdelibus
1427 1485 1602 1554 prosis
1632 1483 1901 1552 exemplo.

321 1579 516 1648 lagna
547 1589 631 1633 est
663 1577 924 1646 siquidem
950 1576 1187 1644 jubentis
1215 1573 1526 1638 auctoritas,
1574 1571 1758 1627 eadem
1789 1571 1901 1640 pri-

2000 406 2125 467 lem,
2159 405 2262 460 hoc
2289 407 2460 474 ipsum
2491 414 2721 459 vestram
2748 404 3016 460 noluimus
3044 407 3290 475 ignorare
3318 409 3572 461 sanctita-

2001 501 2108 549 tem
2134 535 2149 561 ,
2179 494 2420 565 quamvis
2445 502 2632 563 postea
2670 494 2913 563 qumdam
2939 495 3228 554 constituta
3256 494 3570 570 pontiﬁcum

2000 601 2068 641 ex
2097 587 2224 655 ipsis
2252 585 2547 641 canonibus
2569 593 2840 655 assumpta
2874 599 2994 642 esse
3021 586 3326 642 vidcantur.
3370 585 3575 646 Deinde

2002 677 2213 746 regulas
2241 674 2467 732 Nicaena:
2491 675 2703 746 synodi,
2752 682 2807 730 et
2854 676 3105 748 deinceps
3133 677 3373 733 omnium
3401 679 3575 734 concia

2001 769 2218 836 liorum,
2257 767 2371 825 sive
2397 781 2516 837 quae
2558 775 2684 824 ante
2724 783 2876 831 eam,
2923 766 3036 822 sive
3074 783 3192 840 qua:
3235 769 3575 841 postmodum

2002 859 2143 915 facta
2172 867 2329 925 sunt,
2358 873 2529 928 usque
2558 858 2626 912 ad
2655 859 2914 930 synodum
2944 867 3162 915 mentum
3192 861 3574 930 quinquaginta

2002 950 2334 1020 pontiﬁcum,
2357 952 2449 1019 qui
2477 950 2614 1020 apud
2637 949 3155 1020 Constantinopolim
3183 959 3572 1018 convenerunt,

2003 1043 2101 1097 sub
2131 1042 2316 1098 ordine
2339 1057 2706 1107 numerorum,
2739 1041 2790 1096 iii
2819 1051 2902 1098 est
2927 1058 2958 1096 a
2987 1044 3161 1113 primo
3201 1044 3377 1114 capite
3407 1059 3578 1113 usque

2005 1131 2073 1185 ad
2101 1132 2452 1186 centesimum
2481 1132 2873 1200 sexagesimum
2897 1132 3163 1201 quintum,
3189 1133 3327 1190 sicut
3351 1133 3579 1188 habetur

2004 1220 2059 1278 in
2086 1221 2269 1275 Graeca
2297 1223 2637 1286 auctoritate,
2674 1221 3008 1289 digessimus.
3043 1221 3175 1276 Tum
3216 1224 3388 1278 sancti
3415 1221 3578 1281 Chal-

2005 1309 2322 1365 cedonensis
2343 1309 2553 1366 concilii
2581 1309 2796 1365 decreta
2821 1311 3132 1380 subdentes,
3168 1313 3219 1366 in
3251 1311 3332 1367 his
3358 1313 3580 1367 Graeco-

2006 1413 2123 1453 rum
2152 1413 2417 1454 canonum
2443 1394 2602 1453 ﬁnem
2637 1413 2753 1453 esse
2781 1398 3134 1454 declaramus.
3183 1399 3260 1455 Ne
3297 1399 3423 1471 quid
3454 1416 3580 1470 prae-

2007 1496 2152 1544 terea
2182 1488 2385 1542 notitiae
2412 1496 2602 1546 vestrae
2629 1489 2820 1542 credar
2852 1489 2988 1543 velle
3012 1490 3348 1558 subtrahere,
3379 1499 3580 1547 statuta

2005 1590 2221 1648 quoque
2241 1575 2575 1634 Sardicensis
2602 1576 2813 1632 concilii
2835 1586 2994 1647 atque
3021 1578 3290 1647 Africani,
3327 1596 3445 1653 quae
3475 1580 3586 1635 La-.

318 1671 486 1724 mitus
510 1672 658 1736 jussa
686 1667 1028 1736 complentis,
1082 1673 1350 1734 quatenus
1379 1660 1688 1718 inconvulsa
1715 1659 1904 1715 Eccie-
1937 1672 1980 1729 Β
2009 1667 2117 1722 tine
2142 1676 2266 1722 sunt
2289 1668 2456 1736 edita,
2505 1669 2615 1730 suis
2640 1683 2670 1722 a
2697 1669 2852 1726 nobis
2882 1671 3118 1727 numeris
3146 1683 3436 1727 cernuntur
3463 1688 3581 1729 esse

320 1757 523 1812 siastici
550 1756 754 1810 ordinis
782 1754 1063 1824 disciplina
1109 1751 1432 1806 inviolabilis
1472 1763 1795 1821 permanens
1833 1747 1901 1801 ad

318 1847 710 1916 capessendum
739 1859 976 1915 perenne
1005 1843 1284 1914 praemium
1314 1840 1632 1898 Christianis
1658 1839 1908 1895 omnibus

324 1944 548 2005 prarstat
573 1949 846 1989 accessum
873 1953 884 1986 :
929 1949 1026 2002 per
1052 1947 1210 2001 quem
1239 1932 1411 1987 sancti
1442 1929 1696 1999 prmsules
1720 1935 1905 1998 patere

327 2024 412 2079 nis
441 2025 752 2077 muniantur
777 2023 1008 2091 regulis,
1034 2030 1090 2077 et
1117 2021 1428 2077 obedientes
1457 2017 1640 2089 populi
1668 2017 1910 2088 spiritua-

325 2113 470 2168 libus
497 2114 801 2167 imbuantur
833 2112 1114 2182 exemplis.
1165 2111 1222 2165 In
1251 2108 1515 2182 principio
1544 2109 1725 2177 itaque
1753 2122 1910 2164 cano-

328 2217 428 2258 nes
447 2204 539 2271 qui
561 2202 809 2257 dicuntur
821 2201 1199 2272 Apostolorum
1220 2199 1288 2255 de
1300 2197 1487 2255 Graeco
1511 2197 1906 2253 transtulimus:

2008 1760 2276 1816 distincta.
2311 1759 2688 1819 Universarum
2711 1776 2840 1820 vero
2867 1761 3234 1820 deﬁnitionum
3263 1763 3442 1819 titulos
3462 1773 3580 1836 post

2009 1850 2148 1906 hanc
2195 1849 2559 1926 prmfationem
2607 1849 2841 1905 strictius
2889 1850 3218 1917 ordinantes,
3270 1868 3332 1907 ea
3380 1868 3499 1924 qua:
3527 1853 3581 1909 in

2009 1941 2230 2011 singulis
2257 1942 2483 2012 sparsim
2527 1949 2652 1997 sunt
2677 1942 3013 2014 promulgata
3041 1943 3297 2010 conciliis,
3345 1948 3444 2000 sub
3473 1963 3580 2002 uno

2011 2043 2231 2105 aspectu
2258 2033 2570 2098 locavimus,
2619 2041 2679 2088 ut
2703 2035 2769 2088 ad
2797 2033 3190 2103 inquisitionem
3217 2036 3474 2106 cujusque
3505 2038 3580 2093 rei

2009 2123 2386 2198 compendium
2415 2123 2630 2194 aliquod
2658 2123 2900 2178 attulisse
2928 2123 3220 2179 videamur.

1573 2321 3544 2356 Ἠ

863 2419 1203 2482 REGULJE
1252 2418 1882 2482 ECCLESIASTICIE
1927 2413 2398 2480 SANCTOBUM
2442 2411 3048 2484 APOSTOLORUM,

939 2556 1241 2602 PROLA’I‘E
1282 2557 1404 2602 PER
1454 2555 1840 2602 CLEMENTEH
1885 2551 2196 2598 ECCI.ESIB
2243 2550 2519 2596 ROMANI!
2554 2548 2961 2595 PONTIFXCEM.

766 2749 843 2805 De
870 2751 1196 2808 ordinatione
1219 2749 1467 2820 episcopi.

397 2841 439 2897 Ι.
475 2839 770 2911 Episcopus
797 2854 827 2894 a
852 2839 1060 2895 duobus
1106 2846 1201 2894 aut
1253 2833 1423 2895 tribus
1466 2834 1735 2909 episcopis
1761 2832 1905 2890 ordi-

323 2943 510 2990 netur.

351 3043 434 3098 De
461 3043 786 3097 ordinatione
813 3040 1115 3112 presbyteri,
1151 3047 1200 3093 et
1228 3038 1457 3104 diaconi,
1480 3045 1530 3091 et
1555 3045 1875 3092 steteras-um.
1937 3018 1984 3081 C

397 3153 464 3209 ll.
499 3152 785 3225 Presbyter
811 3153 878 3208 ab
908 3166 1012 3208 uno
1037 3149 1291 3224 episcopo
1321 3148 1619 3216 ordinetur,
1649 3155 1708 3204 et
1727 3147 1907 3204 diaco-

326 3263 456 3316 nus,
482 3256 539 3301 et
566 3247 758 3315 reliqui
781 3246 984 3302 clerici.

327 3355 488 3413 Nihil
515 3357 658 3411 aliud
684 3357 737 3410 in
765 3357 1048 3427 sacriﬁcio,
1069 3362 1256 3427 preter
1277 3353 1413 3424 quod
1437 3351 1686 3407 Dominus
1704 3350 1908 3420 statuit,

951 3424 1293 3495 oﬁ'erendum.

402 3516 495 3571 ill.
527 3517 584 3572 Si
614 3518 734 3587 quis
763 3516 1067 3586 episcopus,
1095 3521 1190 3568 aut
1217 3512 1514 3583 presbyter,
1543 3516 1738 3581 prteter
1762 3509 1912 3564 ordi-

336 3609 621 3665 nationem
651 3606 883 3670 Domini,
916 3604 1021 3659 alia
1048 3603 1289 3673 quredam
1333 3603 1386 3656 in
1429 3600 1692 3656 sacriﬁcio
1721 3598 1914 3655 oderat

328 3714 498 3769 super
521 3698 727 3751 altare:
781 3697 833 3750 id
862 3704 944 3750 est
971 3702 1062 3749 aut
1102 3693 1228 3758 mel,
1271 3699 1364 3746 aut
1388 3691 1490 3754 lac,
1523 3697 1616 3744 aut
1659 3704 1758 3760 pro
1787 3689 1912 3743 vino

329 3790 586 3855 siceram,
615 3795 669 3842 et
695 3786 938 3842 confecta
966 3783 1237 3854 quzedam,
1269 3789 1362 3836 aut
1388 3780 1646 3848 volatilia,
1677 3787 1769 3834 aut
1797 3779 1912 3834 ani-

337 3881 506 3936 malia
549 3879 747 3948 aliqua,
795 3884 888 3930 aut
914 3873 1219 3945 legumina:
1266 3879 1453 3927 contra
1480 3869 1911 3930 constitutionem

337 3969 555 4026 Domini
585 3966 807 4031 faciens,
847 3978 1082 4035 congruo
1113 3971 1356 4032 tempore
1379 3960 1698 4031 deponatur.

335 4078 471 4145 ρω
502 4079 693 4157 species
714 4076 783 4157 ad
825 4075 989 4156 altare
1020 4089 1124 4157 non
1154 4071 1223 4125 ad
1249 4067 1702 4157 sa‘criﬁciumgused
1741 4068 1810 4120 ad
1840 4067 1917 4123 be-

559 4147 899 4200 nedictionem
927 4142 1209 4214 simplicem
1234 4137 1453 4194 debeant
1473 4137 1721 4192 exhiberi.

409 4261 501 4316 IV.
523 4259 712 4314 Oﬁerri
737 4273 846 4313 non
876 4256 1036 4311 liceat
1071 4252 1274 4323 aliquid
1301 4251 1368 4306 ad
1396 4251 1566 4306 altare
1595 4255 1790 4320 praeter
1817 4264 1915 4304 no-

335 4368 436 4408 vas
467 4352 645 4421 spicas
675 4357 730 4403 et
757 4362 927 4411 uvas;
972 4353 1030 4400 et
1070 4343 1250 4399 oleum
1298 4341 1365 4396 ad
1390 4335 1691 4402 luminaria,
1723 4346 1778 4394 et
1803 4338 1918 4409 thy-
1941 4377 1991 4438 υ

339 4443 565 4506 miama,
594 4438 646 4492 id
675 4445 758 4493 est
785 4437 1060 4492 incensum
1085 4451 1098 4486 :
1148 4440 1392 4501 tempore
1431 4445 1538 4500 quo
1562 4435 1746 4486 sancta
1769 4427 1915 4484 cele-

340 4535 530 4588 bratur
557 4529 781 4586 oblatio.

339 4639 496 4706 Quod
523 4656 583 4693 ea
613 4653 725 4709 quae
752 4640 806 4690 in
863 4635 1091 4709 ecclesiis
1124 4634 1318 4709 ΔοῙΪςςιςνί
1345 4649 1459 4709 non
1477 4639 1709 4703 possunt,
1737 4630 1808 4684 ad
1831 4629 1922 4684 do-

569 4703 680 4761 mus
701 4707 1024 4761 sacerdotum
1048 4723 1082 4758 a
1105 4704 1342 4774 ﬁdelibus
1370 4703 1686 4771 deferantur.

416 4801 480 4856 V'.
515 4800 733 4870 Reliqua
757 4814 914 4869 poma
942 4797 1120 4852 omnia
1165 4795 1232 4848 ad
1265 4795 1483 4849 domum
1531 4791 1776 4864 primitite
1803 4787 1920 4858 epi-

345 4905 516 4961 scopo
552 4898 608 4944 et
646 4887 971 4959 presbyteris
1014 4885 1331 4954 dirigantur,
1385 4898 1485 4937 nec
1531 4881 1822 4937 oﬂ'erantur
1869 4879 1918 4933 in

344 4979 525 5034 altari.
555 4977 776 5032 Certum
805 4984 888 5033 est
937 4985 1120 5031 autem
1149 4973 1292 5042 quod
1322 4970 1587 5041 episcopis
1621 4977 1675 5023 et
1701 4969 1923 5038 presby-

351 5071 484 5124 teris
513 5067 774 5134 dividant,
803 5076 859 5123 et
885 5066 1150 5132 diaconis,
1177 5072 1231 5117 ct
1260 5063 1478 5133 reliquis
1505 5059 1734 5116 clericis.

349 5180 424 5236 Ut
449 5183 736 5252 episcopus,
776 5189 865 5233 aut
905 5177 1168 5250 presbyter
1189 5192 1399 5252 uxorem
1417 5191 1584 5238 suam,
1607 5189 1758 5245 quam
1780 5170 1925 5228 debrt

736 5261 875 5305 caste
904 5247 1101 5318 regere,
1134 5262 1236 5300 non
1257 5247 1532 5315 relinquat.

419 5339 508 5394 Vl.
561 5339 889 5411 Episcopus,
921 5347 1014 5394 aut
1058 5336 1338 5408 presbyter
1389 5347 1613 5389 uxorem
1649 5331 1924 5402 pmpriam

347 5446 687 5501 nequaquam
723 5431 824 5486 sub
852 5431 1079 5486 obtentu
1107 5429 1374 5500 religionis
1419 5423 1670 5493 abjiciat:
1725 5423 1770 5476 si
1797 5436 1927 5476 vero

346 5522 620 5586 rejecerit,
651 5521 1164 5590 excommunicetur,
1189 5523 1278 5580 sed
1306 5528 1362 5581 et
1391 5517 1438 5574 si
1471 5509 1921 5585 perseveraverit,

346 5613 652 5682 dejiciatur.

2015 2742 2085 2799 Ut
2121 2741 2424 2814 sacerdotes;
2466 2751 2516 2796 et
2555 2742 2780 2864 minli's‘t‘ri
2818 2741 3004 2865 altt‘tris
3074 2738 3406 2799 ecculm-ibus
3446 2743 3583 2802 curis

2628 2827 2661 2864 a
2747 2826 2900 2865 mean
2927 2849 2943 2864 .

2628 2826 2943 2866 abstineant.

2078 2901 2188 2956 Vll.
2230 2901 2544 2972 Episcopus,
2575 2908 2670 2956 aut
2709 2900 3008 2972 presbyter,
3061 2908 3153 2956 aut
3193 2899 3449 2959 diaconus
3488 2917 3583 2959 ne-

2493 3007 2612 3049 ares
2673 3007 2830 3048 arras
2888 3000 3215 3057 assumant;
3271 2994 3352 3047 sin
3405 2993 3580 3061 aliter,

2010 3086 2350 3156 dejiciantur.

2327 3197 2441 3265 Quo
2472 3203 2696 3267 tempore
2723 3192 2932 3249 Pascha
2959 3192 3260 3248 celebretur.

2079 3308 2212 3364 Vill.
2244 3308 2300 3362 Si
2326 3307 2446 3379 quis
2474 3307 2777 3378 episcopus,
2807 3311 2903 3360 aut
2929 3304 3229 3376 presbyter,
3262 3311 3356 3356 aut
3395 3303 3578 3360 diaco-

2009 3414 2108 3454 nus
2135 3405 2376 3454 sanctum
2404 3394 2622 3451 Pascha:
2649 3394 2790 3450 diem
2818 3401 2942 3448 ante
2969 3391 3187 3452 vernale
3205 3393 3586 3463 aequinoctium

2009 3501 2132 3542 cum
2160 3484 2354 3541 Judaeis
2379 3485 2752 3552 celebraverlt,
2785 3483 3084 3554 abjiciatur.

2013 3593 2161 3660 Quod
2200 3595 2422 3650 ministri
2463 3593 2684 3658 altaris,
2726 3591 2984 3672 oblatione
3030 3587 3309 3656 celebrata,
3361 3591 3582 3650 debeant

2585 3676 2982 3716 communicare.

2080 3774 2171 3832 1X.
2202 3774 2260 3830 Si
2286 3775 2406 3845 quis
2426 3773 2730 3844 episcopus,
2759 3778 2850 3830 aut
2871 3771 3170 3840 presbyter,
3194 3777 3288 3826 aut
3306 3770 3585 3837 diaconus,

2012 3868 2098 3924 vel
2126 3865 2351 3937 quilibet
2376 3879 2444 3920 ex
2470 3862 2792 3922 sacerdotali
2819 3860 3084 3936 catalogo,
3117 3861 3256 3920 facta
3286 3860 3582 3928 oblatione,

2014 3975 2123 4016 non
2147 3954 2663 4014 communicaverit:
2695 3962 2789 4008 aut
2809 3966 3024 4007 causam
3053 3951 3212 4019 dicat,
3245 3958 3325 4022 ut,
3355 3952 3400 4008 si
3425 3952 3587 4010 ratio-

2014 4051 2208 4108 nabilis
2237 4049 2418 4115 fuerit,
2468 4046 2679 4103 veniam
2703 4053 3102 4118 consequatur;
3152 4053 3246 4108 aut
3286 4045 3332 4101 si
3369 4059 3476 4108 non
3505 4045 3588 4100 di-

2016 4139 2175 4206 xerit,
2227 4137 2604 4194 communione
2645 4135 2908 4206 privetur,
2959 4141 3211 4204 tanquam
3258 4137 3349 4204 qui
3387 4137 3588 4210 populo

2017 4243 2178 4284 causa
2223 4225 2454 4281 lmsionis
2480 4223 2761 4296 exstiterit,
2817 4222 2953 4279 dans
2991 4223 3352 4294 suspicionem
3407 4224 3476 4280 de
3520 4238 3588 4280 eo

2019 4317 2112 4387 qui
2140 4314 2474 4380 sacriﬁcavit,
2505 4313 2648 4382 quod
2671 4321 2819 4370 recte
2839 4328 2945 4368 non
2975 4313 3250 4369 obtulerit.

2023 4424 2173 4492 Quod
2211 4423 2387 4495 ﬁdeles
2415 4423 2570 4491 laici,
2611 4423 2953 4495 ingredientes
2980 4422 3268 4488 ecclesiam,
3297 4424 3584 4479 communi-

2604 4491 2724 4548 care
2745 4491 2983 4548 debeant.

2091 4605 2159 4662 X.
2202 4604 2400 4660 Omnes
2425 4602 2613 4659 ﬁdeles
2653 4603 2747 4672 qui
2791 4601 3158 4671 ingrediuntur
3199 4601 3503 4668 ecclesiam,
3534 4611 3590 4658 et

2021 4695 2323 4767 Scripturas
2345 4693 2640 4759 audientes,
2668 4707 2775 4748 non
2803 4699 2980 4747 autem
3007 4699 3355 4762 perseverant
3382 4692 3435 4746 in
3463 4708 3591 4748 ora-

2023 4789 2188 4856 tione,
2221 4802 2321 4843 nec
2357 4793 2596 4842 sanctam
2622 4783 3049 4840 communionem
3091 4783 3414 4854 percipiunt,
3443 4785 3592 4841 velut

2021 4880 2414 4950 inquietudines
2434 4876 2684 4933 Ecclesia:
2711 4884 3133 4940 commoventes,
3165 4874 3416 4932 convenit
3441 4891 3592 4933 com-

2022 4970 2277 5026 munione
2296 4969 2518 5039 privari.

2154 5080 2304 5146 Quod
2333 5097 2446 5136 cum
2477 5079 2927 5136 excommunicatis
2955 5095 3059 5134 non
3089 5081 3154 5133 sit
3182 5080 3454 5134 orandum.

2098 5192 2184 5250 X1.
2209 5191 2271 5247 Si
2298 5191 2418 5262 quis
2443 5204 2565 5246 cum
2591 5190 3086 5256 «communicato.
3127 5190 3316 5246 saltem
3347 5190 3400 5245 in
3430 5189 3589 5244 domo

2025 5282 2182 5341 simul
2203 5280 2454 5347 oraverit,
2487 5281 2588 5336 iste
2614 5279 2992 5342 communione
3017 5281 3279 5354 privetur.

2149 5392 2298 5459 Quod
2322 5409 2438 5447 cum
2464 5393 2724 5450 damnatis
2744 5392 2946 5449 clericis
2971 5410 3077 5452 non
3104 5395 3174 5449 sit
3190 5393 3464 5448 orandum.

2101 5503 2214 5560 ΧΠ.
2244 5503 2301 5559 Si
2328 5501 2449 5574 quis
2468 5517 2589 5558 cum
2615 5500 2868 5559 damnato
2893 5501 3113 5571 clerico,
3141 5502 3306 5558 veluti
3334 5514 3455 5558 cum
3485 5499 3595 5556 clo-

2033 5598 2169 5666 rico,
2195 5593 2353 5651 simul
2377 5591 2632 5660 oraverit,
2661 5593 2763 5650 iste
2800 5593 3100 5648 damnetur.
