3988 6344
467 341 569 395 145

468 457 534 512 Ut
560 452 728 509 nullus
758 448 983 521 fidelium
1020 452 1206 521 pra'tcr
1226 434 1684 521 'cqmniendatitias
1716 432 2027 502 suscipiatur
2056 426 2109 484 Α
2180 428 2181 435 “

1113 511 1375 579 epistolas.

535 612 668 667 XIII.
710 610 767 665 Si
796 610 913 677 quis
950 604 1195 667 clericus,
1240 608 1330 653 aut
1376 598 1541 651 laicus
1586 610 1616 649 a
1650 593 2028 649 communione

466 716 772 774 suspensus,
795 714 887 753 seu
918 693 1316 750 communicans
1342 689 1404 742 ad
1436 688 1591 740 aliam
1623 689 1876 754 properet
1902 681 2031 735 civi-

467 771 651 858 tatem,
680 800 733 846 et
752 788 1069 858 suscipiatur
1097 789 1291 853 praeter
1319 774 1783 833 commendatitias
1806 771 2031 832 litteras,

468 895 523 941 et
556 884 646 953 qui
686 883 1056 947 susceperunt,
1107 880 1161 927 et
1200 869 1290 939 qui
1334 874 1616 935 susceptus
1656 858 2040 917 communione

468 950 763 1046 priventur.
804 962 1279 1022 Excommunicato
1299 972 1439 1012 ivero
1469 952 1763 1025 proteletur
1782 950 1897 1018 ipsa
1919 961 2041 1046 cpt:

470 1038 664 1137 reptio,
700 1071 950 1130 tanquam
980 1057 1071 1125 qui
1099 1052 1351 1108 mentitus
1394 1049 1482 1105 sit.
1525 1052 1581 1100 et
1617 1041 1916 1099 Ecclesium
1943 1038 2040 1093 Dei

470 1156 763 1216 seduxerit.

608 1265 674 1319 Ut
704 1263 766 1316 ab
796 1258 1044 1331 episcopis
1072 1252 1319 1324 parochia
1350 1248 1558 1303 minime
1581 1243 1912 1316 pervadatur.

542 1354 678 1410 XIV.
712 1352 976 1422 Episcopo
996 1362 1104 1401 non
1126 1345 1291 1399 licere
1313 1341 1539 1395 alienam
1563 1335 1890 1406 parochiam,
1914 1346 2043 1422 pro-

474 1447 589 1515 pria
634 1420 850 1505 relicta,
897 1434 1225 1509 pervadere,
1271 1430 1399 1488 licet
1441 1435 1665 1495 cogatur
1705 1439 1733 1477 a
1779 1420 2039 1494 plurimis.

476 1535 583 1591 Nisi
613 1534 749 1587 forte
776 1545 897 1585 cum
925 1523 1255 1580 rationabilis
1284 1534 1441 1576 causa
1464 1515 1766 1585 compellat,
1792 1522 2046 1580 tanquam

475 1628 566 1695 qui
597 1624 765 1695 possit
794 1621 991 1676 ibidem
1030 1614 1335 1673 constitutis
1374 1612 1493 1681 plus
1521 1610 1656 1663 lucri
1689 1605 1956 1671 conferre,
1995 1610 2049 1657 et

477 1692 533 1771 in
559 1692 719 1771 causa
758 1709 1029 1778 religionis
1074 1705 1275 1774 aliquid
1319 1702 1559 1772 profecto
1602 1697 1929 1768 prospicere.
1981 1692 2049 1746 Et

480 1808 585 1861 hoc
613 1820 720 1858 non
742 1818 771 1855 a
792 1799 1081 1868 semetipso
1102 1800 1393 1865 pertentet,
1416 1788 1511 1846 sed
1532 1788 1823 1843 multorum
1845 1787 2050 1853 episco-
2082 1796 2129 1855 Β

484 1910 674 1967 porum
697 1892 916 1962 judicio,
942 1898 996 1943 et
1020 1888 1251 1941 maxima
1271 1882 1661 1953 supplicatione
1690 1878 1948 1948 perﬁciat.

630 2005 699 2061 Ut
729 2003 899 2057 clerici
923 2001 1159 2070 proprias
1180 1996 1441 2049 Ecclesias
1468 2010 1569 2048 non
1602 1990 1913 2061 relinquant.

560 2096 672 2151 XV.
714 2095 771 2149 Si
799 2093 918 2162 quis
945 2089 1222 2161 presbyter
1242 2131 1257 2157 ,
1288 2096 1378 2142 aut
1407 2087 1685 2152 diaconus,
1720 2090 1811 2137 aut
1838 2080 2062 2150 quilibet

488 2191 555 2245 de
594 2200 817 2242 numero
867 2181 1207 2243 clericorum,
1258 2178 1567 2244 relinquens
1594 2172 1867 2242 propriam
1898 2183 2059 2238 paro-

494 2278 667 2333 chiam
713 2279 902 2343 pergat
947 2270 1014 2323 ad
1063 2269 1291 2322 alienam
1318 2306 1332 2331 ,
1375 2274 1431 2321 et
1477 2264 1696 2319 omnino
1736 2260 2058 2328 demigrans,

499 2375 694 2437 printer
722 2359 958 2431 episcopi
986 2358 1068 2413 sui
1093 2355 1499 2417 conscientiam,
1523 2353 1578 2407 in
1606 2351 1776 2405 aliena
1806 2347 2059 2419 parochia

489 2462 872 2516 commoretur,
903 2453 1049 2505 hunc
1075 2450 1297 2504 ulterius
1322 2446 1628 2501 ministrare
1658 2458 1765 2498 non
1785 2442 2019 2511 patimur
2043 2457 2056 2491 :

490 2545 755 2618 praecipue
781 2543 846 2608 si,
879 2548 1100 2596 vocatus
1127 2540 1193 2593 ab
1216 2539 1491 2607 episcopo,
1521 2535 1699 2590 redire
1721 2540 2063 2600 contempse-

491 2635 582 2702 rit,
631 2634 685 2686 in
725 2645 822 2685 sua
868 2627 1233 2698 inquietudine
1272 2638 1641 2695 perseverans.
1688 2622 2061 2677 Verumtamen

492 2733 749 2794 tanquam
776 2721 941 2775 laicus
968 2719 1041 2773 ibi
1067 2716 1445 2773 communicet.

497 2836 566 2891 Ut
595 2836 863 2907 episcopus
910 2834 994 2904 qui
1025 2831 1234 2913 clericos
1263 2831 1475 2913 alterius
1506 2829 1805 2899 susceperit,
1836 2842 2062 2882 commu-

1054 2908 1208 2954 nione
1247 2908 1492 2970 priuetur.

564 2992 698 3048 XVI.
730 2992 1027 3062 Episcopus
1054 3005 1204 3056 vero,
1235 2990 1377 3059 apud
1397 3004 1557 3059 quem
1585 2997 1915 3044 memoratos
1943 3003 2062 3044 esse

494 3082 813 3147 constiterit,
845 3080 892 3136 si
918 3086 1105 3136 contra
1144 3093 1238 3133 eos
1274 3078 1546 3133 decretam
1575 3078 1931 3134 cessationem
1961 3095 2059 3149 pro

495 3172 662 3227 nihilo
708 3178 963 3239 reputans
989 3210 1004 3236 ,
1050 3179 1301 3238 tanquam
1355 3168 1579 3223 clericos
1626 3167 1768 3223 forte
1813 3184 2060 3239 suscepe-
2088 3160 2133 3223 C

495 3262 611 3331 rit‘:
662 3260 809 3316 velut
836 3260 1090 3327 magister
1117 3258 1514 3329 inquietudinis,
1543 3259 1922 3315 communione
1950 3261 2061 3330 pri-

497 3360 664 3407 vetur.

676 3440 826 3506 Quod
854 3441 1045 3512 bigami
1068 3457 1171 3495 non
1201 3441 1538 3495 admittuntur
1566 3442 1635 3495 ad
1673 3443 1881 3498 clerum.

567 3529 727 3585 XVII.
760 3529 815 3584 Si
842 3530 961 3599 quis
989 3537 1111 3599 post
1137 3530 1399 3598 baptisma
1422 3531 1666 3586 secundis
1688 3530 1847 3586 fuerit
1866 3532 2064 3601 nuptiis

497 3621 794 3692 copulatus,
820 3629 912 3674 aut
936 3619 1287 3675 concubinam
1314 3620 1580 3687 habuerit,
1605 3635 1713 3674 non
1742 3629 1920 3690 potest
1947 3634 2067 3675 esse

496 3711 800 3780 episcopus,
826 3724 935 3762 non
962 3708 1262 3779 presbyter,
1295 3715 1388 3761 aut
1424 3707 1702 3777 diaconus,
1727 3715 1819 3762 aut
1847 3724 2067 3780 prorsus

498 3814 565 3853 ex
587 3813 809 3852 numero
838 3812 1023 3853 eorum
1052 3797 1143 3865 qui
1192 3797 1489 3853 ministerio
1518 3812 1671 3853 sacro
1699 3798 2025 3854 deserviunt.

499 3906 649 3971 Quod
695 3908 742 3960 is
784 3908 868 3976 qui
917 3906 1122 3961 viduam
1148 3948 1162 3972 ,
1210 3909 1289 3959 vel
1326 3908 1569 3975 ejectam,
1620 3924 1710 3961 aut
1754 3918 2068 3965 meretricem

743 3979 1013 4046 acceperit,
1045 3993 1147 4028 non
1176 3976 1477 4029 admittatur
1503 3977 1572 4028 ad
1605 3979 1814 4031 clerum.

565 4064 753 4121 XVIII.
781 4066 838 4119 Si
860 4064 979 4132 quis
1011 4063 1244 4131 viduam,
1272 4071 1327 4118 et
1366 4062 1593 4132 ejectam
1643 4068 1927 4136 acceperit,
1976 4078 2069 4123 aut

496 4157 854 4222 meretricem,
884 4162 974 4208 aut
1016 4154 1279 4221 ancillam,
1310 4154 1396 4210 vel
1423 4156 1651 4225 aliquam
1717 4158 1784 4213 de
1829 4158 1913 4214 his
1950 4174 2069 4229 qua:

497 4246 722 4320 publicis
768 4245 1092 4314 spectaculis
1136 4247 1533 4315 mancipantur,
1578 4263 1684 4303 non
1736 4258 1913 4318 potest
1949 4266 2068 4307 esse

497 4338 802 4408 episcopus,
834 4341 926 4390 aut
970 4336 1279 4407 presbyter,
1311 4346 1403 4391 aut
1426 4338 1699 4405 diaconus,
1745 4348 1837 4395 aut
1860 4356 1929 4396 ex
1958 4356 2025 4398 eo
2049 4347 2068 4367 ⁶

496 4442 720 4482 numero
749 4428 840 4496 qui
870 4426 1165 4481 ministerio
1194 4442 1347 4482 sacro
1376 4428 1700 4482 deserviunt.
1764 4407 1771 4411 ⁸

530 4515 632 4582 Qui
678 4518 805 4572 duas
861 4532 1060 4572 sorores
1124 4517 1392 4584 habuerit,
1443 4535 1548 4573 non
1605 4521 1907 4575 admittatur
1960 4522 2030 4575 ad
2092 4511 2146 4573 D

1169 4588 1382 4641 clerum.

561 4675 702 4731 XIX.
736 4677 837 4744 Qui
884 4678 1017 4733 duas
1061 4678 1117 4731 in
1164 4678 1468 4748 conjugium
1511 4695 1727 4737 sorores
1773 4686 2063 4754 acceperit,

494 4768 576 4822 vel
609 4767 769 4821 tiliam
792 4767 988 4836 fratris,
1020 4768 1247 4825 clericus
1273 4785 1391 4826 esse
1420 4786 1527 4827 non
1560 4774 1777 4843 poterit.

703 4855 956 4909 Clericum
985 4857 1360 4926 fideijussorem
1390 4876 1500 4914 esse
1539 4877 1644 4916 non
1673 4880 1840 4932 posse.

563 4942 676 4997 XX.
746 4944 983 5000 Clericus
1047 4945 1494 5015 lideijussionibus
1552 4951 1850 5008 inserviens
1920 4953 2056 5023 abji-

496 5036 680 5090 tiatur.

496 5124 644 5189 Quod
671 5125 709 5177 ii
744 5125 829 5196 qui
858 5140 960 5180 non
989 5128 1515 5249 spontaeulnuchizati
1544 5138 1685 5199 sunt,
1712 5134 2059 5205 suscipiantur

1117 5213 1148 5248 a
1215 5214 1240 5249 ε
1263 5214 1424 5249 erum.

1117 5213 1185 5248 aa
1215 5213 1424 5253 elerum.

562 5283 701 5339 XXI.
735 5284 1041 5353 Eunuchus,
1094 5288 1139 5341 si
1180 5302 1277 5358 per
1318 5289 1537 5346 insidias
1582 5292 1857 5347 hominum
1888 5294 2058 5352 factus

495 5387 592 5443 est,
620 5378 702 5433 vel
731 5378 776 5434 si
799 5379 850 5433 in
880 5380 1254 5449 persecutione
1274 5380 1389 5449 ejus
1418 5390 1542 5437 sunt
1572 5393 1843 5453 amputata
1865 5388 2058 5456 virilia,

496 5456 584 5524 vel
606 5470 649 5525 si
689 5471 762 5526 ita
800 5480 955 5527 natus
983 5478 1086 5540 est,
1136 5478 1190 5526 et
1233 5479 1315 5527 est
1360 5472 1589 5542 dignus:
1642 5474 1902 5530 efﬁciatur
1943 5476 2058 5547 epi-

492 5576 708 5630 scapus.

576 5708 594 5728 ‘
623 5707 925 5779 Legendum
956 5729 1150 5778 corum,
1183 5721 1241 5770 ut
1268 5714 1321 5772 in
1350 5728 1556 5773 canone
1593 5719 1934 5789 praecedenti.
1969 5719 2126 5781 Ευιτ.

1763 307 2107 370 DIONYSIUS
2145 305 2461 364 EXIGUUS.

3608 298 3699 352 III

2276 426 2342 497 Ut
2370 426 2413 477 is
2453 425 2537 494 qui
2565 439 2619 476 se
2646 421 3031 485 eunuchizavit,
3064 420 3279 474 clericus
3311 434 3413 472 non
3440 418 3556 486 ﬁat.

2206 516 2367 570 XXII.
2412 516 2469 571 Si
2509 516 2628 584 quis
2650 514 2876 569 abscidit
2903 512 3273 581 semetipsum,
3305 510 3357 563 id
3386 518 3487 572 est,
3518 508 3563 562 si
3591 505 3702 576 quis

2139 607 2434 676 amputavit
2461 606 2559 660 sibi
2600 604 2791 668 virilia,
2837 617 2945 656 non
2988 601 3077 655 ﬁat
3116 600 3367 662 clericus,
3418 598 3545 668 quia
3584 611 3703 652 suus

2138 700 2404 755 homicida
2430 705 2534 765 est,
2563 704 2617 751 et
2641 697 2736 750 Dei
2766 694 3092 752 conditionis
3122 692 3389 747 inimicus.

2191 809 2259 864 Ut
2286 809 2499 863 clericus
2528 810 2611 879 qui
2654 824 2709 860 se
2729 806 3116 870 eunuchizauit,
3147 803 3423 875 abjiciatur
3451 818 3483 855 a
3524 801 3675 855 rlero.

2212 899 2395 953 XXIII.
2425 901 2483 954 Si
2508 899 2649 969 quis,
2698 913 2819 952 cum
2848 897 3077 952 clericus
3104 894 3280 958 fuerit,
3323 892 3609 948 absciderit
3636 905 3708 946 se-

2144 992 2457 1061 metipsum,
2504 989 2723 1045 omnino
2762 987 3069 1053 damnetur,
3114 985 3235 1053 quia
3260 998 3388 1038 suns
3416 990 3499 1037 est
3542 980 3710 1037 homi-

2142 1084 2283 1140 cida.

2184 1175 2251 1230 Ut
2280 1175 2443 1228 laicus
2471 1174 2555 1244 qui
2584 1189 2637 1226 se
2664 1170 3043 1244 eunuchizauit,
3075 1166 3231 1221 tribus
3265 1167 3416 1219 annis
3451 1180 3680 1219 commu-

2715 1243 2867 1295 nione
2896 1240 3139 1307 privetur.

2216 1332 2404 1387 XXIV.
2438 1330 2631 1385 Laicus
2659 1329 3001 1397 semetipsum
3043 1324 3379 1386 abscindens,
3427 1323 3581 1376 annis
3629 1322 3714 1376 tri-

2146 1427 2247 1481 bus
2275 1424 2654 1482 communione
2681 1423 2941 1493 privetur,
2975 1419 3099 1489 quia
3127 1431 3238 1472 sua:
3280 1418 3400 1471 vita:
3446 1414 3716 1469 insidiator

2150 1516 2375 1570 exstitit.

2154 1605 2302 1687 Quod
2329 1607 2619 1687 episcopus,
2668 1611 2758 1655 aut
2785 1600 3067 1687 presbyter,
3110 1608 3201 1679 aut
3229 1599 3495 1680 diaconus,
3543 1598 3588 1649 si
3610 1612 3717 1677 .pro

2224 1667 2521 1729 criminibus
2568 1667 2801 1726 damnati
2846 1667 3073 1741 fuerint,
3118 1670 3329 1722 minime
3366 1667 3716 1722 communione

2228 1746 2510 1816 priventur.

2228 1836 2389 1891 XXV.
2417 1834 2735 1906 Episcopus,
2766 1840 2859 1887 aut
2886 1832 3180 1903 presbyter,
3212 1839 3302 1885 aut
3327 1828 3607 1897 diaconus,
3634 1826 3720 1897 qui

2160 1930 2212 1984 in
2238 1928 2612 1989 fornicatione,
2660 1933 2752 1978 aut
2780 1924 3035 1994 perjurio,
3089 1932 3179 1976 aut
3219 1921 3359 1975 furto
3406 1929 3596 1990 captus
3622 1914 3747 1982 est,

2158 2019 2459 2089 deponatur
2487 2032 2502 2069 :
2535 2029 2642 2071 non
2671 2008 2853 2068 tamen
2882 2012 3261 2067 communione
3288 2010 3547 2079 privetur.
3591 2001 3718 2061 Dicit

2159 2110 2301 2165 enim
2330 2107 2605 2175 Scriptura
2635 2123 2647 2158 :
2678 2104 2797 2159 Non
2840 2103 3131 2158 vindicabit
3159 2100 3415 2156 Dominus
3442 2101 3525 2155 bis
3558 2099 3612 2153 in
3648 2096 3723 2152 id-

2162 2199 2358 2268 ipsum.

2403 2287 2655 2341 Similiter
2682 2292 2730 2338 et
2759 2284 2940 2353 reliqui
2969 2283 3192 2336 ministri
3226 2281 3493 2335 Ecclesiw.

2232 2374 2418 2429 XXVI.
2449 2375 2705 2429 Similiter
2744 2381 2800 2428 et
2826 2373 3019 2443 reliqui
3062 2372 3242 2427 clerici
3289 2371 3412 2425 huic
3440 2368 3726 2427 conditioni

2162 2465 2496 2534 subjaceant.

2289 2607 2300 2616 ,
2383 2553 2483 2617 Qui
2513 2553 2683 2607 clerici
2713 2552 2927 2607 debeant
2956 2552 3253 2624 conjugibus
3282 2550 3529 2622 copulari.

2234 2663 2442 2719 XXVII.
2488 2664 2731 2734 Innuptis
2760 2673 2957 2729 autem,
3016 2665 3108 2733 qui
3137 2663 3206 2717 ad
3247 2663 3446 2717 clerum
3494 2662 3729 2730 provecti

2162 2764 2306 2822 sunt,
2336 2756 2707 2825 przecipimus:
2742 2765 2798 2809 ut
2825 2756 2870 2810 si
2892 2755 3176 2821 voluerint,
3209 2770 3404 2811 uxores
3429 2756 3731 2826 accipiant;

2165 2849 2259 2904 sed
2288 2848 2538 2911 lectores,
2569 2856 2925 2916 cantoresque
2956 2846 3343 2902 tantummodo.

2166 2955 2314 3022 Quod
2339 2958 2624 3029 episcopus,
2649 2958 2911 3029 presbyter
2939 2968 2989 3011 et
3017 2958 3284 3029 diaconus,
3319 2968 3582 3022 peccantes
3604 2960 3738 3029 ﬁde-

2557 3028 2630 3080 les
2660 3028 2925 3081 verberare
2954 3045 3054 3082 non
3083 3028 3317 3081 debeant.

2234 3120 2466 3178 XXVIII.
2500 3121 2844 3191 Episcopum,
2876 3130 2970 3175 aut
2997 3123 3388 3192 presbyterum,
3427 3128 3518 3175 aut
3546 3121 3733 3176 diaco-

2166 3230 2312 3278 num,
2339 3213 2722 3282 percuticntem
2754 3210 2937 3267 fideles
2962 3213 3357 3283 delinquentes,
3380 3222 3472 3267 aut
3495 3212 3739 3269 inﬁdeles

2165 3305 2345 3373 Inique
2390 3311 2626 3371 agentes,
2679 3311 2733 3357 et
2776 3320 2873 3372 per
2912 3305 3219 3373 hujusmodi
3266 3305 3733 3370 volentes-timeri,

2165 3396 2318 3465 dejici
2348 3396 2415 3449 ab
2444 3394 2621 3450 ofﬁcio
2650 3410 2747 3449 suo
2780 3396 3135 3465 praecipimus,
3177 3395 3301 3464 quia
3344 3411 3604 3463 nusquam
3632 3411 3737 3450 nos

2166 3490 2269 3545 hoc
2314 3488 2571 3543 Dominus
2619 3486 2820 3541 docuit.
2872 3486 3185 3542 Econtrario
3232 3503 3360 3543 vero
3412 3489 3564 3556 ipse,
3612 3502 3742 3544 cum

2165 3586 2551 3650 percuteretur,
2584 3594 2690 3632 non
2712 3579 3134 3648 repercutiebat;
3159 3593 3279 3633 cum
3307 3578 3742 3647 malediceretur,

2167 3686 2275 3726 non
2301 3668 2713 3725 remaledicebat
2745 3686 2760 3736 ;
2809 3683 2931 3725 cum
2961 3676 3255 3739 pateretur,
3297 3686 3403 3726 non
3431 3672 3737 3727 commina-

2167 3764 2342 3817 batur.

2169 3850 2320 3917 Quod
2379 3852 2598 3922 oﬂicium
2669 3851 2941 3920 pristinum
2994 3851 3225 3922 damnati
3283 3869 3378 3922 pro
3438 3851 3745 3907 criminibus

2628 3936 2879 3990 usurpare
2906 3937 3007 3973 non
3039 3920 3271 3973 debeant.

2238 4009 2423 4065 XXIX.
2455 4010 2511 4065 Si
2534 4011 2655 4080 quis
2683 4011 2990 4080 episcopus,
3026 4019 3117 4064 aut
3160 4012 3458 4084 presbyter,
3494 4020 3586 4066 aut
3615 4012 3746 4068 dia-

2168 4118 2335 4158 conus
2358 4102 2630 4172 depositus
2666 4102 2809 4172 juste
2836 4118 2995 4171 super
3020 4105 3182 4158 certis
3212 4105 3540 4171 criminibus,
3572 4121 3748 4162 ausus

2167 4192 2327 4249 fuerit
2355 4202 2645 4250 attrectare
2694 4195 3043 4273 ministerium
3090 4196 3289 4250 dudum
3338 4197 3438 4252 sibi
3481 4199 3748 4253 commis-

2167 4301 2309 4346 sum.
2337 4286 2425 4340 hic.
2446 4288 2512 4341 ab
2541 4285 2776 4341 Ecclesia
2808 4288 3021 4356 penitus
3049 4287 3405 4343 abscindatur.

2219 4393 2370 4459 Quod
2434 4413 2537 4451 non
2591 4397 2805 4449 debeant
2852 4399 3017 4518 ofﬁcia
3067 4398 3410 4453 ecclesiastica
3455 4401 3688 4469 pecuniis

2840 4484 2868 4518 ο
2906 4469 3075 4518 tineri.

2840 4477 3075 4521 abttneri.

2238 4556 2399 4611 XXX.
2456 4555 2513 4611 Si
2541 4557 2658 4627 quis
2687 4557 2988 4628 episcopus,
3041 4566 3131 4611 aut
3160 4559 3461 4629 presbyter,
3501 4567 3593 4613 aut
3624 4558 3752 4613 dia-

2166 4661 2336 4702 conus
2384 4661 2480 4715 per
2527 4647 2777 4715 pecunias
2849 4646 2988 4701 hanc
3049 4648 3341 4701 obtinuerit
3390 4648 3750 4716 dignitatem,

2165 4736 2446 4805 dejiciatur
2467 4744 2520 4791 et
2542 4736 2676 4806 ipse,
2694 4745 2748 4791 et
2773 4728 3049 4791 ordinator
3071 4737 3209 4805 ejus,
3234 4746 3285 4791 et
3308 4754 3336 4791 a
3360 4740 3757 4795 communione

2164 4826 2336 4880 modis
2365 4826 2611 4881 Omnibus
2644 4826 3007 4894 abscindatur,
3060 4830 3198 4881 sicut
3240 4827 3425 4882 Simon
3469 4830 3659 4898 Magus
3712 4845 3755 4884 τι

2163 4912 2344 4967 Petro.

2225 5023 2293 5077 Ut
2320 5023 2553 5079 Ecclesia
2580 5026 2815 5080 surculari
2842 5028 3071 5097 potentia
3100 5029 3310 5082 minime
3336 5029 3669 5098 pervadalur.

2238 5113 2422 5169 XXXI.
2453 5115 2510 5169 Si
2550 5117 2668 5184 quis
2708 5117 2991 5185 episcopus
3020 5118 3199 5171 seculi
3228 5120 3584 5188 potestatibus
3613 5136 3758 5177 usus

2170 5202 2461 5260 Ecclesiam
2503 5222 2600 5274 per
2635 5208 2777 5275 ipsos
2807 5207 3068 5276 obtineat,
3100 5209 3419 5279 deponatur,
3473 5219 3529 5266 et
3555 5226 3761 5281 segre-

2162 5304 2354 5362 gentur
2382 5311 2568 5351 omnes
2595 5298 2684 5364 qui
2716 5297 2788 5351 illi
2814 5300 3233 5355 communicant.

2162 5404 2241 5459 De
2272 5408 2564 5478 presbytero
2608 5409 2692 5479 qui
2724 5418 2903 5463 contra
2933 5411 3223 5481 episcopum
3252 5429 3485 5468 seorsum
3514 5430 3759 5470 conum-

2579 5489 2656 5531 tus
2687 5495 3000 5549 congregare
3028 5484 3314 5537 tentaverit.

2144 5650 2149 5656 _
2233 5566 2443 5623 XXXII.
2482 5568 2537 5624 Si
2565 5569 2683 5639 quis
2710 5570 3010 5641 presbyter,
3040 5581 3390 5628 contemnens
3419 5574 3758 5645 episcopum
