3988 6344
334 368 436 423 145

1289 363 1512 419 CODEX
1546 362 1871 419 CANONUM
1911 362 2602 421 ECCLESIASTIGGRUM.

3476 374 3573 429 H8

328 466 506 544 suum,
557 494 799 535 seorsum
839 477 1133 548 collegerit,
1175 487 1229 532 et
1272 479 1439 532 altare
1467 477 1607 531 aliud
1636 476 1893 539 erexerit,
1930 479 1972 535 Α
2007 472 2072 525 Ut
2114 483 2309 527 tantum
2358 492 2534 528 curam
2585 479 3263 553 rerupgccclesiasticarum
3312 482 3575 553 episcopus

329 575 462 628 nihil
490 573 716 639 habens,
738 572 881 640 quod
906 569 1262 640 reprehendat
1289 570 1598 639 episcopum
1638 569 1692 622 in
1734 583 1897 623 causa

328 664 547 735 pietatis
592 670 648 717 et
695 661 940 727 iustitiae,
991 660 1315 729 deponatur,
1364 659 1517 726 quasi
1562 658 1899 727 principatus

327 765 543 810 amator
562 754 815 818 existens,
841 760 922 808 est
942 754 1083 808 enizn
1108 761 1386 822 tyrannus;
1416 760 1471 806 et
1489 751 1668 805 caeteri
1690 749 1897 815 clerici,

327 844 640 914 quicunque
676 842 767 897 tali
810 841 1171 905 consentiunt,
1196 839 1553 908 deponantur,
1604 839 1727 893 laici
1769 854 1899 893 vero

328 943 699 1003 segregentur.
752 932 878 986 Haec
928 938 1105 986 autem
1135 940 1257 999 post
1286 946 1464 995 unam,
1517 939 1570 983 et
1594 927 1904 993 secundam,

331 1035 388 1081 et
416 1026 627 1080 tertiam
657 1022 896 1093 episcopi
924 1021 1336 1075 obtestationem
1364 1019 1479 1074 fieri
1508 1017 1816 1074 conveniet.

406 1137 561 1202 Quod
587 1138 759 1191 clerici
789 1136 1022 1191 damnati
1050 1151 1153 1189 non
1174 1133 1391 1187 debeant
1419 1132 1482 1187 ab
1505 1134 1623 1187 aliis
1652 1130 1828 1201 recipi.

408 1247 638 1304 XXXIII.
672 1248 729 1303 Si
757 1248 877 1316 quis
905 1246 1203 1317 presbyter,
1257 1254 1348 1300 aut
1389 1244 1649 1299 diaconus
1693 1244 1760 1298 ab
1798 1244 1911 1313 epi-

336 1354 509 1407 scopo
537 1353 632 1392 suo
661 1344 990 1407 segregetur,
1016 1337 1157 1388 hunc
1183 1350 1290 1388 non
1315 1334 1475 1388 licere
1497 1334 1563 1386 ab
1593 1333 1698 1386 alio
1720 1333 1910 1400 recipi,

337 1430 432 1486 sed
462 1429 529 1483 ab
556 1430 693 1497 ipso,
740 1427 829 1497 qui
879 1442 1002 1481 eum
1054 1434 1508 1494 sequestraverat,
1542 1424 1645 1478 nisi
1690 1424 1913 1479 forsitan

336 1520 542 1575 obierit
570 1518 849 1589 episcopus
878 1519 1015 1587 ipse,
1066 1517 1157 1585 qui
1199 1532 1319 1571 eum
1367 1530 1676 1585 segregasse
1713 1530 1915 1585 cogno—

338 1610 534 1664 scitur.

346 1716 418 1775 Ut
443 1717 614 1772 nullus
641 1718 925 1785 episcopus,
953 1714 1234 1785 presbyter,
1256 1722 1345 1767 aut
1373 1714 1618 1769 diaconus
1642 1715 1751 1769 sine
1771 1732 1913 1771 com-

675 1784 989 1840 meudatitiis
1014 1784 1326 1854 suscipiatur
1352 1784 1596 1852 epistolis.

418 1896 655 1952 XXXIV.
695 1895 880 1951 Nullus
916 1896 1290 1965 episcoporum
1335 1894 1767 1964 peregrinorum,
1825 1903 1917 1963 aut

348 1992 805 2064 presbyterorum,
829 1997 921 2041 aut
945 1988 1316 2053 diaconorum,
1340 1986 1453 2041 sine
1471 1986 1921 2043 commendatitiis

348 2083 675 2152 suscipiatur
702 2079 963 2149 epistolis,
995 2086 1051 2133 et
1077 2094 1197 2133 cum
1220 2078 1422 2147 scripta
1460 2077 1768 2145 detulerint,
1806 2077 1921 2132 dis-

349 2175 622 2230 cutiantur
652 2172 925 2234 attentius,
960 2180 1016 2225 et
1065 2171 1138 2224 ita
1166 2170 1546 2240 suscipiantur,
1592 2169 1637 2224 si
1664 2169 1924 2238 praedica-

352 2275 498 2320 tores
525 2263 742 2333 pietatis
788 2261 1092 2317 exstiterint
1138 2261 1333 2325 minus,
1383 2274 1484 2314 nec
1513 2274 1632 2329 qua:
1677 2268 1801 2314 sunt
1829 2275 1925 2315 ne-

351 2356 588 2412 cessaria
619 2354 1091 2409 subministrentur
1137 2352 1235 2417 eis,
1281 2360 1335 2406 et
1380 2350 1448 2404 ad
1492 2350 1924 2405 communionem

352 2448 659 2500 nullatenus
678 2442 1048 2510 admittantur,
1078 2442 1200 2511 quia
1226 2456 1321 2511 per
1341 2441 1739 2512 subreptionem
1760 2440 1927 2496 multa

354 2532 699 2604 proveniunt.

773 2645 848 2698 De
877 2645 1102 2714 primatu
1130 2643 1501 2713 episcoporum.

427 2756 635 2813 XXXV.
669 2755 964 2826 Episcopus
990 2753 1227 2822 gentium
1256 2752 1586 2819 singularum
1630 2751 1770 2806 scire
1797 2764 1929 2805 con-

356 2850 528 2916 venit,
559 2847 677 2915 quis
717 2847 859 2900 inter
890 2859 985 2899 eos
1012 2844 1215 2912 primus
1261 2842 1541 2906 habeatur,
1594 2856 1756 2909 quem
1786 2840 1932 2895 velut

358 2948 524 3009 caput
563 2935 890 3000 existiment,
932 2940 988 2987 et
1014 2932 1143 2985 nihil
1176 2930 1403 3000 amplius
1430 2938 1626 3000 praeter
1661 2929 1777 2998 ejus
1807 2945 1932 2985 con-

359 3029 641 3085 scientiam
667 3034 874 3095 gerant,
906 3041 1064 3094 quam
1095 3025 1184 3079 illa
1226 3024 1341 3078 sola
1382 3023 1594 3091 singuli,
1626 3037 1745 3091 quae
1772 3038 1933 3092 paro-

361 3121 499 3175 chias
527 3118 773 3188 proprim,
816 3125 871 3171 et
900 3116 1039 3171 villis
1069 3131 1185 3184 qua:
1212 3115 1308 3169 sub
1332 3130 1397 3170 ea
1422 3121 1564 3180 sunt,
1597 3122 1930 3184 competunt,

2689 546 2890 600 habeat.

2076 653 2311 707 XXXIX.
2345 654 2589 710 Omnium
2619 660 2953 726 negotiorum
2983 663 3464 719 ecclesiasticorum
3490 681 3577 728 vcn-

2007 762 2118 799 ram
2152 748 2433 816 episcopus
2456 749 2675 817 habeat,
2706 760 2759 804 et
2788 767 2850 805 ea
2877 754 3021 807 velut
3041 754 3151 809 Deo
3181 736 3578 825 eonteniplante

2008 836 2297 906 dispenset,
2333 854 2431 894 nec
2468 840 2517 893 ei
2562 841 2721 895 liceat
2750 858 2815 896 ex
2850 844 2933 897 his
2976 845 3172 914 aliquid
3201 849 3419 902 omnino
3447 865 3578 903 con-

2010 930 2234 996 tingere,
2264 940 2355 984 aut
2382 932 2695 1000 parentibus
2721 935 2969 1004 propriis,
3015 952 3133 1005 qua:
3159 936 3253 992 Dei
3282 947 3422 1001 sunt,
3452 955 3581 993 con-

2012 1021 2235 1077 donare.
2269 1024 2422 1089 Quod
2450 1024 2494 1078 si
2522 1039 2787 1094 pauperes
2815 1034 2957 1093 sunt,
2981 1035 3232 1098 tanquam
3262 1029 3582 1099 pauperibus

2012 1112 2397 1178 subministret,
2438 1128 2538 1169 nec
2565 1128 2750 1169 eorum
2788 1117 3071 1172 occasione
3094 1117 3345 1174 Ecclesia:
3370 1122 3582 1187 negotia

2013 1202 2403 1272 deprcedentur.

2017 1313 2096 1368 De
2123 1316 2373 1385 dignitate
2411 1318 2687 1386 pontiﬁcis,
2710 1321 2944 1442 éthpod
2971 1339 3139 1375 rerum
3165 1339 3373 1377 suarum
3399 1323 3584 1377 habeat

2640 1406 2703 1442 vo
2756 1406 2779 1439 s
2804 1408 2832 1442 a
2859 1408 2956 1442 em.

2639 1406 2956 1457 patestatem.

2085 1490 2194 1544 XL.
2227 1491 2532 1564 Presbyteri
2563 1503 2617 1549 et
2644 1496 2853 1551 diaconi
2885 1501 3413 1570 prxutercpiscOpum
3455 1502 3585 1555 nihil

2016 1594 2174 1648 agere
2201 1590 2527 1651 pertentent.
2560 1584 2689 1638 Nam
2720 1585 2926 1641 Domini
2952 1589 3175 1659 populus
3204 1590 3303 1659 ipsi
3331 1590 3587 1644 commis-

2015 1687 2106 1726 sus
2128 1680 2229 1736 est,
2279 1682 2335 1728 et
2375 1690 2473 1743 pro
2502 1676 2780 1731 animabus
2820 1694 3007 1733 eorum
3044 1680 3133 1735 hic
3176 1680 3480 1735 redditurus
3509 1690 3587 1736 est

2015 1761 2301 1817 rationem.
2332 1763 2453 1818 Sint
2480 1773 2659 1821 autem
2683 1767 2979 1823 manifesta:
2997 1785 3084 1825 res
3105 1771 3333 1840 propriae
3354 1772 3587 1841 episc0pi

1952 1839 2001 1897 B
2029 1848 2097 1919 (si
2116 1857 2294 1905 tamen
2320 1850 2482 1906 habet
2510 1853 2794 1923 proprias),
2817 1862 2872 1909 et
2892 1839 3182 1912 manifeste
3203 1839 3508 1921 Dominica',
3534 1839 3590 1914 ut

2021 1948 2343 2010 potestatem
2380 1942 2594 2009 haheat,
2634 1944 2703 1999 de
2741 1947 2969 2014 pr0priis
3014 1949 3249 2003 moriens
3285 1950 3589 2019 episcopus.

2023 2030 2164 2085 sicut
2202 2031 2453 2097 voluerit,
2498 2039 2553 2087 et
2580 2033 2773 2101 quibus
2799 2035 3029 2090 voluerit
3067 2037 3456 2107 derelinquere.
3486 2036 3593 2090 Nec

2023 2120 2124 2175 sub
2152 2119 2435 2174 occasione
2462 2120 2944 2177 ecclesiasticarum
2972 2139 3169 2189 rerum,
3211 2141 3328 2193 qua:
3356 2126 3593 2195 episc0pi

2024 2222 2144 2264 esse
2168 2208 2483 2277 probantur,
2516 2210 2865 2276 intercidant;
2913 2212 3155 2268 fortassis
3182 2215 3322 2267 enim
3350 2222 3440 2267 aut
3463 2229 3595 2268 uxo-

2024 2314 2141 2355 rem
2168 2299 2349 2365 habet,
2376 2309 2470 2354 aut
2498 2299 2653 2367 filios,
2687 2310 2778 2357 aut
2805 2303 3157 2373 propinquos,
3182 2312 3275 2359 aut
3303 2320 3506 2359 servos.
3530 2304 3596 2359 Et

2022 2389 2224 2459 justum
2254 2398 2338 2444 est
2363 2390 2469 2445 hoc
2496 2391 2635 2461 apud
2678 2392 2845 2447 Deum
2877 2400 2931 2448 et
2968 2394 3233 2462 homines,
3271 2404 3329 2448 ut
3367 2409 3465 2449 nec
3493 2393 3596 2449 Ec-

2028 2481 2192 2537 clesia
2220 2480 2597 2535 detrimentum
2622 2482 2879 2551 patiatur,
2902 2483 3236 2550 ignoratione
3262 2500 3438 2538 rerum
3461 2499 3597 2553 pon-

2030 2570 2207 2635 titicis,
2241 2584 2339 2625 nec
2360 2569 2664 2639 episcopus,
2689 2570 2773 2625 vel
2801 2570 2916 2640 ejus
2943 2573 3225 2642 propinqui
3252 2574 3351 2627 sub
3378 2574 3598 2628 obtentu

2030 2659 2281 2714 Ecclesia:
2301 2658 2723 2728 proscribantur,
2753 2667 2807 2714 et
2832 2660 2884 2714 in
2912 2676 3103 2716 causas
3132 2661 3382 2726 incidant,
3414 2663 3505 2730 qui
3535 2662 3599 2717 ad

2031 2768 2153 2808 eum
2182 2751 2471 2822 pertinent,
2520 2766 2772 2821 morsque
2800 2751 2915 2822 ejus
2944 2752 3153 2822 injuriis
3190 2761 3244 2807 et
3270 2754 3422 2808 mala:
3450 2752 3600 2806 fama:

2034 2844 2332 2914 subjaceat.

2036 2953 2185 3019 Quod
2212 2956 2478 3025 episcopus
2508 2955 2970 3009 ecclesiasticarum
3019 2972 3187 3009 rerum
3215 2972 3307 3024 pro
3338 2956 3601 3025 dispensa-

2316 3026 2454 3077 tione
2482 3041 2759 3095 pauperum
2788 3025 2971 3079 habeat
2999 3034 3318 3095 potestatem.

2109 3131 2237 3187 XLI.
2268 3131 2613 3202 Praecipimus
2658 3141 2717 3187 ut
2772 3133 2825 3187 in
2872 3141 3135 3203 potestate
3180 3148 3276 3187 sua
3324 3132 3604 3203 episcopus

362 3210 458 3263 sed
485 3224 585 3263 nec
619 3208 706 3261 ille
735 3215 928 3276 praeter
953 3206 1193 3260 omnium
1240 3204 1624 3259 conscientiam
1653 3204 1812 3258 faciat
1837 3204 1934 3257 ali—
1960 3198 2004 3262 C
2035 3211 2289 3277 Ecclesia;
2324 3236 2411 3275 res
2440 3198 2664 3275 habeat,
2696 3221 2753 3275 Si
2787 3198 2930 3276 eni-m
2968 3222 3155 3276 animm
3180 3198 3454 3276 homin—um
3482 3198 3605 3291 πίω.

363 3299 517 3370 quid,
544 3300 619 3352 sic
648 3298 786 3352 enim
811 3298 1130 3351 unanimitas
1151 3297 1272 3362 erit,
1301 3302 1354 3351 et
1379 3294 1769 3367 glorificabitur
1795 3294 1937 3350 Deus

364 3404 465 3459 per
492 3388 761 3441 Christum
789 3388 842 3440 in
872 3386 1073 3455 Spiritu
1100 3392 1308 3441 sancto.

369 3520 521 3587 Quod
550 3537 653 3575 non
682 3519 835 3573 liceat
862 3520 1153 3589 episcopum
1174 3520 1227 3572 in
1248 3519 1418 3572 aliena
1444 3517 1706 3589 provincia
1724 3518 1938 3572 clericos

1021 3588 1133 3643 ardi
1140 3605 1283 3643 nare.

440 3701 679 3756 XXXVI.
710 3700 1028 3771 Episcopum
1078 3717 1185 3755 non
1232 3700 1429 3754 audere
1474 3706 1627 3754 extra
1675 3700 1935 3754 terminos

371 3793 622 3864 proprios
650 3792 1015 3845 ordinationes
1058 3789 1239 3845 facere
1277 3790 1330 3843 in
1371 3788 1679 3843 civitatibus
1723 3798 1777 3843 et
1807 3788 1942 3843 villis

368 3899 490 3952 qua:
517 3883 592 3936 illi
619 3883 764 3935 nullo
784 3882 903 3950 jure
930 3882 1185 3949 subjecta:
1213 3889 1339 3936 sunt
1372 3901 1385 3933 :
1427 3880 1472 3934 si
1496 3895 1623 3934 vero
1654 3879 1936 3935 convictus

371 3976 533 4029 fuerit
564 3973 669 4028 hoc
720 3972 911 4027 fecisse
942 3982 1136 4042 praeter
1182 3986 1367 4025 eorum
1416 3970 1803 4025 conscientiam
1850 3969 1941 4039 qui

371 4070 618 4123 civitates
644 4067 784 4135 ipsas
812 4075 865 4121 et
893 4066 1041 4119 villas
1085 4064 1348 4129 detinent,
1379 4069 1434 4117 et
1460 4063 1574 4132 ipse
1619 4062 1941 4133 deponatur,

370 4169 428 4215 ct
454 4161 546 4229 qui
576 4160 643 4213 ab
672 4160 762 4213 illo
800 4168 920 4213 sunt
948 4158 1196 4211 ordinati.

624 4269 702 4324 De
729 4272 981 4326 ordinatis
1010 4272 1285 4341 episcOpis,
1326 4287 1417 4324 uec
1452 4271 1691 4341 receptis.

445 4383 698 4439 XXXVII.
723 4383 778 4438 Si
799 4384 917 4453 quis
938 4384 1219 4452 episcopus
1251 4398 1357 4437 non
1373 4382 1671 4452 susceperit
1687 4381 1944 4444 officium,

373 4484 429 4528 et
456 4488 637 4527 curam
668 4472 848 4542 populi
890 4472 989 4526 sibi
1019 4472 1362 4526 commissam
1387 4509 1401 4535 ,
1453 4471 1541 4524 hic
1570 4470 1945 4525 communione

373 4566 632 4634 privetur,
662 4562 1010 4632 quoadusque
1051 4562 1354 4618 consentiat
1398 4561 1754 4616 obedientiam
1792 4576 1945 4615 com-
1979 4547 2025 4605 Β

376 4656 645 4721 modans;
676 4655 919 4708 similiter
956 4663 1133 4708 autem
1163 4661 1218 4708 et
1244 4654 1523 4723 presbyter
1559 4659 1614 4707 et
1666 4651 1942 4706 diaconus.

377 4747 434 4803 Si
466 4762 595 4801 vero
624 4746 939 4815 perrexerit,
970 4762 1072 4801 nec
1092 4753 1339 4814 receptus
1367 4744 1557 4810 fuerit,
1588 4760 1694 4797 non
1708 4760 1822 4816 .pro
1851 4758 1947 4798 sua

376 4838 663 4902 sententia,
691 4836 784 4891 sed
811 4851 910 4906 pro
939 4836 1143 4891 malitia
1172 4837 1357 4907 populi
1382 4854 1393 4888 :
1440 4838 1553 4905 ipse
1581 4836 1794 4905 quidem
1830 4851 1946 4889 ma-

378 4938 506 4981 neat
533 4927 855 4996 episcopus;
902 4926 1085 4981 clerici
1120 4940 1250 4980 vero
1302 4926 1533 4979 civitatis
1571 4924 1949 4979 communione

378 5022 678 5092 priventur,
698 5036 763 5076 eo
783 5022 926 5090 quod
946 5020 1243 5075 eruditores
1267 5018 1621 5074 inobedientis
1639 5017 1819 5088 populi
1842 5032 1950 5071 non

380 5113 616 5169 fuerunt.

650 5223 717 5278 Ut
738 5224 812 5277 bis
839 5225 891 5277 in
920 5239 1060 5277 anno
1085 5223 1304 5277 concilia
1333 5221 1669 5275 celebrentur.

453 5333 726 5390 XXXVIII.
758 5335 847 5390 Bis
875 5335 927 5389 in
958 5350 1100 5389 anno
1138 5335 1514 5405 episcoporum
1544 5332 1767 5388 concilia
1806 5332 1952 5387 cele-

382 5427 639 5490 brentur;
666 5434 723 5478 ut
751 5424 889 5478 inter
913 5440 970 5478 se
1000 5424 1222 5480 invicem
1247 5426 1497 5494 dogmata
1530 5422 1746 5491 pietatis
1771 5421 1958 5491 explo-

378 5525 524 5581 rent,
556 5524 609 5568 et
638 5524 969 5582 emergentes
997 5516 1381 5577 ecclesiasticas
1402 5514 1774 5572 contentiones
1803 5528 1955 5567 amo-

383 5612 547 5659 veant
572 5620 585 5654 :
608 5604 771 5657 semel
800 5602 1009 5671 quidem
1041 5617 1217 5673 quarta
1238 5609 1545 5683 septimana
1574 5600 1954 5666 Pentecostes;

380 5692 622 5748 secundo
640 5708 766 5747 vero
788 5692 855 5744 12
872 5692 956 5783 die
982 5701 1166 5783 mensis
1186 5693 1619 5783 "yperheretaei,
1641 5692 1691 5750 id
1713 5690 1956 5763 estjuxta

384 5783 662 5840 Romanos
683 5790 874 5854 quarto
906 5781 1014 5835 idus
1040 5781 1287 5874 Οοιοδηέ,

2038 3314 2189 3367 ιίοεω
2218 3311 2293 3365 illi
2322 3319 2446 3366 sunt
2466 3310 2699 3379 creditae,
2738 3311 2906 3366 multo
2933 3312 3101 3381 magis
3128 3319 3341 3380 oportet
3367 3327 3489 3365 eum
3516 3327 3605 3365 cu-

2038 3419 2153 3458 ram
2184 3403 2529 3472 pecuniarum
2558 3416 2764 3471 gerere,
2805 3404 2878 3457 ita
2919 3412 2976 3458 ut
3012 3413 3277 3475 potestate
3316 3405 3430 3471 ejus
3469 3404 3607 3457 indi-

2038 3492 2285 3561 gentibus
2328 3491 2508 3546 omnia
2571 3490 2945 3560 dispensentur
3002 3507 3099 3560 per
3151 3492 3493 3561 presbyteros
3556 3501 3607 3548 et

2039 3586 2318 3649 diaconos,
2345 3591 2400 3638 et
2429 3598 2547 3638 cum
2576 3586 2786 3647 timore,
2810 3584 3061 3651 omnique
3079 3581 3432 3638 sollicitudine
3454 3584 3607 3637 mini-

2038 3683 2293 3729 strentur.
2312 3673 2390 3727 Ex
2418 3674 2500 3727 his
2517 3681 2695 3727 autem
2718 3689 2836 3743 quae
2866 3674 3065 3742 indiget
3085 3675 3149 3744 (si
3179 3683 3355 3728 tamen
3387 3675 3608 3747 indiget)

2041 3764 2107 3818 ad
2122 3778 2245 3818 suas
2260 3763 2624 3827 necessitates,
2644 3771 2699 3816 et
2722 3763 2788 3815 ad
2817 3763 3218 3831 peregrinorum
3248 3763 3468 3817 fratrum
3488 3778 3609 3818 usus

2042 3854 2157 3924 ipse
2181 3852 2460 3929 percipiat,
2486 3861 2545 3906 ut
2568 3852 2696 3906 nihil
2722 3853 2799 3907 eis
2824 3853 2993 3921 possit
3020 3854 3239 3906 omnino
3267 3854 3472 3907 deesse.
3502 3852 3609 3908 Lex

2044 3944 2185 3998 enim
2205 3942 2301 3997 Dei
2338 3943 2599 4012 praecipit,
2625 3951 2682 3997 ut
2710 3945 2800 4011 qui
2830 3942 2984 3995 altari
3010 3941 3334 4005 deserviunt,
3356 3942 3422 3995 de
3456 3942 3610 3995 altari

2044 4041 2352 4103 pascantur,
2407 4033 2529 4101 quia
2560 4048 2661 4088 nec
2686 4034 2837 4088 miles
2864 4031 3141 4103 stipendiis
3174 4032 3400 4102 propriis
3425 4039 3611 4085 contra

2047 4123 2229 4177 hostes
2257 4136 2404 4175 arma
2432 4123 2664 4177 sustulit.
3405 4130 3413 4137 '

2049 4228 2199 4292 Quod
2244 4236 2533 4301 episcopus,
2577 4235 2856 4301 presbyter,
2912 4239 2961 4284 et
2996 4232 3266 4296 diaconus,
3325 4234 3523 4286 aleator
3566 4243 3613 4286 et

2465 4299 2691 4353 ebriosus
2721 4299 2830 4354 esse
2859 4317 2959 4354 non
2991 4303 3188 4353 debeat.

2122 4409 2278 4463 XLII.
2334 4409 2652 4480 Episc0pus,
2700 4419 2793 4464 aut
2846 4410 3162 4480 presbyter,
3217 4419 3307 4463 aut
3360 4410 3615 4466 diaconus

2051 4500 2183 4553 aleae
2230 4507 2389 4567 atque
2436 4499 2681 4553 ebrietati
2728 4499 3062 4565 deserviens,
3119 4507 3210 4552 aut
3247 4498 3482 4563 desinat,
3524 4508 3617 4555 aut

2051 4601 2197 4648 certe
2225 4592 2529 4646 damnetur.

2056 4700 2307 4755 Similiter
2334 4699 2508 4753 clerici
2529 4708 2577 4752 et
2607 4700 2743 4779 laici,
2765 4700 2812 4752 si
2834 4700 3207 4779 permanserint
3233 4700 3287 4755 in
3317 4700 3453 4766 alea,
3475 4717 3617 4757 com-

2558 4771 2796 4822 munione
2822 4771 3098 4837 priventur.

2124 4877 2301 4933 XLIII.
2335 4877 2724 4947 Subdiaconus,
2750 4888 2840 4933 aut
2867 4880 3052 4943 lector,
3085 4890 3174 4936 aut
3196 4892 3400 4949 cantor,
3427 4886 3619 4941 similia

2056 4967 2275 5035 faciens,
2299 4978 2388 5023 aut
2413 4968 2641 5039 desinat,
2664 4979 2756 5025 aut
2774 4977 3149 5029 communione
3178 4976 3440 5045 privetur;
3471 4982 3618 5035 simi—

2052 5061 2175 5114 liter
2202 5060 2361 5115 etiam
2390 5060 2533 5115 laici.

2008 5154 2009 5159 γ
2056 5168 2206 5235 Quod
2232 5172 2517 5243 episcopus,
2548 5173 2829 5243 presbyter,
2872 5185 2960 5228 aut
2999 5177 3246 5232 diaconus
3276 5195 3378 5233 non
3408 5180 3624 5233 debeant

2609 5260 2793 5297 usuras
2824 5248 3069 5309 accipere.

2125 5330 2307 5387 XLIV.
2338 5329 2655 5401 Episcopus,
2679 5342 2772 5387 aut
2800 5336 3094 5406 presbyter,
3122 5346 3211 5391 aut
3231 5337 3483 5391 diaconus
3506 5353 3624 5391 usu-

2057 5438 2144 5477 ras
2186 5438 2217 5476 a
2244 5422 2574 5497 debitoribus
2620 5426 2859 5494 exigens,
2898 5436 3000 5481 'aut
3047 5429 3291 5493 desinat,
3340 5436 3431 5482 aut
3477 5435 3624 5483 certe

2057 5514 2359 5569 damnetur.

2060 5622 2209 5689 Quod
2251 5639 2351 5677 non
2386 5624 2565 5677 debeat
2604 5626 2887 5694 episcopus,
2936 5625 3213 5694 presbyter,
3256 5637 3345 5681 aut
3379 5627 3625 5687 diaconus

2542 5708 2655 5744 cum
2686 5694 2932 5745 haereticis
2963 5708 3132 5745 orare.

2132 5777 2288 5836 XLV.
2321 5777 2635 5850 Episcopus,
2683 5779 2957 5851 presbyter
2983 5789 3037 5835 et
3066 5781 3339 5856 diaconus,
3390 5787 3477 5856 qui
3510 5801 3628 5844 cum
