3988 6344
497 408 598 460 M7

1757 403 2108 461 DIONYSIUS
2146 402 2464 459 EXIGUUS.

3635 403 3719 459 ΗΒ

492 519 756 577 haereticis
784 518 1033 586 oraverit,
1064 517 1436 576 tantummodo
1473 519 1850 576 communione
1877 520 2056 589 prive-
2087 529 2133 577 Α
2165 514 2375 569 Laicum
2419 515 2693 582 pellentem
2737 527 2882 566 suam
2929 526 3198 589 conjugt’m
3244 513 3596 566 communione
3622 517 3716 584 pri-

495 617 583 663 tur
609 627 622 662 :
653 610 698 662 si
749 623 878 663 vero
926 617 1178 678 tanquam
1225 610 1448 666 clericos
1492 609 1736 687 hortatus
1773 625 1868 666 eos
1904 609 2063 665 fuerit

496 713 674 770 agere,
705 699 789 754 vel
817 712 996 769 orare,
1021 699 1322 755 damnetur.

2821 583 3060 636 eundum.

2237 670 2458 728 XLVIII.
2492 671 2549 726 Si
2588 673 2709 742 quis
2745 672 2914 726 laicus
2947 685 3169 725 uxorem
3212 672 3484 742 prepriam
3529 672 3718 741 pellens

2164 766 2410 830 alteram,
2439 764 2524 819 vel
2549 763 2615 818 ab
2645 763 2750 818 alio
2793 762 3063 817 dimissam
3093 762 3328 830 duxerit,
3357 764 3719 818 communione

497 867 646 934 Quod
680 885 785 925 non
826 870 1043 926 debeant
1077 868 1430 941 haereticorum
1479 868 1792 941 baptismate
1826 885 2065 938 compro-
2160 859 2419 929 privetur.

1217 939 1347 993 bari.

563 1070 746 1127 XLVI.
774 1071 1117 1143 Episcopum,
1165 1080 1258 1126 aut
1295 1071 1662 1142 presbyterum
1690 1070 2061 1125 haereticorum

494 1164 874 1232 suscipientem
923 1163 1186 1232 baptisma
1223 1162 1462 1217 damnari
1517 1161 1854 1231 praecipimus
1894 1179 1906 1214 :
1943 1175 2061 1230 quae

493 1253 636 1308 enim
654 1253 936 1308 conventio
953 1252 1148 1308 Christi
1177 1251 1244 1306 ad
1272 1252 1476 1308 Belial?
1504 1260 1596 1306 aut
1623 1265 1741 1322 quae
1768 1262 1892 1322 pars
1920 1250 2060 1307 ﬁdeli

492 1359 615 1400 cum
646 1344 698 1398 in
707 1343 888 1399 ﬁdeli?

493 1496 644 1563 Quod
692 1497 939 1552 Ecclesia:
971 1495 1281 1566 baptismate
1317 1496 1608 1566 baptizatus
1661 1494 1827 1566 denuo
1885 1495 2056 1566 bapti-

562 1568 672 1621 zari
701 1584 804 1622 non
843 1564 1049 1634 debeat,
1083 1575 1132 1620 et
1169 1583 1272 1620 non
1306 1567 1382 1621 ita
1419 1565 1704 1635 baptizatus
1743 1564 1922 1618 debeat
1963 1565 2057 1617 ba-

560 1638 771 1707 ptizari.
817 1679 831 1697 ,

559 1767 761 1823 XLVII.
791 1766 1104 1839 Episcopus,
1150 1775 1244 1823 aut
1270 1766 1569 1838 presbyter,
1600 1767 1651 1820 si
1677 1778 1824 1832 eum,
1852 1765 1944 1834 qui
1971 1780 2058 1823 se-

487 1856 720 1910 cundum
745 1859 1026 1912 veritatem
1053 1857 1300 1912 habuerit
1346 1855 1629 1925 baptism,
1675 1854 1852 1910 denuo
1879 1855 2055 1923 bapti-

2315 947 2465 1012 Quod
2492 949 2546 1001 in
2575 949 2778 1002 nomine
2808 947 3079 1000 Trinitatis
3099 943 3280 998 debeat
3305 943 3576 1013 baptizari.

2230 1036 2410 1094 XLIX.
2440 1039 2499 1094 Si
2527 1040 2645 1108 quis
2674 1039 2975 1109 episcopus,
3006 1045 3096 1090 aut
3121 1036 3397 1105 presbyter
3423 1033 3573 1101 juxta
3595 1048 3720 1102 pra:-

2159 1140 2373 1199 ceptum
2402 1129 2612 1184 Domini
2652 1144 2760 1183 non
2790 1127 3138 1195 haptizaverit
3185 1126 3236 1178 in
3292 1124 3508 1177 nomine
3537 1120 3716 1184 Patris,

2160 1229 2214 1276 et
2244 1220 2380 1284 Filii,
2409 1228 2464 1274 et
2490 1218 2721 1288 Spiritus
2749 1216 2936 1280 sancti,
2983 1215 3078 1270 sed
3126 1215 3178 1267 in
3230 1214 3397 1266 tribus
3426 1215 3541 1266 sine
3580 1213 3718 1264 initio

2160 1309 2452 1380 principiis,
2485 1316 2577 1362 aut
2606 1308 2657 1361 in
2689 1306 2854 1360 tribus
2884 1303 3051 1368 Filiis,
3081 1309 3174 1356 aut
3201 1303 3254 1356 in
3287 1301 3451 1355 tribus
3480 1299 3718 1355 Paracle-

2161 1401 2247 1464 tis,
2280 1399 2579 1468 abjiciatur.

2161 1510 2310 1577 Quod
2349 1528 2452 1566 non
2481 1511 2659 1565 debeat
2686 1527 2789 1563 una
2830 1509 3014 1562 mersio
3043 1509 3097 1560 in
3127 1507 3453 1576 baptismate,
3494 1505 3640 1576 quasi
3672 1505 3720 1557 in

2571 1589 2734 1633 morte
2763 1577 2994 1642 Domini,
3029 1578 3312 1648 provenire.

2230 1670 2289 1725 L.
2322 1670 2378 1725 Si
2426 1670 2544 1740 quis
2587 1669 2901 1739 episcopus,
2948 1675 3039 1720 aut
3082 1666 3360 1735 presbyter
3407 1679 3512 1718 non
3539 1664 3720 1717 trinam

2159 1746 2668 1815 mersionem'unius
2691 1758 2926 1830 mysterii
2951 1757 3201 1821 celebret,
3226 1756 3318 1809 sed
3341 1754 3505 1808 semel
3527 1763 3720 1824 mergat

2161 1853 2215 1906 in
2244 1853 2585 1922 baptismate,
2624 1849 2767 1921 quod
2808 1849 2924 1904 dari
2964 1849 3172 1904 videtur
3201 1849 3251 1901 in
3284 1848 3491 1903 Domini
3536 1856 3719 1911 morte,

484 1947 708 2011 caverit,
748 1955 844 2001 aut
893 1947 1154 2017 pollutum
1199 1946 1267 2001 ab
1316 1921 1491 2015 impiis
1531 1956 1640 2000 non
1685 1921 2052 2013 baptizaverit,
2091 1921 2136 1980 Β
2165 1921 2482 2012 deponatur.
2515 1941 2632 1995 Non
2660 1941 2802 1995 enim
2831 1935 2966 1994 dixit
2994 1939 3145 1993 nobis
3175 1937 3448 2002 Dominus,
3472 1936 3529 1990 In
3561 1947 3720 1994 morte

487 2035 806 2104 deponatur,
833 2043 1086 2105 tanquam
1112 2035 1362 2090 deridens
1391 2048 1601 2090 crucem
1623 2042 1684 2090 et
1710 2043 1936 2089 mortem
1958 2034 2059 2089 Do-
2163 2045 2282 2087 mea
2310 2032 2600 2101 baptizatc,
2627 2031 2746 2098 sed,
2775 2029 2976 2084 limites
2997 2028 3185 2082 docete
3213 2042 3397 2080 omnes
3417 2035 3621 2095 gentes,
3647 2025 3720 2078 ba-

486 2127 634 2192 mini,
658 2143 757 2183 nec
781 2127 1092 2184 sacerdotes
1119 2143 1149 2181 a
1176 2125 1325 2182 falsis
1345 2125 1848 2194 sacerdotibust
1864 2124 2064 2184 discer-
2159 2121 2426 2194 ptizantes
2455 2135 2550 2177 eos
2575 2121 2632 2175 in
2660 2120 2878 2176 nomine
2911 2116 3105 2183 Patris,
3150 2127 3205 2171 et
3234 2116 3374 2184 Filii,
3419 2126 3476 2171 et
3504 2115 3725 2185 Spiritus

485 2232 638 2272 nens.
2155 2213 2355 2268 sancti.

479 2331 3720 2368 ΜΨ·-

1465 2441 1827 2505 CANONES
1867 2438 2160 2503 NIC/ENI
2206 2436 2552 2500 CONCILII
2605 2435 2754 2497 XX.

691 2651 771 2707 De
799 2652 1062 2718 eunuchis,
1091 2659 1140 2705 et
1165 2666 1250 2720 qui
1277 2664 1472 2719 setpsos
1499 2647 1848 2702 absciderunt.

553 2740 595 2795 I.
627 2741 682 2796 Si
725 2742 844 2811 quis
873 2756 903 2795 a
933 2740 1151 2796 medicis
1177 2754 1276 2809 per
1301 2738 1614 2807 languorem
1660 2737 1905 2793 desectus
1950 2744 2052 2800 est,

483 2840 574 2888 aut
602 2848 632 2887 a
660 2833 900 2888 barbaris
925 2832 1184 2899 abscisus,
1235 2831 1322 2886 hic
1368 2831 1423 2885 in
1451 2830 1597 2885 clero
1621 2834 1966 2899 permaneat.
1996 2824 2052 2880 Si

483 2922 603 2990 quis
631 2930 810 2976 autem
844 2937 903 2978 se
929 2937 1088 2976 sanus
1111 2920 1353 2987 abscidit,
1384 2921 1547 2987 hunc,
1577 2927 1632 2974 et
1660 2919 1715 2973 in
1759 2917 1902 2972 clero
1926 2931 2054 2971 con-

483 3013 728 3068 stitutum
756 3013 1011 3068 abstineri
1040 3011 1346 3080 conveniet,
1375 3019 1431 3067 et
1457 3011 1708 3080 deinceps
1735 3010 1939 3064 nullum
1961 3006 2053 3061 de-

481 3100 609 3157 bere
631 3103 813 3157 talium
840 3103 1166 3172 promoveri.
1195 3102 1346 3157 Sicut
1367 3110 1547 3157 autem
1570 3103 1673 3158 hoc
1693 3101 1880 3166 claret,
1905 3097 2049 3167 quod

477 3193 546 3248 de
572 3194 654 3248 his
681 3194 773 3262 qui
801 3194 938 3248 hanc
964 3209 1079 3249 rem
1130 3192 1400 3258 allectant,
1448 3193 1534 3247 vel
1560 3191 1779 3257 audent,
1827 3206 1930 3260 qua
1960 3204 2050 3244 se-

2161 2643 2236 2699 De
2263 2643 2342 2696 his
2371 2644 2455 2712 qui
2483 2643 2552 2696 ad
2579 2651 2926 2712 eptscopatum
2969 2643 3024 2696 in
3065 2639 3336 2710 provinciis
3365 2638 3720 2707 prove/runtur.

2228 2730 2314 2784 IV.
2347 2730 2666 2800 Episcopum
2697 2730 2950 2787 convenit
2975 2729 3204 2782 maxime
3225 2726 3439 2794 quidem
3469 2728 3535 2780 ab
3563 2727 3722 2780 omni-

2155 2821 2255 2876 bus
2284 2821 2373 2889 qui
2396 2829 2520 2875 sunt
2549 2822 2602 2876 in
2625 2820 2896 2890 provincia
2919 2818 3185 2888 episcopis
3200 2814 3525 2871 ordinari.Si
3546 2831 3720 2871 autem

2157 2911 2258 2966 hoc
2285 2909 2497 2966 diﬂicile
2524 2911 2703 2976 fuerit,
2733 2918 2826 2965 aut
2867 2916 3087 2981 propter
3115 2910 3401 2962 inStantem
3437 2907 3722 2961 necessita-

2157 3008 2283 3063 tem,
2315 3009 2405 3054 aut
2435 3008 2653 3070 pr0pter
2675 2999 2878 3054 itineris
2906 2996 3309 3065 longitudinem,
3354 2995 3523 3048 tribus
3544 3003 3722 3049 tamen

2156 3090 2476 3145 omnimodis
2499 3090 2555 3144 in
2576 3089 2804 3159 idipsum
2847 3086 3307 3150 convenientibus,
3339 3093 3392 3138 et
3416 3085 3724 3139 absentibus

2155 3193 2371 3249 quoque
2399 3181 2513 3248 pari
2536 3177 2698 3234 modo
2724 3177 3149 3241 decernentibus,
3175 3183 3228 3228 et
3260 3190 3358 3244 per
3378 3174 3575 3242 scripta
3602 3188 3724 3227 con-

479 3261 737 3353 metipsons
759 3284 1036 3339 abscidere
1062 3283 1262 3339 dictum
1283 3285 1354 3338 sit,
1377 3302 1389 3337 ;
1415 3283 1496 3339 sic
1516 3297 1632 3350 eos,
1658 3296 1793 3350 quos
1813 3289 1905 3335 aut,
1925 3281 2048 3334 bar.
2077 3293 2121 3354 C
2155 3267 2510 3323 sentientibus
2535 3309 2550 3334 ,
2602 3275 2730 3322 tunc
2778 3266 3043 3321 ordinatio
3108 3263 3424 3318 celebretur.
3476 3261 3534 3315 FI
3546 3261 3724 3318 raritas

477 3373 616 3440 bari,
663 3383 757 3428 aut
799 3373 1001 3428 domini
1048 3381 1448 3442 castraverunt;
1497 3372 1841 3427 inveniuntur
1868 3379 2046 3426 autem

477 3464 609 3520 alias
636 3463 951 3533 dignissimi,
978 3464 1112 3519 tales
1141 3464 1208 3519 ad
1235 3463 1438 3520 clerum
1463 3463 1683 3533 suscipit
1703 3461 1902 3532 regula.

475 3577 553 3632 De
572 3578 674 3646 In's,
693 3578 784 3649 qui
809 3593 878 3632 ea:
899 3576 1193 3649 gentilibus,
1225 3586 1339 3647 post
1367 3577 1646 3647 baptisma,
1673 3575 1746 3628 ad
1770 3575 2044 3629 clericatus

941 3648 1174 3701 ordinem
1203 3656 1583 3718 promoventur.

542 3735 606 3790 Il.
639 3734 903 3801 Quoniam
929 3735 1106 3806 plura,
1127 3744 1220 3791 aut
1244 3751 1342 3806 per
1366 3735 1762 3803 necessitatem,
1793 3744 1886 3790 aut
1911 3735 2044 3792 alias

470 3825 785 3893 cogentibus
812 3825 1144 3892 hominibus,
1177 3825 1432 3880 adversus
1460 3826 1876 3881 ecclesiasticam
1902 3823 2041 3879 facta

467 3922 592 3968 sum
614 3913 872 3982 regulam,
900 3921 960 3969 ut
983 3915 1227 3970 homines
1255 3931 1323 3970 ex
1349 3917 1534 3985 gentili
1553 3917 1662 3971 vita
1693 3931 1865 3985 nuper
1889 3929 2043 3970 acce-

470 4002 658 4058 dentes
685 4002 752 4056 ad
778 4002 955 4067 ﬁdem,
1003 4011 1061 4058 et
1100 4004 1388 4061 instructos
1405 4005 1564 4062 .brevi
1604 4013 1865 4074 tempore,
1915 4019 2040 4060 mox

469 4093 538 4148 ad
577 4093 845 4146 lavacrum
872 4093 1113 4160 spiritale
1140 4093 1517 4162 perducerent,
1565 4094 1830 4163 simulque
1854 4101 1914 4148 ut
1941 4093 2038 4148 ba-

467 4180 655 4249 ptizati
683 4187 827 4243 sunt,
853 4181 1013 4234 etiam
1042 4180 1111 4236 ad
1132 4182 1516 4252 episcopatum,
1557 4183 1641 4237 vel
1671 4184 1737 4237 ad
1759 4183 2038 4254 presbyte-

465 4270 603 4325 rium
631 4277 1012 4338 promoverent
1037 4289 1049 4324 :
1074 4260 1283 4341 loptime
1311 4271 1529 4343 placuit,
1562 4272 1690 4327 nihil
1721 4273 1826 4328 tale
1855 4273 1924 4328 de
1952 4287 2038 4328 re-

464 4361 608 4427 liquo
632 4357 766 4414 ﬁeri.
795 4358 929 4414 Nam
957 4368 1013 4416 et
1039 4368 1282 4431 tempore
1311 4378 1445 4431 opus
1473 4371 1556 4417 est
1583 4363 1632 4418 ei
1679 4362 1770 4430 qui
1799 4361 2037 4418 catecbi-

462 4453 638 4516 aatur,
687 4455 743 4503 et
783 4457 905 4518 post
948 4449 1214 4520 baptisma
1255 4451 1576 4520 probatione
1620 4452 2032 4522 quamplurima.

459 4535 739 4593 Manifesta
769 4546 851 4593 est
890 4540 1031 4594 enim
1060 4540 1356 4610 apostolica
1383 4540 1659 4610 Scriptura
1677 4580 1692 4606 ,
1725 4557 1843 4611 quae
1871 4541 2030 4596 dicit:

2151 3367 2329 3413 autem
2359 3375 2544 3414 eorum
2574 3373 2690 3428 quae
2720 3365 2974 3426 geruntur
3000 3370 3095 3425 per
3136 3367 3566 3422 unamquamque
3593 3367 3721 3422 pro-

2150 3448 2400 3512 vinciam,
2432 3448 2842 3517 metropolitano
2866 3445 3126 3500 tribuatur
3150 3445 3421 3513 episcopo.

2650 3555 2730 3610 De
2758 3555 3229 3611 “conmunicatis.

2219 3647 2284 3703 γ.
2317 3648 2391 3704 De
2411 3648 2494 3704 bis
2519 3648 2609 3718 qui
2641 3648 3016 3703 communione
3035 3646 3330 3716 privantur,
3347 3657 3442 3698 seu
3463 3657 3526 3696 ex
3547 3641 3718 3706 clero,

2145 3753 2244 3797 seu
2269 3753 2335 3794 ex
2360 3738 2495 3793 laico
2524 3737 2733 3804 ordine,
2763 3737 2830 3791 ab
2857 3735 3123 3805 episcopis
3162 3749 3261 3803 per
3289 3745 3723 3800 unamquamque

2143 3830 2499 3900 provinciam,
2544 3828 2811 3884 sententia
2862 3827 3120 3895 regularis
3147 3825 3420 3880 obtineat:
3451 3830 3508 3876 ut
3537 3822 3589 3876 hi
3619 3822 3718 3891 qui

2140 3915 2466 3986 abjiciuntur
2491 3916 2558 3970 ab
2597 3915 2733 3979 aliis,
2765 3916 2831 3968 ab
2860 3914 2976 3968 aliis
3003 3928 3110 3968 non
3140 3913 3482 3981 recipiantur.
3512 3909 3720 3977 Requi-

2142 4011 2292 4058 ratur
2312 4012 2510 4071 autem,
2541 4019 2609 4059 ne
2638 4003 3091 4073 pusillanimitate,
3123 4009 3216 4055 aut
3243 3999 3603 4061 contentione,
3629 3997 3721 4050 vel

2141 4095 2249 4151 alio
2275 4095 2514 4165 quolibet
2549 4094 2786 4164 episcopi
2823 4093 2954 4148 vitio
2981 4092 3225 4146 videatur
3247 4106 3278 4144 a
3300 4088 3724 4157 congregatione

2138 4186 2396 4239 seclusus.
2423 4182 2493 4238 Ut
2518 4184 2622 4239 hoc
2643 4197 2770 4252 ergo
2791 4181 3068 4237 decentius
3094 4180 3408 4248 inquiratur,
3434 4179 3568 4232 bene
3591 4176 3722 4245 pla-

2138 4274 2269 4340 cuit,
2301 4275 2454 4328 annis
2480 4273 2722 4342 singulis,
2768 4289 2863 4342 per
2902 4285 3331 4340 unamquamque
3377 4269 3721 4338 provinciam

2137 4363 2220 4419 bis
2248 4364 2302 4418 in
2331 4378 2470 4418 anno
2514 4363 2744 4418 concilia
2785 4361 3083 4417 celebrari:
3125 4367 3182 4414 ut
3208 4358 3560 4414 communiter
3588 4373 3722 4412 om-

2139 4456 2293 4511 nibus
2321 4455 2477 4510 simul
2503 4454 2766 4525 episcopis
2796 4453 3084 4524 provincia:
3122 4451 3478 4519 congregatis,
3529 4449 3723 4504 discu-

2137 4546 2339 4602 tiantur
2383 4545 2685 4616 huiusmodi
2712 4544 3056 4614 quaestiones.
3097 4541 3164 4595 Et
3189 4543 3288 4610 sic,
3333 4542 3422 4612 qui
3450 4557 3546 4596 suo
3577 4556 3719 4610 pec-

459 4625 576 4683 Non
605 4629 956 4700 necphytum,
986 4645 1055 4687 ne
1079 4631 1134 4686 in
1166 4632 1470 4700 superbiam
1497 4633 1671 4688 elatus
1693 4633 1746 4687 in
1770 4632 2026 4702 judicium
2055 4640 2110 4702 Ῑ)
2136 4643 2391 4691 caverunt
2410 4635 2687 4690 evidenter
2706 4633 2978 4703 episc0po,
3005 4630 3451 4686 excommunicati
3475 4630 3722 4684 rationa-

458 4717 675 4784 iucidat,
699 4727 755 4774 et
773 4720 1021 4790 laqueum
1038 4721 1255 4777 diaboli.
1271 4722 1328 4777 Si
1347 4737 1476 4777 vero
1492 4736 1749 4792 processu
1770 4724 2029 4794 temporis

457 4805 675 4873 aliquod
704 4805 956 4862 delictum
1004 4809 1190 4863 animae
1220 4811 1361 4865 circa
1404 4824 1693 4880 personam
1729 4812 2032 4880 reperiatur

457 4893 786 4964 bujusmodi,
819 4904 873 4950 et
911 4910 943 4950 a
965 4896 1170 4953 duobus
1196 4898 1283 4953 vel
1311 4900 1478 4956 tribus
1503 4901 1729 4955 testibus
1755 4911 2029 4970 arguatur,

457 5001 487 5041 a
516 4988 660 5043 clero
689 4989 810 5044 talis
838 4990 1118 5046 abstineat.
1151 4990 1208 5046 Si
1229 4992 1347 5060 quis
1379 5002 1556 5048 autem
1586 5000 1779 5064 prmter
1804 4993 1919 5048 haec
1946 4991 2026 5049 fe-

455 5080 607 5143 ccrit,
649 5081 798 5147 quasi
836 5089 1024 5136 contra
1063 5095 1310 5151 maguum
1349 5085 1631 5140 concilium
1658 5101 1721 5142 se
1756 5086 1983 5143 ederens
2007 5125 2023 5154 ,

456 5171 572 5242 ipse
593 5170 661 5224 de
682 5170 963 5226 clericatus
987 5173 1200 5228 honore
1223 5174 1632 5243 periclitabitur.

817 5281 899 5336 De
923 5282 1322 5338 subintroductis
1351 5283 1669 5340 mulieribus.

527 5372 612 5426 ill.
638 5370 917 5427 lnterdixit
942 5387 1040 5441 per
1067 5373 1245 5427 omnia
1271 5384 1461 5441 magna
1490 5371 1746 5443 synodus,
1780 5385 1889 5428 non
1910 5372 2025 5443 epi-

453 5476 637 5532 δρορο,
667 5477 778 5517 non
806 5462 1142 5533 presbytero,
1173 5477 1283 5516 non
1311 5463 1557 5527 diacono,
1590 5477 1691 5518 nec
1718 5463 1874 5518 alicui
1900 5478 2020 5519 om-

452 5554 600 5616 ηὲιιυ,
625 5552 714 5620 qui
737 5553 790 5606 in
816 5552 961 5606 clero
984 5559 1083 5617 est,
1118 5551 1279 5606 licere
1316 5552 1777 5608 subintroductam
1821 5554 2021 5609 habere

454 5645 731 5698 mulierem
757 5658 771 5696 ς
801 5643 902 5698 nisi
925 5641 1064 5697 forte
1091 5650 1342 5709 matrem,
1365 5651 1458 5697 aut
1483 5656 1748 5706 sororem,
1771 5651 1862 5696 aut
1889 5643 2020 5697 ami-

455 5742 580 5792 tuin.
609 5734 694 5788 vel
719 5749 809 5790 eas
865 5743 1070 5790 tantum
1100 5748 1354 5807 personas
1382 5747 1500 5807 quae
1529 5733 1859 5804 suspiciones
1886 5733 2019 5790 ellu-

449 5827 619 5895 stunt.

2135 4724 2314 4780 biliter
2350 4724 2417 4779 ab
2464 4724 2711 4780 omnibus
2747 4723 3075 4776 aestimentur
3117 4738 3130 4773 :
3175 4735 3473 4789 usquequo,
3522 4720 3612 4773 vel
3653 4720 3720 4775 in

2133 4813 2426 4879 comniuni,
2465 4813 2552 4868 vel
2588 4812 2760 4866 eidem
2797 4811 3049 4880 episc0po
3088 4810 3296 4880 placeat
3334 4809 3722 4864 humaniorem

2129 4918 2230 4974 pro
2259 4903 2454 4958 talibus
2483 4903 2621 4957 ferre
2649 4902 2986 4957 sententiam.
3021 4899 3261 4955 Concilia
3281 4913 3410 4953 vero
3429 4899 3686 4952 celebren
3709 4932 3723 4936 —

2130 5000 2235 5059 tur,
2267 5007 2430 5046 unum
2457 4991 2672 5060 quidem
2713 4999 2838 5045 ante
2867 4989 3334 5057 Quadragesimam
3365 4987 3578 5042 Pascha:
3604 5006 3616 5039 :
3647 5001 3724 5043 ut

2129 5082 2276 5137 omni
2297 5081 2627 5137 dissensione
2647 5082 2854 5136 sublata
2884 5096 3076 5134 munus
3105 5079 3359 5135 offeratur
3387 5079 3496 5134 Deo
3525 5081 3732 5149 puris-

2131 5172 2324 5228 simum
2349 5190 2363 5226 :
2395 5173 2684 5229 secundum
2710 5187 2860 5237 vero,
2884 5171 3028 5226 circa
3055 5179 3263 5238 tempus
3291 5171 3548 5225 autumni.

2132 5282 2211 5340 De
2251 5285 2528 5356 privilegiis
2570 5299 2683 5355 qua!
2714 5283 3014 5354 quibusdam
3051 5283 3337 5337 civitatibus
3385 5293 3709 5350 competunt.

2201 5374 2288 5429 Vl.
2328 5374 2557 5441 Antiqua
2603 5371 2931 5428 consuetudo
2972 5381 3218 5426 servetur
3261 5387 3358 5441 per
3386 5371 3710 5443 Egyptum,

2124 5464 2368 5535 Libyam,
2392 5471 2445 5517 et
2461 5461 2814 5532 Pentapolim,
2831 5462 2903 5515 ita
2925 5468 2982 5515 ut
3001 5461 3393 5516 Alexandrinus
3413 5464 3716 5532 episcopus

2123 5556 2313 5610 horum
2359 5554 2596 5609 omnium
2647 5555 2846 5609 habeat
2884 5562 3225 5623 potestatem.
3273 5554 3409 5620 Quia
3457 5566 3512 5610 et
3549 5557 3714 5613 urbis

2124 5644 2306 5700 Roma:
2334 5645 2587 5714 episcopo
2615 5644 2800 5714 parilis
2837 5659 2956 5699 mos
2983 5652 3083 5699 est.
3129 5644 3386 5700 Similiter
3423 5656 3595 5700 autem
3644 5657 3713 5702 et

2110 5733 2262 5801 apud
2290 5732 2647 5801 Antiochiam,
2675 5742 3003 5803 ceterasque
3033 5735 3353 5803 provincias,
3388 5735 3496 5789 suis
3522 5737 3711 5804 privi-

2125 5824 2262 5896 legia
2313 5831 2592 5881 serventur
2637 5822 2906 5883 Ecclesiis.
2957 5823 3091 5884 Illud
3144 5834 3323 5884 autem
3371 5828 3709 5899 generaliter
