3988 6344
317 353 424 409 M9

1282 356 1501 416 CODEX
1536 357 1864 419 CANONUM
1903 357 2598 419 ECCLESIASTICORUM.

3473 368 3583 425 15οη

310 472 521 524 clarum
550 474 651 531 est,
693 469 837 536 quod
866 472 912 523 sl
940 468 1060 536 quis
1100 477 1295 539 praeter
1336 471 1657 526 sententiam
1686 479 1890 526 metro-
1918 471 1966 533 Α
1994 470 2096 525 bus
2123 478 2305 525 autem
2334 470 2488 527 annis
2534 468 2651 529 sine
2698 468 2976 537 oblatione
3015 470 3218 545 populo
3244 471 3301 541 in
3330 472 3574 532 oratione

310 555 540 624 polilani
570 555 728 619 fuerit
755 555 928 612 factus
949 559 1255 628 episcopus,
1279 560 1418 615 hunc
1442 573 1633 628 magna
1656 560 1892 632 synodus

309 644 555 703 deﬁnivit
591 647 903 716 episcOpum
942 662 1063 707 esse
1108 664 1217 702 non
1254 658 1526 721 oportere.
1567 648 1661 704 Sin
1710 657 1893 704 autem

310 737 590 792 communi
616 747 934 793 cunctorum
982 738 1201 793 decreto
1243 741 1566 806 rationabili,
1615 751 1671 795 et
1697 757 1891 795 secun-

310 826 440 879 dum
474 828 894 883 ecclesiasticam
940 829 1176 897 regulam
1222 832 1572 899 comprobato
1596 870 1610 895 ,
1664 830 1769 886 duo
1797 837 1892 885 aut

313 924 456 982 tres,
507 925 727 986 propter
764 920 1139 973 contentiones
1176 922 1437 989 proprias,
1478 921 1890 989 contradicunt,

310 1008 558 1063 obtineat
585 1010 851 1063 sententia
880 1010 1251 1078 plurimorum.

477 1118 556 1172 De
574 1121 811 1190 episcopo
837 1120 1027 1195 Elia,
1050 1124 1105 1176 id
1126 1135 1200 1177 est
1224 1124 1719 1196 Hierosolymorum.

391 1232 501 1286 VII.
530 1233 662 1298 Quia
693 1236 1025 1291 consuetudo
1057 1237 1307 1304 obtinuit,
1325 1246 1381 1292 et
1407 1238 1624 1307 antiqua
1653 1239 1893 1309 traditio,

316 1332 377 1376 ut
392 1322 547 1377 Elite
566 1325 850 1394 episcopus
877 1327 1193 1390 honoretur,
1236 1328 1431 1382 habeat
1453 1329 1674 1384 honoris
1698 1345 1891 1386 conse-

312 1414 614 1481 quentiam,
638 1414 782 1468 salva
806 1417 1096 1485 metropoli
1118 1418 1335 1488 propria
1363 1419 1640 1487 dignitate.

470 1522 549 1575 De
574 1524 655 1578 his
678 1526 765 1595 qui
802 1525 1044 1579 dicuntur
1082 1526 1283 1581 cat/tari
1300 1568 1315 1593 ,
1349 1527 1403 1580 id
1431 1536 1507 1582 est
1534 1529 1730 1585 mundi.

385 1633 522 1687 Vlll.
552 1634 627 1688 De
652 1635 732 1688 liis
761 1634 853 1704 qui
894 1651 955 1690 se
1002 1636 1383 1704 cognominant
1424 1637 1702 1701 catharos,
1732 1637 1785 1693 id
1809 1645 1895 1695 est

310 1725 565 1788 mundos,
590 1725 637 1779 si
666 1725 954 1793 aliquando
980 1726 1227 1780 venerint
1254 1726 1321 1780 ad
1348 1725 1638 1782 Ecclesiam
1667 1728 1895 1783 catholi-

1995 561 2411 617 communicent.

1993 672 2073 728 De
2099 676 2177 729 his
2224 677 2309 746 qui
2344 674 2850 745 abrenuntiaverunt,
2899 687 2949 732 et
2982 679 3168 734 iterum
3210 679 3281 733 ad
3325 681 3573 736 sarculum

2580 756 2701 799 sunt
2731 749 2974 817 regressi.
3504 804 3510 809 .

2063 833 2174 891 XII.
2203 836 2519 904 Quicunque
2562 837 2741 891 vocati
2779 852 2875 909 per
2897 837 3148 906 gratiam,
3193 838 3423 909 primum
3448 840 3570 911 qui-

1991 924 2111 979 dem
2142 925 2396 994 impetum
2420 933 2857 987 monstraverunt
2878 925 3210 999 deponentes
3236 928 3436 983 militia
3462 929 3574 983 ein-

1992 1016 2170 1083 gulum
2197 1034 2209 1068 :
2242 1017 2585 1091 postmodum
2613 1032 2747 1073 vero
2772 1017 2837 1072 ad
2859 1018 3137 1089 proprium
3164 1019 3423 1075 vomitum
3444 1029 3572 1075 sunt

1992 1105 2208 1173 relapsi,
2242 1105 2314 1159 ita
2347 1115 2405 1163 ut
2430 1106 2645 1176 quidam
2677 1115 2732 1161 et
2759 1108 3015 1177 pecunias
3044 1109 3361 1175 tribuerent,
3393 1117 3447 1164 et
3469 1108 3568 1164 be-

1991 1192 2196 1245 neliciis
2234 1192 2476 1247 militiam
2514 1202 2859 1264 repeterent,
2927 1194 2985 1249 hi
3028 1195 3217 1251 decem
3254 1197 3409 1253 annis
3447 1204 3571 1269 post

1992 1280 2206 1334 triennii
2245 1290 2453 1352 tempus
2493 1283 2623 1354 (quo
2661 1283 2802 1339 utter
2829 1285 3105 1355 audientes
3142 1286 3321 1357 erunt)
3352 1286 3405 1340 in
3435 1284 3569 1340 allii-

1992 1370 2172 1425 ctione
2200 1381 2566 1439 permaneant.
2612 1372 2718 1428 Sed
2746 1374 2799 1427 in
2829 1375 2912 1429 his
2957 1374 3205 1430 omnibus
3232 1375 3566 1447 propositum

1994 1467 2046 1514 et
2065 1461 2299 1531 speciem
2328 1463 2656 1535 pcenitentim
2685 1465 2938 1520 convenit
2959 1465 3243 1535 explorare
3267 1482 3280 1520 :
3304 1474 3568 1536 quotquot

1992 1550 2133 1604 enim
2160 1560 2327 1617 metu,
2353 1560 2408 1606 et
2443 1552 2712 1624 lacrymis,
2754 1562 2915 1623 atque
2947 1555 3283 1623 pmnitentia,
3308 1555 3394 1610 vel
3415 1556 3569 1610 bonis

1991 1640 2246 1710 operibus
2272 1643 2433 1697 rebus
2462 1642 2593 1712 ipsis
2620 1644 3030 1699 conversionem
3060 1658 3236 1712 suam,
3266 1658 3375 1699 non
3403 1643 3568 1698 simu-

1992 1726 2211 1795 latione,
2236 1730 2606 1791 demonstrant
2629 1750 2643 1785 :
2670 1733 2727 1787 bi
2748 1732 3025 1795 definitum
3048 1740 3258 1805 tempus
3279 1732 3569 1790 auditionis

312 1833 457 1881 cam,
486 1818 690 1886 placuit
718 1825 905 1872 sancto
945 1826 1000 1871 et
1029 1832 1223 1886 magno
1251 1819 1482 1873 concilio
1512 1825 1568 1873 ut
1594 1819 1894 1889 inipositio—
1923 1841 1967 1900 Β
1996 1822 2295 1893 implentes,
2322 1832 2437 1879 tum
2466 1825 2679 1881 demum
2710 1826 2952 1883 fidelibus
2980 1829 3032 1882 in
3059 1830 3307 1885 oratione
3328 1844 3570 1886 commu-

312 1924 440 1962 nem
479 1924 668 1962 manus
705 1909 1069 1978 accipientes,
1112 1909 1191 1962 sic
1243 1909 1298 1961 in
1335 1909 1480 1962 clero
1516 1917 1885 1977 permaneant.

312 1998 441 2053 Haec
484 2007 661 2053 autem
692 2014 802 2067 pra:
832 1998 1079 2053 omnibus
1104 2013 1201 2056 eos
1226 1999 1441 2068 scriptis
1485 2000 1738 2053 convenit
1764 2016 1890 2069 pro-

312 2088 475 2151 ﬁteri,
507 2088 650 2157 quod
678 2088 958 2143 catholica:
1001 2096 1057 2143 et
1103 2087 1412 2157 apostolicae
1458 2085 1711 2147 Ecclesia:
1758 2088 1891 2158 dog-

310 2187 462 2233 mata
490 2178 805 2248 suscipiant,
848 2187 905 2232 et
926 2184 1220 2246 sequantur
1247 2194 1262 2230 :
1295 2177 1349 2232 id
1366 2184 1470 2242 est,
1493 2184 1549 2233 et
1572 2177 1799 2245 bigamis
1826 2193 1887 2237 se

310 2264 733 2335 communicare,
782 2277 837 2324 et
868 2269 951 2323 his
993 2269 1083 2337 qui
1137 2268 1189 2322 in
1232 2268 1607 2337 persecutione
1650 2268 1887 2338 prolapsi

311 2370 461 2427 sunt,
486 2375 612 2429 erga
642 2376 778 2429 quos
805 2370 861 2416 et
885 2361 1057 2431 spatia
1089 2361 1377 2415 constituta
1404 2367 1547 2423 sunt,
1572 2368 1627 2415 et
1650 2369 1890 2431 tempora

312 2450 574 2506 definita:
631 2458 692 2505 ut
735 2452 807 2505 ita
853 2448 1103 2505 Ecclesiae
1142 2448 1421 2504 catholicae
1480 2457 1535 2504 et
1579 2450 1890 2519 apostolicae

309 2540 511 2612 placita
540 2548 831 2611 sequantur
875 2538 927 2592 in
953 2537 1218 2594 omnibus.
1252 2532 1567 2613 Ubicunque
1596 2552 1744 2601 vero,
1777 2538 1891 2593 sive

312 2631 371 2687 in
397 2630 722 2700 municipiis,
753 2645 849 2684 seu
880 2628 931 2683 in
962 2628 1266 2683 civitatibus
1293 2626 1393 2697 ipsi
1421 2627 1521 2681 soli
1550 2629 1749 2697 reperti
1777 2628 1893 2684 fue-

311 2724 423 2777 rint
452 2722 722 2785 ordinati,
751 2721 843 2791 qui
890 2720 1231 2775 inveniuntur
1276 2719 1329 2774 in
1374 2718 1519 2774 clero
1600 2719 1655 2773 in
1699 2720 1892 2775 eodem

312 2812 502 2866 habitu
550 2818 930 2882 perseverent:
963 2810 1053 2864 ubi
1100 2817 1278 2864 autem
1319 2807 1596 2863 catholica:
1638 2806 1891 2864 Ecclesia:

311 2902 591 2973 episcopo,
641 2900 728 2955 vel
757 2899 1071 2970 presbytero
1101 2899 1393 2954 constituto
1416 2897 1633 2972 quidam
1675 2912 1743 2951 ex
1784 2888 1892 2954 illis

310 2992 625 3055 adveniunt,
656 2999 859 3046 certum
888 2997 969 3045 est
1009 2988 1149 3059 quod
1178 2989 1461 3058 episcopus
1514 2986 1765 3045 Ecclesia:
1793 2988 1891 3042 ha-

312 3081 465 3135 bebit
494 3080 736 3151 episcopi
766 3079 1099 3147 dignitatem.
1146 3076 1197 3131 Is
1237 3086 1417 3131 autem
1453 3076 1543 3145 qui
1589 3076 1894 3131 nominatur

313 3170 459 3241 apud
490 3186 588 3225 eos
615 3171 921 3240 episcopus,
948 3169 1209 3225 honorem
1230 3165 1547 3239 presbyterii
1576 3166 1867 3236 possidebit

313 3260 420 3314 nisi
467 3258 606 3313 forte
654 3258 914 3329 placuerit
950 3257 1204 3327 episcopo
1256 3255 1488 3310 nominis
1525 3270 1647 3310 eum
1685 3256 1893 3311 honore

313 3350 547 3406 censeri.
577 3349 634 3403 Si
663 3364 791 3403 vero
820 3349 925 3403 hoc
952 3348 1003 3407 ei
1034 3347 1251 3401 minime
1278 3347 1559 3416 placuerit,
1588 3346 1893 3417 providebit

314 3440 367 3493 ei
398 3447 491 3491 aut
519 3438 1015 3507 chorepiscopatus,
1048 3443 1139 3489 aut
1166 3434 1483 3507 presbyterii
1512 3435 1710 3502 locum,
1741 3442 1799 3488 ut
1836 3434 1890 3488 in

313 3526 461 3582 clero
489 3542 709 3596 prorsus
737 3540 856 3585 esse
884 3525 1154 3591 videatur,
1212 3540 1278 3579 ne
1306 3524 1359 3577 in
1398 3538 1503 3577 una
1541 3524 1757 3579 civitate
1784 3524 1891 3579 duo

315 3618 554 3689 episcopi
584 3618 880 3687 probentur
905 3616 1158 3671 existere.

316 3729 393 3783 De
423 3730 506 3783 his
534 3731 619 3801 qui
646 3729 715 3782 ad
740 3730 985 3784 honorem
1013 3726 1311 3809 presbyterii
1348 3725 1460 3781 sine
1495 3727 1732 3780 examine
1768 3742 1891 3794 pro-

954 3807 1076 3852 vecti
1106 3807 1243 3852 sunt.

384 3907 475 3963 ιι.
509 3908 567 3964 Si
589 3910 679 3978 qui
703 3908 1001 3980 presbyteri
1043 3909 1160 3965 sine
1188 3910 1437 3969 examine
1477 3918 1603 3968 sunt
1626 3907 1887 3978 provecti,

313 3999 420 4065 vel,
459 4014 583 4053 cum
620 3999 1033 4065 discuterentur,
1072 4008 1293 4069 peccata
1330 4014 1426 4055 sua
1474 3997 1704 4055 confessi
1745 4005 1891 4065 sunt,

313 4101 367 4146 et
395 4091 674 4155 homines,
726 4099 912 4144 contra
942 4104 1177 4146 canones
1222 4088 1499 4153 commoti,
1542 4102 1731 4142 manus
1756 4101 1890 4141 con-

309 4180 469 4235 fessis
499 4181 775 4249 imponere
802 4187 1165 4245 tentaverunt,
1190 4180 1323 4235 tales
1348 4180 1530 4247 regula
1558 4194 1667 4232 non
1696 4174 1891 4230 admit-

310 4271 399 4336 tit,
427 4270 549 4340 quia
576 4268 721 4337 quod
746 4268 1215 4338 irreprehensibile
1244 4276 1329 4324 est
1361 4266 1627 4323 catholica
1654 4265 1913 4321 defendit-

310 4357 575 4415 Ecclesia.

311 4471 392 4526 De
420 4473 500 4525 liis
535 4473 621 4542 qui
656 4472 711 4525 in
738 4470 1171 4542 persecutionibus
1206 4478 1540 4541 negaverunt,
1579 4477 1630 4527 et
1656 4478 1888 4540 postmo-

747 4558 833 4594 um
855 4544 908 4595 in
938 4542 1074 4595 clero
1098 4542 1320 4611 promoti
1346 4549 1485 4594 sunt.

382 4655 447 4711 Χ.
481 4656 793 4725 Quicunque
821 4656 888 4711 de
933 4656 1098 4725 lapsis
1125 4654 1192 4709 ad
1222 4653 1461 4709 ordinem
1492 4652 1622 4708 cleri
1652 4648 1886 4721 promoti

308 4758 438 4806 sunt
464 4764 563 4819 per
589 4748 965 4817 ignorantiam,
999 4747 1083 4801 vel
1111 4761 1211 4816 per
1249 4745 1613 4801 ordinantium
1638 4740 1888 4799 dissimu—

309 4842 591 4903 lationem,
644 4840 748 4896 hoc
784 4838 1167 4894 ecclesiasticae
1198 4852 1308 4893 non
1332 4836 1640 4907 pmjudicat
1667 4834 1884 4904 regulae,

308 4933 515 5004 cogniti
543 4946 775 5001 namque
802 4930 1160 5002 deponantur.

726 5042 806 5097 De
831 5034 977 5097 (uicis
1016 5042 1102 5112 qui
1142 5049 1473 5113 negaverunt.

381 5151 474 5209 XI.
504 5153 581 5209 De
627 5153 711 5208 his
754 5152 846 5223 qui
890 5160 1085 5222 praeter
1129 5150 1505 5206 necessitatem
1553 5150 1887 5220 praevaricati

305 5253 458 5310 sunt,
498 5253 591 5299 aut
625 5251 823 5314 praeter
858 5242 1185 5297 ablationem
1214 5238 1543 5305 facultatum,
1575 5246 1670 5293 aut
1692 5246 1888 5309 praeter

305 5335 633 5407 periculum,
671 5334 758 5389 vel
804 5332 1006 5402 aliquid
1036 5330 1360 5400 huiusmodi,
1405 5330 1549 5400 quod
1577 5328 1775 5386 factum
1805 5339 1889 5387 est

305 5425 412 5481 sub
440 5422 720 5495 tyrannide
742 5420 931 5477 Licinii
958 5438 972 5474 :
1006 5421 1205 5490 placuit
1230 5419 1461 5491 synodo,
1506 5422 1751 5490 quamvis
1780 5421 1885 5476 hu—

305 5513 572 5572 mani‘ate
591 5512 887 5583 probentur
907 5510 1129 5581 indigni,
1152 5521 1332 5567 tamen
1360 5512 1438 5567 eis
1454 5510 1891 5567 benevolentiam

308 5604 671 5663 commodari.
710 5603 1024 5673 Quicunque
1052 5619 1178 5675 ergo
1206 5603 1473 5663 veraciter
1499 5602 1889 5671 ptenitudinem

308 5704 531 5769 gerunt,
576 5696 749 5751 tribus
776 5696 929 5751 annis
955 5694 1134 5757 ﬁdeles
1162 5701 1305 5757 inter
1342 5694 1620 5751 audientes
1648 5694 1887 5750 habean-

311 5797 445 5845 ιυτι
475 5796 532 5846 ει
548 5802 646 5845 εει
670 5786 825 5843 annis
848 5788 987 5847 omni
1013 5807 1071 5857 se
1094 5793 1423 5860 contritione
1450 5786 1723 5861 dejiciant,
1753 5785 1890 5848 duo-

1994 1912 2195 1982 nicent,
2224 1915 2566 1985 postmodum
2592 1931 2725 1971 vero
2765 1917 2949 1972 licebit
2984 1919 3241 1989 episcopo
3268 1918 3337 1976 de
3363 1920 3445 1977 his
3473 1920 3570 1975 ali-

1990 2002 2119 2071 quid
2138 2004 2421 2059 humanius
2439 2006 2697 2074 cogitare.
2723 2005 3039 2077 Quicunque
3058 2023 3186 2063 vero
3206 2008 3585 2065 iridiﬂ‘erenterr

1991 2092 2250 2162 tulerunt,
2290 2103 2345 2149 et
2392 2095 2592 2150 aditum
2630 2097 2936 2152 introeundi
2963 2096 3258 2153 Ecclesiam
3294 2099 3395 2161 sibi
3428 2100 3570 2155 arbi-

1990 2180 2116 2233 trati
2139 2189 2265 2235 sunt
2292 2182 2361 2237 ad
2389 2184 2800 2240 conversionem
2827 2201 2987 2257 posse
3004 2185 3275 2254 sufﬁcere,
3303 2188 3360 2242 hi
3382 2188 3572 2244 deflui-

1988 2272 2103 2321 tum
2131 2269 2306 2325 modis
2331 2272 2576 2328 omnibus
2604 2281 2816 2343 tempus
2842 2275 3159 2345 implebunt.

1990 2374 2072 2430 De
2110 2378 2187 2432 his
2230 2379 2317 2449 qui
2346 2383 2753 2437 communionem
2807 2394 3031 2455 tempore
3059 2387 3241 2441 mortis
3268 2395 3569 2458 exposcunt.

2062 2483 2196 2541 XIII.
2237 2489 2313 2546 De
2351 2490 2435 2545 his
2473 2492 2564 2561 qui
2608 2491 2674 2546 ad
2713 2493 2918 2550 exitum
2964 2496 3204 2564 veniunt,
3238 2499 3399 2553 etiam
3428 2514 3571 2571 nunc

1989 2578 2079 2632 lex
2107 2580 2325 2648 antiqua
2365 2582 2733 2652 regularisque
2784 2586 3116 2655 servabitur,
3164 2587 3235 2642 ita
3283 2598 3342 2642 ut
3368 2587 3411 2643 si
3452 2572 3577 2658 quis

1991 2670 2263 2737 egreditur
2289 2684 2320 2725 e
2348 2685 2597 2742 corpore,
2625 2673 2814 2729 ultimo
2843 2683 2899 2729 et
2925 2676 3232 2739 necessario
3260 2677 3457 2732 viatico
3478 2678 3573 2732 mi-

1990 2759 2136 2813 nime
2182 2758 2442 2828 privetur.
2498 2759 2650 2825 Quod
2697 2761 2743 2816 si
2786 2761 3119 2834 desperatus,
3166 2771 3221 2818 et
3249 2774 3571 2820 consecutus

1992 2850 2447 2916 communionem,
2471 2850 2863 2922 oblationisque
2886 2855 3154 2926 particeps
3179 2854 3350 2909 factus
3376 2855 3570 2910 iterum

1991 2940 2345 3005 convaluerit,
2394 2941 2465 2995 sit
2494 2942 2633 2997 inter
2679 2957 2774 2998 eos
2817 2944 2908 3013 qui
2955 2945 3389 3000 communionem
3440 2961 3569 3001 ora-

1994 3028 2154 3084 tionis
2180 3032 2547 3087 tantummodo
2574 3043 2995 3101 consequuntur.
3028 3033 3364 3089 Generaliter
3386 3045 3565 3089 autem

1994 3120 2142 3174 omni
2171 3120 2391 3175 cuilibet
2429 3121 2483 3175 in
2509 3122 2658 3176 exitu
2691 3123 2887 3191 posito,
2921 3130 2977 3177 et
3002 3124 3245 3193 poscenti
3283 3123 3385 3179 sibi
3414 3138 3568 3180 com-

1870 3206 1893 3291 ξ
1919 3192 1959 3254 C
1994 3211 2263 3269 munionis
2284 3212 2511 3280 gratiam
2550 3213 2743 3280 tribui,
2784 3214 3071 3291 episcopus
3110 3214 3459 3287 probabiliter
3500 3229 3571 3270 ex

1993 3300 2269 3359 oblatione
2292 3300 2424 3361 dare
2448 3301 2687 3365 debebit.

2429 3410 2510 3467 De
2535 3414 2912 3473 catechumis
2938 3415 3121 3487 lapsis.

2062 3498 2200 3555 XIV.
2231 3500 2307 3558 De
2334 3502 2759 3572 catechumenis,
2799 3512 2988 3560 sancto
3028 3516 3083 3559 et
3112 3517 3306 3573 magno
3329 3504 3579 3562 concilio.

1993 3591 2214 3661 placuit,
2242 3600 2300 3650 ut
2328 3593 2498 3655 tribus
2520 3594 2678 3653 annis
2720 3595 2830 3649 sint
2855 3595 2996 3650 inter
3023 3594 3299 3651 audientes
3328 3604 3565 3653 tantum-

1991 3683 2177 3751 modo,
2207 3683 2448 3753 posthaac
2474 3691 2654 3741 autem
2682 3698 2804 3740 cum
2827 3684 3227 3741 catechumenis
3251 3694 3426 3745 orent.

2347 3791 2498 3857 Quod
2527 3809 2632 3847 non
2650 3802 2885 3864 aperiret
2912 3794 3210 3867 demigrari.

2062 3882 2177 3938 XV.
2209 3882 2441 3953 PrOpter
2466 3883 2689 3938 multam
2716 3883 3195 3953 perturbationem,
3246 3894 3302 3941 et
3343 3884 3566 3941 seditio-

1992 3988 2108 4042 nes,
2156 3988 2275 4044 quaa
2304 3970 2475 4031 fiunt:
2511 3973 2716 4043 placuit
2751 3972 3193 4033 consuetudinem
3238 3974 3565 4035 omnimodis

1991 4064 2279 4133 amputari,
2309 4078 2448 4132 quae,
2478 4070 2674 4132 praeter
2700 4063 2961 4134 regulam,
3014 4064 3066 4118 in
3093 4063 3410 4132 quibusdam
3438 4079 3567 4134 par-

1990 4156 2134 4211 tibus
2157 4155 2370 4211 videtur
2386 4153 2619 4209 admissa
2643 4171 2657 4206 :
2683 4153 2755 4208 ita
2778 4162 2838 4208 ut
2858 4153 2926 4209 de
2948 4154 3163 4209 civitate
3184 4154 3250 4210 ad
3270 4154 3564 4220 civitatem,

1991 4260 2101 4300 non
2129 4244 2435 4316 episcopus,
2486 4258 2596 4297 non
2631 4243 2929 4317 presbyter,
2964 4259 3071 4301 non
3098 4243 3355 4303 diaconus
3385 4252 3563 4297 trans-

1990 4333 2212 4390 feratur.
2258 4333 2314 4388 Si
2342 4335 2463 4403 quis
2492 4341 2693 4397 autem,
2732 4341 2856 4405 post
2899 4333 3261 4395 definitionem
3309 4334 3484 4388 sancti
3511 4342 3567 4388 et

1990 4426 2169 4496 magni
2196 4425 2430 4492 concilii,
2464 4425 2571 4481 tale
2597 4424 2724 4494 quid
2754 4438 2914 4494 agere
2956 4425 3260 4492 tentaverit,
3290 4432 3346 4478 et
3373 4439 3433 4478 se
3462 4424 3565 4478 hu-

1916 4549 1969 4611 D
1988 4515 2285 4586 juscemodi
2306 4516 2521 4587 negotio
2540 4516 2879 4587 manciparit,
2920 4516 3023 4571 hoc
3047 4514 3245 4570 factum
3275 4530 3491 4585 prorsus
3513 4516 3566 4569 in

1994 4608 2204 4663 irritum
2253 4608 2499 4673 ducatur,
2525 4613 2581 4662 et
2604 4605 2915 4661 restituatur
2942 4605 3193 4661 Ecclesia:
3219 4606 3306 4659 cui
3334 4603 3434 4657 fuit
3461 4606 3569 4674 cpi-

1993 4715 2209 4770 scopus,
2238 4707 2329 4754 aut
2348 4698 2649 4769 presbyter,
2679 4705 2771 4751 aut
2795 4697 3051 4753 diaconus
3078 4696 3374 4751 ordinatus.

1989 4807 2073 4865 De
2095 4808 2178 4863 ‘Itis
2213 4809 2298 4879 qui
2339 4808 2393 4862 in
2421 4805 2685 4872 Ecclesiis,
2723 4806 2779 4879 in
2803 4804 2981 4875 quibus
3005 4805 3227 4876 provecti
3248 4812 3388 4875 sunt,
3417 4805 3570 4859 mini-

2547 4893 2628 4930 me
2649 4875 3013 4947 perdurarunt.

2066 4969 2203 5026 XVI.
2234 4968 2547 5039 Quicunque
2594 4978 2814 5034 temere,
2848 4982 2911 5021 ac
2936 4965 3254 5037 periculose,
3295 4979 3469 5035 neque
3496 4965 3566 5020 ti-

1997 5076 2203 5117 morem
2230 5060 2325 5115 Dei
2354 5074 2464 5131 pra:
2489 5059 2659 5115 oculis
2686 5059 2947 5113 habentes
2967 5096 2982 5121 ,
3024 5070 3124 5110 nec
3151 5055 3569 5110 ecclesiasticam

1992 5152 2229 5223 regulam
2258 5158 2628 5221 agnoscentes,
2676 5148 2956 5204 discedunt
2980 5146 3051 5201 ab
3084 5144 3319 5201 Ecclesia
3346 5145 3570 5216 presby-

1992 5242 2114 5308 teri,
2146 5249 2240 5297 aut
2265 5240 2496 5307 diaconi,
2546 5239 2633 5299 vel
2660 5238 2965 5309 quicunque
3002 5234 3105 5291 sub
3130 5234 3316 5306 regula
3344 5248 3566 5309 prorsus

1994 5332 2252 5399 existunt,
2301 5331 2356 5385 hi
2384 5343 2722 5401 nequaquam
2762 5328 2968 5384 debent
3009 5327 3063 5383 in
3092 5327 3252 5382 aliam
3274 5324 3567 5379 Ecclesiatn

1991 5422 2180 5491 recipi,
2199 5421 2294 5481 sed
2315 5436 2530 5477 omnem
2560 5420 2933 5477 necessitatem
2950 5418 3201 5477 convenit
3220 5416 3322 5481 illis
3341 5414 3570 5483 imponi,

1993 5521 2054 5569 ut
2078 5513 2144 5567 ad
2173 5526 2297 5567 suas
2327 5512 2609 5583 parochias
2634 5520 3005 5575 revertantur;
3044 5507 3195 5581 quod
3222 5507 3266 5561 si
3289 5522 3397 5560 non
3421 5505 3573 5561 fece-

1990 5603 2117 5668 rint,
2142 5610 2359 5673 oportet
2377 5617 2477 5659 eos
2504 5603 2880 5665 communione
2908 5598 3133 5670 privari.
3162 5596 3220 5652 Si
3246 5597 3365 5666 quis
3390 5606 3573 5653 autem

1991 5694 2061 5751 ad
2084 5694 2244 5753 alium
2279 5694 2640 5766 pertinentem
2686 5693 2952 5753 audacter
2982 5687 3257 5755 invadere,
3304 5696 3360 5743 et
3388 5688 3443 5745 in
3472 5704 3569 5744 sua

1993 5784 2234 5851 Ecclesia
2259 5784 2508 5851 ordinm
2554 5783 2854 5849 tentaverit,
2885 5794 2993 5836 non
3037 5779 3414 5843 consentiente
3458 5781 3575 5853 epi-
