3970 6338
469 390 562 446 151

1774 392 2121 450 DIONYSIUS
2156 390 2478 448 EXIGUUS.

3628 394 3741 453 152

464 516 632 573 scopo
675 517 706 557 a
747 512 855 573 quo
903 503 1145 562 discessit
1172 509 1218 563 is
1264 504 1356 572 qui
1404 494 1603 573 regula:
1657 505 2030 577 mancipatur:
2065 510 2110 569 Α
2141 505 2395 576 episcopo
2424 507 2523 573 eis,
2552 512 2645 560 aut
2673 494 2986 577 presbytero
3013 506 3338 577 porrigente.
3370 507 3475 565 Sed
3509 524 3607 567 nec
3634 527 3727 566 se-

464 591 730 647 orJinatio
758 590 1119 659 hujuscemodi
1152 593 1299 647 irrita
1325 595 1726 664 comprobetur.

794 703 869 757 De
890 703 1088 757 clericis
1118 722 1303 759 usuras
1332 706 1717 777 accipientibus.

531 790 687 847 XVII.
716 792 980 859 Quoniam
1009 794 1185 859 multi,
1234 795 1333 852 sub
1364 796 1545 867 regula
1582 798 1879 863 constituti,
1912 813 2038 853 ava-

461 881 638 936 ritiam
680 891 736 937 et
784 882 959 951 turpia
1004 881 1150 939 lucra
1193 892 1489 953 sectantur,
1539 886 1797 956 oblitique
1843 889 2037 944 divinae

461 969 772 1039 Scriptum,
808 970 1038 1027 dicentis
1066 990 1078 1025 :
1111 972 1212 1039 Qui
1250 976 1531 1046 pecuniam
1559 991 1709 1031 suam
1750 994 1859 1032 non
1892 977 2041 1034 dedit

461 1061 528 1116 ad
550 1077 785 1128 usuram,
802 1070 1044 1117 mutuum
1069 1062 1259 1121 dantes
1279 1066 1598 1122 centesimas
1620 1066 1841 1138 exigunt
1866 1068 2039 1137 :juste

464 1153 674 1207 censuit
699 1160 883 1208 sancta
911 1160 968 1208 et
994 1166 1185 1223 magna
1214 1154 1474 1227 synodus,
1496 1165 1555 1210 ut
1573 1156 1619 1211 si
1646 1157 1765 1225 quis
1793 1156 2040 1211 inventus

462 1239 644 1306 fuerit,
674 1250 796 1310 post
819 1241 957 1297 hanc
987 1242 1374 1310 deﬁnitionem,
1409 1260 1598 1301 usuras
1627 1236 1919 1317 accipiens,
1946 1254 2039 1301 aut

460 1345 528 1384 ex
556 1330 933 1387 adinventione
959 1332 1154 1402 aliqua,
1187 1332 1271 1388 vel
1299 1334 1543 1406 quolibet
1570 1336 1731 1392 modo
1760 1337 2035 1406 negotium

461 1421 783 1489 transigens,
824 1431 919 1477 aut
953 1422 1226 1490 hemiolia,
1268 1423 1320 1479 id
1362 1432 1444 1481 est
1479 1427 1745 1497 sescupla,
1787 1426 2035 1495 exigens;

462 1514 547 1570 vel
576 1513 777 1584 aliquid
805 1516 911 1572 tale
944 1532 1163 1587 prorsus
1203 1517 1517 1587 excogitans
1560 1518 1730 1589 turpis
1758 1518 1890 1573 lucri
1917 1532 2038 1588 gra-

460 1605 553 1667 tia,
578 1604 858 1674 dejiciatur
882 1621 913 1661 a
941 1607 1107 1671 clero,
1139 1615 1195 1663 et
1215 1608 1422 1663 alienus
1449 1609 1647 1664 existat
1670 1624 1701 1663 a
1729 1608 1928 1681 regula.

828 1717 909 1773 De
936 1719 1215 1790 privilegiis
1243 1720 1674 1792 presbyterorum.

531 1806 714 1863 XVIII.
748 1808 1001 1864 Pervenit
1043 1809 1112 1864 ad
1148 1818 1396 1865 sanctum
1438 1824 1798 1881 magnumque
1850 1811 2036 1867 conci-

459 1900 611 1966 lium,
638 1901 784 1971 quod
820 1900 874 1953 in
904 1900 1225 1970 quibusdam
1264 1901 1397 1956 locis
1435 1908 1492 1956 et
1534 1900 1857 1968 civitatibus,
1888 1915 2041 1971 pres-
2071 1881 2117 1939 Β

458 1991 665 2063 byteris
690 1991 921 2060 gratiam
959 2006 1129 2046 sacra:
1164 1990 1561 2047 communionis
1605 1990 1818 2047 diaconi
1864 1991 2040 2060 porri-

456 2087 620 2149 gant;
651 2079 797 2150 quod
847 2094 947 2134 nec
972 2079 1182 2149 regula,
1225 2094 1327 2135 nec
1353 2078 1684 2135 consuetudo
1711 2079 1951 2144 tradidit,
1980 2086 2040 2135 ut

456 2172 526 2227 ab
549 2171 634 2228 his
657 2172 749 2242 qui
771 2180 1095 2243 potestatem
1130 2187 1238 2227 non
1277 2172 1479 2227 habent
1532 2170 1792 2227 oﬁ'erendi
1833 2171 1909 2226 illi
1945 2173 2038 2242 qui

458 2262 697 2319 ollerunt
725 2260 923 2318 Christi
966 2277 1163 2332 corpus
1202 2263 1482 2334 accipiant.
1514 2261 1625 2318 Nec
1672 2278 1781 2317 non
1825 2270 1883 2317 et
1908 2261 2037 2318 illud

456 2353 709 2420 innotuit,
741 2354 886 2423 quod
911 2352 1127 2421 quidam
1150 2352 1361 2408 diaconi
1401 2361 1529 2408 ante
1569 2353 1854 2423 episcopos
1881 2367 2034 2407 sacra

458 2444 641 2500 oblata
668 2447 1001 2517 contingant.
1040 2446 1167 2502 Huic
1213 2446 1374 2516 igitur
1412 2446 1593 2502 omnia
1621 2454 1951 2511 resecentur,
1981 2454 2038 2499 et

456 2536 514 2593 in
543 2551 641 2591 sua
666 2536 880 2593 diaconi
932 2551 1183 2593 mensura
1223 2546 1572 2606 permaneant
1597 2554 1611 2590 :
1639 2536 1866 2591 scientes
1891 2534 2036 2605 quod

455 2626 835 2697 episcoporum
862 2626 1079 2695 quidem
1117 2626 1345 2682 ministri
1371 2626 1498 2693 sint,
1539 2625 1820 2682 inferiores
1854 2633 2033 2681 autem

456 2714 785 2785 presbyteris
811 2714 1111 2769 habeantur
1134 2729 1232 2785 per
1257 2714 1520 2771 ordinem.
1560 2713 1703 2784 Ergo
1731 2724 1852 2785 post
1878 2730 2031 2785 pres-

455 2802 675 2874 byteros
702 2804 927 2874 gratiam
973 2818 1141 2860 sacra:
1187 2805 1579 2862 communionis
1607 2807 1897 2876 accipiant,
1942 2813 2035 2860 aut

2143 595 2272 650 dere
2310 596 2365 650 in
2404 595 2581 650 medio
2608 596 3047 666 presbyterorum
3077 595 3322 653 diaconis
3350 598 3540 666 liceat;
3588 601 3726 670 quia

2143 690 2188 743 si
2218 690 2321 747 hoc
2347 688 2455 752 ﬁat,
2487 699 2681 760 praeter
2704 691 2945 759 regulam
2971 699 3027 745 et
3060 691 3301 745 ordinem
3325 693 3584 762 probatur
3604 695 3728 747 exi-

2142 791 2304 838 stere.
2335 781 2391 837 Si
2410 783 2530 851 quis
2551 778 2731 837 autem
2761 783 2924 837 etiam
2957 792 3078 853 post
3098 783 3197 838 has
3224 782 3564 841 deﬁnitiones
3585 784 3730 841 obe—

2142 873 2260 930 dire
2289 875 2541 939 noluerit,
2570 890 2600 929 a
2630 875 2927 929 ministerio
2954 890 3166 930 cessare
3193 874 3425 930 debebit.

2143 1020 2222 1075 De
2270 1022 2351 1076 his
2405 1024 2490 1093 qui
2535 1039 2567 1075 a
2616 1022 2783 1077 Paulo
2823 1021 3165 1102 samosatena
3202 1023 3273 1077 ad
3310 1022 3591 1079 Ecclesia»:
3629 1041 3721 1080 re-

2839 1101 3006 1145 munt.

2211 1202 2349 1258 XIX.
2413 1203 2490 1258 De
2533 1202 2874 1259 Paulianistis
2927 1203 2995 1259 ad
3050 1203 3346 1260 Ecclesiam
3398 1206 3724 1263 catholicam

2140 1296 2589 1367 confugientibus,
2621 1296 2861 1351 deﬁnitio
2891 1296 3100 1367 prolata
3129 1305 3232 1360 est,
3284 1304 3344 1350 ut
3381 1295 3723 1366 baptizentur

2141 1385 2488 1442 omnimodis.
2513 1385 2571 1441 Si
2609 1386 2699 1455 qui
2727 1396 2904 1441 autem
2933 1386 3001 1441 de
3039 1385 3124 1440 his
3162 1386 3436 1456 praeterito
3473 1393 3728 1456 tempore

2140 1473 2340 1530 fuerint
2389 1474 2443 1529 in
2471 1475 2636 1540 clero,
2677 1474 2721 1530 si
2749 1474 2965 1546 quidem
3012 1474 3340 1530 immaculati
3386 1484 3441 1530 et
3485 1477 3727 1546 irreprc—

2141 1566 2431 1622 hensibiles
2459 1567 2825 1637 apparuerint,
2850 1566 3103 1636 baptizati
3143 1565 3455 1622 ordinentur
3481 1567 3547 1621 ab
3595 1568 3723 1638 epi-

2140 1672 2306 1727 scopo
2338 1656 2591 1712 Ecclesiae
2618 1656 2895 1712 catholica:
2932 1674 2945 1710 :
2990 1657 3133 1726 quod
3158 1657 3204 1712 si
3233 1656 3727 1713 discussio-incon-

2140 1759 2305 1815 gruos
2330 1760 2426 1801 eos
2454 1745 2738 1810 invenerit,
2769 1744 2929 1814 abjici
2952 1746 3085 1801 tales
3118 1746 3423 1801 conveniet.
3458 1745 3727 1801 Similiter

2143 1844 2322 1891 autem
2350 1835 2491 1891 etde
2527 1836 2858 1899 diaconissis,
2900 1842 2955 1890 et
3008 1836 3229 1891 omnino
3258 1835 3326 1891 de
3371 1836 3452 1891 his
3478 1837 3569 1905 qui
3614 1837 3723 1892 sub

2140 1927 2322 1995 regula
2350 1934 2649 1992 versantur,
2679 1926 2795 1981 haec
2829 1925 2997 1981 forma
3026 1926 3348 1981 servabitur.
3377 1924 3725 1981 Meminimus

2140 2024 2319 2070 autem
2341 2014 2410 2069 de
2436 2015 2772 2080 diaconissis,
2802 2028 2920 2084 qua:
2946 2015 2999 2069 in
3021 2014 3210 2070 eodem
3236 2014 3420 2069 habitu
3448 2030 3564 2069 esse
3586 2031 3725 2084 pro-

2138 2109 2356 2176 bantur,
2384 2107 2528 2178 quod
2553 2123 2659 2164 non
2688 2108 2922 2163 habeant
2943 2107 3175 2176 aliquam
3200 2122 3389 2162 manus
3419 2108 3725 2176 impositio-

2138 2213 2286 2265 nem,
2330 2206 2387 2254 et
2439 2198 2560 2254 ideo
2613 2198 2788 2255 modis
2824 2198 3071 2255 omnibus
3106 2212 3199 2254 eas
3238 2198 3378 2254 inter
3419 2198 3582 2254 laicos
3619 2198 3724 2255 de-

2136 2289 2333 2359 putari.
2926 2340 2929 2343 ,
3558 2300 3563 2307 ’

2660 2421 2740 2477 De
2774 2422 3027 2494 ﬂectendo
3054 2439 3207 2495 genu.

2211 2534 2329 2590 XX.
2370 2536 2631 2603 Quoniam
2654 2544 2777 2592 sunt
2803 2537 3018 2609 quidam
3044 2537 3099 2592 in
3138 2536 3225 2591 die
3266 2534 3534 2591 dominico
3566 2548 3715 2603 genu

2140 2625 2436 2691 ﬂectentes,
2485 2633 2541 2680 et
2570 2625 2625 2699 in
2651 2625 2839 2680 diebus
2878 2624 3225 2707 Pentecostes
3266 2641 3280 2678 :
3324 2630 3384 2677 ut
3429 2622 3607 2677 omnia
3657 2622 3719 2677 in

2143 2715 2407 2769 universis
2436 2713 2564 2769 locis
2587 2721 2949 2769 consonanter
2964 2712 3332 2778 observentur,
3363 2710 3558 2782 placuit
3582 2725 3719 2766 sau-

2141 2814 2231 2862 cto
2258 2804 2487 2861 concilio
2515 2812 2719 2860 stantes
2741 2803 2966 2860 Domino
2994 2812 3121 2861 vota
3150 2803 3476 2875 persolvere.

1467 3019 1815 3083 REGULIE
1874 3024 2276 3087 ANCYRANI
2331 3023 2699 3089 CONCILII.

524 3226 644 3282 Istc
663 3194 859 3293 regulis
886 3223 1094 3293 priores
1111 3222 1324 3292 quidem
1354 3230 1479 3277 sunt
1502 3220 1764 3278 Nicaeuis:
1796 3218 1889 3276 sed
1911 3218 2032 3277 ideo
2058 3223 2103 3286 C
2136 3222 2361 3282 funestis
2406 3225 2679 3284 sacriﬁciis
2725 3229 3092 3291 admoverent,
3136 3236 3230 3283 aut
3266 3228 3469 3299 aliquid
3520 3229 3715 3299 polluti

450 3317 682 3375 Nicmnae
726 3312 874 3384 prius
926 3311 1137 3382 scriptae
1186 3318 1341 3376 sunt,
1389 3318 1611 3382 propter
1660 3310 2033 3365 auctoritatem

2137 3315 2241 3370 cibi
2270 3331 2368 3387 per
2395 3319 2770 3375 necessitatem
2793 3335 3006 3375 sumere
3025 3330 3366 3390 cogerentur,
3391 3324 3717 3377 confitentes

455 3406 696 3475 ejusdem
735 3403 915 3473 magni
960 3401 1240 3471 sanctique
1286 3401 1501 3457 concilii
1535 3400 1846 3472 congregati
1892 3399 2034 3470 apud
2130 3407 2332 3476 jugiter
2357 3424 2417 3464 se
2442 3409 2773 3465 Christianos
2794 3426 2931 3477 esse,
2964 3420 3018 3465 et
3044 3412 3245 3467 luctum
3268 3413 3365 3478 rei,
3390 3428 3509 3481 quae
3534 3412 3705 3467 conti-

456 3496 710 3552 Nicaeam.

454 3607 850 3677 Depresbyteris
879 3607 964 3676 qui
995 3606 1387 3660 immolaverunt
1406 3606 2030 3676 temporepersecutionis.

524 3718 665 3775 XXI.
706 3717 1056 3788 Presbyteros
1077 3717 1432 3783 immolantes,
1456 3725 1510 3772 et
1540 3717 1733 3773 iterum
1764 3718 2031 3774 luctamen

455 3810 717 3866 adeuntes
738 3848 753 3874 ,
786 3808 830 3863 si
862 3808 967 3862 hoc
1010 3821 1119 3862 non
1148 3822 1246 3876 per
1282 3807 1585 3863 illusionem
1633 3808 1889 3877 aliquam,
1939 3807 2033 3861 sed

454 3916 524 3956 ex
547 3900 769 3955 veritate
798 3898 1041 3967 fecerint,
1072 3914 1173 3954 nec
1200 3908 1325 3952 ante
1352 3906 1621 3967 parentes,
1643 3906 1697 3953 et
1720 3898 2032 3953 aﬁ‘ectantes

457 4000 619 4063 atque
664 3976 970 4058 suadentes,
1008 4001 1070 4044 ut
1113 3990 1442 4044 aestimentur
1486 3991 1701 4058 quidem
1751 3991 2033 4046 tormentis

454 4082 648 4153 aptari,
681 4082 777 4137 sed
809 4082 893 4136 his
939 4081 1053 4135 visu
1086 4089 1290 4134 tantum
1331 4089 1385 4135 et
1425 4080 1611 4136 habitu
1657 4082 1887 4150 subjici,
1933 4082 2034 4141 hos

454 4171 659 4242 placuit
681 4171 941 4224 honorem
968 4168 1182 4238 quidem
1210 4169 1443 4224 retinere
1469 4171 1698 4239 propria:
1726 4171 1868 4226 sedis
1892 4189 1906 4235 ;
1947 4174 2033 4226 of-

452 4261 609 4318 ferre
635 4276 768 4316 vero
818 4268 909 4316 aut
957 4260 1175 4331 alloqui,
1225 4268 1319 4315 aut
1346 4261 1565 4318 omnino
1609 4261 2039 4319 sacerdotalibus

451 4347 643 4408 ofﬁciis
666 4349 813 4421 fungi
841 4365 948 4405 non
979 4348 1162 4405 licere.

785 4460 866 4517 De
899 4462 1130 4516 diaconis
1156 4464 1242 4533 qui
1281 4464 1688 4520 immolaverunt.

519 4571 943 4682 XIIIZJDiacpniL
972 4574 1218 4632 similiter
1263 4554 2024 4682 quirimmolalverunt,houo-
2053 4582 2102 4638 ι)
2130 4554 2217 4664 De'
2258 4610 2335 4664 hi,
2374 4611 2478 4682 (με,

447 4676 565 4720 rem
593 4660 813 4732 quidem
844 4662 1115 4719 habeant:
1160 4674 1372 4720 cessent
1402 4681 1529 4721 vero
1569 4665 1637 4720 ab
1684 4667 1829 4723 omni
1869 4681 2023 4725 sacro

447 4750 771 4817 ministerio,
804 4753 916 4807 sive
942 4767 971 4807 a
1010 4769 1169 4824 pane,
1202 4756 1315 4811 sive
1336 4772 1365 4810 a
1395 4756 1562 4812 calice
1601 4753 1894 4825 offerendo;
1938 4759 2026 4815 vel

448 4839 805 4909 praedicando.
847 4842 1002 4908 Quod
1054 4845 1099 4899 si
1147 4845 1368 4914 quidam
1418 4848 1792 4917 episcoporum
1824 4848 2026 4904 conscii

445 4937 573 4984 sunt
600 4930 807 4985 laboris
834 4946 1043 5000 eorum,
1066 4944 1120 4989 et
1139 4935 1472 5003 humilitatis,
1505 4946 1556 4992 et
1584 4939 2028 5008 mansuetudinis,

444 5027 503 5075 et
521 5020 792 5075 voluerint
819 5021 897 5077 eis
924 5022 1123 5091 aliquid
1152 5026 1379 5096 amplius
1399 5029 1635 5085 tribuere
1653 5029 1739 5085 vel
1765 5028 2022 5097 adimere,

442 5125 612 5181 penes
640 5112 785 5182 ipsos
813 5114 918 5168 erit
943 5123 1201 5185 potestas.

444 5244 524 5301 De
552 5246 630 5301 his
658 5246 743 5318 qui
783 5263 849 5301 ea:
878 5250 1001 5328 fuga
1031 5251 1383 5328 comprehensi
1416 5261 1552 5328 sunt,
1599 5264 1648 5307 et
1675 5271 1766 5325 per
1794 5258 1895 5311 vim
1923 5273 2022 5328 pa-

795 5320 920 5387 gani
948 5320 1075 5372 ritus
1104 5321 1301 5390 aliquid
1328 5323 1665 5391 pertulerunt.

512 5424 698 5482 XXIII.
739 5424 840 5493 Qui
865 5425 1139 5495 fugientes
1166 5432 1541 5500 comprehensi
1570 5440 1725 5500 sunt,
1756 5435 1840 5490 vel
1861 5449 1890 5488 a
1918 5434 2021 5490 do-

440 5519 678 5577 mesticis
708 5517 915 5585 traditi,
941 5518 1026 5573 vel
1060 5519 1325 5591 ademptis
1349 5522 1691 5578 facultatibus
1719 5526 2022 5582 sustinuere

442 5618 729 5674 tormenta,
760 5617 853 5663 aut
881 5610 934 5664 in
972 5611 1274 5666 custodiam
1308 5613 1441 5668 trusi
1470 5616 1940 5683 proclamaveruut
1968 5632 2026 5673 se

440 5699 774 5758 Christianos
795 5717 934 5769 esse,
968 5711 1024 5758 et
1050 5718 1287 5773 eousque
1330 5706 1536 5760 astricti
1562 5713 1706 5768 sunt,
1741 5716 1798 5759 ut
1835 5722 2024 5763 manus

440 5806 627 5853 eorum
695 5795 1215 5867 comprehendentes
1258 5796 1523 5854 violenter
1564 5796 1915 5866 attraherent,
1966 5807 2021 5854 et

2137 3499 2234 3566 git,
2281 3500 2671 3557 incessabiliter
2714 3503 3056 3558 ostendentes
3093 3505 3237 3559 omni
3285 3504 3604 3572 dejectione,
3657 3512 3717 3560 et

2137 3588 2341 3655 habitu,
2370 3598 2425 3644 et
2452 3591 2752 3648 humilitate
2772 3592 2896 3648 vitae
2920 3611 2933 3646 :
2957 3594 3075 3658 hos,
3099 3594 3248 3649 velut
3275 3602 3425 3649 extra
3454 3594 3719 3650 delictum.

2135 3681 2474 3748 constitutos,
2502 3697 2531 3736 a
2553 3684 2944 3739 communionis
2961 3686 3130 3753 gratia
3160 3700 3266 3740 non
3289 3685 3478 3739 vetari.
3503 3684 3556 3739 Si
3581 3700 3715 3740 vero

2136 3774 2388 3843 prohibiti
2411 3785 2537 3831 sunt
2573 3776 2639 3830 ab
2668 3777 2952 3846 aliquibus,
2995 3786 3217 3847 propter
3244 3778 3554 3847 ampliorem
3583 3792 3718 3832 cau-

2135 3864 2319 3929 telam,
2349 3865 2434 3918 vel
2465 3874 2684 3934 propter
2710 3867 3064 3935 quorumdam
3107 3868 3459 3936 ignorantiam
3482 3907 3496 3932 ,
3529 3868 3715 3921 statim

2135 3955 2482 4024 recipiantur.
2514 3955 2629 4012 Hoc
2657 3966 2836 4013 autem
2866 3959 3110 4015 similiter
3139 3969 3193 4013 et
3220 3960 3287 4013 de
3314 3959 3543 4022 clericis,
3570 3967 3625 4012 et
3644 3957 3718 4013 de

2134 4044 2343 4097 ueteris
2372 4044 2522 4099 laicis
2551 4046 2839 4103 observare
2876 4050 3182 4104 conveniet.
3226 4048 3585 4118 Perquisitum
3630 4060 3720 4106 est

2134 4141 2313 4187 autem
2336 4142 2390 4188 et
2418 4134 2565 4199 illud,
2597 4137 2643 4191 si
2672 4148 2897 4206 possunt
2926 4140 3087 4193 etiam
3117 4140 3237 4193 laici
3271 4139 3363 4209 qui
3408 4140 3461 4192 in
3492 4139 3588 4192 has
3618 4153 3728 4192 ne-

2131 4224 2398 4279 cessitatis
2426 4228 2696 4294 angustias
2718 4228 3039 4295 inciderunt,
3063 4230 3126 4283 ad
3157 4229 3439 4283 clericatus
3468 4228 3719 4283 ordinem

2132 4317 2459 4383 promoveri.
2491 4316 2696 4372 Placuit
2741 4334 2867 4387 ergo
2896 4328 2950 4373 et
2990 4321 3106 4385 hos,
3141 4329 3393 4389 tanquam
3441 4320 3533 4390 qui
3580 4321 3720 4376 nihil

2130 4414 2508 4474 peccaverunt,
2542 4407 2663 4460 siet
2710 4409 3014 4477 prmcedeus
3057 4424 3241 4464 eorum
3271 4410 3380 4463 vita
3421 4409 3720 4479 probabilis

2130 4498 2219 4563 sit,
2251 4497 2319 4551 ad
2348 4496 2451 4551 hoc
2479 4496 2712 4553 ofﬁcium
2735 4500 2979 4568 provehi.

2530 4611 2741 4665 diversis
2770 4614 2960 4676 causis,
2987 4612 3287 4682 gentilitatis
3328 4611 3459 4665 ritus
3512 4609 3719 4679 aliquid

2751 4691 3070 4751 peregerunt.

2203 4789 2387 4845 XXIV.
2429 4789 2507 4846 De
2557 4791 2640 4846 his
2668 4791 2759 4862 qui
2781 4792 3085 4847 sacriﬁcare
3109 4791 3284 4847 coacti
3322 4800 3466 4857 sunt,
3491 4790 3716 4859 insuper

2132 4890 2188 4938 et
2217 4889 2567 4938 omnaverunt
2591 4882 2644 4937 in
2675 4882 2859 4948 idolio,
2891 4883 3199 4953 quicunque
3227 4897 3433 4947 eorum,
3478 4896 3597 4936 cum
3620 4880 3721 4935 du-

2133 4979 2403 5039 cerentur,
2435 4972 2638 5027 laetiore
2666 4973 2853 5027 habitu
2882 4972 3115 5037 fuerunt,
3148 4981 3205 5027 et
3230 4972 3561 5026 vestimentis
3589 4986 3718 5040 pre-

2129 5062 2435 5119 tiosioribus
2482 5063 2562 5117 usi
2588 5071 2733 5127 sunt,
2764 5070 2820 5117 et
2853 5072 3162 5133 praeparata:
3190 5077 3357 5119 coenae
3402 5061 3716 5116 indilIeren-

2130 5168 2212 5213 ter
2238 5159 2527 5230 participes
2547 5159 2898 5226 exstiterunt,
2923 5157 3123 5227 placuit
3142 5172 3237 5211 eos
3265 5155 3406 5209 inter
3432 5155 3715 5209 audientes

2129 5262 2239 5303 uno
2286 5262 2429 5303 anno
2466 5247 2743 5313 constitui,
2776 5246 3125 5302 succumbere
3152 5260 3281 5300 vero
3314 5244 3487 5299 tribus
3532 5244 3716 5311 annis,

2129 5338 2187 5392 in
2216 5338 2459 5394 oratione
2488 5345 2670 5394 autem
2699 5336 3100 5394 communicare
3129 5335 3372 5401 biennio,
3400 5342 3455 5389 et
3480 5342 3605 5388 tunc
3643 5335 3715 5388 ad

2127 5426 2474 5497 perfectionis
2527 5429 2755 5496 gratiam
2809 5427 3114 5496 pervenire.
3186 5424 3463 5493 Quotquot
3526 5429 3714 5476 autem

2128 5518 2482 5575 ascenderunt
2519 5521 2717 5590 templa
2760 5528 2911 5573 veste
2952 5518 3183 5586 lugubri,
3230 5524 3285 5571 et
3330 5516 3717 5570 recumbentes

2127 5624 2222 5679 per
2250 5624 2410 5665 omne
2437 5618 2648 5680 tempus
2673 5607 2871 5665 ﬂevere
2896 5609 3207 5674 discubitus,
3233 5606 3277 5660 si
3303 5596 3720 5674 compleverunt

2128 5702 2495 5772 ptenitentiam
2523 5701 2740 5757 triennii
2770 5698 3043 5769 temporis,
3076 5698 3193 5753 sine
3220 5695 3495 5752 oblatione
3532 5695 3717 5750 susci-

2127 5794 2358 5866 piantur.
2393 5793 2449 5850 Si
2480 5801 2657 5851 autem
2688 5808 2794 5850 non
2818 5789 3293 5853 manducaverunt,
3322 5784 3542 5844 biennio
3577 5786 3718 5841 snh~
