  <div class='ocr_page' id='page_1' title='image "/cluster/home/n/w/nwhite01/storage/ocr_20150623/67/hvd.32044073505141/084.png"; bbox 0 0 3988 6344; ppageno 0'>
   <div class='ocr_carea' id='block_1_1' title="bbox 229 349 337 407">
    <p class='ocr_par' dir='ltr' id='par_1_1' title="bbox 229 349 337 407">
     <span class='ocr_line' id='line_1_1' title="bbox 229 349 337 407; baseline -0.009 0"><span class='ocrx_word' id='word_1_1' title='bbox 229 349 337 407; x_wconf 76' lang='grc'><strong>155</strong></span> 
     </span>
    </p>
   </div>
   <div class='ocr_carea' id='block_1_2' title="bbox 1228 333 2517 397">
    <p class='ocr_par' dir='ltr' id='par_1_2' title="bbox 1228 333 2517 397">
     <span class='ocr_line' id='line_1_2' title="bbox 1228 333 2517 397; baseline -0.006 0"><span class='ocrx_word' id='word_1_2' title='bbox 1228 340 1449 397; x_wconf 82' lang='lat' dir='ltr'><strong>CODEX</strong></span> <span class='ocrx_word' id='word_1_3' title='bbox 1476 336 1800 396; x_wconf 69' lang='lat' dir='ltr'><strong>CANONUII</strong></span> <span class='ocrx_word' id='word_1_4' title='bbox 1831 333 2517 392; x_wconf 75' lang='lat' dir='ltr'><strong>ECCLESIASTICORUM.</strong></span> 
     </span>
    </p>
   </div>
   <div class='ocr_carea' id='block_1_3' title="bbox 3382 340 3483 394">
    <p class='ocr_par' dir='ltr' id='par_1_3' title="bbox 3382 340 3483 394">
     <span class='ocr_line' id='line_1_3' title="bbox 3382 340 3483 394; baseline -0.02 -1"><span class='ocrx_word' id='word_1_5' title='bbox 3382 340 3483 394; x_wconf 57' lang='lat' dir='ltr'><strong>Ilii</strong></span> 
     </span>
    </p>
   </div>
   <div class='ocr_carea' id='block_1_4' title="bbox 219 453 3484 537">
    <p class='ocr_par' dir='ltr' id='par_1_4' title="bbox 219 453 3484 537">
     <span class='ocr_line' id='line_1_4' title="bbox 219 453 3484 537; baseline -0.003 -17"><span class='ocrx_word' id='word_1_6' title='bbox 219 466 352 537; x_wconf 81' lang='lat' dir='ltr'><strong>jecti</strong></span> <span class='ocrx_word' id='word_1_7' title='bbox 385 461 731 535; x_wconf 67' lang='lat' dir='ltr'><strong>pmiiitentizc,</strong></span> <span class='ocrx_word' id='word_1_8' title='bbox 767 457 924 514; x_wconf 92' lang='lat' dir='ltr'><strong>tertio</strong></span> <span class='ocrx_word' id='word_1_9' title='bbox 954 472 1097 514; x_wconf 91' lang='lat' dir='ltr'><strong>anno</strong></span> <span class='ocrx_word' id='word_1_10' title='bbox 1125 459 1241 513; x_wconf 85' lang='lat' dir='ltr'><strong>sine</strong></span> <span class='ocrx_word' id='word_1_11' title='bbox 1266 458 1540 513; x_wconf 85' lang='lat' dir='ltr'><strong>oblatione</strong></span> <span class='ocrx_word' id='word_1_12' title='bbox 1561 472 1796 513; x_wconf 86' lang='lat' dir='ltr'><strong>commu—</strong></span> <span class='ocrx_word' id='word_1_13' title='bbox 1820 461 1870 516; x_wconf 79' lang='grc' dir='ltr'>Α</span> <span class='ocrx_word' id='word_1_14' title='bbox 1900 456 2098 526; x_wconf 89' lang='lat' dir='ltr'><strong>placuit</strong></span> <span class='ocrx_word' id='word_1_15' title='bbox 2126 456 2260 518; x_wconf 86' lang='lat' dir='ltr'><strong>erui,</strong></span> <span class='ocrx_word' id='word_1_16' title='bbox 2296 465 2351 510; x_wconf 92' lang='lat' dir='ltr'><strong>ct</strong></span> <span class='ocrx_word' id='word_1_17' title='bbox 2370 455 2446 509; x_wconf 89' lang='lat' dir='ltr'><strong>eis</strong></span> <span class='ocrx_word' id='word_1_18' title='bbox 2474 454 2620 509; x_wconf 82' lang='lat' dir='ltr'><strong>reddi</strong></span> <span class='ocrx_word' id='word_1_19' title='bbox 2651 454 2843 524; x_wconf 83' lang='lat' dir='ltr'><strong>quibus</strong></span> <span class='ocrx_word' id='word_1_20' title='bbox 2866 464 2993 511; x_wconf 88' lang='lat' dir='ltr'><strong>ante</strong></span> <span class='ocrx_word' id='word_1_21' title='bbox 3021 453 3230 511; x_wconf 77' lang='lat' dir='ltr'><strong>inerant</strong></span> <span class='ocrx_word' id='word_1_22' title='bbox 3249 455 3484 526; x_wconf 71' lang='lat' dir='ltr'><strong>despon-</strong></span> 
     </span>
    </p>
   </div>
   <div class='ocr_carea' id='block_1_5' title="bbox 224 549 1794 623">
    <p class='ocr_par' dir='ltr' id='par_1_5' title="bbox 224 549 1794 623">
     <span class='ocr_line' id='line_1_5' title="bbox 224 549 1794 623; baseline -0.006 -13"><span class='ocrx_word' id='word_1_23' title='bbox 224 557 440 612; x_wconf 86' lang='lat' dir='ltr'><strong>nicent:</strong></span> <span class='ocrx_word' id='word_1_24' title='bbox 481 564 539 610; x_wconf 93' lang='lat' dir='ltr'><strong>ut</strong></span> <span class='ocrx_word' id='word_1_25' title='bbox 583 551 962 623; x_wconf 73' lang='lat' dir='ltr'><strong>perfectionem</strong></span> <span class='ocrx_word' id='word_1_26' title='bbox 992 549 1342 617; x_wconf 86' lang='lat' dir='ltr'><strong>quadriennio</strong></span> <span class='ocrx_word' id='word_1_27' title='bbox 1384 556 1794 617; x_wconf 76' lang='lat' dir='ltr'><strong>consequantur.</strong></span> 
     </span>
    </p>
   </div>
   <div class='ocr_carea' id='block_1_6' title="bbox 224 640 1799 713">
    <p class='ocr_par' dir='ltr' id='par_1_6' title="bbox 224 640 1799 713">
     <span class='ocr_line' id='line_1_6' title="bbox 224 640 1799 713; baseline -0.007 -11"><span class='ocrx_word' id='word_1_28' title='bbox 224 646 400 702; x_wconf 86' lang='lat' dir='ltr'><strong>Penes</strong></span> <span class='ocrx_word' id='word_1_29' title='bbox 425 654 602 700; x_wconf 88' lang='lat' dir='ltr'><strong>autem</strong></span> <span class='ocrx_word' id='word_1_30' title='bbox 626 645 908 713; x_wconf 84' lang='lat' dir='ltr'><strong>episcopos</strong></span> <span class='ocrx_word' id='word_1_31' title='bbox 931 641 1036 697; x_wconf 91' lang='lat' dir='ltr'><strong>erit</strong></span> <span class='ocrx_word' id='word_1_32' title='bbox 1055 650 1316 710; x_wconf 75' lang='lat' dir='ltr'><strong>potestas,</strong></span> <span class='ocrx_word' id='word_1_33' title='bbox 1338 640 1553 693; x_wconf 90' lang='lat' dir='ltr'><strong>modum</strong></span> <span class='ocrx_word' id='word_1_34' title='bbox 1583 654 1799 693; x_wconf 77' lang='lat' dir='ltr'><strong>conver-</strong></span> 
     </span>
    </p>
   </div>
   <div class='ocr_carea' id='block_1_7' title="bbox 219 731 1799 803">
    <p class='ocr_par' dir='ltr' id='par_1_7' title="bbox 219 731 1799 803">
     <span class='ocr_line' id='line_1_7' title="bbox 219 731 1799 803; baseline -0.006 -10"><span class='ocrx_word' id='word_1_35' title='bbox 219 739 390 793; x_wconf 88' lang='lat' dir='ltr'><strong>sionis</strong></span> <span class='ocrx_word' id='word_1_36' title='bbox 444 751 630 790; x_wconf 88' lang='lat' dir='ltr'><strong>eorum</strong></span> <span class='ocrx_word' id='word_1_37' title='bbox 684 735 996 803; x_wconf 86' lang='lat' dir='ltr'><strong>probantes,</strong></span> <span class='ocrx_word' id='word_1_38' title='bbox 1050 732 1133 787; x_wconf 92' lang='lat' dir='ltr'><strong>vel</strong></span> <span class='ocrx_word' id='word_1_39' title='bbox 1184 731 1470 785; x_wconf 87' lang='lat' dir='ltr'><strong>humanius</strong></span> <span class='ocrx_word' id='word_1_40' title='bbox 1520 744 1647 798; x_wconf 82' lang='lat' dir='ltr'><strong>erga</strong></span> <span class='ocrx_word' id='word_1_41' title='bbox 1704 744 1799 784; x_wconf 88' lang='lat' dir='ltr'><strong>eos</strong></span> 
     </span>
    </p>
   </div>
   <div class='ocr_carea' id='block_1_8' title="bbox 219 824 1796 898">
    <p class='ocr_par' dir='ltr' id='par_1_8' title="bbox 219 824 1796 898">
     <span class='ocr_line' id='line_1_8' title="bbox 219 824 1796 898; baseline -0.005 -14"><span class='ocrx_word' id='word_1_42' title='bbox 219 844 404 898; x_wconf 84' lang='lat' dir='ltr'><strong>agere,</strong></span> <span class='ocrx_word' id='word_1_43' title='bbox 431 829 515 882; x_wconf 88' lang='lat' dir='ltr'><strong>vel</strong></span> <span class='ocrx_word' id='word_1_44' title='bbox 538 828 766 897; x_wconf 85' lang='lat' dir='ltr'><strong>amplius</strong></span> <span class='ocrx_word' id='word_1_45' title='bbox 790 835 1001 896; x_wconf 88' lang='lat' dir='ltr'><strong>tempus</strong></span> <span class='ocrx_word' id='word_1_46' title='bbox 1021 825 1285 879; x_wconf 82' lang='lat' dir='ltr'><strong>addicere.</strong></span> <span class='ocrx_word' id='word_1_47' title='bbox 1308 824 1443 878; x_wconf 87' lang='lat' dir='ltr'><strong>Ante</strong></span> <span class='ocrx_word' id='word_1_48' title='bbox 1468 824 1645 878; x_wconf 83' lang='lat' dir='ltr'><strong>omnia</strong></span> <span class='ocrx_word' id='word_1_49' title='bbox 1671 838 1796 877; x_wconf 88' lang='lat' dir='ltr'><strong>vero</strong></span> 
     </span>
    </p>
   </div>
   <div class='ocr_carea' id='block_1_9' title="bbox 216 915 1795 990">
    <p class='ocr_par' dir='ltr' id='par_1_9' title="bbox 216 915 1795 990">
     <span class='ocr_line' id='line_1_9' title="bbox 216 915 1795 990; baseline -0.004 -15"><span class='ocrx_word' id='word_1_50' title='bbox 216 919 530 990; x_wconf 63' lang='lat' dir='ltr'><strong>praecedens</strong></span> <span class='ocrx_word' id='word_1_51' title='bbox 559 932 743 972; x_wconf 89' lang='lat' dir='ltr'><strong>eorum</strong></span> <span class='ocrx_word' id='word_1_52' title='bbox 771 917 879 970; x_wconf 88' lang='lat' dir='ltr'><strong>vita</strong></span> <span class='ocrx_word' id='word_1_53' title='bbox 905 924 960 970; x_wconf 90' lang='lat' dir='ltr'><strong>et</strong></span> <span class='ocrx_word' id='word_1_54' title='bbox 988 916 1254 986; x_wconf 89' lang='lat' dir='ltr'><strong>posterior</strong></span> <span class='ocrx_word' id='word_1_55' title='bbox 1296 915 1611 986; x_wconf 90' lang='lat' dir='ltr'><strong>inquiratur,</strong></span> <span class='ocrx_word' id='word_1_56' title='bbox 1640 923 1694 969; x_wconf 87' lang='lat' dir='ltr'><strong>et</strong></span> <span class='ocrx_word' id='word_1_57' title='bbox 1722 915 1795 969; x_wconf 90' lang='lat' dir='ltr'><strong>ita</strong></span> 
     </span>
    </p>
   </div>
   <div class='ocr_carea' id='block_1_10' title="bbox 216 1010 1004 1083">
    <p class='ocr_par' dir='ltr' id='par_1_10' title="bbox 216 1010 1004 1083">
     <span class='ocr_line' id='line_1_10' title="bbox 216 1010 1004 1083; baseline -0.013 -11"><span class='ocrx_word' id='word_1_58' title='bbox 216 1016 297 1071; x_wconf 85' lang='lat' dir='ltr'><strong>eis</strong></span> <span class='ocrx_word' id='word_1_59' title='bbox 321 1013 656 1083; x_wconf 89' lang='lat' dir='ltr'><strong>impertiatur</strong></span> <span class='ocrx_word' id='word_1_60' title='bbox 683 1010 1004 1064; x_wconf 85' lang='lat' dir='ltr'><strong>humanitas.</strong></span> 
     </span>
    </p>
   </div>
   <div class='ocr_carea' id='block_1_11' title="bbox 362 1121 1647 1196">
    <p class='ocr_par' dir='ltr' id='par_1_11' title="bbox 362 1121 1647 1196">
     <span class='ocr_line' id='line_1_11' title="bbox 362 1121 1647 1196; baseline -0.006 -15"><span class='ocrx_word' id='word_1_61' title='bbox 362 1128 442 1181; x_wconf 87' lang='lat' dir='ltr'><strong>De</strong></span> <span class='ocrx_word' id='word_1_62' title='bbox 468 1126 545 1179; x_wconf 78' lang='lat' dir='ltr'><strong>Iris</strong></span> <span class='ocrx_word' id='word_1_63' title='bbox 571 1125 657 1196; x_wconf 97' lang='lat' dir='ltr'><strong>qui</strong></span> <span class='ocrx_word' id='word_1_64' title='bbox 680 1125 863 1177; x_wconf 80' lang='lat' dir='ltr'><strong>timore</strong></span> <span class='ocrx_word' id='word_1_65' title='bbox 889 1123 1017 1176; x_wconf 85' lang='lat' dir='ltr'><strong>ritus</strong></span> <span class='ocrx_word' id='word_1_66' title='bbox 1046 1121 1305 1193; x_wconf 79' lang='lat' dir='ltr'><strong>gentilium</strong></span> <span class='ocrx_word' id='word_1_67' title='bbox 1327 1129 1647 1192; x_wconf 81' lang='lat' dir='ltr'><strong>peregerunt.</strong></span> 
     </span>
    </p>
   </div>
   <div class='ocr_carea' id='block_1_12' title="bbox 290 1232 1788 1303">
    <p class='ocr_par' dir='ltr' id='par_1_12' title="bbox 290 1232 1788 1303">
     <span class='ocr_line' id='line_1_12' title="bbox 290 1232 1788 1303; baseline -0.005 -11"><span class='ocrx_word' id='word_1_68' title='bbox 290 1235 457 1292; x_wconf 88' lang='lat' dir='ltr'><strong>XXV.</strong></span> <span class='ocrx_word' id='word_1_69' title='bbox 499 1234 576 1290; x_wconf 90' lang='lat' dir='ltr'><strong>De</strong></span> <span class='ocrx_word' id='word_1_70' title='bbox 596 1234 683 1288; x_wconf 89' lang='lat' dir='ltr'><strong>his</strong></span> <span class='ocrx_word' id='word_1_71' title='bbox 728 1233 819 1303; x_wconf 89' lang='lat' dir='ltr'><strong>qui</strong></span> <span class='ocrx_word' id='word_1_72' title='bbox 842 1232 1000 1287; x_wconf 91' lang='lat' dir='ltr'><strong>minis</strong></span> <span class='ocrx_word' id='word_1_73' title='bbox 1030 1239 1234 1286; x_wconf 90' lang='lat' dir='ltr'><strong>tantum</strong></span> <span class='ocrx_word' id='word_1_74' title='bbox 1256 1248 1466 1288; x_wconf 88' lang='lat' dir='ltr'><strong>cessere</strong></span> <span class='ocrx_word' id='word_1_75' title='bbox 1491 1244 1788 1302; x_wconf 86' lang='lat' dir='ltr'><strong>poenarum,</strong></span> 
     </span>
    </p>
   </div>
   <div class='ocr_carea' id='block_1_13' title="bbox 214 1324 1786 1399">
    <p class='ocr_par' dir='ltr' id='par_1_13' title="bbox 214 1324 1786 1399">
     <span class='ocr_line' id='line_1_13' title="bbox 214 1324 1786 1399; baseline -0.003 -16"><span class='ocrx_word' id='word_1_76' title='bbox 214 1340 308 1383; x_wconf 85' lang='lat' dir='ltr'><strong>aut</strong></span> <span class='ocrx_word' id='word_1_77' title='bbox 337 1330 640 1399; x_wconf 83' lang='lat' dir='ltr'><strong>privatione</strong></span> <span class='ocrx_word' id='word_1_78' title='bbox 663 1325 973 1381; x_wconf 80' lang='lat' dir='ltr'><strong>facultatum</strong></span> <span class='ocrx_word' id='word_1_79' title='bbox 1003 1324 1197 1390; x_wconf 88' lang='lat' dir='ltr'><strong>territi,</strong></span> <span class='ocrx_word' id='word_1_80' title='bbox 1245 1334 1338 1379; x_wconf 91' lang='lat' dir='ltr'><strong>aut</strong></span> <span class='ocrx_word' id='word_1_81' title='bbox 1381 1324 1786 1392; x_wconf 87' lang='lat' dir='ltr'><strong>demigratione,</strong></span> 
     </span>
    </p>
   </div>
   <div class='ocr_carea' id='block_1_14' title="bbox 212 1413 1786 1484">
    <p class='ocr_par' dir='ltr' id='par_1_14' title="bbox 212 1413 1786 1484">
     <span class='ocr_line' id='line_1_14' title="bbox 212 1413 1786 1484; baseline -0.002 -12"><span class='ocrx_word' id='word_1_82' title='bbox 212 1416 652 1472; x_wconf 81' lang='lat' dir='ltr'><strong>sacriﬁcaverunt</strong></span> <span class='ocrx_word' id='word_1_83' title='bbox 675 1455 692 1482; x_wconf 95' lang='lat'><strong>,</strong></span> <span class='ocrx_word' id='word_1_84' title='bbox 715 1424 768 1471; x_wconf 90' lang='lat' dir='ltr'><strong>et</strong></span> <span class='ocrx_word' id='word_1_85' title='bbox 796 1418 1054 1472; x_wconf 86' lang='lat' dir='ltr'><strong>hactenus</strong></span> <span class='ocrx_word' id='word_1_86' title='bbox 1074 1414 1417 1484; x_wconf 65' lang='lat' dir='ltr'><strong>paenitudinis</strong></span> <span class='ocrx_word' id='word_1_87' title='bbox 1439 1413 1786 1482; x_wconf 81' lang='lat' dir='ltr'><strong>negligentes,</strong></span> 
     </span>
    </p>
   </div>
   <div class='ocr_carea' id='block_1_15' title="bbox 212 1503 1790 1576">
    <p class='ocr_par' dir='ltr' id='par_1_15' title="bbox 212 1503 1790 1576">
     <span class='ocr_line' id='line_1_15' title="bbox 212 1503 1790 1576; baseline -0.003 -15"><span class='ocrx_word' id='word_1_88' title='bbox 212 1522 392 1576; x_wconf 91' lang='lat' dir='ltr'><strong>neque</strong></span> <span class='ocrx_word' id='word_1_89' title='bbox 420 1505 667 1561; x_wconf 81' lang='lat' dir='ltr'><strong>conversi</strong></span> <span class='ocrx_word' id='word_1_90' title='bbox 704 1514 848 1571; x_wconf 91' lang='lat' dir='ltr'><strong>sunt,</strong></span> <span class='ocrx_word' id='word_1_91' title='bbox 880 1504 1038 1574; x_wconf 85' lang='lat' dir='ltr'><strong>hujus</strong></span> <span class='ocrx_word' id='word_1_92' title='bbox 1073 1503 1287 1558; x_wconf 90' lang='lat' dir='ltr'><strong>concilii</strong></span> <span class='ocrx_word' id='word_1_93' title='bbox 1334 1512 1575 1572; x_wconf 91' lang='lat' dir='ltr'><strong>tempore</strong></span> <span class='ocrx_word' id='word_1_94' title='bbox 1619 1511 1790 1558; x_wconf 90' lang='lat' dir='ltr'><strong>semet</strong></span> 
     </span>
    </p>
   </div>
   <div class='ocr_carea' id='block_1_16' title="bbox 210 1594 1790 1664">
    <p class='ocr_par' dir='ltr' id='par_1_16' title="bbox 210 1594 1790 1664">
     <span class='ocr_line' id='line_1_16' title="bbox 210 1594 1790 1664; baseline -0.004 -11"><span class='ocrx_word' id='word_1_95' title='bbox 210 1598 547 1659; x_wconf 89' lang='lat' dir='ltr'><strong>obtulerunt,</strong></span> <span class='ocrx_word' id='word_1_96' title='bbox 579 1596 946 1651; x_wconf 86' lang='lat' dir='ltr'><strong>conversionis</strong></span> <span class='ocrx_word' id='word_1_97' title='bbox 972 1610 1081 1651; x_wconf 74' lang='lat' dir='ltr'><strong>sua:</strong></span> <span class='ocrx_word' id='word_1_98' title='bbox 1109 1594 1329 1650; x_wconf 89' lang='lat' dir='ltr'><strong>consilia</strong></span> <span class='ocrx_word' id='word_1_99' title='bbox 1358 1594 1650 1664; x_wconf 86' lang='lat' dir='ltr'><strong>capientes,</strong></span> <span class='ocrx_word' id='word_1_100' title='bbox 1682 1594 1790 1664; x_wconf 84' lang='lat' dir='ltr'><strong>pla-</strong></span> 
     </span>
    </p>
   </div>
   <div class='ocr_carea' id='block_1_17' title="bbox 210 1686 1786 1759">
    <p class='ocr_par' dir='ltr' id='par_1_17' title="bbox 210 1686 1786 1759">
     <span class='ocr_line' id='line_1_17' title="bbox 210 1686 1786 1759; baseline -0.003 -15"><span class='ocrx_word' id='word_1_101' title='bbox 210 1691 323 1745; x_wconf 91' lang='lat' dir='ltr'><strong>cuit</strong></span> <span class='ocrx_word' id='word_1_102' title='bbox 363 1705 533 1759; x_wconf 87' lang='lat' dir='ltr'><strong>usque</strong></span> <span class='ocrx_word' id='word_1_103' title='bbox 582 1688 648 1742; x_wconf 86' lang='lat' dir='ltr'><strong>ad</strong></span> <span class='ocrx_word' id='word_1_104' title='bbox 695 1702 944 1756; x_wconf 89' lang='lat' dir='ltr'><strong>magnum</strong></span> <span class='ocrx_word' id='word_1_105' title='bbox 985 1686 1126 1741; x_wconf 92' lang='lat' dir='ltr'><strong>diem</strong></span> <span class='ocrx_word' id='word_1_106' title='bbox 1176 1701 1271 1742; x_wconf 90' lang='lat' dir='ltr'><strong>eos</strong></span> <span class='ocrx_word' id='word_1_107' title='bbox 1316 1686 1457 1741; x_wconf 90' lang='lat' dir='ltr'><strong>inter</strong></span> <span class='ocrx_word' id='word_1_108' title='bbox 1509 1686 1786 1740; x_wconf 86' lang='lat' dir='ltr'><strong>audientes</strong></span> 
     </span>
    </p>
   </div>
   <div class='ocr_carea' id='block_1_18' title="bbox 208 1777 1779 1851">
    <p class='ocr_par' dir='ltr' id='par_1_18' title="bbox 208 1777 1779 1851">
     <span class='ocr_line' id='line_1_18' title="bbox 208 1777 1779 1851; baseline -0.002 -15"><span class='ocrx_word' id='word_1_109' title='bbox 208 1782 434 1851; x_wconf 86' lang='lat' dir='ltr'><strong>suscipi,</strong></span> <span class='ocrx_word' id='word_1_110' title='bbox 463 1790 518 1834; x_wconf 90' lang='lat' dir='ltr'><strong>et</strong></span> <span class='ocrx_word' id='word_1_111' title='bbox 543 1789 663 1849; x_wconf 91' lang='lat' dir='ltr'><strong>post</strong></span> <span class='ocrx_word' id='word_1_112' title='bbox 692 1793 942 1847; x_wconf 88' lang='lat' dir='ltr'><strong>magnum</strong></span> <span class='ocrx_word' id='word_1_113' title='bbox 973 1778 1114 1832; x_wconf 91' lang='lat' dir='ltr'><strong>diem</strong></span> <span class='ocrx_word' id='word_1_114' title='bbox 1145 1777 1376 1833; x_wconf 91' lang='lat' dir='ltr'><strong>triennio</strong></span> <span class='ocrx_word' id='word_1_115' title='bbox 1412 1779 1779 1847; x_wconf 77' lang='lat' dir='ltr'><strong>pcenitentiam</strong></span> 
     </span>
    </p>
   </div>
   <div class='ocr_carea' id='block_1_19' title="bbox 208 1867 1784 1939">
    <p class='ocr_par' dir='ltr' id='par_1_19' title="bbox 208 1867 1784 1939">
     <span class='ocr_line' id='line_1_19' title="bbox 208 1867 1784 1939; baseline -0.001 -16"><span class='ocrx_word' id='word_1_116' title='bbox 208 1886 389 1939; x_wconf 85' lang='lat' dir='ltr'><strong>agere,</strong></span> <span class='ocrx_word' id='word_1_117' title='bbox 423 1878 477 1923; x_wconf 91' lang='lat' dir='ltr'><strong>et</strong></span> <span class='ocrx_word' id='word_1_118' title='bbox 518 1868 860 1937; x_wconf 89' lang='lat' dir='ltr'><strong>postmodum</strong></span> <span class='ocrx_word' id='word_1_119' title='bbox 907 1867 1114 1923; x_wconf 92' lang='lat' dir='ltr'><strong>duobus</strong></span> <span class='ocrx_word' id='word_1_120' title='bbox 1163 1868 1319 1922; x_wconf 88' lang='lat' dir='ltr'><strong>annis</strong></span> <span class='ocrx_word' id='word_1_121' title='bbox 1358 1868 1475 1922; x_wconf 88' lang='lat' dir='ltr'><strong>sine</strong></span> <span class='ocrx_word' id='word_1_122' title='bbox 1515 1868 1784 1923; x_wconf 85' lang='lat' dir='ltr'><strong>oblatione</strong></span> 
     </span>
    </p>
   </div>
   <div class='ocr_carea' id='block_1_20' title="bbox 208 1954 1780 2025">
    <p class='ocr_par' dir='ltr' id='par_1_20' title="bbox 208 1954 1780 2025">
     <span class='ocr_line' id='line_1_20' title="bbox 208 1954 1780 2025; baseline -0.002 -12"><span class='ocrx_word' id='word_1_123' title='bbox 208 1958 613 2013; x_wconf 87' lang='lat' dir='ltr'><strong>communicare</strong></span> <span class='ocrx_word' id='word_1_124' title='bbox 638 1973 650 2009; x_wconf 89' lang='lat'><strong>:</strong></span> <span class='ocrx_word' id='word_1_125' title='bbox 684 1964 738 2010; x_wconf 90' lang='lat' dir='ltr'><strong>et</strong></span> <span class='ocrx_word' id='word_1_126' title='bbox 772 1962 901 2010; x_wconf 92' lang='lat' dir='ltr'><strong>tunc</strong></span> <span class='ocrx_word' id='word_1_127' title='bbox 929 1954 1162 2020; x_wconf 91' lang='lat' dir='ltr'><strong>demum,</strong></span> <span class='ocrx_word' id='word_1_128' title='bbox 1187 1971 1279 2011; x_wconf 91' lang='lat' dir='ltr'><strong>sex</strong></span> <span class='ocrx_word' id='word_1_129' title='bbox 1306 1956 1458 2010; x_wconf 90' lang='lat' dir='ltr'><strong>annis</strong></span> <span class='ocrx_word' id='word_1_130' title='bbox 1481 1956 1780 2025; x_wconf 91' lang='lat' dir='ltr'><strong>completis,</strong></span> 
     </span>
    </p>
   </div>
   <div class='ocr_carea' id='block_1_21' title="bbox 209 2043 1782 2114">
    <p class='ocr_par' dir='ltr' id='par_1_21' title="bbox 209 2043 1782 2114">
     <span class='ocr_line' id='line_1_21' title="bbox 209 2043 1782 2114; baseline 0 -15"><span class='ocrx_word' id='word_1_131' title='bbox 209 2045 277 2099; x_wconf 90' lang='lat' dir='ltr'><strong>ad</strong></span> <span class='ocrx_word' id='word_1_132' title='bbox 324 2043 669 2114; x_wconf 81' lang='lat' dir='ltr'><strong>perfectionis</strong></span> <span class='ocrx_word' id='word_1_133' title='bbox 710 2044 937 2110; x_wconf 75' lang='lat' dir='ltr'><strong>gratiam</strong></span> <span class='ocrx_word' id='word_1_134' title='bbox 978 2043 1279 2113; x_wconf 87' lang='lat' dir='ltr'><strong>pervenire.</strong></span> <span class='ocrx_word' id='word_1_135' title='bbox 1312 2044 1368 2098; x_wconf 91' lang='lat' dir='ltr'><strong>Si</strong></span> <span class='ocrx_word' id='word_1_136' title='bbox 1396 2059 1525 2099; x_wconf 90' lang='lat' dir='ltr'><strong>vero</strong></span> <span class='ocrx_word' id='word_1_137' title='bbox 1568 2046 1782 2114; x_wconf 89' lang='lat' dir='ltr'><strong>quidam</strong></span> 
     </span>
    </p>
   </div>
   <div class='ocr_carea' id='block_1_22' title="bbox 206 2134 1781 2205">
    <p class='ocr_par' dir='ltr' id='par_1_22' title="bbox 206 2134 1781 2205">
     <span class='ocr_line' id='line_1_22' title="bbox 206 2134 1781 2205; baseline 0.001 -15"><span class='ocrx_word' id='word_1_138' title='bbox 206 2144 333 2190; x_wconf 87' lang='lat' dir='ltr'><strong>ante</strong></span> <span class='ocrx_word' id='word_1_139' title='bbox 362 2137 505 2190; x_wconf 88' lang='lat' dir='ltr'><strong>hanc</strong></span> <span class='ocrx_word' id='word_1_140' title='bbox 528 2134 792 2205; x_wconf 82' lang='lat' dir='ltr'><strong>synodum</strong></span> <span class='ocrx_word' id='word_1_141' title='bbox 819 2134 1051 2203; x_wconf 88' lang='lat' dir='ltr'><strong>suscepti</strong></span> <span class='ocrx_word' id='word_1_142' title='bbox 1073 2143 1195 2189; x_wconf 91' lang='lat' dir='ltr'><strong>sunt</strong></span> <span class='ocrx_word' id='word_1_143' title='bbox 1215 2134 1280 2188; x_wconf 92' lang='lat' dir='ltr'><strong>ad</strong></span> <span class='ocrx_word' id='word_1_144' title='bbox 1302 2136 1690 2205; x_wconf 69' lang='lat' dir='ltr'><strong>paenitentiam,</strong></span> <span class='ocrx_word' id='word_1_145' title='bbox 1715 2152 1781 2191; x_wconf 83' lang='lat' dir='ltr'><strong>ex</strong></span> 
     </span>
    </p>
   </div>
   <div class='ocr_carea' id='block_1_23' title="bbox 205 2224 1782 2296">
    <p class='ocr_par' dir='ltr' id='par_1_23' title="bbox 205 2224 1782 2296">
     <span class='ocr_line' id='line_1_23' title="bbox 205 2224 1782 2296; baseline 0.001 -15"><span class='ocrx_word' id='word_1_146' title='bbox 205 2226 298 2281; x_wconf 89' lang='lat' dir='ltr'><strong>illo</strong></span> <span class='ocrx_word' id='word_1_147' title='bbox 322 2235 566 2296; x_wconf 89' lang='lat' dir='ltr'><strong>tempore</strong></span> <span class='ocrx_word' id='word_1_148' title='bbox 586 2225 792 2279; x_wconf 89' lang='lat' dir='ltr'><strong>initium</strong></span> <span class='ocrx_word' id='word_1_149' title='bbox 813 2224 892 2280; x_wconf 86' lang='lat' dir='ltr'><strong>eis</strong></span> <span class='ocrx_word' id='word_1_150' title='bbox 911 2225 1151 2280; x_wconf 86' lang='lat' dir='ltr'><strong>sexennii</strong></span> <span class='ocrx_word' id='word_1_151' title='bbox 1179 2233 1539 2295; x_wconf 89' lang='lat' dir='ltr'><strong>computetur.</strong></span> <span class='ocrx_word' id='word_1_152' title='bbox 1563 2226 1618 2281; x_wconf 92' lang='lat' dir='ltr'><strong>Si</strong></span> <span class='ocrx_word' id='word_1_153' title='bbox 1638 2227 1782 2296; x_wconf 88' lang='lat' dir='ltr'><strong>quod</strong></span> 
     </span>
    </p>
   </div>
   <div class='ocr_carea' id='block_1_24' title="bbox 202 2315 1780 2387">
    <p class='ocr_par' dir='ltr' id='par_1_24' title="bbox 202 2315 1780 2387">
     <span class='ocr_line' id='line_1_24' title="bbox 202 2315 1780 2387; baseline 0.001 -16"><span class='ocrx_word' id='word_1_154' title='bbox 202 2327 386 2371; x_wconf 87' lang='lat' dir='ltr'><strong>autem</strong></span> <span class='ocrx_word' id='word_1_155' title='bbox 413 2316 731 2387; x_wconf 89' lang='lat' dir='ltr'><strong>periculum,</strong></span> <span class='ocrx_word' id='word_1_156' title='bbox 759 2315 841 2371; x_wconf 89' lang='lat' dir='ltr'><strong>vel</strong></span> <span class='ocrx_word' id='word_1_157' title='bbox 866 2316 1055 2371; x_wconf 89' lang='lat' dir='ltr'><strong>mortis</strong></span> <span class='ocrx_word' id='word_1_158' title='bbox 1084 2317 1435 2385; x_wconf 86' lang='lat' dir='ltr'><strong>exspectatio,</strong></span> <span class='ocrx_word' id='word_1_159' title='bbox 1474 2324 1568 2371; x_wconf 90' lang='lat' dir='ltr'><strong>aut</strong></span> <span class='ocrx_word' id='word_1_160' title='bbox 1599 2332 1665 2372; x_wconf 91' lang='lat' dir='ltr'><strong>ex</strong></span> <span class='ocrx_word' id='word_1_161' title='bbox 1696 2318 1780 2372; x_wconf 90' lang='lat' dir='ltr'><strong>in-</strong></span> 
     </span>
    </p>
   </div>
   <div class='ocr_carea' id='block_1_25' title="bbox 203 2407 1779 2476">
    <p class='ocr_par' dir='ltr' id='par_1_25' title="bbox 203 2407 1779 2476">
     <span class='ocr_line' id='line_1_25' title="bbox 203 2407 1779 2476; baseline 0.002 -14"><span class='ocrx_word' id='word_1_162' title='bbox 203 2409 476 2474; x_wconf 83' lang='lat' dir='ltr'><strong>ﬁrmitate,</strong></span> <span class='ocrx_word' id='word_1_163' title='bbox 500 2415 593 2462; x_wconf 87' lang='lat' dir='ltr'><strong>aut</strong></span> <span class='ocrx_word' id='word_1_164' title='bbox 616 2423 682 2462; x_wconf 85' lang='lat' dir='ltr'><strong>ex</strong></span> <span class='ocrx_word' id='word_1_165' title='bbox 704 2408 882 2476; x_wconf 88' lang='lat' dir='ltr'><strong>aliqua</strong></span> <span class='ocrx_word' id='word_1_166' title='bbox 911 2407 1197 2463; x_wconf 89' lang='lat' dir='ltr'><strong>occasione</strong></span> <span class='ocrx_word' id='word_1_167' title='bbox 1222 2407 1542 2475; x_wconf 90' lang='lat' dir='ltr'><strong>contigerit,</strong></span> <span class='ocrx_word' id='word_1_168' title='bbox 1571 2409 1653 2465; x_wconf 89' lang='lat' dir='ltr'><strong>his</strong></span> <span class='ocrx_word' id='word_1_169' title='bbox 1680 2410 1779 2466; x_wconf 90' lang='lat' dir='ltr'><strong>sub</strong></span> 
     </span>
    </p>
   </div>
   <div class='ocr_carea' id='block_1_26' title="bbox 200 2497 1474 2567">
    <p class='ocr_par' dir='ltr' id='par_1_26' title="bbox 200 2497 1474 2567">
     <span class='ocr_line' id='line_1_26' title="bbox 200 2497 1474 2567; baseline -0.001 -12"><span class='ocrx_word' id='word_1_170' title='bbox 200 2497 516 2555; x_wconf 80' lang='lat' dir='ltr'><strong>deﬁnitione</strong></span> <span class='ocrx_word' id='word_1_171' title='bbox 538 2505 735 2553; x_wconf 89' lang='lat' dir='ltr'><strong>statuta</strong></span> <span class='ocrx_word' id='word_1_172' title='bbox 764 2498 1071 2553; x_wconf 91' lang='lat' dir='ltr'><strong>communio</strong></span> <span class='ocrx_word' id='word_1_173' title='bbox 1097 2514 1203 2554; x_wconf 92' lang='lat' dir='ltr'><strong>non</strong></span> <span class='ocrx_word' id='word_1_174' title='bbox 1230 2506 1474 2567; x_wconf 81' lang='lat' dir='ltr'><strong>negetur.</strong></span> 
     </span>
    </p>
   </div>
   <div class='ocr_carea' id='block_1_27' title="bbox 349 2589 1610 2683">
    <p class='ocr_par' dir='ltr' id='par_1_27' title="bbox 349 2589 1610 2683">
     <span class='ocr_line' id='line_1_27' title="bbox 349 2589 1610 2683; baseline 0.003 -20"><span class='ocrx_word' id='word_1_175' title='bbox 349 2609 428 2665; x_wconf 84' lang='lat' dir='ltr'><strong>De</strong></span> <span class='ocrx_word' id='word_1_176' title='bbox 449 2589 628 2683; x_wconf 73' lang='lat' dir='ltr'><strong>bisqui</strong></span> <span class='ocrx_word' id='word_1_177' title='bbox 657 2610 710 2663; x_wconf 85' lang='lat' dir='ltr'><strong>in</strong></span> <span class='ocrx_word' id='word_1_178' title='bbox 731 2610 856 2665; x_wconf 84' lang='lat' dir='ltr'><strong>locis</strong></span> <span class='ocrx_word' id='word_1_179' title='bbox 882 2610 1136 2665; x_wconf 84' lang='lat' dir='ltr'><strong>idolorum</strong></span> <span class='ocrx_word' id='word_1_180' title='bbox 1164 2611 1610 2668; x_wconf 84' lang='lat' dir='ltr'><strong>manducaverunt.</strong></span> 
     </span>
    </p>
   </div>
   <div class='ocr_carea' id='block_1_28' title="bbox 268 2723 1774 2795">
    <p class='ocr_par' dir='ltr' id='par_1_28' title="bbox 268 2723 1774 2795">
     <span class='ocr_line' id='line_1_28' title="bbox 268 2723 1774 2795; baseline -0.001 -13"><span class='ocrx_word' id='word_1_181' title='bbox 268 2724 467 2782; x_wconf 89' lang='lat' dir='ltr'><strong>XXVI.</strong></span> <span class='ocrx_word' id='word_1_182' title='bbox 506 2723 583 2779; x_wconf 91' lang='lat' dir='ltr'><strong>De</strong></span> <span class='ocrx_word' id='word_1_183' title='bbox 624 2724 706 2780; x_wconf 89' lang='lat' dir='ltr'><strong>his</strong></span> <span class='ocrx_word' id='word_1_184' title='bbox 751 2724 842 2794; x_wconf 87' lang='lat' dir='ltr'><strong>qui</strong></span> <span class='ocrx_word' id='word_1_185' title='bbox 882 2723 1030 2779; x_wconf 89' lang='lat' dir='ltr'><strong>festis</strong></span> <span class='ocrx_word' id='word_1_186' title='bbox 1054 2724 1241 2779; x_wconf 87' lang='lat' dir='ltr'><strong>diebus</strong></span> <span class='ocrx_word' id='word_1_187' title='bbox 1270 2725 1547 2795; x_wconf 84' lang='lat' dir='ltr'><strong>gentilium</strong></span> <span class='ocrx_word' id='word_1_188' title='bbox 1588 2727 1640 2781; x_wconf 93' lang='lat' dir='ltr'><strong>in</strong></span> <span class='ocrx_word' id='word_1_189' title='bbox 1686 2741 1774 2781; x_wconf 83' lang='lat' dir='ltr'><strong>rc-</strong></span> 
     </span>
    </p>
   </div>
   <div class='ocr_carea' id='block_1_29' title="bbox 198 2817 1776 2892">
    <p class='ocr_par' dir='ltr' id='par_1_29' title="bbox 198 2817 1776 2892">
     <span class='ocr_line' id='line_1_29' title="bbox 198 2817 1776 2892; baseline 0.001 -18"><span class='ocrx_word' id='word_1_190' title='bbox 198 2820 363 2875; x_wconf 89' lang='lat' dir='ltr'><strong>motis</strong></span> <span class='ocrx_word' id='word_1_191' title='bbox 411 2833 598 2874; x_wconf 89' lang='lat' dir='ltr'><strong>eorum</strong></span> <span class='ocrx_word' id='word_1_192' title='bbox 642 2817 775 2873; x_wconf 91' lang='lat' dir='ltr'><strong>locis</strong></span> <span class='ocrx_word' id='word_1_193' title='bbox 815 2818 1061 2873; x_wconf 87' lang='lat' dir='ltr'><strong>convivia</strong></span> <span class='ocrx_word' id='word_1_194' title='bbox 1103 2818 1461 2892; x_wconf 83' lang='lat' dir='ltr'><strong>celebrarunt,</strong></span> <span class='ocrx_word' id='word_1_195' title='bbox 1518 2819 1776 2890; x_wconf 90' lang='lat' dir='ltr'><strong>cibosque</strong></span> 
     </span>
    </p>
   </div>
   <div class='ocr_carea' id='block_1_30' title="bbox 199 2907 1775 2983">
    <p class='ocr_par' dir='ltr' id='par_1_30' title="bbox 199 2907 1775 2983">
     <span class='ocr_line' id='line_1_30' title="bbox 199 2907 1775 2983; baseline 0.001 -20"><span class='ocrx_word' id='word_1_196' title='bbox 199 2910 454 2983; x_wconf 81' lang='lat' dir='ltr'><strong>proprios</strong></span> <span class='ocrx_word' id='word_1_197' title='bbox 477 2907 781 2963; x_wconf 83' lang='lat' dir='ltr'><strong>deferentes</strong></span> <span class='ocrx_word' id='word_1_198' title='bbox 805 2907 1002 2963; x_wconf 89' lang='lat' dir='ltr'><strong>ibidem</strong></span> <span class='ocrx_word' id='word_1_199' title='bbox 1030 2907 1402 2976; x_wconf 88' lang='lat' dir='ltr'><strong>comederunt,</strong></span> <span class='ocrx_word' id='word_1_200' title='bbox 1431 2909 1633 2979; x_wconf 91' lang='lat' dir='ltr'><strong>placuit</strong></span> <span class='ocrx_word' id='word_1_201' title='bbox 1654 2918 1775 2980; x_wconf 91' lang='lat' dir='ltr'><strong>post</strong></span> 
     </span>
    </p>
   </div>
   <div class='ocr_carea' id='block_1_31' title="bbox 197 2998 1771 3073">
    <p class='ocr_par' dir='ltr' id='par_1_31' title="bbox 197 2998 1771 3073">
     <span class='ocr_line' id='line_1_31' title="bbox 197 2998 1771 3073; baseline 0.003 -21"><span class='ocrx_word' id='word_1_202' title='bbox 197 2999 573 3073; x_wconf 63' lang='lat' dir='ltr'><strong>penitentiam</strong></span> <span class='ocrx_word' id='word_1_203' title='bbox 616 2998 816 3053; x_wconf 90' lang='lat' dir='ltr'><strong>biennii</strong></span> <span class='ocrx_word' id='word_1_204' title='bbox 857 3012 953 3054; x_wconf 90' lang='lat' dir='ltr'><strong>eos</strong></span> <span class='ocrx_word' id='word_1_205' title='bbox 995 2999 1212 3069; x_wconf 91' lang='lat' dir='ltr'><strong>suscipi,</strong></span> <span class='ocrx_word' id='word_1_206' title='bbox 1257 3008 1433 3054; x_wconf 91' lang='lat' dir='ltr'><strong>utrum</strong></span> <span class='ocrx_word' id='word_1_207' title='bbox 1478 3016 1608 3056; x_wconf 91' lang='lat' dir='ltr'><strong>vero</strong></span> <span class='ocrx_word' id='word_1_208' title='bbox 1652 3017 1771 3057; x_wconf 93' lang='lat' dir='ltr'><strong>cum</strong></span> 
     </span>
    </p>
   </div>
   <div class='ocr_carea' id='block_1_32' title="bbox 197 3088 1772 3160">
    <p class='ocr_par' dir='ltr' id='par_1_32' title="bbox 197 3088 1772 3160">
     <span class='ocr_line' id='line_1_32' title="bbox 197 3088 1772 3160; baseline 0.003 -14"><span class='ocrx_word' id='word_1_209' title='bbox 197 3089 502 3157; x_wconf 87' lang='lat' dir='ltr'><strong>oblatione,</strong></span> <span class='ocrx_word' id='word_1_210' title='bbox 528 3088 721 3158; x_wconf 85' lang='lat' dir='ltr'><strong>singuli</strong></span> <span class='ocrx_word' id='word_1_211' title='bbox 750 3089 1144 3159; x_wconf 90' lang='lat' dir='ltr'><strong>episcoporum,</strong></span> <span class='ocrx_word' id='word_1_212' title='bbox 1176 3092 1468 3160; x_wconf 86' lang='lat' dir='ltr'><strong>probantes</strong></span> <span class='ocrx_word' id='word_1_213' title='bbox 1490 3092 1652 3147; x_wconf 88' lang='lat' dir='ltr'><strong>vitam</strong></span> <span class='ocrx_word' id='word_1_214' title='bbox 1678 3107 1772 3149; x_wconf 91' lang='lat' dir='ltr'><strong>eo-</strong></span> 
     </span>
    </p>
   </div>
   <div class='ocr_carea' id='block_1_33' title="bbox 196 3179 1247 3247">
    <p class='ocr_par' dir='ltr' id='par_1_33' title="bbox 196 3179 1247 3247">
     <span class='ocr_line' id='line_1_33' title="bbox 196 3179 1247 3247; baseline -0.003 -10"><span class='ocrx_word' id='word_1_215' title='bbox 196 3196 340 3247; x_wconf 87' lang='lat' dir='ltr'><strong>rum,</strong></span> <span class='ocrx_word' id='word_1_216' title='bbox 370 3187 428 3234; x_wconf 92' lang='lat' dir='ltr'><strong>et</strong></span> <span class='ocrx_word' id='word_1_217' title='bbox 453 3179 692 3247; x_wconf 82' lang='lat' dir='ltr'><strong>singulos</strong></span> <span class='ocrx_word' id='word_1_218' title='bbox 718 3187 891 3243; x_wconf 89' lang='lat' dir='ltr'><strong>actus,</strong></span> <span class='ocrx_word' id='word_1_219' title='bbox 918 3181 1247 3236; x_wconf 89' lang='lat' dir='ltr'><strong>examinent.</strong></span> 
     </span>
    </p>
   </div>
   <div class='ocr_carea' id='block_1_34' title="bbox 391 3291 1609 3375">
    <p class='ocr_par' dir='ltr' id='par_1_34' title="bbox 391 3291 1609 3375">
     <span class='ocr_line' id='line_1_34' title="bbox 391 3291 1609 3375; baseline 0.003 -29"><span class='ocrx_word' id='word_1_220' title='bbox 391 3291 473 3347; x_wconf 85' lang='lat' dir='ltr'><strong>De</strong></span> <span class='ocrx_word' id='word_1_221' title='bbox 494 3292 572 3347; x_wconf 84' lang='lat' dir='ltr'><strong>his</strong></span> <span class='ocrx_word' id='word_1_222' title='bbox 602 3294 687 3363; x_wconf 89' lang='lat' dir='ltr'><strong>qui</strong></span> <span class='ocrx_word' id='word_1_223' title='bbox 715 3294 1005 3364; x_wconf 75' lang='lat' dir='ltr'><strong>frequenter</strong></span> <span class='ocrx_word' id='word_1_224' title='bbox 1023 3294 1176 3348; x_wconf 87' lang='lat' dir='ltr'><strong>idolis</strong></span> <span class='ocrx_word' id='word_1_225' title='bbox 1204 3295 1609 3375; x_wconf 74' lang='lat' dir='ltr'><strong>immolaverunt.</strong></span> 
     </span>
    </p>
   </div>
   <div class='ocr_carea' id='block_1_35' title="bbox 267 3400 1774 3473">
    <p class='ocr_par' dir='ltr' id='par_1_35' title="bbox 267 3400 1774 3473">
     <span class='ocr_line' id='line_1_35' title="bbox 267 3400 1774 3473; baseline 0.006 -17"><span class='ocrx_word' id='word_1_226' title='bbox 267 3400 482 3459; x_wconf 84' lang='lat' dir='ltr'><strong>XXVII.</strong></span> <span class='ocrx_word' id='word_1_227' title='bbox 526 3400 590 3456; x_wconf 89' lang='lat' dir='ltr'><strong>Ili</strong></span> <span class='ocrx_word' id='word_1_228' title='bbox 620 3403 711 3473; x_wconf 88' lang='lat' dir='ltr'><strong>qui</strong></span> <span class='ocrx_word' id='word_1_229' title='bbox 766 3405 1003 3459; x_wconf 91' lang='lat' dir='ltr'><strong>secundo</strong></span> <span class='ocrx_word' id='word_1_230' title='bbox 1032 3413 1085 3459; x_wconf 90' lang='lat' dir='ltr'><strong>et</strong></span> <span class='ocrx_word' id='word_1_231' title='bbox 1132 3408 1293 3460; x_wconf 91' lang='lat' dir='ltr'><strong>tertio</strong></span> <span class='ocrx_word' id='word_1_232' title='bbox 1337 3407 1774 3465; x_wconf 86' lang='lat' dir='ltr'><strong>sacrificaverunt</strong></span> 
     </span>
    </p>
   </div>
   <div class='ocr_carea' id='block_1_36' title="bbox 194 3493 1775 3565">
    <p class='ocr_par' dir='ltr' id='par_1_36' title="bbox 194 3493 1775 3565">
     <span class='ocr_line' id='line_1_36' title="bbox 194 3493 1775 3565; baseline 0.004 -17"><span class='ocrx_word' id='word_1_233' title='bbox 194 3493 393 3558; x_wconf 85' lang='lat' dir='ltr'><strong>coacti,</strong></span> <span class='ocrx_word' id='word_1_234' title='bbox 426 3502 658 3561; x_wconf 88' lang='lat' dir='ltr'><strong>quatuor</strong></span> <span class='ocrx_word' id='word_1_235' title='bbox 685 3494 838 3549; x_wconf 89' lang='lat' dir='ltr'><strong>annis</strong></span> <span class='ocrx_word' id='word_1_236' title='bbox 867 3495 1191 3565; x_wconf 64' lang='lat' dir='ltr'><strong>poenitentiae</strong></span> <span class='ocrx_word' id='word_1_237' title='bbox 1218 3496 1569 3565; x_wconf 89' lang='lat' dir='ltr'><strong>subjiciantur</strong></span> <span class='ocrx_word' id='word_1_238' title='bbox 1594 3516 1607 3550; x_wconf 87' lang='lat'><strong>:</strong></span> <span class='ocrx_word' id='word_1_239' title='bbox 1639 3499 1775 3553; x_wconf 81' lang='lat' dir='ltr'><strong>duo-</strong></span> 
     </span>
    </p>
   </div>
   <div class='ocr_carea' id='block_1_37' title="bbox 194 3582 1774 3652">
    <p class='ocr_par' dir='ltr' id='par_1_37' title="bbox 194 3582 1774 3652">
     <span class='ocr_line' id='line_1_37' title="bbox 194 3582 1774 3652; baseline 0.004 -16"><span class='ocrx_word' id='word_1_240' title='bbox 194 3582 298 3636; x_wconf 88' lang='lat' dir='ltr'><strong>bus</strong></span> <span class='ocrx_word' id='word_1_241' title='bbox 355 3592 534 3637; x_wconf 87' lang='lat' dir='ltr'><strong>autem</strong></span> <span class='ocrx_word' id='word_1_242' title='bbox 589 3583 744 3637; x_wconf 88' lang='lat' dir='ltr'><strong>annis</strong></span> <span class='ocrx_word' id='word_1_243' title='bbox 786 3584 903 3638; x_wconf 91' lang='lat' dir='ltr'><strong>sine</strong></span> <span class='ocrx_word' id='word_1_244' title='bbox 949 3584 1223 3639; x_wconf 88' lang='lat' dir='ltr'><strong>oblatione</strong></span> <span class='ocrx_word' id='word_1_245' title='bbox 1251 3588 1667 3652; x_wconf 86' lang='lat' dir='ltr'><strong>communicent,</strong></span> <span class='ocrx_word' id='word_1_246' title='bbox 1718 3596 1774 3642; x_wconf 91' lang='lat' dir='ltr'><strong>et</strong></span> 
     </span>
    </p>
   </div>
   <div class='ocr_carea' id='block_1_38' title="bbox 194 3671 1238 3742">
    <p class='ocr_par' dir='ltr' id='par_1_38' title="bbox 194 3671 1238 3742">
     <span class='ocr_line' id='line_1_38' title="bbox 194 3671 1238 3742; baseline 0.001 -16"><span class='ocrx_word' id='word_1_247' title='bbox 194 3671 428 3741; x_wconf 87' lang='lat' dir='ltr'><strong>septimo</strong></span> <span class='ocrx_word' id='word_1_248' title='bbox 458 3686 598 3726; x_wconf 90' lang='lat' dir='ltr'><strong>anno</strong></span> <span class='ocrx_word' id='word_1_249' title='bbox 626 3673 860 3741; x_wconf 82' lang='lat' dir='ltr'><strong>perfecte</strong></span> <span class='ocrx_word' id='word_1_250' title='bbox 892 3673 1238 3742; x_wconf 88' lang='lat' dir='ltr'><strong>recipiantur.</strong></span> 
     </span>
    </p>
   </div>
   <div class='ocr_carea' id='block_1_39' title="bbox 268 3782 1695 3853">
    <p class='ocr_par' dir='ltr' id='par_1_39' title="bbox 268 3782 1695 3853">
     <span class='ocr_line' id='line_1_39' title="bbox 268 3782 1695 3853; baseline 0.004 -19"><span class='ocrx_word' id='word_1_251' title='bbox 268 3782 346 3835; x_wconf 84' lang='lat' dir='ltr'><strong>De</strong></span> <span class='ocrx_word' id='word_1_252' title='bbox 372 3782 452 3836; x_wconf 83' lang='lat' dir='ltr'><strong>his</strong></span> <span class='ocrx_word' id='word_1_253' title='bbox 477 3785 562 3853; x_wconf 86' lang='lat' dir='ltr'><strong>qui</strong></span> <span class='ocrx_word' id='word_1_254' title='bbox 601 3793 650 3838; x_wconf 90' lang='lat' dir='ltr'><strong>et</strong></span> <span class='ocrx_word' id='word_1_255' title='bbox 678 3784 796 3839; x_wconf 89' lang='lat' dir='ltr'><strong>aliis</strong></span> <span class='ocrx_word' id='word_1_256' title='bbox 823 3784 1155 3853; x_wconf 81' lang='lat' dir='ltr'><strong>sacriﬁcandi</strong></span> <span class='ocrx_word' id='word_1_257' title='bbox 1185 3802 1368 3840; x_wconf 79' lang='lat' dir='ltr'><strong>causas</strong></span> <span class='ocrx_word' id='word_1_258' title='bbox 1397 3786 1695 3839; x_wconf 86' lang='lat' dir='ltr'><strong>attulerunt.</strong></span> 
     </span>
    </p>
   </div>
   <div class='ocr_carea' id='block_1_40' title="bbox 262 3891 1773 3968">
    <p class='ocr_par' dir='ltr' id='par_1_40' title="bbox 262 3891 1773 3968">
     <span class='ocr_line' id='line_1_40' title="bbox 262 3891 1773 3968; baseline 0.006 -22"><span class='ocrx_word' id='word_1_259' title='bbox 262 3891 499 3947; x_wconf 86' lang='lat' dir='ltr'><strong>XXVIII.</strong></span> <span class='ocrx_word' id='word_1_260' title='bbox 542 3893 816 3964; x_wconf 85' lang='lat' dir='ltr'><strong>Quotquot</strong></span> <span class='ocrx_word' id='word_1_261' title='bbox 834 3906 1012 3951; x_wconf 90' lang='lat' dir='ltr'><strong>autem</strong></span> <span class='ocrx_word' id='word_1_262' title='bbox 1045 3913 1150 3951; x_wconf 91' lang='lat' dir='ltr'><strong>non</strong></span> <span class='ocrx_word' id='word_1_263' title='bbox 1172 3899 1346 3952; x_wconf 87' lang='lat' dir='ltr'><strong>solum</strong></span> <span class='ocrx_word' id='word_1_264' title='bbox 1380 3898 1482 3968; x_wconf 80' lang='lat' dir='ltr'><strong>ipsi</strong></span> <span class='ocrx_word' id='word_1_265' title='bbox 1524 3899 1773 3956; x_wconf 83' lang='lat' dir='ltr'><strong>deviave—</strong></span> 
     </span>
    </p>
   </div>
   <div class='ocr_carea' id='block_1_41' title="bbox 186 3982 1769 4057">
    <p class='ocr_par' dir='ltr' id='par_1_41' title="bbox 186 3982 1769 4057">
     <span class='ocr_line' id='line_1_41' title="bbox 186 3982 1769 4057; baseline 0.006 -21"><span class='ocrx_word' id='word_1_266' title='bbox 186 3991 343 4047; x_wconf 90' lang='lat' dir='ltr'><strong>runt,</strong></span> <span class='ocrx_word' id='word_1_267' title='bbox 373 3982 466 4036; x_wconf 87' lang='lat' dir='ltr'><strong>sed</strong></span> <span class='ocrx_word' id='word_1_268' title='bbox 490 3984 651 4038; x_wconf 89' lang='lat' dir='ltr'><strong>etiam</strong></span> <span class='ocrx_word' id='word_1_269' title='bbox 685 3985 1107 4052; x_wconf 81' lang='lat' dir='ltr'><strong>insurrexerunt,</strong></span> <span class='ocrx_word' id='word_1_270' title='bbox 1140 3995 1195 4041; x_wconf 93' lang='lat' dir='ltr'><strong>et</strong></span> <span class='ocrx_word' id='word_1_271' title='bbox 1240 3990 1615 4057; x_wconf 86' lang='lat' dir='ltr'><strong>compulerunt</strong></span> <span class='ocrx_word' id='word_1_272' title='bbox 1660 3990 1769 4045; x_wconf 84' lang='lat' dir='ltr'><strong>fra-</strong></span> 
     </span>
    </p>
   </div>
   <div class='ocr_carea' id='block_1_42' title="bbox 187 4075 1771 4151">
    <p class='ocr_par' dir='ltr' id='par_1_42' title="bbox 187 4075 1771 4151">
     <span class='ocr_line' id='line_1_42' title="bbox 187 4075 1771 4151; baseline 0.007 -26"><span class='ocrx_word' id='word_1_273' title='bbox 187 4081 324 4136; x_wconf 87' lang='lat' dir='ltr'><strong>tres,</strong></span> <span class='ocrx_word' id='word_1_274' title='bbox 356 4080 413 4126; x_wconf 89' lang='lat' dir='ltr'><strong>et</strong></span> <span class='ocrx_word' id='word_1_275' title='bbox 458 4088 647 4128; x_wconf 86' lang='lat' dir='ltr'><strong>causas</strong></span> <span class='ocrx_word' id='word_1_276' title='bbox 683 4075 1020 4143; x_wconf 69' lang='lat' dir='ltr'><strong>praebuerunt</strong></span> <span class='ocrx_word' id='word_1_277' title='bbox 1072 4085 1131 4131; x_wconf 92' lang='lat' dir='ltr'><strong>ut</strong></span> <span class='ocrx_word' id='word_1_278' title='bbox 1173 4087 1494 4145; x_wconf 86' lang='lat' dir='ltr'><strong>cogerentur</strong></span> <span class='ocrx_word' id='word_1_279' title='bbox 1518 4122 1531 4145; x_wconf 92' lang='lat'><strong>,</strong></span> <span class='ocrx_word' id='word_1_280' title='bbox 1573 4081 1626 4135; x_wconf 90' lang='lat' dir='ltr'><strong>hi</strong></span> <span class='ocrx_word' id='word_1_281' title='bbox 1673 4097 1771 4151; x_wconf 88' lang='lat' dir='ltr'><strong>per</strong></span> 
     </span>
    </p>
   </div>
   <div class='ocr_carea' id='block_1_43' title="bbox 190 4164 1766 4241">
    <p class='ocr_par' dir='ltr' id='par_1_43' title="bbox 190 4164 1766 4241">
     <span class='ocr_line' id='line_1_43' title="bbox 190 4164 1766 4241; baseline 0.005 -25"><span class='ocrx_word' id='word_1_282' title='bbox 190 4164 487 4217; x_wconf 86' lang='lat' dir='ltr'><strong>triennium</strong></span> <span class='ocrx_word' id='word_1_283' title='bbox 524 4165 741 4234; x_wconf 89' lang='lat' dir='ltr'><strong>quidem</strong></span> <span class='ocrx_word' id='word_1_284' title='bbox 771 4168 948 4222; x_wconf 89' lang='lat' dir='ltr'><strong>locum</strong></span> <span class='ocrx_word' id='word_1_285' title='bbox 991 4169 1132 4223; x_wconf 88' lang='lat' dir='ltr'><strong>inter</strong></span> <span class='ocrx_word' id='word_1_286' title='bbox 1160 4169 1435 4225; x_wconf 87' lang='lat' dir='ltr'><strong>audientes</strong></span> <span class='ocrx_word' id='word_1_287' title='bbox 1481 4172 1766 4241; x_wconf 87' lang='lat' dir='ltr'><strong>accipiant,</strong></span> 
     </span>
    </p>
   </div>
   <div class='ocr_carea' id='block_1_44' title="bbox 189 4256 1771 4331">
    <p class='ocr_par' dir='ltr' id='par_1_44' title="bbox 189 4256 1771 4331">
     <span class='ocr_line' id='line_1_44' title="bbox 189 4256 1771 4331; baseline 0.006 -22"><span class='ocrx_word' id='word_1_288' title='bbox 189 4270 292 4325; x_wconf 77' lang='lat' dir='ltr'><strong>per</strong></span> <span class='ocrx_word' id='word_1_289' title='bbox 331 4256 476 4311; x_wconf 81' lang='lat' dir='ltr'><strong>aliud</strong></span> <span class='ocrx_word' id='word_1_290' title='bbox 512 4272 643 4313; x_wconf 82' lang='lat' dir='ltr'><strong>vero</strong></span> <span class='ocrx_word' id='word_1_291' title='bbox 687 4260 998 4314; x_wconf 87' lang='lat' dir='ltr'><strong>sexennium</strong></span> <span class='ocrx_word' id='word_1_292' title='bbox 1045 4261 1373 4329; x_wconf 67' lang='lat' dir='ltr'><strong>pmnitentite</strong></span> <span class='ocrx_word' id='word_1_293' title='bbox 1422 4263 1771 4331; x_wconf 88' lang='lat' dir='ltr'><strong>subjiciantur</strong></span> 
     </span>
    </p>
   </div>
   <div class='ocr_carea' id='block_1_45' title="bbox 184 4346 1769 4411">
    <p class='ocr_par' dir='ltr' id='par_1_45' title="bbox 184 4346 1769 4411">
     <span class='ocr_line' id='line_1_45' title="bbox 184 4346 1769 4411; baseline 0.008 -12"><span class='ocrx_word' id='word_1_294' title='bbox 184 4346 409 4410; x_wconf 74' lang='lat' dir='ltr'><strong>acriori,</strong></span> <span class='ocrx_word' id='word_1_295' title='bbox 449 4347 638 4402; x_wconf 90' lang='lat' dir='ltr'><strong>etalio</strong></span> <span class='ocrx_word' id='word_1_296' title='bbox 677 4363 821 4404; x_wconf 87' lang='lat' dir='ltr'><strong>anno</strong></span> <span class='ocrx_word' id='word_1_297' title='bbox 859 4352 1291 4405; x_wconf 90' lang='lat' dir='ltr'><strong>communionem</strong></span> <span class='ocrx_word' id='word_1_298' title='bbox 1333 4352 1449 4408; x_wconf 89' lang='lat' dir='ltr'><strong>sine</strong></span> <span class='ocrx_word' id='word_1_299' title='bbox 1494 4353 1769 4411; x_wconf 87' lang='lat' dir='ltr'><strong>oblatione</strong></span> 
     </span>
    </p>
   </div>
   <div class='ocr_carea' id='block_1_46' title="bbox 186 4434 1765 4510">
    <p class='ocr_par' dir='ltr' id='par_1_46' title="bbox 186 4434 1765 4510">
     <span class='ocr_line' id='line_1_46' title="bbox 186 4434 1765 4510; baseline 0.009 -25"><span class='ocrx_word' id='word_1_300' title='bbox 186 4434 511 4503; x_wconf 86' lang='lat' dir='ltr'><strong>percipiant,</strong></span> <span class='ocrx_word' id='word_1_301' title='bbox 544 4444 601 4489; x_wconf 92' lang='lat' dir='ltr'><strong>ut</strong></span> <span class='ocrx_word' id='word_1_302' title='bbox 625 4437 1026 4506; x_wconf 91' lang='lat' dir='ltr'><strong>perfectionem,</strong></span> <span class='ocrx_word' id='word_1_303' title='bbox 1070 4441 1286 4510; x_wconf 85' lang='lat' dir='ltr'><strong>expleto</strong></span> <span class='ocrx_word' id='word_1_304' title='bbox 1317 4441 1600 4509; x_wconf 88' lang='lat' dir='ltr'><strong>decennio,</strong></span> <span class='ocrx_word' id='word_1_305' title='bbox 1633 4459 1765 4499; x_wconf 81' lang='lat' dir='ltr'><strong>con-</strong></span> 
     </span>
    </p>
   </div>
   <div class='ocr_carea' id='block_1_47' title="bbox 1901 546 3472 615">
    <p class='ocr_par' dir='ltr' id='par_1_47' title="bbox 1901 546 3472 615">
     <span class='ocr_line' id='line_1_47' title="bbox 1901 546 3472 615; baseline 0.003 -16"><span class='ocrx_word' id='word_1_306' title='bbox 1901 552 2052 610; x_wconf 84' lang='lat' dir='ltr'><strong>satae,</strong></span> <span class='ocrx_word' id='word_1_307' title='bbox 2089 546 2299 599; x_wconf 87' lang='lat' dir='ltr'><strong>etiamsi</strong></span> <span class='ocrx_word' id='word_1_308' title='bbox 2329 546 2408 599; x_wconf 89' lang='lat' dir='ltr'><strong>eis</strong></span> <span class='ocrx_word' id='word_1_309' title='bbox 2450 561 2479 598; x_wconf 91' lang='lat' dir='ltr'><strong>a</strong></span> <span class='ocrx_word' id='word_1_310' title='bbox 2529 546 2833 615; x_wconf 87' lang='lat' dir='ltr'><strong>raptoribus</strong></span> <span class='ocrx_word' id='word_1_311' title='bbox 2862 546 2940 599; x_wconf 84' lang='lat' dir='ltr'><strong>v&#39;is</strong></span> <span class='ocrx_word' id='word_1_312' title='bbox 2963 547 3107 599; x_wconf 88' lang='lat' dir='ltr'><strong>illata</strong></span> <span class='ocrx_word' id='word_1_313' title='bbox 3154 547 3472 606; x_wconf 73' lang='lat' dir='ltr'><strong>constiterit.</strong></span> 
     </span>
    </p>
   </div>
   <div class='ocr_carea' id='block_1_48' title="bbox 1901 656 3476 781">
    <p class='ocr_par' dir='ltr' id='par_1_48' title="bbox 1901 656 3476 781">
     <span class='ocr_line' id='line_1_48' title="bbox 1901 656 3476 781; baseline 0.003 -72"><span class='ocrx_word' id='word_1_314' title='bbox 1901 656 1980 711; x_wconf 89' lang='lat' dir='ltr'><strong>De</strong></span> <span class='ocrx_word' id='word_1_315' title='bbox 2025 658 2103 712; x_wconf 78' lang='lat' dir='ltr'><strong>liis</strong></span> <span class='ocrx_word' id='word_1_316' title='bbox 2150 660 2253 729; x_wconf 85' lang='lat' dir='ltr'><strong>qui,</strong></span> <span class='ocrx_word' id='word_1_317' title='bbox 2294 674 2406 712; x_wconf 87' lang='lat' dir='ltr'><strong>cum</strong></span> <span class='ocrx_word' id='word_1_318' title='bbox 2462 668 2629 781; x_wconf 68' lang='lat' dir='ltr'><strong>esselnt</strong></span> <span class='ocrx_word' id='word_1_319' title='bbox 2671 658 3034 723; x_wconf 85' lang='lat' dir='ltr'><strong>catechumeni,</strong></span> <span class='ocrx_word' id='word_1_320' title='bbox 3091 659 3244 713; x_wconf 82' lang='lat' dir='ltr'><strong>idolis</strong></span> <span class='ocrx_word' id='word_1_321' title='bbox 3288 660 3476 714; x_wconf 82' lang='lat' dir='ltr'><strong>immo-</strong></span> 
     </span>
     <span class='ocr_line' id='line_1_49' title="bbox 2577 740 2808 781; baseline -0.004 0"><span class='ocrx_word' id='word_1_322' title='bbox 2577 740 2808 781; x_wconf 83' lang='lat' dir='ltr'><strong>averunt.</strong></span> 
     </span>
    </p>
   </div>
   <div class='ocr_carea' id='block_1_49' title="bbox 2577 740 2808 782">
    <p class='ocr_par' dir='ltr' id='par_1_49' title="bbox 2577 740 2808 782">
     <span class='ocr_line' id='line_1_50' title="bbox 2577 740 2808 782; baseline 0 -2"><span class='ocrx_word' id='word_1_323' title='bbox 2577 740 2808 782; x_wconf 83' lang='lat' dir='ltr'><strong>avertmt.</strong></span> 
     </span>
    </p>
   </div>
   <div class='ocr_carea' id='block_1_50' title="bbox 1968 834 3475 917">
    <p class='ocr_par' dir='ltr' id='par_1_50' title="bbox 1968 834 3475 917">
     <span class='ocr_line' id='line_1_51' title="bbox 1968 834 3475 917; baseline 0.003 -28"><span class='ocrx_word' id='word_1_324' title='bbox 1968 834 2157 917; x_wconf 72' lang='lat' dir='ltr'><strong>XXXI.</strong></span> <span class='ocrx_word' id='word_1_325' title='bbox 2198 835 2302 891; x_wconf 89' lang='lat' dir='ltr'><strong>Eos</strong></span> <span class='ocrx_word' id='word_1_326' title='bbox 2330 835 2420 905; x_wconf 94' lang='lat' dir='ltr'><strong>qui</strong></span> <span class='ocrx_word' id='word_1_327' title='bbox 2468 847 2593 892; x_wconf 89' lang='lat' dir='ltr'><strong>ante</strong></span> <span class='ocrx_word' id='word_1_328' title='bbox 2614 838 2874 906; x_wconf 88' lang='lat' dir='ltr'><strong>baptisma</strong></span> <span class='ocrx_word' id='word_1_329' title='bbox 2904 835 3342 892; x_wconf 83' lang='lat' dir='ltr'><strong>sacrificaverunt</strong></span> <span class='ocrx_word' id='word_1_330' title='bbox 3361 837 3475 893; x_wconf 85' lang='lat' dir='ltr'><strong>ido-</strong></span> 
     </span>
    </p>
   </div>
   <div class='ocr_carea' id='block_1_51' title="bbox 1898 927 3470 998">
    <p class='ocr_par' dir='ltr' id='par_1_51' title="bbox 1898 927 3470 998">
     <span class='ocr_line' id='line_1_52' title="bbox 1898 927 3470 998; baseline 0.001 -17"><span class='ocrx_word' id='word_1_331' title='bbox 1898 927 1981 992; x_wconf 89' lang='lat' dir='ltr'><strong>lis,</strong></span> <span class='ocrx_word' id='word_1_332' title='bbox 2015 935 2069 981; x_wconf 91' lang='lat' dir='ltr'><strong>et</strong></span> <span class='ocrx_word' id='word_1_333' title='bbox 2115 936 2300 995; x_wconf 88' lang='lat' dir='ltr'><strong>postea</strong></span> <span class='ocrx_word' id='word_1_334' title='bbox 2347 927 2607 997; x_wconf 88' lang='lat' dir='ltr'><strong>baptisma</strong></span> <span class='ocrx_word' id='word_1_335' title='bbox 2637 929 2913 982; x_wconf 88' lang='lat' dir='ltr'><strong>consecuti</strong></span> <span class='ocrx_word' id='word_1_336' title='bbox 2942 937 3102 990; x_wconf 91' lang='lat' dir='ltr'><strong>sunt,</strong></span> <span class='ocrx_word' id='word_1_337' title='bbox 3153 929 3354 998; x_wconf 83' lang='lat' dir='ltr'><strong>placuit</strong></span> <span class='ocrx_word' id='word_1_338' title='bbox 3399 929 3470 983; x_wconf 86' lang='lat' dir='ltr'><strong>ad</strong></span> 
     </span>
    </p>
   </div>
   <div class='ocr_carea' id='block_1_52' title="bbox 1897 1018 3110 1089">
    <p class='ocr_par' dir='ltr' id='par_1_52' title="bbox 1897 1018 3110 1089">
     <span class='ocr_line' id='line_1_53' title="bbox 1897 1018 3110 1089; baseline 0.002 -18"><span class='ocrx_word' id='word_1_339' title='bbox 1897 1018 2139 1072; x_wconf 90' lang='lat' dir='ltr'><strong>ordinem</strong></span> <span class='ocrx_word' id='word_1_340' title='bbox 2166 1018 2407 1089; x_wconf 86' lang='lat' dir='ltr'><strong>provehi,</strong></span> <span class='ocrx_word' id='word_1_341' title='bbox 2433 1018 2575 1087; x_wconf 89' lang='lat' dir='ltr'><strong>quod</strong></span> <span class='ocrx_word' id='word_1_342' title='bbox 2603 1019 2894 1088; x_wconf 87' lang='lat' dir='ltr'><strong>probentur</strong></span> <span class='ocrx_word' id='word_1_343' title='bbox 2922 1019 3110 1074; x_wconf 89' lang='lat' dir='ltr'><strong>abluti.</strong></span> 
     </span>
    </p>
   </div>
   <div class='ocr_carea' id='block_1_53' title="bbox 1897 1131 3460 1202">
    <p class='ocr_par' dir='ltr' id='par_1_53' title="bbox 1897 1131 3460 1202">
     <span class='ocr_line' id='line_1_54' title="bbox 1897 1131 3460 1202; baseline 0.001 -16"><span class='ocrx_word' id='word_1_344' title='bbox 1897 1131 2046 1196; x_wconf 80' lang='lat' dir='ltr'><strong>Quod</strong></span> <span class='ocrx_word' id='word_1_345' title='bbox 2082 1149 2184 1186; x_wconf 87' lang='lat' dir='ltr'><strong>non</strong></span> <span class='ocrx_word' id='word_1_346' title='bbox 2238 1140 2469 1202; x_wconf 84' lang='lat' dir='ltr'><strong>oporteat</strong></span> <span class='ocrx_word' id='word_1_347' title='bbox 2510 1133 2898 1202; x_wconf 83' lang='lat' dir='ltr'><strong>chorepiscopos</strong></span> <span class='ocrx_word' id='word_1_348' title='bbox 2939 1134 3151 1189; x_wconf 82' lang='lat' dir='ltr'><strong>clericos</strong></span> <span class='ocrx_word' id='word_1_349' title='bbox 3199 1135 3460 1202; x_wconf 84' lang='lat' dir='ltr'><strong>ordinare,</strong></span> 
     </span>
    </p>
   </div>
   <div class='ocr_carea' id='block_1_54' title="bbox 2350 1203 3007 1273">
    <p class='ocr_par' dir='ltr' id='par_1_54' title="bbox 2350 1203 3007 1273">
     <span class='ocr_line' id='line_1_55' title="bbox 2350 1203 3007 1273; baseline 0.005 -18"><span class='ocrx_word' id='word_1_350' title='bbox 2350 1203 2450 1255; x_wconf 83' lang='lat' dir='ltr'><strong>nisi</strong></span> <span class='ocrx_word' id='word_1_351' title='bbox 2478 1203 2531 1254; x_wconf 88' lang='lat' dir='ltr'><strong>in</strong></span> <span class='ocrx_word' id='word_1_352' title='bbox 2561 1203 2703 1273; x_wconf 85' lang='lat' dir='ltr'><strong>agris</strong></span> <span class='ocrx_word' id='word_1_353' title='bbox 2731 1213 2780 1256; x_wconf 92' lang='lat' dir='ltr'><strong>et</strong></span> <span class='ocrx_word' id='word_1_354' title='bbox 2800 1204 3007 1258; x_wconf 83' lang='lat' dir='ltr'><strong>villulis.</strong></span> 
     </span>
    </p>
   </div>
   <div class='ocr_carea' id='block_1_55' title="bbox 1962 1312 3456 1386">
    <p class='ocr_par' dir='ltr' id='par_1_55' title="bbox 1962 1312 3456 1386">
     <span class='ocr_line' id='line_1_56' title="bbox 1962 1312 3456 1386; baseline 0.001 -17"><span class='ocrx_word' id='word_1_355' title='bbox 1962 1312 2173 1369; x_wconf 87' lang='lat' dir='ltr'><strong>XXXII.</strong></span> <span class='ocrx_word' id='word_1_356' title='bbox 2212 1313 2624 1384; x_wconf 88' lang='lat' dir='ltr'><strong>Chorepiscopis</strong></span> <span class='ocrx_word' id='word_1_357' title='bbox 2647 1330 2752 1369; x_wconf 91' lang='lat' dir='ltr'><strong>non</strong></span> <span class='ocrx_word' id='word_1_358' title='bbox 2782 1314 2942 1369; x_wconf 91' lang='lat' dir='ltr'><strong>licere</strong></span> <span class='ocrx_word' id='word_1_359' title='bbox 2971 1314 3330 1386; x_wconf 84' lang='lat' dir='ltr'><strong>presbyteros,</strong></span> <span class='ocrx_word' id='word_1_360' title='bbox 3363 1324 3456 1370; x_wconf 85' lang='lat' dir='ltr'><strong>aut</strong></span> 
     </span>
    </p>
   </div>
   <div class='ocr_carea' id='block_1_56' title="bbox 1890 1405 3462 1476">
    <p class='ocr_par' dir='ltr' id='par_1_56' title="bbox 1890 1405 3462 1476">
     <span class='ocr_line' id='line_1_57' title="bbox 1890 1405 3462 1476; baseline 0.001 -15"><span class='ocrx_word' id='word_1_361' title='bbox 1890 1406 2148 1461; x_wconf 90' lang='lat' dir='ltr'><strong>diaconos</strong></span> <span class='ocrx_word' id='word_1_362' title='bbox 2176 1405 2442 1471; x_wconf 89' lang='lat' dir='ltr'><strong>ordinare,</strong></span> <span class='ocrx_word' id='word_1_363' title='bbox 2474 1405 2566 1460; x_wconf 90' lang='lat' dir='ltr'><strong>sed</strong></span> <span class='ocrx_word' id='word_1_364' title='bbox 2597 1420 2698 1459; x_wconf 91' lang='lat' dir='ltr'><strong>nec</strong></span> <span class='ocrx_word' id='word_1_365' title='bbox 2721 1406 3043 1476; x_wconf 88' lang='lat' dir='ltr'><strong>presbyteris</strong></span> <span class='ocrx_word' id='word_1_366' title='bbox 3071 1407 3322 1475; x_wconf 86' lang='lat' dir='ltr'><strong>civitatis,</strong></span> <span class='ocrx_word' id='word_1_367' title='bbox 3346 1408 3462 1462; x_wconf 88' lang='lat' dir='ltr'><strong>sine</strong></span> 
     </span>
    </p>
   </div>
   <div class='ocr_carea' id='block_1_57' title="bbox 1888 1495 3461 1568">
    <p class='ocr_par' dir='ltr' id='par_1_57' title="bbox 1888 1495 3461 1568">
     <span class='ocr_line' id='line_1_58' title="bbox 1888 1495 3461 1568; baseline 0.001 -17"><span class='ocrx_word' id='word_1_368' title='bbox 1888 1507 2157 1566; x_wconf 69' lang='lat' dir='ltr'><strong>pmcepto</strong></span> <span class='ocrx_word' id='word_1_369' title='bbox 2193 1496 2461 1568; x_wconf 88' lang='lat' dir='ltr'><strong>episc0pi,</strong></span> <span class='ocrx_word' id='word_1_370' title='bbox 2504 1495 2590 1550; x_wconf 82' lang='lat' dir='ltr'><strong>vel</strong></span> <span class='ocrx_word' id='word_1_371' title='bbox 2630 1496 2838 1560; x_wconf 84' lang='lat' dir='ltr'><strong>litteris,</strong></span> <span class='ocrx_word' id='word_1_372' title='bbox 2886 1496 2939 1550; x_wconf 92' lang='lat' dir='ltr'><strong>in</strong></span> <span class='ocrx_word' id='word_1_373' title='bbox 2996 1511 3314 1565; x_wconf 87' lang='lat' dir='ltr'><strong>unaquaque</strong></span> <span class='ocrx_word' id='word_1_374' title='bbox 3363 1513 3461 1568; x_wconf 86' lang='lat' dir='ltr'><strong>pa-</strong></span> 
     </span>
    </p>
   </div>
   <div class='ocr_carea' id='block_1_58' title="bbox 1888 1586 2093 1641">
    <p class='ocr_par' dir='ltr' id='par_1_58' title="bbox 1888 1586 2093 1641">
     <span class='ocr_line' id='line_1_59' title="bbox 1888 1586 2093 1641; baseline -0.01 0"><span class='ocrx_word' id='word_1_375' title='bbox 1888 1586 2093 1641; x_wconf 88' lang='lat' dir='ltr'><strong>rochia.</strong></span> 
     </span>
    </p>
   </div>
   <div class='ocr_carea' id='block_1_59' title="bbox 1889 1694 3458 1768">
    <p class='ocr_par' dir='ltr' id='par_1_59' title="bbox 1889 1694 3458 1768">
     <span class='ocr_line' id='line_1_60' title="bbox 1889 1694 3458 1768; baseline 0.003 -20"><span class='ocrx_word' id='word_1_376' title='bbox 1889 1694 2070 1749; x_wconf 75' lang='lat' dir='ltr'><strong>Deliis</strong></span> <span class='ocrx_word' id='word_1_377' title='bbox 2097 1698 2182 1767; x_wconf 87' lang='lat' dir='ltr'><strong>qui</strong></span> <span class='ocrx_word' id='word_1_378' title='bbox 2204 1712 2343 1749; x_wconf 88' lang='lat' dir='ltr'><strong>esum</strong></span> <span class='ocrx_word' id='word_1_379' title='bbox 2367 1695 2600 1748; x_wconf 86' lang='lat' dir='ltr'><strong>carnium</strong></span> <span class='ocrx_word' id='word_1_380' title='bbox 2629 1696 2684 1749; x_wconf 87' lang='lat' dir='ltr'><strong>in</strong></span> <span class='ocrx_word' id='word_1_381' title='bbox 2705 1696 2840 1751; x_wconf 87' lang='lat' dir='ltr'><strong>clero</strong></span> <span class='ocrx_word' id='word_1_382' title='bbox 2870 1696 3133 1751; x_wconf 83' lang='lat' dir='ltr'><strong>constituti</strong></span> <span class='ocrx_word' id='word_1_383' title='bbox 3160 1696 3458 1768; x_wconf 69' lang='lat' dir='ltr'><strong>diffugiunt.</strong></span> 
     </span>
    </p>
   </div>
   <div class='ocr_carea' id='block_1_60' title="bbox 1817 1805 3459 1879">
    <p class='ocr_par' dir='ltr' id='par_1_60' title="bbox 1817 1805 3459 1879">
     <span class='ocr_line' id='line_1_61' title="bbox 1817 1805 3459 1879; baseline 0.003 -20"><span class='ocrx_word' id='word_1_384' title='bbox 1817 1819 1859 1877; x_wconf 73' lang='grc' dir='ltr'><strong>Β</strong></span> <span class='ocrx_word' id='word_1_385' title='bbox 1957 1805 2191 1860; x_wconf 82' lang='lat' dir='ltr'><strong>XXXIII.</strong></span> <span class='ocrx_word' id='word_1_386' title='bbox 2232 1805 2296 1859; x_wconf 86' lang='lat' dir='ltr'><strong>lli</strong></span> <span class='ocrx_word' id='word_1_387' title='bbox 2325 1807 2415 1877; x_wconf 94' lang='lat' dir='ltr'><strong>qui</strong></span> <span class='ocrx_word' id='word_1_388' title='bbox 2442 1807 2495 1861; x_wconf 92' lang='lat' dir='ltr'><strong>in</strong></span> <span class='ocrx_word' id='word_1_389' title='bbox 2541 1807 2688 1862; x_wconf 89' lang='lat' dir='ltr'><strong>clero</strong></span> <span class='ocrx_word' id='word_1_390' title='bbox 2708 1816 2831 1862; x_wconf 91' lang='lat' dir='ltr'><strong>sunt</strong></span> <span class='ocrx_word' id='word_1_391' title='bbox 2876 1808 3202 1879; x_wconf 85' lang='lat' dir='ltr'><strong>presbyteri,</strong></span> <span class='ocrx_word' id='word_1_392' title='bbox 3242 1819 3297 1864; x_wconf 91' lang='lat' dir='ltr'><strong>et</strong></span> <span class='ocrx_word' id='word_1_393' title='bbox 3343 1809 3459 1864; x_wconf 76' lang='lat' dir='ltr'><strong>dia-</strong></span> 
     </span>
    </p>
   </div>
   <div class='ocr_carea' id='block_1_61' title="bbox 1888 1896 3457 1969">
    <p class='ocr_par' dir='ltr' id='par_1_61' title="bbox 1888 1896 3457 1969">
     <span class='ocr_line' id='line_1_62' title="bbox 1888 1896 3457 1969; baseline 0.002 -18"><span class='ocrx_word' id='word_1_394' title='bbox 1888 1897 2032 1961; x_wconf 89' lang='lat' dir='ltr'><strong>coni,</strong></span> <span class='ocrx_word' id='word_1_395' title='bbox 2064 1903 2119 1951; x_wconf 93' lang='lat' dir='ltr'><strong>et</strong></span> <span class='ocrx_word' id='word_1_396' title='bbox 2147 1911 2178 1950; x_wconf 91' lang='lat' dir='ltr'><strong>a</strong></span> <span class='ocrx_word' id='word_1_397' title='bbox 2226 1896 2475 1951; x_wconf 87' lang='lat' dir='ltr'><strong>carnibus</strong></span> <span class='ocrx_word' id='word_1_398' title='bbox 2519 1897 2825 1962; x_wconf 91' lang='lat' dir='ltr'><strong>abstinent,</strong></span> <span class='ocrx_word' id='word_1_399' title='bbox 2869 1897 3067 1967; x_wconf 89' lang='lat' dir='ltr'><strong>placuit</strong></span> <span class='ocrx_word' id='word_1_400' title='bbox 3112 1913 3204 1952; x_wconf 91' lang='lat' dir='ltr'><strong>eas</strong></span> <span class='ocrx_word' id='word_1_401' title='bbox 3241 1899 3457 1969; x_wconf 87' lang='lat' dir='ltr'><strong>quidem</strong></span> 
     </span>
    </p>
   </div>
   <div class='ocr_carea' id='block_1_62' title="bbox 1886 1986 3455 2062">
    <p class='ocr_par' dir='ltr' id='par_1_62' title="bbox 1886 1986 3455 2062">
     <span class='ocr_line' id='line_1_63' title="bbox 1886 1986 3455 2062; baseline 0.001 -22"><span class='ocrx_word' id='word_1_402' title='bbox 1886 1987 2214 2062; x_wconf 84' lang='lat' dir='ltr'><strong>contingere,</strong></span> <span class='ocrx_word' id='word_1_403' title='bbox 2237 1994 2289 2040; x_wconf 89' lang='lat' dir='ltr'><strong>et</strong></span> <span class='ocrx_word' id='word_1_404' title='bbox 2320 1986 2413 2049; x_wconf 92' lang='lat' dir='ltr'><strong>ita,</strong></span> <span class='ocrx_word' id='word_1_405' title='bbox 2445 1986 2488 2040; x_wconf 92' lang='lat' dir='ltr'><strong>si</strong></span> <span class='ocrx_word' id='word_1_406' title='bbox 2516 1986 2798 2051; x_wconf 88' lang='lat' dir='ltr'><strong>voluerint,</strong></span> <span class='ocrx_word' id='word_1_407' title='bbox 2819 1986 3115 2041; x_wconf 90' lang='lat' dir='ltr'><strong>continere.</strong></span> <span class='ocrx_word' id='word_1_408' title='bbox 3138 1986 3285 2053; x_wconf 72' lang='lat' dir='ltr'><strong>Quod</strong></span> <span class='ocrx_word' id='word_1_409' title='bbox 3325 1988 3370 2041; x_wconf 89' lang='lat' dir='ltr'><strong>si</strong></span> <span class='ocrx_word' id='word_1_410' title='bbox 3401 2005 3455 2042; x_wconf 88' lang='grc' dir='ltr'><strong>ιη</strong></span> 
     </span>
    </p>
   </div>
   <div class='ocr_carea' id='block_1_63' title="bbox 1887 2076 3457 2145">
    <p class='ocr_par' dir='ltr' id='par_1_63' title="bbox 1887 2076 3457 2145">
     <span class='ocr_line' id='line_1_64' title="bbox 1887 2076 3457 2145; baseline 0.003 -17"><span class='ocrx_word' id='word_1_411' title='bbox 1887 2084 2089 2129; x_wconf 88' lang='lat' dir='ltr'><strong>tantum</strong></span> <span class='ocrx_word' id='word_1_412' title='bbox 2119 2091 2211 2130; x_wconf 90' lang='lat' dir='ltr'><strong>eas</strong></span> <span class='ocrx_word' id='word_1_413' title='bbox 2240 2076 2635 2144; x_wconf 87' lang='lat' dir='ltr'><strong>abominantur,</strong></span> <span class='ocrx_word' id='word_1_414' title='bbox 2666 2085 2845 2131; x_wconf 89' lang='lat' dir='ltr'><strong>utnec</strong></span> <span class='ocrx_word' id='word_1_415' title='bbox 2871 2076 3035 2141; x_wconf 86' lang='lat' dir='ltr'><strong>olera,</strong></span> <span class='ocrx_word' id='word_1_416' title='bbox 3067 2092 3184 2145; x_wconf 74' lang='lat' dir='ltr'><strong>qua:</strong></span> <span class='ocrx_word' id='word_1_417' title='bbox 3223 2094 3341 2131; x_wconf 89' lang='lat' dir='ltr'><strong>cum</strong></span> <span class='ocrx_word' id='word_1_418' title='bbox 3379 2080 3457 2133; x_wconf 89' lang='lat' dir='ltr'><strong>eis</strong></span> 
     </span>
    </p>
   </div>
   <div class='ocr_carea' id='block_1_64' title="bbox 1883 2165 3454 2236">
    <p class='ocr_par' dir='ltr' id='par_1_64' title="bbox 1883 2165 3454 2236">
     <span class='ocr_line' id='line_1_65' title="bbox 1883 2165 3454 2236; baseline -0.001 -15"><span class='ocrx_word' id='word_1_419' title='bbox 1883 2174 2214 2236; x_wconf 88' lang='lat' dir='ltr'><strong>coquuntur,</strong></span> <span class='ocrx_word' id='word_1_420' title='bbox 2265 2165 2573 2221; x_wconf 91' lang='lat' dir='ltr'><strong>existiment</strong></span> <span class='ocrx_word' id='word_1_421' title='bbox 2619 2165 2987 2233; x_wconf 87' lang='lat' dir='ltr'><strong>comedenda,</strong></span> <span class='ocrx_word' id='word_1_422' title='bbox 3046 2174 3297 2234; x_wconf 90' lang='lat' dir='ltr'><strong>tanquam</strong></span> <span class='ocrx_word' id='word_1_423' title='bbox 3346 2182 3454 2220; x_wconf 90' lang='lat' dir='ltr'><strong>non</strong></span> 
     </span>
    </p>
   </div>
   <div class='ocr_carea' id='block_1_65' title="bbox 1882 2252 3453 2323">
    <p class='ocr_par' dir='ltr' id='par_1_65' title="bbox 1882 2252 3453 2323">
     <span class='ocr_line' id='line_1_66' title="bbox 1882 2252 3453 2323; baseline 0 -14"><span class='ocrx_word' id='word_1_424' title='bbox 1882 2253 2284 2309; x_wconf 87' lang='lat' dir='ltr'><strong>consentientes</strong></span> <span class='ocrx_word' id='word_1_425' title='bbox 2324 2252 2540 2323; x_wconf 65' lang='lat' dir='ltr'><strong>regulae,</strong></span> <span class='ocrx_word' id='word_1_426' title='bbox 2574 2253 2641 2307; x_wconf 87' lang='lat' dir='ltr'><strong>ab</strong></span> <span class='ocrx_word' id='word_1_427' title='bbox 2680 2252 2867 2307; x_wconf 90' lang='lat' dir='ltr'><strong>ordine</strong></span> <span class='ocrx_word' id='word_1_428' title='bbox 2913 2265 3125 2307; x_wconf 87' lang='lat' dir='ltr'><strong>cessare</strong></span> <span class='ocrx_word' id='word_1_429' title='bbox 3164 2253 3453 2309; x_wconf 89' lang='lat' dir='ltr'><strong>debebunt.</strong></span> 
     </span>
    </p>
   </div>
   <div class='ocr_carea' id='block_1_66' title="bbox 1882 2365 3455 2437">
    <p class='ocr_par' dir='ltr' id='par_1_66' title="bbox 1882 2365 3455 2437">
     <span class='ocr_line' id='line_1_67' title="bbox 1882 2365 3455 2437; baseline 0 -15"><span class='ocrx_word' id='word_1_430' title='bbox 1882 2368 1962 2424; x_wconf 88' lang='lat' dir='ltr'><strong>De</strong></span> <span class='ocrx_word' id='word_1_431' title='bbox 1988 2368 2137 2423; x_wconf 87' lang='lat' dir='ltr'><strong>rebus</strong></span> <span class='ocrx_word' id='word_1_432' title='bbox 2161 2366 2517 2437; x_wconf 77' lang='lat' dir='ltr'><strong>ecclesiasticis</strong></span> <span class='ocrx_word' id='word_1_433' title='bbox 2538 2382 2597 2437; x_wconf 85' lang='lat' dir='ltr'><strong>eo</strong></span> <span class='ocrx_word' id='word_1_434' title='bbox 2638 2376 2861 2434; x_wconf 82' lang='lat' dir='ltr'><strong>tempore</strong></span> <span class='ocrx_word' id='word_1_435' title='bbox 2888 2365 3167 2435; x_wconf 80' lang='lat' dir='ltr'><strong>distractis,</strong></span> <span class='ocrx_word' id='word_1_436' title='bbox 3201 2382 3298 2436; x_wconf 87' lang='lat' dir='ltr'><strong>quo</strong></span> <span class='ocrx_word' id='word_1_437' title='bbox 3325 2368 3455 2437; x_wconf 74' lang='lat' dir='ltr'><strong>ipsa:</strong></span> 
     </span>
    </p>
   </div>
   <div class='ocr_carea' id='block_1_67' title="bbox 2249 2436 3081 2506">
    <p class='ocr_par' dir='ltr' id='par_1_67' title="bbox 2249 2436 3081 2506">
     <span class='ocr_line' id='line_1_68' title="bbox 2249 2436 3081 2506; baseline -0.002 -17"><span class='ocrx_word' id='word_1_438' title='bbox 2249 2436 2497 2490; x_wconf 78' lang='lat' dir='ltr'><strong>Ecclesia:</strong></span> <span class='ocrx_word' id='word_1_439' title='bbox 2518 2436 2787 2489; x_wconf 75' lang='lat' dir='ltr'><strong>viduantur</strong></span> <span class='ocrx_word' id='word_1_440' title='bbox 2811 2436 3081 2506; x_wconf 85' lang='lat' dir='ltr'><strong>episcopis.</strong></span> 
     </span>
    </p>
   </div>
   <div class='ocr_carea' id='block_1_68' title="bbox 1950 2542 3456 2615">
    <p class='ocr_par' dir='ltr' id='par_1_68' title="bbox 1950 2542 3456 2615">
     <span class='ocr_line' id='line_1_69' title="bbox 1950 2542 3456 2615; baseline -0.001 -14"><span class='ocrx_word' id='word_1_441' title='bbox 1950 2544 2187 2601; x_wconf 81' lang='lat' dir='ltr'><strong>XXXIV.</strong></span> <span class='ocrx_word' id='word_1_442' title='bbox 2229 2544 2306 2599; x_wconf 92' lang='lat' dir='ltr'><strong>De</strong></span> <span class='ocrx_word' id='word_1_443' title='bbox 2326 2545 2409 2601; x_wconf 89' lang='lat' dir='ltr'><strong>his</strong></span> <span class='ocrx_word' id='word_1_444' title='bbox 2437 2559 2556 2613; x_wconf 62' lang='lat' dir='ltr'><strong>quae</strong></span> <span class='ocrx_word' id='word_1_445' title='bbox 2597 2544 2867 2613; x_wconf 89' lang='lat' dir='ltr'><strong>pertinent</strong></span> <span class='ocrx_word' id='word_1_446' title='bbox 2888 2544 2953 2598; x_wconf 90' lang='lat' dir='ltr'><strong>ad</strong></span> <span class='ocrx_word' id='word_1_447' title='bbox 2973 2542 3287 2612; x_wconf 82' lang='lat' dir='ltr'><strong>Ecclesiam,</strong></span> <span class='ocrx_word' id='word_1_448' title='bbox 3313 2560 3456 2615; x_wconf 67' lang='lat' dir='ltr'><strong>qum-</strong></span> 
     </span>
    </p>
   </div>
   <div class='ocr_carea' id='block_1_69' title="bbox 1878 2633 3455 2708">
    <p class='ocr_par' dir='ltr' id='par_1_69' title="bbox 1878 2633 3455 2708">
     <span class='ocr_line' id='line_1_70' title="bbox 1878 2633 3455 2708; baseline -0.003 -14"><span class='ocrx_word' id='word_1_449' title='bbox 1878 2652 2107 2708; x_wconf 90' lang='lat' dir='ltr'><strong>cunque,</strong></span> <span class='ocrx_word' id='word_1_450' title='bbox 2140 2650 2261 2691; x_wconf 89' lang='lat' dir='ltr'><strong>cum</strong></span> <span class='ocrx_word' id='word_1_451' title='bbox 2294 2650 2399 2690; x_wconf 92' lang='lat' dir='ltr'><strong>non</strong></span> <span class='ocrx_word' id='word_1_452' title='bbox 2428 2642 2572 2689; x_wconf 89' lang='lat' dir='ltr'><strong>esset</strong></span> <span class='ocrx_word' id='word_1_453' title='bbox 2605 2633 2909 2703; x_wconf 89' lang='lat' dir='ltr'><strong>episcopus,</strong></span> <span class='ocrx_word' id='word_1_454' title='bbox 2956 2635 3252 2705; x_wconf 86' lang='lat' dir='ltr'><strong>presbyteri</strong></span> <span class='ocrx_word' id='word_1_455' title='bbox 3277 2636 3455 2690; x_wconf 81' lang='lat' dir='ltr'><strong>vcndi-</strong></span> 
     </span>
    </p>
   </div>
   <div class='ocr_carea' id='block_1_70' title="bbox 1877 2723 3455 2797">
    <p class='ocr_par' dir='ltr' id='par_1_70' title="bbox 1877 2723 3455 2797">
     <span class='ocr_line' id='line_1_71' title="bbox 1877 2723 3455 2797; baseline -0.002 -14"><span class='ocrx_word' id='word_1_456' title='bbox 1877 2729 2106 2791; x_wconf 89' lang='lat' dir='ltr'><strong>derunt,</strong></span> <span class='ocrx_word' id='word_1_457' title='bbox 2140 2726 2359 2797; x_wconf 92' lang='lat' dir='ltr'><strong>placuit,</strong></span> <span class='ocrx_word' id='word_1_458' title='bbox 2391 2724 2631 2779; x_wconf 83' lang='lat' dir='ltr'><strong>rescisso‘</strong></span> <span class='ocrx_word' id='word_1_459' title='bbox 2666 2732 2968 2792; x_wconf 89' lang='lat' dir='ltr'><strong>contractu,</strong></span> <span class='ocrx_word' id='word_1_460' title='bbox 3016 2723 3083 2778; x_wconf 91' lang='lat' dir='ltr'><strong>ad</strong></span> <span class='ocrx_word' id='word_1_461' title='bbox 3115 2724 3236 2793; x_wconf 91' lang='lat' dir='ltr'><strong>jura</strong></span> <span class='ocrx_word' id='word_1_462' title='bbox 3281 2726 3455 2781; x_wconf 68' lang='lat' dir='ltr'><strong>eccle-</strong></span> 
     </span>
    </p>
   </div>
   <div class='ocr_carea' id='block_1_71' title="bbox 1877 2814 3453 2885">
    <p class='ocr_par' dir='ltr' id='par_1_71' title="bbox 1877 2814 3453 2885">
     <span class='ocr_line' id='line_1_72' title="bbox 1877 2814 3453 2885; baseline -0.002 -10"><span class='ocrx_word' id='word_1_463' title='bbox 1877 2819 2094 2875; x_wconf 84' lang='lat' dir='ltr'><strong>siastica</strong></span> <span class='ocrx_word' id='word_1_464' title='bbox 2125 2818 2389 2873; x_wconf 89' lang='lat' dir='ltr'><strong>revocari.</strong></span> <span class='ocrx_word' id='word_1_465' title='bbox 2417 2814 2473 2868; x_wconf 87' lang='lat' dir='ltr'><strong>In</strong></span> <span class='ocrx_word' id='word_1_466' title='bbox 2492 2814 2694 2885; x_wconf 85' lang='lat' dir='ltr'><strong>judicio</strong></span> <span class='ocrx_word' id='word_1_467' title='bbox 2737 2823 2914 2869; x_wconf 90' lang='lat' dir='ltr'><strong>autem</strong></span> <span class='ocrx_word' id='word_1_468' title='bbox 2943 2816 3046 2870; x_wconf 91' lang='lat' dir='ltr'><strong>erit</strong></span> <span class='ocrx_word' id='word_1_469' title='bbox 3097 2816 3354 2885; x_wconf 89' lang='lat' dir='ltr'><strong>episcopi,</strong></span> <span class='ocrx_word' id='word_1_470' title='bbox 3406 2816 3453 2872; x_wconf 87' lang='lat' dir='ltr'><strong>si</strong></span> 
     </span>
    </p>
   </div>
   <div class='ocr_carea' id='block_1_72' title="bbox 1876 2905 3449 2978">
    <p class='ocr_par' dir='ltr' id='par_1_72' title="bbox 1876 2905 3449 2978">
     <span class='ocr_line' id='line_1_73' title="bbox 1876 2905 3449 2978; baseline -0.001 -16"><span class='ocrx_word' id='word_1_471' title='bbox 1876 2909 2102 2978; x_wconf 88' lang='lat' dir='ltr'><strong>pretium</strong></span> <span class='ocrx_word' id='word_1_472' title='bbox 2127 2906 2320 2962; x_wconf 90' lang='lat' dir='ltr'><strong>debeat</strong></span> <span class='ocrx_word' id='word_1_473' title='bbox 2337 2906 2521 2976; x_wconf 89' lang='lat' dir='ltr'><strong>recipi,</strong></span> <span class='ocrx_word' id='word_1_474' title='bbox 2554 2920 2725 2961; x_wconf 90' lang='lat' dir='ltr'><strong>necne</strong></span> <span class='ocrx_word' id='word_1_475' title='bbox 2750 2923 2762 2957; x_wconf 92' lang='lat'><strong>:</strong></span> <span class='ocrx_word' id='word_1_476' title='bbox 2787 2905 2911 2976; x_wconf 87' lang='lat' dir='ltr'><strong>quia</strong></span> <span class='ocrx_word' id='word_1_477' title='bbox 2933 2906 3245 2975; x_wconf 86' lang='lat' dir='ltr'><strong>plerumque</strong></span> <span class='ocrx_word' id='word_1_478' title='bbox 3267 2922 3449 2960; x_wconf 87' lang='lat' dir='ltr'><strong>rerum</strong></span> 
     </span>
    </p>
   </div>
   <div class='ocr_carea' id='block_1_73' title="bbox 1876 2996 3448 3067">
    <p class='ocr_par' dir='ltr' id='par_1_73' title="bbox 1876 2996 3448 3067">
     <span class='ocr_line' id='line_1_74' title="bbox 1876 2996 3448 3067; baseline 0.001 -15"><span class='ocrx_word' id='word_1_479' title='bbox 1876 2998 2256 3053; x_wconf 88' lang='lat' dir='ltr'><strong>distractarum</strong></span> <span class='ocrx_word' id='word_1_480' title='bbox 2278 2997 2478 3052; x_wconf 90' lang='lat' dir='ltr'><strong>reditus</strong></span> <span class='ocrx_word' id='word_1_481' title='bbox 2501 2996 2816 3067; x_wconf 87' lang='lat' dir='ltr'><strong>ampliorem</strong></span> <span class='ocrx_word' id='word_1_482' title='bbox 2844 3011 3105 3053; x_wconf 88' lang='lat' dir='ltr'><strong>summam</strong></span> <span class='ocrx_word' id='word_1_483' title='bbox 3132 3012 3232 3066; x_wconf 90' lang='lat' dir='ltr'><strong>pro</strong></span> <span class='ocrx_word' id='word_1_484' title='bbox 3273 2998 3448 3067; x_wconf 90' lang='lat' dir='ltr'><strong>pretio</strong></span> 
     </span>
    </p>
   </div>
   <div class='ocr_carea' id='block_1_74' title="bbox 1873 3086 2333 3143">
    <p class='ocr_par' dir='ltr' id='par_1_74' title="bbox 1873 3086 2333 3143">
     <span class='ocr_line' id='line_1_75' title="bbox 1873 3086 2333 3143; baseline -0.004 -1"><span class='ocrx_word' id='word_1_485' title='bbox 1873 3087 1999 3143; x_wconf 89' lang='lat' dir='ltr'><strong>dato</strong></span> <span class='ocrx_word' id='word_1_486' title='bbox 2025 3086 2333 3143; x_wconf 86' lang='lat' dir='ltr'><strong>reddiderit.</strong></span> 
     </span>
    </p>
   </div>
   <div class='ocr_carea' id='block_1_75' title="bbox 1803 3181 3445 3273">
    <p class='ocr_par' dir='ltr' id='par_1_75' title="bbox 1803 3181 3445 3273">
     <span class='ocr_line' id='line_1_76' title="bbox 1803 3181 3445 3273; baseline 0.002 -21"><span class='ocrx_word' id='word_1_487' title='bbox 1803 3181 1846 3237; x_wconf 69' lang='grc' dir='ltr'><strong>θ</strong></span> <span class='ocrx_word' id='word_1_488' title='bbox 1873 3197 1953 3253; x_wconf 86' lang='lat' dir='ltr'><strong>De</strong></span> <span class='ocrx_word' id='word_1_489' title='bbox 2002 3199 2093 3273; x_wconf 74' lang='lat' dir='ltr'><strong>liis</strong></span> <span class='ocrx_word' id='word_1_490' title='bbox 2130 3199 2214 3268; x_wconf 88' lang='lat' dir='ltr'><strong>qui</strong></span> <span class='ocrx_word' id='word_1_491' title='bbox 2258 3199 2580 3273; x_wconf 69' lang='lat' dir='ltr'><strong>fornicamur</strong></span> <span class='ocrx_word' id='word_1_492' title='bbox 2625 3197 3067 3273; x_wconf 80' lang='lat' dir='ltr'><strong>irrationabiliter,</strong></span> <span class='ocrx_word' id='word_1_493' title='bbox 3115 3199 3171 3273; x_wconf 81' lang='lat' dir='ltr'><strong>id</strong></span> <span class='ocrx_word' id='word_1_494' title='bbox 3208 3207 3286 3254; x_wconf 84' lang='lat' dir='ltr'><strong>est</strong></span> <span class='ocrx_word' id='word_1_495' title='bbox 3357 3200 3445 3273; x_wconf 86' lang='lat' dir='ltr'><strong>qui</strong></span> 
     </span>
    </p>
   </div>
   <div class='ocr_carea' id='block_1_76' title="bbox 1943 3267 3370 3340">
    <p class='ocr_par' dir='ltr' id='par_1_76' title="bbox 1943 3267 3370 3340">
     <span class='ocr_line' id='line_1_77' title="bbox 1943 3267 3370 3340; baseline 0.001 -17"><span class='ocrx_word' id='word_1_496' title='bbox 1943 3267 2217 3323; x_wconf 84' lang='lat' dir='ltr'><strong>miscentur</strong></span> <span class='ocrx_word' id='word_1_497' title='bbox 2235 3267 2519 3340; x_wconf 72' lang='lat' dir='ltr'><strong>pecoribus,</strong></span> <span class='ocrx_word' id='word_1_498' title='bbox 2549 3276 2639 3321; x_wconf 90' lang='lat' dir='ltr'><strong>aut</strong></span> <span class='ocrx_word' id='word_1_499' title='bbox 2663 3285 2777 3322; x_wconf 88' lang='lat' dir='ltr'><strong>cum</strong></span> <span class='ocrx_word' id='word_1_500' title='bbox 2797 3272 3037 3323; x_wconf 81' lang='lat' dir='ltr'><strong>masculis</strong></span> <span class='ocrx_word' id='word_1_501' title='bbox 3057 3270 3370 3340; x_wconf 86' lang='lat' dir='ltr'><strong>polluuntur.</strong></span> 
     </span>
    </p>
   </div>
   <div class='ocr_carea' id='block_1_77' title="bbox 1941 3378 3442 3450">
    <p class='ocr_par' dir='ltr' id='par_1_77' title="bbox 1941 3378 3442 3450">
     <span class='ocr_line' id='line_1_78' title="bbox 1941 3378 3442 3450; baseline 0.002 -15"><span class='ocrx_word' id='word_1_502' title='bbox 1941 3378 2156 3435; x_wconf 86' lang='lat' dir='ltr'><strong>XXXV.</strong></span> <span class='ocrx_word' id='word_1_503' title='bbox 2195 3379 2273 3435; x_wconf 90' lang='lat' dir='ltr'><strong>De</strong></span> <span class='ocrx_word' id='word_1_504' title='bbox 2310 3379 2394 3434; x_wconf 91' lang='lat' dir='ltr'><strong>his</strong></span> <span class='ocrx_word' id='word_1_505' title='bbox 2436 3380 2526 3448; x_wconf 89' lang='lat' dir='ltr'><strong>qui</strong></span> <span class='ocrx_word' id='word_1_506' title='bbox 2572 3380 3009 3436; x_wconf 89' lang='lat' dir='ltr'><strong>irrationabiliter</strong></span> <span class='ocrx_word' id='word_1_507' title='bbox 3054 3383 3250 3437; x_wconf 89' lang='lat' dir='ltr'><strong>versati</strong></span> <span class='ocrx_word' id='word_1_508' title='bbox 3300 3392 3442 3450; x_wconf 88' lang='lat' dir='ltr'><strong>sunt,</strong></span> 
     </span>
    </p>
   </div>
   <div class='ocr_carea' id='block_1_78' title="bbox 1871 3470 3443 3539">
    <p class='ocr_par' dir='ltr' id='par_1_78' title="bbox 1871 3470 3443 3539">
     <span class='ocr_line' id='line_1_79' title="bbox 1871 3470 3443 3539; baseline -0.001 -12"><span class='ocrx_word' id='word_1_509' title='bbox 1871 3470 1986 3527; x_wconf 90' lang='lat' dir='ltr'><strong>sive</strong></span> <span class='ocrx_word' id='word_1_510' title='bbox 2013 3476 2316 3537; x_wconf 85' lang='lat' dir='ltr'><strong>versantur,</strong></span> <span class='ocrx_word' id='word_1_511' title='bbox 2342 3477 2608 3539; x_wconf 85' lang='lat' dir='ltr'><strong>quotquot</strong></span> <span class='ocrx_word' id='word_1_512' title='bbox 2634 3478 2758 3523; x_wconf 87' lang='lat' dir='ltr'><strong>ante</strong></span> <span class='ocrx_word' id='word_1_513' title='bbox 2787 3470 3095 3525; x_wconf 89' lang='lat' dir='ltr'><strong>vicesimum</strong></span> <span class='ocrx_word' id='word_1_514' title='bbox 3117 3484 3314 3524; x_wconf 90' lang='lat' dir='ltr'><strong>annum</strong></span> <span class='ocrx_word' id='word_1_515' title='bbox 3337 3471 3443 3526; x_wconf 90' lang='lat' dir='ltr'><strong>tale</strong></span> 
     </span>
    </p>
   </div>
   <div class='ocr_carea' id='block_1_79' title="bbox 1872 3558 3444 3630">
    <p class='ocr_par' dir='ltr' id='par_1_79' title="bbox 1872 3558 3444 3630">
     <span class='ocr_line' id='line_1_80' title="bbox 1872 3558 3444 3630; baseline 0.001 -16"><span class='ocrx_word' id='word_1_516' title='bbox 1872 3560 2074 3615; x_wconf 90' lang='lat' dir='ltr'><strong>crimen</strong></span> <span class='ocrx_word' id='word_1_517' title='bbox 2100 3559 2484 3622; x_wconf 89' lang='lat' dir='ltr'><strong>commiserint,</strong></span> <span class='ocrx_word' id='word_1_518' title='bbox 2517 3558 2819 3627; x_wconf 87' lang='lat' dir='ltr'><strong>quindecim</strong></span> <span class='ocrx_word' id='word_1_519' title='bbox 2848 3558 3000 3612; x_wconf 84' lang='lat' dir='ltr'><strong>annis</strong></span> <span class='ocrx_word' id='word_1_520' title='bbox 3027 3559 3227 3614; x_wconf 88' lang='lat' dir='ltr'><strong>exactis</strong></span> <span class='ocrx_word' id='word_1_521' title='bbox 3255 3560 3306 3613; x_wconf 93' lang='lat' dir='ltr'><strong>in</strong></span> <span class='ocrx_word' id='word_1_522' title='bbox 3333 3576 3444 3630; x_wconf 67' lang='lat' dir='ltr'><strong>pa:-</strong></span> 
     </span>
    </p>
   </div>
   <div class='ocr_carea' id='block_1_80' title="bbox 1872 3648 3443 3714">
    <p class='ocr_par' dir='ltr' id='par_1_80' title="bbox 1872 3648 3443 3714">
     <span class='ocr_line' id='line_1_81' title="bbox 1872 3648 3443 3714; baseline 0.001 -11"><span class='ocrx_word' id='word_1_523' title='bbox 1872 3649 2115 3714; x_wconf 89' lang='lat' dir='ltr'><strong>nitentia,</strong></span> <span class='ocrx_word' id='word_1_524' title='bbox 2138 3649 2568 3702; x_wconf 89' lang='lat' dir='ltr'><strong>communionem</strong></span> <span class='ocrx_word' id='word_1_525' title='bbox 2584 3657 2889 3701; x_wconf 87' lang='lat' dir='ltr'><strong>mereantur</strong></span> <span class='ocrx_word' id='word_1_526' title='bbox 2900 3649 3198 3703; x_wconf 89' lang='lat' dir='ltr'><strong>orationum</strong></span> <span class='ocrx_word' id='word_1_527' title='bbox 3221 3648 3443 3705; x_wconf 83' lang='lat' dir='ltr'><strong>:deinde</strong></span> 
     </span>
    </p>
   </div>
   <div class='ocr_carea' id='block_1_81' title="bbox 1870 3737 3443 3808">
    <p class='ocr_par' dir='ltr' id='par_1_81' title="bbox 1870 3737 3443 3808">
     <span class='ocr_line' id='line_1_82' title="bbox 1870 3737 3443 3808; baseline 0.003 -15"><span class='ocrx_word' id='word_1_528' title='bbox 1870 3738 2235 3808; x_wconf 90' lang='lat' dir='ltr'><strong>quinquennio</strong></span> <span class='ocrx_word' id='word_1_529' title='bbox 2261 3737 2314 3791; x_wconf 91' lang='lat' dir='ltr'><strong>in</strong></span> <span class='ocrx_word' id='word_1_530' title='bbox 2344 3737 2445 3792; x_wconf 90' lang='lat' dir='ltr'><strong>hac</strong></span> <span class='ocrx_word' id='word_1_531' title='bbox 2476 3740 2854 3793; x_wconf 89' lang='lat' dir='ltr'><strong>communione</strong></span> <span class='ocrx_word' id='word_1_532' title='bbox 2894 3739 3164 3805; x_wconf 89' lang='lat' dir='ltr'><strong>durantes,</strong></span> <span class='ocrx_word' id='word_1_533' title='bbox 3196 3750 3323 3797; x_wconf 90' lang='lat' dir='ltr'><strong>tunc</strong></span> <span class='ocrx_word' id='word_1_534' title='bbox 3348 3741 3443 3797; x_wconf 85' lang='lat' dir='ltr'><strong>de-</strong></span> 
     </span>
    </p>
   </div>
   <div class='ocr_carea' id='block_1_82' title="bbox 1870 3829 3444 3904">
    <p class='ocr_par' dir='ltr' id='par_1_82' title="bbox 1870 3829 3444 3904">
     <span class='ocr_line' id='line_1_83' title="bbox 1870 3829 3444 3904; baseline 0.001 -20"><span class='ocrx_word' id='word_1_535' title='bbox 1870 3846 2019 3885; x_wconf 89' lang='lat' dir='ltr'><strong>mum</strong></span> <span class='ocrx_word' id='word_1_536' title='bbox 2045 3829 2330 3884; x_wconf 88' lang='lat' dir='ltr'><strong>oblationis</strong></span> <span class='ocrx_word' id='word_1_537' title='bbox 2364 3838 2703 3883; x_wconf 88' lang='lat' dir='ltr'><strong>sacramenta</strong></span> <span class='ocrx_word' id='word_1_538' title='bbox 2746 3830 3078 3904; x_wconf 86' lang='lat' dir='ltr'><strong>contingant.</strong></span> <span class='ocrx_word' id='word_1_539' title='bbox 3119 3830 3444 3885; x_wconf 89' lang='lat' dir='ltr'><strong>Discutiatur</strong></span> 
     </span>
    </p>
   </div>
   <div class='ocr_carea' id='block_1_83' title="bbox 1872 3920 3442 3992">
    <p class='ocr_par' dir='ltr' id='par_1_83' title="bbox 1872 3920 3442 3992">
     <span class='ocr_line' id='line_1_84' title="bbox 1872 3920 3442 3992; baseline 0.002 -16"><span class='ocrx_word' id='word_1_540' title='bbox 1872 3933 2053 3976; x_wconf 89' lang='lat' dir='ltr'><strong>autem</strong></span> <span class='ocrx_word' id='word_1_541' title='bbox 2099 3928 2155 3975; x_wconf 90' lang='lat' dir='ltr'><strong>et</strong></span> <span class='ocrx_word' id='word_1_542' title='bbox 2192 3920 2300 3974; x_wconf 91' lang='lat' dir='ltr'><strong>vita</strong></span> <span class='ocrx_word' id='word_1_543' title='bbox 2330 3935 2541 3987; x_wconf 89' lang='lat' dir='ltr'><strong>eorum,</strong></span> <span class='ocrx_word' id='word_1_544' title='bbox 2586 3920 2759 3990; x_wconf 89' lang='lat' dir='ltr'><strong>qualis</strong></span> <span class='ocrx_word' id='word_1_545' title='bbox 2806 3930 3046 3991; x_wconf 87' lang='lat' dir='ltr'><strong>tempore</strong></span> <span class='ocrx_word' id='word_1_546' title='bbox 3098 3923 3442 3992; x_wconf 65' lang='lat' dir='ltr'><strong>paenitudinis</strong></span> 
     </span>
    </p>
   </div>
   <div class='ocr_carea' id='block_1_84' title="bbox 1832 4003 3443 4079">
    <p class='ocr_par' dir='ltr' id='par_1_84' title="bbox 1832 4003 3443 4079">
     <span class='ocr_line' id='line_1_85' title="bbox 1832 4003 3443 4079; baseline 0 -12"><span class='ocrx_word' id='word_1_547' title='bbox 1832 4003 1843 4013; x_wconf 81' lang='grc'><em>’</em></span> <span class='ocrx_word' id='word_1_548' title='bbox 1871 4010 2154 4077; x_wconf 84' lang='lat' dir='ltr'><strong>exstiterit,</strong></span> <span class='ocrx_word' id='word_1_549' title='bbox 2184 4018 2239 4065; x_wconf 89' lang='lat' dir='ltr'><strong>et</strong></span> <span class='ocrx_word' id='word_1_550' title='bbox 2264 4011 2335 4063; x_wconf 89' lang='lat' dir='ltr'><strong>ita</strong></span> <span class='ocrx_word' id='word_1_551' title='bbox 2382 4010 2799 4065; x_wconf 89' lang='lat' dir='ltr'><strong>misericordiam</strong></span> <span class='ocrx_word' id='word_1_552' title='bbox 2841 4020 3256 4079; x_wconf 90' lang='lat' dir='ltr'><strong>consequantur.</strong></span> <span class='ocrx_word' id='word_1_553' title='bbox 3287 4010 3443 4078; x_wconf 84' lang='lat' dir='ltr'><strong>Quod</strong></span> 
     </span>
    </p>
   </div>
   <div class='ocr_carea' id='block_1_85' title="bbox 1870 4102 3442 4172">
    <p class='ocr_par' dir='ltr' id='par_1_85' title="bbox 1870 4102 3442 4172">
     <span class='ocr_line' id='line_1_86' title="bbox 1870 4102 3442 4172; baseline 0.001 -14"><span class='ocrx_word' id='word_1_554' title='bbox 1870 4104 1915 4158; x_wconf 89' lang='lat' dir='ltr'><strong>si</strong></span> <span class='ocrx_word' id='word_1_555' title='bbox 1949 4102 2342 4172; x_wconf 83' lang='lat' dir='ltr'><strong>inexplebiliter</strong></span> <span class='ocrx_word' id='word_1_556' title='bbox 2369 4102 2451 4155; x_wconf 90' lang='lat' dir='ltr'><strong>his</strong></span> <span class='ocrx_word' id='word_1_557' title='bbox 2471 4102 2683 4157; x_wconf 83' lang='lat' dir='ltr'><strong>haesere</strong></span> <span class='ocrx_word' id='word_1_558' title='bbox 2724 4103 3056 4169; x_wconf 88' lang='lat' dir='ltr'><strong>criminibus,</strong></span> <span class='ocrx_word' id='word_1_559' title='bbox 3085 4102 3150 4157; x_wconf 89' lang='lat' dir='ltr'><strong>ad</strong></span> <span class='ocrx_word' id='word_1_560' title='bbox 3181 4104 3442 4171; x_wconf 85' lang='lat' dir='ltr'><strong>agendam</strong></span> 
     </span>
    </p>
   </div>
   <div class='ocr_carea' id='block_1_86' title="bbox 1870 4192 3444 4263">
    <p class='ocr_par' dir='ltr' id='par_1_86' title="bbox 1870 4192 3444 4263">
     <span class='ocr_line' id='line_1_87' title="bbox 1870 4192 3444 4263; baseline 0.001 -14"><span class='ocrx_word' id='word_1_561' title='bbox 1870 4192 2236 4263; x_wconf 73' lang='lat' dir='ltr'><strong>paenitentiam</strong></span> <span class='ocrx_word' id='word_1_562' title='bbox 2279 4192 2540 4261; x_wconf 82' lang='lat' dir='ltr'><strong>prolixius</strong></span> <span class='ocrx_word' id='word_1_563' title='bbox 2587 4200 2795 4260; x_wconf 91' lang='lat' dir='ltr'><strong>tempus</strong></span> <span class='ocrx_word' id='word_1_564' title='bbox 2842 4192 3129 4247; x_wconf 88' lang='lat' dir='ltr'><strong>insumant.</strong></span> <span class='ocrx_word' id='word_1_565' title='bbox 3169 4192 3444 4262; x_wconf 84' lang='lat' dir='ltr'><strong>Quotquot</strong></span> 
     </span>
    </p>
   </div>
   <div class='ocr_carea' id='block_1_87' title="bbox 1870 4283 3439 4352">
    <p class='ocr_par' dir='ltr' id='par_1_87' title="bbox 1870 4283 3439 4352">
     <span class='ocr_line' id='line_1_88' title="bbox 1870 4283 3439 4352; baseline 0 -15"><span class='ocrx_word' id='word_1_566' title='bbox 1870 4292 2050 4338; x_wconf 88' lang='lat' dir='ltr'><strong>autem</strong></span> <span class='ocrx_word' id='word_1_567' title='bbox 2070 4292 2283 4352; x_wconf 89' lang='lat' dir='ltr'><strong>peracta</strong></span> <span class='ocrx_word' id='word_1_568' title='bbox 2306 4297 2377 4334; x_wconf 88' lang='lat' dir='ltr'><strong>xx</strong></span> <span class='ocrx_word' id='word_1_569' title='bbox 2400 4296 2658 4335; x_wconf 90' lang='lat' dir='ltr'><strong>annorum</strong></span> <span class='ocrx_word' id='word_1_570' title='bbox 2678 4288 2854 4343; x_wconf 66' lang='lat' dir='ltr'><strong>acute,</strong></span> <span class='ocrx_word' id='word_1_571' title='bbox 2879 4289 2934 4335; x_wconf 91' lang='lat' dir='ltr'><strong>et</strong></span> <span class='ocrx_word' id='word_1_572' title='bbox 2954 4296 3146 4335; x_wconf 89' lang='lat' dir='ltr'><strong>uxores</strong></span> <span class='ocrx_word' id='word_1_573' title='bbox 3162 4283 3439 4349; x_wconf 90' lang='lat' dir='ltr'><strong>habentes,</strong></span> 
     </span>
    </p>
   </div>
   <div class='ocr_carea' id='block_1_88' title="bbox 1870 4372 3440 4444">
    <p class='ocr_par' dir='ltr' id='par_1_88' title="bbox 1870 4372 3440 4444">
     <span class='ocr_line' id='line_1_89' title="bbox 1870 4372 3440 4444; baseline -0.002 -14"><span class='ocrx_word' id='word_1_574' title='bbox 1870 4376 1974 4431; x_wconf 92' lang='lat' dir='ltr'><strong>hoc</strong></span> <span class='ocrx_word' id='word_1_575' title='bbox 2002 4383 2225 4444; x_wconf 73' lang='lat' dir='ltr'><strong>peccato</strong></span> <span class='ocrx_word' id='word_1_576' title='bbox 2254 4372 2486 4443; x_wconf 85' lang='lat' dir='ltr'><strong>prolapsi</strong></span> <span class='ocrx_word' id='word_1_577' title='bbox 2527 4382 2669 4435; x_wconf 87' lang='lat' dir='ltr'><strong>sunt,</strong></span> <span class='ocrx_word' id='word_1_578' title='bbox 2714 4388 2819 4426; x_wconf 84' lang='lat' dir='ltr'><strong>xxv</strong></span> <span class='ocrx_word' id='word_1_579' title='bbox 2858 4373 3011 4426; x_wconf 91' lang='lat' dir='ltr'><strong>annis</strong></span> <span class='ocrx_word' id='word_1_580' title='bbox 3058 4373 3440 4441; x_wconf 77' lang='lat' dir='ltr'><strong>pmnitudinem</strong></span> 
     </span>
    </p>
   </div>
   <div class='ocr_carea' id='block_1_89' title="bbox 1869 4461 3436 4533">
    <p class='ocr_par' dir='ltr' id='par_1_89' title="bbox 1869 4461 3436 4533">
     <span class='ocr_line' id='line_1_90' title="bbox 1869 4461 3436 4533; baseline -0.003 -14"><span class='ocrx_word' id='word_1_581' title='bbox 1869 4474 2117 4533; x_wconf 81' lang='lat' dir='ltr'><strong>gerentes</strong></span> <span class='ocrx_word' id='word_1_582' title='bbox 2144 4464 2195 4517; x_wconf 92' lang='lat' dir='ltr'><strong>in</strong></span> <span class='ocrx_word' id='word_1_583' title='bbox 2226 4463 2655 4518; x_wconf 87' lang='lat' dir='ltr'><strong>communionem</strong></span> <span class='ocrx_word' id='word_1_584' title='bbox 2697 4461 3050 4529; x_wconf 89' lang='lat' dir='ltr'><strong>suscipiantur</strong></span> <span class='ocrx_word' id='word_1_585' title='bbox 3096 4461 3436 4514; x_wconf 87' lang='lat' dir='ltr'><strong>orationum:</strong></span> 
     </span>
    </p>
   </div>
   <div class='ocr_carea' id='block_1_90' title="bbox 185 4527 1776 4625">
    <p class='ocr_par' dir='ltr' id='par_1_90' title="bbox 185 4527 1769 4605">
     <span class='ocr_line' id='line_1_91' title="bbox 185 4527 1769 4605; baseline 0.008 -27"><span class='ocrx_word' id='word_1_586' title='bbox 185 4535 501 4593; x_wconf 80' lang='lat' dir='ltr'><strong>sequantur.</strong></span> <span class='ocrx_word' id='word_1_587' title='bbox 555 4527 700 4583; x_wconf 90' lang='lat' dir='ltr'><strong>Inter</strong></span> <span class='ocrx_word' id='word_1_588' title='bbox 742 4529 853 4586; x_wconf 80' lang='lat' dir='ltr'><strong>haec</strong></span> <span class='ocrx_word' id='word_1_589' title='bbox 902 4541 1081 4586; x_wconf 89' lang='lat' dir='ltr'><strong>autem</strong></span> <span class='ocrx_word' id='word_1_590' title='bbox 1122 4542 1177 4587; x_wconf 93' lang='lat' dir='ltr'><strong>et</strong></span> <span class='ocrx_word' id='word_1_591' title='bbox 1224 4548 1409 4589; x_wconf 91' lang='lat' dir='ltr'><strong>eorum</strong></span> <span class='ocrx_word' id='word_1_592' title='bbox 1462 4536 1575 4589; x_wconf 90' lang='lat' dir='ltr'><strong>vita</strong></span> <span class='ocrx_word' id='word_1_593' title='bbox 1635 4550 1769 4605; x_wconf 90' lang='lat' dir='ltr'><strong>pen-</strong></span> 
     </span>
    </p>
   </div>
   <div class='ocr_carea' id='block_1_91' title="bbox 1881 4527 3439 4625">
    <p class='ocr_par' dir='ltr' id='par_1_91' title="bbox 1881 4549 3439 4625">
     <span class='ocr_line' id='line_1_92' title="bbox 1881 4549 3439 4625; baseline -0.004 -15"><span class='ocrx_word' id='word_1_594' title='bbox 1881 4559 1925 4611; x_wconf 83' lang='lat' dir='ltr'><strong>in</strong></span> <span class='ocrx_word' id='word_1_595' title='bbox 1951 4570 2055 4625; x_wconf 90' lang='lat' dir='ltr'><strong>qua</strong></span> <span class='ocrx_word' id='word_1_596' title='bbox 2084 4553 2448 4622; x_wconf 90' lang='lat' dir='ltr'><strong>quinquennio</strong></span> <span class='ocrx_word' id='word_1_597' title='bbox 2472 4552 2846 4621; x_wconf 88' lang='lat' dir='ltr'><strong>perdurantes,</strong></span> <span class='ocrx_word' id='word_1_598' title='bbox 2875 4558 3001 4603; x_wconf 91' lang='lat' dir='ltr'><strong>tunc</strong></span> <span class='ocrx_word' id='word_1_599' title='bbox 3033 4550 3247 4603; x_wconf 87' lang='lat' dir='ltr'><strong>demum</strong></span> <span class='ocrx_word' id='word_1_600' title='bbox 3287 4549 3439 4604; x_wconf 80' lang='lat' dir='ltr'><strong>obla-</strong></span> 
     </span>
    </p>
   </div>
   <div class='ocr_carea' id='block_1_92' title="bbox 185 4614 491 4672">
    <p class='ocr_par' dir='ltr' id='par_1_92' title="bbox 185 4614 491 4672">
     <span class='ocr_line' id='line_1_93' title="bbox 185 4614 491 4672; baseline 0.013 -5"><span class='ocrx_word' id='word_1_601' title='bbox 185 4614 357 4667; x_wconf 78' lang='lat' dir='ltr'><strong>sanda</strong></span> <span class='ocrx_word' id='word_1_602' title='bbox 388 4625 491 4672; x_wconf 56' lang='lat' dir='ltr'><strong>est.</strong></span> 
     </span>
    </p>
   </div>
   <div class='ocr_carea' id='block_1_93' title="bbox 186 4725 1767 4815">
    <p class='ocr_par' dir='ltr' id='par_1_93' title="bbox 186 4725 1767 4815">
     <span class='ocr_line' id='line_1_94' title="bbox 186 4725 1767 4815; baseline 0.008 -36"><span class='ocrx_word' id='word_1_603' title='bbox 186 4725 265 4781; x_wconf 85' lang='lat' dir='ltr'><strong>De</strong></span> <span class='ocrx_word' id='word_1_604' title='bbox 296 4727 529 4783; x_wconf 84' lang='lat' dir='ltr'><strong>diaconis</strong></span> <span class='ocrx_word' id='word_1_605' title='bbox 574 4732 660 4801; x_wconf 88' lang='lat' dir='ltr'><strong>qui</strong></span> <span class='ocrx_word' id='word_1_606' title='bbox 691 4741 914 4803; x_wconf 88' lang='lat' dir='ltr'><strong>tempore</strong></span> <span class='ocrx_word' id='word_1_607' title='bbox 940 4735 1294 4815; x_wconf 68' lang='lat' dir='ltr'><strong>ordinationis</strong></span> <span class='ocrx_word' id='word_1_608' title='bbox 1318 4735 1383 4789; x_wconf 87' lang='lat' dir='ltr'><strong>de</strong></span> <span class='ocrx_word' id='word_1_609' title='bbox 1411 4738 1599 4806; x_wconf 85' lang='lat' dir='ltr'><strong>nuptiis</strong></span> <span class='ocrx_word' id='word_1_610' title='bbox 1636 4746 1767 4792; x_wconf 85' lang='lat' dir='ltr'><strong>atte-</strong></span> 
     </span>
    </p>
   </div>
   <div class='ocr_carea' id='block_1_94' title="bbox 828 4813 1115 4857">
    <p class='ocr_par' dir='ltr' id='par_1_94' title="bbox 828 4813 1115 4857">
     <span class='ocr_line' id='line_1_95' title="bbox 828 4813 1115 4857; baseline 0 -1"><span class='ocrx_word' id='word_1_611' title='bbox 828 4813 951 4856; x_wconf 81' lang='lat' dir='ltr'><strong>stati</strong></span> <span class='ocrx_word' id='word_1_612' title='bbox 976 4813 1115 4857; x_wconf 86' lang='lat' dir='ltr'><strong>sunt.</strong></span> 
     </span>
    </p>
   </div>
   <div class='ocr_carea' id='block_1_95' title="bbox 256 4907 1763 4989">
    <p class='ocr_par' dir='ltr' id='par_1_95' title="bbox 256 4907 1763 4989">
     <span class='ocr_line' id='line_1_96' title="bbox 256 4907 1763 4989; baseline 0.008 -25"><span class='ocrx_word' id='word_1_613' title='bbox 256 4907 451 4965; x_wconf 81' lang='lat' dir='ltr'><strong>XXIX.</strong></span> <span class='ocrx_word' id='word_1_614' title='bbox 491 4911 735 4981; x_wconf 89' lang='lat' dir='ltr'><strong>Diaconi,</strong></span> <span class='ocrx_word' id='word_1_615' title='bbox 773 4915 1080 4984; x_wconf 90' lang='lat' dir='ltr'><strong>quicunque</strong></span> <span class='ocrx_word' id='word_1_616' title='bbox 1126 4915 1457 4985; x_wconf 88' lang='lat' dir='ltr'><strong>ordinantur,</strong></span> <span class='ocrx_word' id='word_1_617' title='bbox 1487 4918 1531 4972; x_wconf 89' lang='lat' dir='ltr'><strong>si</strong></span> <span class='ocrx_word' id='word_1_618' title='bbox 1570 4919 1623 4973; x_wconf 90' lang='lat' dir='ltr'><strong>in</strong></span> <span class='ocrx_word' id='word_1_619' title='bbox 1654 4919 1763 4989; x_wconf 82' lang='lat' dir='ltr'><strong>ipsa</strong></span> 
     </span>
    </p>
   </div>
   <div class='ocr_carea' id='block_1_96' title="bbox 182 5003 1764 5073">
    <p class='ocr_par' dir='ltr' id='par_1_96' title="bbox 182 5003 1764 5073">
     <span class='ocr_line' id='line_1_97' title="bbox 182 5003 1764 5073; baseline 0.006 -18"><span class='ocrx_word' id='word_1_620' title='bbox 182 5003 528 5057; x_wconf 84' lang='lat' dir='ltr'><strong>ordinatione</strong></span> <span class='ocrx_word' id='word_1_621' title='bbox 549 5006 827 5072; x_wconf 87' lang='lat' dir='ltr'><strong>protestati</strong></span> <span class='ocrx_word' id='word_1_622' title='bbox 855 5013 1001 5073; x_wconf 90' lang='lat' dir='ltr'><strong>sunt,</strong></span> <span class='ocrx_word' id='word_1_623' title='bbox 1028 5015 1081 5060; x_wconf 93' lang='lat' dir='ltr'><strong>et</strong></span> <span class='ocrx_word' id='word_1_624' title='bbox 1111 5006 1363 5061; x_wconf 87' lang='lat' dir='ltr'><strong>dixerunt</strong></span> <span class='ocrx_word' id='word_1_625' title='bbox 1388 5008 1524 5063; x_wconf 91' lang='lat' dir='ltr'><strong>velle</strong></span> <span class='ocrx_word' id='word_1_626' title='bbox 1551 5024 1609 5064; x_wconf 91' lang='lat' dir='ltr'><strong>se</strong></span> <span class='ocrx_word' id='word_1_627' title='bbox 1635 5024 1764 5064; x_wconf 88' lang='lat' dir='ltr'><strong>con-</strong></span> 
     </span>
    </p>
   </div>
   <div class='ocr_carea' id='block_1_97' title="bbox 178 5093 1764 5168">
    <p class='ocr_par' dir='ltr' id='par_1_97' title="bbox 178 5093 1764 5168">
     <span class='ocr_line' id='line_1_98' title="bbox 178 5093 1764 5168; baseline 0.008 -23"><span class='ocrx_word' id='word_1_628' title='bbox 178 5093 332 5161; x_wconf 78' lang='lat' dir='ltr'><strong>jugio</strong></span> <span class='ocrx_word' id='word_1_629' title='bbox 357 5094 619 5162; x_wconf 85' lang='lat' dir='ltr'><strong>copulari,</strong></span> <span class='ocrx_word' id='word_1_630' title='bbox 651 5096 775 5163; x_wconf 92' lang='lat' dir='ltr'><strong>quia</strong></span> <span class='ocrx_word' id='word_1_631' title='bbox 814 5097 894 5151; x_wconf 90' lang='lat' dir='ltr'><strong>sic</strong></span> <span class='ocrx_word' id='word_1_632' title='bbox 937 5111 1157 5152; x_wconf 90' lang='lat' dir='ltr'><strong>manere</strong></span> <span class='ocrx_word' id='word_1_633' title='bbox 1204 5112 1312 5151; x_wconf 91' lang='lat' dir='ltr'><strong>non</strong></span> <span class='ocrx_word' id='word_1_634' title='bbox 1363 5108 1602 5168; x_wconf 88' lang='lat' dir='ltr'><strong>possunt,</strong></span> <span class='ocrx_word' id='word_1_635' title='bbox 1628 5100 1683 5155; x_wconf 91' lang='lat' dir='ltr'><strong>hi</strong></span> <span class='ocrx_word' id='word_1_636' title='bbox 1717 5101 1764 5157; x_wconf 89' lang='lat' dir='ltr'><strong>si</strong></span> 
     </span>
    </p>
   </div>
   <div class='ocr_carea' id='block_1_98' title="bbox 181 5183 1757 5256">
    <p class='ocr_par' dir='ltr' id='par_1_98' title="bbox 181 5183 1757 5256">
     <span class='ocr_line' id='line_1_99' title="bbox 181 5183 1757 5256; baseline 0.005 -20"><span class='ocrx_word' id='word_1_637' title='bbox 181 5183 531 5252; x_wconf 84' lang='lat' dir='ltr'><strong>postmodum</strong></span> <span class='ocrx_word' id='word_1_638' title='bbox 563 5201 758 5241; x_wconf 89' lang='lat' dir='ltr'><strong>uxores</strong></span> <span class='ocrx_word' id='word_1_639' title='bbox 781 5185 1050 5250; x_wconf 88' lang='lat' dir='ltr'><strong>duxerint,</strong></span> <span class='ocrx_word' id='word_1_640' title='bbox 1080 5187 1131 5240; x_wconf 90' lang='lat' dir='ltr'><strong>in</strong></span> <span class='ocrx_word' id='word_1_641' title='bbox 1160 5187 1452 5243; x_wconf 88' lang='lat' dir='ltr'><strong>ministerio</strong></span> <span class='ocrx_word' id='word_1_642' title='bbox 1482 5200 1757 5256; x_wconf 88' lang='lat' dir='ltr'><strong>maneant,</strong></span> 
     </span>
    </p>
   </div>
   <div class='ocr_carea' id='block_1_99' title="bbox 180 5277 1764 5349">
    <p class='ocr_par' dir='ltr' id='par_1_99' title="bbox 180 5277 1764 5349">
     <span class='ocr_line' id='line_1_100' title="bbox 180 5277 1764 5349; baseline 0.006 -22"><span class='ocrx_word' id='word_1_643' title='bbox 180 5283 471 5344; x_wconf 85' lang='lat' dir='ltr'><strong>propterea</strong></span> <span class='ocrx_word' id='word_1_644' title='bbox 494 5277 640 5345; x_wconf 91' lang='lat' dir='ltr'><strong>quod</strong></span> <span class='ocrx_word' id='word_1_645' title='bbox 671 5277 747 5331; x_wconf 89' lang='lat' dir='ltr'><strong>eis</strong></span> <span class='ocrx_word' id='word_1_646' title='bbox 768 5279 1055 5349; x_wconf 87' lang='lat' dir='ltr'><strong>episcopus</strong></span> <span class='ocrx_word' id='word_1_647' title='bbox 1083 5279 1349 5334; x_wconf 88' lang='lat' dir='ltr'><strong>licentiam</strong></span> <span class='ocrx_word' id='word_1_648' title='bbox 1380 5279 1605 5336; x_wconf 91' lang='lat' dir='ltr'><strong>dederit.</strong></span> <span class='ocrx_word' id='word_1_649' title='bbox 1630 5281 1764 5348; x_wconf 89' lang='lat' dir='ltr'><strong>Qui-</strong></span> 
     </span>
    </p>
   </div>
   <div class='ocr_carea' id='block_1_100' title="bbox 179 5372 1764 5443">
    <p class='ocr_par' dir='ltr' id='par_1_100' title="bbox 179 5372 1764 5443">
     <span class='ocr_line' id='line_1_101' title="bbox 179 5372 1764 5443; baseline 0.005 -22"><span class='ocrx_word' id='word_1_650' title='bbox 179 5382 397 5436; x_wconf 81' lang='lat' dir='ltr'><strong>cunque</strong></span> <span class='ocrx_word' id='word_1_651' title='bbox 425 5384 557 5423; x_wconf 87' lang='lat' dir='ltr'><strong>sane</strong></span> <span class='ocrx_word' id='word_1_652' title='bbox 582 5377 884 5434; x_wconf 89' lang='lat' dir='ltr'><strong>tacuerunt,</strong></span> <span class='ocrx_word' id='word_1_653' title='bbox 917 5382 971 5425; x_wconf 92' lang='lat' dir='ltr'><strong>et</strong></span> <span class='ocrx_word' id='word_1_654' title='bbox 996 5381 1347 5442; x_wconf 86' lang='lat' dir='ltr'><strong>susceperunt</strong></span> <span class='ocrx_word' id='word_1_655' title='bbox 1374 5388 1562 5427; x_wconf 91' lang='lat' dir='ltr'><strong>manus</strong></span> <span class='ocrx_word' id='word_1_656' title='bbox 1589 5372 1764 5443; x_wconf 90' lang='lat' dir='ltr'><strong>impo-</strong></span> 
     </span>
    </p>
   </div>
   <div class='ocr_carea' id='block_1_101' title="bbox 176 5458 1764 5533">
    <p class='ocr_par' dir='ltr' id='par_1_101' title="bbox 176 5458 1764 5533">
     <span class='ocr_line' id='line_1_102' title="bbox 176 5458 1764 5533; baseline 0.006 -22"><span class='ocrx_word' id='word_1_657' title='bbox 176 5459 452 5523; x_wconf 84' lang='lat' dir='ltr'><strong>sitionem,</strong></span> <span class='ocrx_word' id='word_1_658' title='bbox 498 5458 724 5527; x_wconf 87' lang='lat' dir='ltr'><strong>professi</strong></span> <span class='ocrx_word' id='word_1_659' title='bbox 766 5462 1175 5525; x_wconf 88' lang='lat' dir='ltr'><strong>continentiam,</strong></span> <span class='ocrx_word' id='word_1_660' title='bbox 1225 5471 1279 5519; x_wconf 90' lang='lat' dir='ltr'><strong>et</strong></span> <span class='ocrx_word' id='word_1_661' title='bbox 1330 5471 1517 5533; x_wconf 88' lang='lat' dir='ltr'><strong>postea</strong></span> <span class='ocrx_word' id='word_1_662' title='bbox 1564 5464 1764 5533; x_wconf 88' lang='lat' dir='ltr'><strong>nuptiis</strong></span> 
     </span>
    </p>
   </div>
   <div class='ocr_carea' id='block_1_102' title="bbox 177 5548 1498 5616">
    <p class='ocr_par' dir='ltr' id='par_1_102' title="bbox 177 5548 1498 5616">
     <span class='ocr_line' id='line_1_103' title="bbox 177 5548 1498 5616; baseline 0.003 -15"><span class='ocrx_word' id='word_1_663' title='bbox 177 5548 402 5616; x_wconf 84' lang='lat' dir='ltr'><strong>obligati</strong></span> <span class='ocrx_word' id='word_1_664' title='bbox 427 5558 575 5614; x_wconf 84' lang='lat' dir='ltr'><strong>sunt,</strong></span> <span class='ocrx_word' id='word_1_665' title='bbox 599 5563 629 5601; x_wconf 89' lang='lat' dir='ltr'><strong>a</strong></span> <span class='ocrx_word' id='word_1_666' title='bbox 656 5550 951 5605; x_wconf 89' lang='lat' dir='ltr'><strong>ministerio</strong></span> <span class='ocrx_word' id='word_1_667' title='bbox 973 5565 1183 5610; x_wconf 83' lang='lat' dir='ltr'><strong>cessare</strong></span> <span class='ocrx_word' id='word_1_668' title='bbox 1209 5554 1498 5611; x_wconf 85' lang='lat' dir='ltr'><strong>debebunt.</strong></span> 
     </span>
    </p>
   </div>
   <div class='ocr_carea' id='block_1_103' title="bbox 344 5658 1592 5731">
    <p class='ocr_par' dir='ltr' id='par_1_103' title="bbox 344 5658 1592 5731">
     <span class='ocr_line' id='line_1_104' title="bbox 344 5658 1592 5731; baseline 0.002 -18"><span class='ocrx_word' id='word_1_669' title='bbox 344 5658 424 5713; x_wconf 77' lang='lat' dir='ltr'><strong>De</strong></span> <span class='ocrx_word' id='word_1_670' title='bbox 443 5660 767 5728; x_wconf 84' lang='lat' dir='ltr'><strong>desponsatis</strong></span> <span class='ocrx_word' id='word_1_671' title='bbox 796 5660 995 5729; x_wconf 85' lang='lat' dir='ltr'><strong>puellis,</strong></span> <span class='ocrx_word' id='word_1_672' title='bbox 1018 5670 1065 5716; x_wconf 86' lang='lat' dir='ltr'><strong>et</strong></span> <span class='ocrx_word' id='word_1_673' title='bbox 1085 5666 1147 5723; x_wconf 86' lang='lat' dir='ltr'><strong>ab</strong></span> <span class='ocrx_word' id='word_1_674' title='bbox 1173 5670 1290 5726; x_wconf 81' lang='lat' dir='ltr'><strong>aliis</strong></span> <span class='ocrx_word' id='word_1_675' title='bbox 1320 5661 1592 5731; x_wconf 86' lang='lat' dir='ltr'><strong>corruptis.</strong></span> 
     </span>
    </p>
   </div>
   <div class='ocr_carea' id='block_1_104' title="bbox 249 5766 1757 5871">
    <p class='ocr_par' dir='ltr' id='par_1_104' title="bbox 249 5766 1757 5871">
     <span class='ocr_line' id='line_1_105' title="bbox 249 5766 1757 5871; baseline 0.005 -47"><span class='ocrx_word' id='word_1_676' title='bbox 249 5766 425 5824; x_wconf 78' lang='lat' dir='ltr'><strong>XXX.</strong></span> <span class='ocrx_word' id='word_1_677' title='bbox 468 5768 835 5841; x_wconf 83' lang='lat' dir='ltr'><strong>Desponsatas</strong></span> <span class='ocrx_word' id='word_1_678' title='bbox 850 5771 1065 5848; x_wconf 79' lang='lat' dir='ltr'><strong>puellas,</strong></span> <span class='ocrx_word' id='word_1_679' title='bbox 1091 5793 1287 5871; x_wconf 78' lang='lat' dir='ltr'><strong>etpost</strong></span> <span class='ocrx_word' id='word_1_680' title='bbox 1309 5780 1381 5840; x_wconf 85' lang='lat' dir='ltr'><strong>ab</strong></span> <span class='ocrx_word' id='word_1_681' title='bbox 1410 5774 1532 5832; x_wconf 85' lang='lat' dir='ltr'><strong>aliis</strong></span> <span class='ocrx_word' id='word_1_682' title='bbox 1557 5782 1757 5847; x_wconf 84' lang='lat' dir='ltr'><strong>raptas,</strong></span> 
     </span>
    </p>
   </div>
   <div class='ocr_carea' id='block_1_105' title="bbox 1873 4636 3442 4710">
    <p class='ocr_par' dir='ltr' id='par_1_105' title="bbox 1873 4636 3442 4710">
     <span class='ocr_line' id='line_1_106' title="bbox 1873 4636 3442 4710; baseline -0.003 -12"><span class='ocrx_word' id='word_1_683' title='bbox 1873 4644 2031 4699; x_wconf 90' lang='lat' dir='ltr'><strong>tionis</strong></span> <span class='ocrx_word' id='word_1_684' title='bbox 2058 4649 2391 4697; x_wconf 88' lang='lat' dir='ltr'><strong>sacramenta</strong></span> <span class='ocrx_word' id='word_1_685' title='bbox 2422 4639 2738 4710; x_wconf 86' lang='lat' dir='ltr'><strong>percipiant.</strong></span> <span class='ocrx_word' id='word_1_686' title='bbox 2772 4637 2926 4703; x_wconf 88' lang='lat' dir='ltr'><strong>Quod</strong></span> <span class='ocrx_word' id='word_1_687' title='bbox 2948 4637 2993 4689; x_wconf 92' lang='lat' dir='ltr'><strong>si</strong></span> <span class='ocrx_word' id='word_1_688' title='bbox 3021 4636 3111 4705; x_wconf 91' lang='lat' dir='ltr'><strong>qui</strong></span> <span class='ocrx_word' id='word_1_689' title='bbox 3154 4644 3208 4691; x_wconf 91' lang='lat' dir='ltr'><strong>et</strong></span> <span class='ocrx_word' id='word_1_690' title='bbox 3247 4652 3442 4693; x_wconf 78' lang='lat' dir='ltr'><strong>uxores</strong></span> 
     </span>
    </p>
   </div>
   <div class='ocr_carea' id='block_1_106' title="bbox 1868 4726 3440 4795">
    <p class='ocr_par' dir='ltr' id='par_1_106' title="bbox 1868 4726 3440 4795">
     <span class='ocr_line' id='line_1_107' title="bbox 1868 4726 3440 4795; baseline -0.003 -9"><span class='ocrx_word' id='word_1_691' title='bbox 1868 4733 2149 4793; x_wconf 89' lang='lat' dir='ltr'><strong>habentes,</strong></span> <span class='ocrx_word' id='word_1_692' title='bbox 2180 4737 2235 4783; x_wconf 90' lang='lat' dir='ltr'><strong>et</strong></span> <span class='ocrx_word' id='word_1_693' title='bbox 2259 4727 2698 4783; x_wconf 88' lang='lat' dir='ltr'><strong>transcendentes</strong></span> <span class='ocrx_word' id='word_1_694' title='bbox 2725 4726 3219 4795; x_wconf 85' lang='lat' dir='ltr'><strong>quinquagesimum</strong></span> <span class='ocrx_word' id='word_1_695' title='bbox 3245 4742 3440 4782; x_wconf 89' lang='lat' dir='ltr'><strong>annum</strong></span> 
     </span>
    </p>
   </div>
   <div class='ocr_carea' id='block_1_107' title="bbox 1866 4816 3444 4885">
    <p class='ocr_par' dir='ltr' id='par_1_107' title="bbox 1866 4816 3444 4885">
     <span class='ocr_line' id='line_1_108' title="bbox 1866 4816 3444 4885; baseline -0.001 -10"><span class='ocrx_word' id='word_1_696' title='bbox 1866 4830 2056 4884; x_wconf 80' lang='lat' dir='ltr'><strong>aetatis,</strong></span> <span class='ocrx_word' id='word_1_697' title='bbox 2088 4820 2161 4873; x_wconf 89' lang='lat' dir='ltr'><strong>ita</strong></span> <span class='ocrx_word' id='word_1_698' title='bbox 2184 4817 2546 4885; x_wconf 88' lang='lat' dir='ltr'><strong>deliquerint,</strong></span> <span class='ocrx_word' id='word_1_699' title='bbox 2580 4816 2647 4871; x_wconf 89' lang='lat' dir='ltr'><strong>ad</strong></span> <span class='ocrx_word' id='word_1_700' title='bbox 2677 4816 2879 4871; x_wconf 87' lang='lat' dir='ltr'><strong>exitum</strong></span> <span class='ocrx_word' id='word_1_701' title='bbox 2903 4816 3022 4870; x_wconf 67' lang='lat' dir='ltr'><strong>vita:</strong></span> <span class='ocrx_word' id='word_1_702' title='bbox 3054 4816 3444 4883; x_wconf 76' lang='lat' dir='ltr'><strong>communionis</strong></span> 
     </span>
    </p>
   </div>
   <div class='ocr_carea' id='block_1_108' title="bbox 1868 4911 2535 4981">
    <p class='ocr_par' dir='ltr' id='par_1_108' title="bbox 1868 4911 2535 4981">
     <span class='ocr_line' id='line_1_109' title="bbox 1868 4911 2535 4981; baseline -0.01 -15"><span class='ocrx_word' id='word_1_703' title='bbox 1868 4911 2094 4981; x_wconf 85' lang='lat' dir='ltr'><strong>gratiam</strong></span> <span class='ocrx_word' id='word_1_704' title='bbox 2122 4914 2535 4977; x_wconf 90' lang='lat' dir='ltr'><strong>consequantur.</strong></span> 
     </span>
    </p>
   </div>
   <div class='ocr_carea' id='block_1_109' title="bbox 1869 5017 3443 5095">
    <p class='ocr_par' dir='ltr' id='par_1_109' title="bbox 1869 5017 3443 5095">
     <span class='ocr_line' id='line_1_110' title="bbox 1869 5017 3443 5095; baseline -0.006 -15"><span class='ocrx_word' id='word_1_705' title='bbox 1869 5025 1949 5080; x_wconf 89' lang='lat' dir='ltr'><strong>De</strong></span> <span class='ocrx_word' id='word_1_706' title='bbox 1976 5025 2055 5078; x_wconf 83' lang='lat' dir='ltr'><strong>his</strong></span> <span class='ocrx_word' id='word_1_707' title='bbox 2080 5025 2167 5095; x_wconf 87' lang='lat' dir='ltr'><strong>qui</strong></span> <span class='ocrx_word' id='word_1_708' title='bbox 2188 5024 2241 5077; x_wconf 87' lang='lat' dir='ltr'><strong>in</strong></span> <span class='ocrx_word' id='word_1_709' title='bbox 2269 5022 2503 5095; x_wconf 83' lang='lat' dir='ltr'><strong>pecudes,</strong></span> <span class='ocrx_word' id='word_1_710' title='bbox 2530 5021 2607 5075; x_wconf 77' lang='lat' dir='ltr'><strong>vel</strong></span> <span class='ocrx_word' id='word_1_711' title='bbox 2636 5022 2688 5095; x_wconf 83' lang='lat' dir='ltr'><strong>in</strong></span> <span class='ocrx_word' id='word_1_712' title='bbox 2710 5023 2989 5095; x_wconf 76' lang='lat' dir='ltr'><strong>masculos,</strong></span> <span class='ocrx_word' id='word_1_713' title='bbox 3013 5031 3102 5071; x_wconf 91' lang='lat' dir='ltr'><strong>aut</strong></span> <span class='ocrx_word' id='word_1_714' title='bbox 3121 5020 3241 5073; x_wconf 89' lang='lat' dir='ltr'><strong>olim</strong></span> <span class='ocrx_word' id='word_1_715' title='bbox 3261 5017 3443 5089; x_wconf 84' lang='lat' dir='ltr'><strong>polluti</strong></span> 
     </span>
    </p>
   </div>
   <div class='ocr_carea' id='block_1_110' title="bbox 2099 5090 3199 5157">
    <p class='ocr_par' dir='ltr' id='par_1_110' title="bbox 2099 5090 3199 5157">
     <span class='ocr_line' id='line_1_111' title="bbox 2099 5090 3199 5157; baseline -0.005 -10"><span class='ocrx_word' id='word_1_716' title='bbox 2099 5090 2238 5157; x_wconf 77' lang='lat' dir='ltr'><strong>sunt,</strong></span> <span class='ocrx_word' id='word_1_717' title='bbox 2266 5090 2353 5145; x_wconf 80' lang='lat' dir='ltr'><strong>aut</strong></span> <span class='ocrx_word' id='word_1_718' title='bbox 2382 5093 2627 5145; x_wconf 84' lang='lat' dir='ltr'><strong>hactenus</strong></span> <span class='ocrx_word' id='word_1_719' title='bbox 2656 5090 2748 5144; x_wconf 81' lang='lat' dir='ltr'><strong>hoc</strong></span> <span class='ocrx_word' id='word_1_720' title='bbox 2777 5092 2894 5143; x_wconf 86' lang='lat' dir='ltr'><strong>vitio</strong></span> <span class='ocrx_word' id='word_1_721' title='bbox 2919 5090 3199 5143; x_wconf 87' lang='lat' dir='ltr'><strong>tabescunt.</strong></span> 
     </span>
    </p>
   </div>
   <div class='ocr_carea' id='block_1_111' title="bbox 1938 5202 3440 5273">
    <p class='ocr_par' dir='ltr' id='par_1_111' title="bbox 1938 5202 3440 5273">
     <span class='ocr_line' id='line_1_112' title="bbox 1938 5202 3440 5273; baseline -0.003 -12"><span class='ocrx_word' id='word_1_722' title='bbox 1938 5204 2176 5261; x_wconf 82' lang='lat' dir='ltr'><strong>XXXVI.</strong></span> <span class='ocrx_word' id='word_1_723' title='bbox 2240 5204 2351 5260; x_wconf 87' lang='lat' dir='ltr'><strong>Eos</strong></span> <span class='ocrx_word' id='word_1_724' title='bbox 2404 5204 2495 5273; x_wconf 91' lang='lat' dir='ltr'><strong>qui</strong></span> <span class='ocrx_word' id='word_1_725' title='bbox 2558 5202 2992 5257; x_wconf 88' lang='lat' dir='ltr'><strong>irrationabiliter</strong></span> <span class='ocrx_word' id='word_1_726' title='bbox 3047 5202 3331 5269; x_wconf 85' lang='lat' dir='ltr'><strong>vixerunt,</strong></span> <span class='ocrx_word' id='word_1_727' title='bbox 3387 5210 3440 5257; x_wconf 90' lang='lat' dir='ltr'><strong>et</strong></span> 
     </span>
    </p>
   </div>
   <div class='ocr_carea' id='block_1_112' title="bbox 1865 5291 3444 5369">
    <p class='ocr_par' dir='ltr' id='par_1_112' title="bbox 1865 5291 3444 5369">
     <span class='ocr_line' id='line_1_113' title="bbox 1865 5291 3444 5369; baseline -0.006 -14"><span class='ocrx_word' id='word_1_728' title='bbox 1865 5301 2011 5369; x_wconf 89' lang='lat' dir='ltr'><strong>lepra</strong></span> <span class='ocrx_word' id='word_1_729' title='bbox 2062 5297 2243 5366; x_wconf 83' lang='lat' dir='ltr'><strong>injusti</strong></span> <span class='ocrx_word' id='word_1_730' title='bbox 2297 5296 2535 5351; x_wconf 89' lang='lat' dir='ltr'><strong>criminis</strong></span> <span class='ocrx_word' id='word_1_731' title='bbox 2583 5295 2718 5349; x_wconf 90' lang='lat' dir='ltr'><strong>alios</strong></span> <span class='ocrx_word' id='word_1_732' title='bbox 2780 5294 3125 5363; x_wconf 89' lang='lat' dir='ltr'><strong>polluerunt,</strong></span> <span class='ocrx_word' id='word_1_733' title='bbox 3191 5291 3444 5363; x_wconf 67' lang='lat' dir='ltr'><strong>prtecepit</strong></span> 
     </span>
    </p>
   </div>
   <div class='ocr_carea' id='block_1_113' title="bbox 1866 5380 3439 5461">
    <p class='ocr_par' dir='ltr' id='par_1_113' title="bbox 1866 5380 3439 5461">
     <span class='ocr_line' id='line_1_114' title="bbox 1866 5380 3439 5461; baseline -0.008 -15"><span class='ocrx_word' id='word_1_734' title='bbox 1866 5400 2052 5447; x_wconf 90' lang='lat' dir='ltr'><strong>sancta</strong></span> <span class='ocrx_word' id='word_1_735' title='bbox 2074 5388 2311 5461; x_wconf 91' lang='lat' dir='ltr'><strong>synodus</strong></span> <span class='ocrx_word' id='word_1_736' title='bbox 2340 5389 2481 5443; x_wconf 90' lang='lat' dir='ltr'><strong>inter</strong></span> <span class='ocrx_word' id='word_1_737' title='bbox 2519 5401 2612 5441; x_wconf 90' lang='lat' dir='ltr'><strong>eos</strong></span> <span class='ocrx_word' id='word_1_738' title='bbox 2639 5400 2818 5454; x_wconf 90' lang='lat' dir='ltr'><strong>orare,</strong></span> <span class='ocrx_word' id='word_1_739' title='bbox 2861 5384 2950 5453; x_wconf 90' lang='lat' dir='ltr'><strong>qui</strong></span> <span class='ocrx_word' id='word_1_740' title='bbox 2987 5383 3177 5452; x_wconf 89' lang='lat' dir='ltr'><strong>spiritu</strong></span> <span class='ocrx_word' id='word_1_741' title='bbox 3220 5380 3439 5453; x_wconf 83' lang='lat' dir='ltr'><strong>pericli-</strong></span> 
     </span>
    </p>
   </div>
   <div class='ocr_carea' id='block_1_114' title="bbox 1868 5480 2371 5537">
    <p class='ocr_par' dir='ltr' id='par_1_114' title="bbox 1868 5480 2371 5537">
     <span class='ocr_line' id='line_1_115' title="bbox 1868 5480 2371 5537; baseline -0.01 0"><span class='ocrx_word' id='word_1_742' title='bbox 1868 5492 2049 5537; x_wconf 88' lang='lat' dir='ltr'><strong>tantur</strong></span> <span class='ocrx_word' id='word_1_743' title='bbox 2078 5480 2371 5535; x_wconf 89' lang='lat' dir='ltr'><strong>immundo.</strong></span> 
     </span>
    </p>
   </div>
   <div class='ocr_carea' id='block_1_115' title="bbox 1870 5582 3436 5667">
    <p class='ocr_par' dir='ltr' id='par_1_115' title="bbox 1870 5582 3436 5667">
     <span class='ocr_line' id='line_1_116' title="bbox 1870 5582 3436 5667; baseline -0.01 -19"><span class='ocrx_word' id='word_1_744' title='bbox 1870 5593 1947 5648; x_wconf 89' lang='lat' dir='ltr'><strong>De</strong></span> <span class='ocrx_word' id='word_1_745' title='bbox 1971 5594 2049 5647; x_wconf 84' lang='lat' dir='ltr'><strong>his</strong></span> <span class='ocrx_word' id='word_1_746' title='bbox 2081 5594 2167 5664; x_wconf 88' lang='lat' dir='ltr'><strong>qui</strong></span> <span class='ocrx_word' id='word_1_747' title='bbox 2196 5591 2264 5645; x_wconf 87' lang='lat' dir='ltr'><strong>ad</strong></span> <span class='ocrx_word' id='word_1_748' title='bbox 2292 5592 2639 5660; x_wconf 81' lang='lat' dir='ltr'><strong>episwpatum</strong></span> <span class='ocrx_word' id='word_1_749' title='bbox 2676 5586 2899 5658; x_wconf 89' lang='lat' dir='ltr'><strong>promoti</strong></span> <span class='ocrx_word' id='word_1_750' title='bbox 2932 5591 3068 5667; x_wconf 77' lang='lat' dir='ltr'><strong>sunt,</strong></span> <span class='ocrx_word' id='word_1_751' title='bbox 3100 5597 3191 5635; x_wconf 87' lang='lat' dir='ltr'><strong>nec</strong></span> <span class='ocrx_word' id='word_1_752' title='bbox 3227 5582 3436 5650; x_wconf 84' lang='lat' dir='ltr'><strong>recepti.</strong></span> 
     </span>
    </p>
   </div>
   <div class='ocr_carea' id='block_1_116' title="bbox 1937 5674 3438 5751">
    <p class='ocr_par' dir='ltr' id='par_1_116' title="bbox 1937 5674 3438 5751">
     <span class='ocr_line' id='line_1_117' title="bbox 1937 5674 3438 5751; baseline -0.005 -14"><span class='ocrx_word' id='word_1_753' title='bbox 1937 5682 2195 5737; x_wconf 79' lang='lat' dir='ltr'><strong>XXXVII.</strong></span> <span class='ocrx_word' id='word_1_754' title='bbox 2238 5683 2291 5736; x_wconf 85' lang='lat' dir='ltr'><strong>Si</strong></span> <span class='ocrx_word' id='word_1_755' title='bbox 2321 5683 2411 5750; x_wconf 92' lang='lat' dir='ltr'><strong>qui</strong></span> <span class='ocrx_word' id='word_1_756' title='bbox 2433 5679 2671 5751; x_wconf 86' lang='lat' dir='ltr'><strong>episcopi</strong></span> <span class='ocrx_word' id='word_1_757' title='bbox 2699 5676 2927 5733; x_wconf 83' lang='lat' dir='ltr'><strong>ordinati</strong></span> <span class='ocrx_word' id='word_1_758' title='bbox 2953 5681 3095 5737; x_wconf 88' lang='lat' dir='ltr'><strong>sunt,</strong></span> <span class='ocrx_word' id='word_1_759' title='bbox 3119 5688 3220 5729; x_wconf 87' lang='lat' dir='ltr'><strong>nec</strong></span> <span class='ocrx_word' id='word_1_760' title='bbox 3240 5674 3438 5745; x_wconf 82' lang='lat' dir='ltr'><strong>recepti</strong></span> 
     </span>
    </p>
   </div>
   <div class='ocr_carea' id='block_1_117' title="bbox 1866 5764 3412 5846">
    <p class='ocr_par' dir='ltr' id='par_1_117' title="bbox 1866 5764 3412 5846">
     <span class='ocr_line' id='line_1_118' title="bbox 1866 5764 3412 5846; baseline -0.005 -16"><span class='ocrx_word' id='word_1_761' title='bbox 1866 5774 1934 5830; x_wconf 86' lang='lat' dir='ltr'><strong>ab</strong></span> <span class='ocrx_word' id='word_1_762' title='bbox 1963 5774 2049 5832; x_wconf 89' lang='lat' dir='ltr'><strong>illa</strong></span> <span class='ocrx_word' id='word_1_763' title='bbox 2083 5772 2424 5846; x_wconf 69' lang='lat' dir='ltr'><strong>parochia&#39;in</strong></span> <span class='ocrx_word' id='word_1_764' title='bbox 2460 5783 2565 5843; x_wconf 89' lang='lat' dir='ltr'><strong>qua</strong></span> <span class='ocrx_word' id='word_1_765' title='bbox 2591 5768 2802 5825; x_wconf 85' lang='lat' dir='ltr'><strong>fuerant</strong></span> <span class='ocrx_word' id='word_1_766' title='bbox 2845 5764 3201 5839; x_wconf 81' lang='lat' dir='ltr'><strong>denominati,</strong></span> <span class='ocrx_word' id='word_1_767' title='bbox 3249 5765 3412 5823; x_wconf 81' lang='lat' dir='ltr'><strong>value</strong></span> 
     </span>
    </p>
   </div>
  </div>
