3988 6344
478 385 579 443 ηε
934 364 939 367 ’
1748 378 2104 443 DIONYSIUS
2139 374 2463 435 EXIGUUS.
3638 376 3732 436 ise

478 500 691 569 rintque
718 497 852 555 alias
879 508 1143 566 occupare
1170 493 1473 567 parochias,
1505 501 1562 548 et
1586 493 1693 548 vim
1741 493 2056 565 praesulibus
2083 498 2132 557 Α
2157 492 2461 560 definimus,
2492 497 2553 547 ut
2575 489 2653 546 eis
2672 488 2859 546 decem
2896 505 3161 549 annorum
3192 501 3419 564 tempus,
3445 493 3733 551 secundum

472 608 659 649 carum
712 591 928 655 inferre,
978 587 1269 645 seditiones
1310 585 1566 639 adversus
1598 598 1695 641 eos
1742 583 2048 649 excitando,
2156 581 2403 653 praefixos
2420 580 2617 652 gradus
2632 580 2963 651 pmnitentize
3004 581 3312 651 largiamur.

476 685 578 740 hos
605 684 760 753 abjici
784 680 1005 753 placuit.
1033 677 1187 745 Quod
1234 678 1280 731 si
1328 675 1596 769 voluerint
1640 676 1694 769 in
1734 674 2055 769 presbyterii
2240 732 2243 741 ,
2755 713 2835 769 De
2860 715 3103 769 maid;

477 730 1002 786 ..--.....,.-..;----.—-—v
1043 730 1185 745 rw
1244 730 1277 731 η
1468 730 1475 731 κ
1683 765 1694 777 _
1737 730 1752 745 -
2240 732 2243 741 -
2755 730 2835 769 ue
2860 730 3149 770 nonitctats.

476 774 688 840 ordine,
727 773 818 826 ubi
848 787 996 842 prius
1041 769 1269 831 fuerant,
1297 775 1355 820 ut
1399 767 1719 836 presbyteri,
1767 766 2050 832 resndere,
2231 826 2343 842 ω,
2411 828 2448 842 Α
2495 827 2509 841 ,
2610 802 2645 842 ,ν
2707 835 2718 842 ,
2792 826 2805 839 .
2888 826 2903 842 .
3020 827 3031 838 .
3285 825 3310 842 ρ
3353 841 3356 842 ν
3432 826 3446 839 .

476 877 583 916 non
604 825 927 929 ealijiciant‘ur
956 857 1171 928 propria
1195 825 1471 924 dignitaie.
1494 825 1748 909 Siautein
1768 825 2059 911 seditiones

2231 826 2365 882 XLI.
2408 827 2510 895 Qui
2540 826 2841 882 voluntarie
2888 825 3234 881 homicidium
3282 825 3531 893 fecerint,
3579 842 3743 894 ρωη..

474 914 823 1005 commovent
850 914 1383 1003 ibidemroustitu‘is
1428 945 1712 1014 episcopis,
1743 945 2058 1016 presbyterii

2211 917 2341 971 :ntiaa
2368 917 2581 987 quidem
2599 916 2798 985 jugiter
2844 930 2902 970 se
2945 914 3301 970 submittant:
3354 915 3735 987 perfectionem

478 1052 694 1104 quoque
721 1037 896 1090 honor
926 1032 1117 1091 talibus
1146 1033 1436 1098 auferatur,
1464 1029 1698 1101 ﬁantque
1722 1015 2062 1089 damnatione

2211 1023 2290 1064 aro
2315 1015 2457 1063 circa
2485 1015 2609 1063 vita!
2636 1015 2840 1062 exitum
2871 1016 3293 1076 consequantur.

486 1127 770 1180 notabiles.

2260 1140 2340 1197 De
2361 1142 2439 1195 Itis
2464 1142 2549 1212 qui
2577 1156 2681 1195 non
2710 1146 2890 1212 sponte
2914 1138 3245 1220 homicidium
3267 1137 3651 1191 commiserunt.

483 1237 562 1293 De
589 1239 667 1291 liis
706 1240 790 1307 qui
826 1237 1170 1307 virginitatem
1213 1236 1449 1307 professi
1474 1242 1613 1299 sunt,
1662 1241 1711 1287 et
1754 1234 1815 1287 de
1843 1234 1922 1287 liis
1949 1248 2063 1305 qua:

589 1307 680 1360 sub
709 1303 1106 1361 sororis'habitu
1137 1303 1252 1359 cum
1272 1303 1523 1373 aliquibus
1548 1313 1952 1361 commorantur.

558 1416 840 1471 XXXVIII.
881 1415 1157 1484 Quotquot
1180 1414 1534 1483 virginitatem
1556 1415 1927 1486 promittentes
1946 1415 2068 1470 irri-

488 1515 596 1561 tam
623 1508 817 1561 faciunt
846 1505 1190 1577 sponsionem
1213 1544 1227 1569 ,
1265 1505 1407 1559 inter
1454 1505 1695 1574 bigamos
1724 1513 2063 1559 censeantur.

486 1597 732 1666 Virgines
754 1605 951 1673 autem,
984 1612 1103 1665 qua:
1131 1596 1457 1651 conveniunt
1483 1611 1603 1649 cum
1632 1594 1916 1664 aliquibus,
1944 1603 2066 1651 tan-

2234 1251 2391 1307 XLII.
2433 1250 2508 1305 De
2530 1249 2831 1305 homicidiis
2858 1264 2966 1303 non
3001 1258 3195 1319 sponte
3232 1247 3549 1311 commissis,
3598 1246 3745 1316 prior

2165 1343 2380 1413 quidem
2408 1340 2650 1397 definitio
2674 1347 2797 1409 post
2824 1346 3141 1409 septennem
3173 1336 3539 1408 pcenitentiam
3568 1334 3745 1405 perfe-

2168 1434 2402 1489 ctionem
2457 1432 2713 1500 consequi
2761 1432 3047 1502 praecipit:
3105 1431 3338 1486 secunda
3384 1445 3534 1494 vero,
3586 1428 3747 1498 quin-

2167 1526 2387 1598 quennii
2416 1532 2624 1595 tempus
2650 1524 2886 1593 explere.

490 1658 652 1758 quam
676 1668 911 1755 sororés,
938 1658 1183 1741 habitare
1212 1685 1580 1756 prohibemus.
1721 1658 1737 1664 —
1901 1658 1910 1661 —
2478 1658 2558 1712 De
2585 1659 2665 1711 Ῑίίδ
2691 1660 2776 1729 qui
2796 1658 3140 1712 divinatione“
3168 1667 3430 1727 επρθωηί·

492 1799 572 1854 De
601 1801 681 1854 his
709 1800 795 1871 qui
822 1799 1083 1853 adulteras
1113 1796 1299 1871 habent
1320 1813 1526 1861 uxores,
1550 1798 1627 1851 vel
1651 1796 1698 1853 si
1726 1796 1825 1864 ipsi
1850 1795 2069 1850 adulteri

2242 1774 2425 1830 XLIII.
2466 1773 2567 1841 Qui
2595 1772 2954 1828 divinationes
2978 1778 3255 1841 expetunt,
3291 1778 3346 1825 et
3384 1786 3588 1824 morem
3620 1786 3750 1839 gen-

1073 1870 1489 1938 comprobantur.
2107 1874 2146 1930 Β
2175 1870 2347 1924 tilium
2377 1868 2793 1937 subsequuntur,
2826 1873 2919 1919 aut
2946 1865 2996 1919 in
3021 1865 3210 1919 domos
3230 1880 3354 1919 suas
3381 1864 3754 1932 hujuscemodi

560 1979 802 2034 XXXIX.
842 1979 897 2034 Si
928 1979 1079 2048 cujus
1104 1994 1241 2034 uxor
1260 1977 1498 2032 adultera
1540 1976 1721 2044 fuerit,
1751 1977 1837 2031 vel
1866 1977 1911 2032 si
1957 1976 2071 2047 ipse

2216 1959 2424 2013 omines
2452 1956 2819 2022 introducunt,
2850 1954 3162 2026 exquirendi
3209 1954 3406 2023 aliquid
3436 1966 3551 2010 arte
3588 1956 3757 2021 male-

493 2072 813 2127 adulterium
845 2071 1195 2138 commiserit,
1221 2078 1425 2138 septem
1466 2085 1730 2123 annorum
1761 2069 2071 2138 paenitentia

2213 2065 2294 2114 ea,
2345 2056 2437 2103 aut
2489 2046 2741 2117 expiandi
2789 2062 2972 2111 causa,
3023 2047 3122 2100 sub
3176 2046 3359 2113 regula
3407 2046 3758 2115 quinquennii

493 2170 712 2233 oportet
738 2178 860 2217 eum
896 2134 1296 2233 ρετίρειίοιίθηί
1324 2160 1601 2230 consequi,
1634 2134 1926 2214 sem—mium
1974 2160 2080 2230 βτί,
2170 2137 2411 2207 jaceant,
2440 2134 2735 2191 secundum
2758 2134 2955 2203 gradus
2991 2134 3316 2214 paenitentia:
3344 2134 3611 2191 definitos.

491 2255 663 2309 stinos
693 2254 906 2323 gradus.
2274 2249 2356 2303 De
2384 2249 2463 2303 his
2482 2249 2566 2321 qui
2594 2249 2845 2320 uirginum
2866 2248 3277 2318 corruptionibus
3305 2248 3497 2303 conscii
3527 2258 3666 2304 sunt.

502 2366 581 2421 De
609 2366 689 2420 his
733 2366 820 2436 qui
867 2375 1045 2436 partus
1065 2380 1279 2446 suasca;
1308 2363 1649 2446 fornicatione
1677 2362 1887 2416 diversis
1908 2361 2074 2417 modis
2250 2362 2432 2417 XLIV.
2473 2361 2698 2429 Quidam
2748 2376 3001 2433 sponsam
3052 2362 3291 2428 habens,
3345 2379 3589 2419 sororem
3644 2367 3763 2434 ejus

1120 2443 1439 2498 interimunt.

2214 2455 2417 2520 iolavit,
2446 2462 2505 2510 et
2536 2453 2809 2523 gravidam
2847 2454 3113 2509 reddidit:
3155 2455 3495 2523 postmodum
3524 2456 3761 2526 despon-

563 2544 678 2600 XL.
721 2545 795 2599 De
826 2544 1135 2598 mulieribus
1164 2559 1282 2615 quae
1310 2542 1640 2598 fornicamur
1661 2550 1713 2597 et
1738 2549 1924 2612 partus
1945 2557 2073 2597 suos
2177 2555 2350 2601 satam
2382 2545 2482 2600 sibi
2506 2544 2659 2599 duxit
2680 2559 2927 2612 uxorem,
2951 2544 3040 2598 illa
3062 2560 3214 2610 vero,
3235 2559 3355 2613 qua:
3379 2555 3630 2615 corrupta
3657 2557 3761 2612 est,

497 2646 711 2701 necant,
736 2636 821 2691 vel
860 2650 979 2703 quae
1025 2644 1189 2703 agunt
1233 2650 1434 2699 secum,
1479 2643 1537 2689 ut
1585 2642 1740 2689 utero
1785 2644 2077 2705 conceptos
2177 2640 2373 2708 laqueo
2398 2640 2732 2711 se‘peremit.
2789 2638 2854 2693 Ili
2881 2640 2974 2708 qui
3014 2638 3227 2701 fuerunt
3250 2641 3472 2704 conscii,
3519 2648 3644 2710 post
3672 2641 3762 2695 de-

498 2728 804 2793 excutiant,
836 2726 1053 2794 antiqua
1083 2724 1559 2795 quidemdetinitio
1589 2741 1756 2795 usque
1784 2725 1853 2780 ad
1876 2727 2076 2781 exitum
2181 2744 2411 2787 cennem
2437 2729 2859 2784 satisfactionem
2885 2730 3018 2797 jussi
3049 2739 3173 2790 sunt
3199 2732 3419 2801 suscipi,
3466 2731 3765 2788 secundum

501 2820 625 2873 vita:
649 2833 740 2873 eas
764 2818 831 2871 ab
854 2816 1088 2871 Ecclesia
1114 2823 1388 2870 removet:
1419 2816 1702 2871 humanius
1730 2825 1909 2869 autem
1937 2833 2081 2872 nunc
2181 2822 2383 2890 gradus
2403 2824 2737 2892 paenitentia:
2767 2823 3105 2881 constitutos.

506 2953 3720 2985 *νῆ-ΝΜ

1007 3012 1346 3082 REGULJE
1409 3015 1805 3085 PROLA'I‘JE
1858 3019 1929 3076 IN
1990 3019 2306 3081 svuono
2380 2982 3247 3090 NEOCIESABIENSIXIVA.

572 3201 639 3256 Et
668 3202 751 3255 ha:
773 3201 970 3270 regula:
986 3209 1112 3272 post
1133 3215 1225 3255 eas
1245 3198 1457 3268 quidem
1484 3197 1779 3268 probantur
1806 3212 1946 3261 esse,
1968 3212 2085 3266 quae

2212 3220 2297 3261 em
2343 3207 2711 3277 deprehensus
2768 3209 2933 3275 fuerit
2986 3224 3245 3279 peccans,
3278 3209 3320 3263 si
3353 3207 3570 3278 quidem
3622 3221 3774 3273 genu

504 3294 643 3363 apud
672 3292 938 3363 Ancyram
967 3292 1225 3362 exposite
1268 3298 1425 3343 sunt:
1456 3288 1550 3344 sed
1581 3287 1808 3342 Νὶοωηὶε
1837 3286 2078 3341 anterio-
2188 3294 2373 3363 ﬂectit,
2398 3298 2603 3364 audiat,
2640 3308 2698 3353 ut
2725 3315 2831 3354 non
2878 3300 3152 3369 delinquat
3186 3299 3446 3354 ulterius:
3477 3298 3520 3352 si
3553 3313 3683 3352 vero
3713 3308 3776 3351 et

507 3400 593 3440 res
613 3386 993 3455 reperiuntur“
2186 3388 2406 3444 audiens
2429 3393 2750 3459 peccaverit,
2780 3392 3098 3461 expellatur.

507 3495 586 3550 De
605 3494 912 3566 presbyteris
933 3495 1020 3565 qui
1042 3510 1230 3549 uxores
1251 3500 1569 3562 acceperunt,
1594 3491 1672 3545 vel
1684 3491 1926 3562 fornicati
1944 3497 2081 3545 sunt.

580 3585 739 3641 XLV.
780 3584 1083 3656 Presbyter,
1114 3587 1158 3639 si
1190 3600 1411 3640 uxorem
1452 3584 1740 3653 acoeperit,
1787 3583 1857 3638 ab
1899 3581 2087 3637 ordine

509 3675 815 3744 deponatur
840 3694 852 3727 :
887 3676 932 3730 si
960 3690 1089 3730 vero
1119 3675 1410 3729 fornicatus
1440 3674 1617 3738 fuerit,
1650 3682 1741 3726 aut
1768 3671 2087 3725 adulterium

511 3765 915 3835 perpetraverit,
942 3765 1169 3835 amplius
1193 3764 1318 3835 pelli
1346 3764 1525 3829 debet,
1548 3772 1605 3819 et
1630 3763 1698 3819 ad
1718 3763 2087 3833 paenitentiam

2580 3507 2656 3563 De
2683 3509 3043 3562 cateclzumena
3063 3515 3380 3579 pratgnante.

2257 3609 2320 3673 [ι’.
2360 3614 2644 3673 Gravidam
2684 3624 2899 3687 oportet
2944 3616 3221 3686 baptizari,
3254 3613 3467 3684 quando
3498 3614 3771 3681 voluerit;

2188 3706 2320 3760 nihil
2356 3709 2498 3761 enim
2536 3708 2590 3761 in
2625 3708 2728 3763 hoc
2756 3721 2874 3775 qum
2909 3704 3332 3777 parit‘naseenti
3361 3705 3727 3759 communicat
3754 3722 3772 3757 :

2190 3806 2474 3865 propterea
2502 3797 2647 3867 quod
2692 3798 3107 3867 uniuscujusque
3151 3811 3305 3850 suum
3347 3796 3681 3865 propositum
3714 3796 3779 3849 in

514 3854 702 3922 redlsl-
858 3882 859 3885 ‘
2191 3886 2532 3945 confessione
2552 3887 2875 3941 declaretur.

515 3963 594 4020 De
620 3966 701 4020 Itis
728 3980 842 4038 quia
868 3960 1066 4019 duobus
1094 3964 1342 4034 fratribus
1380 3965 1679 4043 uupseririt,»
1710 3964 1787 4017 vel
1831 3964 1917 4032 qui
1962 3964 2090 4018 duas

924 4050 1126 4087 sorores
1154 4050 1341 4088 uxores
1369 4041 1678 4102 acceperint.

2211 3990 2345 4057 Quod
2365 4011 2465 4048 non
2488 4005 2721 4065 oporteat
2740 3998 2794 4048 in
2816 3995 3003 4066 bigami
3023 3995 3215 4064 nuptiis
3232 4011 3381 4050 orare
3394 3994 3779 4066 presbyterum.

585 4124 767 4179 XLVI.
809 4122 1017 4191 Mulier,
1049 4124 1094 4177 si
1123 4124 1328 4178 duobus
1350 4123 1603 4177 fratribus
1650 4124 1925 4193 nupserit,
1956 4123 2093 4193 abji-
2266 4107 2351 4161 ιιι
2394 4106 2848 4177 Ρτεδιδγωτυωίη
2881 4107 3078 4175 nuptiis
3114 4105 3310 4173 bigami
3349 4104 3614 4175 prandere
3664 4122 3787 4161 non

517 4215 692 4271 cietur
721 4229 888 4283 usque
915 4213 981 4268 ad
1010 4223 1241 4269 mortem
1266 4232 1279 4267 :
1312 4221 1682 4271 verumtamen
1722 4215 1773 4269 in
1802 4216 1949 4273 exitu
1978 4231 2090 4285 pro-

2211 4196 2467 4261 :onvenit,
2497 4196 2623 4265 quia
2651 4211 2771 4252 eum
2806 4195 3123 4266 paenitentia
3162 4194 3399 4262 bigamus
3438 4204 3614 4261 egeat,
3651 4196 3793 4263 quis

514 4312 643 4375 pter
672 4303 1117 4368 misericordiam,
1150 4304 1196 4358 si
1224 4304 1550 4373 promiserit,
1579 4304 1724 4372 quod
1769 4304 1909 4361 facta
1943 4284 2090 4360 inco-

2211 4290 2303 4345 erit
2324 4288 2601 4357 presbyter
2625 4288 2713 4356 qui
2758 4294 2983 4357 propter
3006 4284 3311 4341 convivium
3350 4285 3544 4341 talibus
3572 4287 3798 4356 nuptiis

520 4395 699 4459 Iumis,
740 4394 900 4463 hujus
932 4396 1328 4464 conjunctionis
1353 4394 1529 4450 vinela
1561 4395 1837 4462 dissolvat,
1868 4397 2098 4453 fructum
2198 4378 2366 4450 9°55“
2391 4377 2632 4448 Pmbel'e
2657 4378 3013 4432 consensum?

522 4484 851 4555 paenitentiae
878 4494 1259 4554 consequatur.
1316 4483 1472 4551 Quod
1517 4483 1561 4540 si
1608 4484 1866 4540 defecerit
1910 4484 2101 4539 mulier
2132 4559 2147 4561 Α
2391 4489 2469 4545 De
2496 4490 2573 4543 Itis
2600 4488 2685 4561 qui
2703 4489 2997 4545 mulieribus
3026 4488 3271 4543 adulteris
3284 4488 3450 4557 juncti
3471 4495 3612 4541 sunt.

523 4583 619 4631 aut
648 4575 728 4630 vir
755 4574 808 4628 in
838 4574 1031 4631 talibus
1058 4576 1276 4645 nuptiis,
1302 4575 1532 4633 difficilis
1554 4574 1658 4632 erit
1698 4574 2011 4646 poenitentia
2040 4575 2096 4630 in
2126 4559 2175 4618 Ῐ)

564 4598 619 4677 ξη
649 4598 727 4630 νη
755 4598 808 4628 ¹¹¹
838 4598 1031 4677 ι⁴¹¹¹¹ηξ⁵
1058 4598 1276 4645 ¹¹⁰Ρι¹¹⁵ν
1302 4598 1532 4633 ί¹¹¹¹¹⁸¹¹¹⁵
1554 4598 1658 4632 er“
1698 4598 2011 4646 Ρωωιτυυδ
2040 4598 2096 4630 ¹¹³
2126 4598 2173 4618 ν
2274 4602 2383 4657 LII.
2425 4602 2614 4657 Mulier
2652 4602 2927 4671 cujusdam
2964 4600 3261 4655 adulterata
3310 4598 3430 4652 laici
3476 4599 3816 4665 constituti,

525 4673 635 4721 vita
664 4673 1022 4736 permanenti.

2205 4695 2251 4751 si
2279 4695 2553 4749 evidenter
2573 4701 2842 4759 arguatur,
2873 4692 2995 4747 talis
3039 4691 3106 4745 ad
3143 4689 3491 4743 ministerium
3535 4688 3671 4742 cieri
3701 4705 3829 4743 ve-

1099 4774 1176 4830 De
1197 4778 1515 4833 multinubis.
2208 4786 2323 4841 nire
2348 4801 2454 4840 non
2484 4784 2701 4852 poterit.
2732 4782 2789 4836 Si
2816 4797 2942 4836 vero
2965 4789 3089 4851 post
3116 4780 3509 4836 ordinationem
3564 4778 3831 4833 adulte-

599 4860 806 4918 XLVII.
845 4862 923 4917 De
949 4863 1032 4919 his
1050 4865 1146 4935 qui
1186 4866 1239 4920 in
1267 4866 1522 4935 plurimas
1546 4866 1758 4935 nuptias
1779 4863 2090 4928 inciderunt,

2211 4884 2323 4931 rata
2351 4875 2526 4941 fuerit,
2554 4874 2823 4928 dimittere
2843 4887 2959 4927 eam
2990 4871 3241 4928 convenit
3266 4889 3278 4923 :
3311 4870 3455 4939 quod
3476 4870 3521 4924 si
3544 4885 3672 4924 cum
3698 4871 3837 4928 illa

531 4961 589 5008 θῑ
609 4961 817 5023 tempus
851 4953 1067 5021 (Ιιιίάεῐη
1112 4956 1430 5025 Ρηείῖηίῑυηι
1475 4956 1814 5013 ωδηίῖθὸιωη
1860 4964 1963 5021 εει»
2008 4953 2107 5010 θεά
2210 4966 2526 5035 convixerit,
2580 4964 2932 5019 ministerium
2977 4963 3079 5018 sibi
3133 4962 3483 5019 commissum
3537 4961 3847 5021 obtinere

532 5042 874 5099 conversatio
895 5058 1104 5109 eorum,
1134 5053 1189 5099 et
1213 5043 1365 5113 fides,
1391 5054 1600 5117 tempus
1625 5044 1920 5101 abbreviat.
2208 5072 2318 5112 non
2342 5058 2559 5128 ροωιοκ,

697 5153 778 5207 De
823 5154 904 5207 his
936 5155 1021 5224 qui
1046 5163 1385 5224 proponentes
1415 5156 1665 5226 fornicari
1683 5162 1936 5208 vetantur.

2211 5166 2289 5222 De
2316 5169 2394 5221 bis
2424 5168 2509 5238 qui
2535 5166 2603 5221 ad
2637 5166 3002 5237 presbyterium
3037 5176 3417 5238 promouentur,
3457 5175 3508 5219 et
3545 5175 3670 5220 ante
3696 5184 3855 5224 or-

604 5243 832 5303 XLVIII.
890 5244 947 5299 Si
986 5245 1107 5314 quis
1152 5245 1432 5299 mulierem
1475 5245 1862 5313 concupiscens
1904 5256 2108 5311 propo-
2388 5234 2701 5291 dinationém
2736 5234 3065 5307 peccatorum
3100 5234 3197 5290 sibi
3235 5246 3353 5290 sum
3391 5238 3606 5290 conscii.

533 5335 702 5393 suerit
729 5350 849 5389 cum
872 5349 939 5390 ea
968 5335 1347 5401 concumbere,
1369 5341 1425 5388 et
1441 5334 1697 5403 cogitatio
1721 5332 1837 5401 ejus
1864 5347 1970 5387 non
1987 5346 2108 5401 per-

535 5424 718 5478 veniat
742 5422 809 5477 ad
834 5420 1104 5488 effectum,
1158 5429 1382 5491 apparet
1432 5421 1577 5491 quod
1622 5421 1717 5476 Dei
1757 5421 1928 5490 gratia
1970 5419 2108 5479 libe-

536 5520 684 5567 ratus
710 5512 800 5567 sit.

2282 5345 2410 5399 LIII.
2452 5343 2759 5417 Presbyter,
2801 5345 2849 5400 si
2890 5355 3296 5416 praeoccupatus
3341 5346 3612 5414 corporali
3659 5361 3869 5414 pec-

2210 5445 2334 5492 cato
2356 5438 2697 5507 provehatur,
2729 5444 2783 5492 et
2810 5438 3085 5492 confessus
3114 5435 3273 5491 fuerit
3299 5436 3363 5489 de
3385 5451 3462 5502 se,
3495 5436 3644 5502 quod
3665 5452 3763 5492 an
3778 5452 3883 5501 te

2210 5529 2600 5585 ordinationem
2624 5528 2925 5598 deliquerit,
2962 5528 3141 5583 oblata
3183 5542 3289 5581 non
3337 5537 3649 5587 consecret;
3684 5544 3886 5591 ﬁla-

891 5620 970 5674 De
995 5620 1370 5675 catechumenis
1394 5619 1743 5690 peccantibus.
2098 5606 2101 5609 ’
2213 5634 2346 5673 nens
2387 5620 2441 5673 in
2496 5619 2713 5688 reliquis
2749 5617 2961 5684 ofﬁciis,
3011 5625 3233 5688 propter
3271 5616 3501 5671 studium
3557 5615 3883 5684 bonum-

608 5710 791 5767 XLIX.
830 5710 1261 5767 Catechumenus
1287 5712 1334 5768 si
1357 5711 1691 5781 ingrediatur
1722 5712 2024 5777 eccleSiam,
2056 5722 2115 5769 et
2212 5707 2342 5761 Nam
2373 5718 2590 5779 peccata
2626 5710 2834 5779 reliqua
2876 5710 3119 5780 plerique
3159 5709 3410 5763 dixerunt
3450 5722 3556 5777 per
3600 5724 3691 5762 ma
3705 5730 3897 5782 nus

541 5804 599 5860 in
620 5803 866 5861 ordinem
888 5816 1081 5860 ,αι-ιω
1114 5802 1207 5875 qui
1244 5802 1580 5868 immoritur
1606 5804 1832 5863 assistat
1855 5804 1983 5863 :hic
2006 5820 2111 5865 εω-
2204 5801 2607 5878 impositionem
2632 5819 2796 5877 posse
2816 5804 3032 5869 dimitti.
3060 5802 3219 5874 Quod
3240 5802 3377 5865 side
3397 5816 3459 5861 se
3489 5815 3601 5859 non
3628 5801 3811 5868 fucr
3828 5816 3903 5874 ῑι
