3988 6344
252 332 356 389 157

1252 335 1475 393 CODEX
1511 336 1835 395 CANONUM
1874 313 2567 404 ECCLESIASTICORUSI.

3404 359 3501 416 158

245 455 369 519 ipse
395 448 695 514 conlessns,
726 456 780 504 et
814 448 964 517 argui
1000 448 1279 517 manifeste
1316 452 1632 521 nequiverit,
1666 459 1821 523 pote-
1854 456 1901 514 Α
1930 456 2027 510 nisi
2070 455 2207 513 forte
2232 468 2456 529 propter
2479 479 2711 533 sequens
2753 469 2987 525 studium
3024 471 3170 539 (ius,
3219 483 3275 529 et
3321 473 3499 544 Iidem,

245 540 405 595 statis
432 553 541 594 sua:
557 539 758 609 judicio
776 540 1132 611 relinquatur.

738 645 819 702 De
846 645 1078 702 diaconis
1104 648 1358 704 similiter.

320 758 451 814 LIV.
493 758 664 815 Simili
692 760 853 815 modo
881 761 1044 815 etiam
1065 761 1338 827 diaconus,
1375 764 1419 819 si
1456 764 1649 821 eodem
1697 781 1823 837 peo-

240 858 368 906 cato
396 851 756 912 succubuerit,
787 852 858 907 ab
881 851 1069 908 ordine
1091 852 1371 909 ministerii
1386 854 1754 912 subtrahatur.

377 960 492 1025 Quo
515 973 737 1029 tempore
762 961 1111 1034 presbyterum
1134 965 1399 1018 conveniat
1428 965 1694 1022 ordinare.

315 1067 427 1122 LV.
472 1068 758 1139 Presbyter
782 1078 906 1124 ante
936 1072 1260 1127 tricesimum
1286 1074 1459 1128 astatis
1482 1089 1591 1130 suae
1619 1091 1817 1131 annum

242 1160 551 1214 nullatenus
573 1160 869 1243 ordinetur,
899 1161 1025 1217 licet
1046 1163 1201 1218 valde
1238 1165 1309 1219 sit
1330 1164 1518 1234 dignus
1550 1184 1562 1219 :
1596 1168 1689 1222 sed
1720 1168 1825 1222 hoc

243 1258 460 1319 tempus
509 1252 779 1307 observet.
824 1252 959 1307 Nam
1016 1253 1272 1310 Dominus
1317 1264 1499 1311 noster
1552 1257 1823 1313 tricesimo

240 1343 419 1397 aetatis
445 1358 555 1397 sua:
582 1359 724 1399 anno
752 1343 1053 1414 baptizatus
1076 1354 1179 1411 est,
1219 1354 1276 1401 et
1301 1348 1380 1403 sic
1422 1349 1586 1419 cmpit
1606 1349 1822 1405 docere.

325 1452 409 1506 De
435 1454 517 1506 Iris
544 1454 629 1525 qui
648 1454 703 1507 in
729 1455 1033 1525 wgritudine
1056 1456 1315 1527 baptism
1336 1471 1737 1531 consequuntur.

309 1562 448 1618 LVI.
498 1562 555 1618 Si
597 1565 716 1633 quis
744 1565 798 1619 in
829 1567 1146 1634 {egritudine
1186 1569 1348 1623 fuerit
1375 1570 1714 1640 baptizatus,
1755 1573 1823 1627 ad

238 1652 506 1708 honorem
528 1655 848 1726 presbyterii
869 1671 977 1711 non
1000 1665 1181 1727 potest
1199 1663 1530 1731 promoveri,
1550 1664 1694 1733 quod
1712 1680 1823 1721 non

236 1757 304 1799 ex
332 1745 616 1815 proposito
636 1745 766 1800 ﬁdes
788 1744 923 1815 ejus,
949 1747 1045 1802 sed
1074 1761 1143 1802 ex
1162 1751 1484 1806 necessitate
1505 1752 1819 1809 descendit:

1928 552 2090 615 atque
2118 547 2392 604 hominum
2424 554 2694 610 raritatem
2725 558 2842 613 talis
2870 562 3040 629 possit
3060 563 3291 620 admitti.

2358 661 2439 716 De
2462 665 2772 737 presbyteris
2795 687 3056 741 agrorum.

1998 748 2151 807 LVII.
2169 749 2470 825 Presbyteri
2484 758 2621 811 ruris
2644 759 2693 812 in
2706 758 2947 816 Ecclesia
2969 763 3221 831 civitatis,
3243 766 3495 838 episcopo

1927 848 2223 909 prmsente,
2255 842 2336 895 vel
2378 844 2702 916 presbyteris
2730 849 2875 903 urbis
2904 851 3065 920 ipsius
3086 894 3103 920 ,
3150 856 3342 910 offerre
3388 873 3497 912 non

1927 936 2170 997 possunt,
2217 946 2317 985 nee
2338 947 2530 1001 panem
2560 935 2953 996 sanctificatum
2984 940 3131 1006 dare,
3169 943 3498 1014 calicemque

1926 1019 2219 1087 porrigere.
2252 1018 2308 1074 Si
2338 1037 2471 1077 vero
2489 1024 2737 1080 absentes
2757 1026 2811 1081 hi
2843 1026 3071 1098 fuerint,
3100 1039 3155 1086 et
3175 1031 3241 1086 ad
3268 1032 3495 1087 dandam

1924 1108 2226 1164 orationem
2242 1121 2521 1176 vocentur,
2538 1115 2637 1169 soli
2659 1115 2790 1171 dare
2810 1118 3098 1174 debebunt.
3115 1119 3437 1192 Chorepian
3444 1125 3494 1193 pi

1927 1214 2139 1269 quoque
2161 1202 2224 1255 ad
2246 1204 2546 1273 exemplum
2573 1208 2807 1274 quidem,
2832 1218 2887 1263 et
2909 1210 3129 1265 formam
3159 1215 3493 1283 septuaginta

1927 1290 2175 1345 videntur
2199 1306 2320 1347 esse
2351 1310 2364 1345 :
2398 1302 2455 1348 ut
2499 1297 2851 1353 comministri
2881 1307 3059 1355 autem
3080 1342 3095 1367 ,
3137 1312 3359 1372 propter
3378 1314 3491 1359 stu-

1924 1377 2070 1432 dium
2099 1380 2243 1448 quod
2271 1396 2399 1449 erga
2426 1398 2694 1453 pauperes
2721 1387 3009 1455 exhibent,
3040 1390 3387 1447 honorentur.

2282 1488 2362 1544 De
2382 1507 2592 1546 numero
2619 1504 2757 1550 certo
2780 1497 3134 1554 (liaconornm.
3323 1563 3326 1566 ,

1995 1573 2169 1631 LVIII.
2192 1576 2411 1634 Diaconi
2431 1590 2637 1651 septem
2661 1584 2860 1640 debent
2886 1603 3029 1656 esse,
3054 1590 3206 1658 juxta
3230 1591 3491 1660 regulam,

1924 1662 2051 1719 licet
2076 1674 2129 1720 et
2167 1668 2321 1723 valde
2356 1685 2549 1739 magna
2587 1673 2658 1728 sit
2698 1675 2904 1732 civitas.
2953 1677 3183 1750 Idipsum
3224 1692 3401 1738 autem
3440 1692 3497 1740 ct

1926 1755 2151 1811 Actaum
2176 1761 2542 1828 apostolorum
2567 1763 2701 1820 liber
2727 1766 2978 1823 insinuat.

235 1863 3481 1917 -—__.__.._________._..___________________________

258 1975 609 2038 REGULE
664 1976 1187 2052 GANGRENSES
1215 1980 1364 2057 XX,
1398 1981 1585 2056 QUAE
1638 1985 1835 2049 POST
1884 1988 2266 2053 NICJENUM
2303 1992 2737 2061 CONClLlUM
2795 2002 3214 2067 EXPOSIT.’E
3266 2008 3490 2074 SUNT.

524 2272 529 2275 _
559 2208 639 2264 De
665 2211 744 2265 his
766 2212 849 2281 qui
878 2213 1086 2281 nuptias
1128 2222 1484 2268 exsecrantur.

305 2299 441 2355 LIX.
464 2300 523 2357 Si
543 2303 659 2370 quis
688 2303 957 2373 vituperat
984 2306 1216 2374 nuptias,
1243 2314 1297 2360 et
1316 2306 1672 2362 dormientem
1694 2320 1816 2361 cum

230 2392 353 2445 viro
401 2407 501 2445 suo
542 2391 749 2446 ﬁdelem
778 2408 841 2446 ac
866 2392 1171 2461 religiosam
1220 2394 1539 2459 detestatur,
1572 2403 1666 2448 aut
1703 2395 1817 2449 cul-

232 2480 443 2549 pabiles
471 2481 730 2546 testimat,
783 2482 931 2535 velut
958 2483 1050 2551 qui
1092 2484 1145 2537 in
1189 2498 1413 2554 regnum
1449 2484 1543 2539 Dei
1592 2483 1814 2541 introire

231 2586 338 2625 non
370 2572 582 2640 possint
607 2588 622 2624 :
647 2572 934 2626 anathema
962 2557 1054 2627 sit.

271 2704 349 2758 De
382 2706 463 2759 his
491 2708 577 2777 qui
605 2706 969 2761 abominantur
995 2724 1082 2762 eos
1110 2710 1196 2780 qui
1224 2708 1462 2765 carnibus
1489 2720 1776 2765 vescuntur.

300 2818 415 2873 LX.
467 2817 525 2873 Si
567 2820 687 2888 quis
713 2834 902 2875 carnes
926 2819 1207 2889 edentem,
1256 2830 1451 2891 prmter
1476 2823 1808 2891 sanguinem,

230 2919 285 2964 et
312 2909 473 2963 idolis
502 2909 853 2975 immolatum,
886 2918 942 2964 et
980 2909 1333 2979 suil‘ocatum,
1379 2928 1502 2966 cum
1530 2912 1810 2982 religione,

230 3010 285 3055 et
326 3000 456 3063 ﬁde,
486 3001 839 3069 condemnat,
868 3003 1015 3058 velut
1040 3019 1221 3073 spem,
1262 3013 1487 3075 propter
1508 3005 1812 3075 hujnsmodi

230 3092 654 3162 perceptionem,
690 3108 795 3147 non
824 3094 1111 3149 habentem
1142 3112 1155 3147 :
1186 3097 1471 3152 anathema
1491 3097 1580 3152 sit.

232 3224 309 3279 De
327 3227 489 3279 servis
513 3226 599 3297 qui
611 3226 794 3297 jugum
821 3228 1103 3350 [amzlatqs
1125 3228 1375 3299 objiciunt
1405 3227 1810 3284 Christianitatis

904 3314 933 3350 ο
972 3308 1049 3350 ten
1077 3315 1129 3350 u.

904 3308 1129 3351 abtentu.

298 3405 430 3460 LXI.
475 3406 530 3461 Si
574 3407 693 3477 quis
733 3415 969 3471 serv'um,
1004 3416 1265 3477 pmtextu
1295 3408 1457 3463 divini
1480 3408 1673 3473 cultus,
1704 3407 1806 3463 do-

229 3504 351 3549 ceat
378 3495 649 3549 dominum
680 3504 1027 3549 contemnere
1052 3496 1324 3565 pr0prium
1349 3513 1363 3547 ε
1397 3504 1457 3549 ut
1479 3494 1716 3550 discedat
1738 3496 1805 3551 ab

1841 2224 1889 2282 B

2083 2215 2160 2271 De
2184 2218 2263 2272 his
2287 2236 2402 2291 qua
2429 2223 2482 2275 in
2510 2239 2632 2278 usus
2656 2242 2936 2297 pauperum
2963 2231 3318 2301 conferuntur.

1988 2303 2168 2361 LXVI.
2199 2309 2253 2362 Si
2276 2311 2394 2380 quis
2422 2311 2648 2381 dederit,
2680 2316 2763 2369 vel
2794 2319 3061 2390 acceperit
3095 2322 3275 2376 oblata
3302 2332 3496 2392 praeter

1916 2396 2263 2468 episcopum,
2304 2399 2389 2454 vel
2417 2415 2539 2456 eum
2574 2402 2669 2472 qui
2716 2406 3036 2462 constitutus
3063 2417 3146 2463 est
3191 2411 3259 2465 ab
3289 2426 3355 2466 eo
3378 2452 3394 2480 ,
3426 2414 3494 2468 ad

1916 2488 2322 2559 dispensandam
2350 2493 2770 2549 misericordiam
2798 2498 3120 2569 pauperibus
3144 2518 3156 2553 :
3184 2508 3239 2555 et
3261 2502 3350 2572 qui
3376 2504 3492 2573 dat,

1914 2590 1973 2636 et
1998 2582 2088 2650 qui
2123 2582 2337 2653 accipit,
2369 2584 2658 2639 anathema
2690 2586 2778 2642 sit.

1968 2689 2050 2745 De
2076 2692 2156 2746 his
2183 2695 2266 2766 qui
2287 2695 2342 2748 in
2370 2695 2660 2765 virginitate
2686 2698 3101 2771 continentiaque
3126 2689 3423 2771 persistunt.

1986 2801 2185 2858 LXVII.
2205 2804 2518 2875 Quicunque
2535 2806 2888 2875 virginitatem
2904 2809 3226 2877 custodiens,
3247 2821 3337 2866 aut
3354 2828 3489 2873 con-

1915 2891 2149 2948 tinentia:
2172 2896 2418 2962 studens,
2450 2897 2599 2951 velut
2636 2898 2959 2954 horrescens
2990 2902 3209 2970 nuptias
3239 2910 3486 2970 temerat,

1912 3000 2015 3041 nec
2041 2982 2261 3061 propter
2296 2985 2419 3053 hoc,
2450 2987 2592 3057 quod
2619 2988 2819 3042 bonum
2863 2998 2920 3045 et
2967 3000 3213 3047 sanetum
3240 3004 3355 3061 est,
3387 3009 3486 3051 no-

1913 3092 2035 3134 men
2062 3077 2378 3148 virginitatis
2398 3079 2621 3135 assumit
2650 3097 2664 3133 :
2697 3080 2981 3136 anathema
3001 3082 3089 3137 sit.

2158 3187 2238 3243 De
2263 3190 2342 3243 his
2367 3191 2453 3262 qui
2476 3207 2570 3260 pro
2598 3191 2889 3263 virginitate
2911 3192 3228 3261 superbiant.

1981 3303 2207 3359 LXVIII.
2247 3304 2303 3360 Si
2328 3307 2451 3375 quis
2489 3321 2559 3362 ex
2612 3307 2696 3364 his
2738 3308 2832 3379 qui
2878 3308 3231 3378 virginitatem
3258 3324 3484 3383 propter

1905 3395 2191 3452 Dominum
2232 3406 2476 3463 servant,
2533 3399 2808 3456 extollitur
2830 3401 3118 3462 adversum
3143 3408 3478 3476 seiungam,

1908 3486 2194 3541 anathema
2218 3487 2312 3542 sit.

224 3585 349 3653 ejus
374 3586 653 3655 obsequio,
681 3601 781 3640 nec
809 3586 857 3640 ei
887 3602 1010 3641 cum
1052 3586 1430 3642 benevolentia
1458 3595 1513 3641 et
1535 3587 1679 3642 omni
1702 3586 1802 3642 ho-
1829 3589 1876 3652 C
1909 3593 1990 3649 De
2018 3596 2097 3649 hic
2136 3596 2475 3668 quiagapas,
2517 3598 2574 3651 id
2588 3608 2677 3673 Δεει
2701 3600 2964 3668 pastiones
2988 3616 3305 3673 pauperum,
3349 3606 3456 3661 risu

222 3690 363 3728 nore
390 3675 655 3729 deserviat
675 3693 687 3727 :
707 3676 989 3730 anathema
1011 3675 1098 3730 sit.

488 3810 567 3865 De
594 3810 901 3882 presbyteris
930 3812 1015 3883 qui
1044 3810 1266 3866 habuere
1289 3811 1553 3882 conjugia.

292 3917 452 3974 LXII.
483 3920 797 3991 Quicunque
820 3920 1076 3975 discernit
1101 3936 1132 3974 a
1159 3921 1473 3991 presbytero
1490 3959 1506 3986 ,
1552 3917 1644 3988 qui
1665 3932 1802 3974 uxo-

221 4027 339 4066 rem
370 4010 572 4075 habuit,
614 4010 760 4080 quod
791 4026 896 4065 non
928 4018 1199 4080 oporteat,
1226 4025 1292 4065 eo
1317 4009 1687 4075 ministrante,
1734 4008 1804 4065 de

219 4100 501 4156 oblatione
524 4099 802 4170 percipere
830 4117 843 4153 :
872 4100 1161 4155 anathema
1190 4098 1277 4153 sit.

219 4231 299 4286 De
326 4233 408 4285 his
433 4234 519 4303 qui
546 4230 795 4286 Ecclesiae
818 4239 1097 4286 conventus
1122 4230 1439 4301 spernendos
1475 4232 1794 4286 aistimaat.

292 4341 472 4398 LXIII.
513 4342 570 4397 Si
607 4343 725 4412 quis
764 4342 923 4399 docet
953 4341 1172 4399 domum
1202 4341 1296 4396 Dei
1344 4342 1800 4412 contemptibilem

217 4446 369 4497 esse,
394 4438 452 4487 et
494 4442 792 4487 conventus
834 4430 927 4500 qui
953 4430 1008 4485 in
1028 4445 1093 4485 ea
1120 4430 1482 4497 celebrantur,
1513 4432 1799 4486 anathema

218 4633 297 4688 De
326 4634 404 4687 his
445 4636 528 4705 qui
572 4633 922 4775 ecclesiasticr;
957 4634 1243 4715 ministeria
1268 4642 1456 4704 prazter
1501 4630 1793 4687 Ecclesium

919 4713 1113 4757 acuant.

919 4713 1113 4757 αεᾱιιοιι.

282 4816 467 4871 LXIV.
492 4816 549 4871 Si
578 4817 695 4887 quis
723 4825 874 4871 extra
903 4814 1201 4871 Ecclesiam
1230 4830 1473 4871 seorsum
1497 4823 1795 4871 conventus

210 4906 468 4969 celebrat,
485 4913 542 4959 et
564 4906 859 4974 despiciens
880 4904 1195 4971 Ecclesiam,
1220 4921 1283 4960 ea
1304 4922 1424 4976 qua:
1452 4913 1579 4961 sunt
1598 4904 1789 4961 Eccle-

207 4997 300 5050 sia:
341 4996 573 5050 voluerit
602 5012 891 5067 usurpare,
928 5012 1036 5052 non
1066 4997 1420 5052 conveniente
1442 4996 1783 5068 presbytero,

205 5086 357 5157 juxta
383 5087 660 5142 decretum
687 5086 942 5159 epiSOOpi,
976 5087 1263 5141 anathema
1293 5086 1381 5141 sit.

204 5218 283 5273 De
310 5223 571 5291 fructum
589 5218 949 5283 oblationibus,
971 5234 1087 5290 qua:
1111 5219 1363 5274 ministris
1393 5217 1638 5275 Ecclesia:
1652 5235 1788 5275 con-

871 5293 1128 5361 feruntur.

268 5402 431 5460 LXV.
472 5404 530 5460 Si
557 5407 676 5475 quis
703 5406 1005 5461 oblationes
1029 5406 1278 5461 Ecclesiae.
1305 5418 1458 5462 extra
1487 5404 1780 5462 Ecclesiam

201 5498 448 5568 accipere
471 5498 558 5552 vel
604 5498 730 5553 dare
756 5498 1001 5563 voluerit,
1026 5511 1220 5568 praeter
1245 5497 1627 5557 conscientiam
1669 5497 1780 5568 epi~

200 5590 386 5657 scopi,
435 5588 521 5642 vel
566 5587 683 5656 ejus
730 5589 815 5643 cui
856 5587 1218 5656 hujuscemodi
1268 5590 1447 5650 ot'licia
1494 5587 1781 5643 commissa

200 5688 353 5744 sunt,
410 5693 514 5733 nec
554 5693 677 5735 cum
715 5678 831 5749 ejus
855 5678 1081 5737 voluerit
1115 5701 1273 5763 agere
1321 5680 1553 5746 consilio
1586 5697 1600 5734 :
1643 5694 1779 5736 ana-

203 5772 383 5824 thema
402 5768 497 5823 sit.

2561 3668 2828 3737 deputant.

1976 3774 2157 3831 LXIX.
2184 3776 2239 3833 Si
2267 3776 2385 3847 quis
2411 3777 2636 3849 despicit
2680 3795 2776 3835 eos
2801 3781 2892 3851 qui
2923 3782 3150 3839 ﬁdeliter
3177 3800 3393 3857 agapas,
3420 3789 3476 3844 id

1902 3876 1985 3925 est
2003 3870 2264 3936 convivia,
2276 3870 2602 3940 pauperibus
2614 3871 2889 3940 exhibent,
2906 3884 2961 3929 et
2980 3884 3199 3947 propter
3215 3878 3474 3936 honorem

1904 3958 2111 4014 Domini
2137 3969 2442 4016 convocant
2466 3959 2691 4029 fratres,
2724 3974 2779 4018 et
2816 3965 3047 4020 noluerit
3080 3972 3477 4027 communicare

1901 4049 2270 4119 hujuscemodi
2300 4052 2690 4118 vocationibus,
2737 4054 3130 4125 parvipendcns
3155 4060 3299 4128 quod
3338 4063 3477 4130 geri-

1902 4151 2007 4210 tur,
2038 4143 2320 4199 anathema
2351 4144 2440 4200 sit.

1986 4250 2068 4306 De
2095 4252 2173 4306 his
2201 4253 2287 4323 qui
2310 4253 2488 4324 palliis
2514 4262 2746 4321 αειηιιιιν,
2775 4263 2823 4309 et
2844 4254 3041 4311 idcirco
3063 4260 3383 4329 superbiant.

1969 4359 2129 4416 LXX.
2162 4361 2219 4417 Si
2245 4362 2366 4431 quis
2394 4363 2630 4419 virorum
2658 4374 2882 4436 propter
2907 4368 3290 4424 continentiam
3308 4411 3323 4437 ,
3350 4385 3473 4441 quas

1899 4459 2118 4522 putatur
2138 4492 2154 4517 ,
2198 4452 2397 4507 amictu
2427 4452 2571 4522 pallii
2604 4454 2799 4520 utitur,
2830 4458 2982 4526 quasi
3010 4472 3107 4527 per
3138 4458 3243 4515 hoc
3270 4461 3473 4519 habere

1896 4554 1956 4596 se
1976 4540 2234 4608 justitiam
2263 4542 2506 4605 credens,
2562 4551 2617 4596 et
2640 4542 2866 4612 despicit
2890 4559 2988 4600 eos
3027 4546 3119 4615 qui
3165 4563 3286 4603 cum
3316 4566 3470 4607 reve-

1896 4630 2067 4685 rentia
2109 4631 2266 4685 birris
2318 4639 2374 4687 et
2398 4629 2515 4685 aliis
2542 4632 2914 4689 communibus
2941 4642 2997 4690 et
3023 4636 3194 4692 solitis
3223 4646 3466 4709 utuntur,

1898 4719 2179 4774 anathema
2204 4720 2290 4774 sit.

2001 4829 2081 4885 De
2102 4828 2398 4884 mulieribus
2418 4845 2529 4901 qui:
2546 4838 2758 4885 utuntur
2775 4831 3002 4889 uirilibus
3029 4835 3357 4895 indumentis.

1822 4948 1869 5006 ι)
1963 4938 2144 4994 LXXI.
2194 4938 2252 4994 Si
2293 4954 2398 5008 qua
2426 4939 2620 4994 mulier
2643 4950 2868 5011 propter
2912 4944 3315 5015 continentiam,
3345 4963 3466 5018 qua

1892 5038 2128 5101 putatur,
2151 5028 2386 5084 habitum
2407 5037 2597 5096 mutat,
2629 5039 2705 5099 et,
2729 5046 2828 5101 pro
2850 5033 3010 5090 solito
3028 5036 3302 5106 muliebri,
3331 5041 3465 5096 ami-

1886 5130 2036 5177 ctum
2059 5120 2263 5176 virilem
2290 5121 2471 5189 sumit,
2494 5122 2785 5179 anathema
2805 5123 2892 5178 sit.

1893 5252 1970 5308 De
1978 5254 2057 5307 his
2068 5253 2172 5325 qui,
2186 5254 2317 5307 velut
2332 5262 2616 5325 peccatum,
2628 5254 2865 5322 copulam
2880 5255 3127 5325 deserunt
3143 5258 3456 5329 nuptiarum.

1959 5363 2161 5420 LXXII.
2192 5364 2249 5419 Si
2276 5380 2381 5436 qua
2409 5364 2602 5419 mulier
2627 5364 2801 5419 virum
2825 5369 3098 5436 proprium
3130 5370 3460 5438 relinquens,

1888 5455 2167 5512 discedere
2195 5454 2441 5522 voluerit,
2475 5455 2687 5526 nuptias
2714 5470 3027 5524 exsecraris,
3056 5460 3339 5513 anathema
3368 5459 3457 5515 sit.

1886 5568 1967 5624 De
2004 5569 2084 5623 his
2121 5569 2241 5640 qui,
2268 5568 2675 5624 Christianitatis
2702 5568 2939 5636 obtentu,
2972 5569 3257 5639 despiciunt
3300 5570 3459 5640 filios.

1957 5678 2182 5735 LXXIII.
2206 5678 2262 5735 Si
2285 5679 2405 5750 quis
2427 5678 2568 5735 ﬁlios
2587 5679 3063 5749 suos-relinquens,
3086 5692 3191 5733 non
3212 5692 3461 5737 eosenu-

1889 5772 2002 5846 trit,
2027 5783 2084 5831 et
2108 5772 2255 5842 quod
2281 5772 2349 5829 ad
2373 5770 2708 5846 sepertinet,
2735 5764 2803 5828 ad
2828 5769 3084 5842 pietatem
3098 5769 3269 5832 divini
3282 5773 3467 5832 cultus
