3988 6344
541 406 644 465 159

1817 398 2172 457 DIONYSIUS
2207 398 2522 455 EXIGUUS.

3692 393 3783 448 {60

540 520 818 588 informat,
871 518 965 573 sed
995 531 1089 587 per
1131 512 1471 571 occasionem
1500 508 1847 568 continentia:
1874 510 2115 579 negligit,
2146 513 2193 571 Λ
2220 507 2299 563 De
2327 509 2406 562 his
2430 510 2514 579 qui
2538 507 2799 564 dominico
2843 506 2928 588 die
2950 507 3211 588 ,ᾔῳιίξιαηιἲ
3240 511 3485 576 tanquam
3530 505 3659 559 nihil
3689 522 3790 574 pro:

540 610 823 665 analhema
850 608 937 663 sit.

544 769 621 822 De
659 769 738 821 his
760 770 850 834 qui
880 778 1116 839 parentes
1139 807 1155 833 ,
1205 764 1613 820 Christianitatis
1642 764 1942 828 occasione,
1989 779 2115 817 con-

1201 843 1448 889 temnunt.

610 966 836 1022 LXXIV.
863 968 1178 1038 Quicunque
1204 968 1292 1021 lilii
1316 983 1344 1022 a
1372 966 1703 1037 parentibus,
1727 965 1826 1019 sub
1850 972 2115 1034 prmtextu

540 1059 704 1114 divini
734 1060 934 1124 cultus,
985 1058 1310 1126 abscedunt,
1356 1073 1459 1112 nec
1500 1057 1733 1112 debitam
1760 1058 2118 1112 reverentiam

542 1149 853 1218 dependunt
876 1150 1000 1217 illis,
1028 1151 1119 1218 qui
1149 1150 1383 1203 divinum
1406 1148 1609 1203 cultum
1638 1148 1739 1204 sibi
1766 1146 2117 1218 proculdubio

542 1241 850 1311 pratferunt,
881 1242 1168 1295 anathema
1198 1241 1288 1295 sit.

543 1412 625 1467 De
659 1414 953 1467 mulieribus
987 1431 1102 1485 quae
1130 1431 1184 1468 se
1224 1413 1532 1482 attondent,
1579 1412 1984 1469 Christianitatis
2026 1414 2119 1470 ob-

1249 1492 1387 1536 tentu
1397 1524 1410 1537 .

616 1615 820 1670 LXXV.
852 1615 905 1672 Si
928 1632 1033 1685 qua
1062 1618 1271 1682 mulier,
1302 1626 1524 1687 propter
1547 1616 1783 1671 divinum
1813 1616 2035 1681 cultum,
2064 1625 2121 1671 ut

543 1708 805 1772 aestimat,
834 1708 1015 1762 crines
1044 1708 1310 1773 attondet,
1341 1723 1478 1777 quos
1503 1708 1554 1762 ei
1584 1707 1723 1763 Deus
1744 1708 1811 1762 ad
1840 1707 2126 1776 subiectio-

546 1796 631 1849 nis
652 1796 963 1850 memoriam
993 1796 1196 1862 tribuit,
1213 1806 1461 1865 tanquam
1476 1804 1803 1866 praiceptum
1827 1796 2124 1851 dissolvens

548 1889 887 1955 obedientim,
918 1890 1203 1945 anathema
1231 1891 1317 1944 sit.

2756 578 2954 630 rwleris
2976 576 3264 643 di/ferente.

2293 665 2517 721 LXXVI.
2551 667 2609 721 Si
2636 666 2756 736 quis
2784 674 3004 735 propter
3030 666 3448 729 continentiam,
3497 680 3615 733 qua:
3645 674 3788 733 puta-

2221 768 2329 828 tur,
2360 768 2451 812 aut
2472 752 2885 821 contumaciam,
2922 757 2973 809 in
3004 757 3091 809 die
3120 755 3387 810 dominico
3412 754 3636 823 jejunat,
3670 770 3767 807 ana

2220 850 2401 903 thema
2432 849 2519 903 sit.

2222 940 2297 993 De
2326 940 2404 993 his
2433 941 2518 1010 qui
2552 938 2903 993 ecclesiastica
2922 936 3124 1058 jqjunia
3146 935 3333 1006 absque
3362 936 3663 988 necessitate
3683 936 3790 987 dis—

2891 1025 2948 1058 so
2976 1015 3111 1058 vunt.

2891 1015 3111 1061 solvunt.

2292 1076 2544 1152 LXXVII.
2592 1098 2649 1152 Si
2690 1098 2810 1166 quis
2838 1112 3026 1151 eorum
3055 1096 3145 1163 qui
3176 1094 3517 1149 continentia:
3555 1094 3788 1156 student,

2220 1190 2425 1260 absque
2450 1190 2771 1245 necessitate
2799 1203 3084 1256 corporea,
3118 1187 3308 1241 tradita
3331 1188 3385 1253 ω
3408 1200 3692 1239 commune
3715 1184 3797 1252 je-

2214 1280 2383 1350 junia,
2429 1288 2484 1335 et
2511 1280 2578 1335 ab
2616 1278 2858 1334 Ecclesia
2885 1275 3577 1346 custoditagsuperbiendo
3605 1274 3796 1328 dissol-

2219 1372 2315 1436 vit,
2341 1371 2554 1425 stimulo
2579 1385 2690 1424 sua:
2713 1369 3054 1438 cogitationis
3083 1368 3343 1436 impulsus
3360 1406 3375 1431 ,
3406 1366 3690 1419 anathema
3708 1366 3797 1418 sit.

2222 1461 2301 1516 De
2329 1462 2409 1516 his
2438 1463 2522 1530 qui
2572 1461 2812 1514 collectas
2854 1477 2965 1530 quae
2993 1461 3126 1529 ﬁunt
3162 1461 3218 1512 in
3246 1469 3529 1528 martyrum
3570 1473 3797 1510 comme-

2618 1529 3012 1596 morationibus,
3038 1539 3389 1582 exsecrantur.

2292 1620 2573 1677 LXXVIII.
2603 1620 2660 1675 Si
2688 1621 2807 1689 quis
2833 1620 3095 1689 superbia:
3124 1634 3249 1673 usus
3273 1616 3468 1671 affectu
3507 1622 3802 1669 conventus

2222 1716 2580 1781 abominatur,
2604 1714 2695 1785 qui
2717 1714 2787 1768 ad
2817 1714 3185 1770 confessiones
3206 1720 3499 1781 martyrum
3521 1708 3804 1763 celebran-

2225 1814 2333 1872 tur,
2357 1814 2413 1860 et
2434 1806 2729 1860 ministeria
2752 1820 2870 1874 quae
2898 1804 2950 1858 in
2981 1804 3059 1859 eis
3089 1802 3239 1867 ﬁunt,
3270 1800 3429 1855 simul
3460 1815 3584 1855 cum
3614 1811 3802 1853 eorum

2228 1896 2522 1961 memoriis,
2545 1902 2876 1959 exsecratur,
2898 1893 3182 1948 anathema
3201 1892 3288 1945 sit.

840 2074 845 2079 ’
940 2066 1279 2125 BEGUL/E
1331 2066 1746 2127 EXI‘OSlT/E
1805 2068 2009 2128 APUD
2072 2070 2575 2133 ANTIOCHIAM
2634 2072 2718 2130 IN
2773 2070 3161 2134 ENCENHS
3210 2070 3414 2130 XXV.

551 2249 633 2305 De
674 2250 754 2304 his
768 2250 868 2331 'qui
885 2250 1159 2331 contraria
1202 2257 1385 2331 gerunt
1433 2249 1512 2331 his
1550 2264 1666 2318 qua:
1711 2249 2018 2331 regut’ariter
2059 2249 2123 2302 de
2159 2257 2194 2311 Β
2225 2250 2304 2306 De
2332 2253 2409 2307 his
2438 2256 2522 2323 qui
2553 2255 2616 2307 ab
2648 2254 2754 2307 alia
2780 2254 3031 2331 parochia
3072 2262 3262 2331 praeter
3289 2255 3659 2308 conscientiam
3699 2257 3811 2331 epi-

760 2316 961 2372 Pascha
983 2328 1177 2372 statuta
1203 2316 1323 2372 sunt
1352 2319 1405 2372 in
1436 2316 1655 2372 Nicmno
1680 2316 1915 2373 con'cilio.

622 2454 852 2509 LXXIX.
879 2454 1077 2512 Omnes
1106 2457 1196 2525 qui
1239 2456 1356 2511 ausi
1398 2455 1596 2510 fuerint
1622 2456 1915 2512 dissolvere
1943 2456 2129 2510 delini-

558 2546 758 2601 tionem
782 2546 951 2599 sancti
985 2555 1041 2600 et
1066 2546 1242 2613 magni
1285 2546 1499 2600 concilii
1536 2546 1678 2614 quod
1734 2547 1872 2617 apud
1900 2547 2130 2601 Nicmam

553 2647 937 2706 congregatum
962 2646 1066 2704 est,
1085 2637 1184 2691 sub
1213 2638 1498 2706 przesentia
1526 2638 1745 2707 piissimi
1769 2647 1823 2692 et
1844 2636 2131 2692 venerandi

555 2726 812 2796 principis
833 2724 1188 2789 Constantini,
1213 2726 1280 2779 de
1308 2725 1578 2780 salutifera
1602 2726 1941 2781 solemnitate
1961 2742 2135 2781 sacra-

557 2816 775 2869 tissima:
805 2813 1039 2881 Paschze,
1077 2817 1649 2880 excommunicandos,
1691 2825 1747 2871 et
1774 2815 1865 2884 ,de
1893 2816 2133 2872 Ecclesia

559 2908 835 2979 pellendos
852 2924 973 2963 esse
1008 2924 1310 2976 censemus,
1344 2910 1388 2963 si
1416 2918 1593 2963 tamen
1624 2910 2013 2964 contentiosius
2041 2910 2135 2964 ad-

555 3011 744 3053 versus
796 3012 857 3053 ea
906 3012 1025 3066 qua:
1074 2999 1213 3053 bene
1252 3008 1377 3053 sunt
1405 2999 1621 3055 decreta
1662 3002 2038 3070 perstiterint:
2080 3010 2137 3055 et

2430 2340 2701 2395 scoparum
2732 2340 2960 2389 suorum,
2991 2325 3045 2377 in
3073 2324 3192 2377 aliis
3215 2324 3572 2377 immorantur.

2300 2430 2480 2486 XXCI.
2513 2432 2568 2487 Si
2598 2434 2714 2503 quis
2743 2434 3041 2504 presbyter,
3070 2442 3163 2488 aut
3184 2432 3462 2500 diaconus,
3504 2442 3559 2489 et
3586 2435 3812 2489 omnino

2229 2521 2454 2589 quilibet
2481 2537 2548 2576 ex
2581 2523 2745 2588 clero,
2779 2524 3086 2592 parochiam
3118 2526 3388 2594 propriam
3420 2525 3693 2593 deserens,
3745 2527 3813 2580 ad

2231 2609 2389 2663 aliam
2423 2614 2792 2680 properaverit
2826 2632 2838 2666 :
2869 2614 2991 2668 dein
3022 2615 3242 2669 omnino
3271 2614 3591 2683 demigrans,
3623 2617 3675 2669 in
3708 2616 3817 2671 alia

2232 2700 2484 2768 parochia
2511 2716 2606 2770 per
2636 2703 2799 2756 multa
2832 2712 3073 2772 tempora
3121 2705 3306 2757 nititur
3337 2705 3642 2769 immorari,
3675 2705 3821 2759 ulte-

2233 2790 2342 2845 rius
2381 2791 2577 2845 ibidem
2606 2808 2711 2846 non
2744 2793 3010 2847 ministret
3042 2812 3054 2845 :
3086 2794 3337 2858 maxime,
3381 2795 3424 2847 si
3455 2795 3669 2847 vocanti
3715 2810 3821 2849 suo

2233 2880 2506 2949 episcopo,
2533 2890 2587 2935 et
2611 2881 2821 2949 regredi
2843 2882 2909 2934 ad
2939 2882 3209 2951 propriam
3233 2882 3540 2951 parochiam
3567 2898 3822 2937 commo-

2233 2972 2379 3024 nenti
2402 2971 2616 3025 obedire
2639 2974 3036 3041 contempserit.
3060 2971 3214 3038 Quod
3241 2973 3283 3027 si
3313 2973 3365 3025 in
3397 2974 3493 3028 hac
3521 2974 3820 3045 indiseipli—

2235 3062 2453 3114 natione
2482 3062 2754 3130 perdurat,
2789 3076 2818 3114 a
2851 3063 3147 3116 ministerio
3177 3063 3349 3117 modis
3371 3063 3616 3116 omnibus
3643 3080 3828 3118 remo-

2234 3156 2425 3203 veatur
2457 3166 2470 3201 :
2503 3150 2573 3203 ita
2605 3157 2663 3203 ut
2714 3164 3052 3219 nequaquam
3086 3151 3261 3205 locum
3288 3153 3637 3206 restitutionis
3668 3154 3827 3207 inve-

2236 3241 2366 3295 niat.
2398 3240 2454 3296 Si
2480 3258 2610 3296 vero
2643 3256 2742 3311 pro
2785 3243 2885 3296 hac
2915 3258 3072 3297 causa
3103 3243 3407 3297 damnatum
3439 3243 3576 3298 alter
3605 3247 3832 3314 episco-

2238 3350 2336 3405 pus
2351 3336 2624 3404 suscipiat,
2638 3335 2725 3389 hic
2740 3336 2898 3389 etiam
2916 3351 2947 3388 a
2968 3336 3237 3391 communi
3255 3344 3572 3389 coercentur
3587 3336 3830 3406 synodo,

2238 3428 2387 3483 velut
2414 3429 2503 3497 qui
2532 3429 2893 3484 ecclesiastica
2918 3431 3206 3484 constituta
3237 3427 3512 3482 dissolvat.

559 3088 675 3144 haec
693 3088 907 3158 quidem
929 3088 995 3143 de
1017 3088 1169 3143 laicis
1190 3088 1329 3143 dicta
1353 3090 1479 3144 sint.
1523 3090 1579 3145 Si
1608 3092 1727 3159 quis
1747 3099 1924 3145 autem
1949 3106 2135 3146 eorum

558 3179 651 3248 qui
679 3193 908 3248 praeesse
933 3176 1228 3234 noscuntur
1256 3180 1533 3248 Ecclesiae,
1569 3192 1661 3237 aut
1698 3184 2012 3253 episcopus,
2045 3191 2138 3238 aut

560 3268 860 3339 presbyter,
892 3278 986 3323 aut
1014 3269 1292 3336 diaconus,
1316 3280 1437 3341 post
1458 3271 1599 3327 hanc
1626 3273 1990 3328 definitionem
2021 3282 2139 3328 ten-

565 3361 761 3414 taverit
788 3360 856 3414 ad
884 3361 1285 3417 subversionem
1308 3362 1648 3431 populorum,
1672 3362 2138 3431 Ecclesiarumque

566 3450 1062 3518 perturbationem,
1106 3466 1345 3505 seorsum
1376 3452 1648 3521 colligere,
1700 3463 1756 3507 et
1797 3469 1915 3508 cum
1943 3452 2140 3508 Judteis

566 3538 775 3595 Pascha
804 3542 1078 3597 celebrare
1104 3561 1117 3594 :
1142 3552 1326 3596 sancta
1358 3543 1591 3614 synodus
1620 3544 1761 3598 hunc
1780 3546 2011 3598 alienum
2028 3543 2135 3613 jam

2453 3536 2533 3590 De
2556 3536 2835 3603 damnatis,
2868 3547 2917 3590 et
2946 3537 3243 3590 ministrare
3273 3532 3605 3589 tentantibus.

569 3630 697 3685 hinc
725 3632 791 3685 ab
821 3630 1063 3686 Ecclesia
1087 3632 1360 3702 judicavit,
1385 3633 1528 3701 quod
1556 3649 1666 3688 non
1695 3634 1867 3689 solum
1897 3635 2019 3701 sibi,
2043 3633 2138 3689 sed
2168 3621 2211 3682 C
2312 3647 2514 3703 XXCII.
2548 3647 2604 3703 Si
2632 3649 2752 3717 quis
2779 3650 3063 3719 episcopus
3089 3648 3370 3702 damnatus
3398 3662 3428 3700 a
3464 3645 3672 3717 synodo
3693 3687 3711 3711 ,
3744 3661 3841 3704 ve.

564 3729 623 3776 ει
650 3721 892 3811 Ριυνῖηῖξδ
921 3736 1084 3775 causa
1129 3724 1489 3792 οοῐτυρῑίοηίε
1517 3732 1573 3779 ei
1600 3724 2016 3793 ρετιυτὺειιίοηίδ
2042 3739 2140 3777 εἰ·
2244 3741 2554 3811 presbyter,
2587 3749 2678 3793 aut
2705 3740 2983 3807 diaconus,
3015 3755 3043 3793 a
3072 3756 3169 3795 suo
3199 3740 3452 3809 episeopo
3473 3739 3585 3793 ausi
3624 3738 3847 3795 fuerint

565 3811 781 3865 διίῑεΐίῐ-
825 3809 935 3866 Nec
962 3811 1135 3865 $010111
1170 3812 1307 3867 tales
1336 3828 1364 3866 a
1395 3814 1693 3869 ηιὶιιίειοΐίο
1741 3822 2003 3877 remOVd.
2049 3814 2141 3868 sed
2246 3809 2441 3899 aliquid
2466 3829 2531 3883 de
2561 3830 2857 3883 ministerio
2880 3845 3032 3883 sacro
3061 3830 3373 3896 contingere
3413 3846 3427 3880 :
3472 3830 3583 3882 sive
3613 3829 3851 3898 episco-

566 3902 731 3956 etiam
778 3902 897 3956 illos
934 3904 1025 3973 qui
1068 3912 1192 3973 post
1217 3903 1615 3957 damnationem
1646 3903 1948 3970 bujusmodi
1995 3920 2145 3958 com-
2244 3935 2365 3989 pus,
2402 3918 2555 3988 juxm
2586 3919 2972 3986 μι-ςηεεάεηιριη
3004 3919 3466 3984 consuetudinem,
3523 3919 3636 3972 sive
3668 3935 3847 3989 pres-

566 3992 843 4046 municare
894 3994 1217 4046 tentaverint
1246 4010 1259 4044 :
1293 3992 1571 4046 damnatos
1599 4002 1777 4047 autem
1821 3995 1966 4047 omni
2011 4010 2135 4063 quo-

2246 4008 2419 4079 byter,
2452 4016 2545 4061 aut
2574 4008 2852 4071 diaconus,
2884 4010 3029 4063 nullo
3047 4010 3209 4064 modo
3240 4010 3395 4064 liceat
3417 4012 3487 4077 ei,
3516 4026 3615 4065 nec
3644 4011 3701 4064 iii
3726 4012 3857 4066 alia

566 4094 672 4147 (Ille
701 4080 1033 4169 εἱιτξιιδθουδ
1052 4081 1267 4169 Ϋὴοηοΐθ
1296 4081 1511 4149 Privati,
1540 4096 1699 4150 quem
1726 4092 1912 4138 8³116ιᾶ
1940 4085 2141 4154 regula.
2247 4097 2475 4169 synodo,
2508 4099 2859 4153 restitutionis
2889 4115 3038 4168 spem
3085 4107 3178 4153 aut
3230 4101 3406 4154 locum
3435 4102 3633 4154 habere
3666 4103 3861 4155 satis—

566 4178 625 4223 ει
651 4167 1010 4222 εδεενάοῑίυη)
1042 4168 1136 4223 θεῖ
1164 4170 1478 4239 ΡΓοηιθτυίῐο
2248 4167 2493 4243 factionis
2520 4208 2532 4242 :
2564 4189 2657 4265 sed
2689 4198 2744 4244 et
2772 4167 3233 4245 communicantes
3273 4191 3322 4245 ei
3350 4206 3538 4245 omnes
3567 4191 3733 4258 abjici
3767 4192 3867 4248 de

2249 4276 2507 4345 Ecclesia,
2538 4287 2593 4333 et
2621 4280 2849 4334 maxime
2874 4281 2917 4333 si
2943 4288 3291 4349 posteaquam
3330 4280 3609 4335 didicerint
3635 4281 3866 4336 adver-

2250 4383 2370 4422 sum
2399 4377 2726 4425 memoratos
2755 4371 3017 4439 prolatam
3048 4371 3208 4426 fuisse
3234 4372 3581 4435 sententiam,
3619 4370 3875 4427 eisdem

2250 4459 2647 4513 communicare
2676 4460 3017 4513 tentaverint.

569 4296 651 4354 De
678 4300 755 4353 his
783 4301 870 4371 qui
904 4317 957 4354 se
982 4318 1013 4353 a
1036 4301 1360 4369 perceptione
1381 4310 1574 4355 sancta:
1601 4304 1973 4357 communionis
1994 4319 2144 4355 aver-

645 4379 785 4437 tunt,
817 4380 867 4423 et
893 4372 977 4440 qui
1017 4372 1467 4425 excommunicatis
1496 4390 1587 4443 per
1627 4374 1806 4427 domos
1860 4373 2149 4425 communi-

642 4448 782 4493 cant.

642 4549 800 4604 XXC.
844 4548 1041 4605 Omnes
1079 4551 1167 4621 qui
1220 4551 1590 4622 ingrediuntur
1617 4551 1913 4607 Ecclesium
1944 4552 2060 4620 Dei,
2092 4560 2148 4607 et

567 4638 876 4709 Scripturas
901 4656 1082 4694 sacras
1105 4640 1343 4705 audiunt,
1388 4657 1489 4697 nec
1515 4642 1915 4697 communicant
1942 4642 1995 4695 in
2019 4657 2145 4696 ora-

571 4732 718 4787 tione
748 4748 869 4785 cum
901 4732 1121 4800 populo,
1146 4733 1239 4787 sed
1265 4749 1362 4802 pro
1390 4733 1618 4801 quadam
1648 4733 2059 4803 intemperantia
2089 4747 2149 4787 se

574 4837 606 4876 a
633 4823 976 4892 perceptione
1005 4832 1201 4877 sancta:
1241 4825 1634 4879 communionis
1663 4831 1912 4879 avertunt
1943 4843 1957 4876 :
1990 4826 2045 4878 hi
2082 4825 2150 4879 de
2251 4856 2376 4911 pum
2398 4842 2671 4911 proprium
2700 4851 3070 4906 contemnens,
3098 4857 3156 4895 se
3185 4844 3252 4896 ab
3274 4841 3507 4896 Ecclesia
3532 4850 3893 4909 sequesu-a-

576 4912 811 4970 Ecclesia
837 4924 1231 4979 removeantur,
1256 4918 1491 4984 quandiu
1516 4933 1612 4987 per
1632 4916 2023 4973 confessionem
2042 4933 2135 4986 pa}

2250 4933 2347 4999 vit,
2377 4941 2433 4986 et
2458 4948 2699 4987 seorsum
2742 4933 3000 5001 colligens
3041 4933 3210 4988 altare
3238 4934 3548 4997 constituit,
3596 4945 3655 4987 et
3684 4951 3887 4991 cons-

572 5008 813 5062 nitentia:
843 5005 1044 5061 fructus
1072 5009 1385 5077 ostendant,
1416 5018 1471 5064 et
1490 5010 1739 5079 precibus
1762 5009 2145 5077 indulgentiam
2175 4999 2222 5058 D
2248 5023 2489 5077 monemi
2527 5025 2780 5092 episcopo
2819 5038 2925 5077 non
2980 5022 3342 5091 acquieverit,
3395 5039 3495 5078 nec
3523 5024 3900 5085 consentire

571 5111 985 5172 consequantur.
1012 5100 1144 5156 Cum
1166 5103 1637 5158 excommunicatis
1658 5112 1834 5156 autem
1858 5118 1963 5155 non
1981 5101 2144 5156 licere

570 5197 1004 5262 communicare;
1054 5211 1156 5252 nec
1184 5213 1305 5252 cum
1348 5196 1431 5249 his
1480 5196 1571 5266 qui
1602 5211 1699 5265 per
1726 5196 1916 5249 domos
1945 5209 2144 5248 conve-

572 5286 747 5353 niunt,
778 5285 1078 5341 devitantes
1100 5286 1370 5340 orationes
1398 5283 1670 5345 Ecclesizc,
1703 5283 1859 5337 simul
1886 5282 2144 5336 orandum

574 5384 660 5431 est
689 5393 703 5429 :
733 5376 800 5431 ab
828 5375 929 5430 alia
956 5391 1171 5445 quoque
1197 5374 1436 5431 Ecclesia
1466 5390 1573 5428 non
1603 5373 2021 5442 suscipiendum,
2055 5372 2146 5439 qui

578 5466 634 5521 in
663 5465 766 5521 alia
789 5467 1007 5522 minime
1035 5475 1408 5535 congregatur.
1435 5466 1490 5519 Si
1511 5466 1629 5534 quis
1659 5474 1835 5518 autem
1860 5464 1925 5517 de
1948 5466 2150 5534 episco-

582 5556 692 5626 pis,
731 5566 823 5610 aut
851 5557 1213 5626 presbyteris,
1257 5555 1342 5610 vel
1372 5555 1631 5622 diaconis,
1681 5570 1776 5609 seu
1816 5555 2039 5624 quilibet
2079 5570 2149 5608 ex

577 5646 727 5701 clero
755 5648 1121 5716 deprehensus
1149 5645 1308 5701 fuerit
1335 5662 1455 5701 cum
1485 5646 1958 5702 excommunicatis
2002 5660 2152 5700 com-

576 5735 871 5801 municare,
901 5736 1062 5790 etiam
1091 5734 1191 5789 iste
1212 5736 1449 5804 privetur
1475 5736 1873 5802 communione,
1896 5743 2147 5805 tanquam

574 5826 669 5897 qui
694 5825 931 5898 regulam
958 5826 1249 5884 confundat
1276 5824 1550 5883 Ecclesiw.

2251 4567 2330 4623 De
2357 4569 2434 4623 his
2463 4570 2549 4640 qui
2576 4586 2631 4624 se
2658 4586 2689 4622 a
2716 4571 2999 4624 ministerio
3029 4572 3375 4624 ecclesiastico
3400 4569 3748 4635 subtrahunt,
3800 4584 3883 4626 et

2770 4656 2998 4695 seorsum
3026 4642 3295 4712 colligunt.

2319 4746 2542 4802 XXCIII.
2573 4748 2629 4803 Si
2653 4749 2773 4818 quis
2812 4750 3119 4820 presbyter,
3163 4758 3256 4803 aut
3283 4749 3570 4814 diaconus,
3623 4750 3887 4818 θρίω

2250 5117 2333 5171 vel
2363 5116 2581 5171 obedire
2600 5116 3029 5178 volueritsemel,
3050 5125 3103 5169 et
3132 5117 3323 5171 iterum
3354 5117 3681 5171 convocanti
3705 5135 3718 5169 :
3756 5117 3913 5178 hic

2249 5206 2531 5261 damnetur
2552 5208 2882 5271 omnimodo,
2909 5222 3007 5262 nec
3032 5208 3170 5261 ultra
3200 5209 3493 5263 remedium
3525 5224 3901 5279 consequa—

2252 5305 2356 5364 tur,
2383 5300 2506 5368 quia
2534 5314 2684 5352 suam
2706 5299 2949 5366 recipere
2977 5314 3084 5353 non
3114 5308 3292 5369 potest
3312 5299 3649 5367 dignitatem.
3686 5300 3922 5365 QuodL

2252 5392 2295 5448 si
2325 5390 2617 5447 Ecclesiam
2648 5392 2970 5447 conturbare
2994 5400 3050 5446 et
3097 5393 3388 5447 sollicitare
3417 5394 3695 5461 persistat,
3723 5401 3929 5454 tan-

2251 5498 2410 5553 quam
2438 5484 2722 5538 seditiosus
2741 5524 2755 5549 ,
2793 5501 2887 5554 per
2908 5493 3208 5555 potestates
3237 5494 3452 5539 exteras
3478 5487 3927 5555 opprimatur.

2519 5594 2592 5649 De
2612 5597 2812 5651 clericis
2843 5595 3302 5650 excommunicatis
3331 5605 3379 5650 et
3409 5598 3577 5650 laicis.

2322 5702 2548 5760 XXCIV.
2590 5705 2645 5760 Si
2683 5707 2800 5776 quis
2829 5722 2858 5759 a
2888 5706 3109 5776 proprio
3156 5709 3410 5775 episcopo
3459 5721 3947 5778 communione

2252 5799 2494 5872 privatus
2514 5807 2618 5868 est,
2647 5813 2755 5855 non
2784 5807 2911 5854 ante
2939 5799 3262 5871 suscipiatur
3286 5799 3354 5854 ab
3377 5797 3514 5864 aliis,
3546 5812 3723 5869 quam
3778 5821 3957 5872 suo
