3988 6344
148 275 237 330 {BI

1129 273 1349 332 CODEX
1387 274 1715 333 CANONUM
1754 275 2453 339 ECCLESIASTICORUM.

3309 277 3410 333 I62

146 389 517 445 reconcilietur
555 389 811 459 episcopo
828 427 845 453 ,
877 396 971 442 aut
1002 398 1150 443 certe
1178 389 1246 443 ad
1274 389 1539 460 synodum
1556 403 1723 458 ,qutc
1754 395 1802 455 Α
1828 391 1919 459 qui
1942 392 1994 446 in
2016 392 2203 446 eadem
2228 390 2500 460 provincia
2523 398 2928 449 commorantur
2946 430 2961 455 ,
2982 392 3074 460 qui
3100 391 3262 446 etiam
3284 405 3411 460 pro-

144 489 515 548 congregatur,
542 493 834 533 occurrens
859 492 960 549 pro
981 492 1041 532 se
1066 477 1390 543 satisfaciat,
1422 487 1477 534 et
1501 494 1725 549 persua-

1831 480 2155 535 Iiciscentcm
2185 482 2295 535 suis
2326 489 2718 550 prosequantur
2741 482 3001 551 epistolis.

146 570 275 624 dens
290 570 514 625 concilio
531 585 624 623 seu
632 569 855 623 tentiam
870 568 1129 638 suscipiat
1145 569 1388 623 alteram.
1403 567 1529 623 Hmc
1542 578 1724 624 autem

1865 592 1911 645 le
1935 593 2196 646 damnatis
2219 594 2491 662 episcopis,
2525 603 2610 645 aut
2635 594 2834 647 clericis
2863 595 3167 648 adeuntibus
3192 596 3414 663 impera-

146 660 383 716 delinitio
412 668 631 715 maneat
659 660 802 715 circa
830 660 1019 724 laicos,
1050 670 1106 715 et
1134 661 1495 731 presbyteros,
1526 669 1581 715 et
1609 661 1727 715 dia-

148 766 313 807 conos
330 792 345 818 ,
390 765 688 820 omnesque
715 750 808 819 qui
836 749 937 805 sub
965 750 1153 820 regula
1181 764 1302 806 esse
1339 758 1725 806 monstrantur.

511 863 591 917 De
609 865 996 934 peregrinorum
1025 865 1364 933 susceptione.

213 975 428 1033 XXCV.
461 978 647 1033 Nullus
673 978 1083 1048 peregrinorum
1110 977 1226 1033 sine
1255 976 1510 1047 paciﬁcis,
1540 974 1595 1030 id
1626 983 1727 1039 est,

152 1069 604 1124 commendatitiis
626 1068 951 1139 suscipiatur
975 1068 1235 1137 epistolis.

152 1179 228 1233 De
240 1182 358 1249 paci
360 1180 475 1249 ﬁcis
487 1181 896 1250 peregrinorum,
908 1179 962 1232 id
983 1188 1058 1233 est
1075 1178 1415 1233 commendati
1422 1182 1503 1234 (iis
1525 1181 1730 1235 litteris.

222 1286 456 1341 XXCVI.
502 1286 807 1360 Presbyteri
845 1288 935 1358 qui
979 1296 1103 1342 sunt
1150 1289 1203 1341 in
1261 1289 1400 1355 agris
1447 1289 1735 1344 canonicas

152 1380 414 1455 epistolas
442 1380 573 1434 dare
598 1395 706 1434 non
746 1386 989 1447 possunt,
1022 1379 1087 1431 ad
1128 1379 1273 1433 solos
1304 1387 1507 1432 tantum
1536 1379 1737 1435 vicinos

151 1472 439 1541 episcopos
484 1471 693 1525 litteras
732 1469 1092 1523 destinabunt.
1144 1469 1525 1538 Chorepiscopi
1557 1480 1737 1524 autem

152 1562 241 1633 qui
268 1570 399 1616 sunt
428 1559 946 1630 irreprehensibilcs,
977 1559 1107 1614 dare
1134 1568 1360 1629 possunt
1385 1558 1650 1630 paciﬁcas,
1687 1560 1737 1615 id

151 1662 236 1707 est
265 1652 550 1721 generales
578 1650 857 1720 epistolas.

304 1763 383 1819 De
410 1763 818 1834 metropolitanis
843 1762 1163 1833 singularum
1188 1763 1586 1831 provinciarum.

225 1875 484 1930 XXCVII.
520 1873 620 1928 Per
645 1873 883 1942 singulas
911 1874 1160 1940 regiones
1182 1873 1467 1943 episcopos
1492 1875 1745 1929 convenit

158 1985 344 2032 nosse,
374 1967 847 2036 metropolitanum
879 1966 1187 2035 episcopum
1213 1964 1625 2020 sollicitudinem
1655 1976 1743 2021 to-

160 2062 270 2115 tius
298 2060 588 2130 provincia:
614 2072 801 2125 gerere
827 2074 840 2109 :
873 2064 1097 2127 propter
1123 2056 1267 2127 quod
1296 2055 1364 2111 ad
1402 2057 1744 2128 metropolim

158 2165 355 2208 omnes
383 2148 616 2216 undique
645 2148 736 2215 qui
765 2148 980 2215 negotia
1008 2145 1257 2201 videntur
1277 2147 1496 2212 habere,
1522 2163 1749 2203 concur-

158 2249 308 2295 runt.
337 2237 491 2292 Unde
512 2237 713 2306 placuit
733 2252 855 2291 eum
882 2244 939 2291 et
958 2236 1165 2292 honore
1186 2239 1512 2307 praecellere,
1543 2247 1599 2295 et
1618 2240 1748 2295 nihil

159 2330 395 2397 amplius
415 2338 609 2396 praeter
628 2343 749 2381 eum
778 2335 1002 2382 ceteros
1030 2328 1317 2399 episcopos
1345 2344 1524 2398 agere,
1550 2341 1747 2386 secun-

161 2420 297 2474 dum
329 2419 603 2485 antiquam
636 2433 667 2471 a
701 2417 944 2487 patribus
975 2418 1173 2474 nostris
1217 2420 1457 2488 regulam
1485 2422 1749 2476 constitu-

172 2519 285 2563 tam
320 2527 333 2561 :
366 2510 467 2562 nisi
489 2523 551 2562 ea
578 2516 786 2562 tantum
836 2524 957 2578 qua:
1005 2510 1071 2563 ad
1100 2526 1252 2565 suam
1280 2512 1556 2567 dimcesim
1586 2515 1753 2583 perti-

166 2610 329 2662 nent,
361 2600 837 2668 possessionesque
862 2600 1151 2670 subjectas.
1198 2601 1572 2673 Unusquisque
1608 2605 1751 2659 enim

164 2691 463 2760 episcopus
488 2688 683 2743 habeat
710 2704 821 2743 sum
849 2690 1116 2759 parochias
1140 2699 1482 2760 potestatem,
1516 2699 1573 2746 ut
1602 2700 1754 2761 regat

164 2780 321 2848 juxta
348 2780 705 2833 reverentiam
735 2779 956 2847 singulis
998 2790 1415 2851 competentem,
1465 2789 1522 2837 et
1568 2784 1752 2852 provi-

167 2870 411 2925 dentiam
440 2876 591 2936 gerat
620 2869 795 2923 omnis
835 2869 1192 2937 possessionis
1227 2857 1346 2937 qum
1383 2871 1482 2925 sub
1529 2872 1645 2939 ejus
1674 2879 1755 2926 est

167 2964 395 3016 civitate
422 2979 435 3012 :
468 2960 541 3013 ita
572 2968 629 3014 ut
654 2961 997 3032 presbyteros
1025 2970 1080 3016 et
1108 2961 1367 3018 diaconos
1413 2961 1649 3027 ordinet,
1699 2970 1755 3017 et

168 3054 383 3122 singula
413 3067 511 3106 suo
550 3051 752 3120 judicio
789 3052 1231 3121 comprehendat.
1283 3052 1525 3120 Amplius
1570 3062 1751 3107 autem

2530 673 2712 716 torem.

1905 750 2013 805 XC.
2047 750 2103 806 Si
2134 752 2255 820 quis
2286 769 2315 807 a
2346 753 2566 823 proprio
2597 754 2854 821 episcopo
2883 756 3164 823 presbyter
3186 761 3279 806 aut
3307 753 3414 807 dia—

1834 856 2022 906 conus,
2053 849 2145 895 aut
2173 857 2202 895 a
2231 842 2437 913 synodo
2459 842 2619 895 fuerit
2640 843 2923 911 episcopus
2948 842 3083 896 forte
3104 842 3412 907 damnatus,

1837 938 1892 984 et
1907 931 2247 999 imperatoris
2267 932 2484 986 auribus
2504 932 2762 986 molestus
2782 933 3047 987 exstiterit
3071 950 3083 985 :
3110 942 3323 1001 oportet
3344 933 3413 987 ad

1838 1020 2011 1089 majus
2040 1021 2414 1090 episcoporum
2437 1023 2680 1077 converti
2708 1022 3015 1090 concilium,
3044 1031 3100 1078 et
3126 1038 3244 1091 qua:
3264 1031 3418 1092 puta-

1836 1111 2013 1165 verint
2052 1111 2252 1166 habere
2277 1110 2455 1180 justa,
2508 1112 2749 1181 plurimis
2788 1113 3054 1182 episc0pis
3098 1120 3412 1182 suggerant,

1838 1215 2132 1269 eorumque
2144 1202 2508 1256 diseussiones
2520 1217 2581 1256 ac
2590 1201 2788 1270 judicia
2808 1202 3202 1271 przestolentur.
3218 1202 3272 1256 Si
3289 1217 3419 1258 vero

1839 1293 1953 1346 hzec
1983 1293 2429 1361 parvipendentes
2458 1293 2669 1349 molesti
2697 1293 2894 1348 fuerint
2936 1294 3272 1363 imperatori,
3316 1296 3417 1350 hos

1839 1382 1983 1435 nulla
2006 1383 2160 1435 venia
2191 1384 2381 1452 dignos
2406 1398 2543 1448 esse,
2576 1399 2675 1438 nec
2708 1384 2887 1438 locum
2907 1383 3291 1439 satisfactionis
3316 1385 3417 1439 ha-

1838 1470 1985 1537 bere,
2015 1487 2115 1527 nec
2134 1488 2285 1543 spem
2315 1473 2504 1528 futura:
2526 1474 2882 1529 restitutionis
2910 1475 3121 1544 penitus
3149 1476 3409 1546 Opperiri.

1840 1581 1920 1637 De
1949 1583 2028 1637 Itis
2055 1586 2140 1655 qui
2168 1601 2281 1639 cum
2311 1592 2428 1638 sunt
2450 1601 2513 1637 ea:
2544 1587 2651 1639 alia
2680 1587 2962 1656 provincia,
2993 1588 3048 1641 in
3076 1587 3194 1642 aliis
3223 1589 3416 1643 audent

2334 1656 2689 1709 ordinationes
2714 1657 2928 1727 efﬁcere.

1764 1763 1811 1822 Β
1911 1744 2040 1800 XCI.
2076 1746 2259 1801 Nullus
2290 1748 2572 1817 episcopus
2598 1764 2665 1802 ex
2695 1749 2799 1803 alia
2832 1750 3106 1819 provincia
3133 1750 3327 1805 audeat
3355 1751 3421 1807 ad

1845 1837 2007 1892 aliam
2039 1839 2366 1907 transgredi,
2412 1849 2466 1893 et
2497 1839 2564 1893 ad
2592 1841 2987 1909 promotionem
3015 1842 3297 1895 ministerii
3329 1842 3422 1897 ali-

1845 1944 1983 1998 quos
2014 1919 2067 1983 in
2094 1928 2349 1985 Ecclesiis
2378 1929 2654 1997 ordinare,
2687 1931 2814 1985 licet
2842 1946 3163 1985 consensum
3204 1932 3420 1986 videan-

1847 2028 1933 2074 tur
1961 2020 2200 2089 praebere
2228 2021 2468 2075 nonnulli
2495 2039 2506 2073 :
2537 2022 2639 2075 nisi
2664 2022 2855 2077 litteris
2874 2030 2978 2075 tam
3000 2024 3425 2093 metropolitani,

1845 2125 2006 2179 quam
2049 2096 2399 2176 ctcteror'um,
2450 2110 2691 2180 quicum
2721 2127 2787 2164 eo
2827 2123 2977 2177 sunt,
3026 2114 3425 2181 episcoporum,

1847 2206 2064 2266 rogatus
2111 2199 2398 2265 adveniat,
2449 2207 2504 2253 et
2548 2199 2627 2254 sic
2669 2200 2736 2255 ad
2764 2202 3028 2255 actionem
3070 2202 3425 2257 ordinationis

1848 2292 2090 2347 accedat.
2118 2289 2174 2346 Si
2203 2307 2334 2346 vero
2366 2291 2513 2346 nullo
2539 2300 2785 2355 vocante,
2825 2293 3129 2347 inordinate
3157 2309 3306 2349 more
3335 2295 3427 2349 de-

1850 2389 2103 2452 properet
2125 2396 2288 2450 super
2313 2380 2581 2449 aliquibus
2615 2382 3040 2437 ordinationibus
3071 2392 3125 2436 et
3171 2384 3427 2438 ecclesia-

1850 2469 2000 2524 sticis
2030 2469 2276 2537 negotiis,
2328 2469 2395 2523 ad
2425 2484 2549 2523 eum
2598 2485 2706 2524 non
2746 2470 3158 2540 pertinentibus,
3209 2488 3429 2542 compo-

1852 2558 2040 2613 nendis
2059 2598 2073 2623 ,
2102 2559 2252 2612 irrita
2299 2559 2515 2628 quidem
2554 2573 2674 2628 qua:
2699 2559 2765 2614 ab
2796 2574 2861 2614 eo
2887 2570 3146 2628 geruntur
3174 2562 3427 2626 existant,

1854 2648 1969 2719 ipse
2023 2665 2152 2705 vero
2210 2651 2553 2720 incompositi
2601 2660 2780 2707 motus
2824 2652 2907 2706 sui
2949 2661 3005 2706 et
3052 2653 3431 2708 irrationabilis

1853 2740 2091 2795 audacite
2134 2742 2324 2795 subeat
2352 2742 2643 2810 ultionem,
2694 2757 2762 2797 ex
2806 2743 2911 2797 hoc
2950 2742 3061 2812 jam
3091 2743 3374 2798 damnatus
3400 2760 3431 2799 a

1854 2840 2040 2884 sancto
2070 2830 2322 2885 concilio.

1858 2942 1937 2999 De
1959 2945 2280 3019 dissensione
2326 2962 2439 3019 qua;
2477 2963 2629 3015 super
2657 2949 3008 3017 episcoporum
3063 2950 3433 3019 dijudicatione

1963 3016 2236 3085 contingit,
2270 3016 2642 3086 appellantium
2668 3016 3008 3087 provinciales
3049 3016 3322 3073 antistites.

171 3141 305 3194 nihil
334 3154 493 3208 agere
517 3147 706 3202 tentet,
726 3148 919 3208 praeter
940 3140 1235 3193 antistitem
1263 3139 1755 3209 metropolitanum,

1928 3123 2085 3179 XCII.
2118 3123 2173 3179 Si
2194 3125 2313 3195 quis
2339 3126 2622 3196 episcopus
2650 3125 2718 3180 de
2746 3127 2908 3181 certis
2949 3128 3259 3184 criminibus
3292 3129 3434 3199 judi-

173 3249 276 3286 ncc
326 3229 774 3299 metropolitanus
809 3229 926 3285 sine
972 3239 1290 3286 cmterorum
1338 3239 1493 3301 gerat
1536 3231 1759 3287 consilio

170 3321 523 3378 sacerdotum
534 3358 547 3371 .

486 3427 566 3481 De
591 3428 669 3481 his
698 3429 784 3500 qui
802 3437 1050 3485 vocantur
1075 3430 1447 3501 chorepiscopi.
1556 3488 1557 3491 η

252 3516 534 3572 XXCVIII.
565 3517 665 3583 Qui
722 3518 775 3571 in
830 3519 964 3573 vicis
1007 3518 1090 3574 vel
1130 3519 1560 3589 possessionibus
1604 3519 1766 3575 chor-

175 3610 427 3679 episcopi
472 3611 837 3674 nominantur,
875 3611 1119 3680 quamvis
1146 3625 1338 3666 manus
1364 3611 1762 3681 impositionem

177 3702 564 3771 episcOporum
606 3702 974 3771 perceperint,
1029 3711 1083 3757 et
1113 3710 1175 3756 ut
1201 3703 1440 3773 episcopi
1464 3704 1765 3759 consecrati

178 3796 295 3850 sint
326 3835 343 3860 ,
388 3802 569 3849 tamen
596 3807 796 3849 sancta:
824 3800 1031 3866 synodo
1059 3795 1277 3864 placuit,
1310 3803 1370 3849 ut
1396 3795 1613 3850 modum
1636 3810 1766 3865 pro-

182 3883 363 3951 prium
410 3891 836 3950 recognoscant,
896 3890 955 3936 ut
1002 3883 1303 3951 gubernent
1347 3884 1618 3952 subjectas
1666 3884 1767 3939 sibi

182 3971 480 4036 Ecclesias,
514 3986 806 4042 earumque
863 3972 1229 4028 moderamine
1266 3989 1500 4043 curaque
1527 3975 1768 4029 contenti

180 4061 315 4114 sint.
356 4058 618 4113 Ordinent
646 4062 807 4114 etiam
854 4061 1083 4117 lectores
1120 4071 1174 4116 et
1203 4062 1561 4118 subdiaconos
1607 4074 1769 4133 atque

182 4149 526 4213 cxorcistas;
571 4150 763 4219 quibus
801 4152 1172 4220 promotiones
1198 4152 1311 4207 istae
1340 4153 1625 4209 snl‘liciant.
1660 4155 1771 4211 Nec

183 4240 567 4310 presbyterum
596 4254 724 4294 vero
745 4281 761 4307 ,
792 4256 893 4294 nec
918 4241 1206 4296 diaconum
1236 4242 1471 4296 audeant
1498 4244 1768 4312 ordinare,

186 4341 389 4400 prattcr
408 4330 644 4384 civitatis
671 4320 1004 4400 episcopum,
1034 4333 1119 4386 cui
1150 4332 1262 4402 ipse
1289 4348 1409 4388 cum
1430 4336 1771 4404 possessione

190 4422 470 4489 subjectus
496 4430 598 4476 est.
629 4420 686 4475 Si
720 4423 838 4491 quis
872 4430 1053 4477 autem
1083 4424 1379 4493 transgredi
1413 4434 1614 4480 statuta
1652 4435 1770 4481 ten-

1862 3225 2033 3281 cetur,
2064 3223 2118 3271 et
2147 3216 2421 3284 contingat
2446 3215 2512 3271 de
2539 3230 2604 3271 eo
2631 3217 2988 3286 provinciales
3020 3220 3301 3289 episcopos
3328 3221 3435 3276 dis-

1862 3308 2036 3364 sidere
2064 3349 2078 3374 ,
2113 3323 2235 3363 eum
2282 3307 2550 3377 judicatus
2593 3307 2660 3362 ab
2708 3308 2824 3362 aliis
2872 3309 3133 3363 innocens
3178 3311 3433 3378 creditur,

1863 3417 1987 3456 reus
2016 3401 2082 3454 ab
2125 3400 2243 3453 aliis
2277 3417 2289 3454 :
2323 3416 2422 3470 pro
2476 3403 2638 3456 totius
2690 3401 3050 3469 ambiguitatis
3080 3402 3434 3471 absolutione,

1864 3499 2062 3546 sancta:
2095 3489 2299 3562 synodo
2339 3490 2558 3559 placuit,
2593 3499 2651 3546 ut
2676 3490 3123 3560 metropolitanus
3152 3494 3437 3561 episcopus

1866 3595 1897 3634 a
1923 3580 2097 3634 vicina
2128 3580 2402 3650 provincia
2454 3580 2662 3650 judices
2693 3579 2827 3635 alios
2872 3590 3154 3648 convocet,
3184 3583 3271 3652 qui
3303 3598 3435 3636 con-

1866 3673 2179 3727 troversiam
2205 3672 2432 3740 tollant,
2465 3681 2523 3725 ut
2564 3687 2659 3741 per
2697 3687 2791 3727 eos
2819 3672 2976 3727 simul
3007 3682 3062 3727 et
3096 3690 3193 3743 per
3221 3675 3438 3744 provin-

1866 3762 2029 3817 cialcs
2073 3761 2372 3831 episcopos,
2406 3760 2549 3831 quod
2595 3760 2797 3831 justum
2826 3761 2996 3815 visum
3032 3759 3212 3829 fuerit,
3242 3779 3437 3832 appro-

1865 3852 2041 3906 betur.

1872 3958 1949 4014 De
1973 3960 2221 4031 episcopis
2267 3957 2331 4013 ab
2361 3958 2585 4029 ejusdem
2633 3958 2907 4031 provincia:
2934 3958 3281 4013 sacerdotibus
3309 3975 3436 4013 con-

2409 4038 2652 4083 sonanter
2674 4028 2916 4082 exclusis.

1939 4137 2115 4193 XCIII.
2150 4137 2207 4193 Si
2235 4138 2353 4207 quis
2376 4139 2659 4209 episcopus
2678 4137 2745 4192 de
2770 4139 2933 4194 certis
2954 4138 3263 4194 criminibus
3291 4154 3442 4195 accu-

1869 4237 2016 4285 satus
2055 4228 2440 4283 condemnetur
2485 4228 2555 4282 ab
2596 4229 2842 4283 omnibus
2892 4230 3157 4298 episcOpis
3202 4228 3441 4297 ejusdem

1871 4320 2193 4390 provinciae,
2225 4318 2509 4386 cunctique
2558 4333 2917 4373 consonanter
2963 4319 3207 4373 eamdem
3252 4328 3442 4373 contra

1872 4425 1995 4465 eum
2023 4408 2249 4463 formam
2300 4407 2500 4462 decreti
2555 4408 2874 4477 protulerint
2901 4407 3061 4473 hunc,
3118 4408 3259 4476 apud
3308 4407 3442 4462 alios

191 4512 391 4564 taverit
414 4552 431 4576 ,
475 4490 785 4580 depositus,
836 4527 946 4580 quo
986 4490 1253 4568 utebatur
1277 4514 1483 4569 honore
1509 4516 1757 4585 privetur.

1876 4501 2021 4556 nullo
2047 4499 2205 4553 modo
2221 4496 2470 4566 judicari,
2497 4496 2595 4551 sed
2632 4496 2834 4551 ﬁrmam
2862 4496 3300 4552 concordantium
3324 4497 3411 4567 cpi
3438 4527 3444 4533 -

189 4600 654 4670 Cborepiscopum
687 4616 814 4657 vero
842 4602 1074 4658 civitatis
1100 4604 1384 4676 episcopus
1412 4606 1655 4673 ordinet,
1684 4607 1771 4662 cui

192 4691 285 4745 ille
304 4690 580 4758 subjectus
600 4700 702 4745 est.

306 4800 388 4855 De
405 4803 657 4871 episcopis
677 4812 727 4857 et
746 4806 943 4857 clericis
965 4804 1268 4862 adeuntibus
1286 4808 1665 4878 imperatorem.

270 4891 503 4947 XXCIX.
534 4893 591 4947 Si
619 4895 738 4962 quis
758 4896 1058 4965 episcopus,
1090 4906 1186 4951 aut
1212 4899 1509 4971 presbyter,
1543 4908 1635 4954 aut
1657 4901 1776 4971 qui-

196 4984 333 5038 libet
356 4984 555 5053 regula:
582 4986 852 5055 subjectus
871 4986 1143 5056 Ecclesia},
1168 4999 1366 5060 praeter
1404 4992 1685 5046 consilium
1719 5000 1775 5048 et

192 5074 412 5127 litteras
438 5074 815 5143 episcoporum
838 5079 1125 5145 provincia:
1141 5120 1155 5144 ,
1198 5088 1253 5135 et
1277 5081 1545 5151 praecipue
1573 5092 1778 5139 metro-

194 5162 461 5232 politani,
504 5162 696 5219 adierit
756 5166 1137 5236 imperatorem
1162 5209 1177 5235 ,
1218 5170 1361 5225 hunc
1409 5173 1687 5241 reprobari
1725 5182 1781 5230 et

192 5252 365 5322 abjici
398 5263 674 5323 oportere,
705 5271 812 5311 non
841 5257 1015 5312 solum
1037 5274 1068 5313 a
1090 5252 1489 5327 communione,
1509 5279 1695 5320 verum
1724 5274 1780 5321 et

194 5345 273 5399 ab
326 5346 536 5400 honore
580 5346 732 5414 cujus
772 5349 1041 5419 particeps
1087 5350 1296 5407 videtur
1341 5354 1592 5408 existere.
1643 5354 1778 5421 Quia

186 5436 500 5491 venerandi
531 5438 784 5506 principis
826 5439 1042 5494 auribus
1079 5442 1383 5499 molestiam
1429 5444 1654 5499 tentavit
1697 5446 1784 5501 in-

190 5528 370 5592 Ierre,
394 5537 587 5599 contra
616 5528 760 5595 leges
773 5527 1041 5584 Ecclesiae.
1064 5530 1118 5585 Si
1138 5535 1301 5606 igitur
1318 5534 1470 5592 adire
1491 5535 1785 5607 principem

192 5624 516 5680 necessaria
556 5639 714 5680 causa
744 5625 1011 5694 deposcit,
1043 5626 1142 5690 hoc
1185 5646 1379 5713 agatur
1405 5648 1529 5692 cum
1559 5640 1789 5689 tractatu

196 5724 267 5769 et
285 5717 514 5773 consilio
536 5718 957 5790 metropolitani,
979 5732 1029 5777 et
1048 5739 1362 5806 ceterorum
1408 5730 1785 5805 episcoporum

1873 4605 2156 4661 scoporum
2186 4587 2473 4660 provincia:
2501 4601 2719 4642 manere
2748 4587 3090 4642 sententiam.

2312 4696 2391 4752 De
2416 4696 2713 4752 vacantibus
2741 4696 3015 4764 episwpis.

1947 4790 2126 4846 XCIV.
2172 4790 2229 4845 Si
2258 4791 2377 4861 quis
2402 4789 2686 4860 episcopus
2722 4803 2918 4843 vacans
2945 4788 2997 4842 in
3027 4785 3323 4843 Ecclesiam
3354 4804 3454 4842 va-

1878 4894 2089 4941 cantem
2114 4884 2375 4954 prosiliat,
2400 4883 2689 4953 sedemque
2738 4884 2993 4954 pervadat
3014 4885 3215 4953 absque
3243 4884 3450 4951 integro

1884 4973 2231 5044 perfectoque
2269 4973 2519 5039 concilio,
2562 4973 2650 5029 hic
2678 4972 2959 5043 abjiciatur
2982 4989 3201 5029 necesse
3223 4982 3325 5035 est,
3351 4973 3452 5031 etsi

1884 5076 2109 5123 cunctus
2149 5066 2395 5136 populus,
2416 5080 2575 5135 quem
2605 5065 2843 5137 diripuit,
2866 5082 2987 5122 eum
3017 5066 3215 5121 habere
3242 5066 3453 5133 delege-

1885 5158 1975 5211 rit.
2006 5155 2307 5211 Perfectum
2336 5170 2465 5211 vero
2492 5156 2778 5212 concilium
2804 5156 2930 5211 illud
2961 5164 3062 5222 est,
3088 5157 3176 5210 ubi
3204 5157 3455 5211 interlueo

1888 5249 1959 5304 rit
1982 5250 2425 5319 metrOpolitanus
2445 5249 2687 5304 antistes.

1958 5363 2037 5418 De
2056 5364 2134 5418 his
2156 5365 2259 5433 qui,
2291 5379 2406 5416 cum
2434 5363 2501 5415 ad
2520 5363 2866 5434 episcopatum
2889 5370 3152 5423 vocantur,
3175 5362 3382 5414 evitant.

1959 5452 2117 5508 XCV.
2145 5452 2201 5507 Si
2230 5453 2348 5522 quis
2374 5452 2658 5523 episcopus
2704 5468 2894 5507 manus
2916 5449 3310 5520 impositionem
3342 5449 3456 5519 epi~

1888 5554 2141 5615 scopatus
2168 5546 2456 5615 acceperit,
2487 5553 2563 5609 et,
2612 5559 2843 5613 praeesse
2872 5542 3068 5614 populo
3097 5542 3457 5611 constitutus,

1889 5638 2243 5693 ministerium
2265 5638 2446 5693 subire
2467 5637 2779 5705 neglexerit,
2812 5652 2914 5690 nec
2935 5634 3261 5701 acquieverit
3287 5635 3363 5690 ire
3391 5635 3458 5690 ad

1893 5726 2189 5789 Ecclesiam
2236 5729 2337 5786 sibi
2385 5727 2725 5785 commissam
2761 5744 2773 5781 :
2805 5726 2946 5783 hunc
2968 5731 3197 5797 oportet
3221 5739 3459 5785 commu-
