3970 6338
537 292 638 347 165

1772 346 1780 351 .
1849 280 2192 353 monvsms
2228 296 2541 356 exrcuus.

3686 308 3787 374 (δι

537 409 698 461 nione
719 405 936 476 privari,
971 405 1141 461 donec
1171 406 1467 474 susceperit
1493 414 1710 461 coactus
1737 405 1998 471 officium,
2023 417 2114 462 aut
2144 419 2191 472 Α
2217 426 2318 465 nec
2347 412 2641 466 constituat
2695 411 3039 484 presbyteros
3066 424 3160 470 aut
3186 413 3446 475 diaconos
3479 419 3632 477 alteri
3660 429 3789 484 sub-

538 506 685 552 certe
710 499 774 552 de
818 514 883 551 eo
912 497 1109 568 aliquid
1142 499 1348 566 integra
1376 497 1681 554 decreverit
1707 498 1950 568 ejusdem
1987 515 2114 570 pro-

539 589 725 642 vincim
754 589 992 659 synodus
1018 590 1376 644 sacerdotum.

546 699 621 753 De
665 700 743 754 his
781 701 866 770 qui
922 711 1286 780 promoventur
1322 700 1390 752 ad
1427 702 1796 770 epismpatum,
1843 719 1937 756 nec
1977 703 2112 758 reci-

1216 780 1444 839 piantur.

607 862 787 916 XCVI.
820 861 874 916 Si
902 863 1023 932 quis
1059 863 1340 931 episc0pus
1382 863 1657 916 ordinatus
1698 863 1762 916 ad
1807 863 2114 932 parochiam

540 953 757 1005 minimc
794 953 878 1006 cui
923 960 1006 1005 est
1045 952 1250 1006 electus
1299 952 1615 1016 accesserit,
1660 968 1768 1007 non
1813 969 1913 1007 suo
1952 955 2111 1016 vitio,

539 1044 633 1099 sed
661 1044 804 1111 quod
841 1059 964 1098 eum
995 1052 1087 1097 aut
1134 1044 1362 1113 populus
1403 1045 1553 1107 vitet,
1579 1052 1672 1097 aut
1711 1054 1932 1113 propter
1957 1045 2114 1098 aliam

539 1150 775 1198 causam,
804 1151 909 1188 non
963 1142 1140 1189 tamen
1167 1134 1285 1202 ejus
1331 1136 1464 1190 vitio
1515 1141 1879 1204 perpetratam
1907 1152 1920 1188 :
1953 1136 2040 1190 hic
2062 1144 2118 1190 et

539 1226 761 1279 honoris
788 1227 875 1288 sit,
901 1233 955 1279 et
982 1225 1257 1279 ministerii
1287 1226 1570 1294 particeps,
1589 1223 1875 1280 dummodo
1901 1226 1972 1280 nil
2001 1241 2120 1279 mo-

540 1315 706 1369 lestus
729 1314 983 1370 Ecclesim
1012 1317 1171 1369 rebus
1219 1317 1433 1380 existat,
1466 1316 1554 1370 ubi
1584 1316 1888 1371 ministrare
1917 1331 2113 1385 cogno-

538 1409 723 1463 scitur.
756 1409 926 1474 Quem
957 1408 1118 1462 etiam
1173 1407 1462 1462 observare
1516 1407 1801 1463 conveniet
1857 1407 2118 1476 quidquid

539 1499 776 1570 synodus
805 1498 1042 1568 perfecta
1072 1497 1382 1567 provinciae,
1408 1496 1550 1567 quod
1580 1496 1751 1550 visum
1781 1495 1956 1560 fuerit,
1975 1493 2118 1564 judi-

541 1587 716 1642 cando
737 1587 1058 1642 decreverit.

666 1700 745 1754 De
768 1698 1143 1770 episcopalibus
1169 1700 1221 1753 in
1249 1699 1525 1769 provinciis
1555 1694 1990 1751 ordinationibus.

2213 498 2390 568 jectos
2417 501 2696 570 episcopo,
2748 502 2850 556 nisi
2891 501 3034 558 forte
3085 520 3206 559 cum
3247 510 3474 566 consilio
3501 522 3557 568 et
3601 514 3787 571 volun-

2219 595 2328 642 tate
2368 589 2602 655 regionis
2647 591 2908 660 episcopi.
2957 591 3016 649 Si
3054 596 3176 663 quis
3221 596 3403 654 autem
3436 602 3543 658 taie
3586 605 3784 675 aliquid

2215 676 2394 733 facere
2422 682 2726 743 teutaverit,
2778 682 2927 737 irrita
2953 685 3024 738 sit
3068 685 3183 754 ejus
3220 689 3523 754 ordinatio,
3574 703 3632 748 et
3673 696 3785 764 ipse

2216 779 2531 824 coercentur
2553 786 2584 825 a
2614 772 2839 843 synodo,
2871 789 2995 828 nam
3023 775 3069 830 si
3099 777 3349 834 ordinare
3388 796 3497 836 non
3529 787 3778 854 potuerit,

2219 861 2519 916 nullatenus
2540 862 2822 932 judicabit.

2221 968 2289 1024 Ut
2320 970 2492 1026 nullus
2541 973 2611 1026 ad
2655 974 3013 1097 episc0patun;
3039 992 3131 1044 pro
3184 993 3238 1031 se
3269 981 3549 1034 constituat
3575 951 3781 1053 pruino-

2885 1061 2973 1096 ven
3013 1063 3119 1097 um.

2885 1061 2973 1096 ven
2979 1061 3119 1100 aum.

2285 1147 2368 1202 CI.
2403 1148 2667 1220 Episcopo
2698 1167 2805 1207 non
2836 1152 3001 1209 licere
3027 1171 3125 1224 pro
3171 1171 3230 1212 se
3257 1159 3481 1215 alterum
3512 1179 3784 1223 successo-

2215 1254 2330 1294 rem
2361 1241 2460 1295 sibi
2487 1243 2832 1312 constituere,
2859 1243 2984 1299 iicet
3011 1245 3075 1299 ad
3105 1248 3303 1301 exitum
3327 1251 3449 1304 vita:
3477 1256 3780 1320 perveniat:

2217 1330 2359 1398 quod
2382 1330 2426 1384 si
2456 1332 2561 1386 tale
2606 1333 2804 1401 aliquid
2837 1337 3030 1391 factum
3058 1335 3252 1405 fuerit,
3284 1340 3492 1395 irritum
3522 1357 3643 1400 esse
3675 1346 3786 1402 'huo

2211 1421 2506 1491 juscemodi
2535 1425 2900 1480 constitutum.
2942 1429 3195 1484 Servetur
3222 1440 3400 1486 autem
3431 1433 3519 1501 jus
3539 1414 3787 1498 ecclesia

2217 1512 2430 1577 sticum,
2455 1513 2508 1567 id
2528 1516 2812 1570 continens
2827 1525 3080 1586 oportere
3099 1536 3206 1577 non
3221 1522 3376 1579 aliter
3386 1525 3519 1591 ﬂeri,
3537 1527 3639 1582 nisi
3667 1543 3786 1592 cum

2217 1602 2424 1672 synodo
2470 1613 2525 1657 et
2563 1603 2762 1672 judicio
2810 1607 3217 1678 episcoporum,
3269 1614 3360 1684 qui
3411 1624 3538 1686 post
3581 1611 3790 1674 obitum

2219 1694 2544 1761 quiescentis
2573 1704 2895 1765 potestatem
2921 1698 3146 1768 habent,
3175 1717 3319 1772 eum,
3351 1707 3443 1774 qui
3472 1707 3662 1778 dignus
3689 1715 3786 1782 ex;-

611 1811 816 1867 XCVII.
848 1810 1141 1882 Episcopus
1170 1818 1365 1880 praeter
1389 1808 1650 1879 synodum
1699 1815 1753 1861 et
1780 1803 2113 1875 pncsentiani
2219 1784 2433 1848 θίίιθτίιν
2456 1800 2798 1854 Promovere-

541 1901 946 1971 mctropolitani
970 1900 1274 1954 nullatenus
1296 1899 1592 1952 ordinetur.
1613 1895 1725 1951 Iioc
1747 1904 1924 1950 autem
1948 1893 2119 1949 modis

543 1993 791 2047 omnibus
819 2006 999 2044 coram
1029 1991 1202 2059 posito
1233 1989 1423 2042 melius
1465 1987 1676 2055 quidem
1706 1995 1806 2045 cst.
1838 1993 1897 2038 ut
1934 1997 2119 2037 omnes

542 2079 697 2144 simul
747 2078 923 2132 adsint
975 2077 1211 2146 ejusdem
1266 2075 1552 2147 provincia:
1602 2074 1907 2128 sacerdotes
1940 2090 1951 2125 :
1983 2085 2119 2140 quos

539 2167 991 2238 metropolitanus
1039 2167 1322 2238 episcopus
1371 2166 1636 2220 advocare
1681 2165 1914 2219 debebit.
1957 2163 2019 2217 Et
2072 2163 2116 2218 si

540 2259 757 2328 quidem
781 2273 971 2312 omnes
1000 2257 1354 2326 occurrerint,
1387 2257 1615 2328 optime;
1648 2255 1790 2324 quod
1819 2255 1862 2309 si
1888 2255 1990 2307 hoc
2019 2252 2120 2306 dif-

541 2349 681 2403 ticile
709 2348 887 2412 fuerit,
916 2347 1104 2402 saltem
1134 2347 1315 2418 plures
1336 2345 1524 2402 adesse
1564 2344 1874 2400 omnimodo
1914 2360 2116 2398 conve-

543 2442 621 2495 nit
654 2457 668 2493 :
701 2447 793 2502 aut
843 2447 989 2492 certe
1035 2439 1247 2507 scriptis
1275 2437 1514 2506 ejusdem
1549 2437 1827 2490 sententia:
1871 2449 2119 2505 compro-

542 2530 678 2598 bari,
710 2539 764 2584 et
818 2529 890 2583 ita
939 2529 1037 2583 sub
1084 2529 1432 2598 plurimorum
1463 2526 1548 2581 vel
1597 2526 1878 2596 praesentia
1906 2527 1992 2580 vel
2020 2525 2119 2581 de~

540 2628 691 2674 creto
734 2618 1006 2682 ordinatio
1029 2617 1346 2672 celebretur.
1376 2616 1530 2683 Quod
1557 2615 1599 2670 si
1629 2631 1784 2671 secus
1810 2624 1994 2671 contra
2024 2615 2120 2670 de-

540 2707 689 2763 finita
718 2708 914 2763 factum
942 2708 1118 2770 fuerit,
1146 2708 1316 2762 nullas
1342 2705 1607 2760 ordinatio
1637 2705 1779 2760 vires
1806 2705 2003 2759 habeat
2028 2722 2043 2771 ;
2070 2703 2115 2758 si

538 2815 669 2855 vero
711 2798 860 2868 juxta
904 2796 1178 2851 definitam
1209 2798 1444 2866 regulam
1478 2797 1592 2864 tiat,
1635 2803 1689 2849 et
1730 2795 1970 2850 nonnulli
2016 2809 2115 2864 pro

537 2894 885 2949 contentione
912 2891 1132 2962 propria
1165 2890 1556 2955 contradicant,
1589 2887 1829 2944 obtineat
1849 2887 2115 2943 sententia

537 2985 907 3055 plurimorum.

535 3096 616 3152 Dc
640 3096 849 3167 synodis
871 3111 982 3167 qua:
1005 3091 1225 3167 debent
1249 3088 1314 3167 ao
1341 3090 1593 3167 episcopis
1611 3129 1632 3167 ,_
1649 3089 1757 3144 suis
1779 3087 2110 3158 temporibus,

996 3165 1051 3217 in
1084 3162 1347 3233 provincia
1371 3158 1653 3213 celebrari.

601 3274 833 3332 XCVIII.
857 3275 1086 3344 Propter
1128 3271 1384 3326 utilitates
1425 3269 1846 3334 ecclesiasticas,
1881 3278 1936 3323 et
1957 3269 2116 3323 abso-

531 3368 769 3424 lutiones
798 3381 983 3420 earum
1006 3379 1182 3418 rerum
1211 3376 1328 3431 qua:
1368 3359 1754 3414 dubitationem
1801 3368 2116 3412 controver-

530 3459 771 3528 siamque
821 3455 1108 3524 recipiunt,
1159 3452 1361 3521 optime
1413 3449 1615 3519 placuit
1641 3457 1702 3502 ut
1742 3463 1839 3517 per
1882 3447 2115 3517 singulas

529 3563 770 3620 quasque
793 3544 1100 3616 provincias
1129 3543 1210 3596 bis
1240 3542 1291 3595 in
1322 3555 1464 3595 anno
1489 3540 1865 3611 episcoporum
1887 3537 2113 3593 concilia

533 3642 897 3696 celebrentur.
926 3635 1103 3693 Semel
1124 3636 1342 3705 quidem
1372 3643 1494 3704 post
1523 3635 1734 3687 tertiam
1759 3633 2112 3702 septimanam

537 3732 661 3788 festi
691 3731 967 3786 Paschalis
991 3748 1004 3785 :
1038 3730 1112 3784 ita
1144 3737 1202 3784 ut
1221 3736 1413 3797 quarta
1440 3727 1737 3799 septimana
1767 3723 2114 3780 Pentecostes

533 3822 824 3878 conveniat
878 3819 1142 3892 synodus,
1174 3818 1589 3887 metropolitano
1619 3816 1975 3886 provinciales
2001 3816 2116 3884 epi-

529 3929 729 3985 scopos
776 3913 1124 3966 admonente.
1158 3907 1409 3964 Secunda
1438 3922 1568 3961 vero
1615 3905 1848 3977 synodus
1878 3905 1970 3958 Iiat
1998 3905 2116 3960 idus

528 4004 801 4069 Octobris,
835 4003 886 4056 id
917 4011 1018 4067 est,
1042 4001 1231 4069 quinto
1272 3998 1484 4054 decimo
1513 3997 1599 4052 die
1628 3997 1824 4051 mensis
1844 3994 2109 4060 Octobris,

526 4109 686 4163 quem
737 4092 1190 4164 Hyperberetmon
1235 4088 1408 4144 Graeci
1454 4086 1854 4155 cognominant.
1885 4084 1942 4138 In
1985 4086 2112 4156 ipsis

529 4197 711 4241 autem
736 4183 980 4239 conciliis
1008 4183 1182 4238 adsint
1206 4179 1524 4251 presbyteri,
1552 4189 1609 4233 et
1634 4177 1866 4241 diaconi,
1902 4187 1956 4232 et
1993 4193 2111 4232 om-

533 4293 631 4333 nes
660 4277 753 4346 qui
781 4290 840 4330 se
884 4275 1039 4329 iazsos
1074 4274 1379 4327 existimant
1407 4289 1420 4323 :
1454 4279 1508 4324 et
1535 4269 1723 4340 synodi
1766 4268 2111 4338 experiantur

524 4384 771 4424 examen.
804 4365 971 4420 Nullis
1006 4380 1136 4419 vero
1167 4363 1326 4417 liceat
1366 4361 1508 4432 apud
1535 4376 1594 4415 se
1618 4360 1894 4414 celebrare
1923 4359 2110 4414 conci-

524 4459 613 4526 lia,
646 4468 840 4528 praeter
863 4470 955 4510 eos
995 4454 1188 4525 quibus
1210 4467 1239 4507 a
1267 4450 1692 4524 metropolitanis
1715 4449 1962 4504 videntur
1989 4461 2108 4503 esse

522 4550 638 4620 jura
664 4549 969 4604 commissa.

530 4659 599 4715 Ut
623 4661 764 4715 nullo
787 4659 936 4714 modo
968 4659 1031 4713 de
1050 4657 1298 4728 parochia
1337 4654 1407 4708 ad
1446 4657 1606 4710 aliam
1650 4653 1950 4725 parochiam
1989 4653 2103 4725 epi-

1084 4744 1270 4798 scopus
1299 4735 1547 4780 transeat.

593 4836 752 4893 XCIX
799 4836 1094 4908 Episcopus
1121 4839 1186 4892 ab
1212 4838 1314 4890 alia
1345 4835 1604 4908 parochia
1633 4847 1970 4902 nequaquam
1999 4831 2102 4886 mi-

522 4938 639 4999 gret
665 4930 730 4983 ad
771 4929 950 4995 aliam,
982 4942 1081 4982 nec
1110 4936 1300 4998 sponte
1330 4941 1425 4981 sua
1454 4940 1676 4996 prorsus
1705 4924 1964 4987 insiliens,
1996 4937 2099 4977 nec

520 5021 574 5075 vi
604 5028 825 5075 coactus
854 5033 883 5072 a
913 5017 1119 5087 populis
1141 5058 1156 5085 ,
1197 5030 1298 5069 nec
1351 5016 1418 5069 ab
1470 5015 1727 5085 episcopo
1776 5012 2100 5068 necessitate

521 5109 872 5180 compulsus:
904 5115 1120 5163 maneat
1165 5113 1344 5160 autem
1395 5105 1448 5159 in
1493 5104 1734 5160 Ecclesia
1775 5118 1936 5173 quam
1990 5102 2101 5173 pri-

520 5203 682 5258 mitus
704 5217 735 5256 a
763 5202 874 5256 Deo
919 5201 1141 5256 sortitus
1169 5208 1271 5264 est,
1324 5211 1426 5253 nec
1455 5195 1580 5251 inde
1610 5196 1967 5264 transmigret,
2004 5208 2095 5250 se-

521 5291 755 5346 cundum
777 5289 1058 5360 pristinum
1090 5288 1156 5342 de
1183 5288 1287 5341 hac
1321 5301 1380 5341 re
1411 5285 1696 5340 terminum
1726 5284 2095 5340 constitutum.

523 5403 592 5460 Ut
618 5405 672 5458 in
696 5404 856 5457 altera
885 5400 1130 5472 parochia
1150 5399 1360 5472 clericos
1381 5398 1596 5472 alterius
1620 5397 1880 5468 parochias
1902 5395 2102 5465 episco-

985 5489 1079 5543 pus
1101 5471 1390 5524 nullatenus
1412 5470 1634 5525 ordinet.

587 5568 648 5624 C.
679 5567 977 5637 Episcopus
1019 5565 1251 5618 alienam
1301 5563 1596 5624 civitatem,
1627 5574 1747 5628 qua
1780 5573 1889 5613 non
1916 5567 2000 5612 est
2024 5557 2099 5612 illi

516 5659 776 5726 subjecta,
803 5671 910 5711 non
939 5657 1097 5712 adeat
1127 5671 1140 5707 :
1171 5668 1271 5710 nec
1323 5652 1395 5706 ad
1442 5650 1842 5724 possessionem
1873 5648 2099 5703 accedat

518 5759 637 5816 qua
647 5747 714 5804 ad
731 5762 856 5806 eum
865 5761 972 5805 non
992 5744 1225 5819 pertinet
1234 5757 1395 5816 super
1408 5739 1745 5800 ordinatione
1758 5737 2094 5809 cujusquam,

2219 1893 2298 1949 De
2335 1896 2484 1952 rebus
2519 1897 2588 1950 ad
2637 1898 2937 1982 Ecclesium-
2961 1904 3371 1983 pertinentibus,
3401 1917 3450 1962 et
3488 1909 3553 1964 de
3577 1912 3798 1984 hisque.

2529 1984 2740 2041 prapria
2768 1987 2994 2041 episcopi
3022 1990 3133 2028 esse
3165 1988 3465 2034 noscuntur.
3663 2003 3668 2007 ’

2286 2073 2394 2130 ϐυ.
2418 2076 2544 2142 ραι-ιε
2573 2086 2696 2132 sunt
2727 2079 2996 2147 Ecclesiae,
3027 2085 3126 2139 sub
3151 2086 3297 2140 omni
3329 2069 3786 2157 soilicitudine,iet

2217 2166 2544 2221 conscientia
2566 2168 2724 2233 bona,
2744 2178 2800 2224 et
2821 2170 2922 2226 tide
2946 2188 3064 2242 quas
3095 2174 3148 2228 in
3169 2174 3337 2230 Deum
3360 2181 3462 2242 est;
3484 2169 3575 2246 qui
3596 2171 3784 2237 cuncta

2217 2257 2536 2324 considerat,
2563 2257 2905 2330 judicatque,
2947 2271 3247 2337 serventur,
3290 2261 3410 2336 quas
3451 2268 3626 2323 etiam
3676 2270 3785 2325 dis-

2217 2349 2489 2416 pensanda
2537 2360 2662 2406 sunt
2700 2341 2903 2421 judicio
2950 2363 3005 2409 et
3049 2361 3337 2424 "potestate
3381 2343 3649 2428 pontiﬁcis
3701 2363 3782 2418 uti

2219 2441 2534 2495 commissus
2561 2450 2643 2497 est
2670 2444 2921 2512 populus,
2951 2453 3006 2499 et
3055 2446 3247 2500 anima:
3274 2462 3392 2516 quae
3430 2448 3569 2503 intra
3599 2449 3785 2507 Eccle-

2216 2528 2349 2584 siam
2395 2542 2810 2600 congregantur.
2838 2533 3117 2590 Manifesta
3142 2550 3271 2592 vero
3312 2538 3441 2606 sint,
3469 2553 3589 2607 quae
3616 2542 3784 2610 perti-

2215 2632 2346 2672 nere
2369 2619 2618 2675 videntur
2645 2621 2712 2676 ad
2741 2620 3056 2692 Ecclesium,
3085 2639 3208 2679 cum
3231 2625 3422 2680 notitia
3441 2628 3786 2698 presbytero-

2215 2720 2332 2762 rum
2379 2719 2436 2764 et
2474 2709 2823 2767 diaconorum
2875 2713 2966 2782 qui
3010 2714 3152 2769 circa
3200 2698 3371 2784 ipsum
3407 2727 3574 2770 sunt:
3606 2719 3680 2772 ita
3726 2728 3784 2774 ut

2214 2806 2526 2867 agnoscant,
2553 2815 2656 2856 nec
2683 2802 2949 2870 ignorent,
2981 2817 3101 2873 qua:
3136 2804 3244 2859 sint
3269 2803 3519 2861 Ecclesiae
3542 2810 3780 2878 propria,

2213 2901 2315 2942 nec
2367 2903 2462 2944 eos
2491 2890 2687 2959 aliquid
2737 2892 2921 2947 lateat.
2958 2891 3028 2948 Ut
3066 2894 3113 2948 si
3141 2895 3426 2962 contigerit
3471 2897 3782 2968 episcopum

2214 2977 2442 3045 migrare
2479 2978 2547 3033 de
2597 2979 2812 3047 saeculo,
2843 2981 3006 3038 certis
3055 2983 3408 3039 existentibus
3453 2985 3635 3055 rebus,
3666 3003 3784 3058 qua

2215 3080 2337 3124 sunt
2367 3070 2632 3138 Ecclesiae,
2665 3089 2765 3129 nec
2801 3075 2930 3145 ipsa:
2953 3077 3200 3148 collapsa:
3220 3077 3530 3148 depereant,
3552 3095 3653 3136 nec
3666 3097 3786 3151 qua

2138 3135 2184 3198 (ἶ
2216 3163 2431 3230 propria
2481 3135 2776 3234 probantur
2819 3135 3222 3239 episcopi,.sub
3271 3135 3556 3224 occasione
3605 3135 3784 3226 rerum

2219 3249 2582 3318 pervadantur
2609 3251 2875 3309 Ecclesia).
2904 3253 3113 3309 Justum
3153 3270 3404 3324 namque,
3425 3265 3480 3312 et
3505 3267 3784 3329 acceptum

2213 3346 2296 3392 est
2323 3353 2504 3393 coram
2531 3340 2644 3396 Deo
2672 3349 2729 3398 et
2768 3343 3103 3412 hominibus,
3133 3351 3194 3398 ut
3234 3359 3328 3399 sua
3356 3346 3641 3417 episcopus
3663 3349 3787 3418 qui-

2215 3429 2315 3484 bus
2339 3431 2586 3496 voluerit,
2618 3433 2989 3501 derelinquat,
3019 3441 3075 3488 et
3101 3449 3220 3504 qua:
3248 3433 3503 3491 Ecclesiae
3530 3446 3678 3501 sunt,
3707 3439 3786 3493 ei-

2212 3525 2334 3580 dem
2359 3532 2746 3582 conserventur
2774 3524 3046 3592 Ecclesize,
3075 3533 3134 3581 ut
3164 3542 3262 3583 nec
3300 3525 3538 3584 Ecclesia
3567 3530 3786 3599 aliquod

2214 3616 2448 3686 patiatur
2476 3615 2874 3671 incommodum
2893 3654 2909 3680 ,
2938 3631 3038 3671 nec
3065 3617 3349 3686 episcopus
3373 3619 3472 3672 sub
3501 3621 3786 3677 occasione

2211 3706 2575 3778 proscribatur
2600 3705 2872 3768 Ecclesim,
2903 3713 2961 3760 et
3002 3706 3055 3762 in
3080 3721 3270 3763 causas
3313 3706 3570 3775 incidant,
3593 3709 3685 3777 qui
3718 3709 3785 3768 ad

2213 3813 2334 3852 eum
2366 3799 2665 3866 pertinent,
2709 3804 2764 3853 et
2790 3796 2907 3867 ipse
2935 3804 3058 3866 post
3085 3796 3290 3854 obitum
3317 3798 3788 3863 maledictionibus

2212 3889 2538 3957 ingravetur.

2216 4000 2284 4056 Ut
2307 4001 2572 4072 episcopus
2601 4001 2936 4073 dispensandi
2967 4019 3047 4056 res
3075 4003 3448 4060 ecclesiasticas
3477 4005 3663 4061 habent
3690 4024 3787 4078 po-

2865 4081 3119 4127 tcstatem.

2279 4177 2410 4236 CIII.
2435 4182 2731 4254 Episcopus
2760 4183 3242 4239 ecclesiasticarum
3268 4199 3447 4240 rerum
3469 4184 3664 4241 habeat
3686 4202 3789 4256 po-

2213 4281 2481 4339 testatem,
2515 4274 2584 4328 ad
2632 4274 3047 4344 dispensandum
3105 4290 3229 4346 erga
3282 4290 3472 4332 omnes
3524 4278 3615 4347 qui
3643 4277 3788 4333 indi-

2210 4373 2357 4433 gent,
2388 4379 2510 4420 cum
2552 4379 2760 4420 summa
2813 4365 3117 4419 reverentia
3145 4373 3199 4420 et
3243 4365 3436 4421 timore
3465 4365 3576 4421 Dei.
3609 4366 3790 4424 Partio

2213 4454 2356 4524 cipet
2383 4462 2562 4510 autem
2591 4462 2646 4508 et
2701 4455 2816 4526 ipse
2863 4453 3059 4524 quibus
3085 4453 3304 4523 indiget,
3362 4455 3406 4509 si
3436 4463 3615 4510 tamen
3646 4456 3792 4512 indi-

2209 4554 2321 4615 get,
2354 4554 2462 4601 tam
2501 4549 2628 4615 suis,
2654 4562 2813 4618 quam
2842 4545 3083 4613 fratrum,
3112 4547 3203 4616 qui
3223 4548 3289 4602 ab
3311 4561 3377 4603 eo
3397 4549 3790 4618 suscipiuntur,

2209 4638 2527 4694 necessariis
2547 4638 2730 4693 usibus
2755 4635 3064 4707 profuturis,
3097 4636 3170 4691 ita
3193 4645 3254 4691 ut
3276 4637 3329 4692 in
3358 4637 3504 4691 nulla
3543 4637 3792 4707 qualibet

2209 4729 2492 4782 occasione
2520 4728 2852 4795 fraudentur,
2878 4727 3031 4796 juxta
3075 4735 3320 4782 sanctum
3363 4726 3680 4796 Apostolum
3707 4727 3792 4784 sic

2206 4815 2516 4872 dicentem:
2549 4815 2818 4872 Habentes
2882 4816 3082 4872 victum
3140 4822 3199 4871 et
3250 4822 3651 4885 tegumentum,
3701 4816 3791 4872 bis

2199 4909 2444 4965 contenti
2473 4923 2676 4964 sumus.
2707 4909 2861 4976 Quod
2881 4908 2926 4964 si
2955 4914 3241 4964 contentus
3268 4906 3385 4961 istis
3412 4906 3632 4962 minime
3660 4905 3782 4963 fue-

2203 4998 2295 5065 rit,
2324 5003 2604 5055 convertat
2631 5008 2813 5054 autem
2841 5014 2928 5055 res
2973 4999 3234 5056 Ecclesiae
3262 5000 3317 5054 in
3361 5014 3489 5056 suos
3523 5015 3650 5055 usus
3677 4999 3786 5057 do-

2205 5092 2480 5157 mesticos,
2511 5099 2566 5146 et
2590 5091 2706 5161 ejus
2726 5091 3009 5147 commoda
3028 5093 3114 5147 vel
3147 5106 3398 5160 agrorum
3420 5089 3644 5158 fructus,
3669 5106 3796 5148 non

2205 5200 2326 5240 enim
2357 5183 2786 5254 presbyterorum
2807 5184 3139 5242 conscientia
3182 5183 3645 5252 diaconorumque
3665 5197 3794 5252 per-

2206 5284 2421 5345 tractet,
2449 5275 2546 5334 sed
2590 5277 2783 5331 horum
2811 5283 3134 5346 potestatem
3161 5273 3476 5330 domesticis
3525 5272 3660 5339 suis,
3689 5282 3795 5327 aut

2206 5367 2546 5439 propinquis,
2601 5375 2694 5421 aut
2739 5365 3014 5434 fratribus,
3068 5363 3296 5435 ﬁliisque
3343 5363 3691 5418 committat:
3726 5370 3794 5416 ut

2198 5472 2299 5528 per
2349 5455 2652 5525 hujusmodi
2691 5470 2951 5526 personas
2995 5455 3208 5511 occulte
3253 5460 3464 5508 cetera!
3519 5450 3794 5505 laedantur

2201 5551 2470 5616 Ecclesize,
2500 5547 2706 5620 synodo
2733 5548 3024 5618 provinciae
3043 5561 3235 5617 poenas
3257 5545 3359 5599 iste
3398 5541 3694 5612 persolvat.
3729 5539 3796 5594 Si

2200 5649 2377 5696 autem
2400 5650 2460 5695 et
2486 5640 2643 5696 aliter
2669 5647 2952 5694 accusetur
2981 5638 3296 5708 episcopus,
3341 5643 3434 5692 aut
3478 5629 3792 5702 presbyteri

2199 5735 2429 5808 quicum
2452 5734 2567 5805 ipso
2597 5739 2740 5799 sunt,
2787 5729 2932 5802 quod
2961 5744 3024 5785 ea
3049 5744 3166 5799 quae
3197 5728 3466 5798 pertinent
3490 5722 3556 5781 ad
3583 5721 3790 5778 Eccle-
