3988 6344
207 261 310 334 iss

1166 266 1387 326 CODEX
1421 262 1749 321 CANONUM
1786 255 2472 319 ECCLESIASTICOBUM.

3373 253 3470 309 166

200 394 360 454 siam,
392 385 478 442 vel
507 400 574 442 ex
595 383 756 454 agris,
789 384 875 440 vel
910 398 977 440 ex
1005 383 1110 438 alia
1138 382 1375 451 qualibet
1409 378 1779 435 ecclesiastica
1807 378 1861 439 Α
1885 382 1996 429 tam
2024 387 2205 428 sermo
2253 367 2670 441 prmdicationis,
2703 353 2879 438 quam'
2904 367 2956 422 hi
3009 366 3098 436 qui
3127 365 3456 436 dispensant,

199 477 460 533 facultate
486 475 700 531 sibimet
729 473 1126 544 usurpent,'ita
1155 480 1214 526 ut
1253 485 1320 526 ex
1349 470 1453 524 hoc
1481 467 1784 536 afﬂigantur

202 567 424 637 quidem
468 578 734 636 pauperes
785 562 1148 620 criminationi
1195 574 1329 617 vero
1356 566 1414 614 et
1438 557 1788 629 blasphemiis

1888 465 2067 521 taliter
2092 470 2449 532 'exponantur
2482 478 2496 513 :
2524 469 2583 513 et
2635 461 2733 514 hos
2781 467 2995 528 oportet
3022 459 3239 528 corrigi,
3269 468 3457 513 sancta

1891 556 2120 629 synodo,
2152 554 2206 609 id
2233 552 2376 622 quod
2405 551 2684 614 condecet,
2717 551 3070 621 approbante.

216 706 3459 743 _______________________________________________.__.___

812 802 1153 869 REGULIE
1216 804 1422 867 APUD
1476 799 1923 863 LAODICIAM
1976 794 2396 858 EXPOSITIE
2461 795 2652 856 NUM.
2690 795 2854 855 LIX.

274 1014 475 1070 Sancta
516 1012 753 1084 synodus
799 1025 919 1081 quae
975 1009 1116 1080 apud
1172 1007 1491 1064 Laodiceam
1537 1004 1784 1077 Phrygia:

207 1106 511 1161 Pacatianze
536 1103 786 1160 convenit
805 1117 873 1157 ex
896 1101 1123 1158 diversis
1143 1095 1449 1170 regionibus
1471 1099 1629 1166 Asizae,
1659 1097 1792 1153 defi-

207 1199 444 1252 nitiones
469 1196 719 1266 exposuit
743 1193 1143 1251 ecclesiasticas
1169 1207 1290 1264 quae
1329 1193 1516 1248 subter
1565 1205 1791 1247 annexae

207 1295 359 1343 sunt.

828 1392 906 1447 De
935 1393 1174 1464 bigamis.

278 1483 408 1540 CIV.
459 1484 536 1538 De
578 1483 665 1539 his
689 1483 802 1552 qui,
852 1481 1144 1538 secundum
1176 1481 1598 1538 ecclesiasticam
1637 1493 1799 1549 regu-

209 1575 342 1642 lam,
374 1573 547 1627 libere
573 1588 638 1627 ac
678 1573 918 1642 legitime
944 1571 1195 1626 secundis
1225 1572 1425 1641 nuptiis
1447 1571 1618 1639 juncti
1647 1579 1792 1639 sunt,

209 1678 314 1718 nec
342 1664 559 1718 occulte
606 1663 913 1732 nuptiarum
964 1661 1212 1731 copulam
1250 1659 1493 1716 fecerunt
1536 1678 1549 1714 :
1582 1669 1796 1732 oportet

211 1762 288 1818 ut,
323 1768 492 1823 parvo
519 1763 763 1822 tempore
791 1757 1096 1817 transacto,
1141 1761 1339 1807 vacent
1366 1749 1699 1807 orationibus
1741 1759 1796 1806 et

1888 1000 1970 1056 De
1989 1001 2072 1055 his
2099 1000 2187 1074 qui
2219 1001 2288 1054 ad
2324 1000 2980 1123 luereticorumdspeluncas
3008 1016 3167 1054 causa
3212 1001 3470 1056 orationis

2546 1086 2662 1123 accc
2703 1079 2812 1123 unt.

2546 1079 2812 1123 accedunt.

1967 1160 2125 1216 CXII.
2158 1161 2310 1229 Quod
2340 1178 2445 1217 non
2492 1164 2871 1233 permittantur
2897 1163 3242 1218 ecclesiastici
3269 1165 3336 1217 ad
3361 1164 3471 1218 lue-

1898 1253 2190 1308 reticorum
2219 1254 2528 1308 cmmeteria
2554 1291 2568 1315 ,
2611 1253 2697 1307 vel
2742 1253 2807 1306 ad
2831 1268 2895 1307 ea
2924 1269 3041 1321 quae
3069 1254 3137 1307 ab
3182 1255 3260 1307 eis
3285 1253 3468 1323 appel-

1900 1341 2082 1396 lantur
2124 1345 2403 1414 martyria,
2433 1343 2691 1397 orationis
2731 1359 2892 1397 causa
2917 1343 2998 1396 vel
3044 1344 3284 1398 sanitatis
3312 1359 3471 1401 acce-

1901 1431 2030 1487 dere
2063 1449 2076 1485 :
2108 1433 2202 1486 sed
2233 1432 2535 1501 bujusmodi
2562 1475 2577 1500 ,
2621 1433 2666 1487 si
2709 1433 2888 1487 ﬁdeles
2915 1432 3126 1497 fuerint,
3156 1443 3303 1487 certo
3335 1445 3470 1489 tem-

1899 1538 2032 1595 pore
2061 1527 2436 1578 communione
2486 1525 2686 1594 privari
2731 1543 2744 1578 :
2791 1527 3116 1594 poenitentes
3159 1534 3369 1593 autem,
3418 1537 3470 1582 et

1900 1611 2220 1669 conﬁtentes
2242 1630 2301 1669 se
2329 1613 2632 1682 deliquisse,
2659 1619 2910 1671 convenit
2936 1618 3152 1687 suscipi.

1899 1718 1980 1773 De
2007 1720 2085 1774 his
2108 1723 2191 1792 qui
2215 1738 2329 1775 cum
2369 1723 2622 1777 luereticis
2642 1726 2936 1794 nuptiarum
2956 1726 3136 1795 copula
3152 1710 3465 1798 junguntur.

207 1808 469 1914 ieiuniis,
515 1808 710 1912 Quibus
738 1844 899 1898 etiam
924 1808 1095 1913 juxta,
1123 1843 1508 1913 indulgentiam
1552 1857 1794 1899 commu-
1827 1831 1869 1889 Β
1906 1898 1937 1914 ν,
1969 1808 2147 1914 Cium
2202 1811 2355 1914 9m,“
2406 1827 2513 1866 non
2567 1822 2819 1914 ῗρθηθίδί
2845 1815 3240 1914 ,ίηδίίιῖθῗθηιθτ
3294 1817 3469 1914 εἶφ’

213 1936 431 1988 nionem
461 1933 613 1988 reddi
641 1933 999 1988 decrevimus.

212 2045 294 2101 De
324 2047 405 2100 his
430 2047 516 2117 qui
538 2062 631 2117 pro
659 2045 875 2100 diversis
900 2046 1087 2098 erratis
1113 2044 1480 2114 paenitudinem
1510 2047 1795 2116 ferventius

863 2124 1160 2185 exegerunt.

284 2226 396 2282 CV.
426 2225 502 2282 De
530 2225 613 2281 bis
642 2226 733 2296 qui
772 2225 997 2281 diversis
1035 2224 1360 2281 facinoribus
1401 2234 1784 2295 peccaverunt,

211 2330 269 2375 et
309 2327 714 2389 perseverantes
759 2318 814 2371 in
858 2318 1104 2372 oratione
1151 2316 1503 2371 confessionis
1533 2324 1588 2370 et
1620 2316 1798 2385 poeni-

214 2412 404 2465 tentias
449 2409 861 2464 conversionem
890 2423 922 2462 a
973 2407 1130 2462 malis
1177 2407 1416 2461 habuere
1449 2405 1743 2476 perfectam
1775 2422 1790 2460 :

213 2517 317 2572 pro
339 2502 602 2571 qualitate
631 2500 848 2564 delicti,
882 2501 1080 2556 talibus
1106 2501 1432 2571 pmnitentim
1457 2509 1666 2570 tempus
1695 2501 1795 2555 im-

210 2607 441 2662 pensum
470 2600 693 2661 propter
721 2589 1062 2644 clementiam
1101 2598 1156 2644 et
1187 2588 1483 2644 bonitatem
1515 2587 1608 2645 Dei
1639 2605 1791 2644 com-

209 2685 399 2738 munio
428 2681 775 2738 concedatur.

247 2787 404 2857 Quod
428 2807 532 2846 non
560 2799 794 2862 aperteat
820 2789 889 2844 ad
926 2791 1131 2872 clerum.
1155 2791 1330 2845 statim
1357 2797 1472 2862 post
1500 2791 1757 2862 baptisma

846 2877 1150 2929 promoveri.

282 2947 420 3004 CVI.
451 2948 528 3004 De
555 2948 639 3005 his
664 2951 756 3020 qui
783 2966 960 3020 nuper
987 2958 1113 3006 sunt
1139 2949 1422 3004 illuminati
1448 2950 1788 3020 baptismate,

208 3040 356 3110 quod
385 3057 480 3096 eos
510 3042 564 3095 in
609 3042 933 3098 sacerdotali
977 3057 1087 3098 non
1127 3043 1416 3098 conveniat
1457 3043 1647 3099 ordine
1673 3061 1794 3115 pro-

209 3141 443 3185 moven.

613 3239 694 3295 De
723 3249 948 3311 tempore
976 3244 1384 3302 ordinationum.

279 3327 439 3383 CVII.
472 3329 627 3396 Quod
663 3347 770 3386 non
815 3340 1067 3401 oporteat
1110 3335 1478 3391 ordinationes
1519 3333 1619 3391 sub
1660 3351 1793 3391 eon-

207 3430 399 3490 spectu
426 3420 755 3474 audientium
784 3421 1067 3476 celebrari.

316 3529 384 3584 Ut
415 3531 464 3583 hi
493 3532 578 3602 qui
607 3532 838 3585 sacrario
863 3532 1088 3585 serviunt
1116 3548 1302 3585 usuras
1329 3549 1428 3587 non
1458 3534 1691 3604 exigant.

281 3642 461 3698 CVIII.
502 3642 656 3710 Quod
686 3658 793 3698 non
835 3651 1084 3712 oporteat
1131 3643 1441 3698 sacerdotes
1482 3653 1537 3698 et
1563 3644 1791 3700 clericos

207 3735 520 3791 feucrantes
559 3751 790 3802 usuras,
839 3737 924 3791 vel
972 3751 1090 3806 quae
1137 3737 1388 3792 dicuntur
1415 3739 1690 3808 sescupla,
1741 3739 1795 3794 id

207 3836 296 3880 est
325 3836 381 3880 et
407 3839 666 3880 summam
695 3826 886 3897 capitis
914 3835 970 3882 et
1011 3827 1286 3883 dimidium
1317 3843 1538 3883 summa:
1557 3870 1572 3897 ,
1619 3829 1796 3900 perci-

208 3928 366 3984 pere.

206 4026 294 4081 De
351 4025 611 4082 hiereticis
666 4025 976 4080 intrantibus
1030 4027 1084 4079 in
1131 4027 1374 4082 ecclesias
1431 4028 1506 4083 vel
1556 4028 1797 4085 basilicas

859 4107 1165 4166 martyrum.

281 4205 424 4262 CIX.
454 4205 610 4274 Quod
639 4207 878 4262 haeretici
908 4223 1016 4264 non
1061 4193 1406 4278 permittendi
1441 4211 1550 4267 sint
1594 4213 1804 4284 ingredi

206 4300 264 4352 in
295 4299 515 4351 domum
545 4296 672 4363 Dei,
706 4297 756 4350 in
787 4297 975 4351 haeresi
1014 4307 1413 4366 permanentes.

319 4405 403 4460 De
431 4407 510 4459 his
545 4407 630 4476 qui
665 4408 734 4459 ad
776 4407 1018 4462 ecclesias
1060 4407 1125 4460 ab
1163 4409 1423 4463 Iutreticis
1453 4412 1679 4466 veniunt.

281 4496 397 4552 CX.
428 4497 501 4551 De
530 4497 614 4552 bis
640 4497 732 4566 qui
761 4498 828 4552 ab
864 4498 1130 4555 haereticis
1157 4509 1567 4568 convertuntur,
1604 4502 1656 4556 id
1687 4510 1788 4568 est,

208 4589 546 4652 Novatianis,
596 4596 689 4641 aut
731 4587 1082 4656 Photinianis,
1124 4599 1216 4644 aut
1259 4590 1792 4648 Tessaresczcdecati-

210 4683 300 4746 tis,
348 4679 462 4734 sive
494 4678 747 4748 baptizati
797 4679 902 4734 sint
930 4680 1048 4749 illi,
1096 4697 1192 4737 seu
1235 4683 1639 4752 eatechumeni,
1680 4701 1790 4741 non

207 4779 338 4824 ante
365 4769 744 4836 suscipiantur,
774 4785 932 4838 quam
969 4787 1157 4827 omnes
1184 4772 1416 4829 hmreses
1442 4775 1792 4830 anathemati-

206 4868 357 4924 zent,
389 4867 449 4913 et
488 4859 755 4929 praecipue
799 4860 942 4915 illam
988 4877 1092 4931 qua
1119 4863 1510 4919 detinebantur.
1567 4866 1636 4920 Et
1664 4876 1790 4923 tunc

206 4949 430 5005 demum
465 4949 520 5003 bi
562 4951 656 5018 qui
698 4951 837 5020 apud
866 4967 962 5007 eos
1014 4951 1329 5009 dicebantur
1357 4955 1562 5022 fideles,
1593 4967 1791 5014 nostra:

206 5043 510 5098 doceantur
549 5039 670 5097 fidei
699 5043 1021 5114 symbolum,
1057 5053 1113 5100 et
1137 5047 1282 5102 uncti
1310 5057 1497 5104 sancto
1526 5050 1788 5107 chrisma-

207 5141 287 5200 te,
317 5133 400 5188 sic
427 5134 692 5204 mysteriis
719 5137 1119 5193 communicent
1138 5141 1512 5196 sacrosanctis.

325 5242 412 5297 De
441 5244 522 5297 Itis
559 5245 644 5314 qui
671 5247 878 5300 veniunt
905 5246 969 5299 ab
992 5250 1173 5303 heresi
1205 5247 1674 5322 Cataplirygarum.

276 5352 416 5408 CXI.
448 5353 521 5407 De
550 5354 633 5410 his
659 5356 748 5423 qui
791 5365 1178 5412 convertuntur
1217 5359 1284 5412 ab
1313 5360 1502 5415 haeresi
1537 5377 1654 5430 quae
1705 5364 1786 5419 di-

211 5447 347 5499 citur
375 5443 856 5514 Cataphrygarum,
903 5447 1005 5501 etsi
1035 5447 1086 5501 in
1125 5450 1268 5505 clero
1293 5492 1309 5520 ,
1351 5451 1474 5521 quia
1507 5453 1648 5521 apud
1695 5469 1789 5510 eos

207 5551 332 5590 esse
355 5534 620 5600 creditur,
657 5535 872 5601 fuerint,
900 5539 1000 5592 etsi
1042 5543 1258 5597 maximi
1288 5543 1658 5610 nominentur,
1690 5546 1790 5600 hos

207 5629 306 5681 sub
335 5626 489 5680 omni
521 5627 792 5694 diligentia
835 5629 901 5681 ab
923 5629 1186 5703 episcopis
1215 5634 1496 5706 Ecclesiae,
1525 5637 1610 5692 vel
1639 5652 1792 5710 pres-

209 5719 437 5786 byteris,
463 5719 668 5773 'instrui
695 5727 752 5774 et
778 5719 1032 5788 baptizari
1062 5732 1364 5794 conveniet,

1895 1898 2164 1962 siasticos.
2206 1899 2408 1955 foedere
2451 1902 2796 1970 nuptiarum,
2843 1902 3111 1958 haereticis
3149 1920 3276 1959 suos
3333 1906 3470 1959 filius

1895 1991 2140 2061 ﬁliasque
2169 1993 2516 2063 conjungere.

1928 2100 2054 2156 Non
2084 2119 2363 2174 congruere
2396 2102 2718 2173 presbyteras
2761 2104 2811 2155 in
2841 2103 3136 2156 mulieribus
3166 2101 3427 2156 ordinari.

1962 2208 2144 2264 CXIV.
2177 2210 2331 2276 Quod
2353 2225 2461 2265 non
2491 2220 2738 2281 oporteat
2778 2229 2868 2267 eas
2896 2228 3014 2283 qua:
3041 2214 3289 2267 dicuntur
3314 2229 3465 2283 pres-

1892 2302 2095 2374 byterte
2123 2304 2207 2358 vel
2231 2304 2576 2372 praesidentes
2601 2305 2654 2358 in
2682 2305 2921 2359 ecclesiis
2950 2305 3208 2360 ordinari.

2203 2413 2282 2468 De
2310 2414 2684 2484 episcopalibus
2711 2414 3144 2468 ordinationibus.

1963 2501 2116 2557 CXV.
2153 2501 2222 2556 Ut
2259 2504 2499 2573 episcopi
2539 2503 2739 2572 judicio
2782 2505 3319 2574 metmpolitanorum
3343 2543 3360 2570 ,
3409 2515 3468 2561 et

1893 2607 2078 2647 eorum
2135 2595 2508 2663 episcoporum
2555 2595 2645 2662 qui
2683 2595 3029 2648 circumcirca
3077 2595 3222 2659 sint,
3271 2612 3464 2664 prove-

1892 2679 2087 2735 hantur
2142 2682 2208 2735 ad
2256 2683 2671 2738 ecclesiasticam
2714 2693 3036 2752 potestatem
3081 2686 3179 2739 :hi
3219 2688 3468 2743 videlicet

1891 2771 1984 2838 qui
2023 2771 2255 2840 plurimo
2319 2780 2560 2842 tempore
2606 2773 2901 2843 probantur
2949 2781 3059 2828 tam
3107 2776 3270 2831 verbo
3321 2777 3463 2844 lidci,

1890 2875 2050 2932 quam
2081 2871 2242 2916 rectm
2266 2863 2691 2918 conversationis
2718 2863 2987 2933 exemplo.

1960 2973 2167 3026 Iudicio
2189 2972 2529 3026 multitudinis
2550 2973 2904 3027 ordinationes
2925 2974 3039 3043 ﬁeri
3063 2990 3163 3028 non
3189 2975 3388 3029 debere.

1961 3061 2142 3117 CXVI.
2174 3062 2327 3129 Quod
2367 3080 2473 3118 non
2504 3065 2573 3119 sit
2599 3066 3013 3134 permittendqu
3046 3069 3214 3123 turbis
3242 3072 3460 3126 electio-

1894 3167 1988 3206 nes
2016 3167 2200 3206 eorum
2231 3153 2410 3208 facere
2435 3192 2449 3217 ,
2491 3156 2580 3223 qui
2611 3166 2735 3209 sunt
2779 3159 2846 3210 ad
2875 3159 3232 3212 sacerdotium
3264 3177 3465 3230 prove-

1819 3193 1862 3256 ε
1893 3193 2075 3295 Βξῖιιῆἶ

1890 3349 1974 3403 Ad
2002 3349 2134 3405 alias
2163 3354 2432 3423 parochias
2459 3355 2704 3426 eulogias,
2737 3375 2848 3428 qua:
2875 3357 3061 3414 oblata:
3088 3372 3225 3425 sunt,
3257 3365 3465 3418 minime

2501 3429 2854 3481 destinandas.

1961 3509 2162 3566 CXVII.
2196 3511 2347 3579 Quod
2378 3525 2562 3570 sancta
2609 3519 2755 3572 nullo
2801 3519 2981 3582 modo,
3032 3535 3191 3573 causa
3221 3521 3462 3589 eulogia-

1893 3616 2035 3668 rum,
2066 3610 2308 3672 tempore
2339 3605 2610 3661 Paschalis
2642 3608 2780 3672 festi,
2813 3615 2878 3663 ad
2907 3609 3038 3664 alias
3065 3613 3345 3681 parochias
3367 3616 3464 3668 de-

1894 3690 2058 3744 beant
2084 3692 2372 3749 destinare.

1894 3800 1975 3857 De
2001 3803 2081 3856 liis
2124 3804 2210 3874 qui
2256 3803 2472 3859 debeant
2518 3807 2572 3860 in
2623 3807 2858 3883 umbone,
2914 3810 2970 3863 id
3017 3819 3123 3878 est,
3163 3812 3214 3864 in
3245 3813 3464 3883 pulpito,

2555 3880 2796 3948 psallere.

1971 3984 2200 4042 CXVIII.
2233 3986 2387 4056 Quod
2429 4005 2536 4044 non
2565 3998 2812 4059 oporteat
2842 3991 3068 4060 amplius
3091 4032 3104 4056 ,
3150 4002 3341 4061 prmter
3369 4009 3464 4048 eos

1896 4077 1988 4145 qui
2017 4079 2334 4146 regulariter
2360 4089 2613 4134 cantores
2657 4081 2922 4146 existunt,
2956 4081 3045 4151 qui
3082 4090 3136 4136 et
3176 4082 3242 4136 de
3282 4083 3465 4137 codice

1898 4175 2118 4231 canunt,
2150 4167 2284 4222 alios
2306 4169 2356 4221 in
2381 4170 2641 4239 pulpitum
2663 4171 3043 4236 conscendere,
3073 4181 3128 4225 et
3157 4172 3208 4225 in
3237 4174 3465 4229 ecclesia

1898 4260 2150 4329 psallere.

2006 4373 2084 4427 De
2113 4375 2411 4430 lectionibus
2439 4394 2552 4449 qua:
2585 4378 2797 4431 debeant
2835 4378 3058 4432 sabbatis
3087 4380 3355 4433 recenseri.

1969 4467 2149 4523 CXIX.
2181 4469 2330 4534 Quod
2377 4471 2426 4523 in
2454 4471 2691 4526 sabbatis
2732 4472 3004 4539 evangelia
3031 4487 3148 4525 cum
3191 4473 3306 4526 aliis
3327 4471 3466 4526 Scri-

1821 4553 1870 4612 D
1897 4557 2068 4625 pturis
2098 4558 2199 4625 legi
2224 4561 2527 4612 conveniat.

1901 4670 2052 4735 Quod
2098 4673 2428 4726 interstitium
2459 4673 2774 4813 psalznort’tym
2799 4673 2994 4756 .debeat
3027 4675 3080 4728 in
3109 4677 3468 4748 congregatio-

2523 4759 2574 4794 ni
2613 4760 2671 4795 us
2737 4761 2832 4798 ert.

2523 4759 2671 4795 nwus
2697 4759 2832 4798 neri.

1968 4829 2129 4884 CXX.
2188 4829 2339 4897 Quod
2405 4832 2456 4886 in
2511 4843 2774 4887 conventu
2834 4835 3065 4890 fidelium
3130 4853 3468 4908 nequaquam

1901 4919 2133 4989 psalmos
2160 4921 2470 4976 continuare
2499 4923 2784 4976 conveniat
2817 4941 2829 4976 :
2863 4925 2955 4978 scd
2981 4941 3075 4994 per
3104 4926 3472 4994 intervallum,

1898 5009 1950 5062 id
1991 5016 2092 5072 est,
2120 5025 2217 5078 per
2245 5011 2478 5080 psalmos
2523 5013 2760 5082 singulos
2803 5015 3072 5070 recenseri
3126 5016 3354 5073 debeant
3392 5018 3473 5074 Ie-

1893 5098 2117 5153 ctiones.

2099 5205 2173 5261 De
2199 5210 2430 5278 precibus
2460 5228 2597 5266 nona
2621 5223 2670 5265 et
2692 5230 2900 5283 vespera
2927 5215 3264 5269 celebrandis.

1964 5297 2145 5354 CXXI.
2180 5299 2332 5367 Quod
2382 5302 2553 5371 ipsum
2584 5318 2795 5374 semper
2823 5305 3057 5361 officium
3108 5322 3321 5376 precum
3369 5321 3473 5361 no-

1896 5399 1963 5442 na
1989 5397 2042 5443 et
2067 5403 2286 5457 vespera
2318 5405 2528 5461 semper
2559 5391 2752 5447 debeat
2780 5395 3040 5449 exhiberi.

1893 5498 1972 5554 De
1998 5501 2229 5576 precibus
2257 5513 2370 5576 post
2395 5503 2650 5568 homilias,
2680 5507 2735 5559 id
2757 5516 2853 5569 est,
2889 5517 3000 5576 post
3031 5522 3286 5559 sermones
3323 5506 3472 5560 habi-

1966 5581 2041 5624 tos
2072 5571 2442 5650 adOpopulum,
2487 5576 2810 5654 proferendis
2837 5616 2850 5638 ,
2879 5571 2945 5654 _et
2978 5576 3041 5627 de
3068 5577 3148 5627 his
3173 5591 3300 5644 quos
3327 5579 3476 5630 intra

1964 5647 2249 5694 sacrarium
2275 5647 2647 5696 communicare
2675 5647 2947 5697 conveniat

1966 5725 2174 5782 CXXII.
2205 5729 2358 5794 Quod
2386 5739 2636 5802 Oporteat
2675 5747 2917 5789 seorsum
2944 5732 3197 5803 primum,
3237 5743 3363 5810 post
3395 5733 3473 5788 aI-
