3970 6338
465 366 558 423 167

1740 356 2095 415 DIONYSIUS
2136 355 2457 414 EXIGUUS.

3636 333 3743 393 168

461 474 757 529 locutiones
794 487 1167 543 episcoporum
1195 513 1211 539 ,
1262 472 1563 527 orationem
1605 486 1771 540 super
1796 471 2041 526 catechu-
2070 478 2114 532 Α
2144 478 2202 524 et
2248 470 2406 524 otiari
2456 470 2509 524 in
2551 470 2796 537 sabbato,
2827 469 2921 526 sed
2955 484 3169 540 operari
3191 484 3286 526 eos
3313 474 3367 527 in
3396 471 3588 529 eodem
3614 469 3706 527 die

459 580 650 622 menos
678 564 931 620 celebrari
965 582 977 617 :
1022 572 1077 618 et
1104 572 1391 634 postquam
1437 561 1809 617 catechumeni
1839 561 2040 630 egressi

460 655 675 718 fuerint,
708 670 868 723 super
894 669 1021 721 eos,
1070 654 1161 724 qui
1191 661 1319 708 sunt
1360 653 1411 706 in
1457 653 1789 721 lmnitcntia,
1824 666 2038 720 precem

464 746 600 801 ﬁeri.
642 744 734 800 His
763 745 926 798 etiam
956 743 1333 799 accedentibus
1377 742 1443 797 ad
1476 757 1690 797 manum
1720 740 2037 806 sacerdotis,

462 846 517 893 et
552 835 976 899 discedentibus,
1025 842 1138 888 tres
1186 834 1460 887 orationes
1509 828 1869 886 consummari
1908 826 2043 880 Iide-

465 926 593 980 lium
624 943 638 979 :
664 926 735 979 ita
765 933 824 979 ut
853 924 1022 993 prima
1047 923 1263 993 quidem
1296 923 1393 977 sub
1419 921 1655 987 silentio,
1686 919 1919 975 secunda
1950 932 2040 972 ve.

466 1028 527 1069 ro
553 1022 609 1068 et
639 1014 794 1067 tertia
818 1027 912 1082 per
940 1012 1363 1067 exclamationes
1404 1011 1594 1067 solitas
1623 1010 1960 1079 expleantur,
1987 1015 2041 1061 et

466 1105 540 1159 ita
575 1104 790 1160 demum
830 1119 1016 1174 pacem
1054 1104 1153 1157 sibi
1192 1104 1417 1157 invicem
1459 1102 1684 1156 dabunt.
1729 1101 1795 1155 Et
1826 1106 2043 1170 postea-

466 1212 628 1267 quam
669 1197 877 1251 dederit
918 1197 1205 1265 episcopus
1242 1196 1570 1267 presbyteris
1598 1194 1840 1250 osculum
1869 1192 2041 1262 pacis,

466 1296 597 1344 tunc
625 1288 746 1343 laici
785 1287 886 1343 sibi
932 1287 1189 1341 tribuent.
1230 1285 1296 1340 Et
1342 1287 1413 1340 ita
1456 1293 1642 1341 sancta
1686 1283 2044 1340 celebrabitur
2110 1302 2117 1307 ο

468 1380 689 1435 oblatio.
723 1378 862 1433 Solis
904 1385 1085 1433 autem
1114 1378 1413 1432 ministerio
1442 1392 1597 1432 sacro
1623 1375 1818 1431 deditis
1857 1374 1926 1429 ad
1965 1373 2046 1427 al-

468 1478 583 1525 tare
612 1470 835 1539 ingredi,
862 1477 919 1524 et
943 1469 1341 1524 communicare
1363 1467 1561 1523 ibidem
1590 1466 1769 1521 liceat.

538 1580 617 1635 De
637 1582 827 1636 honore
853 1597 999 1652 quem
1027 1578 1333 1652 presbyteris
1360 1577 1590 1652 diaconi,
1619 1577 1704 1649 qui
1728 1577 1820 1631 sub
1845 1570 1973 1646 ipsis

926 1658 1044 1703 sunt
1061 1691 1076 1716 ,
1108 1649 1291 1703 debent
1320 1649 1581 1701 exhibere.

541 1740 767 1798 CXXIII.
792 1739 944 1806 Quod
970 1756 1074 1794 non
1106 1746 1356 1809 oporteat
1376 1738 1663 1793 diaconum
1683 1750 1866 1792 coram
1894 1748 2048 1804 pres-

472 1816 663 1903 bytero
692 1831 907 1893 sedere,
958 1830 1053 1885 sed
1089 1829 1330 1898 jussione
1370 1829 1671 1899 presbyteri
1714 1826 1914 1881 sedeat.
1960 1823 2045 1878 Si-
2075 1825 2123 1884 B

474 1921 671 1975 militer
699 1928 878 1973 autem
908 1927 963 1973 et
990 1919 1228 1972 diaconis
1272 1920 1447 1973 honor
1471 1918 1735 1972 habeatur
1773 1916 1841 1970 ab
1881 1915 2041 1969 obse-

478 2011 782 2080 quentibus,
817 2010 869 2063 id
898 2016 979 2063 est
1007 2008 1353 2064 subdiaconis
1381 2016 1436 2063 et
1463 2008 1708 2064 omnibus
1729 2006 1979 2062 clericis.‘

478 2119 629 2185 Quod
654 2120 959 2173 subdiaconi
989 2136 1021 2173 a
1048 2120 1340 2187 diaconico,
1371 2118 1427 2172 id
1452 2126 1529 2172 est
1560 2133 1593 2170 a
1614 2117 1914 2181 secretario,
1948 2114 2052 2168 sint

1160 2212 1362 2265 remoti.

545 2301 776 2357 CXXIV.
818 2301 971 2369 Quod
1017 2318 1123 2356 non
1174 2309 1425 2371 oporteat
1465 2300 1823 2357 subdiaconos
1852 2298 2054 2353 habere

476 2399 652 2453 locum
682 2398 735 2451 in
760 2396 1061 2464 diaconico,
1094 2404 1148 2449 et
1174 2395 1441 2449 dominica
1462 2409 1589 2447 vasa
1614 2392 1948 2448 continuere.

585 2508 938 2562 Subdiaconos
970 2523 1084 2560 cum
1111 2509 1297 2561 orariis
1340 2507 1584 2559 assistere
1612 2520 1714 2557 non
1741 2503 1944 2556 debere.

550 2598 756 2653 CXXV.
789 2597 945 2664 Quod
975 2614 1083 2652 non
1129 2605 1377 2666 oporteat
1405 2596 1788 2651 subdiaconum
1826 2593 1903 2647 uti
1927 2605 2024 2646 ora

482 2690 583 2754 rio,
607 2704 712 2745 nec
737 2689 873 2743 ostia
903 2687 1293 2756 derelinquere.

485 2800 724 2857 Lectores
749 2811 1082 2873 cantoresque
1110 2817 1224 2854 cum
1252 2800 1441 2873 orariis
1472 2814 1623 2871 agere
1654 2814 1801 2852 suum
1834 2797 2058 2868 ofﬁcium

1106 2888 1210 2925 non
1230 2869 1429 2923 debere.

555 2960 785 3015 CXXVI.
818 2960 973 3027 Quod
1018 2975 1123 3015 non
1150 2968 1402 3029 oporteat
1436 2959 1667 3013 lectores
1694 2965 1785 3013 aut
1812 2964 2062 3013 cantores

489 3054 677 3108 orariis
704 3053 801 3117 uti,
826 3060 882 3107 et
904 3053 979 3106 ita
1008 3052 1188 3120 legere
1214 3051 1298 3105 vel
1329 3051 1575 3121 psallere.

490 3162 638 3228 Quod
688 3163 860 3217 nullus
918 3163 1381 3287 ecclesiast‘iigrum
1430 3164 1486 3216 in
1535 3160 1758 3217 tabernis

1275 3242 1375 3285 eat.

1275 3242 1375 3285 eat.

560 3322 805 3379 CXXVII.
847 3322 999 3389 Quod
1030 3337 1135 3376 non
1167 3328 1417 3389 oporteat
1454 3335 1609 3375 sacro
1637 3318 1933 3375 ministerio
1973 3319 2070 3375 de-

490 3414 630 3469 ditos
673 3429 704 3467 a
744 3413 1070 3484 presbyteris
1096 3426 1264 3481 usque
1295 3410 1360 3465 ad
1388 3410 1665 3475 diaconos,
1699 3418 1755 3466 et
1801 3410 2067 3479 reliquum

490 3504 911 3559 ecclesiasticum
940 3502 1182 3557 ordinem
1208 3541 1225 3565 ,
1272 3500 1326 3554 id
1355 3508 1438 3554 est
1478 3514 1647 3569 usque
1676 3499 1743 3553 ad
1783 3499 2071 3554 subdiaco-

490 3610 607 3660 uos,
639 3594 887 3658 lectores,
919 3600 1189 3657 cantores,
1210 3591 1509 3647 exorcistas
1533 3599 1588 3647 et
1609 3591 1876 3655 ostiarios,
1917 3598 1973 3645 et
1999 3604 2070 3646 ex

492 3699 715 3741 numero
744 3683 1133 3738 continentium
1182 3691 1239 3737 et
1264 3682 1654 3738 monachorum
1683 3723 1701 3751 ,
1739 3680 1947 3751 ingredi
1988 3689 2071 3736 ta-

494 3775 709 3831 bernas.

496 3890 647 3958 Quod
672 3890 968 3945 subdiaconi
1015 3905 1118 3944 non
1149 3888 1367 3949 debeant
1418 3888 1734 3955 benedicere,
1790 3889 1868 3942 vel
1921 3886 2073 3942 bene-

1009 3961 1281 4013 dictionem
1312 3957 1550 4012 tribuere.

562 4049 837 4105 CXXVIII.
868 4048 1023 4115 Quod
1061 4062 1168 4102 non
1199 4054 1447 4116 oporteat
1471 4045 1830 4103 subdiaconos
1868 4059 2065 4116 panem

498 4139 647 4204 dare,
678 4131 765 4193 vel
795 4138 1018 4193 calicem
1045 4136 1387 4191 benedicere.

576 4250 656 4329 De
678 4252 944 4305 exorcistis
969 4251 1054 4321 qui
1082 4266 1186 4305 non
1212 4259 1330 4304 sunt
1362 4247 1713 4319 ab.episcopis
1741 4249 1990 4303 ordinati.

568 4334 799 4399 CXXIX.
840 4340 994 4408 Quod
1024 4342 1075 4400 hi
1117 4341 1206 4411 qui
1236 4356 1342 4395 non
1373 4347 1497 4394 sunt
1525 4340 1593 4393 ab
1618 4339 1886 4410 episcopis
1936 4338 2074 4393 ordi-

497 4434 628 4498 nati,
654 4441 760 4486 tam
793 4432 843 4485 in
873 4430 1135 4493 ccclesiis,
1169 4444 1327 4499 quam
1362 4429 1414 4482 in
1464 4427 1732 4492 domibus,
1763 4427 2071 4482 exorcizare

496 4542 605 4582 non
634 4524 862 4595 possint.

497 4630 647 4697 Quod
668 4632 732 4685 de
752 4630 992 4685 conviviis
1022 4645 1135 4701 qua:
1173 4645 1237 4682 ea:
1267 4645 1431 4701 agape
1459 4630 1610 4698 ﬁunt,
1641 4646 1871 4685 escarum
1895 4638 2064 4701 partes

997 4699 1159 4767 accipi
1191 4715 1293 4752 non
1324 4699 1557 4753 debeant.

563 4786 773 4844 CXXX.
801 4787 954 4854 Quod
985 4805 1091 4842 non
1119 4797 1369 4859 oporteat
1396 4804 1549 4843 sacro
1578 4789 1876 4845 ministerio
1916 4788 2067 4844 dedi-

498 4887 583 4934 tos
618 4879 841 4933 clericos
885 4886 976 4931 aut
1014 4879 1180 4933 laicos
1214 4880 1281 4933 ad
1331 4894 1555 4949 agapem
1578 4890 1801 4936 vocatos
1826 4881 2065 4936 ciborum

498 4976 679 5038 partes
722 4968 991 5036 accipere,
1036 4978 1322 5037 propterea
1372 4970 1516 5038 quod
1545 4969 1669 5026 hinc
1695 4969 2065 5026 ecclesiastico

499 5056 671 5113 ordini
698 5056 787 5109 ﬁat
818 5056 1034 5126 injuria.

736 5171 801 5225 In
829 5171 1053 5226 ecclesiis
1088 5171 1308 5241 prandia
1343 5172 1458 5241 ﬁeri
1488 5190 1589 5227 non
1619 5174 1826 5229 debere.

566 5258 799 5316 CXXXI.
824 5259 976 5325 Quod
998 5276 1103 5315 non
1125 5269 1373 5330 oporteat
1398 5261 1449 5315 in
1472 5261 1757 5319 domiciliis
1779 5265 1991 5332 divinis,
2016 5267 2069 5322 id

498 5359 581 5409 est
609 5354 661 5406 in
692 5350 951 5415 ecclesiis,
978 5351 1219 5405 convivia
1241 5366 1359 5419 qua:
1381 5361 1643 5407 vocantur
1667 5370 1871 5423 agapre,
1905 5354 2019 5412 fieri
2046 5377 2059 5411 :

498 5460 597 5500 nec
624 5445 763 5498 intra
792 5441 1007 5495 domum
1038 5442 1131 5496 Dei
1158 5441 1462 5511 comedere,
1494 5444 1578 5499 vel
1620 5446 1901 5502 accubitus
1930 5455 2069 5503 ster-

499 5553 646 5592 nere.

503 5644 574 5700 De
601 5646 1013 5718 Christiarjsqui
1032 5643 1371 5718 sabbatisare,
1399 5644 1475 5697 vel
1486 5645 1641 5713 juxta
1661 5647 1932 5718 quemdam
1957 5664 2069 5701 mo-

888 5717 1010 5768 dum
1052 5716 1346 5787 judaizare,
1378 5716 1677 5769 noscuntur.

564 5802 808 5858 CXXXII.
836 5803 990 5871 Quod
1016 5822 1123 5859 non
1148 5812 1395 5876 oporteat
1421 5802 1751 5863 Christianos
1786 5804 2067 5875 judaizare

2099 4548 2147 4607 Ι)

2145 554 2496 611 Pneferentes
2523 566 2707 613 autem
2736 559 2790 613 in
2830 558 3180 614 veneratione
3206 558 3532 614 dominicum
3561 559 3736 627 diem,

2141 649 2186 702 si
2215 663 2412 704 vacare
2443 649 2745 716 voluerint,
2792 657 2851 703 ut
2876 647 3165 704 Christiani
3194 650 3299 705 hoc
3323 648 3541 705 faciant.
3569 651 3736 718 Quod

2140 742 2187 792 si
2217 740 2413 809 reperti
2440 738 2638 793 fuerint
2662 739 2954 808 judaizare,
2989 739 3270 797 anathema
3297 740 3403 793 sint
3432 755 3461 793 a
3489 740 3733 796 Christo.

2247 848 2327 903 De
2360 849 2482 905 viris
2520 866 2635 904 cum
2668 849 2963 904 mulieribus
2987 851 3196 903 lavacra
3224 848 3616 904 celebrantibus.

2212 956 2486 1013 CXXXIII.
2519 956 2675 1023 Quod
2725 972 2833 1013 non
2888 964 3140 1024 oporteat
3166 956 3332 1011 sacris
3354 954 3545 1012 officiis
3574 956 3731 1011 dedi-

2142 1054 2227 1101 tos
2250 1055 2345 1099 aut
2367 1046 2614 1111 clericos,
2640 1055 2732 1099 aut
2772 1045 3112 1109 continentes
3160 1044 3245 1098 vel
3293 1059 3507 1098 omnem
3530 1044 3731 1099 laicum

2141 1135 2523 1201 Christianum,
2554 1136 2767 1190 lavacra
2796 1150 2920 1189 cum
2949 1133 3261 1188 mulieribus
3289 1133 3582 1200 celebrare,
3602 1134 3733 1204 quia

2143 1226 2257 1281 haec
2280 1225 2419 1295 apud
2441 1235 2629 1293 gentes
2654 1224 3003 1294 reprehensio
3024 1224 3195 1293 prima
3224 1231 3326 1277 est.

2148 1337 2225 1391 De
2247 1339 2325 1392 his
2347 1339 2432 1409 qui
2461 1353 2574 1391 cum
2612 1337 2866 1391 hwreticis
2904 1336 3129 1406 jungunt
3170 1335 3365 1407 {mdera
3401 1338 3723 1407 nuptiarum.

2214 1445 2489 1503 CXXXIV.
2522 1444 2678 1511 Quod
2726 1462 2833 1500 non
2881 1454 3131 1515 oporteat
3158 1460 3277 1500 cum
3310 1445 3576 1500 hzereticis
3603 1447 3731 1501 uni-

2145 1534 2315 1589 versis
2362 1533 2669 1602 nuptiarum
2729 1531 2931 1587 faadera
2979 1533 3276 1595 celebrare,
3310 1548 3410 1587 nec
3464 1534 3542 1588 eis
3589 1535 3738 1590 filios

2148 1622 2277 1678 dare
2308 1622 2393 1677 vel
2441 1622 2597 1686 filias,
2626 1620 2721 1676 sed
2758 1620 2929 1689 magis
2956 1621 3204 1690 accipere
3239 1638 3252 1674 :
3278 1622 3323 1675 si
3352 1629 3529 1676 tamen
3572 1620 3732 1677 Chri-

2148 1714 2352 1768 stianos
2379 1728 2437 1768 se
2461 1712 2576 1766 fieri
2598 1712 2931 1781 promittant.

2322 1821 2400 1875 Ab
2438 1822 2694 1876 hareticis
2722 1820 2953 1892 eulogias
2978 1820 3209 1891 accipere
3226 1836 3332 1874 non
3346 1819 3545 1874 debere.

2219 1930 2473 1989 CXXXV.
2512 1931 2666 1999 Quod
2688 1947 2795 1986 non
2821 1938 3071 2000 oporteat
3093 1930 3160 1984 ab
3186 1930 3461 1985 haereticis
3488 1930 3737 2000 eulogias

2150 2025 2418 2095 accipere,
2441 2038 2559 2094 quae
2584 2030 2707 2078 sunt
2735 2021 3137 2077 maledictiones
3159 2021 3337 2092 potius
3378 2034 3538 2090 quam
3566 2021 3738 2077 bene-

2151 2115 2436 2171 dictiones.

2713 2222 2794 2278 De
2817 2222 3179 2277 schismaticis.

2223 2313 2503 2372 CXXXVI.
2531 2312 2686 2382 Quod
2722 2330 2830 2369 non
2880 2322 3132 2385 oporteat
3177 2327 3301 2369 cum
3341 2313 3603 2369 haereticis
3630 2323 3729 2370 aut

2156 2405 2515 2461 schismaticis
2539 2404 2742 2475 pariter
2762 2417 2939 2458 orare.

2522 2512 2602 2567 De
2642 2510 2954 2584 martyribus
3001 2511 3375 2566 hatreticorum.

2228 2627 2526 2684 CXXXVII.
2558 2626 2711 2695 Quod
2754 2641 2969 2682 omnem
3019 2625 3381 2679 Christianum
3420 2641 3526 2679 non
3566 2641 3735 2695 opor-

2160 2729 2271 2775 teat
2289 2721 2541 2775 deserere
2568 2728 2830 2788 martyres
2854 2717 3071 2782 Christi,
3101 2724 3156 2771 et
3188 2718 3264 2771 ire
3288 2718 3353 2771 ad
3391 2716 3739 2786 pseudomar-

2160 2818 2325 2882 tyres,
2354 2809 2405 2864 id
2433 2817 2515 2864 est
2541 2809 2935 2871 licereticorum,
2969 2816 3023 2861 et
3049 2823 3184 2876 quos
3212 2808 3355 2876 ipsos
3382 2815 3592 2863 constet
3623 2809 3740 2863 hm~

2160 2898 2358 2953 retices
2384 2897 2670 2963 exstitisse,
2698 2897 2748 2949 hi
2781 2910 3012 2964 namque
3044 2903 3167 2948 sunt
3207 2896 3368 2949 alieni
3388 2910 3420 2950 a
3449 2896 3558 2951 Deo
3591 2914 3604 2949 :
3634 2897 3744 2952 sint

2162 2987 2323 3057 igitur
2345 2987 2655 3051 anathema,
2682 2986 2771 3055 qui
2797 2986 2864 3040 ad
2888 2985 3020 3039 tales
3046 2986 3392 3039 accesserint.

2577 3097 2657 3152 De
2680 3098 2757 3151 his
2788 3097 2876 3169 qui
2897 3096 3106 3168 angelos
3130 3096 3324 3150 colunt.

1803 3161 2064 3219 comede"
2092 3189 2140 3254 (ἶ
2241 3208 2563 3266 CXXXVIII.
2597 3208 2751 3276 Quod
2794 3224 2901 3263 non
2928 3216 3177 3278 oporteat
3201 3207 3532 3263 Christianos
3558 3207 3743 3266 Eccle-

2170 3305 2303 3361 siam
2334 3304 2425 3358 Dei
2452 3303 2778 3370 relinquere,
2813 3309 2868 3354 et
2890 3301 2986 3365 ire,
3018 3310 3181 3369 atque
3202 3300 3419 3368 angelos
3444 3301 3756 3365 nominare,

2170 3407 2224 3452 et
2250 3394 2693 3464 congregationes
2720 3392 2899 3447 facere
2931 3409 2945 3445 :
2977 3406 3096 3461 qua:
3124 3392 3405 3447 interdicta
3431 3402 3745 3448 noscuntur.

2169 3487 2227 3543 Si
2252 3491 2372 3556 quis
2392 3485 2817 3554 igitursinventus
2844 3483 3002 3537 fuerit
3026 3482 3148 3537 huic
3180 3483 3404 3538 occulta:
3430 3481 3749 3544 idololatria

2169 3577 2429 3642 serviens,
2459 3575 2529 3631 sit
2574 3576 2882 3639 anathema,
2918 3574 3044 3642 quia
3088 3573 3410 3641 derelinquit
3462 3573 3748 3635 Dominum

2172 3676 2413 3722 nostrum
2442 3665 2626 3722 Iesum
2652 3663 2945 3730 Christum,
2971 3662 3163 3718 Filium
3202 3663 3317 3730 Dei,
3349 3672 3406 3721 et
3429 3679 3488 3720 se
3516 3664 3749 3721 idolola-

2170 3759 2286 3825 tria:
2315 3756 2549 3812 tradidit.

2205 3866 2286 3922 De
2316 3867 2394 3921 his
2434 3868 2519 3939 qui
2549 3865 2995 3920 incantationibus
3035 3873 3080 3922 et
3117 3865 3450 3937 phylacteriis
3476 3874 3711 3925 utuntur.

2240 3978 2519 4034 CXXXIX.
2538 3978 2689 4045 Quod
2712 3994 2819 4034 non
2842 3986 3091 4047 oporteat
3111 3978 3277 4034 sacris
3302 3977 3492 4034 olliciis
3512 3979 3745 4046 deditos,

2170 4069 2255 4123 vel
2284 4069 2527 4135 clericos,
2559 4082 2743 4137 magos
2771 4078 2863 4123 aut
2891 4070 3253 4125 incantatores
3281 4068 3528 4134 existere,
3557 4078 3649 4125 aut
3668 4069 3755 4127 fa.-

2172 4174 2296 4215 cere
2326 4158 2653 4230 phylacteria
2703 4176 2716 4212 :
2763 4174 2882 4227 quae
2926 4160 3223 4213 animarum
3268 4174 3485 4214 suarum
3534 4160 3748 4217 vinculo

2171 4252 2607 4321 comprobantur.
2634 4249 2742 4305 Eos
2779 4259 2959 4304 autem
3001 4250 3093 4319 qui
3131 4250 3214 4305 his
3260 4258 3499 4315 utuntur,
3539 4250 3605 4305 ab
3634 4249 3751 4306 Ec—

2172 4343 2333 4398 clesia
2362 4342 2485 4413 pelli
2514 4341 2870 4412 prtecipimus.

2173 4452 2252 4508 De
2276 4454 2356 4508 his
2384 4454 2469 4525 qui
2503 4452 2567 4506 ab
2598 4452 2874 4525 ha'reticis,
2900 4453 2979 4505 vel
3004 4450 3223 4525 ludan’s,
3251 4452 3545 4525 festivitatis
3572 4471 3755 4511 eorum

2740 4522 2877 4577 dona
2898 4523 3202 4590 suscipiunt.

2241 4634 2395 4690 CXL.
2420 4632 2575 4701 Quod
2602 4649 2713 4688 non
2739 4640 2995 4703 oporteat
3041 4645 3072 4684 a
3116 4629 3312 4686 Iudaeis
3358 4631 3441 4686 vel
3483 4631 3753 4690 hzereticis

2172 4739 2237 4779 ea
2264 4739 2381 4792 qute
2407 4724 2691 4777 mittuntur
2716 4736 2940 4777 munera
2971 4720 3159 4776 festiva
3185 4721 3477 4792 suscipere,
3500 4738 3599 4778 nec
3622 4738 3751 4778 cum

2172 4815 2251 4871 eis
2280 4813 2412 4868 festa
2442 4814 2736 4869 celebrare.

2242 4924 2322 4978 De
2351 4921 2658 4978 Christianis
2702 4921 2787 4995 qui
2828 4920 3127 4976 Judworum
3156 4938 3340 4991 azyma
3375 4921 3671 4977 comedunt.

2242 5014 2419 5072 CXLI.
2450 5015 2603 5082 Quod
2633 5030 2740 5070 non
2767 5019 3017 5083 oporteat
3050 5026 3240 5082 azyma
3286 5026 3318 5065 a
3366 5010 3564 5067 Judzeis
3601 5013 3751 5069 acci-

2172 5122 2322 5176 pere,
2345 5116 2398 5162 et
2423 5104 2820 5161 communicare
2842 5102 3203 5172 impietatibus
3227 5116 3433 5155 eorum.

2306 5215 2384 5270 De
2412 5214 2717 5270 Christianis
2734 5212 3119 5291 celebrantibus
3142 5215 3273 5285 festa
3310 5215 3596 5285 gentilium.

2240 5325 2441 5381 CXLII.
2472 5324 2625 5392 Quod
2653 5340 2762 5380 non
2802 5334 3054 5395 oporteat
3098 5340 3217 5379 cum
3268 5326 3559 5392 gentilibus
3603 5326 3745 5384 festa

2167 5418 2463 5486 celebrare,
2492 5426 2547 5472 et
2589 5417 2986 5472 communicare
3031 5416 3388 5485 pravitatibus
3417 5434 3605 5475 eorum
3650 5420 3749 5491 qui

2168 5512 2282 5567 sine
2313 5510 2423 5565 Deo
2452 5518 2594 5568 sunt.
2623 5570 2633 5579 ο

2169 5624 2247 5680 De
2274 5624 2615 5695 episcopisqui
2635 5639 2724 5677 eas
2742 5638 2856 5695 quat
2873 5623 3357 5747 fiqnt‘evocationes
3388 5623 3459 5677 ad
3484 5623 3742 5695 synodum

2862 5709 2912 5747 vi
2935 5710 3003 5747 an
3033 5732 3048 5747 .
3562 5741 3575 5747 -

2862 5709 3048 5747 υιιοηι.

2237 5806 2456 5865 CXLIII.
2485 5806 2638 5875 Quod
2667 5822 2774 5863 non
2794 5814 3041 5878 oporteat
3068 5806 3349 5879 episcopos
3384 5804 3451 5862 ad
3477 5805 3747 5878 synodum
