  <div class='ocr_page' id='page_1' title='image "/cluster/home/n/w/nwhite01/storage/ocr_20150623/67/hvd.32044073505141/092.png"; bbox 0 0 3988 6344; ppageno 0'>
   <div class='ocr_carea' id='block_1_1' title="bbox 227 259 330 312">
    <p class='ocr_par' dir='ltr' id='par_1_1' title="bbox 227 259 330 312">
     <span class='ocr_line' id='line_1_1' title="bbox 227 259 330 312; baseline -0.019 0"><span class='ocrx_word' id='word_1_1' title='bbox 227 259 330 312; x_wconf 81' lang='lat' dir='ltr'><strong>I69</strong></span> 
     </span>
    </p>
   </div>
   <div class='ocr_carea' id='block_1_2' title="bbox 1193 242 2501 309">
    <p class='ocr_par' dir='ltr' id='par_1_2' title="bbox 1193 242 2501 309">
     <span class='ocr_line' id='line_1_2' title="bbox 1193 242 2501 309; baseline -0.007 0"><span class='ocrx_word' id='word_1_2' title='bbox 1193 242 1415 309; x_wconf 73' lang='lat' dir='ltr'><strong>CODEX</strong></span> <span class='ocrx_word' id='word_1_3' title='bbox 1449 250 1773 308; x_wconf 67' lang='lat' dir='ltr'><strong>CANONUM</strong></span> <span class='ocrx_word' id='word_1_4' title='bbox 1812 247 2501 304; x_wconf 67' lang='lat' dir='ltr'><strong>ECCLESIASTICORUM.</strong></span> 
     </span>
    </p>
   </div>
   <div class='ocr_carea' id='block_1_3' title="bbox 3376 240 3480 296">
    <p class='ocr_par' dir='ltr' id='par_1_3' title="bbox 3376 240 3480 296">
     <span class='ocr_line' id='line_1_3' title="bbox 3376 240 3480 296; baseline -0.029 1"><span class='ocrx_word' id='word_1_5' title='bbox 3376 240 3480 296; x_wconf 73' lang='grc'><strong>170</strong></span> 
     </span>
    </p>
   </div>
   <div class='ocr_carea' id='block_1_4' title="bbox 222 357 3482 430">
    <p class='ocr_par' dir='ltr' id='par_1_4' title="bbox 222 357 3482 430">
     <span class='ocr_line' id='line_1_4' title="bbox 222 357 3482 430; baseline -0.002 -10"><span class='ocrx_word' id='word_1_6' title='bbox 222 375 447 422; x_wconf 82' lang='lat' dir='ltr'><strong>vocatos</strong></span> <span class='ocrx_word' id='word_1_7' title='bbox 469 379 689 421; x_wconf 78' lang='lat' dir='ltr'><strong>omnino</strong></span> <span class='ocrx_word' id='word_1_8' title='bbox 709 371 1088 430; x_wconf 74' lang='lat' dir='ltr'><strong>contemnere,</strong></span> <span class='ocrx_word' id='word_1_9' title='bbox 1117 362 1210 417; x_wconf 86' lang='lat' dir='ltr'><strong>sed</strong></span> <span class='ocrx_word' id='word_1_10' title='bbox 1235 361 1477 430; x_wconf 77' lang='lat' dir='ltr'><strong>protinus</strong></span> <span class='ocrx_word' id='word_1_11' title='bbox 1502 361 1607 424; x_wconf 88' lang='lat' dir='ltr'><strong>ire,</strong></span> <span class='ocrx_word' id='word_1_12' title='bbox 1638 369 1691 414; x_wconf 91' lang='lat' dir='ltr'><strong>et</strong></span> <span class='ocrx_word' id='word_1_13' title='bbox 1710 359 1801 413; x_wconf 83' lang='lat' dir='ltr'><strong>do—</strong></span> <span class='ocrx_word' id='word_1_14' title='bbox 1830 363 1878 421; x_wconf 80' lang='grc' dir='ltr'><strong>Α</strong></span> <span class='ocrx_word' id='word_1_15' title='bbox 1907 357 2024 413; x_wconf 80' lang='lat' dir='ltr'><strong>Non</strong></span> <span class='ocrx_word' id='word_1_16' title='bbox 2055 359 2233 412; x_wconf 54' lang='lat' dir='ltr'><strong>debere</strong></span> <span class='ocrx_word' id='word_1_17' title='bbox 2281 360 2334 412; x_wconf 86' lang='lat' dir='ltr'><strong>in</strong></span> <span class='ocrx_word' id='word_1_18' title='bbox 2384 357 2563 411; x_wconf 83' lang='lat' dir='ltr'><strong>diebus</strong></span> <span class='ocrx_word' id='word_1_19' title='bbox 2597 357 2921 430; x_wconf 72' lang='lat' dir='ltr'><strong>jejuniorum</strong></span> <span class='ocrx_word' id='word_1_20' title='bbox 2969 362 3482 415; x_wconf 61' lang='lat' dir='ltr'><strong>commemoratione</strong></span> 
     </span>
    </p>
   </div>
   <div class='ocr_carea' id='block_1_5' title="bbox 222 449 1807 521">
    <p class='ocr_par' dir='ltr' id='par_1_5' title="bbox 222 449 1807 521">
     <span class='ocr_line' id='line_1_5' title="bbox 222 449 1807 521; baseline -0.004 -13"><span class='ocrx_word' id='word_1_21' title='bbox 222 471 373 519; x_wconf 87' lang='lat' dir='ltr'><strong>cere,</strong></span> <span class='ocrx_word' id='word_1_22' title='bbox 398 455 484 509; x_wconf 83' lang='lat' dir='ltr'><strong>vel</strong></span> <span class='ocrx_word' id='word_1_23' title='bbox 531 454 740 509; x_wconf 85' lang='lat' dir='ltr'><strong>discere</strong></span> <span class='ocrx_word' id='word_1_24' title='bbox 769 468 833 507; x_wconf 90' lang='lat' dir='ltr'><strong>ea</strong></span> <span class='ocrx_word' id='word_1_25' title='bbox 873 468 992 521; x_wconf 76' lang='lat' dir='ltr'><strong>qua:</strong></span> <span class='ocrx_word' id='word_1_26' title='bbox 1026 452 1094 507; x_wconf 93' lang='lat' dir='ltr'><strong>ad</strong></span> <span class='ocrx_word' id='word_1_27' title='bbox 1127 452 1517 506; x_wconf 74' lang='lat' dir='ltr'><strong>correctionem</strong></span> <span class='ocrx_word' id='word_1_28' title='bbox 1554 449 1807 504; x_wconf 73' lang='lat' dir='ltr'><strong>Ecclesia:</strong></span> 
     </span>
    </p>
   </div>
   <div class='ocr_carea' id='block_1_6' title="bbox 223 537 1811 613">
    <p class='ocr_par' dir='ltr' id='par_1_6' title="bbox 223 537 1811 613">
     <span class='ocr_line' id='line_1_6' title="bbox 223 537 1811 613; baseline -0.006 -13"><span class='ocrx_word' id='word_1_29' title='bbox 223 547 310 600; x_wconf 77' lang='lat' dir='ltr'><strong>vel</strong></span> <span class='ocrx_word' id='word_1_30' title='bbox 342 544 668 613; x_wconf 88' lang='lat' dir='ltr'><strong>reliquarum</strong></span> <span class='ocrx_word' id='word_1_31' title='bbox 704 543 976 611; x_wconf 89' lang='lat' dir='ltr'><strong>pertinent</strong></span> <span class='ocrx_word' id='word_1_32' title='bbox 1014 557 1211 595; x_wconf 89' lang='lat' dir='ltr'><strong>rerum.</strong></span> <span class='ocrx_word' id='word_1_33' title='bbox 1254 539 1500 609; x_wconf 86' lang='lat' dir='ltr'><strong>Seipsum</strong></span> <span class='ocrx_word' id='word_1_34' title='bbox 1536 553 1686 603; x_wconf 88' lang='lat' dir='ltr'><strong>vero,</strong></span> <span class='ocrx_word' id='word_1_35' title='bbox 1718 537 1811 605; x_wconf 88' lang='lat' dir='ltr'><strong>qui</strong></span> 
     </span>
    </p>
   </div>
   <div class='ocr_carea' id='block_1_7' title="bbox 226 627 1811 705">
    <p class='ocr_par' dir='ltr' id='par_1_7' title="bbox 226 627 1811 705">
     <span class='ocr_line' id='line_1_7' title="bbox 226 627 1811 705; baseline -0.009 -12"><span class='ocrx_word' id='word_1_36' title='bbox 226 635 638 705; x_wconf 83' lang='lat' dir='ltr'><strong>contempserit,</strong></span> <span class='ocrx_word' id='word_1_37' title='bbox 665 632 965 699; x_wconf 85' lang='lat' dir='ltr'><strong>accusabit,</strong></span> <span class='ocrx_word' id='word_1_38' title='bbox 999 631 1100 686; x_wconf 85' lang='lat' dir='ltr'><strong>nisi</strong></span> <span class='ocrx_word' id='word_1_39' title='bbox 1130 631 1267 686; x_wconf 83' lang='lat' dir='ltr'><strong>forte</strong></span> <span class='ocrx_word' id='word_1_40' title='bbox 1310 644 1407 699; x_wconf 89' lang='lat' dir='ltr'><strong>per</strong></span> <span class='ocrx_word' id='word_1_41' title='bbox 1441 627 1811 697; x_wconf 80' lang='lat' dir='ltr'><strong>:cgritudinem</strong></span> 
     </span>
    </p>
   </div>
   <div class='ocr_carea' id='block_1_8' title="bbox 229 726 648 795">
    <p class='ocr_par' dir='ltr' id='par_1_8' title="bbox 229 726 648 795">
     <span class='ocr_line' id='line_1_8' title="bbox 229 726 648 795; baseline -0.014 -12"><span class='ocrx_word' id='word_1_42' title='bbox 229 730 307 783; x_wconf 83' lang='lat' dir='ltr'><strong>ire</strong></span> <span class='ocrx_word' id='word_1_43' title='bbox 326 744 433 782; x_wconf 86' lang='lat' dir='ltr'><strong>non</strong></span> <span class='ocrx_word' id='word_1_44' title='bbox 457 726 648 795; x_wconf 86' lang='lat' dir='ltr'><strong>possit.</strong></span> 
     </span>
    </p>
   </div>
   <div class='ocr_carea' id='block_1_9' title="bbox 231 807 1814 885">
    <p class='ocr_par' dir='ltr' id='par_1_9' title="bbox 231 807 1814 885">
     <span class='ocr_line' id='line_1_9' title="bbox 231 807 1814 885; baseline -0.009 -11"><span class='ocrx_word' id='word_1_45' title='bbox 231 818 385 885; x_wconf 83' lang='lat' dir='ltr'><strong>Quod</strong></span> <span class='ocrx_word' id='word_1_46' title='bbox 430 821 542 871; x_wconf 86' lang='lat' dir='ltr'><strong>sine</strong></span> <span class='ocrx_word' id='word_1_47' title='bbox 591 817 777 870; x_wconf 78' lang='lat' dir='ltr'><strong>litteris</strong></span> <span class='ocrx_word' id='word_1_48' title='bbox 816 830 967 868; x_wconf 87' lang='lat' dir='ltr'><strong>sacro</strong></span> <span class='ocrx_word' id='word_1_49' title='bbox 1014 813 1299 885; x_wconf 87' lang='lat' dir='ltr'><strong>ministerio</strong></span> <span class='ocrx_word' id='word_1_50' title='bbox 1338 813 1612 865; x_wconf 88' lang='lat' dir='ltr'><strong>servientes</strong></span> <span class='ocrx_word' id='word_1_51' title='bbox 1654 807 1814 878; x_wconf 79' lang='lat' dir='ltr'><strong>proﬁ-</strong></span> 
     </span>
    </p>
   </div>
   <div class='ocr_carea' id='block_1_10' title="bbox 759 884 1279 938">
    <p class='ocr_par' dir='ltr' id='par_1_10' title="bbox 759 884 1279 938">
     <span class='ocr_line' id='line_1_10' title="bbox 759 884 1279 938; baseline -0.004 0"><span class='ocrx_word' id='word_1_52' title='bbox 759 885 885 938; x_wconf 86' lang='lat' dir='ltr'><strong>cisci</strong></span> <span class='ocrx_word' id='word_1_53' title='bbox 912 901 1015 938; x_wconf 89' lang='lat' dir='ltr'><strong>non</strong></span> <span class='ocrx_word' id='word_1_54' title='bbox 1043 884 1279 937; x_wconf 76' lang='lat' dir='ltr'><strong>debeant.</strong></span> 
     </span>
    </p>
   </div>
   <div class='ocr_carea' id='block_1_11' title="bbox 300 968 1816 1044">
    <p class='ocr_par' dir='ltr' id='par_1_11' title="bbox 300 968 1816 1044">
     <span class='ocr_line' id='line_1_11' title="bbox 300 968 1816 1044; baseline -0.008 -11"><span class='ocrx_word' id='word_1_55' title='bbox 300 977 526 1033; x_wconf 79' lang='lat' dir='ltr'><strong>CXLIV.</strong></span> <span class='ocrx_word' id='word_1_56' title='bbox 557 975 711 1044; x_wconf 85' lang='lat' dir='ltr'><strong>Quod</strong></span> <span class='ocrx_word' id='word_1_57' title='bbox 750 991 858 1030; x_wconf 92' lang='lat' dir='ltr'><strong>non</strong></span> <span class='ocrx_word' id='word_1_58' title='bbox 893 981 1142 1044; x_wconf 84' lang='lat' dir='ltr'><strong>oporteat</strong></span> <span class='ocrx_word' id='word_1_59' title='bbox 1160 971 1517 1037; x_wconf 86' lang='lat' dir='ltr'><strong>sacerdotem,</strong></span> <span class='ocrx_word' id='word_1_60' title='bbox 1544 969 1628 1025; x_wconf 86' lang='lat' dir='ltr'><strong>vel</strong></span> <span class='ocrx_word' id='word_1_61' title='bbox 1654 968 1816 1026; x_wconf 89' lang='lat' dir='ltr'><strong>cleri-</strong></span> 
     </span>
    </p>
   </div>
   <div class='ocr_carea' id='block_1_12' title="bbox 233 1063 1359 1140">
    <p class='ocr_par' dir='ltr' id='par_1_12' title="bbox 233 1063 1359 1140">
     <span class='ocr_line' id='line_1_12' title="bbox 233 1063 1359 1140; baseline -0.01 -15"><span class='ocrx_word' id='word_1_62' title='bbox 233 1086 384 1135; x_wconf 90' lang='lat' dir='ltr'><strong>cum,</strong></span> <span class='ocrx_word' id='word_1_63' title='bbox 412 1070 528 1123; x_wconf 89' lang='lat' dir='ltr'><strong>sine</strong></span> <span class='ocrx_word' id='word_1_64' title='bbox 550 1066 748 1121; x_wconf 88' lang='lat' dir='ltr'><strong>litteris</strong></span> <span class='ocrx_word' id='word_1_65' title='bbox 777 1065 1042 1135; x_wconf 88' lang='lat' dir='ltr'><strong>prolieisci</strong></span> <span class='ocrx_word' id='word_1_66' title='bbox 1070 1063 1359 1140; x_wconf 82' lang='lat' dir='ltr'><strong>canonicis.</strong></span> 
     </span>
    </p>
   </div>
   <div class='ocr_carea' id='block_1_13' title="bbox 235 1153 1813 1228">
    <p class='ocr_par' dir='ltr' id='par_1_13' title="bbox 235 1153 1813 1228">
     <span class='ocr_line' id='line_1_13' title="bbox 235 1153 1813 1228; baseline -0.005 -16"><span class='ocrx_word' id='word_1_67' title='bbox 235 1158 391 1224; x_wconf 81' lang='lat' dir='ltr'><strong>Quod</strong></span> <span class='ocrx_word' id='word_1_68' title='bbox 419 1167 605 1228; x_wconf 67' lang='lat' dir='ltr'><strong>pra’ter</strong></span> <span class='ocrx_word' id='word_1_69' title='bbox 633 1159 924 1226; x_wconf 73' lang='lat' dir='ltr'><strong>episcopum</strong></span> <span class='ocrx_word' id='word_1_70' title='bbox 961 1155 1176 1208; x_wconf 74' lang='lat' dir='ltr'><strong>clericus</strong></span> <span class='ocrx_word' id='word_1_71' title='bbox 1200 1154 1458 1224; x_wconf 79' lang='lat' dir='ltr'><strong>proﬁcisci</strong></span> <span class='ocrx_word' id='word_1_72' title='bbox 1483 1169 1586 1206; x_wconf 90' lang='lat' dir='ltr'><strong>non</strong></span> <span class='ocrx_word' id='word_1_73' title='bbox 1612 1153 1813 1206; x_wconf 86' lang='lat' dir='ltr'><strong>debeat.</strong></span> 
     </span>
    </p>
   </div>
   <div class='ocr_carea' id='block_1_14' title="bbox 306 1242 1821 1314">
    <p class='ocr_par' dir='ltr' id='par_1_14' title="bbox 306 1242 1821 1314">
     <span class='ocr_line' id='line_1_14' title="bbox 306 1242 1821 1314; baseline -0.004 -14"><span class='ocrx_word' id='word_1_74' title='bbox 306 1246 516 1300; x_wconf 76' lang='lat' dir='ltr'><strong>CXLV.</strong></span> <span class='ocrx_word' id='word_1_75' title='bbox 548 1245 703 1311; x_wconf 84' lang='lat' dir='ltr'><strong>Quod</strong></span> <span class='ocrx_word' id='word_1_76' title='bbox 744 1260 849 1300; x_wconf 91' lang='lat' dir='ltr'><strong>non</strong></span> <span class='ocrx_word' id='word_1_77' title='bbox 887 1251 1138 1314; x_wconf 85' lang='lat' dir='ltr'><strong>oporteat</strong></span> <span class='ocrx_word' id='word_1_78' title='bbox 1165 1244 1524 1310; x_wconf 84' lang='lat' dir='ltr'><strong>sacerdotem,</strong></span> <span class='ocrx_word' id='word_1_79' title='bbox 1545 1243 1632 1296; x_wconf 93' lang='lat' dir='ltr'><strong>vel</strong></span> <span class='ocrx_word' id='word_1_80' title='bbox 1662 1242 1821 1297; x_wconf 83' lang='lat' dir='ltr'><strong>cleri-</strong></span> 
     </span>
    </p>
   </div>
   <div class='ocr_carea' id='block_1_15' title="bbox 236 1333 1638 1406">
    <p class='ocr_par' dir='ltr' id='par_1_15' title="bbox 236 1333 1638 1406">
     <span class='ocr_line' id='line_1_15' title="bbox 236 1333 1638 1406; baseline -0.004 -13"><span class='ocrx_word' id='word_1_81' title='bbox 236 1353 383 1405; x_wconf 87' lang='lat' dir='ltr'><strong>cum,</strong></span> <span class='ocrx_word' id='word_1_82' title='bbox 411 1347 608 1406; x_wconf 71' lang='lat' dir='ltr'><strong>praeter</strong></span> <span class='ocrx_word' id='word_1_83' title='bbox 632 1337 925 1404; x_wconf 90' lang='lat' dir='ltr'><strong>jussionem</strong></span> <span class='ocrx_word' id='word_1_84' title='bbox 950 1335 1032 1389; x_wconf 91' lang='lat' dir='ltr'><strong>sui</strong></span> <span class='ocrx_word' id='word_1_85' title='bbox 1060 1333 1323 1404; x_wconf 85' lang='lat' dir='ltr'><strong>proﬁcisci</strong></span> <span class='ocrx_word' id='word_1_86' title='bbox 1352 1334 1638 1404; x_wconf 88' lang='lat' dir='ltr'><strong>pontilicis.</strong></span> 
     </span>
    </p>
   </div>
   <div class='ocr_carea' id='block_1_16' title="bbox 523 1426 1539 1496">
    <p class='ocr_par' dir='ltr' id='par_1_16' title="bbox 523 1426 1539 1496">
     <span class='ocr_line' id='line_1_16' title="bbox 523 1426 1539 1496; baseline -0.002 -15"><span class='ocrx_word' id='word_1_87' title='bbox 523 1426 593 1481; x_wconf 89' lang='lat' dir='ltr'><strong>Ut</strong></span> <span class='ocrx_word' id='word_1_88' title='bbox 617 1427 920 1481; x_wconf 84' lang='lat' dir='ltr'><strong>subdiaconi</strong></span> <span class='ocrx_word' id='word_1_89' title='bbox 941 1426 1009 1478; x_wconf 91' lang='lat' dir='ltr'><strong>ad</strong></span> <span class='ocrx_word' id='word_1_90' title='bbox 1039 1428 1173 1480; x_wconf 87' lang='lat' dir='ltr'><strong>ostia</strong></span> <span class='ocrx_word' id='word_1_91' title='bbox 1201 1434 1539 1496; x_wconf 83' lang='lat' dir='ltr'><strong>perseverent.</strong></span> 
     </span>
    </p>
   </div>
   <div class='ocr_carea' id='block_1_17' title="bbox 307 1516 1820 1585">
    <p class='ocr_par' dir='ltr' id='par_1_17' title="bbox 307 1516 1820 1585">
     <span class='ocr_line' id='line_1_17' title="bbox 307 1516 1820 1585; baseline 0.001 -15"><span class='ocrx_word' id='word_1_92' title='bbox 307 1516 540 1571; x_wconf 74' lang='lat' dir='ltr'><strong>CXLVI.</strong></span> <span class='ocrx_word' id='word_1_93' title='bbox 571 1516 728 1583; x_wconf 86' lang='lat' dir='ltr'><strong>Quod</strong></span> <span class='ocrx_word' id='word_1_94' title='bbox 779 1532 890 1571; x_wconf 89' lang='lat' dir='ltr'><strong>non</strong></span> <span class='ocrx_word' id='word_1_95' title='bbox 939 1525 1191 1585; x_wconf 87' lang='lat' dir='ltr'><strong>oporteat</strong></span> <span class='ocrx_word' id='word_1_96' title='bbox 1223 1517 1599 1581; x_wconf 88' lang='lat' dir='ltr'><strong>subdiaconos,</strong></span> <span class='ocrx_word' id='word_1_97' title='bbox 1631 1517 1820 1572; x_wconf 82' lang='lat' dir='ltr'><strong>saltem</strong></span> 
     </span>
    </p>
   </div>
   <div class='ocr_carea' id='block_1_18' title="bbox 241 1606 1641 1679">
    <p class='ocr_par' dir='ltr' id='par_1_18' title="bbox 241 1606 1641 1679">
     <span class='ocr_line' id='line_1_18' title="bbox 241 1606 1641 1679; baseline -0.001 -17"><span class='ocrx_word' id='word_1_98' title='bbox 241 1608 543 1679; x_wconf 85' lang='lat' dir='ltr'><strong>paululum,</strong></span> <span class='ocrx_word' id='word_1_99' title='bbox 571 1608 771 1676; x_wconf 90' lang='lat' dir='ltr'><strong>januas</strong></span> <span class='ocrx_word' id='word_1_100' title='bbox 794 1606 1062 1672; x_wconf 89' lang='lat' dir='ltr'><strong>deserere,</strong></span> <span class='ocrx_word' id='word_1_101' title='bbox 1086 1614 1142 1660; x_wconf 91' lang='lat' dir='ltr'><strong>et</strong></span> <span class='ocrx_word' id='word_1_102' title='bbox 1169 1607 1400 1661; x_wconf 91' lang='lat' dir='ltr'><strong>orationi</strong></span> <span class='ocrx_word' id='word_1_103' title='bbox 1430 1621 1641 1661; x_wconf 86' lang='lat' dir='ltr'><strong>vacare.</strong></span> 
     </span>
    </p>
   </div>
   <div class='ocr_carea' id='block_1_19' title="bbox 426 1695 1645 1751">
    <p class='ocr_par' dir='ltr' id='par_1_19' title="bbox 426 1695 1645 1751">
     <span class='ocr_line' id='line_1_19' title="bbox 426 1695 1645 1751; baseline 0.002 -2"><span class='ocrx_word' id='word_1_104' title='bbox 426 1695 496 1750; x_wconf 93' lang='lat' dir='ltr'><strong>Ut</strong></span> <span class='ocrx_word' id='word_1_105' title='bbox 527 1697 596 1749; x_wconf 87' lang='lat' dir='ltr'><strong>ad</strong></span> <span class='ocrx_word' id='word_1_106' title='bbox 621 1696 908 1749; x_wconf 78' lang='lat' dir='ltr'><strong>sacrarium</strong></span> <span class='ocrx_word' id='word_1_107' title='bbox 946 1696 1183 1750; x_wconf 79' lang='lat' dir='ltr'><strong>mulieres</strong></span> <span class='ocrx_word' id='word_1_108' title='bbox 1225 1712 1329 1750; x_wconf 89' lang='lat' dir='ltr'><strong>non</strong></span> <span class='ocrx_word' id='word_1_109' title='bbox 1368 1698 1645 1751; x_wconf 81' lang='lat' dir='ltr'><strong>introeant.</strong></span> 
     </span>
    </p>
   </div>
   <div class='ocr_carea' id='block_1_20' title="bbox 315 1789 1829 1860">
    <p class='ocr_par' dir='ltr' id='par_1_20' title="bbox 315 1789 1829 1860">
     <span class='ocr_line' id='line_1_20' title="bbox 315 1789 1829 1860; baseline 0.001 -15"><span class='ocrx_word' id='word_1_110' title='bbox 315 1789 568 1845; x_wconf 76' lang='lat' dir='ltr'><strong>CXLVII.</strong></span> <span class='ocrx_word' id='word_1_111' title='bbox 610 1790 766 1856; x_wconf 91' lang='lat' dir='ltr'><strong>Quod</strong></span> <span class='ocrx_word' id='word_1_112' title='bbox 811 1805 921 1844; x_wconf 89' lang='lat' dir='ltr'><strong>non</strong></span> <span class='ocrx_word' id='word_1_113' title='bbox 975 1797 1226 1859; x_wconf 89' lang='lat' dir='ltr'><strong>oporteat</strong></span> <span class='ocrx_word' id='word_1_114' title='bbox 1257 1790 1462 1860; x_wconf 76' lang='lat' dir='ltr'><strong>ingredi</strong></span> <span class='ocrx_word' id='word_1_115' title='bbox 1483 1790 1734 1846; x_wconf 84' lang='lat' dir='ltr'><strong>mulieres</strong></span> <span class='ocrx_word' id='word_1_116' title='bbox 1762 1791 1829 1848; x_wconf 86' lang='lat' dir='ltr'><strong>ad</strong></span> 
     </span>
    </p>
   </div>
   <div class='ocr_carea' id='block_1_21' title="bbox 244 1879 442 1933">
    <p class='ocr_par' dir='ltr' id='par_1_21' title="bbox 244 1879 442 1933">
     <span class='ocr_line' id='line_1_21' title="bbox 244 1879 442 1933; baseline -0.015 0"><span class='ocrx_word' id='word_1_117' title='bbox 244 1879 442 1933; x_wconf 82' lang='lat' dir='ltr'><strong>altare.</strong></span> 
     </span>
    </p>
   </div>
   <div class='ocr_carea' id='block_1_22' title="bbox 246 1966 1822 2049">
    <p class='ocr_par' dir='ltr' id='par_1_22' title="bbox 246 1966 1822 2049">
     <span class='ocr_line' id='line_1_22' title="bbox 246 1966 1822 2049; baseline 0.001 -28"><span class='ocrx_word' id='word_1_118' title='bbox 246 1966 330 2022; x_wconf 87' lang='lat' dir='ltr'><strong>De</strong></span> <span class='ocrx_word' id='word_1_119' title='bbox 381 1969 460 2021; x_wconf 77' lang='lat' dir='ltr'><strong>his</strong></span> <span class='ocrx_word' id='word_1_120' title='bbox 499 1968 586 2039; x_wconf 85' lang='lat' dir='ltr'><strong>qui</strong></span> <span class='ocrx_word' id='word_1_121' title='bbox 637 1968 777 2021; x_wconf 89' lang='lat' dir='ltr'><strong>circa</strong></span> <span class='ocrx_word' id='word_1_122' title='bbox 818 1969 1040 2049; x_wconf 80' lang='lat' dir='ltr'><strong>mediam</strong></span> <span class='ocrx_word' id='word_1_123' title='bbox 1075 1968 1416 2039; x_wconf 82' lang='lat' dir='ltr'><strong>septimanam</strong></span> <span class='ocrx_word' id='word_1_124' title='bbox 1458 1969 1528 2022; x_wconf 88' lang='lat' dir='ltr'><strong>ad</strong></span> <span class='ocrx_word' id='word_1_125' title='bbox 1568 1967 1822 2040; x_wconf 86' lang='lat' dir='ltr'><strong>baptisma</strong></span> 
     </span>
    </p>
   </div>
   <div class='ocr_carea' id='block_1_23' title="bbox 926 2050 1156 2093">
    <p class='ocr_par' dir='ltr' id='par_1_23' title="bbox 926 2050 1156 2093">
     <span class='ocr_line' id='line_1_23' title="bbox 926 2050 1156 2093; baseline -0.009 -1"><span class='ocrx_word' id='word_1_126' title='bbox 926 2055 1072 2093; x_wconf 76' lang='grc' dir='ltr'><strong><em>υεηιιι</em></strong></span> <span class='ocrx_word' id='word_1_127' title='bbox 1080 2050 1156 2091; x_wconf 89' lang='lat' dir='ltr'><strong>nt.</strong></span> 
     </span>
    </p>
   </div>
   <div class='ocr_carea' id='block_1_24' title="bbox 319 2129 1829 2200">
    <p class='ocr_par' dir='ltr' id='par_1_24' title="bbox 319 2129 1829 2200">
     <span class='ocr_line' id='line_1_24' title="bbox 319 2129 1829 2200; baseline 0 -16"><span class='ocrx_word' id='word_1_128' title='bbox 319 2129 591 2184; x_wconf 77' lang='lat' dir='ltr'><strong>CXLVIII.</strong></span> <span class='ocrx_word' id='word_1_129' title='bbox 617 2130 770 2197; x_wconf 89' lang='lat' dir='ltr'><strong>Quod</strong></span> <span class='ocrx_word' id='word_1_130' title='bbox 814 2145 923 2184; x_wconf 91' lang='lat' dir='ltr'><strong>non</strong></span> <span class='ocrx_word' id='word_1_131' title='bbox 964 2138 1215 2200; x_wconf 84' lang='lat' dir='ltr'><strong>oporteat</strong></span> <span class='ocrx_word' id='word_1_132' title='bbox 1242 2129 1310 2184; x_wconf 88' lang='lat' dir='ltr'><strong>ad</strong></span> <span class='ocrx_word' id='word_1_133' title='bbox 1347 2130 1610 2200; x_wconf 89' lang='lat' dir='ltr'><strong>baptisma</strong></span> <span class='ocrx_word' id='word_1_134' title='bbox 1638 2145 1829 2198; x_wconf 87' lang='lat' dir='ltr'><strong>quem-</strong></span> 
     </span>
    </p>
   </div>
   <div class='ocr_carea' id='block_1_25' title="bbox 245 2219 1824 2291">
    <p class='ocr_par' dir='ltr' id='par_1_25' title="bbox 245 2219 1824 2291">
     <span class='ocr_line' id='line_1_25' title="bbox 245 2219 1824 2291; baseline 0.002 -19"><span class='ocrx_word' id='word_1_135' title='bbox 245 2232 411 2286; x_wconf 88' lang='lat' dir='ltr'><strong>quam</strong></span> <span class='ocrx_word' id='word_1_136' title='bbox 443 2228 567 2291; x_wconf 89' lang='lat' dir='ltr'><strong>post</strong></span> <span class='ocrx_word' id='word_1_137' title='bbox 588 2219 722 2274; x_wconf 86' lang='lat' dir='ltr'><strong>duas</strong></span> <span class='ocrx_word' id='word_1_138' title='bbox 740 2219 1174 2288; x_wconf 66' lang='lat' dir='ltr'><strong>Quadragesimat</strong></span> <span class='ocrx_word' id='word_1_139' title='bbox 1203 2220 1567 2276; x_wconf 86' lang='lat' dir='ltr'><strong>hebdomadas</strong></span> <span class='ocrx_word' id='word_1_140' title='bbox 1594 2222 1824 2275; x_wconf 90' lang='lat' dir='ltr'><strong>admitti.</strong></span> 
     </span>
    </p>
   </div>
   <div class='ocr_carea' id='block_1_26' title="bbox 616 2330 1482 2410">
    <p class='ocr_par' dir='ltr' id='par_1_26' title="bbox 616 2330 1482 2410">
     <span class='ocr_line' id='line_1_26' title="bbox 616 2330 1482 2410; baseline 0.002 -26"><span class='ocrx_word' id='word_1_141' title='bbox 616 2330 696 2410; x_wconf 74' lang='lat' dir='ltr'><strong>De</strong></span> <span class='ocrx_word' id='word_1_142' title='bbox 722 2331 1007 2385; x_wconf 85' lang='lat' dir='ltr'><strong>redditione</strong></span> <span class='ocrx_word' id='word_1_143' title='bbox 1035 2332 1482 2400; x_wconf 70' lang='lat' dir='ltr'><strong>baptizandoram.</strong></span> 
     </span>
    </p>
   </div>
   <div class='ocr_carea' id='block_1_27' title="bbox 319 2419 1834 2495">
    <p class='ocr_par' dir='ltr' id='par_1_27' title="bbox 319 2419 1834 2495">
     <span class='ocr_line' id='line_1_27' title="bbox 319 2419 1834 2495; baseline 0.004 -19"><span class='ocrx_word' id='word_1_144' title='bbox 319 2420 553 2476; x_wconf 74' lang='lat' dir='ltr'><strong>CXLIX.</strong></span> <span class='ocrx_word' id='word_1_145' title='bbox 578 2419 732 2488; x_wconf 89' lang='lat' dir='ltr'><strong>Quod</strong></span> <span class='ocrx_word' id='word_1_146' title='bbox 782 2428 1030 2492; x_wconf 85' lang='lat' dir='ltr'><strong>oporteat</strong></span> <span class='ocrx_word' id='word_1_147' title='bbox 1059 2437 1154 2478; x_wconf 84' lang='lat' dir='ltr'><strong>eos</strong></span> <span class='ocrx_word' id='word_1_148' title='bbox 1181 2424 1273 2492; x_wconf 90' lang='lat' dir='ltr'><strong>qui</strong></span> <span class='ocrx_word' id='word_1_149' title='bbox 1311 2425 1381 2480; x_wconf 89' lang='lat' dir='ltr'><strong>ad</strong></span> <span class='ocrx_word' id='word_1_150' title='bbox 1422 2425 1689 2495; x_wconf 88' lang='lat' dir='ltr'><strong>baptisma</strong></span> <span class='ocrx_word' id='word_1_151' title='bbox 1739 2442 1834 2482; x_wconf 85' lang='lat' dir='ltr'><strong>ve-</strong></span> 
     </span>
    </p>
   </div>
   <div class='ocr_carea' id='block_1_28' title="bbox 248 2514 1833 2588">
    <p class='ocr_par' dir='ltr' id='par_1_28' title="bbox 248 2514 1833 2588">
     <span class='ocr_line' id='line_1_28' title="bbox 248 2514 1833 2588; baseline 0.005 -20"><span class='ocrx_word' id='word_1_152' title='bbox 248 2514 407 2568; x_wconf 89' lang='lat' dir='ltr'><strong>niunt</strong></span> <span class='ocrx_word' id='word_1_153' title='bbox 435 2514 592 2569; x_wconf 88' lang='lat' dir='ltr'><strong>ﬁdem</strong></span> <span class='ocrx_word' id='word_1_154' title='bbox 621 2514 846 2578; x_wconf 88' lang='lat' dir='ltr'><strong>discere,</strong></span> <span class='ocrx_word' id='word_1_155' title='bbox 879 2522 935 2568; x_wconf 90' lang='lat' dir='ltr'><strong>et</strong></span> <span class='ocrx_word' id='word_1_156' title='bbox 961 2515 1148 2584; x_wconf 86' lang='lat' dir='ltr'><strong>quinta</strong></span> <span class='ocrx_word' id='word_1_157' title='bbox 1193 2515 1329 2571; x_wconf 80' lang='lat' dir='ltr'><strong>feria</strong></span> <span class='ocrx_word' id='word_1_158' title='bbox 1376 2520 1691 2588; x_wconf 72' lang='lat' dir='ltr'><strong>septimana:</strong></span> <span class='ocrx_word' id='word_1_159' title='bbox 1718 2534 1833 2576; x_wconf 81' lang='lat' dir='ltr'><strong>ma-</strong></span> 
     </span>
    </p>
   </div>
   <div class='ocr_carea' id='block_1_29' title="bbox 245 2604 1411 2676">
    <p class='ocr_par' dir='ltr' id='par_1_29' title="bbox 245 2604 1411 2676">
     <span class='ocr_line' id='line_1_29' title="bbox 245 2604 1411 2676; baseline 0.003 -17"><span class='ocrx_word' id='word_1_160' title='bbox 245 2604 382 2675; x_wconf 83' lang='lat' dir='ltr'><strong>joris</strong></span> <span class='ocrx_word' id='word_1_161' title='bbox 406 2606 662 2676; x_wconf 86' lang='lat' dir='ltr'><strong>episcopo</strong></span> <span class='ocrx_word' id='word_1_162' title='bbox 684 2612 778 2658; x_wconf 90' lang='lat' dir='ltr'><strong>aut</strong></span> <span class='ocrx_word' id='word_1_163' title='bbox 807 2604 1138 2675; x_wconf 87' lang='lat' dir='ltr'><strong>presbyteris</strong></span> <span class='ocrx_word' id='word_1_164' title='bbox 1166 2607 1411 2662; x_wconf 88' lang='lat' dir='ltr'><strong>reddere.</strong></span> 
     </span>
    </p>
   </div>
   <div class='ocr_carea' id='block_1_30' title="bbox 503 2717 1586 2792">
    <p class='ocr_par' dir='ltr' id='par_1_30' title="bbox 503 2717 1586 2792">
     <span class='ocr_line' id='line_1_30' title="bbox 503 2717 1586 2792; baseline 0.005 -21"><span class='ocrx_word' id='word_1_165' title='bbox 503 2717 582 2772; x_wconf 88' lang='lat' dir='ltr'><strong>De</strong></span> <span class='ocrx_word' id='word_1_166' title='bbox 610 2721 688 2773; x_wconf 80' lang='lat' dir='ltr'><strong>Itis</strong></span> <span class='ocrx_word' id='word_1_167' title='bbox 716 2721 800 2791; x_wconf 88' lang='lat' dir='ltr'><strong>qui</strong></span> <span class='ocrx_word' id='word_1_168' title='bbox 829 2721 882 2774; x_wconf 88' lang='lat' dir='ltr'><strong>in</strong></span> <span class='ocrx_word' id='word_1_169' title='bbox 911 2720 1220 2791; x_wconf 72' lang='lat' dir='ltr'><strong>(egritudine</strong></span> <span class='ocrx_word' id='word_1_170' title='bbox 1240 2720 1586 2792; x_wconf 81' lang='lat' dir='ltr'><strong>baptizantur.</strong></span> 
     </span>
    </p>
   </div>
   <div class='ocr_carea' id='block_1_31' title="bbox 322 2812 1838 2887">
    <p class='ocr_par' dir='ltr' id='par_1_31' title="bbox 322 2812 1838 2887">
     <span class='ocr_line' id='line_1_31' title="bbox 322 2812 1838 2887; baseline 0.005 -22"><span class='ocrx_word' id='word_1_171' title='bbox 322 2812 431 2866; x_wconf 90' lang='lat' dir='ltr'><strong>CL.</strong></span> <span class='ocrx_word' id='word_1_172' title='bbox 459 2812 612 2879; x_wconf 88' lang='lat' dir='ltr'><strong>Quod</strong></span> <span class='ocrx_word' id='word_1_173' title='bbox 642 2822 894 2882; x_wconf 85' lang='lat' dir='ltr'><strong>oporteat</strong></span> <span class='ocrx_word' id='word_1_174' title='bbox 937 2829 1032 2869; x_wconf 88' lang='lat' dir='ltr'><strong>eos</strong></span> <span class='ocrx_word' id='word_1_175' title='bbox 1085 2815 1177 2884; x_wconf 87' lang='lat' dir='ltr'><strong>qui</strong></span> <span class='ocrx_word' id='word_1_176' title='bbox 1226 2815 1280 2869; x_wconf 90' lang='lat' dir='ltr'><strong>in</strong></span> <span class='ocrx_word' id='word_1_177' title='bbox 1323 2816 1638 2884; x_wconf 72' lang='lat' dir='ltr'><strong>tegritudine</strong></span> <span class='ocrx_word' id='word_1_178' title='bbox 1662 2817 1838 2887; x_wconf 78' lang='lat' dir='ltr'><strong>perci-</strong></span> 
     </span>
    </p>
   </div>
   <div class='ocr_carea' id='block_1_32' title="bbox 249 2903 1836 2978">
    <p class='ocr_par' dir='ltr' id='par_1_32' title="bbox 249 2903 1836 2978">
     <span class='ocr_line' id='line_1_32' title="bbox 249 2903 1836 2978; baseline 0.003 -21"><span class='ocrx_word' id='word_1_179' title='bbox 249 2905 408 2975; x_wconf 82' lang='lat' dir='ltr'><strong>piunt</strong></span> <span class='ocrx_word' id='word_1_180' title='bbox 433 2903 723 2972; x_wconf 85' lang='lat' dir='ltr'><strong>baptisma,</strong></span> <span class='ocrx_word' id='word_1_181' title='bbox 754 2911 1036 2973; x_wconf 86' lang='lat' dir='ltr'><strong>postquam</strong></span> <span class='ocrx_word' id='word_1_182' title='bbox 1086 2905 1476 2972; x_wconf 87' lang='lat' dir='ltr'><strong>convaluerint,</strong></span> <span class='ocrx_word' id='word_1_183' title='bbox 1507 2905 1662 2961; x_wconf 86' lang='lat' dir='ltr'><strong>ﬁdem</strong></span> <span class='ocrx_word' id='word_1_184' title='bbox 1709 2922 1836 2978; x_wconf 88' lang='lat' dir='ltr'><strong>per-</strong></span> 
     </span>
    </p>
   </div>
   <div class='ocr_carea' id='block_1_33' title="bbox 248 2993 1836 3065">
    <p class='ocr_par' dir='ltr' id='par_1_33' title="bbox 248 2993 1836 3065">
     <span class='ocr_line' id='line_1_33' title="bbox 248 2993 1836 3065; baseline 0.003 -17"><span class='ocrx_word' id='word_1_185' title='bbox 248 2994 484 3061; x_wconf 81' lang='lat' dir='ltr'><strong>discere,</strong></span> <span class='ocrx_word' id='word_1_186' title='bbox 519 3001 575 3047; x_wconf 92' lang='lat' dir='ltr'><strong>et</strong></span> <span class='ocrx_word' id='word_1_187' title='bbox 602 2994 739 3048; x_wconf 90' lang='lat' dir='ltr'><strong>scire</strong></span> <span class='ocrx_word' id='word_1_188' title='bbox 768 2993 920 3062; x_wconf 83' lang='lat' dir='ltr'><strong>cujus</strong></span> <span class='ocrx_word' id='word_1_189' title='bbox 965 2993 1201 3050; x_wconf 89' lang='lat' dir='ltr'><strong>muneris</strong></span> <span class='ocrx_word' id='word_1_190' title='bbox 1248 2996 1537 3065; x_wconf 89' lang='lat' dir='ltr'><strong>participes</strong></span> <span class='ocrx_word' id='word_1_191' title='bbox 1557 2995 1680 3052; x_wconf 81' lang='lat' dir='ltr'><strong>facti</strong></span> <span class='ocrx_word' id='word_1_192' title='bbox 1709 2998 1836 3053; x_wconf 91' lang='lat' dir='ltr'><strong>sint.</strong></span> 
     </span>
    </p>
   </div>
   <div class='ocr_carea' id='block_1_34' title="bbox 579 3108 1516 3181">
    <p class='ocr_par' dir='ltr' id='par_1_34' title="bbox 579 3108 1516 3181">
     <span class='ocr_line' id='line_1_34' title="bbox 579 3108 1516 3181; baseline 0.001 -15"><span class='ocrx_word' id='word_1_193' title='bbox 579 3108 648 3166; x_wconf 92' lang='lat' dir='ltr'><strong>Ut</strong></span> <span class='ocrx_word' id='word_1_194' title='bbox 675 3120 789 3181; x_wconf 89' lang='lat' dir='ltr'><strong>post</strong></span> <span class='ocrx_word' id='word_1_195' title='bbox 828 3111 1083 3181; x_wconf 86' lang='lat' dir='ltr'><strong>baptisma</strong></span> <span class='ocrx_word' id='word_1_196' title='bbox 1101 3113 1324 3166; x_wconf 83' lang='lat' dir='ltr'><strong>chrisma</strong></span> <span class='ocrx_word' id='word_1_197' title='bbox 1348 3114 1516 3167; x_wconf 85' lang='lat' dir='ltr'><strong>detur.</strong></span> 
     </span>
    </p>
   </div>
   <div class='ocr_carea' id='block_1_35' title="bbox 319 3197 1839 3277">
    <p class='ocr_par' dir='ltr' id='par_1_35' title="bbox 319 3197 1839 3277">
     <span class='ocr_line' id='line_1_35' title="bbox 319 3197 1839 3277; baseline 0.005 -23"><span class='ocrx_word' id='word_1_198' title='bbox 319 3197 459 3254; x_wconf 86' lang='lat' dir='ltr'><strong>CLI.</strong></span> <span class='ocrx_word' id='word_1_199' title='bbox 491 3200 646 3265; x_wconf 87' lang='lat' dir='ltr'><strong>Quod</strong></span> <span class='ocrx_word' id='word_1_200' title='bbox 701 3210 948 3272; x_wconf 87' lang='lat' dir='ltr'><strong>oporteat</strong></span> <span class='ocrx_word' id='word_1_201' title='bbox 1003 3218 1098 3259; x_wconf 85' lang='lat' dir='ltr'><strong>eos</strong></span> <span class='ocrx_word' id='word_1_202' title='bbox 1149 3204 1242 3272; x_wconf 89' lang='lat' dir='ltr'><strong>qui</strong></span> <span class='ocrx_word' id='word_1_203' title='bbox 1296 3205 1664 3273; x_wconf 87' lang='lat' dir='ltr'><strong>baptizantur,</strong></span> <span class='ocrx_word' id='word_1_204' title='bbox 1716 3215 1839 3277; x_wconf 89' lang='lat' dir='ltr'><strong>post</strong></span> 
     </span>
    </p>
   </div>
   <div class='ocr_carea' id='block_1_36' title="bbox 249 3291 1835 3366">
    <p class='ocr_par' dir='ltr' id='par_1_36' title="bbox 249 3291 1835 3366">
     <span class='ocr_line' id='line_1_36' title="bbox 249 3291 1835 3366; baseline 0.005 -21"><span class='ocrx_word' id='word_1_205' title='bbox 249 3291 555 3354; x_wconf 81' lang='lat' dir='ltr'><strong>lavacrum,</strong></span> <span class='ocrx_word' id='word_1_206' title='bbox 579 3291 807 3346; x_wconf 84' lang='lat' dir='ltr'><strong>chrisma</strong></span> <span class='ocrx_word' id='word_1_207' title='bbox 829 3292 1048 3348; x_wconf 78' lang='lat' dir='ltr'><strong>caeleste</strong></span> <span class='ocrx_word' id='word_1_208' title='bbox 1069 3295 1362 3365; x_wconf 87' lang='lat' dir='ltr'><strong>percipere.</strong></span> <span class='ocrx_word' id='word_1_209' title='bbox 1383 3304 1435 3349; x_wconf 91' lang='lat' dir='ltr'><strong>et</strong></span> <span class='ocrx_word' id='word_1_210' title='bbox 1464 3297 1612 3366; x_wconf 79' lang='lat' dir='ltr'><strong>regni</strong></span> <span class='ocrx_word' id='word_1_211' title='bbox 1641 3296 1835 3353; x_wconf 88' lang='lat' dir='ltr'><strong>Christi</strong></span> 
     </span>
    </p>
   </div>
   <div class='ocr_carea' id='block_1_37' title="bbox 249 3382 818 3450">
    <p class='ocr_par' dir='ltr' id='par_1_37' title="bbox 249 3382 818 3450">
     <span class='ocr_line' id='line_1_37' title="bbox 249 3382 818 3450; baseline 0.005 -16"><span class='ocrx_word' id='word_1_212' title='bbox 249 3382 544 3450; x_wconf 83' lang='lat' dir='ltr'><strong>participes</strong></span> <span class='ocrx_word' id='word_1_213' title='bbox 573 3382 818 3436; x_wconf 82' lang='lat' dir='ltr'><strong>inveniri.</strong></span> 
     </span>
    </p>
   </div>
   <div class='ocr_carea' id='block_1_38' title="bbox 322 3485 1759 3570">
    <p class='ocr_par' dir='ltr' id='par_1_38' title="bbox 322 3485 1759 3570">
     <span class='ocr_line' id='line_1_38' title="bbox 322 3485 1759 3570; baseline 0.006 -22"><span class='ocrx_word' id='word_1_214' title='bbox 322 3494 626 3550; x_wconf 81' lang='lat' dir='ltr'><strong>Oblationes</strong></span> <span class='ocrx_word' id='word_1_215' title='bbox 645 3497 821 3564; x_wconf 73' lang='lat' dir='ltr'><strong>oﬂ&#39;erri</strong></span> <span class='ocrx_word' id='word_1_216' title='bbox 844 3499 897 3550; x_wconf 91' lang='lat' dir='ltr'><strong>in</strong></span> <span class='ocrx_word' id='word_1_217' title='bbox 922 3485 1338 3570; x_wconf 74' lang='lat' dir='ltr'><strong>Quadragesima</strong></span> <span class='ocrx_word' id='word_1_218' title='bbox 1373 3495 1479 3555; x_wconf 74' lang='lat' dir='ltr'><strong>non</strong></span> <span class='ocrx_word' id='word_1_219' title='bbox 1506 3510 1759 3570; x_wconf 82' lang='lat' dir='ltr'><strong>oportere.</strong></span> 
     </span>
    </p>
   </div>
   <div class='ocr_carea' id='block_1_39' title="bbox 320 3585 1841 3665">
    <p class='ocr_par' dir='ltr' id='par_1_39' title="bbox 320 3585 1841 3665">
     <span class='ocr_line' id='line_1_39' title="bbox 320 3585 1841 3665; baseline 0.007 -27"><span class='ocrx_word' id='word_1_220' title='bbox 320 3585 475 3641; x_wconf 90' lang='lat' dir='ltr'><strong>CLII.</strong></span> <span class='ocrx_word' id='word_1_221' title='bbox 507 3587 662 3652; x_wconf 92' lang='lat' dir='ltr'><strong>Quod</strong></span> <span class='ocrx_word' id='word_1_222' title='bbox 716 3604 824 3644; x_wconf 92' lang='lat' dir='ltr'><strong>non</strong></span> <span class='ocrx_word' id='word_1_223' title='bbox 870 3598 1117 3659; x_wconf 87' lang='lat' dir='ltr'><strong>oporteat</strong></span> <span class='ocrx_word' id='word_1_224' title='bbox 1161 3592 1215 3646; x_wconf 90' lang='lat' dir='ltr'><strong>in</strong></span> <span class='ocrx_word' id='word_1_225' title='bbox 1262 3591 1713 3661; x_wconf 77' lang='lat' dir='ltr'><strong>Quadragesima,</strong></span> <span class='ocrx_word' id='word_1_226' title='bbox 1741 3610 1841 3665; x_wconf 81' lang='lat' dir='ltr'><strong>pa-</strong></span> 
     </span>
    </p>
   </div>
   <div class='ocr_carea' id='block_1_40' title="bbox 247 3677 1833 3740">
    <p class='ocr_par' dir='ltr' id='par_1_40' title="bbox 247 3677 1833 3740">
     <span class='ocr_line' id='line_1_40' title="bbox 247 3677 1833 3740; baseline 0.006 -10"><span class='ocrx_word' id='word_1_227' title='bbox 247 3691 376 3730; x_wconf 86' lang='lat' dir='ltr'><strong>nem</strong></span> <span class='ocrx_word' id='word_1_228' title='bbox 403 3677 792 3734; x_wconf 84' lang='lat' dir='ltr'><strong>benedictionis</strong></span> <span class='ocrx_word' id='word_1_229' title='bbox 828 3679 1011 3735; x_wconf 81' lang='lat' dir='ltr'><strong>oﬂerri</strong></span> <span class='ocrx_word' id='word_1_230' title='bbox 1059 3681 1112 3735; x_wconf 90' lang='lat' dir='ltr'><strong>in</strong></span> <span class='ocrx_word' id='word_1_231' title='bbox 1165 3683 1392 3738; x_wconf 91' lang='lat' dir='ltr'><strong>sabbato</strong></span> <span class='ocrx_word' id='word_1_232' title='bbox 1445 3691 1500 3736; x_wconf 90' lang='lat' dir='ltr'><strong>et</strong></span> <span class='ocrx_word' id='word_1_233' title='bbox 1545 3683 1833 3740; x_wconf 87' lang='lat' dir='ltr'><strong>dominico.</strong></span> 
     </span>
    </p>
   </div>
   <div class='ocr_carea' id='block_1_41' title="bbox 247 3784 1836 3872">
    <p class='ocr_par' dir='ltr' id='par_1_41' title="bbox 247 3784 1836 3872">
     <span class='ocr_line' id='line_1_41' title="bbox 247 3784 1836 3872; baseline 0.007 -32"><span class='ocrx_word' id='word_1_234' title='bbox 247 3784 377 3842; x_wconf 77' lang='lat' dir='ltr'><strong>Non</strong></span> <span class='ocrx_word' id='word_1_235' title='bbox 427 3788 612 3843; x_wconf 81' lang='lat' dir='ltr'><strong>debere</strong></span> <span class='ocrx_word' id='word_1_236' title='bbox 640 3790 899 3860; x_wconf 84' lang='lat' dir='ltr'><strong>jejunium</strong></span> <span class='ocrx_word' id='word_1_237' title='bbox 940 3792 1066 3872; x_wconf 72' lang='lat' dir='ltr'><strong>solvi</strong></span> <span class='ocrx_word' id='word_1_238' title='bbox 1109 3795 1164 3846; x_wconf 87' lang='lat' dir='ltr'><strong>in</strong></span> <span class='ocrx_word' id='word_1_239' title='bbox 1211 3794 1392 3864; x_wconf 81' lang='lat' dir='ltr'><strong>quinta</strong></span> <span class='ocrx_word' id='word_1_240' title='bbox 1444 3794 1578 3865; x_wconf 73' lang='lat' dir='ltr'><strong>feria</strong></span> <span class='ocrx_word' id='word_1_241' title='bbox 1623 3795 1836 3866; x_wconf 76' lang='lat' dir='ltr'><strong>majoris</strong></span> 
     </span>
    </p>
   </div>
   <div class='ocr_carea' id='block_1_42' title="bbox 886 3871 1206 3931">
    <p class='ocr_par' dir='ltr' id='par_1_42' title="bbox 886 3871 1206 3931">
     <span class='ocr_line' id='line_1_42' title="bbox 886 3871 1206 3931; baseline 0.003 -17"><span class='ocrx_word' id='word_1_242' title='bbox 886 3871 1206 3931; x_wconf 64' lang='lat' dir='ltr'><strong>septimanae.</strong></span> 
     </span>
    </p>
   </div>
   <div class='ocr_carea' id='block_1_43' title="bbox 319 3947 1837 4028">
    <p class='ocr_par' dir='ltr' id='par_1_43' title="bbox 319 3947 1837 4028">
     <span class='ocr_line' id='line_1_43' title="bbox 319 3947 1837 4028; baseline 0.009 -26"><span class='ocrx_word' id='word_1_243' title='bbox 319 3947 498 4002; x_wconf 89' lang='lat' dir='ltr'><strong>CLIII.</strong></span> <span class='ocrx_word' id='word_1_244' title='bbox 531 3949 686 4018; x_wconf 89' lang='lat' dir='ltr'><strong>Quod</strong></span> <span class='ocrx_word' id='word_1_245' title='bbox 740 3969 850 4008; x_wconf 90' lang='lat' dir='ltr'><strong>non</strong></span> <span class='ocrx_word' id='word_1_246' title='bbox 907 3964 1159 4022; x_wconf 86' lang='lat' dir='ltr'><strong>oporteat</strong></span> <span class='ocrx_word' id='word_1_247' title='bbox 1207 3956 1259 4009; x_wconf 87' lang='lat' dir='ltr'><strong>in</strong></span> <span class='ocrx_word' id='word_1_248' title='bbox 1309 3956 1748 4028; x_wconf 73' lang='lat' dir='ltr'><strong>Quadragesima,</strong></span> <span class='ocrx_word' id='word_1_249' title='bbox 1781 3960 1837 4016; x_wconf 90' lang='lat' dir='ltr'><strong>in</strong></span> 
     </span>
    </p>
   </div>
   <div class='ocr_carea' id='block_1_44' title="bbox 247 4044 1836 4117">
    <p class='ocr_par' dir='ltr' id='par_1_44' title="bbox 247 4044 1836 4117">
     <span class='ocr_line' id='line_1_44' title="bbox 247 4044 1836 4117; baseline 0.007 -20"><span class='ocrx_word' id='word_1_250' title='bbox 247 4044 441 4098; x_wconf 81' lang='lat' dir='ltr'><strong>ultima</strong></span> <span class='ocrx_word' id='word_1_251' title='bbox 470 4047 768 4114; x_wconf 86' lang='lat' dir='ltr'><strong>septimana</strong></span> <span class='ocrx_word' id='word_1_252' title='bbox 783 4047 980 4115; x_wconf 74' lang='lat' dir='ltr'><strong>quinta:</strong></span> <span class='ocrx_word' id='word_1_253' title='bbox 1004 4047 1149 4102; x_wconf 74' lang='lat' dir='ltr'><strong>feria:</strong></span> <span class='ocrx_word' id='word_1_254' title='bbox 1172 4051 1186 4068; x_wconf 88' lang='lat'><strong><em>‘</em></strong></span> <span class='ocrx_word' id='word_1_255' title='bbox 1202 4047 1464 4117; x_wconf 85' lang='lat' dir='ltr'><strong>jejunium</strong></span> <span class='ocrx_word' id='word_1_256' title='bbox 1495 4052 1722 4116; x_wconf 88' lang='lat' dir='ltr'><strong>solvere,</strong></span> <span class='ocrx_word' id='word_1_257' title='bbox 1749 4061 1836 4108; x_wconf 81' lang='lat' dir='ltr'><strong>to-</strong></span> 
     </span>
    </p>
   </div>
   <div class='ocr_carea' id='block_1_45' title="bbox 245 4136 1835 4212">
    <p class='ocr_par' dir='ltr' id='par_1_45' title="bbox 245 4136 1835 4212">
     <span class='ocr_line' id='line_1_45' title="bbox 245 4136 1835 4212; baseline 0.006 -24"><span class='ocrx_word' id='word_1_258' title='bbox 245 4145 470 4204; x_wconf 80' lang='lat' dir='ltr'><strong>tamque</strong></span> <span class='ocrx_word' id='word_1_259' title='bbox 499 4136 975 4206; x_wconf 79' lang='lat' dir='ltr'><strong>Quadragesimam</strong></span> <span class='ocrx_word' id='word_1_260' title='bbox 1025 4141 1141 4194; x_wconf 87' lang='lat' dir='ltr'><strong>sine</strong></span> <span class='ocrx_word' id='word_1_261' title='bbox 1194 4142 1542 4198; x_wconf 77' lang='lat' dir='ltr'><strong>veneratione</strong></span> <span class='ocrx_word' id='word_1_262' title='bbox 1585 4143 1835 4212; x_wconf 86' lang='lat' dir='ltr'><strong>transire,</strong></span> 
     </span>
    </p>
   </div>
   <div class='ocr_carea' id='block_1_46' title="bbox 245 4227 1832 4300">
    <p class='ocr_par' dir='ltr' id='par_1_46' title="bbox 245 4227 1832 4300">
     <span class='ocr_line' id='line_1_46' title="bbox 245 4227 1832 4300; baseline 0.008 -23"><span class='ocrx_word' id='word_1_263' title='bbox 245 4227 529 4294; x_wconf 61' lang='lat' dir='ltr'><strong>tunsisque</strong></span> <span class='ocrx_word' id='word_1_264' title='bbox 550 4228 832 4283; x_wconf 85' lang='lat' dir='ltr'><strong>conveniat</strong></span> <span class='ocrx_word' id='word_1_265' title='bbox 851 4245 1064 4285; x_wconf 89' lang='lat' dir='ltr'><strong>omnem</strong></span> <span class='ocrx_word' id='word_1_266' title='bbox 1085 4229 1563 4300; x_wconf 79' lang='lat' dir='ltr'><strong>Quadragesimam</strong></span> <span class='ocrx_word' id='word_1_267' title='bbox 1585 4233 1832 4291; x_wconf 89' lang='lat' dir='ltr'><strong>districto</strong></span> 
     </span>
    </p>
   </div>
   <div class='ocr_carea' id='block_1_47' title="bbox 245 4317 751 4385">
    <p class='ocr_par' dir='ltr' id='par_1_47' title="bbox 245 4317 751 4385">
     <span class='ocr_line' id='line_1_47' title="bbox 245 4317 751 4385; baseline 0.008 -17"><span class='ocrx_word' id='word_1_268' title='bbox 245 4317 499 4370; x_wconf 85' lang='lat' dir='ltr'><strong>venerari</strong></span> <span class='ocrx_word' id='word_1_269' title='bbox 524 4317 751 4385; x_wconf 86' lang='lat' dir='ltr'><strong>jejunio.</strong></span> 
     </span>
    </p>
   </div>
   <div class='ocr_carea' id='block_1_48' title="bbox 2473 428 2914 497">
    <p class='ocr_par' dir='ltr' id='par_1_48' title="bbox 2473 428 2914 497">
     <span class='ocr_line' id='line_1_48' title="bbox 2473 428 2914 497; baseline 0.005 -17"><span class='ocrx_word' id='word_1_270' title='bbox 2473 439 2756 497; x_wconf 75' lang='lat' dir='ltr'><strong>martyrum</strong></span> <span class='ocrx_word' id='word_1_271' title='bbox 2779 428 2914 496; x_wconf 76' lang='lat' dir='ltr'><strong>ﬁeri.</strong></span> 
     </span>
    </p>
   </div>
   <div class='ocr_carea' id='block_1_49' title="bbox 1981 540 3491 611">
    <p class='ocr_par' dir='ltr' id='par_1_49' title="bbox 1981 540 3491 611">
     <span class='ocr_line' id='line_1_49' title="bbox 1981 540 3491 611; baseline -0.003 -11"><span class='ocrx_word' id='word_1_272' title='bbox 1981 545 2155 600; x_wconf 82' lang='lat' dir='ltr'><strong>CLIV.</strong></span> <span class='ocrx_word' id='word_1_273' title='bbox 2186 543 2339 610; x_wconf 91' lang='lat' dir='ltr'><strong>Quod</strong></span> <span class='ocrx_word' id='word_1_274' title='bbox 2372 560 2479 600; x_wconf 91' lang='lat' dir='ltr'><strong>non</strong></span> <span class='ocrx_word' id='word_1_275' title='bbox 2509 549 2758 611; x_wconf 87' lang='lat' dir='ltr'><strong>oporteat</strong></span> <span class='ocrx_word' id='word_1_276' title='bbox 2796 542 2846 595; x_wconf 93' lang='lat' dir='ltr'><strong>in</strong></span> <span class='ocrx_word' id='word_1_277' title='bbox 2877 540 3295 610; x_wconf 81' lang='lat' dir='ltr'><strong>Quadragesima</strong></span> <span class='ocrx_word' id='word_1_278' title='bbox 3345 558 3491 597; x_wconf 89' lang='lat' dir='ltr'><strong>mar-</strong></span> 
     </span>
    </p>
   </div>
   <div class='ocr_carea' id='block_1_50' title="bbox 1913 632 3494 707">
    <p class='ocr_par' dir='ltr' id='par_1_50' title="bbox 1913 632 3494 707">
     <span class='ocr_line' id='line_1_50' title="bbox 1913 632 3494 707; baseline -0.001 -18"><span class='ocrx_word' id='word_1_279' title='bbox 1913 645 2086 707; x_wconf 86' lang='lat' dir='ltr'><strong>tyrum</strong></span> <span class='ocrx_word' id='word_1_280' title='bbox 2116 636 2354 689; x_wconf 84' lang='lat' dir='ltr'><strong>natalitia</strong></span> <span class='ocrx_word' id='word_1_281' title='bbox 2383 634 2663 696; x_wconf 90' lang='lat' dir='ltr'><strong>celebrari,</strong></span> <span class='ocrx_word' id='word_1_282' title='bbox 2693 632 2786 687; x_wconf 91' lang='lat' dir='ltr'><strong>sed</strong></span> <span class='ocrx_word' id='word_1_283' title='bbox 2815 647 3000 687; x_wconf 88' lang='lat' dir='ltr'><strong>eormn</strong></span> <span class='ocrx_word' id='word_1_284' title='bbox 3041 643 3229 687; x_wconf 86' lang='lat' dir='ltr'><strong>sancta</strong></span> <span class='ocrx_word' id='word_1_285' title='bbox 3261 648 3494 687; x_wconf 86' lang='lat' dir='ltr'><strong>comme-</strong></span> 
     </span>
    </p>
   </div>
   <div class='ocr_carea' id='block_1_51' title="bbox 1913 724 3486 781">
    <p class='ocr_par' dir='ltr' id='par_1_51' title="bbox 1913 724 3486 781">
     <span class='ocr_line' id='line_1_51' title="bbox 1913 724 3486 781; baseline -0.001 -1"><span class='ocrx_word' id='word_1_286' title='bbox 1913 727 2142 781; x_wconf 86' lang='lat' dir='ltr'><strong>moratio</strong></span> <span class='ocrx_word' id='word_1_287' title='bbox 2175 727 2225 779; x_wconf 89' lang='lat' dir='ltr'><strong>in</strong></span> <span class='ocrx_word' id='word_1_288' title='bbox 2251 727 2438 780; x_wconf 85' lang='lat' dir='ltr'><strong>diebus</strong></span> <span class='ocrx_word' id='word_1_289' title='bbox 2477 725 2824 779; x_wconf 84' lang='lat' dir='ltr'><strong>sabbatorum</strong></span> <span class='ocrx_word' id='word_1_290' title='bbox 2853 734 2908 778; x_wconf 81' lang='lat' dir='ltr'><strong>et</strong></span> <span class='ocrx_word' id='word_1_291' title='bbox 2942 724 3329 778; x_wconf 86' lang='lat' dir='ltr'><strong>dominicorum</strong></span> <span class='ocrx_word' id='word_1_292' title='bbox 3371 725 3486 778; x_wconf 87' lang='lat' dir='ltr'><strong>ﬁeri</strong></span> 
     </span>
    </p>
   </div>
   <div class='ocr_carea' id='block_1_52' title="bbox 1915 821 2219 873">
    <p class='ocr_par' dir='ltr' id='par_1_52' title="bbox 1915 821 2219 873">
     <span class='ocr_line' id='line_1_52' title="bbox 1915 821 2219 873; baseline -0.007 0"><span class='ocrx_word' id='word_1_293' title='bbox 1915 821 2219 873; x_wconf 82' lang='lat' dir='ltr'><strong>conveniat.</strong></span> 
     </span>
    </p>
   </div>
   <div class='ocr_carea' id='block_1_53' title="bbox 1920 924 3490 1000">
    <p class='ocr_par' dir='ltr' id='par_1_53' title="bbox 1920 924 3490 1000">
     <span class='ocr_line' id='line_1_53' title="bbox 1920 924 3490 1000; baseline 0.001 -19"><span class='ocrx_word' id='word_1_294' title='bbox 1920 924 1988 981; x_wconf 86' lang='lat' dir='ltr'><strong>Ut</strong></span> <span class='ocrx_word' id='word_1_295' title='bbox 2018 931 2258 982; x_wconf 80' lang='lat' dir='ltr'><strong>natalitia</strong></span> <span class='ocrx_word' id='word_1_296' title='bbox 2294 929 2371 983; x_wconf 85' lang='lat' dir='ltr'><strong>vel</strong></span> <span class='ocrx_word' id='word_1_297' title='bbox 2401 931 2594 999; x_wconf 74' lang='lat' dir='ltr'><strong>nuptia:</strong></span> <span class='ocrx_word' id='word_1_298' title='bbox 2633 930 2687 983; x_wconf 90' lang='lat' dir='ltr'><strong>in</strong></span> <span class='ocrx_word' id='word_1_299' title='bbox 2731 925 3143 1000; x_wconf 84' lang='lat' dir='ltr'><strong>Quadragesima</strong></span> <span class='ocrx_word' id='word_1_300' title='bbox 3191 944 3293 982; x_wconf 90' lang='lat' dir='ltr'><strong>non</strong></span> <span class='ocrx_word' id='word_1_301' title='bbox 3332 929 3490 998; x_wconf 76' lang='lat' dir='ltr'><strong>ﬁant.</strong></span> 
     </span>
    </p>
   </div>
   <div class='ocr_carea' id='block_1_54' title="bbox 1988 1038 3497 1110">
    <p class='ocr_par' dir='ltr' id='par_1_54' title="bbox 1988 1038 3497 1110">
     <span class='ocr_line' id='line_1_54' title="bbox 1988 1038 3497 1110; baseline -0.003 -13"><span class='ocrx_word' id='word_1_302' title='bbox 1988 1041 2139 1097; x_wconf 89' lang='lat' dir='ltr'><strong>CLV.</strong></span> <span class='ocrx_word' id='word_1_303' title='bbox 2171 1040 2324 1107; x_wconf 91' lang='lat' dir='ltr'><strong>Quod</strong></span> <span class='ocrx_word' id='word_1_304' title='bbox 2379 1057 2488 1096; x_wconf 90' lang='lat' dir='ltr'><strong>non</strong></span> <span class='ocrx_word' id='word_1_305' title='bbox 2532 1049 2780 1110; x_wconf 88' lang='lat' dir='ltr'><strong>oporteat</strong></span> <span class='ocrx_word' id='word_1_306' title='bbox 2827 1041 2882 1095; x_wconf 92' lang='lat' dir='ltr'><strong>in</strong></span> <span class='ocrx_word' id='word_1_307' title='bbox 2926 1038 3362 1108; x_wconf 79' lang='lat' dir='ltr'><strong>Quadragesima,</strong></span> <span class='ocrx_word' id='word_1_308' title='bbox 3403 1048 3497 1094; x_wconf 87' lang='lat' dir='ltr'><strong>aut</strong></span> 
     </span>
    </p>
   </div>
   <div class='ocr_carea' id='block_1_55' title="bbox 1920 1135 2815 1205">
    <p class='ocr_par' dir='ltr' id='par_1_55' title="bbox 1920 1135 2815 1205">
     <span class='ocr_line' id='line_1_55' title="bbox 1920 1135 2815 1205; baseline 0.001 -15"><span class='ocrx_word' id='word_1_309' title='bbox 1920 1137 2153 1205; x_wconf 89' lang='lat' dir='ltr'><strong>nuptias,</strong></span> <span class='ocrx_word' id='word_1_310' title='bbox 2180 1143 2270 1188; x_wconf 87' lang='lat' dir='ltr'><strong>aut</strong></span> <span class='ocrx_word' id='word_1_311' title='bbox 2299 1135 2536 1188; x_wconf 84' lang='lat' dir='ltr'><strong>natalitia</strong></span> <span class='ocrx_word' id='word_1_312' title='bbox 2558 1135 2815 1191; x_wconf 88' lang='lat' dir='ltr'><strong>celebrar.</strong></span> 
     </span>
    </p>
   </div>
   <div class='ocr_carea' id='block_1_56' title="bbox 2107 1246 3309 1314">
    <p class='ocr_par' dir='ltr' id='par_1_56' title="bbox 2107 1246 3309 1314">
     <span class='ocr_line' id='line_1_56' title="bbox 2107 1246 3309 1314; baseline -0.002 -13"><span class='ocrx_word' id='word_1_313' title='bbox 2107 1247 2173 1301; x_wconf 90' lang='lat' dir='ltr'><strong>Ut</strong></span> <span class='ocrx_word' id='word_1_314' title='bbox 2192 1250 2252 1301; x_wconf 84' lang='lat' dir='ltr'><strong>in</strong></span> <span class='ocrx_word' id='word_1_315' title='bbox 2280 1246 2692 1301; x_wconf 81' lang='lat' dir='ltr'><strong>Christianorum</strong></span> <span class='ocrx_word' id='word_1_316' title='bbox 2713 1263 2814 1300; x_wconf 89' lang='lat' dir='ltr'><strong>non</strong></span> <span class='ocrx_word' id='word_1_317' title='bbox 2847 1246 3066 1299; x_wconf 83' lang='lat' dir='ltr'><strong>saltelur</strong></span> <span class='ocrx_word' id='word_1_318' title='bbox 3089 1246 3309 1314; x_wconf 82' lang='lat' dir='ltr'><strong>nuptiis.</strong></span> 
     </span>
    </p>
   </div>
   <div class='ocr_carea' id='block_1_57' title="bbox 1989 1333 3500 1406">
    <p class='ocr_par' dir='ltr' id='par_1_57' title="bbox 1989 1333 3500 1406">
     <span class='ocr_line' id='line_1_57' title="bbox 1989 1333 3500 1406; baseline -0.004 -12"><span class='ocrx_word' id='word_1_319' title='bbox 1989 1339 2162 1394; x_wconf 91' lang='lat' dir='ltr'><strong>CLVI.</strong></span> <span class='ocrx_word' id='word_1_320' title='bbox 2183 1339 2335 1405; x_wconf 89' lang='lat' dir='ltr'><strong>Quod</strong></span> <span class='ocrx_word' id='word_1_321' title='bbox 2359 1355 2463 1393; x_wconf 90' lang='lat' dir='ltr'><strong>non</strong></span> <span class='ocrx_word' id='word_1_322' title='bbox 2492 1346 2740 1406; x_wconf 89' lang='lat' dir='ltr'><strong>oporteat</strong></span> <span class='ocrx_word' id='word_1_323' title='bbox 2759 1337 3090 1391; x_wconf 89' lang='lat' dir='ltr'><strong>Christianos</strong></span> <span class='ocrx_word' id='word_1_324' title='bbox 3114 1343 3302 1390; x_wconf 87' lang='lat' dir='ltr'><strong>euntes</strong></span> <span class='ocrx_word' id='word_1_325' title='bbox 3319 1333 3385 1388; x_wconf 89' lang='lat' dir='ltr'><strong>ad</strong></span> <span class='ocrx_word' id='word_1_326' title='bbox 3402 1349 3500 1388; x_wconf 88' lang='lat' dir='ltr'><strong>nu-</strong></span> 
     </span>
    </p>
   </div>
   <div class='ocr_carea' id='block_1_58' title="bbox 1922 1426 3499 1505">
    <p class='ocr_par' dir='ltr' id='par_1_58' title="bbox 1922 1426 3499 1505">
     <span class='ocr_line' id='line_1_58' title="bbox 1922 1426 3499 1505; baseline -0.005 -19"><span class='ocrx_word' id='word_1_327' title='bbox 1922 1434 2061 1505; x_wconf 83' lang='lat' dir='ltr'><strong>ptias</strong></span> <span class='ocrx_word' id='word_1_328' title='bbox 2085 1433 2361 1502; x_wconf 89' lang='lat' dir='ltr'><strong>plaudere,</strong></span> <span class='ocrx_word' id='word_1_329' title='bbox 2389 1431 2474 1484; x_wconf 88' lang='lat' dir='ltr'><strong>vel</strong></span> <span class='ocrx_word' id='word_1_330' title='bbox 2499 1430 2717 1493; x_wconf 86' lang='lat' dir='ltr'><strong>saltare,</strong></span> <span class='ocrx_word' id='word_1_331' title='bbox 2772 1429 2870 1484; x_wconf 89' lang='lat' dir='ltr'><strong>sed</strong></span> <span class='ocrx_word' id='word_1_332' title='bbox 2899 1426 3272 1482; x_wconf 85' lang='lat' dir='ltr'><strong>venerabiliter</strong></span> <span class='ocrx_word' id='word_1_333' title='bbox 3313 1441 3499 1481; x_wconf 80' lang='lat' dir='ltr'><strong>cama-</strong></span> 
     </span>
    </p>
   </div>
   <div class='ocr_carea' id='block_1_59' title="bbox 1923 1520 3132 1594">
    <p class='ocr_par' dir='ltr' id='par_1_59' title="bbox 1923 1520 3132 1594">
     <span class='ocr_line' id='line_1_59' title="bbox 1923 1520 3132 1594; baseline -0.005 -15"><span class='ocrx_word' id='word_1_334' title='bbox 1923 1542 2000 1592; x_wconf 91' lang='lat' dir='ltr'><strong>re,</strong></span> <span class='ocrx_word' id='word_1_335' title='bbox 2014 1526 2096 1578; x_wconf 85' lang='lat' dir='ltr'><strong>vel</strong></span> <span class='ocrx_word' id='word_1_336' title='bbox 2129 1525 2414 1594; x_wconf 86' lang='lat' dir='ltr'><strong>prandere,</strong></span> <span class='ocrx_word' id='word_1_337' title='bbox 2441 1524 2577 1578; x_wconf 87' lang='lat' dir='ltr'><strong>sicut</strong></span> <span class='ocrx_word' id='word_1_338' title='bbox 2599 1522 2932 1577; x_wconf 87' lang='lat' dir='ltr'><strong>Christianos</strong></span> <span class='ocrx_word' id='word_1_339' title='bbox 2958 1520 3132 1575; x_wconf 91' lang='lat' dir='ltr'><strong>decet.</strong></span> 
     </span>
    </p>
   </div>
   <div class='ocr_carea' id='block_1_60' title="bbox 2004 1630 3419 1699">
    <p class='ocr_par' dir='ltr' id='par_1_60' title="bbox 2004 1630 3419 1699">
     <span class='ocr_line' id='line_1_60' title="bbox 2004 1630 3419 1699; baseline -0.006 -11"><span class='ocrx_word' id='word_1_340' title='bbox 2004 1633 2128 1687; x_wconf 87' lang='lat' dir='ltr'><strong>Non</strong></span> <span class='ocrx_word' id='word_1_341' title='bbox 2156 1635 2309 1687; x_wconf 86' lang='lat' dir='ltr'><strong>licere</strong></span> <span class='ocrx_word' id='word_1_342' title='bbox 2336 1634 2532 1686; x_wconf 84' lang='lat' dir='ltr'><strong>clericis</strong></span> <span class='ocrx_word' id='word_1_343' title='bbox 2562 1632 2774 1685; x_wconf 83' lang='lat' dir='ltr'><strong>ludicris</strong></span> <span class='ocrx_word' id='word_1_344' title='bbox 2811 1630 3116 1699; x_wconf 85' lang='lat' dir='ltr'><strong>spectaculis</strong></span> <span class='ocrx_word' id='word_1_345' title='bbox 3154 1630 3419 1682; x_wconf 84' lang='lat' dir='ltr'><strong>interesse.</strong></span> 
     </span>
    </p>
   </div>
   <div class='ocr_carea' id='block_1_61' title="bbox 1853 1717 3504 1791">
    <p class='ocr_par' dir='ltr' id='par_1_61' title="bbox 1853 1717 3504 1791">
     <span class='ocr_line' id='line_1_61' title="bbox 1853 1717 3504 1791; baseline -0.004 -13"><span class='ocrx_word' id='word_1_346' title='bbox 1853 1718 1899 1778; x_wconf 87' lang='grc' dir='ltr'>Β</span> <span class='ocrx_word' id='word_1_347' title='bbox 1992 1724 2189 1778; x_wconf 82' lang='lat' dir='ltr'><strong>CLVII.</strong></span> <span class='ocrx_word' id='word_1_348' title='bbox 2225 1722 2376 1790; x_wconf 92' lang='lat' dir='ltr'><strong>Quod</strong></span> <span class='ocrx_word' id='word_1_349' title='bbox 2408 1738 2516 1776; x_wconf 90' lang='lat' dir='ltr'><strong>non</strong></span> <span class='ocrx_word' id='word_1_350' title='bbox 2537 1729 2785 1791; x_wconf 86' lang='lat' dir='ltr'><strong>oporteat</strong></span> <span class='ocrx_word' id='word_1_351' title='bbox 2810 1719 3135 1783; x_wconf 87' lang='lat' dir='ltr'><strong>sacerdotes,</strong></span> <span class='ocrx_word' id='word_1_352' title='bbox 3161 1725 3253 1770; x_wconf 92' lang='lat' dir='ltr'><strong>ant</strong></span> <span class='ocrx_word' id='word_1_353' title='bbox 3283 1717 3504 1771; x_wconf 82' lang='lat' dir='ltr'><strong>clericos</strong></span> 
     </span>
    </p>
   </div>
   <div class='ocr_carea' id='block_1_62' title="bbox 1926 1810 3504 1884">
    <p class='ocr_par' dir='ltr' id='par_1_62' title="bbox 1926 1810 3504 1884">
     <span class='ocr_line' id='line_1_62' title="bbox 1926 1810 3504 1884; baseline -0.005 -14"><span class='ocrx_word' id='word_1_354' title='bbox 1926 1815 2333 1884; x_wconf 89' lang='lat' dir='ltr'><strong>quibuscunque</strong></span> <span class='ocrx_word' id='word_1_355' title='bbox 2382 1814 2720 1884; x_wconf 90' lang='lat' dir='ltr'><strong>spectaculis,</strong></span> <span class='ocrx_word' id='word_1_356' title='bbox 2752 1813 2805 1866; x_wconf 91' lang='lat' dir='ltr'><strong>in</strong></span> <span class='ocrx_word' id='word_1_357' title='bbox 2850 1812 3036 1874; x_wconf 62' lang='lat' dir='ltr'><strong>omnis,</strong></span> <span class='ocrx_word' id='word_1_358' title='bbox 3067 1819 3160 1863; x_wconf 88' lang='lat' dir='ltr'><strong>aut</strong></span> <span class='ocrx_word' id='word_1_359' title='bbox 3202 1811 3253 1864; x_wconf 90' lang='lat' dir='ltr'><strong>in</strong></span> <span class='ocrx_word' id='word_1_360' title='bbox 3285 1810 3504 1879; x_wconf 56' lang='lat' dir='ltr'><strong>nuptiis,</strong></span> 
     </span>
    </p>
   </div>
   <div class='ocr_carea' id='block_1_63' title="bbox 1928 1901 3504 1976">
    <p class='ocr_par' dir='ltr' id='par_1_63' title="bbox 1928 1901 3504 1976">
     <span class='ocr_line' id='line_1_63' title="bbox 1928 1901 3504 1976; baseline -0.006 -14"><span class='ocrx_word' id='word_1_361' title='bbox 1928 1908 2190 1963; x_wconf 88' lang='lat' dir='ltr'><strong>interesse</strong></span> <span class='ocrx_word' id='word_1_362' title='bbox 2220 1925 2234 1960; x_wconf 89' lang='lat'><strong>:</strong></span> <span class='ocrx_word' id='word_1_363' title='bbox 2266 1906 2360 1961; x_wconf 89' lang='lat' dir='ltr'><strong>sed</strong></span> <span class='ocrx_word' id='word_1_364' title='bbox 2380 1916 2667 1975; x_wconf 86' lang='lat' dir='ltr'><strong>antequam</strong></span> <span class='ocrx_word' id='word_1_365' title='bbox 2694 1903 2969 1976; x_wconf 85' lang='lat' dir='ltr'><strong>thymelici</strong></span> <span class='ocrx_word' id='word_1_366' title='bbox 2999 1901 3383 1972; x_wconf 77' lang='lat' dir='ltr'><strong>ingrediantur,</strong></span> <span class='ocrx_word' id='word_1_367' title='bbox 3407 1917 3504 1955; x_wconf 81' lang='lat' dir='ltr'><strong>ex-</strong></span> 
     </span>
    </p>
   </div>
   <div class='ocr_carea' id='block_1_64' title="bbox 1927 1995 3212 2069">
    <p class='ocr_par' dir='ltr' id='par_1_64' title="bbox 1927 1995 3212 2069">
     <span class='ocr_line' id='line_1_64' title="bbox 1927 1995 3212 2069; baseline -0.007 -12"><span class='ocrx_word' id='word_1_368' title='bbox 1927 2015 2148 2069; x_wconf 79' lang='lat' dir='ltr'><strong>surgere</strong></span> <span class='ocrx_word' id='word_1_369' title='bbox 2177 2015 2273 2055; x_wconf 92' lang='lat' dir='ltr'><strong>eos</strong></span> <span class='ocrx_word' id='word_1_370' title='bbox 2300 2000 2570 2064; x_wconf 86' lang='lat' dir='ltr'><strong>convenit,</strong></span> <span class='ocrx_word' id='word_1_371' title='bbox 2594 2006 2754 2067; x_wconf 86' lang='lat' dir='ltr'><strong>atque</strong></span> <span class='ocrx_word' id='word_1_372' title='bbox 2783 1996 2907 2051; x_wconf 91' lang='lat' dir='ltr'><strong>inde</strong></span> <span class='ocrx_word' id='word_1_373' title='bbox 2937 1995 3212 2050; x_wconf 86' lang='lat' dir='ltr'><strong>discedere.</strong></span> 
     </span>
    </p>
   </div>
   <div class='ocr_carea' id='block_1_65' title="bbox 1932 2104 3507 2191">
    <p class='ocr_par' dir='ltr' id='par_1_65' title="bbox 1932 2104 3507 2191">
     <span class='ocr_line' id='line_1_65' title="bbox 1932 2104 3507 2191; baseline -0.006 -25"><span class='ocrx_word' id='word_1_374' title='bbox 1932 2110 2057 2167; x_wconf 85' lang='lat' dir='ltr'><strong>Non</strong></span> <span class='ocrx_word' id='word_1_375' title='bbox 2107 2127 2384 2182; x_wconf 83' lang='lat' dir='ltr'><strong>congruere</strong></span> <span class='ocrx_word' id='word_1_376' title='bbox 2434 2110 2636 2191; x_wconf 74' lang='lat' dir='ltr'><strong>penitus</strong></span> <span class='ocrx_word' id='word_1_377' title='bbox 2687 2107 2998 2162; x_wconf 68' lang='lat' dir='ltr'><strong>Christianis</strong></span> <span class='ocrx_word' id='word_1_378' title='bbox 3049 2104 3507 2159; x_wconf 84' lang='lat' dir='ltr'><strong>comessationibns</strong></span> 
     </span>
    </p>
   </div>
   <div class='ocr_carea' id='block_1_66' title="bbox 2590 2188 2854 2233">
    <p class='ocr_par' dir='ltr' id='par_1_66' title="bbox 2590 2188 2854 2233">
     <span class='ocr_line' id='line_1_66' title="bbox 2590 2188 2854 2233; baseline -0.011 0"><span class='ocrx_word' id='word_1_379' title='bbox 2590 2188 2854 2233; x_wconf 83' lang='lat' dir='ltr'><strong>interesse.</strong></span> 
     </span>
    </p>
   </div>
   <div class='ocr_carea' id='block_1_67' title="bbox 2000 2264 3509 2341">
    <p class='ocr_par' dir='ltr' id='par_1_67' title="bbox 2000 2264 3509 2341">
     <span class='ocr_line' id='line_1_67' title="bbox 2000 2264 3509 2341; baseline -0.008 -12"><span class='ocrx_word' id='word_1_380' title='bbox 2000 2272 2222 2329; x_wconf 82' lang='lat' dir='ltr'><strong>CLVIII.</strong></span> <span class='ocrx_word' id='word_1_381' title='bbox 2253 2271 2407 2340; x_wconf 88' lang='lat' dir='ltr'><strong>Quod</strong></span> <span class='ocrx_word' id='word_1_382' title='bbox 2455 2287 2562 2327; x_wconf 89' lang='lat' dir='ltr'><strong>non</strong></span> <span class='ocrx_word' id='word_1_383' title='bbox 2605 2276 2854 2341; x_wconf 86' lang='lat' dir='ltr'><strong>oporteat</strong></span> <span class='ocrx_word' id='word_1_384' title='bbox 2882 2267 3211 2333; x_wconf 87' lang='lat' dir='ltr'><strong>sacerdotes,</strong></span> <span class='ocrx_word' id='word_1_385' title='bbox 3241 2273 3334 2320; x_wconf 87' lang='lat' dir='ltr'><strong>aut</strong></span> <span class='ocrx_word' id='word_1_386' title='bbox 3354 2264 3509 2319; x_wconf 82' lang='lat' dir='ltr'><strong>cleri-</strong></span> 
     </span>
    </p>
   </div>
   <div class='ocr_carea' id='block_1_68' title="bbox 1933 2355 3510 2420">
    <p class='ocr_par' dir='ltr' id='par_1_68' title="bbox 1933 2355 3510 2420">
     <span class='ocr_line' id='line_1_68' title="bbox 1933 2355 3510 2420; baseline -0.008 0"><span class='ocrx_word' id='word_1_387' title='bbox 1933 2380 2028 2420; x_wconf 92' lang='lat' dir='ltr'><strong>cos</strong></span> <span class='ocrx_word' id='word_1_388' title='bbox 2071 2379 2138 2419; x_wconf 80' lang='lat' dir='ltr'><strong>ex</strong></span> <span class='ocrx_word' id='word_1_389' title='bbox 2167 2362 2380 2417; x_wconf 90' lang='lat' dir='ltr'><strong>collatis</strong></span> <span class='ocrx_word' id='word_1_390' title='bbox 2407 2361 2494 2416; x_wconf 87' lang='lat' dir='ltr'><strong>vel</strong></span> <span class='ocrx_word' id='word_1_391' title='bbox 2537 2358 3020 2415; x_wconf 87' lang='lat' dir='ltr'><strong>comessationihus</strong></span> <span class='ocrx_word' id='word_1_392' title='bbox 3073 2356 3319 2411; x_wconf 86' lang='lat' dir='ltr'><strong>convivia</strong></span> <span class='ocrx_word' id='word_1_393' title='bbox 3365 2355 3510 2409; x_wconf 88' lang='lat' dir='ltr'><strong>cele-</strong></span> 
     </span>
    </p>
   </div>
   <div class='ocr_carea' id='block_1_69' title="bbox 1935 2450 3304 2520">
    <p class='ocr_par' dir='ltr' id='par_1_69' title="bbox 1935 2450 3304 2520">
     <span class='ocr_line' id='line_1_69' title="bbox 1935 2450 3304 2520; baseline -0.01 -9"><span class='ocrx_word' id='word_1_394' title='bbox 1935 2457 2122 2520; x_wconf 87' lang='lat' dir='ltr'><strong>brare;</strong></span> <span class='ocrx_word' id='word_1_395' title='bbox 2155 2454 2258 2508; x_wconf 88' lang='lat' dir='ltr'><strong>hoc</strong></span> <span class='ocrx_word' id='word_1_396' title='bbox 2286 2462 2463 2507; x_wconf 90' lang='lat' dir='ltr'><strong>autem</strong></span> <span class='ocrx_word' id='word_1_397' title='bbox 2493 2465 2592 2505; x_wconf 91' lang='lat' dir='ltr'><strong>nec</strong></span> <span class='ocrx_word' id='word_1_398' title='bbox 2618 2450 2771 2504; x_wconf 86' lang='lat' dir='ltr'><strong>laicis</strong></span> <span class='ocrx_word' id='word_1_399' title='bbox 2800 2461 2958 2518; x_wconf 88' lang='lat' dir='ltr'><strong>posse</strong></span> <span class='ocrx_word' id='word_1_400' title='bbox 2988 2459 3304 2513; x_wconf 82' lang='lat' dir='ltr'><strong>congruere.</strong></span> 
     </span>
    </p>
   </div>
   <div class='ocr_carea' id='block_1_70' title="bbox 1938 2557 3510 2638">
    <p class='ocr_par' dir='ltr' id='par_1_70' title="bbox 1938 2557 3510 2638">
     <span class='ocr_line' id='line_1_70' title="bbox 1938 2557 3510 2638; baseline -0.013 -12"><span class='ocrx_word' id='word_1_401' title='bbox 1938 2570 2062 2626; x_wconf 84' lang='lat' dir='ltr'><strong>Non</strong></span> <span class='ocrx_word' id='word_1_402' title='bbox 2097 2570 2252 2624; x_wconf 88' lang='lat' dir='ltr'><strong>licere</strong></span> <span class='ocrx_word' id='word_1_403' title='bbox 2276 2565 2601 2638; x_wconf 55' lang='lat' dir='ltr'><strong>presbyteris</strong></span> <span class='ocrx_word' id='word_1_404' title='bbox 2629 2563 2847 2638; x_wconf 81' lang='lat' dir='ltr'><strong>introire</strong></span> <span class='ocrx_word' id='word_1_405' title='bbox 2874 2559 2942 2612; x_wconf 90' lang='lat' dir='ltr'><strong>ad</strong></span> <span class='ocrx_word' id='word_1_406' title='bbox 2988 2559 3156 2612; x_wconf 90' lang='lat' dir='ltr'><strong>altare</strong></span> <span class='ocrx_word' id='word_1_407' title='bbox 3176 2599 3192 2624; x_wconf 91' lang='lat'><strong>,</strong></span> <span class='ocrx_word' id='word_1_408' title='bbox 3214 2557 3510 2627; x_wconf 87' lang='lat' dir='ltr'><strong>priusquam</strong></span> 
     </span>
    </p>
   </div>
   <div class='ocr_carea' id='block_1_71' title="bbox 2397 2631 3056 2705">
    <p class='ocr_par' dir='ltr' id='par_1_71' title="bbox 2397 2631 3056 2705">
     <span class='ocr_line' id='line_1_71' title="bbox 2397 2631 3056 2705; baseline -0.009 -17"><span class='ocrx_word' id='word_1_409' title='bbox 2397 2631 2724 2705; x_wconf 77' lang='lat' dir='ltr'><strong>ingrediatur</strong></span> <span class='ocrx_word' id='word_1_410' title='bbox 2767 2631 3056 2700; x_wconf 83' lang='lat' dir='ltr'><strong>episcOpus.</strong></span> 
     </span>
    </p>
   </div>
   <div class='ocr_carea' id='block_1_72' title="bbox 2011 2720 3512 2795">
    <p class='ocr_par' dir='ltr' id='par_1_72' title="bbox 2011 2720 3512 2795">
     <span class='ocr_line' id='line_1_72' title="bbox 2011 2720 3512 2795; baseline -0.011 -9"><span class='ocrx_word' id='word_1_411' title='bbox 2011 2729 2187 2787; x_wconf 82' lang='lat' dir='ltr'><strong>CLIX.</strong></span> <span class='ocrx_word' id='word_1_412' title='bbox 2220 2728 2371 2795; x_wconf 89' lang='lat' dir='ltr'><strong>Quod</strong></span> <span class='ocrx_word' id='word_1_413' title='bbox 2415 2741 2523 2782; x_wconf 88' lang='lat' dir='ltr'><strong>non</strong></span> <span class='ocrx_word' id='word_1_414' title='bbox 2570 2730 2818 2794; x_wconf 80' lang='lat' dir='ltr'><strong>Oporteat</strong></span> <span class='ocrx_word' id='word_1_415' title='bbox 2868 2720 3214 2791; x_wconf 82' lang='lat' dir='ltr'><strong>presbyteros</strong></span> <span class='ocrx_word' id='word_1_416' title='bbox 3236 2728 3360 2771; x_wconf 86' lang='lat' dir='ltr'><strong>ante</strong></span> <span class='ocrx_word' id='word_1_417' title='bbox 3389 2731 3512 2787; x_wconf 86' lang='lat' dir='ltr'><strong>pro-</strong></span> 
     </span>
    </p>
   </div>
   <div class='ocr_carea' id='block_1_73' title="bbox 1940 2806 3514 2888">
    <p class='ocr_par' dir='ltr' id='par_1_73' title="bbox 1940 2806 3514 2888">
     <span class='ocr_line' id='line_1_73' title="bbox 1940 2806 3514 2888; baseline -0.013 -9"><span class='ocrx_word' id='word_1_418' title='bbox 1940 2824 2239 2880; x_wconf 87' lang='lat' dir='ltr'><strong>cessionem</strong></span> <span class='ocrx_word' id='word_1_419' title='bbox 2304 2816 2540 2888; x_wconf 89' lang='lat' dir='ltr'><strong>episcopi</strong></span> <span class='ocrx_word' id='word_1_420' title='bbox 2592 2811 2812 2867; x_wconf 87' lang='lat' dir='ltr'><strong>introire</strong></span> <span class='ocrx_word' id='word_1_421' title='bbox 2855 2809 3148 2864; x_wconf 88' lang='lat' dir='ltr'><strong>sacrarium</strong></span> <span class='ocrx_word' id='word_1_422' title='bbox 3201 2816 3258 2861; x_wconf 92' lang='lat' dir='ltr'><strong>et</strong></span> <span class='ocrx_word' id='word_1_423' title='bbox 3303 2806 3514 2870; x_wconf 85' lang='lat' dir='ltr'><strong>sedere,</strong></span> 
     </span>
    </p>
   </div>
   <div class='ocr_carea' id='block_1_74' title="bbox 1941 2897 3516 2979">
    <p class='ocr_par' dir='ltr' id='par_1_74' title="bbox 1941 2897 3516 2979">
     <span class='ocr_line' id='line_1_74' title="bbox 1941 2897 3516 2979; baseline -0.013 -10"><span class='ocrx_word' id='word_1_424' title='bbox 1941 2912 2035 2969; x_wconf 87' lang='lat' dir='ltr'><strong>sed</strong></span> <span class='ocrx_word' id='word_1_425' title='bbox 2089 2927 2209 2967; x_wconf 92' lang='lat' dir='ltr'><strong>cum</strong></span> <span class='ocrx_word' id='word_1_426' title='bbox 2258 2909 2512 2979; x_wconf 87' lang='lat' dir='ltr'><strong>episcopo</strong></span> <span class='ocrx_word' id='word_1_427' title='bbox 2541 2905 2737 2959; x_wconf 87' lang='lat' dir='ltr'><strong>debent</strong></span> <span class='ocrx_word' id='word_1_428' title='bbox 2766 2901 2993 2970; x_wconf 78' lang='lat' dir='ltr'><strong>ingredi,</strong></span> <span class='ocrx_word' id='word_1_429' title='bbox 3024 2900 3109 2954; x_wconf 86' lang='lat' dir='ltr'><strong>vel</strong></span> <span class='ocrx_word' id='word_1_430' title='bbox 3150 2898 3202 2952; x_wconf 89' lang='lat' dir='ltr'><strong>in</strong></span> <span class='ocrx_word' id='word_1_431' title='bbox 3250 2897 3516 2952; x_wconf 85' lang='lat' dir='ltr'><strong>subselliis</strong></span> 
     </span>
    </p>
   </div>
   <div class='ocr_carea' id='block_1_75' title="bbox 1943 2987 3518 3067">
    <p class='ocr_par' dir='ltr' id='par_1_75' title="bbox 1943 2987 3518 3067">
     <span class='ocr_line' id='line_1_75' title="bbox 1943 2987 3518 3067; baseline -0.012 -9"><span class='ocrx_word' id='word_1_432' title='bbox 1943 3003 2153 3067; x_wconf 88' lang='lat' dir='ltr'><strong>sedere,</strong></span> <span class='ocrx_word' id='word_1_433' title='bbox 2185 3000 2286 3055; x_wconf 79' lang='lat' dir='ltr'><strong>nisi</strong></span> <span class='ocrx_word' id='word_1_434' title='bbox 2316 2997 2538 3053; x_wconf 80' lang='lat' dir='ltr'><strong>forsitan</strong></span> <span class='ocrx_word' id='word_1_435' title='bbox 2567 2993 2878 3049; x_wconf 81' lang='lat' dir='ltr'><strong>inﬁmitate</strong></span> <span class='ocrx_word' id='word_1_436' title='bbox 2897 2990 3219 3056; x_wconf 88' lang='lat' dir='ltr'><strong>detineatur,</strong></span> <span class='ocrx_word' id='word_1_437' title='bbox 3242 2998 3334 3042; x_wconf 89' lang='lat' dir='ltr'><strong>aut</strong></span> <span class='ocrx_word' id='word_1_438' title='bbox 3353 2987 3518 3058; x_wconf 79' lang='lat' dir='ltr'><strong>proﬂ-</strong></span> 
     </span>
    </p>
   </div>
   <div class='ocr_carea' id='block_1_76' title="bbox 1868 3089 2502 3163">
    <p class='ocr_par' dir='ltr' id='par_1_76' title="bbox 1868 3089 2502 3163">
     <span class='ocr_line' id='line_1_76' title="bbox 1868 3089 2502 3163; baseline -0.017 -10"><span class='ocrx_word' id='word_1_439' title='bbox 1868 3089 1915 3152; x_wconf 92' lang='lat' dir='ltr'><strong>C</strong></span> <span class='ocrx_word' id='word_1_440' title='bbox 1945 3097 2178 3152; x_wconf 86' lang='lat' dir='ltr'><strong>ciscatur</strong></span> <span class='ocrx_word' id='word_1_441' title='bbox 2203 3092 2502 3163; x_wconf 89' lang='lat' dir='ltr'><strong>episcopus.</strong></span> 
     </span>
    </p>
   </div>
   <div class='ocr_carea' id='block_1_77' title="bbox 2018 3199 3439 3276">
    <p class='ocr_par' dir='ltr' id='par_1_77' title="bbox 2018 3199 3439 3276">
     <span class='ocr_line' id='line_1_77' title="bbox 2018 3199 3439 3276; baseline -0.007 -15"><span class='ocrx_word' id='word_1_442' title='bbox 2018 3206 2120 3272; x_wconf 86' lang='lat' dir='ltr'><strong>Qui</strong></span> <span class='ocrx_word' id='word_1_443' title='bbox 2142 3209 2194 3261; x_wconf 89' lang='lat' dir='ltr'><strong>in</strong></span> <span class='ocrx_word' id='word_1_444' title='bbox 2225 3207 2367 3276; x_wconf 81' lang='lat' dir='ltr'><strong>agris</strong></span> <span class='ocrx_word' id='word_1_445' title='bbox 2396 3205 2472 3258; x_wconf 82' lang='lat' dir='ltr'><strong>rel</strong></span> <span class='ocrx_word' id='word_1_446' title='bbox 2497 3199 2904 3272; x_wconf 77' lang='lat' dir='ltr'><strong>possessionibus</strong></span> <span class='ocrx_word' id='word_1_447' title='bbox 2928 3199 3145 3255; x_wconf 83' lang='lat' dir='ltr'><strong>debeant</strong></span> <span class='ocrx_word' id='word_1_448' title='bbox 3183 3199 3439 3253; x_wconf 86' lang='lat' dir='ltr'><strong>ordinari.</strong></span> 
     </span>
    </p>
   </div>
   <div class='ocr_carea' id='block_1_78' title="bbox 2017 3289 3518 3364">
    <p class='ocr_par' dir='ltr' id='par_1_78' title="bbox 2017 3289 3518 3364">
     <span class='ocr_line' id='line_1_78' title="bbox 2017 3289 3518 3364; baseline -0.008 -11"><span class='ocrx_word' id='word_1_449' title='bbox 2017 3296 2172 3353; x_wconf 81' lang='lat' dir='ltr'><strong>CLX.</strong></span> <span class='ocrx_word' id='word_1_450' title='bbox 2196 3295 2350 3364; x_wconf 91' lang='lat' dir='ltr'><strong>Quod</strong></span> <span class='ocrx_word' id='word_1_451' title='bbox 2379 3310 2485 3352; x_wconf 90' lang='lat' dir='ltr'><strong>non</strong></span> <span class='ocrx_word' id='word_1_452' title='bbox 2503 3301 2750 3364; x_wconf 87' lang='lat' dir='ltr'><strong>oporteat</strong></span> <span class='ocrx_word' id='word_1_453' title='bbox 2765 3293 2818 3347; x_wconf 92' lang='lat' dir='ltr'><strong>in</strong></span> <span class='ocrx_word' id='word_1_454' title='bbox 2839 3292 3035 3346; x_wconf 89' lang='lat' dir='ltr'><strong>villulis</strong></span> <span class='ocrx_word' id='word_1_455' title='bbox 3058 3297 3148 3345; x_wconf 90' lang='lat' dir='ltr'><strong>aut</strong></span> <span class='ocrx_word' id='word_1_456' title='bbox 3170 3291 3220 3343; x_wconf 91' lang='lat' dir='ltr'><strong>in</strong></span> <span class='ocrx_word' id='word_1_457' title='bbox 3245 3289 3384 3356; x_wconf 73' lang='lat' dir='ltr'><strong>agris</strong></span> <span class='ocrx_word' id='word_1_458' title='bbox 3405 3289 3518 3360; x_wconf 86' lang='lat' dir='ltr'><strong>epi-</strong></span> 
     </span>
    </p>
   </div>
   <div class='ocr_carea' id='block_1_79' title="bbox 1943 3381 3519 3460">
    <p class='ocr_par' dir='ltr' id='par_1_79' title="bbox 1943 3381 3519 3460">
     <span class='ocr_line' id='line_1_79' title="bbox 1943 3381 3519 3460; baseline -0.01 -12"><span class='ocrx_word' id='word_1_459' title='bbox 1943 3406 2138 3460; x_wconf 85' lang='lat' dir='ltr'><strong>scopos</strong></span> <span class='ocrx_word' id='word_1_460' title='bbox 2153 3389 2430 3456; x_wconf 88' lang='lat' dir='ltr'><strong>constitui,</strong></span> <span class='ocrx_word' id='word_1_461' title='bbox 2451 3387 2545 3442; x_wconf 86' lang='lat' dir='ltr'><strong>sed</strong></span> <span class='ocrx_word' id='word_1_462' title='bbox 2565 3387 2888 3441; x_wconf 88' lang='lat' dir='ltr'><strong>visitatores.</strong></span> <span class='ocrx_word' id='word_1_463' title='bbox 2902 3383 3283 3439; x_wconf 89' lang='lat' dir='ltr'><strong>Verumtamen</strong></span> <span class='ocrx_word' id='word_1_464' title='bbox 3294 3381 3519 3449; x_wconf 89' lang='lat' dir='ltr'><strong>jampri-</strong></span> 
     </span>
    </p>
   </div>
   <div class='ocr_carea' id='block_1_80' title="bbox 1945 3472 3520 3546">
    <p class='ocr_par' dir='ltr' id='par_1_80' title="bbox 1945 3472 3520 3546">
     <span class='ocr_line' id='line_1_80' title="bbox 1945 3472 3520 3546; baseline -0.009 -9"><span class='ocrx_word' id='word_1_465' title='bbox 1945 3483 2068 3537; x_wconf 89' lang='lat' dir='ltr'><strong>dem</strong></span> <span class='ocrx_word' id='word_1_466' title='bbox 2087 3480 2360 3538; x_wconf 86' lang='lat' dir='ltr'><strong>constituti</strong></span> <span class='ocrx_word' id='word_1_467' title='bbox 2385 3478 2516 3533; x_wconf 85' lang='lat' dir='ltr'><strong>nihil</strong></span> <span class='ocrx_word' id='word_1_468' title='bbox 2539 3477 2736 3534; x_wconf 82' lang='lat' dir='ltr'><strong>faciant</strong></span> <span class='ocrx_word' id='word_1_469' title='bbox 2778 3484 2972 3546; x_wconf 65' lang='lat' dir='ltr'><strong>praeter</strong></span> <span class='ocrx_word' id='word_1_470' title='bbox 3000 3472 3380 3528; x_wconf 70' lang='lat' dir='ltr'><strong>conscientiam</strong></span> <span class='ocrx_word' id='word_1_471' title='bbox 3407 3472 3520 3540; x_wconf 83' lang='lat' dir='ltr'><strong>epi-</strong></span> 
     </span>
    </p>
   </div>
   <div class='ocr_carea' id='block_1_81' title="bbox 1945 3560 3517 3640">
    <p class='ocr_par' dir='ltr' id='par_1_81' title="bbox 1945 3560 3517 3640">
     <span class='ocr_line' id='line_1_81' title="bbox 1945 3560 3517 3640; baseline -0.009 -14"><span class='ocrx_word' id='word_1_472' title='bbox 1945 3575 2094 3640; x_wconf 90' lang='lat' dir='ltr'><strong>sc0pi</strong></span> <span class='ocrx_word' id='word_1_473' title='bbox 2105 3571 2336 3625; x_wconf 85' lang='lat' dir='ltr'><strong>civitatis</strong></span> <span class='ocrx_word' id='word_1_474' title='bbox 2350 3588 2364 3636; x_wconf 91' lang='lat'>;</span> <span class='ocrx_word' id='word_1_475' title='bbox 2378 3570 2621 3624; x_wconf 88' lang='lat' dir='ltr'><strong>similiter</strong></span> <span class='ocrx_word' id='word_1_476' title='bbox 2632 3576 2686 3622; x_wconf 90' lang='lat' dir='ltr'><strong>et</strong></span> <span class='ocrx_word' id='word_1_477' title='bbox 2696 3565 3012 3637; x_wconf 78' lang='lat' dir='ltr'><strong>presbyteri,</strong></span> <span class='ocrx_word' id='word_1_478' title='bbox 3028 3572 3221 3634; x_wconf 78' lang='lat' dir='ltr'><strong>praeter</strong></span> <span class='ocrx_word' id='word_1_479' title='bbox 3236 3560 3517 3616; x_wconf 85' lang='lat' dir='ltr'><strong>consilium</strong></span> 
     </span>
    </p>
   </div>
   <div class='ocr_carea' id='block_1_82' title="bbox 1944 3660 2542 3733">
    <p class='ocr_par' dir='ltr' id='par_1_82' title="bbox 1944 3660 2542 3733">
     <span class='ocr_line' id='line_1_82' title="bbox 1944 3660 2542 3733; baseline -0.007 -16"><span class='ocrx_word' id='word_1_480' title='bbox 1944 3661 2180 3733; x_wconf 80' lang='lat' dir='ltr'><strong>episcOpi</strong></span> <span class='ocrx_word' id='word_1_481' title='bbox 2211 3660 2339 3715; x_wconf 85' lang='lat' dir='ltr'><strong>nihil</strong></span> <span class='ocrx_word' id='word_1_482' title='bbox 2363 3667 2542 3728; x_wconf 73' lang='lat' dir='ltr'><strong>agant.</strong></span> 
     </span>
    </p>
   </div>
   <div class='ocr_carea' id='block_1_83' title="bbox 2098 3768 3352 3840">
    <p class='ocr_par' dir='ltr' id='par_1_83' title="bbox 2098 3768 3352 3840">
     <span class='ocr_line' id='line_1_83' title="bbox 2098 3768 3352 3840; baseline -0.008 -12"><span class='ocrx_word' id='word_1_483' title='bbox 2098 3772 2398 3830; x_wconf 84' lang='lat' dir='ltr'><strong>Oblationes</strong></span> <span class='ocrx_word' id='word_1_484' title='bbox 2421 3771 2599 3840; x_wconf 69' lang='lat' dir='ltr'><strong>oﬂ&#39;erri</strong></span> <span class='ocrx_word' id='word_1_485' title='bbox 2626 3771 2680 3824; x_wconf 87' lang='lat' dir='ltr'><strong>in</strong></span> <span class='ocrx_word' id='word_1_486' title='bbox 2703 3768 2934 3824; x_wconf 87' lang='lat' dir='ltr'><strong>domibus</strong></span> <span class='ocrx_word' id='word_1_487' title='bbox 2963 3784 3067 3822; x_wconf 87' lang='lat' dir='ltr'><strong>non</strong></span> <span class='ocrx_word' id='word_1_488' title='bbox 3095 3775 3352 3838; x_wconf 83' lang='lat' dir='ltr'><strong>aportere.</strong></span> 
     </span>
    </p>
   </div>
   <div class='ocr_carea' id='block_1_84' title="bbox 2013 3855 3521 3931">
    <p class='ocr_par' dir='ltr' id='par_1_84' title="bbox 2013 3855 3521 3931">
     <span class='ocr_line' id='line_1_84' title="bbox 2013 3855 3521 3931; baseline -0.01 -9"><span class='ocrx_word' id='word_1_489' title='bbox 2013 3865 2192 3922; x_wconf 81' lang='lat' dir='ltr'><strong>CLXI.</strong></span> <span class='ocrx_word' id='word_1_490' title='bbox 2225 3864 2380 3931; x_wconf 89' lang='lat' dir='ltr'><strong>Quod</strong></span> <span class='ocrx_word' id='word_1_491' title='bbox 2433 3878 2542 3918; x_wconf 85' lang='lat' dir='ltr'><strong>non</strong></span> <span class='ocrx_word' id='word_1_492' title='bbox 2587 3868 2838 3931; x_wconf 88' lang='lat' dir='ltr'><strong>oporteat</strong></span> <span class='ocrx_word' id='word_1_493' title='bbox 2865 3859 2917 3913; x_wconf 89' lang='lat' dir='ltr'><strong>in</strong></span> <span class='ocrx_word' id='word_1_494' title='bbox 2946 3857 3191 3912; x_wconf 85' lang='lat' dir='ltr'><strong>domibus</strong></span> <span class='ocrx_word' id='word_1_495' title='bbox 3221 3855 3521 3910; x_wconf 80' lang='lat' dir='ltr'><strong>oblationes</strong></span> 
     </span>
    </p>
   </div>
   <div class='ocr_carea' id='block_1_85' title="bbox 1943 3949 3120 4025">
    <p class='ocr_par' dir='ltr' id='par_1_85' title="bbox 1943 3949 3120 4025">
     <span class='ocr_line' id='line_1_85' title="bbox 1943 3949 3120 4025; baseline -0.011 -10"><span class='ocrx_word' id='word_1_496' title='bbox 1943 3957 2207 4014; x_wconf 83' lang='lat' dir='ltr'><strong>celebrari</strong></span> <span class='ocrx_word' id='word_1_497' title='bbox 2229 3957 2298 4010; x_wconf 89' lang='lat' dir='ltr'><strong>ab</strong></span> <span class='ocrx_word' id='word_1_498' title='bbox 2324 3955 2593 4025; x_wconf 88' lang='lat' dir='ltr'><strong>episcopis</strong></span> <span class='ocrx_word' id='word_1_499' title='bbox 2615 3992 2630 4016; x_wconf 89' lang='lat'><strong>,</strong></span> <span class='ocrx_word' id='word_1_500' title='bbox 2663 3951 2747 4007; x_wconf 88' lang='lat' dir='ltr'><strong>vel</strong></span> <span class='ocrx_word' id='word_1_501' title='bbox 2777 3949 3120 4022; x_wconf 76' lang='lat' dir='ltr'><strong>presbyteris.</strong></span> 
     </span>
    </p>
   </div>
   <div class='ocr_carea' id='block_1_86' title="bbox 2050 4037 3404 4117">
    <p class='ocr_par' dir='ltr' id='par_1_86' title="bbox 2050 4037 3404 4117">
     <span class='ocr_line' id='line_1_86' title="bbox 2050 4037 3404 4117; baseline -0.008 -18"><span class='ocrx_word' id='word_1_502' title='bbox 2050 4047 2178 4112; x_wconf 76' lang='lat' dir='ltr'><strong>Qute</strong></span> <span class='ocrx_word' id='word_1_503' title='bbox 2205 4045 2423 4117; x_wconf 86' lang='lat' dir='ltr'><strong>psallere</strong></span> <span class='ocrx_word' id='word_1_504' title='bbox 2450 4046 2524 4096; x_wconf 79' lang='lat' dir='ltr'><strong>vel</strong></span> <span class='ocrx_word' id='word_1_505' title='bbox 2554 4043 2720 4114; x_wconf 79' lang='lat' dir='ltr'><strong>legere</strong></span> <span class='ocrx_word' id='word_1_506' title='bbox 2761 4042 2818 4095; x_wconf 90' lang='lat' dir='ltr'><strong>in</strong></span> <span class='ocrx_word' id='word_1_507' title='bbox 2863 4039 3088 4093; x_wconf 88' lang='lat' dir='ltr'><strong>ecclesiis</strong></span> <span class='ocrx_word' id='word_1_508' title='bbox 3118 4037 3404 4091; x_wconf 85' lang='lat' dir='ltr'><strong>conveniat.</strong></span> 
     </span>
    </p>
   </div>
   <div class='ocr_carea' id='block_1_87' title="bbox 2010 4125 3517 4202">
    <p class='ocr_par' dir='ltr' id='par_1_87' title="bbox 2010 4125 3517 4202">
     <span class='ocr_line' id='line_1_87' title="bbox 2010 4125 3517 4202; baseline -0.011 -9"><span class='ocrx_word' id='word_1_509' title='bbox 2010 4136 2212 4193; x_wconf 81' lang='lat' dir='ltr'><strong>CLXII.</strong></span> <span class='ocrx_word' id='word_1_510' title='bbox 2243 4134 2396 4202; x_wconf 91' lang='lat' dir='ltr'><strong>Quod</strong></span> <span class='ocrx_word' id='word_1_511' title='bbox 2445 4150 2553 4188; x_wconf 91' lang='lat' dir='ltr'><strong>non</strong></span> <span class='ocrx_word' id='word_1_512' title='bbox 2599 4139 2851 4201; x_wconf 83' lang='lat' dir='ltr'><strong>oporteat</strong></span> <span class='ocrx_word' id='word_1_513' title='bbox 2903 4128 3141 4201; x_wconf 88' lang='lat' dir='ltr'><strong>plebeios</strong></span> <span class='ocrx_word' id='word_1_514' title='bbox 3196 4127 3433 4198; x_wconf 87' lang='lat' dir='ltr'><strong>psalmos</strong></span> <span class='ocrx_word' id='word_1_515' title='bbox 3465 4125 3517 4177; x_wconf 91' lang='lat' dir='ltr'><strong>in</strong></span> 
     </span>
    </p>
   </div>
   <div class='ocr_carea' id='block_1_88' title="bbox 1943 4220 3517 4294">
    <p class='ocr_par' dir='ltr' id='par_1_88' title="bbox 1943 4220 3517 4294">
     <span class='ocr_line' id='line_1_88' title="bbox 1943 4220 3517 4294; baseline -0.009 -7"><span class='ocrx_word' id='word_1_516' title='bbox 1943 4231 2172 4287; x_wconf 90' lang='lat' dir='ltr'><strong>ecclesia</strong></span> <span class='ocrx_word' id='word_1_517' title='bbox 2202 4237 2441 4294; x_wconf 86' lang='lat' dir='ltr'><strong>cantare,</strong></span> <span class='ocrx_word' id='word_1_518' title='bbox 2474 4241 2576 4281; x_wconf 87' lang='lat' dir='ltr'><strong>nec</strong></span> <span class='ocrx_word' id='word_1_519' title='bbox 2605 4225 2792 4292; x_wconf 86' lang='lat' dir='ltr'><strong>libros,</strong></span> <span class='ocrx_word' id='word_1_520' title='bbox 2821 4231 3017 4292; x_wconf 71' lang='lat' dir='ltr'><strong>praeter</strong></span> <span class='ocrx_word' id='word_1_521' title='bbox 3045 4235 3328 4284; x_wconf 89' lang='lat' dir='ltr'><strong>canouem,</strong></span> <span class='ocrx_word' id='word_1_522' title='bbox 3360 4220 3460 4287; x_wconf 76' lang='lat' dir='ltr'><strong>legi</strong></span> <span class='ocrx_word' id='word_1_523' title='bbox 3503 4236 3517 4273; x_wconf 90' lang='lat'><strong>:</strong></span> 
     </span>
    </p>
   </div>
   <div class='ocr_carea' id='block_1_89' title="bbox 1948 4311 3515 4379">
    <p class='ocr_par' dir='ltr' id='par_1_89' title="bbox 1948 4311 3515 4379">
     <span class='ocr_line' id='line_1_89' title="bbox 1948 4311 3515 4379; baseline -0.009 1"><span class='ocrx_word' id='word_1_524' title='bbox 1948 4323 2043 4379; x_wconf 85' lang='lat' dir='ltr'><strong>sed</strong></span> <span class='ocrx_word' id='word_1_525' title='bbox 2054 4322 2171 4379; x_wconf 90' lang='lat' dir='ltr'><strong>sola</strong></span> <span class='ocrx_word' id='word_1_526' title='bbox 2192 4335 2349 4376; x_wconf 88' lang='lat' dir='ltr'><strong>sacra</strong></span> <span class='ocrx_word' id='word_1_527' title='bbox 2368 4318 2641 4374; x_wconf 87' lang='lat' dir='ltr'><strong>volumina</strong></span> <span class='ocrx_word' id='word_1_528' title='bbox 2661 4315 2795 4372; x_wconf 86' lang='lat' dir='ltr'><strong>Novi</strong></span> <span class='ocrx_word' id='word_1_529' title='bbox 2815 4313 3163 4377; x_wconf 85' lang='lat' dir='ltr'><strong>Testamenti,</strong></span> <span class='ocrx_word' id='word_1_530' title='bbox 3186 4311 3515 4367; x_wconf 89' lang='lat' dir='ltr'><strong>velVeteris.</strong></span> 
     </span>
    </p>
   </div>
   <div class='ocr_carea' id='block_1_90' title="bbox 250 4432 3496 4462">
    <p class='ocr_par' dir='ltr' id='par_1_90' title="bbox 250 4432 3496 4462">
     <span class='ocr_line' id='line_1_90' title="bbox 250 4432 3496 4462; baseline -0.003 -10"><span class='ocrx_word' id='word_1_531' title='bbox 250 4432 3496 4462; x_wconf 81' lang='lat'><strong>_______.___________________________________—.</strong></span> 
     </span>
    </p>
   </div>
   <div class='ocr_carea' id='block_1_91' title="bbox 1176 4493 2576 4563">
    <p class='ocr_par' dir='ltr' id='par_1_91' title="bbox 1176 4493 2576 4563">
     <span class='ocr_line' id='line_1_91' title="bbox 1176 4493 2576 4563; baseline -0.004 -5"><span class='ocrx_word' id='word_1_532' title='bbox 1176 4500 1520 4561; x_wconf 65' lang='lat' dir='ltr'><strong>REGULJE</strong></span> <span class='ocrx_word' id='word_1_533' title='bbox 1579 4493 2576 4563; x_wconf 70' lang='lat' dir='ltr'><strong>CONSTAN&#39;I‘INOPOLITANJE.</strong></span> 
     </span>
    </p>
   </div>
   <div class='ocr_carea' id='block_1_92' title="bbox 315 4652 1828 4744">
    <p class='ocr_par' dir='ltr' id='par_1_92' title="bbox 315 4652 1828 4744">
     <span class='ocr_line' id='line_1_92' title="bbox 315 4652 1828 4744; baseline 0.004 -35"><span class='ocrx_word' id='word_1_534' title='bbox 315 4653 431 4709; x_wconf 88' lang='lat' dir='ltr'><strong>Sub</strong></span> <span class='ocrx_word' id='word_1_535' title='bbox 446 4652 761 4744; x_wconf 59' lang='lat' dir='ltr'><strong>Theodosio</strong></span> <span class='ocrx_word' id='word_1_536' title='bbox 781 4655 1022 4724; x_wconf 89' lang='lat' dir='ltr'><strong>piissimo</strong></span> <span class='ocrx_word' id='word_1_537' title='bbox 1053 4657 1378 4728; x_wconf 90' lang='lat' dir='ltr'><strong>imperatore</strong></span> <span class='ocrx_word' id='word_1_538' title='bbox 1401 4659 1544 4730; x_wconf 90' lang='lat' dir='ltr'><strong>apud</strong></span> <span class='ocrx_word' id='word_1_539' title='bbox 1568 4657 1828 4716; x_wconf 87' lang='lat' dir='ltr'><strong>Constan-</strong></span> 
     </span>
    </p>
   </div>
   <div class='ocr_carea' id='block_1_93' title="bbox 1952 4652 3511 4744">
    <p class='ocr_par' dir='ltr' id='par_1_93' title="bbox 1952 4677 3511 4744">
     <span class='ocr_line' id='line_1_93' title="bbox 1952 4677 3511 4744; baseline -0.006 -4"><span class='ocrx_word' id='word_1_540' title='bbox 1952 4699 2057 4740; x_wconf 70' lang='lat' dir='ltr'><strong>aam</strong></span> <span class='ocrx_word' id='word_1_541' title='bbox 2102 4682 2308 4737; x_wconf 86' lang='lat' dir='ltr'><strong>ﬁrmam</strong></span> <span class='ocrx_word' id='word_1_542' title='bbox 2332 4688 2388 4736; x_wconf 90' lang='lat' dir='ltr'><strong>et</strong></span> <span class='ocrx_word' id='word_1_543' title='bbox 2425 4679 2702 4744; x_wconf 86' lang='lat' dir='ltr'><strong>stabilem;</strong></span> <span class='ocrx_word' id='word_1_544' title='bbox 2733 4687 2788 4733; x_wconf 90' lang='lat' dir='ltr'><strong>et</strong></span> <span class='ocrx_word' id='word_1_545' title='bbox 2815 4677 3368 4732; x_wconf 82' lang='lat' dir='ltr'><strong>anathematizandam</strong></span> <span class='ocrx_word' id='word_1_546' title='bbox 3398 4691 3511 4732; x_wconf 61' lang='lat' dir='ltr'><strong>om.</strong></span> 
     </span>
    </p>
   </div>
   <div class='ocr_carea' id='block_1_94' title="bbox 242 4743 1833 4812">
    <p class='ocr_par' dir='ltr' id='par_1_94' title="bbox 242 4743 1833 4812">
     <span class='ocr_line' id='line_1_94' title="bbox 242 4743 1833 4812; baseline 0.007 -17"><span class='ocrx_word' id='word_1_547' title='bbox 242 4743 536 4812; x_wconf 88' lang='lat' dir='ltr'><strong>tinopolim</strong></span> <span class='ocrx_word' id='word_1_548' title='bbox 581 4746 809 4812; x_wconf 79' lang='lat' dir='ltr'><strong>expositi</strong></span> <span class='ocrx_word' id='word_1_549' title='bbox 850 4755 974 4800; x_wconf 89' lang='lat' dir='ltr'><strong>sunt</strong></span> <span class='ocrx_word' id='word_1_550' title='bbox 1008 4763 1242 4804; x_wconf 89' lang='lat' dir='ltr'><strong>canones</strong></span> <span class='ocrx_word' id='word_1_551' title='bbox 1270 4759 1399 4806; x_wconf 88' lang='lat' dir='ltr'><strong>tres.</strong></span> <span class='ocrx_word' id='word_1_552' title='bbox 1433 4751 1524 4806; x_wconf 76' lang='lat' dir='ltr'><strong>Ha:</strong></span> <span class='ocrx_word' id='word_1_553' title='bbox 1562 4751 1833 4806; x_wconf 82' lang='lat' dir='ltr'><strong>deﬁnitio-</strong></span> 
     </span>
    </p>
   </div>
   <div class='ocr_carea' id='block_1_95' title="bbox 238 4834 1833 4911">
    <p class='ocr_par' dir='ltr' id='par_1_95' title="bbox 238 4834 1833 4911">
     <span class='ocr_line' id='line_1_95' title="bbox 238 4834 1833 4911; baseline 0.006 -24"><span class='ocrx_word' id='word_1_554' title='bbox 238 4849 340 4889; x_wconf 82' lang='lat' dir='ltr'><strong>nes</strong></span> <span class='ocrx_word' id='word_1_555' title='bbox 368 4834 636 4902; x_wconf 67' lang='lat' dir='ltr'><strong>exposita:</strong></span> <span class='ocrx_word' id='word_1_556' title='bbox 663 4843 786 4890; x_wconf 92' lang='lat' dir='ltr'><strong>sunt</strong></span> <span class='ocrx_word' id='word_1_557' title='bbox 827 4837 894 4890; x_wconf 89' lang='lat' dir='ltr'><strong>ab</strong></span> <span class='ocrx_word' id='word_1_558' title='bbox 922 4838 1188 4908; x_wconf 89' lang='lat' dir='ltr'><strong>episcopis</strong></span> <span class='ocrx_word' id='word_1_559' title='bbox 1219 4840 1338 4906; x_wconf 83' lang='lat' dir='ltr'><strong>I50,</strong></span> <span class='ocrx_word' id='word_1_560' title='bbox 1369 4843 1460 4911; x_wconf 87' lang='lat' dir='ltr'><strong>qui</strong></span> <span class='ocrx_word' id='word_1_561' title='bbox 1502 4842 1554 4895; x_wconf 90' lang='lat' dir='ltr'><strong>in</strong></span> <span class='ocrx_word' id='word_1_562' title='bbox 1602 4842 1833 4911; x_wconf 89' lang='lat' dir='ltr'><strong>idipsum</strong></span> 
     </span>
    </p>
   </div>
   <div class='ocr_carea' id='block_1_96' title="bbox 238 4925 1833 5002">
    <p class='ocr_par' dir='ltr' id='par_1_96' title="bbox 238 4925 1833 5002">
     <span class='ocr_line' id='line_1_96' title="bbox 238 4925 1833 5002; baseline 0.006 -24"><span class='ocrx_word' id='word_1_563' title='bbox 238 4926 385 4995; x_wconf 84' lang='lat' dir='ltr'><strong>apud</strong></span> <span class='ocrx_word' id='word_1_564' title='bbox 415 4925 943 4997; x_wconf 83' lang='lat' dir='ltr'><strong>Constantinopolim</strong></span> <span class='ocrx_word' id='word_1_565' title='bbox 981 4943 1367 4998; x_wconf 89' lang='lat' dir='ltr'><strong>convenerunt,</strong></span> <span class='ocrx_word' id='word_1_566' title='bbox 1398 4933 1611 5002; x_wconf 90' lang='lat' dir='ltr'><strong>quando</strong></span> <span class='ocrx_word' id='word_1_567' title='bbox 1646 4935 1833 4989; x_wconf 86' lang='lat' dir='ltr'><strong>beatus</strong></span> 
     </span>
    </p>
   </div>
   <div class='ocr_carea' id='block_1_97' title="bbox 237 5017 1288 5089">
    <p class='ocr_par' dir='ltr' id='par_1_97' title="bbox 237 5017 1288 5089">
     <span class='ocr_line' id='line_1_97' title="bbox 237 5017 1288 5089; baseline 0.005 -17"><span class='ocrx_word' id='word_1_568' title='bbox 237 5017 534 5073; x_wconf 80' lang='lat' dir='ltr'><strong>Nectarius</strong></span> <span class='ocrx_word' id='word_1_569' title='bbox 562 5019 847 5089; x_wconf 87' lang='lat' dir='ltr'><strong>episcopus</strong></span> <span class='ocrx_word' id='word_1_570' title='bbox 876 5032 961 5075; x_wconf 88' lang='lat' dir='ltr'><strong>est</strong></span> <span class='ocrx_word' id='word_1_571' title='bbox 990 5022 1288 5078; x_wconf 90' lang='lat' dir='ltr'><strong>ordinatus.</strong></span> 
     </span>
    </p>
   </div>
   <div class='ocr_carea' id='block_1_98' title="bbox 241 5116 1827 5188">
    <p class='ocr_par' dir='ltr' id='par_1_98' title="bbox 241 5116 1827 5188">
     <span class='ocr_line' id='line_1_98' title="bbox 241 5116 1827 5188; baseline 0.004 -17"><span class='ocrx_word' id='word_1_572' title='bbox 241 5116 310 5172; x_wconf 80' lang='lat' dir='ltr'><strong>Ut</strong></span> <span class='ocrx_word' id='word_1_573' title='bbox 355 5135 418 5170; x_wconf 88' lang='lat' dir='ltr'><strong>ea</strong></span> <span class='ocrx_word' id='word_1_574' title='bbox 486 5134 601 5187; x_wconf 77' lang='lat' dir='ltr'><strong>qua:</strong></span> <span class='ocrx_word' id='word_1_575' title='bbox 653 5119 791 5188; x_wconf 88' lang='lat' dir='ltr'><strong>apud</strong></span> <span class='ocrx_word' id='word_1_576' title='bbox 845 5117 1083 5173; x_wconf 73' lang='lat' dir='ltr'><strong>Nicteam</strong></span> <span class='ocrx_word' id='word_1_577' title='bbox 1128 5124 1406 5176; x_wconf 88' lang='lat' dir='ltr'><strong>constituta</strong></span> <span class='ocrx_word' id='word_1_578' title='bbox 1453 5134 1573 5177; x_wconf 88' lang='lat' dir='ltr'><strong>sunt</strong></span> <span class='ocrx_word' id='word_1_579' title='bbox 1614 5126 1827 5178; x_wconf 85' lang='lat' dir='ltr'><strong>immota</strong></span> 
     </span>
    </p>
   </div>
   <div class='ocr_carea' id='block_1_99' title="bbox 306 5189 1827 5258">
    <p class='ocr_par' dir='ltr' id='par_1_99' title="bbox 306 5189 1827 5258">
     <span class='ocr_line' id='line_1_99' title="bbox 306 5189 1827 5258; baseline 0.007 -20"><span class='ocrx_word' id='word_1_580' title='bbox 306 5198 758 5258; x_wconf 20' lang='lat' dir='ltr'><strong>permaneantgiet</strong></span> <span class='ocrx_word' id='word_1_581' title='bbox 799 5189 863 5241; x_wconf 85' lang='lat' dir='ltr'><strong>de</strong></span> <span class='ocrx_word' id='word_1_582' title='bbox 898 5192 1225 5244; x_wconf 79' lang='lat' dir='ltr'><strong>anathemate</strong></span> <span class='ocrx_word' id='word_1_583' title='bbox 1266 5195 1601 5258; x_wconf 84' lang='lat' dir='ltr'><strong>Arianorum,</strong></span> <span class='ocrx_word' id='word_1_584' title='bbox 1647 5194 1827 5249; x_wconf 83' lang='lat' dir='ltr'><strong>Euno-</strong></span> 
     </span>
    </p>
   </div>
   <div class='ocr_carea' id='block_1_100' title="bbox 306 5257 1826 5326">
    <p class='ocr_par' dir='ltr' id='par_1_100' title="bbox 306 5257 1826 5326">
     <span class='ocr_line' id='line_1_100' title="bbox 306 5257 1826 5326; baseline 0.005 -17"><span class='ocrx_word' id='word_1_585' title='bbox 306 5260 624 5320; x_wconf 82' lang='lat' dir='ltr'><strong>mianorum,</strong></span> <span class='ocrx_word' id='word_1_586' title='bbox 659 5257 1176 5323; x_wconf 79' lang='lat' dir='ltr'><strong>Macedonianorum,</strong></span> <span class='ocrx_word' id='word_1_587' title='bbox 1209 5259 1647 5326; x_wconf 84' lang='lat' dir='ltr'><strong>Sabellianorum,</strong></span> <span class='ocrx_word' id='word_1_588' title='bbox 1682 5262 1826 5317; x_wconf 83' lang='lat' dir='ltr'><strong>Pho-</strong></span> 
     </span>
    </p>
   </div>
   <div class='ocr_carea' id='block_1_101' title="bbox 305 5327 1824 5403">
    <p class='ocr_par' dir='ltr' id='par_1_101' title="bbox 305 5327 1824 5403">
     <span class='ocr_line' id='line_1_101' title="bbox 305 5327 1824 5403; baseline 0.007 -26"><span class='ocrx_word' id='word_1_589' title='bbox 305 5329 653 5389; x_wconf 80' lang='lat' dir='ltr'><strong>tinianorum,</strong></span> <span class='ocrx_word' id='word_1_590' title='bbox 703 5327 1162 5384; x_wconf 73' lang='lat' dir='ltr'><strong>Marcellianorum</strong></span> <span class='ocrx_word' id='word_1_591' title='bbox 1203 5343 1252 5385; x_wconf 86' lang='lat' dir='ltr'><strong>et</strong></span> <span class='ocrx_word' id='word_1_592' title='bbox 1289 5334 1824 5403; x_wconf 77' lang='lat' dir='ltr'><strong>Apollinarianorum.</strong></span> 
     </span>
    </p>
   </div>
   <div class='ocr_carea' id='block_1_102' title="bbox 306 5413 1830 5492">
    <p class='ocr_par' dir='ltr' id='par_1_102' title="bbox 306 5413 1830 5492">
     <span class='ocr_line' id='line_1_102' title="bbox 306 5413 1830 5492; baseline 0.005 -23"><span class='ocrx_word' id='word_1_593' title='bbox 306 5413 538 5469; x_wconf 75' lang='lat' dir='ltr'><strong>CLXIII.</strong></span> <span class='ocrx_word' id='word_1_594' title='bbox 583 5415 763 5470; x_wconf 80' lang='lat' dir='ltr'><strong>Fidem</strong></span> <span class='ocrx_word' id='word_1_595' title='bbox 820 5434 930 5472; x_wconf 92' lang='lat' dir='ltr'><strong>non</strong></span> <span class='ocrx_word' id='word_1_596' title='bbox 978 5420 1278 5477; x_wconf 88' lang='lat' dir='ltr'><strong>violandam</strong></span> <span class='ocrx_word' id='word_1_597' title='bbox 1324 5423 1542 5478; x_wconf 82' lang='lat' dir='ltr'><strong>Patrum</strong></span> <span class='ocrx_word' id='word_1_598' title='bbox 1596 5421 1702 5476; x_wconf 79' lang='lat' dir='ltr'><strong>5l8</strong></span> <span class='ocrx_word' id='word_1_599' title='bbox 1738 5424 1830 5492; x_wconf 89' lang='lat' dir='ltr'><strong>qui</strong></span> 
     </span>
    </p>
   </div>
   <div class='ocr_carea' id='block_1_103' title="bbox 237 5505 1831 5582">
    <p class='ocr_par' dir='ltr' id='par_1_103' title="bbox 237 5505 1831 5582">
     <span class='ocr_line' id='line_1_103' title="bbox 237 5505 1831 5582; baseline 0.007 -25"><span class='ocrx_word' id='word_1_600' title='bbox 237 5507 379 5574; x_wconf 79' lang='lat' dir='ltr'><strong>apud</strong></span> <span class='ocrx_word' id='word_1_601' title='bbox 427 5505 659 5560; x_wconf 56' lang='lat' dir='ltr'><strong>Nicaeam</strong></span> <span class='ocrx_word' id='word_1_602' title='bbox 706 5507 966 5578; x_wconf 70' lang='lat' dir='ltr'><strong>Bithynia:</strong></span> <span class='ocrx_word' id='word_1_603' title='bbox 1013 5525 1423 5582; x_wconf 81' lang='lat' dir='ltr'><strong>convenerunt,</strong></span> <span class='ocrx_word' id='word_1_604' title='bbox 1476 5515 1570 5570; x_wconf 86' lang='lat' dir='ltr'><strong>sed</strong></span> <span class='ocrx_word' id='word_1_605' title='bbox 1611 5528 1831 5569; x_wconf 84' lang='lat' dir='ltr'><strong>manere</strong></span> 
     </span>
    </p>
   </div>
   <div class='ocr_carea' id='block_1_104' title="bbox 1942 4769 3515 4842">
    <p class='ocr_par' dir='ltr' id='par_1_104' title="bbox 1942 4769 3515 4842">
     <span class='ocr_line' id='line_1_104' title="bbox 1942 4769 3515 4842; baseline -0.003 -12"><span class='ocrx_word' id='word_1_606' title='bbox 1942 4791 2063 4831; x_wconf 89' lang='lat' dir='ltr'><strong>nem</strong></span> <span class='ocrx_word' id='word_1_607' title='bbox 2122 4774 2405 4842; x_wconf 74' lang='lat' dir='ltr'><strong>hmresim,</strong></span> <span class='ocrx_word' id='word_1_608' title='bbox 2472 4780 2528 4827; x_wconf 91' lang='lat' dir='ltr'><strong>et</strong></span> <span class='ocrx_word' id='word_1_609' title='bbox 2572 4771 2879 4842; x_wconf 89' lang='lat' dir='ltr'><strong>specialiter</strong></span> <span class='ocrx_word' id='word_1_610' title='bbox 2924 4769 3380 4826; x_wconf 87' lang='lat' dir='ltr'><strong>Eunomianornm</strong></span> <span class='ocrx_word' id='word_1_611' title='bbox 3433 4773 3515 4826; x_wconf 83' lang='lat' dir='ltr'><strong>vel</strong></span> 
     </span>
    </p>
   </div>
   <div class='ocr_carea' id='block_1_105' title="bbox 1941 4862 3516 4932">
    <p class='ocr_par' dir='ltr' id='par_1_105' title="bbox 1941 4862 3516 4932">
     <span class='ocr_line' id='line_1_105' title="bbox 1941 4862 3516 4932; baseline -0.004 -7"><span class='ocrx_word' id='word_1_612' title='bbox 1941 4869 2382 4932; x_wconf 75' lang='lat' dir='ltr'><strong>Anomianorum,</strong></span> <span class='ocrx_word' id='word_1_613' title='bbox 2416 4875 2473 4921; x_wconf 91' lang='lat' dir='ltr'><strong>et</strong></span> <span class='ocrx_word' id='word_1_614' title='bbox 2500 4865 2820 4919; x_wconf 80' lang='lat' dir='ltr'><strong>Arianorum</strong></span> <span class='ocrx_word' id='word_1_615' title='bbox 2845 4864 2930 4919; x_wconf 88' lang='lat' dir='ltr'><strong>vel</strong></span> <span class='ocrx_word' id='word_1_616' title='bbox 2978 4862 3433 4922; x_wconf 80' lang='lat' dir='ltr'><strong>Eudoxianorum.</strong></span> <span class='ocrx_word' id='word_1_617' title='bbox 3463 4874 3516 4919; x_wconf 90' lang='lat' dir='ltr'><strong>et</strong></span> 
     </span>
    </p>
   </div>
   <div class='ocr_carea' id='block_1_106' title="bbox 1938 4954 3508 5025">
    <p class='ocr_par' dir='ltr' id='par_1_106' title="bbox 1938 4954 3508 5025">
     <span class='ocr_line' id='line_1_106' title="bbox 1938 4954 3508 5025; baseline -0.004 -11"><span class='ocrx_word' id='word_1_618' title='bbox 1938 4959 2446 5016; x_wconf 75' lang='lat' dir='ltr'><strong>Macedonianorum</strong></span> <span class='ocrx_word' id='word_1_619' title='bbox 2487 4956 2571 5010; x_wconf 89' lang='lat' dir='ltr'><strong>vel</strong></span> <span class='ocrx_word' id='word_1_620' title='bbox 2613 4954 2831 5025; x_wconf 90' lang='lat' dir='ltr'><strong>Spiritui</strong></span> <span class='ocrx_word' id='word_1_621' title='bbox 2888 4963 3074 5010; x_wconf 90' lang='lat' dir='ltr'><strong>sancto</strong></span> <span class='ocrx_word' id='word_1_622' title='bbox 3130 4955 3508 5023; x_wconf 80' lang='lat' dir='ltr'><strong>resistentium,</strong></span> 
     </span>
    </p>
   </div>
   <div class='ocr_carea' id='block_1_107' title="bbox 1938 5042 3509 5113">
    <p class='ocr_par' dir='ltr' id='par_1_107' title="bbox 1938 5042 3509 5113">
     <span class='ocr_line' id='line_1_107' title="bbox 1938 5042 3509 5113; baseline -0.005 -8"><span class='ocrx_word' id='word_1_623' title='bbox 1938 5058 1994 5106; x_wconf 90' lang='lat' dir='ltr'><strong>et</strong></span> <span class='ocrx_word' id='word_1_624' title='bbox 2021 5048 2465 5113; x_wconf 88' lang='lat' dir='ltr'><strong>Sabellianorum,</strong></span> <span class='ocrx_word' id='word_1_625' title='bbox 2497 5053 2552 5101; x_wconf 91' lang='lat' dir='ltr'><strong>et</strong></span> <span class='ocrx_word' id='word_1_626' title='bbox 2574 5044 3051 5109; x_wconf 85' lang='lat' dir='ltr'><strong>Marcellianorum,</strong></span> <span class='ocrx_word' id='word_1_627' title='bbox 3084 5053 3139 5098; x_wconf 92' lang='lat' dir='ltr'><strong>et</strong></span> <span class='ocrx_word' id='word_1_628' title='bbox 3168 5042 3509 5099; x_wconf 84' lang='lat' dir='ltr'><strong>Photiniano-</strong></span> 
     </span>
    </p>
   </div>
   <div class='ocr_carea' id='block_1_108' title="bbox 1939 5137 2734 5208">
    <p class='ocr_par' dir='ltr' id='par_1_108' title="bbox 1939 5137 2734 5208">
     <span class='ocr_line' id='line_1_108' title="bbox 1939 5137 2734 5208; baseline -0.006 -13"><span class='ocrx_word' id='word_1_629' title='bbox 1939 5156 2076 5205; x_wconf 85' lang='lat' dir='ltr'><strong>rum,</strong></span> <span class='ocrx_word' id='word_1_630' title='bbox 2108 5147 2164 5194; x_wconf 90' lang='lat' dir='ltr'><strong>ct</strong></span> <span class='ocrx_word' id='word_1_631' title='bbox 2195 5137 2734 5208; x_wconf 79' lang='lat' dir='ltr'><strong>Apollinarianorum.</strong></span> 
     </span>
    </p>
   </div>
   <div class='ocr_carea' id='block_1_109' title="bbox 1932 5259 3508 5328">
    <p class='ocr_par' dir='ltr' id='par_1_109' title="bbox 1932 5259 3508 5328">
     <span class='ocr_line' id='line_1_109' title="bbox 1932 5259 3508 5328; baseline -0.002 -14"><span class='ocrx_word' id='word_1_632' title='bbox 1932 5259 2010 5316; x_wconf 88' lang='lat' dir='ltr'><strong>De</strong></span> <span class='ocrx_word' id='word_1_633' title='bbox 2054 5261 2234 5315; x_wconf 87' lang='lat' dir='ltr'><strong>ordine</strong></span> <span class='ocrx_word' id='word_1_634' title='bbox 2294 5259 2614 5328; x_wconf 85' lang='lat' dir='ltr'><strong>singularum</strong></span> <span class='ocrx_word' id='word_1_635' title='bbox 2661 5259 2983 5328; x_wconf 65' lang='lat' dir='ltr'><strong>dioeceseon,</strong></span> <span class='ocrx_word' id='word_1_636' title='bbox 3028 5267 3074 5311; x_wconf 90' lang='lat' dir='ltr'><strong>et</strong></span> <span class='ocrx_word' id='word_1_637' title='bbox 3127 5259 3191 5310; x_wconf 87' lang='lat' dir='ltr'><strong>de</strong></span> <span class='ocrx_word' id='word_1_638' title='bbox 3231 5259 3508 5326; x_wconf 72' lang='lat' dir='ltr'><strong>prit‘ilcgiil</strong></span> 
     </span>
    </p>
   </div>
   <div class='ocr_carea' id='block_1_110' title="bbox 1998 5327 3507 5452">
    <p class='ocr_par' dir='ltr' id='par_1_110' title="bbox 1998 5327 3507 5452">
     <span class='ocr_line' id='line_1_110' title="bbox 1998 5327 3507 5452; baseline -0.002 -69"><span class='ocrx_word' id='word_1_639' title='bbox 1998 5348 2113 5452; x_wconf 53' lang='lat' dir='ltr'><strong>Zur:</strong></span> <span class='ocrx_word' id='word_1_640' title='bbox 2134 5327 2419 5452; x_wconf 78' lang='lat' dir='ltr'><strong>gyptiis,</strong></span> <span class='ocrx_word' id='word_1_641' title='bbox 2443 5329 2774 5383; x_wconf 77' lang='lat' dir='ltr'><strong>Antiocltenis</strong></span> <span class='ocrx_word' id='word_1_642' title='bbox 2821 5327 3507 5398; x_wconf 79' lang='lat' dir='ltr'><strong>Constantinopolilanisque</strong></span> 
     </span>
     <span class='ocr_line' id='line_1_111' title="bbox 2039 5417 2270 5452; baseline 0 0"><span class='ocrx_word' id='word_1_643' title='bbox 2039 5420 2065 5452; x_wconf 87' lang='lat' dir='ltr'><strong>e</strong></span> <span class='ocrx_word' id='word_1_644' title='bbox 2101 5418 2163 5452; x_wconf 85' lang='lat' dir='ltr'><strong>en</strong></span> <span class='ocrx_word' id='word_1_645' title='bbox 2190 5417 2270 5452; x_wconf 85' lang='lat' dir='ltr'><strong>ur.</strong></span> 
     </span>
    </p>
   </div>
   <div class='ocr_carea' id='block_1_111' title="bbox 2039 5417 2270 5454">
    <p class='ocr_par' dir='ltr' id='par_1_111' title="bbox 2039 5417 2270 5454">
     <span class='ocr_line' id='line_1_112' title="bbox 2039 5417 2270 5454; baseline -0.004 -1"><span class='ocrx_word' id='word_1_646' title='bbox 2039 5417 2270 5454; x_wconf 72' lang='grc' dir='ltr'><strong>εοεηηιγ.</strong></span> 
     </span>
    </p>
   </div>
   <div class='ocr_carea' id='block_1_112' title="bbox 2004 5507 3505 5580">
    <p class='ocr_par' dir='ltr' id='par_1_112' title="bbox 2004 5507 3505 5580">
     <span class='ocr_line' id='line_1_113' title="bbox 2004 5507 3505 5580; baseline -0.006 -14"><span class='ocrx_word' id='word_1_647' title='bbox 2004 5509 2224 5566; x_wconf 78' lang='lat' dir='ltr'><strong>CLXIV.</strong></span> <span class='ocrx_word' id='word_1_648' title='bbox 2267 5509 2367 5577; x_wconf 89' lang='lat' dir='ltr'><strong>Qui</strong></span> <span class='ocrx_word' id='word_1_649' title='bbox 2396 5519 2520 5566; x_wconf 91' lang='lat' dir='ltr'><strong>sunt</strong></span> <span class='ocrx_word' id='word_1_650' title='bbox 2545 5525 2704 5580; x_wconf 84' lang='lat' dir='ltr'><strong>super</strong></span> <span class='ocrx_word' id='word_1_651' title='bbox 2724 5509 2996 5564; x_wconf 72' lang='lat' dir='ltr'><strong>ditecesim</strong></span> <span class='ocrx_word' id='word_1_652' title='bbox 3027 5507 3280 5576; x_wconf 79' lang='lat' dir='ltr'><strong>episcOpi,</strong></span> <span class='ocrx_word' id='word_1_653' title='bbox 3307 5520 3505 5574; x_wconf 78' lang='lat' dir='ltr'><strong>nequa-</strong></span> 
     </span>
    </p>
   </div>
   <div class='ocr_carea' id='block_1_113' title="bbox 310 5636 3504 5730">
    <p class='ocr_par' dir='ltr' id='par_1_113' title="bbox 310 5636 3504 5730">
     <span class='ocr_line' id='line_1_114' title="bbox 310 5636 3504 5730; baseline -0.006 -18"><span class='ocrx_word' id='word_1_654' title='bbox 310 5636 670 5730; x_wconf 51' lang='lat' dir='ltr'><strong>:Eeﬁfj&#39;flum</strong></span> <span class='ocrx_word' id='word_1_655' title='bbox 700 5639 894 5692; x_wconf 70' lang='grc' dir='ltr'><strong>υίίίηιίε</strong></span> <span class='ocrx_word' id='word_1_656' title='bbox 923 5645 1217 5710; x_wconf 55' lang='lat' dir='ltr'><strong>septimana:</strong></span> <span class='ocrx_word' id='word_1_657' title='bbox 1241 5654 1422 5730; x_wconf 80' lang='lat' dir='ltr'><strong>quinta</strong></span> <span class='ocrx_word' id='word_1_658' title='bbox 1454 5648 1606 5722; x_wconf 77' lang='lat' dir='ltr'><strong>feria.</strong></span> <span class='ocrx_word' id='word_1_659' title='bbox 1642 5646 1907 5703; x_wconf 74' lang='lat' dir='ltr'><strong>Caeterum</strong></span> <span class='ocrx_word' id='word_1_660' title='bbox 1949 5652 2128 5702; x_wconf 74' lang='lat' dir='ltr'><strong>textus</strong></span> <span class='ocrx_word' id='word_1_661' title='bbox 2173 5644 2331 5715; x_wconf 88' lang='lat' dir='ltr'><strong>hujus</strong></span> <span class='ocrx_word' id='word_1_662' title='bbox 2372 5645 2573 5703; x_wconf 85' lang='lat' dir='ltr'><strong>codicis</strong></span> <span class='ocrx_word' id='word_1_663' title='bbox 2623 5660 2768 5715; x_wconf 68' lang='lat' dir='ltr'><strong>saepe</strong></span> <span class='ocrx_word' id='word_1_664' title='bbox 2816 5659 3009 5713; x_wconf 75' lang='lat' dir='ltr'><strong>magna</strong></span> <span class='ocrx_word' id='word_1_665' title='bbox 3049 5641 3377 5699; x_wconf 86' lang='lat' dir='ltr'><strong>obscuritate</strong></span> <span class='ocrx_word' id='word_1_666' title='bbox 3430 5641 3504 5697; x_wconf 87' lang='lat' dir='ltr'><strong>Ia-</strong></span> 
     </span>
    </p>
   </div>
   <div class='ocr_carea' id='block_1_114' title="bbox 239 5711 607 5765">
    <p class='ocr_par' dir='ltr' id='par_1_114' title="bbox 239 5711 607 5765">
     <span class='ocr_line' id='line_1_115' title="bbox 239 5711 607 5765; baseline -0.024 0"><span class='ocrx_word' id='word_1_667' title='bbox 239 5711 416 5765; x_wconf 75' lang='lat' dir='ltr'><strong>borat.</strong></span> <span class='ocrx_word' id='word_1_668' title='bbox 454 5711 607 5759; x_wconf 76' lang='lat' dir='ltr'><strong>Enn.</strong></span> 
     </span>
    </p>
   </div>
   <div class='ocr_carea' id='block_1_115' title="bbox 493 5800 1065 5864">
    <p class='ocr_par' dir='ltr' id='par_1_115' title="bbox 493 5800 1065 5864">
     <span class='ocr_line' id='line_1_116' title="bbox 493 5800 1065 5864; baseline 0.01 -6"><span class='ocrx_word' id='word_1_669' title='bbox 493 5800 769 5860; x_wconf 69' lang='grc' dir='ltr'><strong>ιἰτιοι..</strong></span> <span class='ocrx_word' id='word_1_670' title='bbox 817 5801 1065 5864; x_wconf 73' lang='lat' dir='ltr'><strong>LXVII.</strong></span> 
     </span>
    </p>
   </div>
   <div class='ocr_carea' id='block_1_116' title="bbox 2949 5805 2989 5866">
    <p class='ocr_par' dir='ltr' id='par_1_116' title="bbox 2949 5805 2989 5866">
     <span class='ocr_line' id='line_1_117' title="bbox 2949 5805 2989 5866; baseline 0 0"><span class='ocrx_word' id='word_1_671' title='bbox 2949 5805 2989 5866; x_wconf 70' lang='grc' dir='ltr'><strong>(ι</strong></span> 
     </span>
    </p>
   </div>
  </div>
