3988 6344
436 323 521 377 171

426 451 585 505 quam
610 433 679 499 ad
718 432 983 489 Ecelesias
1011 447 1129 503 qua:
1158 439 1282 487 sunt
1310 440 1461 486 extra
1490 430 1740 503 praeﬁxos
1772 434 1872 488 sibi
1898 441 2009 487 ter-
2039 445 2085 499 Α

428 527 599 580 minos
623 524 905 591 accedant,
931 539 1031 578 nec
1059 538 1152 579 eas
1180 524 1282 581 hac
1312 524 1735 592 prtesumptione
1780 523 2008 578 confun-

425 614 555 669 dant
575 632 586 665 :
606 613 718 679 sed,
738 612 890 682 juxta
913 627 1169 678 canones,
1200 612 1596 673 Alexandrinus
1625 613 1877 678 antistes,
1893 627 2011 682 qua:

427 714 552 761 sunt
588 705 639 759 in
670 703 909 775 IEgypto
936 712 1091 771 regat
1116 704 1481 769 solummodo,
1514 714 1570 759 et
1616 704 1851 760 Orientis
1900 706 2015 774 epi-

426 797 574 868 scopi
602 794 878 861 Orientem
927 804 1133 857 tantum
1176 796 1500 864 gubernem,
1540 797 1767 851 servatis
1794 796 2011 865 privile-

427 887 527 956 giis
576 900 695 954 quze
739 885 965 940 Nemnis
1010 887 1310 940 canonihns
1362 885 1616 940 Ecclesirc
1666 886 2014 940 Antiochena:

430 980 628 1035 tributa
671 987 814 1033 sunt.
849 978 1058 1032 Asiana:
1107 994 1321 1048 quoque
1350 979 1649 1034 dimccseos
1677 978 1917 1049 episcopi
1949 992 2012 1035 ea

429 1072 601 1127 solum
632 1086 751 1139 qua:
779 1079 900 1125 sunt
942 1071 992 1123 in
1024 1071 1223 1125 Asiana
1267 1072 1487 1126 dimcesi
1524 1072 1853 1142 dispensent.
1906 1071 2016 1127 Nec

429 1176 536 1215 non
568 1168 622 1214 et
649 1158 804 1215 Ponti
834 1160 1075 1229 episcopi
1107 1174 1170 1215 ea
1196 1170 1401 1216 tantum
1427 1176 1546 1230 quae
1569 1169 1693 1216 sunt
1721 1162 1773 1215 in
1818 1161 2011 1226 Ponto,

430 1258 485 1305 et
540 1248 893 1304 Thraciarum
941 1264 1060 1317 qua:
1114 1249 1166 1303 in
1209 1248 1457 1304 Thraciis
1524 1257 1649 1304 sunt
1694 1250 2012 1317 gubernem.

431 1340 547 1396 Non
575 1340 752 1395 vocati
782 1348 962 1394 autem
984 1340 1226 1413 episcopi
1270 1341 1411 1395 ultra
1435 1357 1587 1396 suam
1610 1342 1884 1397 dimcesim
1908 1357 2013 1396 non

430 1433 713 1494 accedant.
734 1441 958 1502 propter
984 1432 1362 1491 ordinationes
1391 1434 1666 1489 iaciendas
1691 1434 1777 1489 vel
1795 1441 2018 1503 propter

432 1524 564 1578 alias
587 1522 1021 1594 dispensationes
1040 1524 1457 1578 ecclesiasticas.
1480 1524 1706 1578 Servata
1727 1538 1856 1577 vero
1898 1511 2018 1592 quin

433 1614 630 1683 scripta
674 1621 760 1668 est
800 1613 868 1669 de
913 1613 1393 1681 gubernationibus
1441 1616 1648 1684 regula,
1677 1616 2015 1670 mamil'estum

433 1702 691 1773 estquod
738 1703 829 1759 illa
878 1718 1001 1773 quat
1037 1712 1167 1765 sunt
1191 1720 1287 1774 per
1322 1722 1758 1777 unamquamque
1799 1708 2017 1776 provin-

1706 320 2056 378 DIONYSIUS
2096 319 2410 379 EXIGUUS.

3592 324 3689 379 ΠΩ

2116 450 2252 488 ciam
2304 435 2471 505 ipsius
2500 434 2788 505 provinciae
2827 434 3064 505 synodus
3090 434 3384 506 dispenset,
3416 437 3555 497 sicut
3598 438 3688 493 Ni-

2113 541 2262 585 casno
2303 536 2515 583 constat
2549 527 2823 583 decretum
2859 542 2978 585 esse
3004 528 3258 583 concilio.
3292 527 3564 584 Ecclesias
3591 545 3687 582 au-

2116 626 2223 675 tem
2252 619 2350 675 Dei
2376 619 2427 673 in
2454 619 2748 675 barbaricis
2782 620 3031 686 gentibus
3057 620 3377 675 constitutas
3406 619 3691 687 gubernari
3732 670 3735 671 ν

2114 711 2383 777 convenit,
2410 710 2563 779 juxta
2602 711 3077 779 consuetudinem,
3104 725 3224 779 quae
3253 720 3335 767 est
3372 727 3403 765 a
3445 710 3693 769 Patrihus

2115 798 2420 853 observata.
2473 798 2857 854 Verumtamen
2904 798 3529 870 Constantinopolitanus
3573 801 3693 871 epi-

2115 904 2309 958 scopus
2362 889 2559 947 habeat
2609 890 2833 947 honoris
2878 890 3165 960 primatum
3218 900 3341 959 post
3390 891 3695 955 Romanum

2115 979 2426 1050 episcopum
2472 998 2485 1032 :
2530 989 2815 1052 prepterea
2867 981 3013 1049 quod
3058 981 3190 1036 urbe
3238 983 3352 1050 ipsa
3404 982 3475 1036 sit
3512 982 3697 1051 junior

2116 1068 2310 1125 Roma.

2442 1160 2521 1213 De
2550 1159 2777 1215 Maximi
2803 1162 2990 1216 illicita
3018 1162 3362 1217 ordinatione.

2187 1250 2385 1306 CLXV.
2402 1252 2480 1307 De
2494 1251 2724 1308 Maximo
2740 1251 2962 1323 Cynico,
2979 1261 3033 1307 et
3044 1251 3159 1322 ejus
3174 1252 3476 1311 inordinata
3490 1252 3696 1308 consti-

2119 1343 2345 1407 tutione,
2370 1358 2491 1412 qua:
2508 1332 2980 1412 Constantinopoli
3000 1341 3141 1399 facta
3164 1351 3268 1405 est,
3295 1341 3496 1410 placuit
3521 1355 3697 1409 neque

2117 1432 2406 1487 Maximum
2436 1435 2749 1504 episcopum
2780 1449 2918 1499 esse,
2948 1434 3032 1488 vel
3063 1434 3241 1497 fuisse,
3273 1450 3374 1488 nec
3401 1449 3496 1489 eos
3515 1435 3604 1502 qui
3625 1432 3697 1488 ab

2120 1522 2259 1592 ipso,
2290 1523 2343 1577 in
2386 1524 2628 1593 quolibet
2662 1523 2851 1592 gradu,
2883 1523 3073 1577 clerici
3124 1531 3249 1577 sunt
3288 1522 3538 1585 ordinati,
3570 1537 3695 1575 cum

2120 1612 2305 1667 omnia
2347 1627 2467 1682 qum
2511 1612 2581 1666 ab
2616 1612 2811 1667 eodem
2866 1621 3180 1683 perpetrata
3224 1618 3349 1666 sunt.
3387 1612 3442 1666 in
3490 1610 3698 1665 irritum

2120 1702 2347 1758 deducta
2378 1718 2499 1759 esse
2524 1702 2823 1758 videantur.

436 1812 3642 1841 “ww—“ww

1427 1834 1770 1951 item
1802 1834 2433 1949 accuratissume
2471 1883 2707 1946 xxvn

1240 2002 1674 2048 PROMULGATB
1731 2005 1765 2048 Δ
1800 2002 2323 2049 ΟΠΔιεῆΒΟΝΕΝἩ
2379 2001 2617 2045 8ΔΝΟΤο
2662 1997 2973 2045 αοΝοιιιο.

684 2193 763 2249 De
790 2192 1080 2248 canonibus
1104 2191 1509 2261 tutiume
1535 2190 1763 2249 concilii.
2050 2194 2096 2253 Β

507 2287 547 2344 1.
587 2285 819 2354 Regulus
863 2291 1175 2339 sanctorum
1221 2280 1463 2343 Patrum,
1496 2293 1593 2349 per
1632 2277 1840 2346 singula
1884 2292 2026 2332 nunc

440 2391 606 2447 usque
643 2373 872 2431 concilia
900 2372 1239 2433 constitutas,
1273 2369 1550 2441 proprium
1582 2367 1747 2426 robor
1776 2367 2026 2423 obtinere

440 2468 792 2527 decrevimus.

441 2611 601 2683 Quod.
626 2627 727 2668 non
770 2612 1004 2677 oporteat
1032 2605 1328 2683 episcopos,
1362 2608 1450 2683 aut
1489 2596 1761 2680 quemlibet
1789 2612 1853 2650 ex
1890 2596 2026 2649 clero

478 2670 483 2687 ⁵
514 2670 517 2671 ⁷
594 2670 601 2676 ’
803 2670 813 2677 ’
911 2691 1000 2745 per
1028 2670 1273 2745 pecunias
1303 2670 1560 2725 ordinari.

512 2790 576 2853 ιι.
615 2789 673 2847 Si
698 2786 818 2859 quis
846 2786 1136 2856 episcopus
1162 2798 1259 2857 per
1284 2780 1569 2851 pecuniam
1601 2778 1790 2835 iecerit
1813 2777 2027 2833 ordina-

444 2889 667 2949 tionem,
709 2891 765 2939 et
804 2881 903 2936 sub
941 2877 1125 2951 pretio,
1156 2876 1426 2949 redegerit
1464 2875 1724 2945 gratiam,
1767 2888 1887 2943 qua:
1922 2888 2028 2926 non

444 2983 623 3048 potest
666 2970 854 3035 vendi,
904 2966 1337 3036 ordiaaveritque
1376 2981 1473 3035 per
1514 2963 1770 3035 pecunias
1818 2962 2027 3033 episco-

448 3082 597 3137 pum,
626 3070 722 3125 aut.
747 3060 1140 3135 presbyterum,
1171 3064 1269 3119 aut.
1289 3055 1596 3118 diaconum,
1626 3053 1713 3109 vel
1740 3052 2032 3122 quemlibet

452 3179 519 3217 ex
564 3162 648 3217 his
691 3159 783 3229 qui
811 3161 1270 3213 conuumerantnr
1299 3151 1352 3206 in
1382 3150 1555 3213 clero,
1582 3156 1676 3204 aut
1700 3146 2033 3219 promoverit

446 3271 545 3327 per
591 3252 851 3325 pecunias
898 3248 1347 3319 dispensatorem,
1400 3250 1494 3297 aut
1538 3241 1897 3303 defensorem,
1946 3237 2030 3293 vel

445 3359 791 3420 quemquam,
823 3342 911 3413 qui
938 3339 1213 3408 subjectus
1235 3345 1319 3392 est
1343 3336 1562 3407 regulae,
1591 3350 1689 3407 pro
1710 3348 1809 3388 suo
1834 3331 2030 3403 turpis-

446 3439 569 3494 simi
588 3437 720 3493 lucri
745 3432 1028 3491 commodo
1054 3449 1068 3486 :
1092 3430 1153 3494 is,
1184 3428 1268 3483 cui
1299 3429 1400 3485 hoc
1428 3424 1713 3487 attentanti
1746 3422 2031 3493 probatum

448 3527 624 3593 tuerit,
655 3523 857 3597 proprii
888 3520 1085 3593 gradus
1114 3517 1353 3589 periculo
1379 3513 1695 3584 subjacebit.
1729 3511 1792 3565 Et
1824 3510 1912 3579 qui
1944 3525 2031 3564 or-

447 3579 778 3680 dinatuslestl,
811 3579 939 3667 nihil
964 3625 1030 3664 ex
1052 3579 1152 3663 hac
1178 3606 1540 3670 ordinatione,
1562 3603 1649 3658 vel
1670 3601 2030 3673 promotione,
2060 3579 2105 3640 (ἶ

450 3722 569 3779 quae
596 3714 679 3762 est
719 3720 814 3774 per
854 3699 1276 3769 negotiationem
1323 3696 1485 3761 laeta,
1530 3692 1811 3766 proliciat:
1843 3689 1937 3746 sed
1966 3691 2037 3743 sit

448 3798 654 3852 alienus
689 3809 719 3849 a
760 3792 1042 3861 dignitate,
1073 3788 1157 3843 vel
1188 3787 1570 3851 sollicitudine,
1602 3798 1761 3853 quam
1792 3780 2034 3852 pecuniis

448 3886 708 3963 quaesivit.
745 3886 799 3942 Si
828 3884 949 3953 quis
978 3897 1106 3938 vero
1137 3878 1405 3936 mediator
1428 3887 1538 3932 tam
1570 3874 1817 3944 turpibus
1841 3882 1897 3926 et
1935 3888 2032 3925 ne-

448 3982 618 4039 fandis
665 3979 802 4034 datis
830 3978 915 4031 vel
945 3975 1185 4045 acceptis
1233 3969 1506 4026 exstiterit
1536 4007 1550 4032 ,
1583 3966 1851 4036 siquidem
1875 3963 2035 4019 cleri-

449 4090 543 4129 cus
572 4072 749 4132 fuerit,
781 4066 1001 4138 proprio
1029 4063 1202 4133 gradu
1231 4061 1475 4125 decidat;
1497 4058 1543 4114 si
1573 4071 1703 4113 vero
1729 4055 1919 4121 laicus,
1941 4063 2036 4110 aut

450 4161 765 4225 monachus,
794 4154 1301 4211 anathematizetur.

452 4273 601 4340 Quod
638 4288 740 4333 non
785 4276 1031 4341 oporteat
1058 4267 1342 4341 episcopos,
1386 4263 1603 4341 cici-iras
1638 4269 1687 4314 et
1725 4257 2030 4323 monachos,

870 4338 1070 4410 pra'di'a
1089 4335 1274 4390 ’aiiena
1305 4335 1611 4389 conducere.

517 4452 606 4509 lli.
646 4449 900 4507 Pervenit
929 4448 997 4503 ad
1025 4458 1271 4503 sanctam
1322 4443 1587 4516 synodum
1619 4440 1762 4510 quod
1791 4438 2032 4508 quidam,

450 4545 541 4615 qui
589 4545 641 4599 in
689 4542 836 4598 clero
883 4540 1131 4597 videntur
1177 4534 1377 4600 allecti,
1411 4540 1631 4604 propter
1674 4531 1818 4595 lucra
1860 4525 2035 4596 turpia

450 4637 811 4694 conductores
834 4634 1136 4690 alienarum
1166 4628 1567 4701 possessionum
1601 4624 1751 4688 liant,
1782 4630 1837 4677 et
1862 4635 2031 4674 smcuo

452 4730 584 4784 laria
632 4727 851 4797 negotia
881 4725 981 4780 sub
1023 4737 1149 4778 cura
1191 4736 1288 4776 sua
1332 4717 1667 4786 suscipiant:
1698 4712 1791 4766 Dei
1822 4709 2035 4781 quidem

451 4819 804 4881 ministerium
828 4813 1301 4887 parvipendentes,
1323 4808 1655 4863 saecularium
1679 4818 1811 4859 vero
1833 4802 2036 4857 discuro

451 4920 630 4966 rentes
657 4908 867 4972 domos,
900 4914 955 4960 et
996 4912 1217 4974 propter
1254 4902 1534 4965 avaritiam
1585 4894 2031 4967 patrimoniorum

447 4998 837 5058 sollicitudines
875 5006 1217 5050 assumentes.
1274 4992 1522 5053 Decrevit
1567 4989 1746 5056 itaque
1789 4992 2032 5039 sanctum

448 5096 555 5151 hoc
597 5100 956 5165 magnumque
1004 5084 1315 5148 concilium,
1363 5082 1567 5136 nullum
1616 5078 1890 5145 deinceps,
1924 5088 2033 5127 non

449 5181 783 5255 episcopum,
816 5192 923 5231 non
967 5176 1242 5241 clericum,
1274 5173 1359 5227 vel
1403 5168 1750 5231 monachum,
1782 5173 1874 5219 aut
1902 5178 2032 5233 pos-

448 5276 721 5334 sessiones
770 5270 1114 5333 conducere,
1165 5274 1260 5320 aut
1306 5264 1536 5332 negotiis
1582 5257 1927 5315 smcularibus
1974 5269 2032 5308 se

449 5366 699 5429 miscere,
753 5370 950 5432 prteter
996 5356 1354 5431 pupillorum,
1400 5354 1446 5407 si
1490 5349 1630 5406 torto
1673 5348 1820 5415 leges
1858 5345 2039 5413 impo~

449 5464 598 5519 nant,
628 5449 1051 5509 iucxcnsabllem
1099 5459 1305 5506 curam,
1339 5450 1431 5497 aut
1475 5437 1705 5495 civitatis
1745 5434 2030 5504 episcopus

448 5544 938 5605 ecclesiasticarum
984 5552 1163 5592 rerum
1204 5531 1625 5588 sollicitudinem
1655 5524 1860 5580 habere
1890 5537 2029 5592 pne-

447 5639 629 5711 cipiat,
678 5641 771 5689 aut
818 5630 1204 5701 orphanorum,
1255 5634 1312 5679 et
1356 5622 1636 5677 viduarum
1665 5658 1680 5685 ,
1737 5626 2030 5683 carumque

449 5748 566 5804 qm
605 5730 724 5786 sine
772 5724 881 5784 ulla
927 5720 1234 5792 provisione
1281 5725 1406 5773 sunt
1479 5724 1835 5785 personarum
1862 5749 1877 5773 ,
1910 5720 2030 5785 quae

454 5824 685 5878 maxime
744 5814 1111 5874 ecclesiastico
1160 5809 1402 5879 indigent
1447 5804 1755 5875 adjutorio,
1806 5805 2027 5871 propter

2124 2191 2370 2246 timorem
2387 2188 2597 2245 Domini
2618 2202 2781 2249 causa
2800 2187 3074 2259 deposcat.
3096 2183 3152 2241 Si
3177 2185 3294 2254 quis
3320 2192 3496 2241 autem
3521 2194 3704 2244 trans-

2124 2281 2271 2361 gredi
2316 2280 2384 2337 de
2433 2289 2629 2345 cetero
2672 2286 2868 2337 statuta
2906 2276 3212 2342 tentaret-it,
3268 2274 3571 2347 hujusmodi
3613 2292 3705 2335 ec-

2126 2371 2444 2427 clesiasticis
2474 2367 2929 2439 increpationibus
2957 2365 3277 2435 subiacebit.

2128 2480 2206 2544 De
2238 2483 2431 2536 honore
2458 2479 2723 2534 monac/tis
2758 2487 3099 2548 competente,
3136 2486 3188 2532 et
3218 2484 3293 2533 ιιι·
3314 2477 3487 2532 nullus
3525 2493 3706 2535 coruus

2200 2561 2355 2605 tentet
2376 2550 2722 2629 ecclesiastica
2753 2556 2841 2601 aut
2873 2546 3143 2601 Stroulart'a
3164 2548 3449 2629 inquietare
3472 2548 3702 2629 negotia,

2197 2638 2288 2704 nec
2334 2622 2564 2702 dienam
2609 2635 2811 2672 sentum
2856 2624 3045 2689 prater
3090 2618 3461 2671 conscientiam
3502 2617 3721 2671 domini

2199 2710 2308 2763 ejus
2338 2707 2617 2760 suscrpere.

2197 2784 2284 2838 IV.
2328 2782 2432 2849 Qui
2462 2796 2587 2836 vere
2636 2788 2692 2837 et
2719 2780 2928 2837 sincere
2963 2777 3297 2853 singularem,
3317 2784 3592 2833 seetantur
3619 2776 3705 2828 vi-

2132 2889 2265 2946 tam,
2301 2885 2674 2949 competenter
2714 2877 3048 2933 bonorentur
3083 2894 3096 2925 ;
3129 2873 3381 2941 quoniam
3418 2886 3547 2925 vero
3581 2872 3710 2942 qui-

2132 2969 2276 3036 dam,
2304 2977 2519 3024 utentes
2558 2966 2744 3025 habitu
2773 2966 3047 3033 monachi,
3097 2964 3457 3020 ecclesiastica
3491 2965 3723 3036 negotia,

2132 3060 2411 3130 civiliaque
2432 3058 2775 3122 contui-bant,
2808 3058 3200 3112 circumeuntes
3231 3053 3594 3110 indiﬂ‘erenter
3617 3070 3713 3108 ur-

2131 3148 2247 3213 bes,
2280 3163 2381 3203 nee
2408 3163 2515 3202 non
2542 3156 2597 3201 et
2619 3146 2944 3201 monasteria
2978 3145 3079 3199 sibi
3125 3147 3387 3198 instruere
3414 3151 3715 3208 tentantes,

2132 3240 2335 3317 placuit
2355 3239 2555 3294 nullum
2578 3239 2795 3307 quidem
2823 3253 3047 3307 usquam
3077 3235 3345 3291 tcdilicare
3389 3245 3483 3289 aut
3506 3238 3715 3295 consti-
3754 3242 3767 3243 ί

2134 3340 2288 3396 tuere
2331 3332 2737 3395 monasterium,
2780 3329 2867 3384 vel
2913 3328 3174 3383 orationis
3215 3327 3469 3389 domum,
3513 3334 3717 3396 praeter

2135 3394 2519 3478 codscientiam
2560 3421 2791 3477 civitatis
2827 3420 3083 3490 episcopi.
3117 3418 3412 3475 Monachus
3435 3432 3565 3472 vero
3610 3432 3712 3486 per

2138 3528 2570 3583 unamquamque
2614 3513 2916 3575 civitatem,
2960 3520 3053 3565 aut
3098 3512 3389 3578 regionem,
3436 3508 3717 3577 subjectos

2136 3618 2256 3658 esse
2293 3602 2571 3673 episcOpo,
2598 3610 2652 3657 et
2677 3604 2919 3673 quietem
2956 3601 3200 3669 diligere,
3237 3607 3293 3655 et
3326 3600 3564 3653 intentos
3591 3611 3717 3653 esse

2137 3693 2509 3749 tantummodo
2540 3693 2765 3763 jejunio,
2791 3701 2845 3748 et
2876 3692 3126 3757 orationi,
3158 3692 3212 3745 in
3239 3690 3371 3745 locis
3402 3689 3597 3759 quibus
3623 3703 3717 3745 re-

2137 3787 2524 3843 nuntiaverunt
2551 3787 2748 3842 saaculo
2798 3791 3197 3856 permanentes.
3235 3783 3347 3838 Nec
3379 3781 3717 3838 ecclesiasti-

2136 3879 2215 3938 cis
2242 3894 2393 3946 vero,
2416 3894 2517 3937 nec
2544 3878 2888 3934 saecularibus
2921 3878 3150 3946 negotiis
3174 3876 3591 3941 communicent,
3625 3874 3721 3930 vel

2138 3971 2192 4025 in
2221 3970 2399 4039 aliquo
2427 3972 2536 4025 sint
2564 3970 2802 4035 molesti,
2826 3970 3044 4039 propria
3094 3970 3415 4023 monasteria
3456 3967 3723 4022 deseren-

2137 4072 2219 4120 tes
2241 4103 2257 4129 ,
2285 4064 2390 4118 nisi
2429 4061 2569 4117 forte
2608 4061 2692 4116 bis
2731 4061 3075 4131 praecipiatur
3104 4068 3327 4129 propter
3353 4073 3488 4128 opus
3518 4072 3722 4113 neces-

2136 4157 2335 4213 sarium
2364 4155 2432 4210 ab
2460 4154 2714 4225 episcopo
2744 4154 2996 4208 civitatis.
3040 4151 3253 4205 Nullum
3298 4164 3427 4205 vero
3470 4149 3722 4219 recipere

2136 4248 2191 4302 in
2220 4244 2565 4301 monasteriis
2599 4260 2813 4299 servum
2852 4244 3080 4298 obtentu
3113 4242 3384 4309 monachi,
3413 4251 3611 4309 praeter
3633 4240 3723 4295 sui

2136 4337 2339 4393 domini
2386 4336 2793 4391 conscientiam.
2844 4331 3351 4401 Transgredientem
3397 4345 3528 4385 vero
3576 4330 3726 4387 hanc

2137 4427 2499 4482 deﬁnitionem
2551 4435 2791 4479 nostram
2823 4421 3346 4478 exeommunieatum
3375 4434 3493 4474 esse
3521 4418 3724 4473 dect-eo

2136 4520 2329 4585 vimus,
2382 4532 2450 4573 ne
2493 4531 2692 4571 nomen
2734 4516 2827 4569 Dei
2868 4513 3290 4584 blasphemetur.
3332 4511 3727 4566 Verumtamen

2136 4612 2445 4683 episcopum
2475 4608 2724 4665 convenit
2751 4607 2981 4663 civitatis
3015 4612 3411 4675 competentem
3439 4611 3730 4659 monaste-

2136 4707 2337 4761 riorum
2361 4694 2751 4774 providentiam
2772 4714 2980 4771 gerere.

2246 4818 2375 4883 Non
2408 4814 2885 4887 transmigrandum.
2907 4813 2971 4877 de
2999 4812 3207 4877 civitate
3230 4812 3289 4869 iit
3313 4810 3592 4864 civitatem.

2206 4921 2272 4976 V.
2305 4920 2379 4980 De
2400 4920 2482 4983 Itis
2508 4918 2603 4987 qui
2624 4916 2999 4989 transmissum
3028 4911 3099 4974 de
3116 4912 3334 4971 civitate
3368 4910 3425 4966 in
3443 4909 3749 4971 civitatem

2141 5011 2429 5084 θνλεωρὶε.
2477 5018 2575 5071 aut.
2621 5006 2855 5073 clericis,
2893 5004 3100 5074 placuit.
3136 5010 3196 5061 ut
3231 5014 3469 5063 canones
3511 4998 3608 5069 qui
3651 5000 3736 5054 de

2140 5104 2241 5158 hac
2268 5118 2326 5157 re
2355 5117 2385 5155 a
2428 5084 2628 5155 sanctis
2672 5095 2922 5157 Pultibus
2946 5092 3129 5158 statuti
3159 5097 3290 5149 sunt
3326 5089 3564 5151 habeant
3593 5105 3737 5159 pro-.-

2137 5195 2308 5264 priam
2337 5191 2661 5247 ﬁrmitatem.

2247 5302 2397 5371 Quod
2422 5319 2524 5357 non
2554 5308 2784 5371 oporteat
2811 5295 3041 5351 absolute
3069 5291 3320 5367 quoslibet
3349 5289 3607 5344 ordinari.

2212 5422 2295 5477 Vl.
2339 5418 2555 5475 Nullum
2582 5416 2831 5474 absolute
2844 5411 3080 5470 ordinari
3101 5409 3300 5467 debona
3322 5405 3765 5476 presbyterum,

2140 5524 2237 5571 aut
2258 5514 2567 5577 diaconum,
2596 5523 2697 5563 nec
2723 5504 3016 5574 qmiihel
3044 5503 3097 5558 in
3125 5498 3296 5570 gradu
3314 5494 3689 5555 emlesiutlco
3734 5534 3778 5562 ,

2138 5606 2241 5662 nisi
2281 5602 2584 5675 specialiter
2624 5597 2876 5654 Ecclesia
2912 5592 3162 5658 civitatis,
3200 5597 3296 5647 aut
3338 5584 3789 5658 possessin

2140 5708 2232 5759 aut
2256 5694 2515 5767 martyrii,
2549 5699 2642 5746 aut
2670 5688 2980 5744 monasterii
3006 5686 3096 5756 qui
3125 5678 3449 5740 ordinandus
3471 5686 3556 5733 est
3597 5691 3787 5746 ι)το-

2138 5789 2430 5845 nuntietur.
2479 5785 2580 5851 Qui
2623 5798 2753 5839 vero
2798 5780 3041 5836 absolute
3089 5774 3403 5832 ordinantur
3479 5768 3779 5832 decrevi;
