3988 6344
245 244 342 305 173

1215 228 1442 286 CODEX
1480 225 1807 284 CANONUM
1844 218 2545 279 EGCLESIASTICORUM.

2632 194 2657 213 κ

3410 210 3515 263 ΓΗ

236 367 425 420 sancta
469 352 709 427 synodus
752 348 957 405 irritam
1002 344 1187 400 haberi
1228 341 1596 411 hujuscemodi
1625 352 1823 393 manus
1853 341 1904 399 Α
1928 352 2063 401 mus,
2112 344 2166 388 et
2212 349 2319 389 non
2367 326 2819 385 commendatitiis
2846 323 3061 391 litteris,
3110 330 3333 393 propter
3362 324 3515 390 quod

237 448 661 521 impositionem,
691 450 745 497 et
770 452 1033 508 nusquam
1061 450 1221 507 posse
1248 432 1551 487 ministrare
1580 429 1648 485 ad
1676 429 1823 484 ordi-

238 541 423 599 nantis
450 535 725 606 injuriatn.

240 651 323 707 De
348 651 552 705 clericis
580 652 629 699 et
668 640 934 698 monachis
974 654 1079 693 non
1126 633 1449 691 manentibus
1495 633 1553 686 in
1581 647 1673 687 suo
1696 648 1816 699 pro-

959 710 1145 780 posito.

320 810 428 865 ΠΙ.
467 807 570 875 Qui
612 803 779 861 semel
809 802 863 856 in
902 800 1049 856 clero
1076 796 1317 866 deputati
1344 802 1487 856 sunt,
1519 800 1612 846 aut
1638 805 1829 845 mona-

238 903 470 959 chorum
497 898 665 953 vitam
695 894 1089 964 expetiverunt,
1110 888 1415 949 statuimus,
1442 898 1618 952 neque
1639 882 1704 936 ad
1734 882 1835 935 mi-

237 994 440 1055 litiam,
472 1004 649 1059 neque
682 987 750 1042 ad
787 984 1099 1052 dignitatem
1136 979 1364 1049 aliquam
1393 972 1578 1033 venire
1608 972 1833 1029 munda-

243 1099 394 1145 nam,
428 1090 519 1135 aut
546 1080 651 1133 hoc
675 1084 962 1137 tentantes,
991 1079 1045 1126 et
1067 1084 1175 1124 non
1204 1075 1421 1136 agentes
1442 1063 1831 1134 paenitentiam,

241 1173 537 1245 quominus
583 1167 809 1223 redeant
853 1164 919 1218 ad
948 1164 1055 1217 hoc
1099 1159 1243 1228 quod
1277 1164 1499 1228 propter
1528 1154 1694 1209 Deum
1726 1153 1836 1222 pri-

242 1263 411 1319 mitus
439 1261 735 1332 elegerunt,
769 1250 1229 1310 anathematizari.

242 1372 328 1430 De
373 1374 574 1428 clericzs
615 1374 700 1442 qui
729 1378 848 1422 sunt
891 1367 949 1419 in
989 1363 1225 1434 ptochiis,
1286 1360 1633 1442 monasteriis,
1684 1368 1835 1438 atque

323 1429 785 1513 martyriis,'quw_
811 1442 923 1513 sub_
948 1429 1201 1504 potestate
1244 1432 1601 1501 episwporum
1652 1429 1836 1481 unius-

319 1507 567 1584 cujuipae
591 1507 812 1564 civitatis
839 1507 1090 1560 existunt.

318 1626 454 1683 VIII.
485 1623 687 1681 Clerici
724 1621 817 1691 qui
843 1616 1213 1690 prrellciuntnr
1239 1614 1476 1685 ptochiis
1506 1614 1590 1667 vel
1620 1613 1711 1681 qui
1741 1628 1837 1666 or-

1926 424 2396 484 commendatitias
2422 423 2629 475 litteras
2667 416 3105 473 honoratioribus
3135 410 3521 469 tantummodo

1926 518 2167 590 praestari
2200 515 2449 586 personis
2478 511 2787 568 conveniat.

1932 628 2001 683 Ut
2029 641 2349 699 nequaquam
2394 625 2447 703 in
2488 623 2617 677 duos
2646 620 3068 748 39:79:10“!th
3113 616 3385 689 provincia
3422 615 3513 671 di-

2609 710 2656 747 u:
2697 712 2729 744 ιι
2752 709 2834 745 ur.

2609 709 2834 747 utantur.

2000 787 2111 842 Xll.
2145 786 2396 843 Pervenit
2424 785 2489 840 ad
2521 800 2620 839 nos
2667 782 2811 854 quod
2838 780 3079 852 quidam,
3104 787 3297 849 praeter
3327 776 3512 843 eccle-

1932 881 2146 936 siastica
2173 886 2371 934 statuta
2396 878 2675 937 facientes.
2711 876 3067 931 convularunt
3094 872 3162 927 ad
3190 879 3513 941 potestates.

1934 982 1990 1028 et
2015 988 2111 1043 per
2139 971 2521 1043 pragmaticam
2548 969 2772 1023 formam
2796 968 2849 1021 in
2871 967 2978 1021 dno
2998 979 3159 1019 unam
3184 962 3520 1034 provinciam

1935 1067 2269 1131 diviserunt,
2324 1064 2397 1119 ita
2427 1072 2486 1117 ut
2532 1078 2598 1116 ex
2638 1062 2739 1115 hoc
2786 1058 2930 1114 facto
2959 1058 3067 1113 duo
3108 1052 3518 1125 metropolitani

1936 1173 2055 1213 esse
2081 1156 2364 1213 videantur
2392 1155 2445 1208 in
2472 1168 2581 1208 una
2610 1151 2886 1221 provincia
2912 1167 2926 1202 :
2959 1147 3145 1203 statuit
3173 1158 3303 1216 ergo
3330 1150 3520 1200 sancta

1937 1252 2177 1323 synodus
2217 1250 2285 1304 de
2328 1248 2535 1316 reliquo
2566 1245 2697 1300 nihil
2726 1245 2792 1299 ab
2826 1241 3095 1313 episcOpis
3146 1239 3253 1294 tale
3293 1235 3520 1299 tentari,

1939 1339 2142 1408 alioqui
2188 1337 2280 1406 qui
2330 1338 2437 1391 hoc
2494 1335 2711 1389 adnisus
2774 1333 2939 1389 fuerit
2985 1330 3278 1385 amissione
3322 1325 3521 1403 gradus

1938 1428 2144 1498 proprii
2175 1425 2491 1496 subjaccbit.
2524 1424 2867 1491 Quaecunque
2892 1436 3022 1476 vero
3050 1420 3296 1475 civitates
3329 1415 3520 1470 litteris

1941 1517 2310 1589 imperialibus
2355 1514 2760 1587 metropolitani
2787 1511 3021 1567 nominis
3047 1510 3257 1565 honore
3280 1505 3523 1561 subnixa:

1941 1616 2089 1677 sunt,
2114 1609 2322 1664 honore
2350 1604 2723 1660 tantummodo
2748 1602 3113 1673 perfruantur,
3143 1606 3199 1653 et
3225 1596 3318 1666 qui
3345 1593 3524 1649 Eccle-

243 1721 503 1777 dinantnr
527 1719 581 1771 in
620 1711 978 1775 monasteriis,
1008 1716 1065 1763 et
1108 1706 1344 1762 basilicis
1372 1714 1686 1774 martyrum,
1738 1702 1837 1757 sub
1870 1741 1913 1799 Β
1944 1698 2077 1754 siam
2123 1697 2241 1767 ejus
2270 1697 2534 1764 gubernat
2562 1694 2846 1763 episcopus
2869 1731 2885 1757 ,
2935 1689 3098 1745 salvis
3144 1686 3355 1743 scilicet
3381 1697 3523 1737 vero:

246 1810 635 1879 episcoporum
661 1803 751 1874 qui
800 1802 854 1856 in
880 1811 1202 1868 unaquaque
1229 1794 1446 1850 civitate
1469 1801 1609 1856 sunt,
1641 1805 1837 1846 secun-

248 1900 381 1955 dum
411 1906 721 1977 sanctorum
750 1892 968 1947 Patrum
1012 1887 1353 1948 traditiones,
1403 1890 1678 1955 potestate
1715 1897 1843 1953 per-

253 1998 534 2058 maneant,
582 2002 684 2044 nec
728 2000 829 2058 per
876 1981 1277 2040 contumaciam
1329 1979 1397 2033 ab
1428 1978 1689 2047 episcopo
1743 1992 1844 2032 suo

248 2080 543 2138 dissiliant.
602 2076 704 2145 Qui
752 2090 884 2131 vero
926 2071 1130 2127 audent
1169 2077 1416 2125 evertere
1473 2067 1844 2137 hujuscemodi

250 2172 485 2227 formam
512 2180 837 2239 quocunque
878 2164 1057 2229 modo,
1108 2178 1211 2217 nec
1240 2160 1461 2232 proprio
1491 2159 1847 2229 subjiciuntur

248 2264 515 2334 episc0po
540 2303 555 2329 ,
584 2257 846 2328 siquidem
872 2255 1057 2311 clerici
1090 2262 1234 2319 sunt,
1268 2268 1535 2307 canonum
1558 2251 1851 2321 correptio-

254 2354 418 2406 uihns
445 2348 840 2419 subjacebunt;
889 2344 937 2399 si
964 2358 1094 2399 vero
1122 2340 1247 2398 laici
1296 2341 1383 2396 vel
1428 2340 1686 2396 monachi
1730 2338 1847 2395 fue-

254 2444 386 2508 rint,
419 2438 803 2497 communione
825 2437 1131 2508 priventur.

254 2555 417 2622 Quod
436 2572 540 2610 non
568 2560 802 2624 oporteat
826 2550 1061 2624 clericos,
1089 2546 1335 2624 habentes
1362 2543 1609 2598 adversus
1631 2545 1853 2624 inricem-

330 2614 857 2697 ugotia,_br_op_rium
880 2619 1177 2697 epismpum
1206 2617 1516 2687 relinquere,
1546 2624 1596 2669 et
1634 2614 1705 2668 ad
1743 2631 1847 2669 ste-

331 2689 539 2752 cstleria
792 2689 1085 2745 consolare.

331 2786 425 2843 IX.
456 2785 516 2841 Si
543 2785 661 2856 quis
688 2783 920 2839 clericus
945 2780 1202 2837 adversus
1228 2779 1486 2841 clericum
1535 2778 1704 2833 habet
1752 2793 1849 2834 ne-

256 2883 494 2955 gotium,
528 2895 635 2935 non
663 2879 879 2934 deserat
906 2877 1220 2947 episcopum
1247 2876 1552 2946 proprium,
1574 2884 1629 2929 et
1657 2875 1725 2930 ad
1746 2890 1851 2930 sae-

258 2975 471 3032 cularia
496 2981 779 3044 percurrat
814 2969 1015 3040 judicia
1039 2987 1053 3021 :
1087 2967 1182 3023 sed
1210 2967 1360 3037 prius
1390 2966 1531 3022 actio
1559 2966 1852 3021 ventiletur

261 3064 414 3136 apud
441 3064 751 3133 episcopum
779 3059 1077 3131 proprium,
1126 3058 1216 3113 vel
1262 3064 1410 3112 certe
1453 3055 1681 3120 consilio
1710 3056 1853 3125 ejus-

262 3119 395 3213 dem
425 3119 662 3227 episcopi
687 3194 703 3219 ,
748 3119 897 3223 apud
914 3167 1051 3223 quos
1077 3157 1317 3219 utrmque
1344 3156 1529 3219 partes
1566 3119 1853 3214 voluerint,
1882 3119 1926 3180 Ο

261 3248 528 3320 judicium
570 3247 943 3303 continebunt.
994 3244 1051 3299 Si
1098 3244 1218 3314 quis
1270 3250 1451 3297 autem
1501 3249 1697 3311 praeter
1741 3241 1855 3297 hinc

266 3339 481 3407 fecerit,
514 3336 787 3392 canonicis
814 3333 1244 3404 correptionibus
1272 3331 1593 3401 subjaccbit.
1629 3329 1785 3397 Quod
1810 3330 1855 3384 si

264 3428 499 3484 clericus
518 3426 679 3481 habet
699 3439 917 3480 causam
938 3423 1196 3479 adversus
1216 3422 1525 3493 episcopum
1552 3422 1851 3491 proprium,

264 3522 354 3577 vel
384 3521 643 3575 adversus
690 3520 940 3583 alterum,
993 3515 1133 3587 apud
1161 3514 1423 3586 synodum
1453 3514 1745 3584 provincite
1769 3512 1858 3581 ju-

266 3611 503 3666 dieetur.
552 3607 706 3675 Quod
751 3607 796 3663 si
845 3606 1101 3661 adversus
1148 3604 1389 3672 ejusdem
1420 3604 1710 3673 provincia:
1738 3618 1855 3658 me-

268 3702 653 3772 tropolitanum
677 3700 966 3769 episcopus
986 3697 1073 3753 vel
1113 3695 1347 3751 clericus
1368 3695 1534 3749 habet
1558 3694 1852 3762 querelam,

262 3801 421 3864 petat
447 3792 731 3861 primatem
760 3791 1078 3852 dioeceseos,
1129 3795 1223 3845 aut
1265 3786 1451 3840 sedem
1495 3784 1661 3853 regia!
1710 3784 1857 3839 urbis

263 3882 899 3951 Comminupolitaaaa.
938 3887 995 3935 et
1020 3877 1169 3948 apud
1191 3878 1363 3947 ipsum
1387 3875 1676 3940 iudicetur.

267 3996 425 4062 Quod
450 4010 555 4050 non
584 3994 736 4047 liceat
753 3993 997 4046 clericum
1018 3991 1073 4043 in
1096 3988 1317 4042 duarum
1344 3989 1606 4040 civitatum
1632 3984 1859 4038 ecclesiis

904 4063 1225 4114 ntinistrore.

340 4156 411 4213 ἰ.
443 4156 562 4212 Nm
590 4156 755 4210 licere
783 4153 1040 4209 clericum
1091 4152 1145 4204 in
1173 4150 1401 4209 deorum
1429 4148 1705 4203 civitatum
1734 4162 1862 4203 con-

264 4248 434 4305 scribi
463 4245 622 4301 simul
652 4242 915 4307 ecclesiis,
949 4249 1015 4296 et
1033 4241 1087 4294 in
1116 4254 1224 4309 qua
1264 4238 1418 4293 initio
1446 4237 1728 4292 ordinatus
1754 4245 1859 4304 est,

267 4348 330 4395 et
355 4337 424 4397 ad
451 4351 616 4406 quam
644 4333 907 4402 confugit,
956 4331 1115 4400 quasi
1143 4329 1215 4384 ad
1248 4329 1538 4398 potionem,
1584 4328 1655 4382 ob
1685 4327 1862 4381 inanis

266 4431 461 4503 ﬂos-ite
495 4427 870 4499 cupiditatem.
914 4423 1031 4480 Hoc
1077 4431 1260 4477 autem
1313 4421 1572 4477 facientes
1616 4420 1861 4475 revocari

270 4491 478 4580 Tum
504 4491 755 4574 adsuunt
774 4517 1085 4583 ecclesiam,
1136 4516 1191 4569 in
1218 4530 1325 4585 qua
1352 4513 1603 4584 primitus
1628 4511 1860 4566 ordinati
1894 4491 1943 4550 θ

272 4620 419 4677 sunt,
460 4618 517 4665 et
567 4609 643 4663 ibi
686 4605 1065 4662 tantummodo
1110 4606 1439 4660 ministrare.
1492 4601 1550 4658 Si
1595 4618 1727 4658 veno
1751 4604 1861 4671 jam

273 4704 398 4773 quis
425 4701 718 4757 translatus
746 4707 828 4754 est
856 4714 924 4753 ex
954 4696 1059 4752 alia
1089 4696 1144 4751 in
1173 4695 1333 4751 aliam
1365 4692 1668 4758 ecclesiam,
1714 4692 1864 4761 prio-

274 4798 351 4853 ris
376 4795 643 4859 ecclesiae,
674 4792 761 4848 vel
808 4790 1190 4863 martyriorum
1229 4800 1349 4855 quae
1377 4785 1476 4840 sub
1505 4800 1568 4840 ea
1598 4791 1740 4850 sunt,
1773 4790 1865 4837 aut

276 4888 643 4960 ptoehiorutu,
673 4892 767 4939 aut
793 4879 1252 4941 xenodocbiorum
1275 4877 1438 4933 rebus
1465 4875 1520 4929 in
1551 4874 1699 4929 nullo
1718 4889 1868 4929 eom-

276 4980 538 5039 mtmicet.
585 4976 697 5037 Eos
721 4991 854 5033 vero
897 4974 988 5044 qui
1037 4971 1155 5028 ausi
1185 4970 1401 5034 fuerint,
1440 4976 1563 5037 post
1591 4965 1864 5020 defuiilio-

276 5085 406 5129 non
436 5082 642 5137 magum
688 5076 744 5122 et
771 5064 1093 5127 universalis
1122 5060 1281 5130 hujus
1312 5057 1522 5131 synodi,
1576 5055 1865 5127 quidquam

277 5179 349 5219 ex
372 5162 459 5216 his
488 5174 609 5229 qua:
634 5166 760 5213 sunt
789 5155 1078 5227 prohibita,
1110 5158 1440 5223 perpetrare,
1474 5147 1714 5203 decrevit
1740 5162 1867 5203 san-

275 5266 365 5315 cta
393 5251 635 5325 synodus
665 5266 695 5305 a
722 5249 944 5321 proprio
986 5243 1293 5317 hujusmodi
1323 5240 1491 5312 gradu
1516 5238 1795 5293 recedere.

279 5371 435 5439 Quod
458 5387 559 5423 non
591 5376 827 5438 Oporteat
849 5359 1281 5439 egenisept'stolia
1302 5356 1479 5439 _tribtti
1506 5354 1871 5439 :_Itousstiores

494 5426 661 5493 autem
692 5426 1127 5490 commindatiliis
1156 5430 1340 5484 litteris
1369 5426 1670 5499 approbari.

354 5553 442 5610 XI.
477 5550 679 5607 Θηιιθε
706 5562 992 5620 pauperes,
1044 5552 1099 5600 et
1144 5542 1445 5613 indigentes
1492 5537 1713 5602 auxilio,
1746 5551 1870 5591 cum

280 5645 698 5717 proﬁciscuntur
726 5640 825 5695 sub
867 5637 1209 5708 probatione,
1259 5629 1523 5705 epistoliis
1576 5626 1661 5682 vel
1693 5624 1869 5680 eccle-

280 5714 523 5796 siastic‘l
562 5730 797 5805 pacificis
823 5728 1190 5789 tantummodo
1216 5718 1590 5790 commendari
1631 5714 1871 5777 decrevi-

1946 1789 2263 1861 metropulis
2292 1787 2585 1858 privilegiis
2611 1787 2738 1843 suis.

1949 1900 2099 1966 Quod
2126 1918 2230 1956 non
2275 1894 2508 1969 oporteat
2538 1898 2834 1969 peregrinos
2874 1894 3088 1969 doricas
3129 1892 3241 1946 sine
3268 1902 3518 1944 commen-

2342 1968 2545 2023 datitiis
2586 1968 2772 2022 litteris
2812 1968 3130 2021 ministrare.

2019 2061 2152 2116 XIII.
2185 2061 2505 2135 Peregrinos
2529 2060 2777 2127 clericos,
2806 2065 2861 2111 et
2889 2057 3137 2121 lectores,
3164 2054 3219 2107 in
3260 2051 3365 2105 alia
3394 2049 3532 2106 civi-

1950 2164 2093 2223 tate,
2124 2164 2321 2225 prater
2364 2152 2835 2209 commendatans
2881 2150 3090 2204 litteras
3135 2147 3217 2202 sui
3268 2144 3532 2216 cpiscOpi,

1950 2262 2213 2316 nusquam
2243 2246 2461 2317 penitus
2488 2245 2793 2300 ministrare
2821 2240 3042 2298 debere.

1952 2356 2104 2424 Quod
2144 2374 2251 2414 non
2293 2359 2448 2413 liceat
2488 2358 2684 2438 clerico.
2713 2370 2928 2409 mrem
2980 2361 3135 2410 secta
3175 2354 3390 2411 ulterius
3434 2368 3531 2407 ac-

2639 2442 2825 2497 apere.

2023 2519 2158 2575 XIV.
2188 2520 2459 2588 Quoniam
2482 2520 2539 2574 in
2566 2518 2882 2587 quibusdam
2903 2515 3194 2589 provinciis
3222 2530 3536 2574 concessisti

1953 2619 2039 2668 est
2065 2612 2365 2668 lectoribus
2399 2618 2454 2667 et
2508 2609 2697 2681 psaltis
2725 2623 2923 2663 uxores
2948 2607 3169 2677 ducere,
3196 2608 3384 2664 statuit
3412 2623 3538 2663 sau-

1954 2711 2045 2760 eta
2090 2703 2327 2775 synodus
2378 2718 2488 2758 non
2535 2702 2700 2758 licere
2744 2701 2994 2771 cuiquam
3040 2714 3109 2755 ex
3161 2699 3247 2755 his
3292 2699 3542 2769 accipere

1952 2803 2115 2853 secta:
2143 2794 2364 2849 alterius
2389 2808 2636 2849 uxorem.
2675 2792 2778 2859 Qui
2807 2805 2937 2847 vero
2965 2806 3032 2846 ex
3066 2790 3375 2860 hujusmodi
3401 2804 3535 2845 con-

1950 2884 2100 2956 jugio
2122 2884 2234 2954 jam
2265 2883 2402 2939 ﬁlios
2428 2890 2803 2954 susceperunt,
2832 2881 3095 2953 siquidem
3118 2880 3376 2954 prscventi
3416 2887 3542 2937 sunt

1955 2989 2017 3037 ut
2042 2995 2110 3035 ex
2137 2994 2198 3036 se
2224 2978 2437 3048 genitos
2462 2977 2604 3047 apud
2632 2976 2917 3031 haereticos
2941 2973 3303 3045 baptizarent,
3343 2971 3543 3029 offerre

1958 3085 2054 3127 eos
2082 3068 2338 3125 Ecclesia:
2370 3067 2655 3123 catholica:
2683 3064 3049 3122 communioni
3084 3064 3409 3134 conveniet,
3433 3079 3543 3121 non

1959 3161 2260 3231 baptizatos
2289 3167 2469 3214 autem
2500 3174 2607 3214 non
2636 3172 2796 3229 posse
2835 3157 3060 3212 ulterius
3089 3156 3233 3228 apud
3258 3155 3543 3211 haereticos

1957 3249 2239 3320 baptizari.
2289 3247 2395 3303 Sed
2433 3262 2611 3317 neque
2637 3246 2881 3317 copulari
2911 3244 3074 3300 debet
3114 3253 3342 3316 nuptura
3373 3244 3544 3298 haere-

1959 3342 2092 3408 tico,
2125 3340 2332 3406 Iudaeo,
2383 3341 2470 3396 vel
2518 3354 2729 3412 pagano
2758 3383 2773 3408 ,
2823 3339 2924 3394 nisi
2967 3338 3107 3394 forte
3151 3337 3433 3407 promittat
3477 3336 3544 3393 ad

1958 3432 2316 3487 orthodoxam
2350 3431 2506 3486 fidem
2537 3446 2595 3486 se
2620 3445 2905 3501 personam
2954 3428 3253 3483 orthodoxe
3283 3427 3544 3497 copulati-

1958 3521 2081 3576 dam
2111 3522 2422 3577 transferre.
2481 3519 2538 3575 Si
2583 3521 2703 3589 quis
2755 3529 2935 3573 autem
2983 3521 3124 3573 hanc
3169 3517 3543 3573 definitionem

1959 3620 2162 3667 sanctae
2191 3612 2385 3683 synodi
2415 3619 2784 3678 transgressus
2812 3608 2994 3678 fuerit,
3026 3607 3356 3680 correptioni
3385 3623 3546 3664 cano—

1958 3705 2095 3761 nica:
2124 3704 2446 3772 subjaccbit.

2370 3815 2447 3871 De
2473 3816 2781 3871 diaconissis
2815 3816 3137 3869 mulieribus.

2030 3907 2144 3965 XV.
2194 3908 2560 3964 Diacouissam
2610 3924 2719 3964 non
2769 3906 3121 3962 ordinandam
3167 3914 3292 3961 ante
3343 3921 3545 3963 annum

1959 4001 2450 4072 quadragesimum,
2478 4008 2533 4055 et
2560 4000 2699 4054 hanc
2729 4014 2855 4053 cum
2894 4013 3105 4054 summe
3135 3999 3453 4055 libramine:
3503 3999 3547 4056 si

1960 4108 2090 4148 vero
2117 4092 2415 4163 suscipiens
2444 4106 2638 4146 manus
2666 4092 3087 4161 impositionem,
3128 4098 3191 4145 et
3212 4090 3547 4159 aliquantum

1963 4186 2220 4255 temporis
2250 4186 2303 4237 in
2335 4184 2637 4239 ministerio
2663 4198 3011 4252 permanens,
3044 4182 3389 4251 semetipsam
3438 4190 3550 4236 tra-

1962 4278 2053 4333 dat
2080 4277 2300 4347 nuptiis,
2331 4276 2513 4345 gratiae
2544 4274 2638 4329 Dei
2666 4273 3044 4330 contumeliam
3078 4273 3296 4337 faciens,
3328 4273 3550 4326 anathe-

1964 4369 2250 4423 matizetur
2279 4365 2587 4435 hujusmodi
2616 4382 2738 4421 cum
2768 4381 2833 4420 eo
2862 4365 2953 4434 qui
2980 4363 3154 4418 eidem
3205 4363 3509 4434 copulatur.

2555 4477 2632 4531 De
2661 4476 2962 4548 virginibus.

2038 4568 2172 4625 XVI.
2219 4568 2492 4639 Virginem
2527 4582 2644 4637 quae
2694 4581 2753 4620 se
2792 4565 2902 4619 Deo
2933 4563 3160 4618 Domino
3190 4564 3549 4629 consecravit,

1967 4662 2213 4718 similiter
2236 4669 2291 4715 et
2311 4659 2652 4724 monachum,
2685 4672 2792 4711 non
2815 4656 2977 4711 licere
3003 4654 3265 4724 nuptialTa
3281 4653 3399 4723 jura
3422 4668 3550 4709 con-

1969 4759 2221 4813 trahere:
2271 4754 2414 4825 quod
2444 4755 2489 4809 si
2535 4754 2638 4807 hoc
2678 4750 2881 4805 inventi
2916 4747 3117 4804 fuerint
3150 4755 3551 4818 perpetrantCs,

1970 4852 2523 4909 excommunicentur.
2566 4843 2957 4902 Confitentibus
2986 4850 3167 4897 autem
3216 4841 3555 4897 decrevimus

1971 4954 2030 4999 ut
2058 4945 2255 4999 habeat
2282 4941 2656 4995 auctoritatem
2689 4936 2929 5006 ejusdem
2957 4933 3059 4988 loci
3086 4932 3374 5003 episcopus
3402 4932 3556 4987 misc-

1974 5034 2260 5090 ricordiam
2285 5030 2781 5095 humanitatemque
2811 5024 3011 5094 largiri.

2569 5145 2645 5201 De
2672 5143 2954 5215 parochiis.

2047 5243 2206 5301 XVII.
2239 5242 2578 5311 Singularum
2620 5236 2984 5317 E.cclesiarum
3016 5231 3244 5295 rusticas
3272 5228 3560 5302 parochias

1981 5338 2068 5394 vel
2097 5335 2468 5409 possessiones
2511 5344 2731 5384 manere
2760 5328 3109 5382 inconcussas
3157 5323 3262 5376 illis
3293 5318 3562 5389 episcopis

1976 5432 2069 5501 qui
2098 5445 2192 5487 eas
2218 5427 2454 5482 retinere
2482 5430 2799 5485 noscuntur,
2842 5427 2896 5473 et
2940 5417 3195 5478 maxime,
3247 5413 3291 5465 si
3324 5425 3419 5480 per
3451 5418 3555 5462 tre-

1975 5524 2250 5591 cennium,
2278 5535 2372 5576 eas
2396 5518 2599 5587 absque
2625 5515 2676 5571 vi
2706 5514 3033 5572 obtinentes,
3072 5508 3171 5562 sub
3200 5502 3560 5573 dispensatio-

1978 5636 2046 5675 ne
2087 5623 2387 5672 rexerunt:
2436 5610 2580 5683 quod
2619 5608 2663 5661 si
2703 5608 2839 5661 intra
2880 5599 3199 5657 tricennium
3235 5598 3372 5652 facta
3405 5594 3562 5647 fuerit

1980 5712 2047 5769 de
2086 5709 2187 5776 bis,
2234 5706 2318 5763 vel
2354 5704 2443 5761 fiat
2472 5698 2772 5762 altercatio,
2815 5696 2978 5751 licere
3009 5692 3109 5758 eis,
3157 5689 3251 5763 qui
3293 5704 3355 5753 se
3407 5685 3562 5739 lassus
