3988 6344
400 317 502 374 175
1694 302 2044 362 DIONYSIUS
2084 301 2398 359 EXICUUS.
2516 364 2518 368 τ
3567 298 3671 350 Hii

398 433 646 484 asserunt
687 425 828 496 apud
867 433 1108 480 sanctam
1156 422 1419 493 synodum
1462 420 1752 491 provincia:
1798 419 1865 473 de
1903 417 1986 471 his
2018 418 2060 472 A
2091 429 2214 468 cere
2270 414 2624 481 tentaverint,
2681 413 2936 482 graduum
2968 426 3187 467 suorum
3216 409 3454 481 periculo
3483 411 3666 477 subia-

399 535 618 575 movere
646 527 940 574 certamen.
973 516 1128 582 Quod
1157 517 1201 570 si
1232 516 1352 582 quis
1381 529 1410 567 a
1442 512 1862 581 metropolitano
1894 509 1983 561 lae-
2093 507 2307 560 ccbunt.

398 611 562 677 dum"
596 608 738 679 aPHd
767 609 1048 677 Primatem
1079 607 1403 667 ἀίωεθεοοδν
1430 612 1522 658 ³υι
1545 602 1685 672 3P"d
1715 599 1983 654 consul”
2097 620 2170 671 De
2199 620 2399 672 clericis
2448 627 2497 670 et
2551 620 2815 672 monachis
2870 618 2974 688 qui,
3004 625 3192 688 praeter
3234 619 3548 688 voluntatem
3590 613 3672 667 sui

402 701 809 771 tinopolitanam
830 698 1013 753 sedem
1032 697 1327 766 judicetur,
1351 696 1490 750 sicut
1518 693 1764 762 superius
1786 691 1986 744 dictum
2163 689 2418 768 episcopi,
2461 689 2530 742 ad
2571 689 2748 742 urbem
2806 684 3011 758 regiam
3044 684 3546 753 Constantinopolim
3591 701 3664 736 ve-

400 805 500 851 est.
544 793 600 848 Si
645 807 750 861 qua
794 806 926 845 vero
956 791 1146 844 civitas
1195 796 1464 858 potestate
1496 781 1760 854 imperiali
1790 787 1986 834 novata

401 895 500 951 est,
551 891 642 938 aut
679 883 724 937 si
753 881 996 953 protinus
1026 881 1313 936 innovetur
1333 920 1348 946 ,
1392 876 1578 931 civiles
1605 869 1988 941 dispositiones

2166 847 2351 902 XXIII.
2405 847 2659 904 Pervenit
2709 849 2774 903 ad
2827 864 2984 904 aures
3042 847 3211 901 sancti
3263 845 3478 900 concilii
3527 844 3674 912 quod

401 986 458 1030 et
502 974 742 1045 publicas
794 971 1284 1028 ecclesiasticarum
1344 980 1561 1036 quoque
1609 960 1987 1033 parochiarum

2123 940 2309 1008 [uidam
2340 941 2538 1007 clerici,
2573 949 2627 995 et
2651 941 2918 1006 monachi,
2971 941 3166 1009 quibus
3203 939 3276 992 nil
3307 938 3372 991 ab
3413 937 3674 1005 episcopo

403 1029 620 1124 ὸτάξηθέ
647 1067 1063 1136 subsequantur.
1360 1029 1379 1036 “
1471 1029 1491 1036 ’
1612 1029 1628 1033 “
2097 1046 2195 1085 suo
2224 1033 2566 1086 commissum
2598 1042 2679 1086 est
2704 1075 2718 1099 ,
2767 1041 2849 1086 est
2875 1039 3054 1084 autem
3083 1029 3297 1098 quando
3337 1036 3393 1082 et
3437 1041 3676 1082 comnm-

2100 1122 2263 1175 nione
2310 1123 2377 1176 ab
2407 1138 2472 1176 eo
2519 1123 2814 1191 privantur,
2867 1122 3242 1192 pervenientes
3273 1119 3339 1173 ad
3370 1119 3554 1173 urbem
3583 1134 3675 1172 rc-

2099 1213 2239 1279 giain
2267 1209 2936 1280 ConstantinOpolitanam,
2970 1211 3024 1264 in
3067 1226 3128 1265 ca
3161 1210 3361 1264 diutius
3390 1211 3678 1263 immoren-

2101 1312 2207 1365 tur,
2233 1303 2529 1357 excitantes
2557 1303 2758 1367 turbas,
2783 1309 2838 1356 et
2863 1310 3062 1356 statum
3086 1301 3506 1356 ecclesiasticum
3529 1315 3678 1353 COlIl-

2102 1402 2402 1460 moventes,
2445 1393 2818 1448 subvertentes
2848 1393 3012 1447 etiam
3058 1391 3415 1460 quorumdam
3446 1391 3675 1445 domos:

2104 1484 2342 1540 decrevit
2382 1495 2569 1540 sancta
2617 1485 2854 1556 synodus
2897 1484 3202 1554 hujusmodi
3251 1485 3423 1554 primo
3462 1484 3680 1552 quidem

2105 1594 2202 1648 per
2228 1577 2565 1632 defensorem
2609 1575 3215 1646 Constantinopolitana:
3261 1585 3462 1631 sanctae
3487 1574 3678 1628 Eccle-

2106 1673 2197 1726 siae
2224 1671 2574 1734 commoneri,
2610 1678 2669 1724 ut
2697 1670 3041 1739 egrediantur
3069 1672 3135 1724 ab
3163 1671 3294 1724 urbe
3328 1670 3473 1739 regia
3501 1687 3512 1721 :
3536 1669 3682 1737 quod

2107 1761 2149 1814 si
2176 1759 2364 1813 iisdem
2393 1759 2621 1826 negotiis
2649 1759 2986 1829 impudenter
3008 1759 3276 1827 insistant,
3307 1759 3470 1812 etiam
3493 1758 3686 1812 nolen-

2107 1860 2188 1906 tes
2217 1850 2356 1904 idem
2396 1848 2647 1904 defensor
2672 1849 2925 1919 expellat,
2971 1857 3027 1903 ut
3055 1849 3122 1903 ad
3165 1848 3384 1918 propria
3415 1848 3531 1902 loca
3561 1863 3683 1917 per-

2106 1942 2342 1996 veniant.

2110 2031 2259 2097 Quod
2288 2050 2392 2086 non
2437 2034 2590 2088 liceat
2629 2033 2965 2095 monasteria,
3021 2048 3134 2103 quin
3180 2039 3479 2086 consecrata
3527 2041 3684 2096 sunt,

2507 2103 2789 2156 diversoria
2821 2103 3092 2156 sa’culario
3119 2103 3253 2172 ﬁeri.

2179 2194 2362 2249 XXIV.
2395 2193 2525 2262 Quae
2555 2195 2718 2249 semel
2749 2195 2994 2259 dedicata
3025 2203 3148 2249 sunt
3175 2193 3521 2257 monasteria,
3551 2208 3688 2245 con-

2109 2286 2230 2344 silio
2281 2288 2680 2357 episcoporum,
2733 2295 2988 2341 maneant
3034 2295 3296 2358 perpetuo
3337 2284 3688 2348 monasteria,

2110 2385 2165 2430 et
2211 2391 2299 2430 res
2343 2390 2462 2444 quae
2506 2375 2572 2430 ad
2613 2391 2674 2429 ea
2725 2376 2996 2444 pertinent
3034 2375 3373 2430 monasteriis
3400 2374 3688 2436 reservari,

2111 2484 2214 2523 nec
2259 2483 2419 2538 posse
2455 2483 2517 2521 ea
2549 2469 2686 2521 ultra
2729 2467 2843 2521 ﬁeri
2891 2469 3163 2523 smcularia
3204 2467 3547 2521 habitacula:
3597 2466 3693 2533 qui

2113 2574 2243 2614 vero
2272 2559 2374 2614 hoc
2403 2559 2516 2613 fieri
2547 2560 2908 2630 permiserint,
2951 2575 3216 2615 canonum
3243 2559 3536 2614 sententiis
3564 2558 3696 2612 sub-

2112 2652 2391 2720 iacebunt.

679 1179 757 1234 De
783 1179 1166 1243 coniuratione,
1199 1177 1274 1229 vel
1301 1173 1715 1242 conspiratione.

475 1269 656 1328 XVIII.
708 1269 1111 1338 Conjurationis
1169 1267 1254 1321 vel
1315 1261 1729 1334 conspirationis
1786 1259 1994 1313 crimen

407 1373 460 1422 et
488 1366 553 1419 ab
584 1363 783 1418 exteris
815 1361 1022 1429 legibus
1051 1367 1136 1413 est
1165 1357 1386 1413 omnino
1419 1354 1752 1425 prohibitum
1783 1368 1794 1402 :
1825 1348 1996 1402 multo

413 1454 583 1522 magis
609 1454 713 1507 hoc
741 1453 792 1506 in
824 1452 914 1505 Dei
947 1449 1184 1504 Ecclesia
1215 1463 1285 1502 ne
1312 1447 1425 1514 liat,
1454 1445 1750 1498 admonere
1792 1453 1997 1495 conve-

410 1547 540 1601 niet.
575 1544 630 1598 Si
661 1542 753 1612 qui
778 1557 909 1611 ergo
940 1541 1119 1595 clerici
1168 1547 1262 1592 aut
1291 1537 1542 1591 monachi
1572 1532 1777 1603 reperti
1800 1531 2002 1585 fuerint

411 1639 780 1707 conjurantes,
812 1641 905 1689 aut
934 1632 1329 1701 conspirantes,
1364 1637 1457 1682 aut
1485 1626 1704 1681 insidias
1737 1630 2002 1693 ponentes

416 1729 685 1801 episcopis
725 1735 819 1781 aut
856 1725 1086 1791 clericis,
1138 1722 1304 1793 gradu
1350 1719 1571 1790 proprio
1613 1716 1826 1785 penitus
1870 1712 2004 1780 abji-

423 1798 653 1876 ciantur.
2036 1798 2079 1857 Β

417 1932 569 1998 Quod
609 1937 844 2002 oporteat
894 1945 990 1999 per
1040 1926 1336 2002 prouincias
1378 1923 1454 1977 bis
1498 1923 1553 1975 in
1599 1934 1738 1973 anno
1784 1915 2004 1971 concilia

1078 1997 1350 2050 celebrari.

490 2093 625 2146 XIX.
653 2091 903 2146 Pervenit
929 2088 996 2143 ad
1026 2101 1184 2142 aures
1213 2093 1445 2152 nostras,
1470 2081 1613 2152 quod
1642 2081 1696 2135 in
1719 2076 2009 2149 provinciis

419 2191 619 2242 statuta
658 2183 1036 2251 episcOporum
1084 2177 1314 2233 concilia
1360 2175 1580 2228 minime
1624 2170 2004 2230 celebrentur,

424 2283 479 2330 et
506 2289 573 2329 ex
600 2273 705 2328 hoc
735 2271 963 2341 plurima
993 2269 1335 2337 negligantur
1356 2261 1848 2319 ecclesiasticarum
1873 2271 2007 2312 cau-

425 2381 625 2431 sarum,
657 2380 776 2435 quae
811 2363 1146 2419 correctione
1193 2358 1488 2426 indigeant.
1530 2352 1780 2410 Decrevit
1830 2351 2012 2418 itaque

428 2467 614 2513 sancta
660 2455 916 2528 synodus,
965 2451 1262 2508 secundum
1303 2463 1541 2504 canones
1571 2444 1792 2499 Patrum
1834 2441 1918 2494 bis
1958 2439 2012 2492 in

431 2566 573 2607 anno
612 2551 898 2619 episcopos
923 2545 977 2598 in
1023 2544 1272 2612 idipsum,
1306 2543 1359 2594 in
1389 2550 1710 2606 unaquaque
1738 2533 2012 2603 provincia

433 2641 747 2706 convenire,
799 2652 907 2706 quo
937 2633 1386 2703 metropolitanus
1415 2630 1640 2684 antistes
1681 2623 2011 2696 probaverit,

430 2745 485 2793 et
529 2733 802 2801 corrigere
845 2727 1084 2796 singula,
1136 2725 1183 2779 si
1222 2738 1328 2793 qua
1377 2721 1623 2776 fortassis
1671 2716 2011 2773 emerserint.
2113 2716 2269 2801 Α
2317 2784 2418 2801 mn
2490 2775 2721 2801 “MM”
2783 2767 3136 2801 ΛΜΗΜΗΜΜ
3197 2723 3549 2801 Μεηηέωωω
3607 2763 3657 2801 [η

432 2765 485 2793 ει
529 2765 802 2801 υυιιιδῡιυ
846 2765 1084 2796 οιιιδιιια,
1137 2765 1183 2779 ω
1222 2765 1328 2793 t"...
1377 2765 1622 2776 ,ιη-...μην
1675 2765 2009 2773 --πυ----ηπ

432 2828 751 2894 Quicunque
781 2835 908 2875 vero
949 2833 1057 2873 non
1105 2814 1423 2870 advenerint
1471 2811 1731 2881 episcopi,
1778 2808 2017 2863 resident

2123 2765 2269 2830 Quod
2317 2784 2419 2822 non
2489 2775 2721 2836 aporteat
2782 2767 3136 2905 gignationes
3197 2765 3549 2833 episcoporum
3607 2765 3699 2814 diu

2833 2855 2847 2891 ι
2894 2852 3026 2890 erre.

433 2924 614 2969 autem
647 2914 698 2967 in
727 2911 838 2965 suis
863 2906 1193 2972 civitatibus,
1224 2911 1280 2960 et
1305 2904 1430 2968 hoc,
1461 2903 1588 2956 dum
1613 2901 1664 2954 in
1694 2914 1789 2953 sua
1819 2898 2022 2952 incolu-
2193 2926 2357 2972 xx“
2389 2928 2653 2972 nmmum
2684 2876 3026 2972 nni

498 2926 614 3015 “few
647 2929 698 2967 m
727 2926 1280 3015 ⁵“,¹⁵,⁶¹Ἳ¹ί³ξ¹ξξῗῗξξ¹’
2193 2926 2357 2982 XXV.
2389 2928 2654 2995 Quoniam
2684 2929 2902 2998 quidam
2931 2926 3492 2996 metropolitanorum,
3535 2939 3704 2992 quan.

439 3006 624 3059 milato
650 3001 972 3066 consistunt,
1021 2997 1274 3065 omnique
1303 2991 1652 3049 inexcusabili
1688 2998 1744 3045 et
1771 3003 2019 3044 necessa-

781 3017 972 3104 ξδιιιιιῑ,
1021 3017 1652 3104 (ξιιιηξίιυεξηιιιυξυςιδίξυυι
1688 3017 1744 3045 τι
1771 3017 2019 3093 ¹¹εξ⁵τῗ³ίν
2122 3026 2232 3070 tum
2263 3019 2644 3087 comperimus,
2679 3019 2952 3087 negligunt
2979 3018 3294 3074 commissos
3340 3017 3440 3071 sibi
3487 3031 3703 3086 greges,

437 3097 516 3152 ria
547 3093 904 3211 Offupatione
933 3091 1228 3161 probantur
1251 3087 1426 3152 liberi,
1456 3086 1693 3140 fraterno
1723 3086 2020 3152 corripian-
2050 3150 2094 3211 Ο
2125 3116 2180 3162 ει
2221 3086 2588 3163 ordinationes
2633 3086 3010 3179 episcoporum
3060 3107 3236 3163 facere
3273 3107 3546 3175 differunt,
3597 3109 3710 3178 νὴ,

439 3196 526 3241 ¹¹¹¹’
554 3183 770 3240 amem
826 3243 830 3247 -
2050 3183 2094 3211 υ
2129 3199 2240 3254 cuit
2265 3199 2471 3270 synodo
2513 3200 2651 3253 intra
2690 3207 2799 3254 tres
2841 3213 3053 3254 menses
3099 3198 3468 3253 ordinationes
3495 3198 3708 3266 episco-

561 3294 714 3361 Quod
733 3297 939 3350 minime
961 3294 1171 3347 clericos
1204 3291 1569 3361 ιναηδηιίξινανί
1599 3288 1890 3342 Conveniat.
2129 3304 2319 3359 porum
2349 3290 2610 3344 celebrari
2635 3308 2646 3342 :
2701 3290 2801 3343 nisi
2830 3289 2970 3344 forte
3000 3289 3292 3342 necessitas
3323 3286 3713 3341 inexcusabilis

510 3387 626 3443 XX.
660 3387 897 3443 Clericos
938 3386 991 3439 in
1030 3385 1257 3440 ecclesia
1290 3383 1676 3443 ministrantes,
1726 3383 1863 3435 sicut
1912 3380 2023 3450 jam
2131 3390 2396 3453 praeparet
2441 3391 2653 3452 tempus
2695 3382 2968 3437 dilationis
3015 3381 3234 3436 extendi
3269 3399 3281 3433 :
3335 3380 3478 3448 quod
3526 3381 3573 3434 si
3602 3379 3714 3434 hoc

442 3482 838 3548 constituimus,
886 3481 938 3534 in
971 3478 1192 3532 alterius
1236 3476 1473 3532 civitatis
1524 3475 1752 3530 ecclesia
1793 3482 2022 3529 statutos
2131 3474 2352 3528 minime
2381 3473 2590 3540 fecerit,
2621 3454 2946 3543 correptioni
2973 3473 3349 3528 ecclesiastica:
3370 3469 3673 3538 subiacebit
3699 3510 3717 3537 ,

446 3577 559 3631 licri
606 3592 712 3631 non
742 3582 958 3645 oportet
987 3590 999 3624 :
1033 3571 1128 3627 sed
1157 3578 1443 3626 contentos
1472 3583 1592 3623 esse
1645 3568 1701 3622 in
1727 3567 1923 3636 quibus
1961 3565 2028 3620 ab
2134 3573 2500 3620 verumtamen
2539 3565 2777 3620 redditus
2814 3564 3068 3618 Ecclesiae
3097 3563 3324 3616 viduatae
3373 3576 3536 3632 penes
3563 3575 3720 3617 meo-

447 3669 604 3724 initio
633 3667 935 3721 ministrare
965 3673 1302 3730 meruerunt,
1350 3662 1591 3732 exceptis
1622 3661 1726 3715 illis
1756 3661 1866 3729 qui,
1897 3674 2027 3728 pro-
2134 3669 2354 3710 nomum
2382 3653 2624 3723 ejusdem
2653 3653 2904 3709 Ecclesiae
2930 3653 3122 3721 integri
3153 3660 3515 3706 reserventur.

452 3757 598 3828 prias
628 3755 932 3810 amittentes
976 3754 1304 3824 provincias,
1336 3768 1400 3806 ex
1432 3752 1754 3806 necessitate
1783 3749 1848 3804 ad
1874 3750 2031 3804 aliam

448 3848 732 3903 ecclesiam
760 3847 1103 3900 transierunt.
1135 3843 1192 3900 Si
1222 3845 1340 3914 quis
1383 3851 1561 3898 autem
1606 3843 1888 3911 episcopus
1914 3849 2034 3910 post

450 3937 590 3991 hanc
631 3935 996 3990 definitionem
1034 3933 1332 4002 susceperit
1355 3931 1606 3986 clericum
1636 3931 1701 3983 ad
1728 3930 1888 3982 alium
1917 3928 2034 3997 epi-

451 4042 677 4097 scOpum
709 4027 1064 4096 pertinentem
1093 4066 1106 4090 ,
1139 4023 1337 4092 placuit
1363 4030 1417 4076 et
1458 4029 1767 4091 susceptum
1795 4029 1851 4075 et
1876 4021 2039 4074 susci-

455 4117 690 4185 pientem
723 4113 1103 4169 communione
1133 4112 1352 4181 privari,
1396 4109 1568 4165 donec
1605 4111 1649 4165 is
1695 4110 1787 4179 qui
1841 4109 2040 4176 migra-

456 4214 608 4260 verat
650 4204 879 4259 clericus
931 4202 999 4256 ad
1030 4202 1303 4272 propriam
1341 4200 1500 4256 fuerit
1547 4214 1824 4269 regressus
1864 4200 2040 4255 eccle-

455 4311 614 4350 suam.

2278 3766 2358 3820 De
2387 3765 2824 3836 dispensatoribus
2849 3764 3168 3834 singularum
3196 3759 3568 3814 Ecclesiarum.

2209 3858 2396 3913 XXVI.
2423 3859 2687 3924 Quoniam
2712 3856 2764 3910 in
2785 3855 3102 3925 quibusdam
3122 3852 3394 3915 Ecclesiis,
3417 3859 3474 3904 ut
3499 3864 3725 3904 rumore

2139 3953 2524 4022 comperimus,
2574 3957 2772 4019 praiter
2800 3961 3135 4012 (eeonomos,
3169 3944 3405 4014 episcopi
3432 3943 3728 3998 facultates

2142 4045 2536 4102 ecclesiasticas
2583 4051 2858 4107 tractant,
2919 4041 3121 4111 placuit
3161 4054 3376 4094 omnem
3422 4036 3727 4092 Ecclesium

2143 4139 2428 4192 habentem
2477 4136 2788 4205 episcopum
2843 4134 3045 4187 habere
3088 4145 3428 4186 (economum
3461 4127 3527 4181 de
3575 4127 3730 4182 clero

2144 4228 2385 4298 proprio,
2432 4226 2525 4295 qui
2553 4224 2829 4294 dispenset
2855 4238 2945 4277 res
2985 4220 3395 4282 ecclesiasticas,
3428 4218 3730 4274 secundum

2144 4320 2467 4375 sententiam
2497 4317 2734 4386 episcopi
2761 4315 2984 4384 proprii,
3037 4315 3109 4367 ita
3137 4320 3194 4367 ut
3223 4311 3474 4367 Ecclesia:
3503 4312 3731 4380 dispen-

563 4406 642 4461 [ηε
691 4423 1042 4477 episcoporum
1070 4415 1156 4459 aut
1184 4407 1485 4460 clericorum
1516 4404 1926 4459 accusatoribus.
2145 4414 2284 4469 satio
2314 4421 2507 4481 ρτωιθι-
2538 4408 2902 4464 testimonium
2935 4423 3040 4462 non
3071 4406 3160 4470 sit,
3209 4415 3263 4460 ει
3291 4420 3358 4459 εχ
3386 4405 3489 4460 hoc
3511 4403 3730 4474 dispar-

527 4520 667 4575 XXI.
697 4519 937 4576 Clericos
986 4529 1081 4575 aut
1130 4521 1297 4576 laicos
1362 4529 1676 4575 accusantes
1735 4520 2038 4590 episcopos,
2071 4533 2120 4594 ι)
2148 4513 2341 4575 εθιιιιπ
2365 4501 2742 4594 ecclesiasticae
2787 4499 3085 4564 ίδευιῑίηθεν
3138 4504 3195 4551 ει
3221 4496 3530 4594 δῆθεΐάοιίο
3560 4495 3735 4594 inde“

461 4622 553 4667 aut
581 4613 807 4668 clericos
837 4611 1056 4682 passim,
1099 4620 1154 4666 et
1182 4613 1298 4666 sine
1327 4610 1666 4680 probatione,
1716 4610 1783 4665 ad
1811 4626 2036 4666 accusa-

2152 4595 2404 4650 dictionis
2431 4592 2712 4660 derogatio
2743 4598 3064 4660 procuretur
3090 4607 3102 4640 :
3135 4586 3280 4656 quod
3306 4587 3352 4641 si
3382 4587 3486 4641 hoc
3507 4585 3736 4639 minime

457 4704 658 4758 tionem
690 4703 856 4772 recipi
886 4719 991 4758 non
1021 4703 1239 4769 debere,
1282 4701 1383 4759 nisi
1409 4703 1556 4772 prius
1578 4717 1764 4757 eorum
1787 4703 2042 4757 discutia-

2152 4686 2358 4753 fecerit,
2387 4685 2580 4740 divinis
2608 4682 3079 4740 constitutionibus
3111 4679 3426 4749 subjacebit.

463 4805 552 4851 tur
579 4797 992 4852 existimationis
1021 4798 1225 4867 opinio.
2542 4798 2622 4852 De
2650 4799 2730 4852 his
2775 4797 2861 4867 qui
2892 4797 3101 4865 rapiunt
3127 4795 3345 4864 puellas.

462 4904 613 4971 Quod
636 4918 740 4960 no’n
769 4907 922 4978 liceat
951 4907 1149 4960 clericis
1189 4917 1302 4976 post
1331 4918 1542 4962 mortem
1583 4910 1660 4962 sui
1703 4910 1928 4978 episwpi
1961 4925 2041 4962 res

2227 4890 2434 4945 XXVII.
2467 4891 2572 4945 Eos
2603 4890 2693 4958 qui
2739 4888 2956 4958 rapiunt
2984 4886 3257 4952 mulieres,
3289 4884 3388 4938 sub
3418 4882 3636 4936 nomine
3666 4884 3750 4935 si-

843 4976 912 5028 ad
932 4993 1045 5028 eum
1073 4974 1382 5045 pertinentes
1417 4979 1660 5047 diripere.
1729 4974 1739 4978 ’
1877 4974 1885 4978 ⁷
2156 4983 2266 5036 mul
2292 4980 2587 5045 habitandi,
2633 4984 3005 5047 c00perantes,
3052 4982 3145 5028 aut
3173 4974 3522 5027 conniventes
3551 4981 3743 5038 raptu-

533 5066 696 5122 XXII.
738 5065 855 5120 Non
884 5067 1049 5122 licere
1077 5067 1305 5135 clericis,
1336 5079 1458 5139 post
1488 5071 1694 5124 obitum
1726 5070 1806 5125 sui
1837 5071 2048 5140 episco-
2157 5075 2304 5130 ribus
2330 5113 2345 5138 ,
2390 5071 2627 5126 decrevit
2653 5076 2838 5123 saneta
2867 5066 3126 5136 synodus,
3175 5072 3231 5118 ut
3261 5063 3524 5133 siquidem
3553 5061 3742 5115 clerici

465 5160 539 5230 pi,
585 5175 672 5214 res
699 5159 766 5212 ad
795 5174 914 5214 eum
963 5160 1295 5228 pertinentes
1335 5161 1586 5231 diripere,
1639 5165 1777 5217 sicut
1817 5165 2052 5232 antiquis
2156 5170 2299 5227 sunt,
2334 5161 2586 5216 decidant
2614 5157 2780 5228 gradu
2809 5156 3029 5226 proprio
3058 5172 3074 5222 ;
3105 5154 3150 5208 si
3182 5169 3308 5208 vero
3334 5152 3476 5214 laici,
3509 5152 3744 5204 anathe-

470 5267 682 5322 quoque
709 5257 792 5306 est
831 5252 1130 5306 canonibus
1171 5254 1542 5320 constitutum.
1594 5253 1747 5320 Quod
1777 5257 1822 5310 si
1853 5258 1955 5311 hoc
1980 5257 2054 5310 fa-
2159 5257 2499 5310 matizentur.

467 5371 3745 5404 W“

1343 5458 1705 5519 CANONES
1765 5461 2052 5524 SYNODI
2108 5461 2613 5525 SARDICENSIS
2667 5460 2845 5522 XXI.

465 5621 543 5676 De
577 5621 831 5693 episcopis
866 5621 1201 5702 etiarniaica
1246 5624 1601 5702 communione
1638 5625 1926 5693 privandis,
1970 5626 2055 5694 qui
2169 5625 2318 5691 tudo,
2369 5640 2530 5694 quam
2558 5625 2860 5695 perniciosa
2903 5621 3233 5692 corruptela,
3279 5618 3514 5673 funditus
3560 5631 3769 5671 craui—

961 5700 1186 5744 civitates
1218 5701 1554 5745 mutaverunt.

2167 5719 2334 5772 cauda
2363 5726 2479 5783 est,
2515 5733 2579 5772 ne
2607 5718 2691 5772 cui
2729 5718 2886 5772 liceat
2913 5716 3168 5784 episcopo
3198 5713 3264 5767 de
3307 5712 3522 5767 civitate
3555 5725 3653 5763 sua
3687 5711 3776 5766 ad

531 5802 578 5861 ι.
610 5801 765 5862 Osius
793 5805 1076 5878 episcOpus
1100 5803 1270 5862 dixit:
1301 5804 1416 5862 Non
1447 5808 1623 5867 minus
1652 5808 1791 5866 mala
1821 5823 2056 5868 consue-
2165 5808 2326 5864 aliam
2356 5809 2581 5866 transire
2609 5808 2878 5865 civitatem
2907 5825 2919 5874 ;
2973 5806 3255 5864 manifesta
3301 5812 3386 5860 est
3411 5803 3556 5861 enim
3581 5817 3772 5861 causa
