3988 6344
284 415 388 472 177

1279 408 1501 466 ευοεχ
1536 406 1862 466 ΕΑᾸΟΝΠΜ
1901 402 2594 463 EGCLESIASTICORUM.
3457 410 3552 466 178

273 543 385 601 qua
417 530 521 586 hoc
546 528 723 583 facere
752 532 918 582 tenta!
950 562 969 592 ,
1013 536 1139 582 eum
1168 524 1348 579 nullus
1372 524 1429 578 in
1457 523 1557 577 hac
1589 536 1649 577 re
1679 522 1865 575 inven-
1894 523 1945 583 Α
1970 517 2259 573 ostendere
2305 519 2448 589 quod
2491 520 2674 590 populi
2733 528 2922 590 petant
2979 520 3079 577 sibi
3138 530 3403 579 rectorem
3428 564 3446 592 ,
3497 536 3554 582 et

273 633 365 680 tus
394 625 462 678 sit
484 623 779 693 episcopus
824 619 914 689 qui
940 618 1007 674 de
1034 617 1237 686 majore
1265 616 1485 671 civitate
1511 613 1581 668 ad
1602 613 1865 666 minorem

272 714 552 771 transiret.
596 708 752 766 Unde
781 716 1011 779 apparet
1060 706 1298 761 avaritiae
1326 706 1520 760 ardore
1550 719 1643 759 eos
1667 703 1871 757 inﬂam-

272 804 440 870 mari,
494 810 548 856 et
602 799 886 855 ambitioni
937 797 1160 863 servire,
1220 802 1276 851 et
1329 802 1388 848 ut
1443 792 1867 847 dominationem

271 899 460 959 agant.
512 889 571 943 Si
621 884 871 943 omnibus
898 885 1095 955 placet,
1142 882 1447 953 hujusmodi
1478 880 1742 951 pernicies
1770 893 1871 933 sa:-

271 983 397 1034 vius
443 988 498 1035 et
526 978 796 1033 austerius
827 975 1151 1042 vindicetur,
1182 983 1242 1028 ut
1270 988 1369 1027 nec
1396 972 1587 1026 laicam
1622 985 1868 1025 commu-

276 1073 499 1127 nionem
530 1070 726 1124 habeat
746 1068 839 1138 qui
869 1066 992 1121 talis
1017 1074 1121 1120 est.
1164 1062 1582 1134 Responderunt
1601 1059 1865 1115 universi:

278 1162 487 1217 Placet.

277 1274 414 1329 Item
435 1274 499 1328 de
525 1272 708 1327 iisdem
736 1270 1013 1341 episcopis,
1046 1278 1101 1322 ut
1140 1269 1183 1324 si
1213 1284 1303 1339 per
1324 1258 1652 1341 ambitionem
1690 1263 1862 1341 sedent

350 1345 684 1407 mutaverint,
710 1333 801 1395 nec
830 1344 886 1394 in
913 1333 1055 1394 exitu
1082 1333 1507 1399 communionem,
1552 1335 1736 1388 saltem
1765 1333 1867 1386 lai-

347 1431 487 1476 cam,
519 1423 923 1485 consequantur.

345 1504 415 1559 ll.
445 1503 604 1560 Osius
651 1504 935 1573 episcopus
978 1500 1114 1555 dixit
1138 1517 1162 1553 :~
1199 1498 1375 1553 Etiam
1417 1497 1464 1553 si
1497 1496 1618 1551 talis
1672 1492 1866 1563 aliquis

270 1597 552 1654 exstiterit
581 1594 920 1659 temerarius,
950 1600 1009 1646 ut
1036 1590 1277 1646 fortassis
1298 1588 1701 1644 excusationem
1737 1583 1868 1637 aﬂ'e-

270 1702 402 1743 rens
447 1692 723 1741 asseveret
748 1683 892 1753 quod
932 1682 1116 1752 populi
1160 1681 1369 1736 litteras
1398 1678 1687 1747 acceperit,
1742 1689 1867 1732 cum

270 1778 620 1834 manifestum
649 1778 721 1832 sit
765 1776 1007 1847 potuisse
1034 1774 1218 1843 plures
1266 1772 1489 1843 prremio
1528 1779 1583 1825 et
1610 1767 1862 1824 mercede

1973 609 2077 662 hoc
2101 608 2301 677 justum
2325 624 2461 676 esse,
2495 619 2551 663 ut
2579 620 2632 664 et
2662 610 2760 680 ipsi
2783 612 3016 675 veniant,
3043 621 3096 666 et
3122 628 3243 667 cum
3267 612 3384 683 ipso
3404 612 3553 669 ordi-

1974 709 2102 754 nent
2134 702 2465 770 episcopum.
2497 700 2650 767 Quod
2679 703 2723 755 si
2752 712 3047 758 eonventus
3075 704 3268 759 litteris
3296 704 3547 771 tacuerit,

1973 798 2027 844 et
2054 790 2484 857 dissimulaverit,
2526 792 2764 864 nihilque
2808 794 3165 863 rescripserit,
3211 793 3548 850 satisfacien-

1972 879 2099 934 dum
2129 895 2247 935 esse
2279 882 2510 950 populis,
2567 890 2627 936 ut
2668 884 2885 937 veniant
2927 899 2996 938 ex
3049 884 3222 952 vicina
3270 886 3548 954 provincia

1972 970 2229 1040 epiSCOpi,
2259 982 2315 1026 et
2342 972 2591 1027 ordinent
2620 973 2951 1044 episcopum.

1973 1083 2052 1139 De
2098 1102 2202 1141 non
2242 1086 2548 1141 ordinandis
2596 1088 2845 1169 episcopis
2902 1105 2995 1159 per
3041 1091 3178 1142 vicos
3233 1096 3282 1141 et
3320 1089 3553 1145 modicas

2641 1161 2890 1213 civitates.

2041 1244 2131 1300 Vl.
2163 1245 2398 1302 Licentia
2418 1262 2550 1303 vero
2578 1248 2751 1302 danda
2781 1264 2887 1303 non
2913 1259 2998 1305 est
3026 1249 3309 1305 ordinandi
3338 1249 3551 1319 episeo-

1970 1351 2099 1407 pum
2147 1346 2239 1391 aut
2292 1338 2345 1391 in
2403 1339 2520 1393 vico
2568 1339 2769 1408 aliquo,
2829 1349 2921 1393 aut
2971 1340 3024 1393 in
3072 1339 3280 1396 modica
3311 1341 3549 1403 civitate,

1967 1434 2075 1495 cui,
2113 1433 2306 1488 suflicit
2359 1450 2494 1488 unus
2548 1436 2845 1505 presbyter,
2895 1436 3020 1505 quia
3059 1451 3167 1490 non
3210 1442 3293 1489 est
3332 1448 3553 1489 necesse

1970 1522 2042 1577 ibi
2070 1524 2383 1593 episcOpum
2413 1524 2548 1587 ﬁeri,
2596 1539 2664 1578 ne
2713 1524 2933 1579 vilescat
2976 1540 3173 1579 nomen
3218 1524 3454 1593 episcopi
3494 1531 3553 1577 et

1969 1616 2280 1670 auctoritas.
2307 1616 2421 1670 Non
2446 1616 2644 1670 debent
2670 1616 2778 1671 illic
2804 1632 2872 1671 ex
2899 1616 3002 1670 alia
3033 1616 3308 1686 provincia
3336 1614 3548 1668 invitati

1969 1709 2146 1764 facere
2188 1710 2532 1779 episcopum,
2560 1709 2661 1764 nisi
2706 1718 2800 1764 aut
2841 1710 2893 1763 in
2944 1709 3026 1763 his
3074 1708 3384 1764 civitatibus
3429 1721 3550 1774 qua:

1966 1798 2251 1867 episcopos
2272 1796 2593 1862 habuerunt,
2620 1805 2711 1851 aut
2739 1799 2785 1851 si
2808 1813 2914 1868 qua
2946 1798 3087 1865 talis,
3115 1804 3209 1851 aut
3234 1804 3344 1849 tam
3375 1810 3549 1865 popu-

270 1868 551 1938 com’mpi
601 1866 817 1959 6053‘“.
842 1866 1110 1959 sincera“?
1156 1862 1316 1918 ﬁdem
1366 1877 1476 1917 non
1526 1861 1748 1959 bitiem’
1774 1866 1858 1959 ,m
1890 1879 1935 1940 Β
1967 1861 2083 1945 losa
2109 1861 2317 1956 civitas,
2348 1905 2465 1959 quae
2508 1861 2747 1945 meretur
2769 1861 2969 1945 habere
2998 1861 3331 1959 episcopum.
3362 1861 3418 1942 Si
3448 1861 3552 1943 hoc

271 1960 572 2014 clamarent
614 1958 667 2012 in
692 1955 955 2020 Ecclesia,
1005 1962 1062 2009 et
1091 1955 1263 2024 ipsum
1306 1960 1497 2022 petere
1547 1950 1858 2007 viderentur

271 2050 588 2118 epismpum
626 2065 640 2101 :
685 2046 906 2102 omnino
952 2046 1049 2100 bas
1098 2042 1312 2098 fraudes
1360 2040 1693 2097 damnandas
1741 2054 1861 2097 esse

270 2139 545 2202 arbitror,
595 2138 669 2191 ita
713 2146 772 2192 ut
819 2151 921 2192 nec
966 2136 1158 2191 laicam
1200 2136 1254 2189 in
1285 2135 1390 2190 ﬁne
1420 2134 1862 2189 communionem

270 2230 397 2284 talis
423 2229 671 2299 accipiat.
703 2227 759 2282 Si
789 2228 941 2283 vobis
961 2226 1210 2282 omnibus
1232 2226 1429 2297 placet,
1476 2225 1713 2280 statuite.
1761 2222 1863 2296 Sy-

268 2321 449 2376 nodus
478 2320 756 2392 respondit
790 2338 802 2373 :
835 2319 1036 2375 Placet.

272 2427 343 2484 Ut
370 2431 508 2484 inter
526 2431 787 2502 discordes
815 2432 1082 2502 episcopos
1122 2430 1859 2502 comprovinciales_antistites

342 2504 598 2567 audiant;
630 2501 765 2572 quod
803 2503 847 2572 si
878 2501 1157 2572 damnatus
1197 2500 1535 2571 appellaverit
1565 2500 1859 2556 Romanum

340 2570 660 2640 pontiﬁcem,
686 2572 741 2623 id
769 2570 1141 2625 observandum
1168 2572 1302 2641 quod
1330 2572 1439 2641 ipse
1467 2574 1745 2625 censuerit.

338 2660 431 2716 Ill.
461 2657 619 2715 Osius
639 2661 926 2729 episcopus
954 2658 1088 2713 dixit
1112 2676 1126 2712 :
1158 2658 1292 2713 Illud
1320 2674 1536 2730 quoque
1556 2661 1860 2717 necessario

268 2751 641 2821 adjiciendum
670 2759 775 2816 est,
826 2756 885 2804 ut
912 2749 1155 2819 episcopi
1201 2748 1270 2805 de
1317 2764 1415 2805 sua
1462 2750 1742 2821 provincia
1791 2752 1860 2806 ad

262 2844 433 2895 aliam
461 2841 814 2912 provinciam,
861 2842 915 2895 in
944 2856 1051 2910 qua
1089 2849 1215 2897 sunt
1243 2841 1500 2913 episcopi,
1548 2858 1656 2898 non
1687 2851 1861 2899 trans-

270 2944 403 2989 eant
424 2977 440 2999 ,
476 2936 583 2990 nisi
629 2935 769 2990 forte
799 2951 829 2989 a
858 2934 1114 2990 fratribus
1144 2936 1256 2990 suis
1278 2936 1508 3003 invitati,
1539 2952 1609 2993 ne
1640 2938 1860 2995 videan-

269 3034 361 3078 tur
400 3024 625 3092 januam
652 3026 906 3081 claudere
935 3026 1235 3081 charitatis.
1285 3027 1441 3093 Quod
1483 3028 1529 3083 si
1579 3029 1630 3083 in
1681 3030 1858 3099 aliqua

266 3117 553 3188 provincia
597 3117 792 3186 aliquis
844 3118 1132 3189 episcopus
1180 3127 1369 3174 contra
1421 3120 1643 3175 fratrem
1703 3137 1855 3176 suum

264 3207 588 3274 episcopum
612 3206 759 3260 litem
788 3206 1075 3274 habuerit,
1125 3223 1260 3263 unus
1308 3208 1377 3263 de
1420 3207 1629 3264 duobus
1656 3225 1724 3265 ex
1752 3212 1855 3265 alia

265 3296 550 3365 provincia
596 3297 824 3351 advocet
867 3297 1179 3368 episcopum
1226 3299 1579 3367 cognitorem.
1626 3299 1782 3366 Quod
1810 3302 1858 3357 si

266 3388 468 3457 aliquis
495 3389 779 3458 episcopus
796 3388 1067 3457 judicatus
1094 3391 1258 3445 luerit
1288 3392 1341 3445 in
1368 3392 1546 3461 aliqua
1581 3408 1768 3458 causa,
1799 3403 1857 3449 et

266 3492 427 3555 putat
452 3499 515 3542 se
536 3485 731 3539 bonam
760 3499 977 3539 causam
999 3485 1199 3539 habere
1223 3526 1240 3553 ,
1271 3493 1330 3540 ut
1356 3487 1549 3541 iterum
1571 3489 1856 3544 concilium

268 3585 587 3642 renovetur,
614 3580 660 3630 si
680 3577 836 3631 vobis
862 3576 1061 3647 placet,
1090 3578 1261 3633 sancti
1286 3577 1431 3634 Petri
1477 3580 1712 3649 apostoli
1741 3594 1857 3636 me-

265 3668 502 3725 moriam
530 3667 860 3721 honoremus
876 3706 892 3730 ,
922 3674 982 3721 ut
1008 3668 1273 3723 scribatur
1322 3668 1391 3723 ab
1415 3669 1498 3724 his
1522 3669 1613 3739 qui
1640 3684 1856 3725 causam

268 3758 656 3814 examinarunt
704 3756 849 3812 Julio
880 3756 1127 3814 Romano
1156 3760 1435 3830 episcopo,
1461 3768 1517 3815 et
1555 3761 1601 3816 si
1639 3760 1852 3830 judica—

267 3851 414 3903 νει-ὁὶ
450 3849 815 3904 renovandum
843 3864 965 3904 esse
988 3849 1270 3919 judicium,
1318 3860 1628 3918 renovetur,
1682 3861 1739 3909 et
1765 3853 1858 3910 det

266 3938 484 4010 iudices
508 3957 522 3992 :
552 3941 598 3995 si
627 3948 807 3995 autem
848 3942 1158 4010 probaverit
1183 3942 1346 3997 talem
1375 3958 1595 4000 causam
1625 3959 1766 4010 esse,
1796 3954 1857 4001 ut

266 4047 381 4085 non
412 4030 731 4087 refrieentur
774 4047 838 4087 ea
867 4046 987 4102 quas
1028 4040 1151 4087 acta
1195 4040 1340 4098 sunt,
1389 4048 1510 4102 quae
1554 4035 1858 4091 decreverit

264 4122 591 4177 wnlirmata
621 4130 795 4177 erunt.
840 4122 897 4176 Si
936 4122 1043 4177 hoc
1078 4123 1553 4193 omnibusrplacet.
1602 4124 1858 4196 Synodus

264 4211 552 4281 respondit
576 4230 588 4263 :
617 4209 819 4267 Placet.

437 4320 508 4375 Ut
536 4322 705 4376 nullus
737 4324 967 4377 accusati
1002 4325 1172 4378 sedem
1201 4335 1411 4396 usurpet
1440 4328 1687 4400 episc0pi.

337 4410 431 4467 IV.
485 4411 815 4467 Gaudentius
854 4415 1139 4485 episcopus
1187 4417 1359 4471 dixit:
1411 4418 1763 4486 Addendum,
1809 4421 1855 4475 si

263 4504 468 4574 placet,
501 4503 626 4558 huic
653 4504 955 4571 sententias,
984 4520 1145 4574 quam
1175 4507 1389 4576 plenam
1417 4509 1705 4563 sanctitate
1725 4524 1854 4579 pro-

1964 1981 2215 2037 omnibus
2240 1981 2436 2051 placet.
2465 1979 2715 2051 Synodus
2742 1981 3023 2051 respondit
3051 1999 3064 2036 :
3098 1980 3302 2037 Placet.

1966 2090 2043 2146 De
2068 2090 2589 2163 provincialisynodo
2613 2091 2949 2163 retractanda,
2963 2109 3053 2161 per
3072 2093 3291 2146 vicarios
3321 2092 3548 2161 episcopi

2299 2161 2441 2214 urbis
2470 2160 2669 2226 Romae,
2701 2163 2745 2214 si
2776 2162 2884 2231 ipse
2916 2160 3210 2216 decreverit.

2034 2248 2144 2306 Vll.
2192 2249 2350 2306 Osius
2374 2252 2663 2321 episcopus
2690 2251 2867 2305 dixit:
2922 2250 3129 2307 Placuit
3176 2262 3358 2308 autem
3401 2262 3461 2308 ut
3500 2254 3547 2308 si

1962 2341 2246 2411 episcopus
2266 2350 2548 2396 accusatus
2578 2340 2756 2408 fuerit,
2782 2350 2837 2396 et
2851 2341 3213 2410 jndicaverint
3230 2344 3546 2411 congregati

1962 2431 2203 2502 episcopi
2234 2431 2470 2500 regionis
2502 2432 2687 2502 ipsius,
2730 2440 2785 2486 et
2812 2432 2880 2487 de
2908 2431 3079 2500 gradu
3109 2448 3209 2487 suo
3234 2448 3358 2487 eum
3388 2434 3541 2502 deje-

1962 2523 2135 2577 cerint
2158 2560 2172 2586 ,
2205 2524 2249 2577 si
2280 2523 2633 2592 appellaverit
2671 2524 2763 2592 qui
2818 2522 3060 2592 deiectus
3104 2532 3186 2579 est
3211 2530 3266 2578 et
3295 2524 3545 2593 confuge-

1962 2613 2033 2667 rit
2060 2613 2125 2667 ad
2155 2614 2467 2683 episcopum
2514 2612 2772 2669 Romana:
2812 2612 3087 2685 Ecclesiae,
3135 2622 3190 2670 et
3218 2615 3451 2670 voluerit
3484 2632 3545 2673 se

1964 2705 2174 2769 audiri;
2217 2706 2262 2759 si
2286 2704 2489 2772 justum
2537 2706 2809 2775 putaverit
2859 2714 2918 2760 ut
2961 2716 3253 2762 renovetur
3291 2723 3543 2776 examen,

1961 2795 2199 2849 scribere
2228 2795 2310 2850 his
2363 2795 2633 2865 episcopis
2659 2795 2928 2865 dignetur,
2981 2797 3070 2867 qui
3120 2798 3173 2851 in
3216 2798 3438 2852 linititna
3489 2808 3546 2854 et

1961 2888 2260 2958 propinqua
2302 2888 2578 2958 provincia
2619 2896 2763 2953 sunt,
2797 2897 2856 2944 ut
2884 2888 2983 2958 ipsi
3011 2889 3296 2958 diligenter
3321 2891 3543 2946 omnino

1961 2982 2261 3050 requirant,
2290 2988 2346 3034 et
2369 2980 2522 3049 juxta
2552 2978 2711 3035 fidem
2742 2981 2985 3035 veritatis
3004 2980 3259 3035 definiant
3287 3001 3299 3035 :
3332 2983 3475 3052 quod
3496 2985 3543 3037 ai

1962 3071 2008 3125 is
2049 3070 2141 3139 qui
2182 3079 2335 3138 rogat
2380 3085 2596 3125 causam
2637 3084 2789 3125 suam
2838 3070 3033 3125 iterum
3065 3072 3235 3127 audiri
3286 3072 3543 3143 depreca-

1962 3162 2111 3216 tione
2137 3176 2232 3217 sua
2264 3162 2495 3216 moverit
2522 3164 2833 3232 episcopum
2859 3162 3179 3229 Romanum,
3220 3171 3280 3220 ut
3311 3179 3341 3220 e
3368 3166 3538 3220 latere

1880 3246 1927 3309 C
1960 3271 2058 3311 suo
2089 3255 2459 3327 presbyterum
2494 3255 2692 3321 mittat,
2745 3256 2850 3311 erit
2879 3256 2932 3310 in
2977 3266 3247 3326 potestate
3298 3258 3541 3329 episcopi

1961 3346 2088 3417 quid
2113 3347 2263 3409 velit,
2296 3354 2351 3401 et
2374 3345 2504 3415 quid
2532 3348 2779 3402 mstimet.
2822 3346 2886 3401 Et
2915 3350 2961 3403 si
2987 3349 3290 3405 decreverit
3318 3352 3541 3406 mitten-

1960 3437 2059 3494 dos
2095 3453 2215 3493 esse
2242 3438 2334 3507 qui
2386 3448 2679 3508 praesentes
2706 3452 2826 3494 cum
2858 3442 3123 3511 episcopis
3153 3442 3415 3511 judicent,
3444 3443 3543 3497 ba-

1959 3529 2148 3583 bentes
2176 3527 2293 3597 ejus
2321 3529 2699 3583 auctoritatem
2748 3545 2778 3583 a
2809 3544 2916 3598 quo
2947 3531 3200 3587 destinati
3245 3541 3389 3599 sunt,
3437 3534 3542 3588 erit

1959 3619 2013 3673 in
2062 3634 2161 3673 suo
2192 3616 2449 3683 arbitrio;
2499 3619 2543 3672 si
2582 3634 2712 3673 vero
2752 3618 3038 3673 crediderit
3077 3620 3361 3691 episcopos
3390 3621 3541 3676 suill-

1959 3723 2083 3765 cere
2130 3716 2189 3763 ut
2236 3710 2454 3777 negotio
2496 3709 2781 3763 terminum
2830 3710 3130 3781 imponant,
3180 3711 3339 3767 faciet
3388 3712 3538 3783 quod

1959 3798 2355 3871 sapientissimo
2384 3799 2607 3854 consilio
2632 3799 2972 3869 judicaverit.

1962 3910 2203 3980 Quando,
2249 3919 2299 3966 et
2338 3912 2392 3965 in
2433 3909 2612 3981 quibus
2639 3913 2829 3983 causis,
2871 3898 3095 3983 episcopi
3131 3916 3200 3968 ad
3240 3918 3539 3973 comitatam

2031 4050 2164 4107 VIII.
2194 4050 2352 4108 Osius
2389 3998 2672 4122 episcopi]:
2689 3982 3353 4125 fligatlmportunitates
3378 4064 3435 4111 et
3462 4057 3544 4112 ni-

1958 4143 2065 4197 mia
2108 4143 2409 4213 frequentia
2434 4184 2448 4210 ,
2480 4152 2537 4199 et
2579 4144 2791 4213 injustas
2830 4131 3119 4216 petitiones
3169 4146 3414 4203 fecerunt
3442 4165 3542 4206 nos

1959 4252 2067 4291 non
2097 4244 2301 4292 tantam
2330 4238 2530 4292 habere
2557 4237 2640 4291 vcl
2671 4240 2937 4305 gratiam,
2972 4240 3053 4294 vel
3099 4239 3343 4296 fiduciam
3368 4284 3382 4306 ,
3414 4242 3541 4297 dum

1958 4326 2175 4397 quidam
2222 4343 2328 4382 non
2376 4335 2591 4383 cessant
2616 4328 2683 4383 ad
2714 4330 3027 4385 comitatum
3070 4332 3149 4386 ire
3178 4320 3412 4403 episcopi
3441 4373 3458 4399 ,
3489 4344 3543 4391 et

1960 4417 2193 4471 maxime
2222 4416 2356 4484 Afri,
2385 4418 2493 4487 qui,
2517 4418 2655 4472 sicut
2681 4417 3031 4488 cognovimus
3050 4461 3063 4484 ,
3089 4422 3411 4475 sanctissimi
3431 4422 3542 4477 fra-

1959 4506 2054 4560 tris
2076 4515 2131 4561 et
2151 4507 2463 4576 coepiscopi-
2481 4508 2647 4563 nostri
2670 4507 2821 4563 Grati
2865 4511 3117 4565 salutaria
3141 4513 3362 4567 consilia
3392 4528 3541 4583 sper-

264 4595 437 4649 tulisti
462 4635 478 4661 ,
514 4602 573 4649 ut
596 4610 717 4649 cum
748 4594 940 4663 aliquis
969 4598 1252 4667 episcopus
1276 4599 1553 4667 depositus
1581 4600 1741 4655 fuerit
1763 4616 1853 4657 eo-
1882 4621 1937 4681 Β
1962 4606 2094 4650 nunt
2116 4606 2280 4667 atque
2318 4606 2689 4667 contemnunt,
2712 4609 2769 4653 ut
2798 4616 2904 4653 non
2929 4601 3102 4655 solum
3129 4602 3196 4656 ad
3227 4604 3541 4659 comitatum

264 4699 391 4739 rum
438 4685 818 4755 episcoporum
845 4685 1047 4753 judicio
1095 4688 1189 4757 qui
1239 4689 1292 4742 in
1325 4689 1514 4744 vicinis
1543 4690 1675 4745 locis
1704 4706 1855 4746 com-

264 4784 569 4840 morantur,
604 4783 659 4830 et
696 4778 1110 4845 proclamaverit
1142 4779 1406 4846 agendum
1448 4780 1548 4835 sibi
1578 4783 1853 4850 negotium

264 4867 320 4920 in
352 4865 489 4920 urbe
518 4864 690 4919 Roma
714 4906 729 4932 ,
762 4867 899 4921 alter
923 4868 1210 4939 episcopus
1235 4870 1289 4924 in
1319 4869 1435 4939 ejus
1454 4872 1706 4927 cathedra
1734 4882 1856 4944 post

264 4958 689 5027 appellationem
716 4958 832 5026 ejus
850 4961 940 5031 qui
970 4960 1182 5015 videtur
1209 4976 1329 5017 esse
1357 4961 1651 5033 depositus,
1681 4966 1857 5019 omni-

265 5065 339 5104 no
364 5064 477 5103 non
507 5049 785 5104 ordinetur
805 5089 820 5113 ,
854 5051 954 5105 nisi
974 5066 1135 5106 causa
1163 5050 1325 5106 fuerit
1349 5052 1401 5105 in
1418 5052 1622 5121 judicio
1645 5055 1848 5125 episco-

262 5142 319 5214 pi
349 5140 582 5196 Romani
610 5140 988 5197 determinata.

272 5251 501 5317 Quando
555 5252 667 5321 quis
726 5252 905 5306 debeat
968 5254 1236 5327 auricinis
1280 5256 1559 5325 provincia:
1602 5257 1853 5327 episcOpis

931 5323 1185 5377 ordinari.

338 5410 409 5465 ἲ.
439 5409 596 5465 Osius
622 5412 905 5483 episcopus
931 5412 1104 5467 dixit:
1131 5411 1188 5466 Si
1218 5414 1499 5484 contigerit
1531 5416 1581 5469 in
1604 5433 1706 5471 una
1730 5433 1855 5488 pro-

263 5503 465 5567 vincia,
497 5502 551 5555 in
588 5517 694 5571 qua
724 5503 939 5573 plurimi
983 5502 1183 5558 fuerint
1211 5507 1470 5576 episcopi,
1518 5523 1681 5562 unum
1713 5508 1851 5564 forte

261 5611 553 5654 remanere
578 5596 909 5667 episcopum,
942 5597 1034 5651 ille
1055 5612 1183 5653 vero
1216 5614 1313 5669 per
1342 5600 1719 5669 negligentiam
1750 5618 1852 5657 no—

264 5685 431 5743 luerit
476 5685 726 5741 ordinare
774 5688 1107 5757 episcopum,
1149 5698 1203 5743 et
1247 5691 1431 5761 populi
1478 5694 1849 5758 convenerint,

262 5783 557 5853 episcopos
583 5781 767 5835 vicina:
796 5782 1086 5852 provincize
1129 5783 1327 5841 debere
1374 5785 1521 5839 illum
1549 5786 1696 5856 prius
1720 5801 1851 5841 con-

270 5874 456 5930 venire
484 5872 794 5945 episcopum
842 5874 934 5945 qui
974 5874 1027 5932 in
1072 5892 1133 5935 ea
1174 5878 1453 5953 provincia
1485 5888 1748 5946 moratur,
1786 5886 1841 5935 et

1959 4688 2186 4752 multas,
2220 4697 2277 4743 et
2320 4689 2592 4754 diversas,
2618 4689 2864 4745 Ecclesia:
2894 4707 2999 4745 non
3030 4692 3334 4762 profuturas
3364 4695 3541 4765 perfe-

1957 4787 2081 4832 rant
2108 4794 2315 4842 causas,
2340 4792 2514 4846 neque
2537 4788 2593 4832 ut
2614 4779 2727 4835 fieri
2755 4781 2916 4848 Solet,
2945 4789 3040 4835 aut
3059 4792 3295 4851 oportet,
3328 4795 3387 4839 ut
3409 4801 3541 4854 pau-

1958 4870 2192 4939 peribus,
2222 4878 2316 4924 aut
2340 4870 2531 4935 viduis,
2573 4879 2668 4925 aut
2694 4871 2911 4941 pupillis
2938 4874 3315 4942 subveniatur,
3337 4874 3435 4930 sed
3488 4884 3543 4931 et

1956 4961 2244 5031 dignitates
2264 4962 2565 5027 sreculares,
2597 4970 2654 5016 et
2680 4962 3197 5027 administrationes,
3223 4966 3542 5035 quibusdam

1959 5053 2247 5124 postulent.
2279 5052 2403 5108 Haec
2431 5054 2612 5122 itaque
2634 5054 2868 5123 pravitas
2895 5055 3025 5109 olim
3054 5071 3161 5110 non
3192 5058 3366 5111 solum
3394 5073 3541 5112 mur-

1959 5146 2308 5212 murationes,
2359 5145 2456 5201 sed
2496 5153 2552 5202 et
2592 5146 2845 5202 scandala
2885 5149 3103 5202 excitat.
3139 5146 3436 5204 Honestum
3461 5156 3543 5205 est

1957 5248 2138 5293 autem
2174 5246 2235 5293 ut
2277 5239 2517 5308 episcopi
2559 5238 2997 5294 intercessionem
3048 5239 3133 5295 his
3160 5250 3420 5309 prtestent
3446 5238 3544 5311 qui

1958 5332 2141 5399 mutua
2168 5331 2220 5385 vi
2250 5330 2628 5401 opprimuntur
2649 5367 2664 5393 ,
2698 5339 2791 5384 aut
2826 5330 2872 5386 si
2916 5332 3072 5386 vidua
3112 5332 3399 5401 allligatur,
3448 5346 3539 5387 aut

1956 5421 2189 5492 pupillus
2214 5421 2544 5491 exspolietur
2570 5440 2581 5474 :
2609 5421 2656 5476 si
2679 5431 2858 5478 tamen
2880 5423 3065 5479 isthtec
3094 5425 3311 5478 nomina
3338 5424 3543 5493 justam

1959 5514 2192 5569 habeant
2232 5526 2453 5567 causam
2482 5520 2576 5567 aut
2605 5515 2937 5583 petitionem.
2969 5515 3025 5570 Si
3070 5514 3224 5569 vobis
3253 5528 3410 5586 ergo,
3440 5522 3542 5577 ira.

1957 5612 2066 5658 tres
2102 5602 2402 5657 charissimi
2431 5642 2446 5669 ,
2482 5604 2660 5673 placet
2688 5644 2703 5671 ,
2754 5603 3027 5659 decernite
3054 5642 3068 5669 ,
3102 5618 3169 5657 ne
3197 5606 3444 5682 episcopi
3477 5612 3543 5667 ad

1956 5693 2271 5747 comitatum
2317 5695 2612 5757 accedant,
2644 5693 2746 5747 nisi
2783 5692 2921 5746 forte
2950 5691 3001 5745 bi
3044 5692 3135 5759 qui
3164 5693 3407 5771 religiosi
3442 5702 3545 5755 im-

1954 5786 2220 5855 peratoris
2251 5786 2441 5841 litteris
2469 5785 2549 5838 vel
2596 5784 2803 5844 invitati
2850 5782 2933 5837 vel
2963 5780 3142 5837 vocati
3186 5786 3409 5846 fuerim,
3442 5792 3545 5848 Sed

1957 5876 2208 5949 quoniam
2238 5891 2380 5947 sape
2421 5875 2683 5944 contingit
2710 5883 2767 5932 ut
2795 5875 2863 5933 ad
2892 5876 3323 5939 misericordiam
3353 5884 3549 5942 Eccle.
