3988 6344
468 422 565 479 079

1747 405 2102 464 DIONYSIL'S
2132 403 2445 461 EKIGUUS.

3623 402 3707 459 (Ἀ)

465 554 555 596 sine
588 532 897 602 confugiant
938 530 1027 601 qui
1072 527 1319 598 injuriatn
1350 526 1642 596 patiuntur,
1675 530 1769 577 aut
1795 520 1886 590 qui
1918 534 2041 586 pec—
2070 522 2118 580 Α
2146 515 2465 569 memoravit
2490 515 2750 571 sanctitas
2768 519 2967 577 vestra,
2995 520 3213 583 propter
3251 510 3516 569 desideria
3534 521 3590 568 et
3617 529 3709 570 ain-

463 640 649 687 cantes
678 627 732 681 in
775 623 965 680 exsilio
1011 621 1097 676 vel
1150 619 1337 674 insulis
1379 618 1726 682 damnantur,
1772 620 1866 667 aut
1893 618 2042 665 certe

464 729 839 793 quamcunque
881 710 1202 769 sententiain
1244 708 1562 778 suscipiunt,
1618 700 2043 761 subveniendum

467 789 551 867 est
595 809 678 862 his
705 846 721 873 ,
754 812 810 860 et
856 805 976 858 sine
1027 800 1362 856 dubitatione
1408 795 1638 867 petenda
1688 789 2039 859 indulgentia.

466 908 582 959 lloc
606 912 736 967 ergo
764 892 1037 951 decernite
1060 932 1075 957 ,
1104 892 1150 948 si
1195 892 1348 945 vobis
1377 889 1571 962 placet.
1621 883 1866 941 Universi
1895 881 2045 937 dixe-

466 1000 589 1045 runt
616 1008 628 1044 :
662 988 846 1043 Placet
875 994 931 1040 et
957 984 1335 1040 constituatur.

716 1098 796 1153 De
818 1097 1049 1152 diaconis
1072 1094 1139 1147 ad
1156 1096 1450 1149 comitatum
1472 1088 1774 1161 dirigendis.

537 1190 624 1246 tx.
655 1186 812 1244 Osius
851 1188 1137 1257 episcopus
1164 1183 1299 1239 dixit
1330 1201 1343 1236 :
1376 1181 1492 1236 Hoc
1516 1193 1728 1249 quoque
1761 1172 2049 1247 providen-

467 1281 540 1335 tia
566 1288 744 1336 vestra
774 1286 1007 1332 tractare
1030 1275 1215 1338 debet,
1252 1274 1343 1342 qui
1379 1269 1711 1333 decrevistis,
1744 1282 1813 1321 ne
1842 1265 2047 1334 episeoo

468 1388 659 1444 porum
687 1369 1002 1440 improbitas
1030 1368 1253 1434 nitatur,
1284 1374 1343 1420 ut
1361 1363 1431 1418 ad
1456 1361 1770 1418 comitatum
1796 1365 2044 1428 pergant.

467 1468 782 1535 Quicunque
831 1476 961 1531 ergo
983 1501 999 1527 ,
1052 1460 1241 1528 quales
1289 1456 1534 1527 superius
1594 1450 2045 1512 memoravimus,

468 1574 652 1629 preces
672 1555 976 1617 habuerint,
994 1552 1079 1606 vel
1105 1550 1430 1619 acceperint,
1460 1563 1556 1617 per
1581 1545 1868 1601 diaconum
1893 1554 2049 1595 suum

466 1649 724 1715 mittant,
763 1644 892 1714 quia
919 1657 1149 1713 persona
1180 1639 1406 1695 ministri
1434 1636 1695 1692 invidiosa
1723 1649 1830 1688 non
1858 1640 1959 1696 est,
1995 1639 2051 1686 et

460 1753 587 1808 qum
628 1734 1024 1805 impetraverit,
1071 1731 1300 1786 celerius
1343 1728 1543 1800 poterit
1570 1725 1804 1791 referre;
1847 1731 1902 1778 et
1943 1723 2050 1777 hoc

464 1842 807 1895 consequens
858 1840 977 1880 esse
1021 1822 1247 1887 videtur,
1304 1829 1364 1875 ut
1405 1819 1473 1874 de
1508 1816 1746 1888 qualibet
1773 1814 2047 1885 provincia

2140 607 2375 665 bitiones
2399 605 2467 660 ad
2487 605 2801 662 comitatum
2823 612 3031 675 pergat,
3063 618 3161 658 nec
3182 604 3233 658 in
3257 602 3449 659 litteris
3471 603 3590 673 ejus
3607 604 3714 661 sub.

2145 698 2429 765 scribatur,
2460 712 2635 766 neque
2662 696 2716 750 in
2743 694 3175 751 communionem
3202 693 3512 764 recipiatur.
3545 694 3601 750 Si
3625 711 3708 751 ro-

2145 784 2226 840 bis
2254 785 2455 854 placet,
2488 785 2725 839 omnium
2763 782 3030 838 sententia
3057 780 3365 838 conﬁrmari
3390 783 3571 839 debet.
3595 782 3708 839 Uni-

2146 875 2289 930 versi
2325 874 2576 929 dixerunt
2620 873 2906 928 honestum
2935 886 3086 938 esse,
3118 880 3172 928 et
3218 873 3432 943 placere
3457 873 3559 929 sibi
3587 873 3713 931 hanc

2150 966 2606 1022 constitutionem.

2148 1073 2228 1129 De
2253 1076 2333 1129 his
2375 1075 2461 1147 qui
2507 1074 2752 1146 ignorant
2794 1074 2919 1146 quid
2947 1076 3014 1128 sit
3050 1074 3106 1128 in
3134 1074 3331 1144 synodo
3361 1076 3704 1130 constitutum

2223 1164 2333 1219 ΧΠ.
2363 1163 2519 1221 Osius
2562 1166 2845 1234 episcopus
2885 1164 3020 1219 dixit
3051 1183 3063 1218 :
3096 1164 3204 1220 Sed
3231 1173 3286 1220 et
3314 1166 3611 1223 moderatio
3632 1183 3710 1223 ne-

2149 1259 2385 1315 cessaria
2412 1267 2523 1328 est,
2572 1257 2911 1314 dilectissimi
2949 1258 3164 1324 fratres,
3212 1274 3281 1314 ne
3325 1260 3503 1316 subito
3552 1260 3715 1315 adhuc

2148 1349 2335 1417 aliqui,
2350 1348 2649 1404 nescientes
2669 1347 2794 1418 quid
2811 1347 3084 1404 decretum
3106 1350 3174 1403 sit
3194 1349 3245 1403 in
3267 1350 3491 1420 synodo,
3509 1352 3716 1405 veniant

2151 1438 2220 1493 ad
2261 1439 2505 1494 civitates
2550 1453 2643 1493 eas
2692 1453 2812 1507 quas
2869 1438 2922 1493 in
2977 1439 3151 1495 canali
3194 1449 3343 1494 sunt.
3391 1440 3562 1495 Debet
3592 1454 3715 1509 ergo

2145 1530 2434 1600 episc0pus
2456 1530 2686 1586 civitatis
2712 1530 2877 1600 ipsius
2907 1531 3200 1587 admonere
3216 1547 3338 1586 eum
3368 1541 3422 1587 et
3442 1534 3717 1602 instruere,

2146 1629 2290 1676 etex
2308 1634 2380 1675 eo
2409 1620 2531 1676 loco
2562 1619 2845 1675 diaconum
2870 1636 3025 1676 suum
3052 1622 3249 1679 mittat.
3280 1622 3584 1679 admunitus
3605 1624 3718 1694 ipse

2152 1721 2333 1768 tamen
2359 1712 2547 1767 redeat
2573 1712 2626 1766 in
2654 1711 2967 1782 parochiam
2993 1726 3164 1767 suam.

2367 1819 2447 1876 De
2474 1823 2619 1877 laicis
2640 1839 2743 1878 non
2766 1831 2950 1877 temere
2970 1823 3223 1893 faciendis
3246 1824 3517 1894 episcopis.

467 1918 709 1990 episcopi
754 1916 822 1971 ad
868 1930 989 1970 eum
1038 1914 1255 1968 fratrem
1293 1920 1349 1967 ει
1386 1910 1763 2004 φεβίδθίξβίξω
1799 1913 2041 2004 “ﬁrm”
2076 1883 2122 1945 Β
2224 1931 2353 1987 Xlll.
2384 1931 2831 2004 Osiusepiscopus
2852 1883 3211 1991 dixii:Ethoc
3226 1883 3723 1993 necessariumarbi-

470 2026 659 2082 preces
684 2006 1039 2076 mittant,qui
1073 2006 1125 2058 in
1156 2002 1440 2072 metropoli
1488 2000 1751 2061 consistit,
1797 2005 1854 2050 ut
1880 1996 1969 2049 ille
1996 2004 2053 2049 et

468 2102 759 2156 diaconum
799 2096 944 2164 ejus,
987 2105 1043 2148 et
1088 2092 1505 2163 supplicationes
1529 2089 1786 2144 destinet.
1814 2086 2052 2139 tribuens

471 2186 935 2247 commendatitias
961 2185 1218 2254 epistolas
1248 2182 1362 2251 pari
1391 2181 1601 2236 ratione
1641 2179 1708 2234 ad
1761 2178 1953 2231 fratres
1999 2184 2054 2230 et

466 2282 824 2352 mepiscopos
846 2286 1079 2342 nostros,
1108 2276 1197 2344 qui
1226 2276 1275 2328 in
1308 2274 1402 2329 illo
1422 2281 1663 2341 tempore
1692 2272 1743 2326 in
1765 2269 1851 2323 his
1878 2268 2055 2336 regio-

468 2370 630 2426 nibus
649 2412 664 2435 ,
686 2378 745 2425 et
771 2370 992 2425 urbibus
1016 2374 1333 2431 morantur,
1383 2364 1436 2418 in
1466 2362 1659 2430 quibus
1690 2359 1814 2415 felix
1846 2366 1902 2414 et
1921 2359 2050 2412 bea-

474 2470 560 2518 tus
608 2461 880 2529 Augustus
916 2456 1298 2528 rempublicam
1342 2454 1625 2524 gubernat.
1655 2450 1712 2506 Si
1737 2465 1866 2506 vero
1893 2450 2058 2504 habet

474 2550 761 2620 episc0pus
803 2548 1005 2603 amicos
1040 2547 1093 2600 in
1125 2545 1343 2615 palatio,
1371 2544 1462 2612 qui
1485 2542 1634 2611 cupit
1659 2539 1879 2608 aliquid,
1910 2536 2057 2607 quod

433 2674 436 2678 ι
477 2651 655 2697 tamen
679 2640 964 2693 honestum
993 2646 1094 2698 est,
1130 2636 1418 2703 impetrare
1442 2674 1459 2701 ,
1488 2647 1594 2686 non
1628 2629 1942 2700 prohibetur
1962 2641 2059 2696 per

478 2731 764 2786 diaconum
804 2741 957 2782 suum
988 2738 1215 2793 rogare,
1256 2738 1321 2778 ae
1358 2720 1660 2790 significare
1688 2719 1769 2773 bis
1794 2732 1931 2786 quos
1959 2715 2061 2770 scit

479 2815 763 2891 benignam
794 2816 1234 2873 intercessionem
1266 2813 1477 2868 absenti
1506 2826 1668 2882 posse
1698 2818 1986 2881 pnestare,
2013 2805 2060 2862 si

484 2922 663 2968 tamen
693 2916 1054 2980 opportunum
1082 2904 1262 2958 fuerit.

488 3022 638 3089 Quod
657 3022 727 3077 ad
745 3022 1041 3076 comitatum
1056 3035 1150 3087 pro
1182 3016 1395 3089 pupillis
1418 3024 1469 3070 et
1493 3014 1680 3089 viduis,
1703 3030 1765 3067 ac
1784 3012 2062 3068 necessita-

879 3099 977 3144 tem
1001 3086 1331 3159 patientibus,
1356 3088 1423 3140 sit
1450 3086 1694 3140 eundum.

555 3181 618 3238 Χ.
649 3181 751 3249 Qui
801 3195 931 3236 vero
960 3178 1184 3233 Romam
1216 3177 1498 3240 venerint,
1528 3176 1667 3231 sicut
1718 3173 1918 3229 dictum
1947 3180 2059 3240 est,

2155 2028 2296 2088 tror,
2333 2024 3088 2092 utdiligentissimetractetis,
3124 2026 3168 2080 si
3203 2024 3343 2080 forte
3364 2028 3617 2082 autdives
3635 2039 3724 2083 aut

2155 2114 2506 2187 scholasticus
2525 2114 2592 2168 de
2620 2113 2759 2182 foro,
2773 2124 2864 2169 aut
2886 2131 2955 2171 ex
2973 2114 3432 2173 administratione
3452 2119 3729 2191 episcopus

2155 2204 2314 2258 fuerit
2347 2204 2676 2273 postulatus,
2705 2214 2764 2258 ut
2794 2221 2900 2261 non
2929 2205 3077 2275 prius
3120 2207 3395 2261 ordinetur
3432 2208 3535 2262 nisi
3562 2218 3615 2262 et
3645 2209 3724 2264 le-

2156 2294 2325 2349 ctoris
2374 2308 2597 2349 munere
2629 2301 2684 2349 et
2704 2293 2884 2350 oiiicio
2904 2294 3115 2350 diaconi
3137 2304 3227 2351 aut
3252 2296 3552 2368 presbyteri
3573 2299 3729 2355 fuerit

2156 2382 2485 2454 perfunctus,
2521 2392 2578 2437 ut
2606 2400 2704 2453 per
2742 2384 2978 2453 singulos
3004 2384 3231 2453 gradus,
3261 2385 3306 2441 si
3327 2386 3517 2454 dignus
3542 2386 3729 2453 fuerit,

2155 2473 2415 2528 ascendat
2438 2472 2505 2526 ad
2526 2473 3112 2543 culmcnepiseopatus.
3138 2472 3323 2528 Potest
3351 2475 3491 2529 enim
3520 2490 3617 2545 per
3636 2476 3731 2531 has

2157 2564 2548 2633 promotiones,
2571 2577 2689 2632 quae
2712 2561 2986 2617 habebunt
3014 2563 3196 2631 utique
3208 2564 3473 2632 prolixum
3500 2572 3731 2634 tempus,

2157 2654 2378 2723 probari
2400 2668 2504 2721 qua
2544 2651 2646 2707 fide
2672 2654 2769 2720 sit,
2801 2667 2907 2723 qua
2934 2653 3216 2719 modestia,
3240 2668 3342 2722 qua
3375 2654 3656 2722 gravitate,
3678 2662 3735 2709 et

2160 2744 2500 2800 verecundia.
2534 2741 2600 2797 Et
2629 2743 2673 2799 si
2698 2743 2886 2812 dignus
2913 2743 3076 2797 fuerit
3102 2744 3361 2813 probatus
3381 2784 3399 2811 ,
3431 2745 3613 2800 divino
3646 2760 3736 2799 sa-

2160 2833 2403 2889 cerdotio
2451 2833 2748 2888 illustretur
2770 2873 2785 2898 ,
2837 2834 2961 2903 quia
2997 2834 3322 2889 conveniens
3348 2851 3455 2890 non
3484 2842 3567 2890 est
3589 2874 3606 2900 ,
3636 2850 3740 2891 nec

2162 2923 2300 2978 ratio
2338 2922 2425 2977 vel
2469 2923 2748 2991 disciplina
2779 2922 2999 2991 patitur,
3025 2930 3081 2975 ut
3118 2930 3325 2977 temere
3354 2930 3409 2976 et
3436 2922 3626 2977 leviter
3649 2939 3741 2978 or-

2162 3012 2378 3067 dinetur
2403 3020 2494 3066 aut
2519 3011 2825 3081 episcopus,
2854 3019 2948 3065 aut
2973 3011 3256 3082 presbyter
3277 3050 3295 3077 ,
3340 3020 3433 3065 aut
3458 3009 3739 3080 diaconus,

2163 3102 2396 3158 maxime
2424 3117 2545 3157 cum
2567 3110 2622 3157 et
2651 3101 2905 3171 magister
2928 3101 3166 3169 gentium
3217 3100 3505 3170 Apostolus
3530 3117 3600 3156 ne
3637 3102 3744 3159 hoe

2163 3192 2319 3250 ﬁeret
2363 3194 2707 3250 denuntiasse
2746 3201 2801 3248 et
2846 3192 3185 3263 prohibuisse
3225 3186 3489 3258 videatur,
3536 3186 3659 3248 sed
3688 3191 3745 3249 hi

483 3273 826 3334 sanctissimo
866 3269 1015 3325 fratri
1039 3278 1094 3323 et
1120 3268 1444 3338 coepiscopo
1466 3274 1654 3321 nostro
1680 3264 1935 3357 Romanae
1958 3262 2060 3357 Ec-
2088 3255 2133 3319 Ο
2168 3300 2396 3357 quorum
2436 3300 2533 3354 per
2570 3283 2789 3352 longum
2828 3255 3039 3353 lémpus
3067 3282 3374 3337 examinata
3419 3255 3490 3337 si,
3537 3283 3647 3338 vim
3693 3290 3749 3340 ει

487 3365 665 3421 desim
692 3378 899 3434 preces,
924 3376 1060 3430 quas
1089 3360 1307 3423 habent,
1358 3357 1587 3421 tradant,
1622 3364 1680 3411 ut
1707 3362 1763 3410 et
1788 3354 1904 3425 ipse
1920 3355 2067 3423 prius

487 3457 801 3519 examinet,
833 3454 876 3508 si
906 3454 1146 3507 honesta:
1195 3458 1251 3504 et
1282 3449 1437 3518 justas
1464 3454 1616 3513 sunt,
1664 3454 1719 3501 et
1746 3454 1961 3515 praestet
1988 3443 2063 3498 di.

487 3548 764 3618 ligentiam
813 3552 975 3615 atque
1020 3542 1474 3608 sollicitudinem,
1522 3547 1580 3594 ut
1621 3538 1692 3593 ad
1754 3538 2069 3593 comitatum

488 3638 847 3712 perferantur.
900 3633 1145 3691 Universi
1190 3633 1440 3688 dixerunt
1479 3633 1694 3702 placere
1722 3630 1824 3685 sibi
1853 3667 1867 3692 ,
1897 3636 1952 3683 et
1978 3629 2073 3683 ho-

490 3738 703 3785 nestum
731 3742 852 3783 esse
894 3725 1197 3780 consilium.
1230 3723 1453 3795 Alypius
1489 3722 1777 3791 episcopus
1804 3718 1937 3773 dixit
1966 3736 1980 3771 :
2009 3716 2066 3772 Si

492 3830 713 3892 propter
740 3818 969 3890 pupillos
1013 3825 1069 3872 et
1105 3816 1321 3881 viduas,
1353 3814 1437 3869 vel
1471 3814 1800 3879 laborantes,
1827 3811 1918 3881 qui
1945 3825 2072 3864 cau-

493 3926 581 3965 sas
622 3911 831 3977 iniquas
868 3908 1107 3972 habent,
1137 3905 1473 3974 susceperint
1512 3898 1957 3971 peregrinationis
1986 3898 2072 3951 in-

495 3998 797 4065 commoda,
826 3998 1099 4053 habebunt
1124 3994 1323 4063 aliquid
1346 3992 1598 4057 rationis;
1625 4006 1765 4044 nunc
1792 4004 1922 4043 vero
1951 4003 2072 4043 eum

495 4108 560 4149 ea
584 4093 855 4162 postulent
875 4089 1163 4158 prmcipue,
1193 4100 1311 4154 quas
1334 4085 1450 4139 sine
1477 4082 1673 4137 invidia
1699 4082 1996 4148 hominum,
2019 4089 2074 4134 et

494 4184 613 4238 sine
639 4179 1060 4249 reprehensione
1082 4192 1201 4233 esse
1219 4191 1324 4231 non
1352 4174 1579 4245 possint,
1602 4188 1712 4229 non
1740 4187 1962 4227 necesse
1991 4178 2077 4226 est

500 4273 675 4341 ipsum
694 4270 773 4325 ire
802 4269 871 4324 ad
899 4269 1232 4323 comitatum.

508 4385 577 4441 Ut
619 4387 703 4457 qui
742 4386 799 4439 in
827 4384 997 4437 canali
1040 4388 1159 4457 sunt
1184 4379 1642 4457 cpiscopieuntes
1689 4376 1760 4430 ad
1778 4377 2077 4449 comitatum

1029 4446 1246 4506 sollicite
1267 4449 1564 4503 discutiant.
1812 4446 1815 4449 ’

504 4639 809 4712 providistis
848 4633 1224 4691 convenientia
1252 4673 1268 4699 ,
1296 4638 1351 4687 et
1378 4630 1735 4685 aestimatione
1756 4627 1995 4680 omnium
2026 4633 2082 4679 et
2111 4625 2162 4683 D
2187 4617 2329 4655 "am-
2363 4599 2588 4712 θθξίιξίιθ
2619 4612 2748 4666 ετεο
2801 4604 3052 4694 ίθωριιετ

508 4732 619 4789 Deo
636 4730 913 4801 placitura,
945 4737 1128 4783 tenere
1145 4726 1283 4778 hanc
1308 4721 1612 4775 firmitatem
1637 4726 1881 4788 possunt,
1907 4718 1950 4770 si
1974 4732 2080 4769 me-

510 4835 599 4882 tus
621 4825 745 4879 huic
769 4821 1050 4878 sententia:
1077 4817 1451 4885 coniungatur.
1471 4815 1682 4869 Scimus
1711 4811 1851 4865 enim
1882 4816 1937 4863 et
1978 4807 2079 4877 ipsi

510 4917 803 4988 ampissime
826 4920 1046 4985 propter
1058 4924 1351 4980 paucorum
1372 4905 1753 4977 impudentiam
1776 4901 2081 4969 religiosum

509 5007 845 5067 sacerdotale
870 5018 1065 5059 nomen
1095 5001 1258 5056 fuisse
1278 4999 1681 5069 reprehensum.
1714 4994 1770 5047 Si
1801 4992 1961 5059 igitur
1981 4990 2082 5044 ali-

510 5101 632 5171 quis
655 5106 843 5154 contra
873 5096 1108 5149 omnium
1132 5092 1451 5148 sententiam
1481 5090 1625 5143 nisus
1651 5084 1883 5141 voluerit
1911 5082 2079 5137 ambi-

515 5190 647 5246 tioni
692 5188 862 5256 magis
881 5186 1097 5257 placere
1120 5199 1278 5253 quam
1322 5182 1457 5249 Deo,
1486 5180 1530 5235 is
1556 5178 1714 5233 debet
1732 5176 1887 5240 scite,
1910 5173 2088 5228 causis

515 5280 763 5341 redditis,
814 5278 1075 5333 honorem
1125 5274 1544 5340 dignitatemque
1597 5283 1657 5322 se
1720 5266 2083 5320 amissurum:

513 5370 658 5439 quod
701 5369 775 5423 ita
820 5367 1033 5423 demum
1074 5363 1330 5432 compleri
1372 5360 1590 5429 poterit,
1632 5358 1675 5412 si
1726 5354 2089 5421 unusquisque

518 5468 755 5515 tostrum
773 5498 788 5524 ,
816 5458 906 5526 qui
935 5456 987 5510 in
1017 5454 1191 5510 canali
1214 5452 1539 5507 constitutus
1568 5456 1649 5503 est
1673 5488 1689 5515 ,
1718 5460 1838 5500 cum
1860 5456 2088 5513 progre-

517 5551 752 5605 dientem
778 5549 1088 5618 episcopum
1117 5542 1308 5600 viderit
1333 5582 1347 5607 ,
1380 5541 1613 5607 inquirat
1640 5537 1923 5592 transitum
1952 5533 2088 5600 ejus,

518 5656 707 5695 causas
729 5639 933 5705 videat,
961 5651 1067 5706 quo
1097 5633 1283 5687 tendat
1303 5639 1587 5699 agnoscat;
1611 5636 1667 5682 et
1687 5624 1945 5694 siquidem
1970 5637 2091 5677 eum

521 5732 785 5787 invenerit
809 5731 886 5784 ire
911 5728 981 5784 ad
1006 5726 1318 5781 comitatum
1347 5764 1363 5791 ,
1394 5720 1633 5789 requirat
1675 5726 1731 5772 et
1759 5716 1907 5780 illud,
1945 5711 2092 5782 quod

520 5824 766 5893 superius
789 5821 1237 5891 comprehensum
1274 5824 1376 5881 est,
1438 5828 1506 5869 ne
1535 5812 1673 5867 forte
1710 5808 1963 5863 invitatus
1992 5815 2093 5870 est,

527 5925 586 5971 ut
609 5914 657 5970 ei
680 5914 905 5970 facultas
927 5910 1091 5968 eundi
1117 5908 1477 5977 permittatur.
1505 5905 1561 5961 Si
1589 5917 1747 5967 vero,
1778 5898 2099 5967 utsupcrius

2168 3376 2359 3432 merita
2386 3375 2584 3429 fuerint
2610 3373 2983 3443 comprobata.

2313 3484 2557 3551 Quandiu
2573 3486 2843 3556 episcopus
2863 3484 2917 3537 in
2936 3483 3108 3538 aliena
3133 3482 3338 3537 civitate
3358 3491 3603 3538 moretur.

2242 3600 2382 3656 XIV.
2443 3599 2600 3655 Osius
2648 3599 2936 3669 episcopus
2989 3598 3126 3651 dixit
3186 3613 3200 3649 :
3275 3595 3341 3649 Et
3385 3596 3490 3651 hoc
3532 3607 3758 3663 quoque

2170 3700 2411 3749 statuere
2460 3690 2697 3754 debetis,
2740 3697 2799 3743 ut
2844 3703 2915 3744 ex
2960 3688 3065 3742 alia
3121 3688 3339 3743 civitate
3372 3700 3496 3740 eum
3543 3685 3763 3740 venerit

2173 3785 2242 3841 ad
2298 3786 2458 3839 aliam
2517 3783 2791 3838 civitatem
2816 3820 2833 3848 ,
2896 3779 2982 3835 vel
3030 3794 3100 3834 ex
3170 3778 3444 3849 provincia
3516 3790 3615 3830 sua
3688 3775 3764 3829 ad

2174 3874 2339 3929 aliam
2367 3871 2697 3942 provinciam
2724 3910 2740 3936 ,
2769 3879 2826 3923 et
2869 3868 3149 3923 ambitioni
3193 3866 3365 3934 magis
3386 3879 3547 3933 quam
3586 3862 3765 3918 devo-

2174 3965 2308 4020 tioni
2340 3965 2581 4020 serviens
2607 3959 2835 4016 voluerit
2862 3962 2917 4013 in
2962 3959 3137 4013 aliena
3172 3958 3395 4012 civitate
3421 3953 3591 4008 multo
3618 3962 3770 4007 teni-

2173 4074 2309 4132 pore
2333 4057 2590 4114 residere.
2622 4055 2785 4111 Forte
2803 4057 2945 4112 enim
2968 4053 3151 4110 evenit
3182 4051 3493 4120 episcopum
3518 4048 3623 4103 loci
3650 4062 3771 4101 non

2175 4165 2294 4206 esse
2321 4157 2432 4203 tam
2483 4148 2839 4211 instructum,
2883 4159 3058 4214 neque
3102 4152 3210 4196 tam
3247 4140 3485 4203 doctum,
3523 4139 3571 4193 is
3620 4152 3771 4193 vero

2176 4242 2265 4310 qui
2293 4240 2509 4295 advenit
2537 4239 2757 4307 incipiat
2783 4244 3132 4293 contemnere
3174 4247 3327 4297 eum,
3359 4240 3417 4286 et
3440 4232 3773 4299 frequenter

2178 4329 2358 4384 facere
2407 4343 2749 4392 sermonem,
2789 4335 2849 4382 ut
2896 4326 3217 4380 dehonestet
3260 4329 3317 4375 et
3354 4319 3587 4375 inﬁrmet
3614 4318 3777 4371 illius

2178 4436 2465 4492 personam
2489 4459 2505 4484 ,
2535 4419 2606 4472 ita
2630 4426 2689 4471 ut
2715 4433 2783 4472 ex
2806 4418 2906 4471 hac
2926 4414 3211 4471 occasione
3234 4424 3341 4466 non
3371 4410 3579 4465 dubitet
3595 4406 3784 4461 relin-

2181 4526 2345 4582 quere
2376 4509 2700 4577 assignatam
2731 4507 2831 4561 sibi
2862 4505 3181 4567 Ecclesiam,
3205 4509 3261 4557 et
3282 4506 3516 4555 transeat
3536 4497 3602 4551 ad
3635 4497 3783 4550 alie-

2187 4706 2409 4760 scopum
2437 4690 2783 4743 inhumanum
2806 4696 2909 4749 est,
2935 4693 2989 4739 et
3018 4685 3061 4739 si
3087 4682 3285 4737 diutius
3306 4678 3562 4740 resideat,
3581 4676 3790 4745 perni-

2188 4783 2392 4837 ciosum
2422 4788 2542 4835 est:
2574 4780 2679 4835 hoc
2699 4791 2828 4847 ergo
2857 4791 2924 4831 ne
2948 4776 3073 4842 fiat,
3103 4770 3490 4843 providendum
3518 4774 3623 4822 est.
3663 4766 3794 4821 Me-

2189 4872 2318 4927 mini
2338 4878 2516 4926 autem
2545 4868 2823 4938 superiore
2852 4865 3080 4921 concilio
3110 4862 3302 4917 fratres
3331 4869 3542 4913 nostros
3565 4855 3797 4910 consti-

2193 4963 2359 5017 tuisse
2414 4970 2474 5015 ut
2523 4960 2567 5015 si
2612 4960 2730 5029 quis
2778 4958 2946 5013 laicus
2976 4958 3028 5010 in
3057 4970 3120 5009 ea
3145 4996 3161 5021 ,
3192 4954 3244 5006 in
3271 4966 3375 5021 qua
3404 4955 3800 5004 commoratur

2194 5053 2427 5117 civitate,
2454 5061 2560 5105 tres
2591 5049 2888 5105 dominicos
2917 5048 3049 5111 dies,
3085 5045 3137 5099 id
3165 5053 3247 5098 est
3268 5058 3365 5113 per
3386 5050 3495 5094 tres
3520 5039 3805 5107 septima.

2192 5158 2307 5208 nas,
2329 5158 2432 5197 non
2462 5142 2786 5196 celebrasset
2814 5146 3159 5204 conventum,
3190 5132 3569 5188 communione
3588 5130 3799 5198 priva-

2191 5247 2358 5292 retur.
2408 5236 2465 5291 Si
2514 5236 2631 5290 hmc
2659 5235 2800 5289 circa
2847 5233 3014 5287 laicos
3053 5229 3345 5285 constituta
3392 5232 3556 5288 sunt,
3604 5222 3802 5275 multo

2193 5328 2362 5396 magis
2388 5327 2645 5393 episcopo
2664 5338 2762 5379 nec
2786 5322 2932 5385 licet,
2959 5336 3058 5375 nec
3106 5319 3292 5381 decet,
3322 5316 3366 5370 si
3391 5313 3534 5369 nulla
3563 5312 3644 5366 sit
3678 5321 3808 5365 tam

2193 5419 2368 5488 gravis
2408 5416 2699 5471 necessitas
2736 5428 2854 5483 qua:
2881 5412 3121 5467 detineat
3166 5414 3227 5461 ut
3264 5405 3491 5475 amplius
3520 5418 3551 5456 a
3581 5416 3813 5470 supra-

2198 5509 2399 5577 scripto
2428 5516 2668 5574 tempore
2696 5505 2890 5558 absens
2916 5502 2988 5557 sit
3013 5501 3082 5554 ab
3121 5496 3362 5552 Ecclesia
3383 5508 3497 5549 sua.
3530 5489 3819 5546 Uuivemi

2200 5599 2451 5653 dixerunt
2480 5596 2694 5665 placere
2722 5592 2843 5647 sibi.

2202 5710 2287 5767 Ne
2328 5709 2477 5764 liceat
2502 5708 2744 5781 episcOpo
2776 5723 2807 5759 α
2836 5720 2928 5827 séttbt
2972 5699 3205 5823 Ecglesia
3244 5696 3359 5764 plus
3388 5693 3553 5749 tribus
3582 5690 3823 5746 hebdo-

2759 5793 2841 5827 ma
2881 5793 2895 5827 t
2932 5790 2991 5826 us
3022 5787 3052 5824 a
3088 5786 3215 5823 esse.

2759 5786 2991 5829 ηιααιοαε
3022 5786 3215 5824 αοεεεε.

2277 5890 2386 5949 XV.
2421 5888 2575 5947 Osius
2602 5888 2885 5961 episcopus
2907 5882 3042 5942 dixit
3074 5901 3085 5937 :
3117 5879 3254 5946 Quia
3284 5876 3413 5934 nihil
3446 5868 3831 5947 prmtcrmitti
