3988 6344
289 390 387 447 181

1254 393 1477 450 ΕΟῡΕΧ
1516 396 1741 453 CANON
1751 397 1845 454 ΠΜ
1888 396 2569 456 ECCLESIASTIGORUM
2578 443 2590 455 .

3466 414 3565 470 182

280 513 539 576 oportet,
576 513 705 561 sunt
747 506 969 577 quidam
1012 506 1208 564 il'atres
1252 518 1310 563 et
1356 510 1674 581 coepiscopi
1704 513 1876 567 nostri
1909 510 1949 575 Ᾰ
1978 512 2310 583 praecipienti
2339 514 2594 585 episcopo
2619 555 2632 580 ,
2662 517 2753 587 qui
2776 518 2916 573 sicut
2940 519 3034 576 ille
3056 521 3269 580 clericis
3296 525 3567 583 sincerum

280 600 379 668 qui
408 614 516 653 non
546 599 601 653 in
629 612 692 654 ea
721 599 943 654 civitate
986 600 1041 654 in
1084 614 1191 670 qua
1219 600 1470 655 videntur
1490 603 1733 673 episc0pi
1752 616 1877 659 esse

281 688 587 749 constituti,
630 689 717 743 vel
750 696 903 742 certe
926 699 1148 758 parvam
1174 704 1289 743 rem
1320 690 1431 744 illic
1450 691 1716 756 habeant,
1748 692 1879 747 alibi

282 787 470 833 autem
489 779 683 834 idonea
707 779 911 848 praedia
933 774 1138 835 habere
1182 788 1606 849 cognoscuntur,
1639 780 1725 836 vel
1750 780 1880 835 alie-

280 872 528 925 etiamm
572 871 972 940 proximorum,
1003 872 1198 941 quibus
1231 873 1549 941 indulgeant
1576 890 1589 926 :
1621 874 1881 928 hactenus

283 963 527 1033 permitti
565 960 646 1016 eis
670 969 890 1032 oportet
909 970 968 1014 ut
987 962 1246 1017 accedant
1261 962 1327 1017 ad
1349 964 1716 1033 possessiones
1730 973 1877 1028 suas,

282 1061 349 1109 et
374 1054 694 1123 disponant,
736 1052 825 1107 vel
878 1052 1133 1108 ordinent
1169 1050 1399 1109 fructum
1440 1054 1642 1110 laboris
1686 1055 1791 1120 sui,
1824 1064 1884 1111 ut

285 1154 418 1217 post
444 1152 553 1201 tres
574 1145 891 1209 dominicas,
922 1146 972 1199 id
1003 1154 1086 1202 est
1111 1154 1236 1216 post
1265 1157 1372 1201 tres
1398 1138 1772 1202 hebdomadas
1791 1188 1806 1215 ,
1836 1148 1882 1202 si

281 1236 494 1290 morari
534 1248 754 1290 necesse
776 1242 883 1303 est,
916 1234 970 1289 in
999 1236 1113 1292 suis
1158 1238 1335 1307 potius
1375 1236 1552 1291 fundis
1580 1246 1879 1293 morentur.

287 1327 401 1380 Aut
425 1327 471 1380 si
495 1333 582 1381 est
605 1326 856 1395 proxima
879 1326 1069 1381 civitas
1094 1368 1110 1394 ,
1143 1328 1196 1381 in
1237 1342 1344 1397 qua
1371 1338 1454 1383 est
1478 1329 1784 1400 presbyter,
1816 1344 1883 1383 ne

280 1417 409 1471 sine
435 1417 665 1471 ecclesia
702 1416 951 1471 videntur
981 1415 1161 1472 facere
1188 1417 1331 1472 diem
1358 1417 1687 1473 dominicum
1712 1458 1727 1483 ,
1756 1418 1882 1473 illuc

282 1506 521 1561 accedat
540 1540 560 1573 »,
589 1514 845 1576 utneque
865 1519 955 1562 res
986 1498 1300 1562 domesticae
1324 1522 1420 1577 per
1447 1508 1748 1564 absentiam
1768 1509 1885 1578 ejus

282 1596 675 1651 detrimentum
696 1596 1021 1662 sustineant,
1048 1604 1107 1652 et
1133 1606 1244 1653 non
1265 1598 1579 1669 frequenter
1617 1600 1883 1655 veniendo

286 1687 360 1741 ad
402 1686 675 1743 civitatem
702 1688 758 1742 in
786 1701 893 1757 qua
914 1690 1204 1760 episcopus
1225 1700 1489 1758 moratur,
1520 1692 1883 1761 suspicionem

286 1778 569 1849 iactantia
610 1786 669 1834 et
716 1780 1030 1839 ambitionis
1074 1782 1295 1839 evadat.
1345 1774 1592 1842 Universi
1632 1785 1885 1842 dixerunt

284 1868 513 1938 placere
1342 1888 1345 1893 '

292 1974 376 2031 De
394 1976 595 2032 clericis
622 1982 653 2031 ti
678 1980 1037 2035 communione
1072 1982 1345 2036 cummari:
1395 1982 1459 2037 ab
1484 1984 1588 2041 alio
1618 2003 1722 2041 non
1751 1988 1882 2042 reci-

848 2052 1050 2121 piendis
1077 2055 1333 2123 episcopo.

368 2140 505 2195 XVI.
540 2142 695 2198 θείω
720 2143 1004 2214 episcopus
1026 2143 1161 2199 dixit
1187 2163 1199 2198 :
1247 2144 1362 2202 Hoc
1388 2161 1605 2218 quoque
1632 2149 1882 2205 omnibus

290 2232 496 2301 placet,
522 2240 580 2286 ut
606 2235 721 2288 sive
738 2232 1018 2301 diaconus,
1040 2235 1155 2290 sive
1172 2236 1473 2309 presbyter,
1499 2239 1611 2294 sive
1632 2239 1750 2308 quis
1772 2239 1885 2295 cle-

290 2324 536 2377 ricorum
568 2324 638 2378 ab
665 2324 921 2396 episcopo
949 2335 1048 2379 suo
1087 2328 1468 2383 communione
1504 2327 1667 2383 fuerit
1699 2330 1881 2399 priva-

292 2420 406 2477 tes,
452 2414 509 2466 et
534 2411 603 2467 ad
641 2413 871 2469 alterum
902 2416 1203 2485 porrexerit
1242 2418 1552 2487 episcopum
1573 2460 1588 2486 ,
1618 2426 1674 2473 et
1700 2419 1885 2474 scierit

292 2505 364 2557 ad
390 2518 553 2573 quem
580 2507 841 2576 confugit,
876 2521 999 2562 eum
1038 2508 1106 2563 ab
1136 2508 1392 2579 episcopo
1414 2524 1513 2565 suo
1538 2510 1703 2566 fuisse
1731 2510 1882 2580 abje-

290 2605 445 2650 ctum
466 2639 483 2664 ,
509 2612 615 2652 non
653 2606 870 2668 oportet
897 2608 958 2655 ut
1000 2600 1049 2655 ei
1088 2604 1523 2659 communionem
1555 2604 1831 2674 indulgeat
1865 2623 1879 2658 :

291 2689 445 2757 quod
473 2690 520 2744 si
550 2688 763 2757 fecerit,
793 2693 929 2748 sciat
951 2704 1012 2749 se
1056 2697 1365 2752 convocatis
1401 2698 1666 2769 episcopis
1698 2712 1883 2757 causas

293 2795 424 2836 esse
452 2780 736 2838 dicturum.
771 2780 1017 2841 Universi
1052 2786 1352 2842 dixerunt:
1380 2786 1497 2845 IIoc
1537 2783 1796 2846 statutum
1830 2798 1887 2848 ’et

295 2886 491 2940 pacem
520 2875 775 2942 servabit,
804 2886 859 2932 et
882 2879 1226 2934 concordiam
1248 2883 1532 2943 custodiet.

296 2961 378 3016 De
407 2968 863 3023 excommunicatis
899 2970 1041 3041 apud
1071 2973 1267 3027 vicinos
1288 2975 1557 3045 episcopos
1588 2977 1880 3033 audiendis.

368 3054 533 3110 XVII.
561 3058 719 3113 Osins
748 3060 1034 3133 episcopus
1061 3063 1197 3117 dixit
1221 3082 1233 3116 :
1266 3064 1421 3131 Quod
1447 3082 1532 3122 me
1560 3069 1736 3123 adhuc
1766 3086 1884 3125 mo-

295 3154 391 3200 vet
438 3147 669 3203 reticere
711 3164 819 3205 non
847 3151 1042 3217 debeo,
1090 3154 1135 3208 si
1161 3155 1468 3226 episcopus,
1493 3158 1584 3227 qui
1612 3157 1749 3215 forte
1778 3160 1886 3216 ira-

1980 604 2240 659 exhib'ere
2268 604 2428 658 debet
2453 616 2693 661 amorem
2725 607 3033 677 charitatis,
3061 613 3135 668 ita
3164 628 3379 685 quoque
3408 614 3572 672 vicis-

1982 694 2081 747 sim
2118 694 2346 748 ministri
2385 688 2620 750 inl’ucata
2649 695 2847 753 debent
2870 699 3129 772 episcopo
3164 715 3265 760 suo
3311 703 3571 761 exhibere

1982 783 2263 853 obsequia.

2254 888 2333 951 De
2360 912 2462 951 non
2493 898 2836 953 sollicitandis
2864 900 3063 955 clericis
3093 904 3294 958 alienis.

2059 994 2234 1061 XVIII.
2265 996 2548 1063 Ianuarius
2579 1011 2868 1081 episcopus
2921 1011 3055 1067 dixit
3098 1033 3112 1068 :
3165 1014 3299 1071 illud
3350 1033 3568 1089 quoque

1982 1104 2187 1150 statuat
2208 1098 2465 1153 sanctitas
2492 1107 2691 1164 vestra,
2739 1109 2797 1155 ut
2818 1101 2951 1156 nulli
2981 1103 3235 1174 episcopo
3256 1106 3570 1167 liceatalte-

1982 1184 2093 1239 rius
2121 1186 2361 1256 episcopi
2382 1187 2612 1243 civitatis
2640 1190 2942 1246 ministrum
2972 1194 3395 1251 ecclesiasticum
3417 1199 3571 1255 solli-

1981 1274 2180 1341 citare,
2217 1285 2272 1331 et
2317 1277 2371 1332 in
2397 1279 2506 1334 suis
2538 1280 2810 1348 parocliiis
2838 1280 3110 1338 ordinare.
3147 1283 3388 1342 Universi
3416 1288 3571 1345 dixe—

1982 1374 2108 1420 runt
2134 1384 2145 1418 :
2174 1366 2384 1435 Placet,
2416 1372 2541 1439 quia
2572 1387 2640 1425 ex
2668 1372 2752 1427 bis
2781 1375 3217 1433 contentionibus
3235 1378 3379 1434 solet
3417 1382 3567 1436 nasci
3662 1360 3677 1371 ‘

1983 1454 2287 1526 discordia,
2320 1469 2376 1516 et
2422 1462 2545 1517 ideo
2602 1464 2853 1533 prohibet
2889 1463 3132 1521 omnium
3181 1470 3447 1525 sententia
3498 1486 3567 1526 ue

1983 1550 2102 1618 quis
2118 1550 2222 1606 boc
2246 1550 2425 1608 iacere
2453 1553 2666 1610 audeat.

1984 1686 2063 1743 De
2088 1705 2188 1745 non
2218 1692 2525 1747 ordinandis
2569 1694 2768 1837 clegcis
2798 1698 2979 1780 alienis
3022 1698 3137 1753 sine
3187 1701 3266 1754 sui
3315 1714 3565 1756 consensu

2634 1794 2637 1797 »
2704 1778 2885 1837 ascopa.

2634 1778 2885 1839 episcopi.

1917 1886 1961 1947 Β
2060 1888 2193 1953 XIX.
2225 1900 2379 1957 Osius
2410 1903 2698 1975 epi’sCopus
2733 1906 2868 1961 dixit
2901 1925 2913 1960 :
2948 1898 3014 1963 Et
3040 1902 3150 1967 lioc
3181 1910 3412 1965 unive'rSt
3441 1928 3570 1967 cou-

1982 1991 2289 2056 stituimus,
2343 2001 2403 2046 ut
2448 1993 2756 2064 quicunque
2804 2013 2873 2052 ex
2914 1996 3020 2053 alia
3062 2000 3314 2070 parocbia
3346 2000 3573 2055 voluerit

1986 2080 2220 2135 alienum
2256 2082 2557 2138 ministrum
2588 2086 2705 2141 sine
2746 2103 3011 2144 consensu
3057 2090 3297 2160 episcopi
3325 2091 3490 2162 ipsius
3517 2099 3573 2146 et

1985 2174 2265 2231 voluntate
2293 2176 2576 2245 ordinare,
2604 2195 2712 2234 non
2740 2180 2812 2235 sit
2839 2190 2955 2235 rata
2985 2182 3253 2237 ordinatio
3274 2182 3410 2251 ejus.
3438 2182 3571 2248 Qui-

1987 2282 2197 2335 cunque
2219 2276 2399 2322 autem
2428 2268 2533 2324 boc
2583 2272 2961 2339 usurpaverit,
3004 2286 3036 2324 a
3082 2270 3333 2326 iratribus
3364 2280 3419 2326 et
3446 2286 3573 2327 coe-

1986 2359 2221 2430 piscopis
2246 2358 2443 2417 nostris
2471 2369 2526 2416 et
2549 2358 2827 2418 adnioneri
2856 2361 3034 2429 debet,
3065 2371 3122 2418 et
3141 2364 3353 2432 corrigi.

1989 2498 2069 2553 De
2096 2497 2403 2569 presbyi'eris
2427 2507 2477 2553 et
2503 2499 2737 2555 diaconi:
2769 2503 2855 2570 qui
2878 2501 3298 2557 Thessalonicam
3337 2504 3567 2570 ueniunt,

2306 2580 2554 2640 quartum
2582 2572 2824 2641 teniporia
2852 2570 2923 2625 ibi
2966 2574 3246 2633 residuam.

2060 2704 2176 2761 XX.
2204 2708 2386 2763 Aetius
2424 2710 2707 2780 episcopus
2733 2709 2869 2766 dixit
2901 2730 2912 2765 :
2947 2710 3065 2767 Non
3090 2712 3346 2782 ignoratis
3373 2721 3572 2782 quanta

1990 2806 2046 2854 et
2074 2797 2248 2867 qualis
2275 2797 2345 2853 sit
2367 2795 2924 2856 Tliessalonicensium
2949 2802 3164 2869 civitas;
3196 2818 3338 2875 saepe
3359 2804 3425 2857 ad
3454 2819 3573 2859 eam

1992 2889 2215 2944 veniunt
2236 2904 2305 2945 ex
2333 2886 2451 2945 aliis
2491 2888 2798 2959 regionibus
2827 2894 3126 2963 presbyteri
3155 2902 3211 2948 et
3252 2893 3487 2957 diaconi,
3519 2902 3575 2947 et

1992 2996 2101 3035 non
2129 2987 2253 3036 sunt
2295 2981 2535 3036 contenti
2564 2982 2714 3036 brevi
2742 2991 2986 3053 tempore
3009 2985 3232 3049 morari,
3254 2983 3348 3039 sed
3373 2994 3465 3039 aut
3489 2976 3575 3039 re-

1993 3070 2171 3125 sident
2201 3070 2292 3137 ibi,
2317 3078 2411 3125 aut
2436 3080 2583 3126 certe
2612 3071 2700 3125 vix
2730 3080 2851 3142 post
2886 3072 3041 3141 longa
3070 3076 3244 3145 Spatia
3270 3076 3335 3130 ad
3362 3090 3459 3131 sua
3488 3091 3576 3131 re-

1992 3161 2109 3217 dire
2148 3170 2432 3231 coguntur.
2464 3161 2708 3218 Universi
2737 3162 2984 3219 dixerunt
3011 3182 3023 3217 :
3050 3163 3129 3220 Ea
3158 3174 3422 3239 tempora,
3455 3184 3574 3239 qua

294 3234 508 3289 candus
535 3234 702 3307 (quod
722 3252 842 3293 esse
858 3255 965 3295 non
993 3241 1175 3315 debet)
1218 3244 1327 3300 cito
1350 3253 1404 3300 et
1431 3262 1622 3317 aspere
1651 3263 1886 3306 commo-
1914 3255 1958 3318 (ζ
1991 3254 2284 3310 constituta
2310 3254 2436 3328 sunt
2454 3255 2599 3312 circa
2615 3257 2917 3329 episcopos,
2944 3267 2999 3313 et
3019 3260 3158 3316 circa
3187 3234 3289 3318 bas
3315 3279 3576 3335 personas

294 3334 458 3379 vetor
486 3325 745 3383 adversus
781 3330 1155 3401 presbyterum
1178 3373 1193 3399 ,
1232 3334 1347 3390 sive
1376 3332 1664 3392 diaconum
1694 3344 1849 3394 suum
1869 3382 1886 3408 ,

295 3425 354 3469 ct
395 3417 761 3475 exterminare
789 3436 909 3476 eum
940 3423 1006 3478 de
1034 3423 1272 3480 Ecclesia
1304 3428 1534 3483 voluerit
1557 3469 1572 3494 ,
1595 3432 1886 3501 providen-

294 3502 427 3558 dum
454 3512 538 3561 est
586 3520 657 3560 ne
685 3507 946 3564 innocens
973 3511 1277 3578 damnetur,
1304 3522 1399 3569 aut
1420 3517 1613 3585 perdat
1640 3526 1884 3573 commu-

294 3596 557 3651 nionem:
588 3604 647 3652 et
685 3598 807 3654 ideo
835 3600 1033 3657 habeat
1067 3613 1391 3673 potestatem
1440 3609 1485 3664 is
1526 3610 1617 3678 qui
1646 3610 1887 3680 abiectus

294 3693 383 3739 est
410 3694 472 3739 ut
499 3686 783 3759 episcopos
816 3688 1072 3747 ﬁnitimos
1111 3694 1438 3767 interpellet,
1490 3708 1547 3755 et
1576 3716 1741 3756 causa
1768 3700 1885 3772 ejus

295 3771 571 3841 audiatur,
601 3792 665 3833 ac
704 3778 1011 3851 diligentius
1042 3792 1303 3841 tractetur
1323 3828 1338 3853 ,
1368 3789 1497 3857 quia
1536 3804 1644 3846 non
1669 3771 1887 3863 oportet

293 3863 346 3917 ei
375 3878 576 3934 negare
601 3866 927 3925 audientiam
972 3876 1218 3943 roganti;
1250 3885 1306 3933 et
1335 3878 1427 3934 ille
1471 3882 1755 3952 episcopus
1791 3884 1884 3955 qui

293 3954 437 4010 iuste
464 3964 561 4011 aut
597 3958 794 4028 injuste
836 3976 958 4017 eum
986 3964 1211 4034 abjccit,
1244 3970 1512 4038 patienter
1562 3954 1883 4044 accipiatut

290 4046 571 4113 negotium
592 4046 913 4107 discutiatur
934 4092 951 4117 ,
981 4063 1041 4109 ut
1061 4057 1146 4111 vel
1182 4059 1441 4128 probetur
1470 4065 1736 4119 sententia
1765 4063 1883 4135 ejus

289 4149 321 4187 a
352 4134 623 4204 plurimis,
657 4140 740 4193 vel
770 4144 1105 4200 emendetur.
1133 4143 1334 4204 Tamen
1362 4152 1670 4222 priusquam
1701 4134 1881 4212 omnia

288 4226 579 4294 diligenter
619 4236 673 4283 et
720 4230 954 4287 ﬁdeliter
981 4237 1357 4293 examinentur
1382 4282 1397 4307 ,
1426 4252 1570 4308 eum,
1602 4244 1694 4314 qui
1721 4243 1882 4300 fuerit

286 4328 320 4367 a
347 4317 732 4373 communione
756 4330 1061 4391 separatus,
1120 4334 1247 4383 ante
1294 4331 1661 4398 cognitionem
1704 4334 1880 4391 nullus

285 4408 452 4462 debet
504 4424 831 4477 przesumere
877 4424 935 4469 ut
981 4430 1103 4471 eum
1152 4423 1532 4478 communione
1578 4424 1767 4480 societ.
1812 4422 1878 4481 Ili

284 4515 422 4553 vero
451 4501 545 4570 qui
590 4506 916 4560 conveniunt
941 4508 1007 4561 ad
1038 4510 1363 4566 audiendum
1383 4556 1397 4581 ,
1430 4515 1475 4568 si
1504 4516 1737 4570 viderint
1765 4517 1877 4572 cle-

1991 3340 2265 3402 observari
2287 3346 2503 3402 debent.

2060 3485 2141 3541 De
2165 3486 2507 3558 suscipiendis
2542 3487 2627 3542 Itis
2651 3490 2737 3560 qui
2777 3492 3184 3559 persecutionem
3211 3495 3496 3564 potiuntur.

2061 3598 2195 3652 XXI.
2239 3597 2395 3655 Osius
2435 3601 2719 3671 episcopus
2759 3602 2894 3656 dixit
2922 3619 2935 3656 :
2961 3600 3296 3673 Suggerente
3327 3607 3494 3664 fratre
3516 3621 3573 3667 et

1988 3690 2315 3758 coepiscopo
2360 3699 2546 3743 nostro
2586 3686 2834 3759 Olympio
2856 3730 2871 3756 ,
2905 3692 3063 3745 etiam
3094 3694 3200 3749 hoc
3260 3696 3482 3767 placuit,
3516 3710 3572 3755 ut

1984 3778 2031 3833 si
2052 3778 2245 3848 aliquis
2271 3778 2379 3831 vim
2409 3792 2697 3847 perpessus
2718 3787 2831 3845 est,
2854 3789 2910 3835 et
2948 3783 3129 3853 inique
3154 3787 3407 3857 eXpulsus
3426 3830 3441 3855 ,
3474 3804 3573 3861 pro

1986 3867 2354 3938 disciplina,et
2374 3867 2645 3922 catholica
2661 3869 3000 3927 confessione
3029 3875 3115 3928 vel
3132 3876 3445 3935 defensione
3472 3896 3566 3936 ve-

1984 3960 2177 4026 ritatis,
2210 3958 2470 4027 eiiugiens
2516 3961 2789 4029 pericula,
2842 3963 3105 4020 innocens
3145 3976 3200 4022 et
3243 3968 3470 4026 devotus
3500 3974 3569 4030 ad

1984 4052 2144 4106 aliam
2170 4050 2383 4106 venerit
2410 4051 2685 4106 civitatem
2710 4092 2725 4118 ,
2765 4068 2875 4109 non
2897 4057 3246 4125 prohibeatur
3274 4061 3571 4131 immorari,

1983 4142 2239 4212 quandiu,
2272 4150 2365 4199 aut
2385 4142 2562 4197 redire
2586 4145 2775 4213 possit,
2795 4154 2886 4200 aut
2916 4145 3108 4216 injuria
3133 4148 3250 4217 ejus
3273 4152 3571 4213 remeditnn

1982 4238 2277 4306 acceperit,
2332 4237 2457 4305 quia
2486 4237 2677 4292 durum
2719 4248 2799 4295 est
2829 4255 2951 4295 eum
3007 4243 3096 4311 qui
3128 4248 3564 4313 persecutionem

1980 4331 2179 4399 patitur
2226 4346 2333 4386 non
2365 4332 2570 4403 recipi,
2603 4333 2766 4386 etiam
2795 4341 2850 4387 et
2879 4335 3027 4404 larga
3071 4336 3469 4405 benevolentia,
3512 4347 3569 4395 et

1982 4421 2291 4475 humanitas
2319 4421 2370 4475 ei
2392 4429 2476 4476 est
2505 4421 2829 4476 exhibenda.
3398 4422 3407 4435 "

2053 4508 2359 4580 Expliciunt
2388 4524 2627 4566 canones
2653 4512 2767 4567 sive
2788 4512 3009 4568 decreta
3036 4514 3251 4568 concilii
3279 4515 3567 4573 Sardicen-

285 4590 527 4644 ricorum
556 4607 675 4647 esse
696 4596 951 4663 studium,
983 4607 1037 4653 et
1058 4602 1384 4670 superbiam,
1411 4605 1537 4674 quia
1560 4619 1668 4659 non
1697 4605 1872 4673 decet,
1905 4640 1957 4698 D
1981 4602 2072 4655 sis.
2110 4601 2555 4671 Subscripserunt
2597 4611 2777 4656 autem
2806 4618 2994 4658 omnes
3023 4603 3424 4698 ep_iscopi,_sic:
3450 4605 3568 4677 Ego

284 4690 345 4734 ut
372 4682 662 4753 episcopus
692 4685 960 4753 injuriam,
982 4689 1068 4742 vel
1097 4693 1476 4746 contumeliam
1506 4696 1756 4763 patiatur,
1786 4710 1873 4750 se-

283 4772 591 4825 vcrioribus
633 4790 728 4827 eos
749 4778 924 4831 verbis
959 4779 1244 4848 castigent,
1275 4790 1334 4835 ut
1367 4783 1621 4838 obediant
1648 4785 1874 4839 honesta

1984 4690 2074 4747 ille
2103 4694 2387 4762 episcopus
2435 4690 2575 4747 illius
2605 4694 2837 4747 civitatis
2867 4700 2922 4749 et
2949 4695 3241 4763 provincia:
3285 4695 3446 4763 illius,
3491 4699 3565 4755 ita

1982 4782 2144 4837 credo
2172 4783 2313 4837 sicut
2333 4783 2591 4852 scriptum
2619 4792 2700 4837 est
2721 4796 2903 4852 supra.

284 4911 3542 4945 Μ

296 4933 2769 4970 ———~.__.__.....________________..____________

373 5046 970 5156 SYNODUS
1046 5046 1389 5159 APUD
1462 5053 2407 5161 CARTHAGINEM
2480 5052 3471 5200 AFRICANORUM,

923 5235 1110 5312 QUE
1162 5237 1637 5303 CONSTITUIT
1692 5238 2053 5303 CANONES
2109 5234 2443 5303 NUMERO
2501 5242 2909 5308 CXXXVIII.

357 5412 485 5466 πνοαί
522 5414 864 5468 consulatum
920 5414 1429 5482 gloriosissimorum
1482 5420 1864 5490 imperatorum

278 5501 508 5558 Honorii
534 5502 623 5557 XII
648 5514 705 5560 et
732 5507 1024 5564 Theodosii
1056 5510 1167 5566 Vill
1219 5513 1601 5583 Augustorum,
1634 5528 1726 5570 vnt
1759 5518 1861 5571 cal.

275 5593 491 5660 lunias,
513 5594 855 5666 Carthagine,
883 5602 934 5654 in
956 5605 1247 5660 secretario
1270 5607 1504 5662 basilica:
1518 5608 1720 5675 Fausti,
1744 5626 1865 5665 cum

274 5686 532 5739 Aurelius
559 5702 725 5758 papa,
755 5704 862 5744 una
893 5707 1013 5747 cum
1046 5693 1327 5752 Valentino
1352 5701 1537 5769 prima:
1563 5701 1705 5757 sedis
1734 5716 1863 5773 pro-

280 5778 474 5831 tincizr.
506 5778 762 5836 Numidia:
786 5821 799 5846 ,
834 5782 1087 5843 Faustino
1109 5789 1365 5847 Ecclesia:
1392 5791 1707 5863 Potentiam,
1742 5812 1866 5866 pro-

274 5868 473 5923 vincia:
502 5867 665 5928 Italia:
712 5872 923 5945 Piceni,
951 5876 1124 5949 legato
1154 5880 1410 5942 Ecclesiae
1441 5882 1695 5944 Romamn
1718 5930 1735 5960 ,
1766 5886 1860 5943 sed

1977 5449 2032 5495 ct
2053 5440 2240 5510 legatis
2268 5441 2597 5499 diversarum
2628 5448 3026 5516 provinciarum
3068 5452 3470 5523 Africanarum,
3506 5461 3560 5515 id

1975 5537 2056 5585 cst
2081 5530 2446 5587 Numidiartmt
2468 5533 2714 5604 duarum,
2745 5534 3057 5608 Byzaccnrc,
3082 5542 3411 5600 Mauritaniae
3439 5548 3561 5605 Ca:-

1971 5623 2246 5689 sariensis,
2271 5626 2364 5679 sed
2387 5634 2439 5680 et
2461 5622 2824 5695 Tripolitanzc,
2849 5630 3201 5687 etVinccntio
3219 5634 3555 5709 Colositano,

1972 5710 2356 5768 Fortunatiano
2387 5725 2441 5770 ct
2460 5717 2667 5772 cmteris
2714 5720 2979 5789 episcopis
3003 5722 3290 5791 provinciae
3320 5743 3555 5797 procon-

1969 5802 2161 5858 sularis
2192 5807 2547 5862 residentibus
2563 5824 2757 5875 ccn'n,
2778 5826 2876 5862 nec
2893 5827 2996 5863 non
3024 5809 3270 5887 Philippo
3297 5826 3353 5873 et
3371 5817 3556 5877 Asello

1968 5893 2292 5966 presbyteris
2323 5907 2483 5968 atque
2513 5894 2703 5964 legatis
2730 5899 2987 5956 Romanu:
3031 5894 3283 5965 Εςςιυδίιυ
3309 5950 3321 5976 ,
3363 5896 3553 5965 conse-
