3988 6344
462 350 563 405 i8")

1739 342 2093 403 DIONYSIUS
2117 340 2427 403 EXIGUUS.

3606 341 3708 397 {ﬂ

458 465 682 533 rlrsseut,
703 448 1000 519 astantibus
1020 459 1283 530 diaconis,
1305 459 1551 516 Aurelius
1570 460 1857 532 episcopus
1874 460 2029 517 dixit:
2062 467 2114 526 Α
2140 461 2196 516 in
2225 467 2496 531 potestate
2521 458 2758 529 episcopi
2783 457 2913 529 quid
2945 457 3111 524 velit,
3140 466 3197 513 et
3240 459 3371 529 quid
3416 458 3707 516 existimet.

462 554 588 607 l‘ost
608 553 749 607 diem
780 552 1130 623 prmstitutam
1158 549 1397 617 concilii,
1426 557 1486 604 ut
1512 549 1893 618 recordamini,
1921 548 2032 605 fra-

462 651 569 697 tres
613 641 925 705 beatissimi,
975 640 1142 694 multa
1170 637 1408 707 flagitata
1450 647 1603 706 sunt,
1659 648 2035 712 exspectantes

462 733 654 787 fratres
691 741 924 800 nostros,
945 732 1034 800 qui
1066 746 1206 787 nunc
1226 731 1293 787 ad
1322 740 1637 803 praesentem
1665 731 1928 804 synodum
1966 732 2037 787 le—

462 824 571 894 gati
617 824 966 887 advenerunt,
995 838 1114 892 quae
1152 823 1315 890 gestis
1344 837 1566 887 necesse
1603 830 1686 877 est
1712 823 1987 878 socientur
2018 840 2031 876 :

464 931 567 985 qua
597 915 665 970 de
693 930 753 970 re
784 914 1013 970 Domino
1034 913 1145 968 Deo
1175 921 1360 968 nostro
1381 912 1449 967 de
1470 921 1633 967 tantm
1657 912 2035 982 congregatio-

467 1005 552 1060 nis
591 1013 733 1060 coetu
758 1004 959 1074 gratias
994 1002 1293 1057 referimus.
1336 999 1596 1072 Superest
1632 1009 1692 1055 ut
1719 1009 1827 1055 tam
1855 1014 2040 1056 exem-

468 1097 639 1168 plaria
665 1095 864 1151 Nicaeni
893 1093 1137 1159 concilii,
1167 1107 1285 1162 qua:
1309 1108 1451 1147 nunc
1472 1092 1730 1148 habemus
1751 1131 1768 1159 ,
1798 1099 1855 1147 et
1882 1107 1911 1146 a
1936 1089 2043 1146 Pa-

469 1186 638 1240 tribus
666 1184 955 1239 constituta
980 1189 1135 1249 sunt,
1167 1197 1328 1253 quam
1356 1182 1518 1237 etiam
1543 1182 1633 1237 hic
1680 1197 1712 1237 a
1739 1182 2042 1240 decessori-

470 1276 571 1331 bus
600 1274 797 1331 nostris
825 1274 1066 1330 eamdem
1094 1274 1358 1346 synodum
1384 1272 1678 1342 firmantes,
1700 1275 1787 1330 vel
1814 1288 1934 1344 qua;
1956 1291 2044 1332 se-

2134 549 2205 607 Et
2246 552 2291 607 si
2335 550 2637 606 decreverit
2682 550 2973 608 mittendos
3006 564 3128 606 esse
3153 551 3243 620 qui
3271 559 3565 619 prtesentes
3585 565 3712 606 cum

2135 641 2404 711 episcopis
2425 640 2684 709 judicent,
2711 640 2971 695 habentes
2993 640 3369 696 auctoritatem
3389 639 3525 710 ejus,
3549 656 3582 695 a
3602 656 3713 710 quo

2136 730 2387 787 destinati
2410 740 2553 799 sunt,
2575 732 2679 786 erit
2699 731 2753 786 in
2774 731 2894 800 ejus
2921 732 3164 788 arbitrio.
3194 731 3252 788 Si
3275 747 3406 788 vero
3426 732 3716 788 crediderit

2136 821 2385 877 sufﬁcere
2407 821 2691 891 episcopos
2717 862 2735 887 ,
2759 829 2820 876 ut
2845 821 3065 890 negotio
3090 823 3374 878 terminum
3403 823 3715 891 imponant,

2136 911 2301 968 faciet
2323 911 2466 981 quod
2505 912 2903 981 sapientissimo
2928 911 3155 966 consilio
3182 927 3280 966 suo
3300 911 3642 980 judicaverit.

2211 1002 2279 1058 Et
2307 1018 2430 1059 eum
2456 1003 2733 1070 recitaret,
2761 1002 2983 1074 Alypius
3008 1002 3296 1073 episcopus
3324 1001 3579 1058 Ecclesia:
3612 1000 3719 1056 Ta;

2139 1093 2426 1167 gastensis,
2475 1093 2687 1161 legatus
2740 1092 3033 1161 provincia:
3088 1092 3368 1159 Numidiae,
3415 1092 3596 1147 dixit:
3638 1091 3720 1147 De

2141 1183 2248 1238 hoc
2296 1181 2410 1252 jam
2452 1181 2819 1252 superioribus
2862 1183 3024 1237 etiam
3070 1182 3263 1238 litteris
3303 1183 3519 1238 concilii
3546 1181 3720 1238 nostri

2142 1275 2537 1345 rescripsimus.
2584 1282 2639 1328 et
2670 1274 2724 1329 id
2748 1288 2848 1328 nos
2869 1281 3179 1329 servaturos
3205 1273 3551 1343 profitemur,
3572 1271 3719 1341 quod

470 1368 703 1424 cundum
756 1366 983 1422 formam
1026 1382 1123 1437 per
1168 1381 1356 1422 omnes
1402 1367 1723 1423 clericorum
1768 1368 1983 1437 gradus,
2012 1383 2045 1423 a
2145 1366 2198 1420 in
2223 1366 2437 1420 Nicaano
2457 1364 2688 1421 concilio
2710 1365 3059 1420 constitutum
3089 1371 3200 1431 est;
3232 1364 3406 1419 adhuc
3435 1373 3610 1418 tamen
3631 1378 3722 1421 me

471 1475 685 1514 summo
713 1473 882 1529 usque
910 1458 977 1514 ad
1005 1457 1273 1525 ultimum,
1317 1458 1607 1514 salubriter
1650 1458 1895 1514 ordinata
1922 1468 2048 1515 sunt
2145 1462 2359 1520 movet,
2390 1452 2663 1524 quomodo
2694 1468 2818 1508 cum
2865 1453 3256 1524 inspiceremus
3300 1452 3484 1508 Graeca
3530 1468 3722 1508 exem-

470 1551 527 1604 in
549 1550 780 1606 medium
810 1548 1171 1620 proferantur.
1196 1549 1277 1605 Ab
1304 1549 1555 1605 universo
1584 1548 1818 1604 concilio
1845 1548 2046 1604 dictum
2145 1545 2317 1616 plaria
2344 1543 2504 1613 hujus
2531 1543 2720 1614 synodi
2746 1543 3003 1611 Nictenaa,
3035 1542 3138 1598 ista
3166 1542 3270 1609 ibi,
3297 1543 3479 1597 nescio
3506 1558 3612 1611 qua
3633 1558 3725 1597 ra-

470 1649 556 1697 est
579 1659 592 1694 :
619 1640 984 1697 Proferantur.
2150 1636 2300 1691 tione
2325 1673 2341 1700 ,
2373 1636 2594 1689 minime
2639 1634 2965 1702 invenimus,
2991 1634 3134 1689 unde
3161 1633 3392 1703 petimus
3419 1633 3726 1688 veneratio-

545 1730 733 1785 Daniel
760 1730 999 1785 notarius
1018 1729 1287 1785 recitavit.
1316 1728 1517 1784 Nieami
1546 1727 1761 1784 concilii
1788 1727 1909 1783 fidei
1929 1743 2051 1798 pro-
2149 1739 2274 1779 nem
2302 1733 2447 1778 tuam
2473 1765 2487 1792 ,
2514 1732 2700 1779 sancte
2727 1738 2866 1794 papa
2896 1723 3097 1791 Aureli,
3129 1731 3187 1778 ut
3210 1723 3336 1792 quia
3363 1722 3468 1781 hoc
3491 1722 3727 1777 authen-

472 1823 667 1892 fessio,
698 1824 783 1880 vel
809 1831 1009 1879 statuta
1044 1824 1118 1880 ita
1167 1838 1226 1878 se
1270 1822 1472 1878 habent
1497 1862 1515 1887 ,
1547 1830 1603 1876 et
1645 1836 1767 1876 cum
1794 1820 2001 1875 diceret
2028 1862 2047 1889 ,
2078 1822 2123 1884 Β
2150 1816 2316 1870 ticum
2342 1815 2625 1870 concilium
2658 1814 2931 1870 Nictenum
2960 1815 3026 1869 in
3052 1815 3187 1870 urbe
3209 1813 3405 1869 dicitur
3433 1804 3550 1869 esse
3576 1810 3729 1868 Con-

472 1913 759 1969 Faustinus
772 1914 1056 1984 episcopus
1081 1912 1253 1983 plebis
1282 1911 1601 1977 Potentinte,
1630 1909 1918 1979 provincia:
1944 1908 2051 1964 Ita-
2151 1906 2648 1976 stantinopolitana,
2690 1906 2898 1977 aliquos
2919 1922 3040 1961 cum
3062 1906 3277 1977 scriptis
3296 1914 3402 1960 tute
3424 1904 3731 1961 sanctitatis

476 2008 561 2061 liae
589 2003 770 2060 Piceni
800 2046 816 2072 ,
864 2002 1073 2071 legatus
1101 2001 1259 2057 Rom.
1289 1999 1543 2055 Ecclesia:
1587 2000 1758 2055 dixit:
1807 1998 2049 2068 Injuncta
2151 2000 2366 2054 mittere
2390 1998 2621 2067 digneris
2645 2036 2661 2062 ,
2692 2006 2748 2053 et
2791 2013 2900 2054 non
2948 1998 3122 2054 solum
3169 1998 3239 2052 ad
3276 1996 3448 2067 ipsum
3477 2004 3729 2051 sanctum

475 2100 631 2154 nobis
657 2108 783 2153 sunt
810 2111 841 2150 a
882 2096 1009 2150 sede
1034 2094 1334 2164 apostolica
1362 2093 1542 2162 aliqua
1570 2108 1667 2163 per
1693 2091 2014 2162 scripturam
2033 2133 2049 2157 ,
2152 2089 2374 2144 fratrem
2417 2098 2660 2145 nostrum
2705 2077 3353 2157 Constantinopolitanum
3376 2086 3689 2157 episcopum
3707 2122 3731 2152 ,

475 2189 655 2259 aliqua
699 2188 862 2243 etiam
894 2186 945 2241 in
994 2184 1295 2253 mandatis,
1343 2198 1464 2238 cum
1508 2191 1685 2238 vestra
1723 2181 2055 2238 beatitudine

480 2276 762 2332 tractanda
787 2318 802 2341 ,
833 2277 973 2330 sicut
1000 2274 1055 2327 in
1082 2273 1246 2341 gestis
1287 2271 1655 2343 superioribus
1679 2271 2052 2337 meminimus,

476 2368 580 2423 hoc
610 2375 693 2423 est
723 2367 788 2421 de
826 2365 1057 2419 Niraenis
1099 2362 1417 2429 eanonibus,
1459 2369 1519 2417 ut
1566 2369 1972 2427 conserventur,
2002 2368 2056 2416 et

477 2459 773 2514 constituta
801 2470 988 2511 eorum
1009 2496 1024 2521 ,
1055 2463 1111 2508 et
1139 2449 1500 2519 consuetudo,
1525 2450 1651 2519 quia
1676 2457 1732 2505 et
1752 2449 1936 2518 aliqua
1963 2463 2057 2503 or-

479 2549 603 2603 dine
648 2555 704 2601 et
755 2560 964 2600 canone
992 2551 1278 2609 tenentur,
1330 2542 1509 2608 aliqua
1556 2539 1945 2595 consuetudine
1970 2538 2062 2593 tir-

480 2648 622 2695 Inata
648 2645 792 2692 sunt.
825 2636 901 2690 De
928 2634 1013 2688 his
1041 2646 1170 2701 ergo
1214 2630 1459 2703 primitus
1481 2669 1497 2695 ,
1528 2630 1576 2684 si
1604 2629 1781 2699 placet
1822 2628 2059 2683 beatitu-

481 2730 587 2783 dini
617 2735 806 2782 vestra:
829 2767 845 2793 ,
877 2731 1208 2790 tractemus,
1235 2728 1289 2774 et
1313 2727 1502 2790 postea
1548 2727 1743 2772 cetera
1792 2731 1912 2787 qute
1940 2724 2061 2770 acta

483 2820 567 2874 vel
598 2818 851 2872 inchoata
895 2821 1019 2868 sunt
1068 2813 1267 2866 inserta
1316 2807 1700 2873 firmabuntur,
1724 2814 1784 2860 ut
1811 2814 1866 2860 et
1890 2804 1957 2860 ad
1977 2820 2060 2860 se-

483 2911 606 2966 dem
634 2905 994 2965 venerandam
1025 2902 1306 2972 rescriptis
1324 2899 1517 2955 vestris
1548 2899 1794 2954 intimare
1814 2899 2059 2970 possitis,

483 3004 553 3058 ad
603 3016 723 3073 quae
770 3016 870 3056 nos
919 2997 1261 3054 admonuisse
1308 2993 1452 3064 apud
1480 2992 1839 3048 venerabilem
1866 3007 2061 3062 papam

472 3074 763 3150 evidenter
789 3090 1019 3156 clareat,
1051 3087 1181 3142 licet
1206 3094 1260 3141 et
1289 3084 1525 3155 capitula
1547 3083 1820 3137 actionum
1840 3081 1953 3151 jam
1975 3082 2061 3136 in-

483 3194 628 3240 serta
681 3183 789 3238 sint
815 3180 997 3251 gestis.
1048 3178 1126 3234 De
1172 3178 1301 3248 ipsis
1343 3191 1473 3247 ergo
1498 3217 1516 3243 ,
1549 3183 1607 3229 ut
1643 3175 1887 3245 superius
1911 3172 2062 3240 dixi,

486 3277 611 3348 quid
640 3282 832 3329 vestrae
857 3270 1173 3327 beatitudini
1191 3269 1433 3338 placeat,
1469 3282 1631 3337 agere
1649 3266 1925 3322 debemus.
1953 3265 2063 3321 Ve-

484 3369 599 3423 niat
626 3380 754 3434 ergo
783 3362 1253 3419 commonitorium
1275 3360 1328 3414 in
1353 3358 1608 3425 medium,
1641 3366 1699 3412 ut
1726 3359 1867 3414 scire
1891 3358 2062 3428 possit

482 3468 663 3515 vestra
685 3454 962 3514 beatitudo
991 3452 1118 3522 quid
1148 3450 1204 3506 iu
1244 3465 1312 3506 eo
1354 3450 1734 3518 contineatur,
1770 3457 1833 3504 ut
1858 3449 1925 3504 ad
1950 3449 2062 3503 sin-

483 3550 604 3618 gula
636 3548 1051 3618 respumleatur.

554 3638 801 3695 Aurelius
820 3636 1107 3706 episcopus
1134 3634 1272 3690 dixit
1303 3652 1317 3688 :
1349 3630 1662 3688 Proferatur
1701 3629 2062 3687 commonito-

485 3729 645 3794 rium,
675 3726 820 3797 quod
867 3725 1061 3781 fratres
1107 3733 1164 3780 et
1208 3723 1627 3803 consacerdotes
1642 3721 1813 3776 nostri
1844 3721 1897 3776 in
1925 3721 2063 3776 actis

484 3835 657 3890 nuper
698 3818 1107 3885 allegaverunt,
1138 3824 1192 3871 et
1238 3823 1434 3870 caetera
1463 3828 1584 3885 qua:
1628 3821 1754 3867 acta
1798 3820 1924 3867 sunt
1976 3810 2063 3865 vel

483 3912 705 3981 agenda.
727 3920 854 3969 sunt
882 3911 1295 3979 subsequentur.

558 4003 742 4059 Daniel
785 4003 1026 4057 notarius
1075 4000 1339 4054 recitavit.
1390 3996 1875 4053 Commonitorium
1913 3993 2061 4049 fratri

482 4094 760 4156 Faustino,
792 4100 846 4146 et
874 4090 995 4144 filiis
1016 4088 1281 4158 Philippo,
1305 4097 1361 4142 et
1387 4087 1567 4142 Asello
1594 4086 1939 4157 presbyteris,
1962 4084 2064 4141 Ζο-

483 4186 653 4240 simus
678 4182 984 4251 episcopus.
1015 4179 1181 4234 Vobis
1211 4179 1498 4234 commissa
1527 4176 1739 4245 negotia
1767 4191 1874 4230 non
1892 4174 2064 4230 latent

485 4288 615 4339 vos,
646 4272 718 4325 ita
749 4286 813 4325 ac
853 4270 896 4324 si
927 4280 1143 4335 nostra,
1177 4269 1284 4324 imo
1328 4268 1453 4338 quia
1498 4275 1682 4322 nostra
1724 4266 1799 4321 ibi
1828 4266 1882 4319 in
1914 4265 2064 4321 vobis

485 4363 770 4434 praesentia
801 4369 909 4426 est,
942 4370 1134 4416 cuncta
1166 4362 1435 4431 peragite,
1467 4359 1700 4415 maxime
1727 4373 1848 4413 cum
1880 4366 1935 4411 et
1959 4357 2063 4412 hoc

483 4463 725 4511 nostrum
753 4452 969 4523 possitis
993 4451 1195 4506 habere
1223 4450 1533 4505 mandatum
1557 4488 1572 4514 ,
1603 4458 1659 4504 et
1698 4449 1860 4504 verba
1897 4464 2065 4503 cano-

2154 2179 2252 2236 sed
2282 2180 2445 2235 etiam
2474 2179 2542 2234 ad
2586 2178 3005 2234 Alexandrinum
3033 2219 3050 2246 ,
3079 2186 3134 2232 et
3154 2175 3542 2232 Antiocbeuum
3566 2191 3735 2231 vene-

2155 2270 2356 2326 rabiles
2404 2268 2714 2325 sacerdotes
2739 2307 2754 2334 ,
2817 2269 2909 2340 qui
2956 2270 3062 2325 hoc
3114 2268 3270 2323 nobis
3306 2268 3593 2324 concilium
3634 2268 3738 2323 sub

2157 2361 2544 2431 astipulatione
2589 2361 2891 2415 litterarum
2920 2375 3135 2415 suarum
3185 2359 3437 2428 dirigant,
3468 2368 3529 2414 ut
3558 2360 3741 2415 omnis

2158 2450 2503 2521 postmodum
2535 2450 2855 2519 ambiguitas
2884 2449 3159 2505 auferatur
3180 2487 3195 2512 ,
3226 2450 3352 2520 quia
3400 2465 3499 2505 nos
3550 2450 3647 2516 ita,
3681 2458 3742 2504 ut

2160 2540 2328 2597 frater
2347 2540 2635 2596 Faustinus
2667 2540 2875 2605 attulit,
2906 2540 3125 2594 minime
3152 2539 3450 2594 invenimus
3472 2539 3575 2593 ista
3593 2580 3608 2605 ,
3638 2554 3745 2595 nos

2161 2641 2341 2687 tamen
2368 2631 2640 2701 paulisper
2668 2637 3001 2698 servaturos,
3030 2638 3091 2684 ut
3115 2637 3274 2684 antea
3301 2628 3428 2694 dixi,
3456 2628 3631 2683 donec
3658 2629 3747 2682 in-

2161 2730 2313 2791 tegra
2340 2722 2673 2791 exemplaria
2701 2722 2960 2787 veniant,
2991 2720 3323 2792 profitemur.
3371 2720 3634 2775 Petendus
3659 2728 3748 2774 est

2162 2820 2341 2867 autem
2373 2811 2569 2867 litteris
2594 2812 2793 2868 nostris
2814 2812 2976 2866 etiam
3005 2810 3326 2866 venerabilis
3350 2808 3604 2865 Ecclesia:
3633 2808 3749 2862 Bn-

2161 2918 2334 2957 mana:
2364 2903 2648 2972 episcopus
2677 2890 3004 2968 Bonifacius,
3032 2909 3092 2955 ut
3120 2901 3233 2970 ipse
3254 2914 3468 2969 quoque
3494 2899 3750 2967 dignetur

2162 2991 2230 3046 ad
2269 2999 2597 3046 memoratas
2628 2989 2899 3045 Ecclesias
2930 2989 3142 3057 aliquos
3168 2988 3401 3052 mittere,
3432 2988 3523 3056 qui
3550 2988 3750 3042 eadem

2163 3079 2490 3149 exemplaria
2510 3078 2743 3134 debeant
2764 3077 3060 3131 secundum
3107 3075 3222 3144 ejus
3251 3075 3451 3145 scripta
3481 3075 3750 3145 perferre,

2087 3177 2135 3241 ο
2166 3184 2306 3224 nunc
2334 3178 2515 3223 autem
2543 3167 2827 3223 memorati
2857 3165 3057 3222 Nicaeni
3099 3166 3317 3221 concilii
3352 3166 3541 3243 nqualia
3567 3181 3752 3222 exem-

2160 3260 2333 3331 plaria
2358 3258 2623 3315 habemus
2644 3300 2660 3325 ,
2692 3257 2776 3313 his
2801 3258 2965 3326 gestis
2989 3257 3278 3313 sociamus.

2230 3350 2518 3420 Faustinus
2567 3352 2873 3421 episcopus,
2904 3349 3108 3417 legatus
3157 3346 3413 3402 Ecclesia
3466 3345 3753 3412 Romanae,

2160 3441 2295 3499 dixit
2321 3458 2335 3495 :
2369 3440 2481 3498 Nec
2508 3449 2690 3497 vestra
2728 3438 2984 3496 sanctitas
3012 3437 3325 3509 praejudicat
3360 3434 3617 3491 Ecclesia:
3645 3434 3757 3491 Ro-

2161 3549 2351 3600 manis,
2382 3534 2495 3587 sive
2531 3532 2598 3587 de
2628 3532 2734 3587 hoc
2780 3529 3048 3599 capitulo,
3077 3529 3191 3583 sive
3219 3529 3287 3582 de
3327 3528 3460 3593 aliis,
3501 3526 3627 3597 quia
3660 3526 3749 3580 di-

2159 3641 2285 3681 cere
2313 3626 2559 3693 dignatus
2606 3632 2691 3679 est
2718 3621 2882 3677 frater
2908 3628 3092 3676 noster
3130 3628 3185 3675 et
3232 3620 3587 3690 coepisc0pus
3614 3619 3754 3689 Aly-

2160 3718 2301 3789 pius,
2325 3716 2514 3771 dubios
2533 3728 2652 3770 esse
2672 3727 2909 3769 canones
2941 3730 2953 3764 :
2983 3709 3081 3766 sed
3119 3710 3233 3765 hmc
3256 3711 3371 3779 ipsa
3401 3710 3467 3763 ad
3503 3718 3759 3764 sanctum

2162 3817 2219 3865 et
2255 3807 2622 3864 beatissimum
2649 3819 2843 3876 papam
2885 3812 3128 3858 nostrum
3157 3801 3394 3857 scribere
3434 3799 3756 3868 dignemini,

2162 3908 2294 3954 utet
2323 3898 2440 3970 ipse
2468 3898 2704 3965 integros
2734 3910 2972 3950 canones
2993 3894 3264 3964 inquirens
3286 3907 3407 3947 cum
3434 3901 3612 3946 vestra
3631 3907 3763 3945 san-

2162 3989 2352 4046 ctitate
2380 3988 2448 4043 de
2475 3987 2722 4043 omnibus
2751 3983 3057 4041 constitutis
3087 3991 3320 4038 tractare
3347 3982 3534 4053 possit.
3585 3981 3760 4035 Sufﬁ-

2163 4081 2238 4135 cit
2261 4089 2441 4135 autem
2469 4086 2526 4132 ut
2552 4078 2669 4147 ipse
2698 4075 3038 4132 beatissimus
3061 4074 3347 4144 episcopus
3377 4074 3520 4129 urbis
3541 4072 3761 4137 Rotnze,

2164 4172 2302 4228 sicut
2324 4179 2381 4226 et
2401 4178 2577 4226 vestra
2605 4169 2863 4224 sanctitas
2910 4165 3051 4238 apud
3097 4181 3156 4221 se
3196 4174 3413 4234 tractat,
3439 4168 3510 4220 ita
3538 4175 3594 4221 et
3636 4166 3763 4235 ipse

2164 4262 2419 4331 inquirat,
2447 4275 2515 4315 ne
2541 4259 2816 4314 contentio
2849 4258 2989 4311 inter
3013 4257 3283 4312 Ecclesias
3308 4257 3454 4311 nasci
3486 4256 3762 4322 videatur,

2164 4354 2258 4408 sed
2297 4353 2465 4421 magis
2494 4352 2755 4407 charitate
2781 4349 3015 4404 fraterna
3044 4349 3340 4404 deliberare
3368 4349 3605 4419 possitis,
3635 4349 3767 4419 ipso

2166 4441 2517 4507 rescribente,
2544 4438 2685 4511 quod
2714 4439 2905 4494 melius
2925 4438 3199 4494 observari
3227 4438 3440 4493 debeat.

486 4560 634 4610 num,
662 4559 780 4615 quae
811 4544 861 4599 in
889 4543 1186 4613 pleniorem
1217 4540 1523 4597 firmitatem
1545 4540 1670 4595 huic
1700 4540 2059 4596 commonito-
2091 4539 2139 4598 D
2236 4531 2481 4587 Aurelius
2497 4532 2781 4601 episcopus
2800 4527 2965 4582 dixit:
2990 4526 3193 4582 Praeter
3208 4527 3330 4591 ista,
3359 4542 3478 4596 qua:
3495 4527 3761 4596 deprom-

484 4636 568 4691 rio
597 4634 938 4690 inseruimus.
985 4633 1063 4687 Ita
1093 4633 1234 4689 enim
1262 4633 1514 4688 dixerunt
1542 4631 1736 4686 fratres
1764 4632 1818 4685 in
1848 4630 2066 4686 Nicaeno

485 4725 736 4790 concilio,
769 4740 891 4779 cum
915 4722 990 4779 'de
1016 4724 1393 4795 episcoporum
1423 4721 1786 4792 appellatione
1813 4719 2068 4775 decerne-

484 4825 626 4873 rent.

556 4906 763 4961 Placuit
800 4912 982 4960 autem
1011 4913 1070 4959 ut
1096 4904 1143 4959 si
1169 4904 1453 4974 episcopus
1480 4909 1771 4957 accusatus
1800 4899 1982 4964 fuerit,
2010 4908 2067 4956 et

482 4997 841 5068 iudicaverint
868 4996 1180 5064 congregati
1224 4993 1467 5064 episcopi
1496 4992 1731 5059 regionis
1773 4991 1941 5061 ipsius
1962 5030 1977 5053 ,
2009 5002 2068 5046 et

485 5089 554 5144 de
579 5088 744 5156 gradu
774 5103 871 5142 suo
892 5086 1322 5155 dejecerinteum
1339 5122 1354 5148 ,
1386 5093 1443 5139 et
1466 5083 1767 5155 appellasse
1784 5083 2062 5148 videatur,

485 5190 542 5236 et
570 5179 875 5249 confugerit
910 5179 980 5232 ad
1007 5178 1375 5233 beatissimum
1399 5174 1657 5231 Ecclesiae
1684 5175 1943 5229 Romamn
1963 5173 2073 5243 epi-

484 5286 729 5341 scopum,
767 5278 821 5324 et
848 5269 1081 5324 voluerit
1108 5268 1313 5332 audiri,
1343 5275 1399 5323 et
1439 5266 1643 5336 justum
1674 5265 1980 5335 putaverit,
2011 5272 2071 5320 ut

484 5369 778 5417 renovetur
805 5374 1032 5414 examen
1055 5400 1070 5425 ,
1115 5359 1354 5414 scribere
1382 5358 1466 5413 his
1498 5356 1765 5427 episcopis
1795 5355 2066 5425 dignetur,

483 5454 575 5522 qui
606 5452 659 5506 in
690 5450 914 5505 finitima
953 5458 1010 5504 et
1034 5451 1333 5520 propinqua
1367 5447 1645 5518 provincia
1674 5454 1818 5511 sunt,
1878 5454 1936 5500 ut
1964 5446 2068 5516 ipsi

484 5541 769 5609 diligenter
794 5540 973 5595 omnia
1002 5540 1311 5609 requirant,
1353 5546 1409 5592 et
1452 5536 1604 5606 juxta
1636 5534 1796 5590 fidem
1825 5535 2069 5590 veritatis

485 5632 762 5688 definiant.
816 5631 970 5699 Quod
1013 5631 1058 5686 si
1100 5631 1221 5701 quis
1254 5637 1412 5697 rogat
1450 5642 1667 5682 causam
1696 5640 1847 5680 suam
1872 5626 2063 5679 iterum

484 5723 655 5777 audiri
682 5764 697 5789 ,
727 5732 782 5778 et
809 5722 1191 5794 deprecatione
1211 5734 1309 5775 sua
1342 5718 1573 5773 moverit
1601 5716 1914 5789 episcopum
1954 5714 2064 5770 Ro-

486 5830 728 5886 manum,
769 5825 831 5873 ut
874 5816 942 5873 «te
967 5812 1137 5874 latere
1163 5828 1262 5871 suo
1287 5810 1659 5886 presbyterum
1701 5807 1905 5875 mittat,
1963 5805 2068 5865 erit

2169 4626 2370 4694 psimus
2412 4622 2563 4687 actis,
2597 4634 2821 4675 necesse
2850 4626 2933 4673 est
2963 4624 3021 4672 ut
3049 4618 3211 4671 etiam
3240 4625 3441 4671 nostra:
3469 4616 3760 4687 parvitatis

2167 4716 2358 4770 litteris
2385 4721 2576 4768 sancto
2599 4709 2747 4765 fratri
2778 4718 2833 4765 et
2860 4707 3235 4764 consacerdOti
3262 4715 3448 4762 nostro
3476 4706 3766 4761 Bonifacio

2134 4809 2371 4885 singula
2420 4822 2540 4876 qua:
2588 4814 2882 4860 tractamus
2919 4801 3226 4872 plenissime
3255 4800 3577 4855 intimemus.
3610 4798 3771 4869 Ergo

2168 4916 2213 4956 Si
2234 4899 2481 4954 omnibus
2500 4897 2678 4968 placet
2696 4893 3000 4967 prosecutio
3022 4901 3227 4958 nostra,
3252 4906 3347 4946 ore
3368 4891 3610 4945 omnium
3636 4905 3777 4946 con.

2166 4993 2452 5049 discamus.
2481 4987 2800 5044 Universum
2828 4985 3114 5041 concilium
3143 4984 3307 5039 dixit:
3338 4982 3547 5039 Placet.

2236 5085 2472 5139 hovatus
2508 5085 2815 5155 episcopus,
2855 5084 3062 5150 legatus
3089 5081 3421 5135 Mauritania
3462 5078 3775 5150 Sitifensis,

2170 5175 2305 5230 dixit
2333 5194 2346 5229 :
2379 5177 2532 5231 Nunc
2560 5176 2901 5231 meminimus
2924 5176 3027 5231 hoc
3048 5173 3463 5229 commonitorio
3498 5171 3663 5226 etiam
3695 5174 3781 5229 de

2170 5266 2501 5337 presbyteris
2546 5266 2633 5320 vel
2674 5266 2990 5321 diaconibus
3038 5264 3324 5329 contineri,
3382 5263 3619 5333 qualiter
3669 5280 3781 5318 au-

2171 5356 2270 5409 diri
2301 5356 2367 5410 ab
2395 5356 2661 5426 episcopis
2689 5356 2799 5411 suis
2827 5355 2912 5412 vel
2956 5370 2988 5409 a
3029 5353 3266 5409 finitimis
3317 5353 3573 5422 debeant,
3614 5355 3787 5423 quod

2177 5446 2230 5500 in
2255 5446 2473 5502 Nicmno
2500 5447 2728 5502 concilio
2753 5446 2972 5501 minime
3012 5444 3258 5513 legimus,
3288 5443 3430 5499 unde
3462 5444 3567 5498 hoc
3587 5444 3793 5512 ipsum

2169 5536 2359 5605 jubeat
2387 5538 2642 5592 sanctitas
2669 5546 2845 5591 vestra
2870 5537 3105 5591 recitari.

2246 5627 2492 5682 Aurelius
2518 5628 2799 5697 episcopus
2814 5627 2951 5682 dixit
2975 5646 2987 5679 :
3015 5627 3291 5681 Recitetur
3311 5623 3375 5678 ad
3397 5624 3572 5678 locum
3597 5624 3797 5682 etiam

2173 5732 2277 5774 noc
2323 5717 2465 5787 quod
2494 5717 2823 5797 deposcitur.
2892 5718 3080 5773 Daniel
3108 5715 3350 5771 notarius
3382 5714 3655 5769 recitavit.
3682 5713 3796 5772 υς,

2175 5806 2626 5880 appellationibus
2676 5816 2855 5864 autem
2911 5807 3252 5875 clericorum,
3306 5803 3356 5859 id
3406 5810 3490 5863 est
3538 5803 3809 5870 minori;
