3988 6344
213 396 324 458 £85

1185 393 1409 452 CODEX
1444 392 1771 450 CANONUM
1808 392 2507 451 ECCLESI'ASTICORUM.

3384 396 3487 453 £36

213 516 349 583 loci,
368 522 454 572 est
480 514 647 586 ipsius
668 513 856 587 synodi
880 519 1028 569 certa
1052 513 1352 582 responsio,
1373 512 1440 566 de
1464 525 1644 580 quare
1665 509 1793 579 quid
1818 515 1870 572 Α
1896 508 2105 564 Asellus
2136 525 2320 565 secum
2358 509 2673 574 attulerunt,
2716 516 2809 563 aut
2843 508 3037 564 ibidem
3067 518 3299 578 reperta,
3328 525 3358 563 a
3390 528 3487 565 no-

215 607 392 662 acturi
418 606 563 671 sitis,
595 604 861 660 credimus
893 603 1266 671 inserendum,
1295 601 1439 672 quod
1484 600 1666 655 taliter
1713 599 1797 653 di-
1903 599 1985 653 bis
2011 599 2392 663 ﬁrmabuntur;
2428 607 2520 653 aut
2547 599 2590 653 si
2615 614 2721 653 non
2752 599 3115 665 inveniantur,
3144 600 3369 654 collecta
3400 616 3490 671 sy-

217 704 365 751 ctum
396 703 500 751 est.

286 782 449 841 Osius
469 785 755 857 episcopus
775 783 908 839 dixit
932 801 945 837 :
968 781 1105 849 Quid
1133 796 1219 836 me
1247 780 1421 835 adhuc
1441 787 1640 846 movet,
1672 780 1803 835 reti-

1905 687 2071 754 nodo,
2092 689 2159 743 de
2186 689 2362 743 hocin
2384 689 2628 757 sequenti
2653 690 3015 743 tractabimus.
3040 688 3223 743 Daniel
3243 691 3486 744 notarius

1902 777 2100 833 Nicmni
2129 778 2341 833 concilii
2364 778 2749 845 professionem
2782 778 2903 833 ﬁdei
2926 779 3011 832 vel
3040 779 3154 848 ejus
3178 788 3377 833 statuta
3401 794 3485 833 re-

216 892 347 933 cere
372 893 484 933 non
527 876 721 931 debeo.
750 874 807 929 Si
854 873 1141 944 episcopus
1167 871 1286 941 quis
1331 869 1470 925 forte
1517 870 1803 925 iracundus
1905 867 2090 922 citavit
2114 867 2168 921 in
2198 867 2426 921 concilio
2453 866 2724 921 Africano.

218 966 392 1039 (quod
422 981 542 1022 esse
567 982 678 1022 non
699 962 881 1036 debet)
903 966 1010 1019 cito
1038 971 1130 1018 aut
1174 976 1364 1032 aspere
1395 968 1801 1017 commoveatur

220 1058 483 1115 adversus
502 1057 897 1128 presbyterum,
926 1056 1038 1112 sive
1058 1055 1340 1109 diaconum
1355 1069 1533 1117 suum,
1557 1061 1612 1108 et
1631 1061 1805 1108 exter-

2226 976 2487 1047 Professio
2516 976 2639 1045 ﬁdei
2686 974 2891 1030 Nica’ni
2919 977 3146 1031 concilii.

1978 1065 2261 1122 Credimus
2283 1066 2335 1120 in
2368 1082 2530 1119 unum
2572 1066 2760 1129 Deum,
2788 1064 3004 1119 Patrem
3046 1076 3493 1137 omnipotentem,

220 1150 435 1205 minare
461 1163 583 1203 eum
630 1147 699 1203 de
738 1146 979 1202 Ecclesia
1026 1145 1274 1211 voluerit,
1305 1142 1692 1213 providendum
1722 1151 1805 1197 est
1907 1159 2195 1215 visibilium
2225 1166 2280 1213 et
2307 1158 2646 1212 invisibilium
2696 1157 2973 1222 factorem,
3016 1166 3068 1212 et
3107 1159 3158 1211 in
3190 1175 3353 1213 unum
3386 1159 3494 1215 Do-

222 1256 295 1295 ue
321 1242 585 1296 innocens
610 1238 924 1304 damnetur,
954 1245 1048 1291 aut
1093 1238 1282 1306 perdat
1326 1234 1760 1290 communionem
1789 1252 1803 1287 :

222 1331 426 1388 habeat
443 1339 765 1402 potestatem
787 1330 1012 1400 ejectus,
1043 1335 1103 1382 ut
1126 1325 1378 1380 ﬁnitimos
1398 1324 1719 1393 interpellet,
1753 1333 1810 1379 ut

224 1436 390 1476 causa
414 1420 533 1489 eius
554 1419 819 1485 audiatur,
843 1425 900 1472 et
918 1415 1223 1484 diligentius
1244 1420 1524 1475 tractetur,
1554 1412 1678 1480 quia
1701 1427 1808 1465 non

218 1518 448 1579 oportet
476 1521 675 1577 negare
705 1507 754 1562 ei
781 1505 1106 1560 audientiam
1136 1502 1365 1572 roganti.
1391 1501 1459 1555 Et
1478 1501 1567 1555 ille
1595 1502 1810 1570 episco-

224 1611 348 1667 pus,
378 1597 471 1666 qui
502 1602 597 1651 aut
629 1596 774 1666 iuste
801 1601 895 1648 aut
920 1592 1117 1661 injuste
1146 1606 1269 1646 eum
1306 1590 1513 1660 rejecit,
1544 1592 1812 1661 patienter

226 1686 485 1747 accipiat,
511 1694 573 1740 ut
616 1687 893 1756 negotium
946 1684 1281 1749 discutiatur,
1326 1690 1387 1737 ut
1433 1690 1525 1736 aut
1558 1682 1812 1753 probetur

226 1784 369 1846 ejus,
399 1785 493 1833 aut
519 1777 836 1832 emendetur
858 1776 1145 1840 sententia,
1170 1782 1273 1829 etc.

1911 1248 2112 1302 minum
2140 1246 2319 1300 Jesum
2349 1244 2641 1312 Christum,
2668 1244 2857 1298 Filium
2888 1246 3007 1311 Dei,
3032 1254 3215 1299 natum
3245 1247 3311 1301 de
3335 1245 3497 1303 Patre

1911 1340 2263 1409 unigenitum,
2306 1338 2412 1392 hoc
2438 1345 2522 1391 est
2564 1336 2634 1390 de
2660 1337 2956 1391 substantia
3002 1338 3193 1401 Patris,
3221 1337 3386 1391 Deum
3415 1337 3485 1393 de

1912 1429 2045 1493 Deo,
2087 1430 2267 1482 lumen
2308 1426 2377 1482 de
2421 1427 2641 1490 lumine,
2670 1427 2834 1481 Demu
2876 1443 3061 1482 verum
3090 1427 3157 1482 de
3187 1428 3298 1482 Deo
3330 1442 3488 1492 vero,

1912 1528 2236 1584 natum,non
2254 1518 2468 1583 factum,
2491 1517 2646 1571 unius
2666 1518 2976 1572 substantia:
2997 1532 3116 1572 cum
3140 1517 3317 1582 Patre,
3344 1517 3492 1587 quod

1914 1610 2083 1667 Graeci
2113 1610 2296 1664 dicunt
2324 1608 2599 1661 omousion
2625 1645 2639 1669 ,
2667 1622 2763 1676 per
2785 1622 2942 1675 quem
2975 1610 3155 1661 omnia
3180 1605 3317 1660 facta
3345 1614 3492 1673 sunt,

1916 1705 2028 1757 sive
2056 1716 2175 1771 quae
2195 1703 2247 1755 in
2277 1700 2435 1765 coelo,
2467 1700 2579 1752 sive
2606 1714 2725 1766 qua:
2754 1699 2805 1752 in
2833 1708 2995 1753 terra.
3029 1697 3129 1764 Qui
3162 1706 3383 1767 propter
3398 1712 3501 1751 nos

1918 1795 2184 1859 homines,
2216 1801 2272 1847 et
2316 1798 2537 1861 propter
2562 1800 2801 1846 nostram
2834 1790 3062 1844 salutem
3091 1786 3392 1856 descendit,
3444 1795 3503 1841 et

299 1867 549 1938 Cumque
566 1869 940 1933 recitarentur,
973 1866 1300 1936 Augustinus
1320 1865 1603 1935 episcopus
1634 1863 1813 1919 Eccle-

1935 1893 2223 1938 ncarnatus
2244 1889 2347 1948 est,
2369 1881 2534 1936 homo
2566 1880 2754 1945 factus,
2787 1893 2974 1949 passus
2996 1886 3100 1942 est,
3124 1885 3178 1931 et
3202 1877 3503 1931 resurrexit

228 1960 326 2014 sia:
350 1958 713 2028 Hipponensis
747 1959 1041 2029 provincia:
1082 1957 1341 2012 Numidim
1388 1956 1522 2010 dixit
1554 1973 1567 2008 :
1601 1954 1668 2009 Et
1713 1956 1816 2010 hoc

229 2066 334 2106 nos
362 2057 673 2105 servaturos
701 2047 1035 2119 proﬁtemur,
1067 2047 1213 2102 salva
1256 2045 1593 2115 diligentiore
1636 2044 1815 2111 inqui-

230 2141 432 2196 sitione
457 2139 669 2195 concilii
708 2137 929 2193 Nic'eni.
964 2137 1211 2192 Aurelius
1236 2137 1521 2206 episcopus
1548 2136 1681 2191 dixit
1714 2152 1727 2186 :
1758 2133 1817 2189 Si

231 2230 341 2285 hoc
368 2230 533 2284 etiam
562 2229 799 2284 omnium
829 2235 1022 2282 vestra:
1048 2226 1297 2281 cboritati
1347 2227 1542 2296 placet,
1594 2239 1819 2293 respon-

230 2308 390 2376 sione
429 2320 657 2374 ﬁrmate.
702 2318 1021 2374 Universum
1064 2318 1349 2374 concilium
1396 2317 1528 2371 dixit
1567 2335 1581 2370 :
1628 2315 1818 2371 Omnia

230 2426 358 2482 qua:
398 2412 453 2465 in
498 2410 713 2466 Nicaeno
742 2410 973 2465 concilio
1001 2417 1198 2464 statuta
1226 2417 1351 2462 sunt
1389 2408 1543 2463 nobis
1573 2409 1820 2463 omnibus

229 2503 473 2571 placent.
495 2499 784 2566 Jocundus,
811 2501 1095 2570 episcopus
1114 2500 1366 2555 Ecclesia
1378 2499 1656 2567 Sufﬁtulae,
1671 2500 1818 2568 lega-

232 2602 323 2645 tus
351 2591 641 2659 provincia:
677 2590 965 2662 Byzacentc
988 2590 1121 2645 dixit
1146 2608 1158 2643 :
1190 2589 1341 2656 Quod
1371 2597 1627 2645 statutum
1657 2600 1739 2645 est
1766 2592 1821 2646 in

229 2679 457 2735 Niceno
481 2679 732 2747 concilio,
779 2679 1023 2734 violaria
1059 2694 1335 2749 quoquam
1381 2680 1683 2736 nullatenus
1718 2696 1819 2751 po-

231 2778 365 2825 test.

305 2859 596 2915 Faustinus
642 2860 962 2930 episcopus,
1005 2860 1214 2929 legatus
1259 2859 1515 2919 Ecclesiae
1544 2860 1819 2933 Romanze,

228 2947 371 3002 dixit
398 2965 412 3000 :
447 2947 636 3003 Adhuc
655 2947 950 3002 secundum
986 2947 1379 3017 professionem
1406 2950 1703 3005 sanctitatis
1731 2966 1823 3005 ve-

228 3048 385 3100 strae,
416 3049 526 3093 tam
550 3039 721 3094 sancti
743 3038 940 3110 Alypii,
964 3054 1127 3109 quam
1156 3041 1319 3094 etiam
1341 3041 1521 3097 fratris
1542 3044 1710 3098 nostri
1729 3042 1824 3098 Jo-

232 3129 425 3191 cundi,
474 3128 649 3199 aliqua
696 3128 955 3184 inﬁrmari
983 3129 1167 3197 credo,
1216 3131 1393 3201 aliqua
1419 3129 1640 3199 ﬁrmari,
1679 3133 1824 3203 quod

233 3236 349 3276 non
376 3220 597 3284 debeat,
626 3235 750 3275 cum
772 3219 885 3288 jam
914 3220 969 3274 in
1009 3220 1227 3276 dubium
1274 3222 1372 3291 ipsi
1397 3237 1633 3278 canones
1658 3240 1897 3306 vene-c

233 3312 368 3367 rint.
400 3308 564 3377 Ergo,
602 3316 661 3363 ut
683 3309 864 3379 placet
888 3316 945 3365 et
969 3310 1148 3376 nobis,
1182 3318 1238 3365 et
1263 3310 1582 3367 beatitudini
1612 3322 1824 3383 vestrae,

232 3400 309 3455 ad
329 3408 577 3454 sanctum
597 3408 652 3454 et
674 3399 1035 3454 venerabilem
1062 3398 1317 3455 Ecclesia:
1339 3400 1596 3457 Romanae
1624 3403 1833 3472 episco-

234 3505 369 3561 pum
388 3496 571 3544 vestra
593 3489 852 3545 sanctitas
870 3488 1074 3544 referre
1091 3489 1362 3558 dignetur,
1386 3498 1446 3545 ut
1464 3498 1521 3546 et
1538 3492 1671 3561 ipse,
1690 3492 1833 3562 quod

236 3590 462 3640 sanctus
483 3582 814 3650 Augustinus
853 3590 1093 3637 statuere
1120 3581 1371 3652 dignatus
1408 3592 1510 3649 est,
1535 3583 1835 3640 deliberare

238 3673 437 3742 possit,
486 3680 793 3727 utrumnam
819 3678 877 3726 et
914 3670 1019 3726 hoc
1045 3671 1455 3728 concedendum
1484 3674 1574 3739 sit,
1605 3688 1674 3727 an
1702 3675 1834 3728 reti-

239 3761 501 3824 cendum,
532 3762 636 3819 hoc
664 3771 747 3818 est
768 3802 784 3827 ,
814 3761 885 3817 de
928 3761 1291 3832 appellatione
1325 3761 1595 3817 inferioris
1615 3764 1828 3832 gradus.

239 3856 302 3911 Si
332 3869 467 3923 ergo
491 3854 667 3909 adhuc
706 3854 759 3908 in
802 3854 1019 3909 dubium
1050 3854 1218 3919 venit,
1262 3862 1316 3909 et
1346 3852 1416 3909 de
1448 3855 1552 3909 hoc
1596 3854 1833 3924 capitulo

235 3948 450 4018 justum
496 3952 585 4001 est
613 3952 671 3999 ut
708 3944 1030 4000 beatissima
1055 3943 1197 4000 sedis
1236 3943 1526 4014 episcopus
1554 3944 1835 4000 informari

239 4039 466 4103 debeat,
494 4038 542 4091 si
570 4044 750 4091 tamen
795 4035 1107 4105 approbatis
1147 4035 1444 4090 canonibus
1482 4036 1585 4091 hoc
1612 4036 1833 4091 inveniri

239 4131 441 4200 possit.
471 4128 723 4183 Aurelius
750 4127 1033 4196 episcopus
1060 4126 1191 4181 dixit
1224 4144 1238 4178 :
1270 4123 1443 4179 Etiam
1473 4140 1591 4194 quae
1633 4125 1833 4180 dudum

242 4229 445 4277 vestra:
473 4217 719 4274 cbaritati
763 4216 1144 4279 intimavimus,
1174 4230 1318 4270 nunc
1358 4215 1601 4285 patimini
1647 4230 1833 4270 exem-

1919 1974 2077 2029 tertia
2107 1973 2215 2040 die,
2258 1972 2498 2026 ascendit
2521 1971 2573 2024 in
2605 1971 2791 2034 caelos,
2824 1969 2978 2023 sedet
3001 1968 3065 2021 ad
3095 1964 3374 2021 dexteram
3400 1963 3503 2019 Pa-

1920 2065 2031 2127 tris,
2068 2064 2208 2117 unde
2261 2070 2519 2117 venturus
2548 2069 2632 2116 est
2681 2060 2925 2129 judicare
2954 2060 3103 2112 vivos
3142 2067 3197 2111 et
3238 2065 3501 2122 mortuos,

1919 2156 2045 2209 etin
2076 2152 2330 2223 Spiritum
2378 2160 2642 2207 sanctum.
2673 2148 2777 2205 Eos
2806 2158 2986 2204 autem
3015 2149 3106 2216 qui
3134 2148 3335 2211 dicunt,
3371 2145 3505 2199 Erat

1919 2243 2135 2313 quando
2158 2258 2262 2298 non
2286 2250 2423 2305 erat,
2458 2248 2510 2295 et
2540 2242 2853 2310 priusquam
2884 2246 3197 2293 nasceretur
3226 2254 3333 2292 non
3362 2245 3499 2300 erat,

1921 2344 1977 2387 et
2003 2334 2125 2403 quia
2156 2348 2225 2386 ex
2252 2331 2412 2386 nullis
2453 2331 2789 2386 exstantibus
2831 2328 3004 2384 factus
3028 2337 3141 2394 est,
3173 2327 3257 2382 vel
3299 2343 3366 2381 ex
3396 2326 3503 2381 alia

1920 2425 2239 2485 substantia,
2264 2422 2503 2477 dicentes
2532 2420 2871 2485 mutabilem,
2904 2427 2958 2473 et
2980 2419 3385 2474 convertibilem
3410 2417 3503 2471 Fi-

1920 2514 2050 2568 lium
2095 2514 2208 2579 Dei,
2240 2514 2340 2568 hos
2368 2512 2788 2567 anathematizat
2815 2511 3081 2565 catholica
3116 2517 3171 2564 et
3208 2509 3506 2579 apostolica

1920 2602 2179 2658 Ecclesia.

1994 2694 2204 2749 Statuta
2225 2708 2440 2763 quoque
2464 2692 2663 2747 Nicnni
2706 2690 2917 2747 concilii
2956 2691 3010 2744 in
3038 2689 3226 2758 viginti
3256 2686 3507 2758 capitulis

1923 2783 2170 2842 similiter
2190 2786 2413 2839 recitata
2444 2783 2746 2850 sunt,sicut
2772 2783 2824 2836 in
2850 2780 3215 2851 superioribtis
3237 2779 3507 2833 inveniun-

1924 2885 2013 2930 tur
2044 2875 2296 2945 aseripta.
2332 2874 2531 2928 Deinde
2560 2888 2679 2942 qua:
2709 2873 2761 2926 in
2804 2872 3045 2926 conciliis
3070 2869 3335 2923 Africanis
3380 2882 3508 2938 pro—

1923 2965 2160 3034 mulgata
2189 2972 2332 3029 sunt,
2365 2964 2499 3017 actis
2529 2962 2878 3032 prmsentibus
2899 2962 3098 3015 inserta
3120 2968 3430 3014 noscuntur.

1930 3099 2000 3155 Ut
2050 3114 2164 3169 quae
2203 3100 2257 3152 in
2309 3096 2529 3151 Nicwno
2572 3096 2789 3149 concilio
2833 3103 3027 3148 statuta
3056 3102 3174 3148 sunt
3212 3091 3507 3148 omnimodo

2531 3174 2911 3221 conserventur.

2001 3282 2044 3338 l.
2085 3280 2329 3336 Aurelius
2351 3278 2633 3349 episcopus
2656 3275 2791 3329 dixit
2820 3293 2833 3327 :
2858 3273 2984 3329 Haec
3020 3273 3092 3328 ita
3114 3271 3253 3342 apud
3284 3287 3381 3325 nos
3406 3270 3509 3325 lia-

1931 3374 2125 3429 bentur
2136 3369 2461 3440 exemplaria
2485 3375 2805 3423 statutorum
2829 3378 2947 3435 quae
2968 3374 3093 3420 tunc
3119 3363 3305 3419 Patres
3337 3361 3509 3417 nostri

1932 3465 2001 3521 de
2032 3463 2262 3519 concilio
2300 3461 2515 3515 Niczeno
2551 3474 2733 3515 secum
2754 3458 3079 3524 detulerunt,
3101 3456 3252 3524 cujus
3281 3454 3507 3508 formam

1933 3564 2230 3618 servantes,
2261 3555 2376 3608 haec
2413 3567 2531 3622 quae
2577 3559 2871 3621 sequentur
2898 3548 3209 3615 constituta,
3240 3545 3448 3599 ﬁrmata
3477 3559 3509 3599 a

1934 3647 2090 3703 nobis
2107 3644 2497 3705 custodientur.

2352 3750 2431 3806 De
2463 3750 2716 3803 Trinitate
2736 3747 3088 3817 prwdicanda.

2004 3843 2069 3899 ll.
2111 3841 2426 3897 Universum
2450 3837 2737 3893 concilium
2766 3837 2903 3891 dixit
2934 3855 2948 3889 :
2978 3837 3090 3892 Deo
3112 3837 3366 3907 propitio,
3397 3835 3510 3906 pari

1936 3933 2301 4006 professione,
2335 3927 2465 3985 ﬁdes
2494 3926 2877 3992 ecclesiastica,
2901 3940 3021 3994 qua:
3037 3940 3133 3992 per
3161 3941 3259 3981 nos
3289 3925 3515 3979 traditur

1936 4026 1990 4079 in
2012 4024 2116 4077 hoc
2143 4030 2285 4076 coetu
2330 4018 2590 4089 glorioso,
2640 4015 2888 4097 primitus
2926 4013 3229 4070 conﬁtenda
3254 4025 3356 4079 est,
3390 4022 3515 4069 tunc

1934 4116 2148 4171 demum
2180 4113 2314 4169 ordo
2343 4110 2741 4166 ecclesiasticus
2777 4107 3130 4173 singulorum,
3160 4114 3215 4161 et
3245 4119 3515 4160 consensu

1936 4206 2173 4262 omnium
2203 4200 2574 4257 asservandus.
2608 4198 2687 4251 Ad
2730 4196 3161 4252 corroborandas
3201 4204 3379 4249 autem
3412 4194 3517 4247 fra-

245 4315 424 4386 plaria
440 4319 766 4367 statutorum
798 4308 997 4364 Nicaeni
1022 4307 1267 4372 concilii,
1300 4306 1397 4363 sed
1419 4315 1473 4362 et
1499 4322 1617 4376 qua:
1642 4307 1728 4363 hic
1755 4322 1837 4361 εω-
1936 4305 2078 4353 trum
2103 4305 2157 4351 et
2184 4293 2627 4362 coepiscoporum
2686 4296 2991 4386 nostrorum
3032 4302 3201 4355 nuper
3230 4291 3511 4386 promoto-

242 4373 478 4459 iubriter
506 4416 536 4455 a
567 4399 764 4454 nostris
808 4398 1203 4461 decessoribus,
1256 4373 1549 4452 secundum
1594 4396 1833 4465 ejusdem
1935 4401 2055 4443 rum
2086 4392 2310 4447 mentes.
2353 4396 2415 4436 ea
2446 4378 2792 4450 proponenda
2838 4386 2981 4440 sunt.
3028 4391 3148 4443 qum
3201 4390 3232 4428 a
3276 4373 3516 4443 patribus

240 4495 463 4553 concilii
495 4492 743 4555 formam,
774 4490 858 4545 vel
883 4506 1001 4561 qua:
1022 4506 1163 4545 nunc
1185 4505 1215 4543 a
1239 4491 1394 4546 nobis
1415 4490 1660 4545 ordinata
1689 4498 1830 4555 sunt,
1937 4485 2084 4534 06ml
2132 4473 2484 4544 ἀίδροείῐίοηθ
2520 4470 2855 4538 accepimus»
2904 4475 2963 4521 υι
3004 4465 3299 4561 Τι’ληίιίλξδν
3341 4478 3517 4561 fl‘m”

242 4585 491 4647 "citari,
550 4591 604 4637 et
645 4582 809 4652 gestis
858 4581 1045 4635 inseri,
1091 4578 1263 4634 Omne
1318 4580 1603 4634 concilium
1654 4579 1787 4632 dixit
1863 4567 2139 4661 Dnostris
2166 4562 2411 4618 sensibus
2440 4571 2813 4616 consecratam
2859 4558 3178 4620 retinemus,
3209 4552 3411 4618 Patris,
3461 4559 3517 4608 et

242 4676 591 4747 Exemplaria
641 4675 785 4739 ﬁdei,
814 4682 869 4729 et
887 4682 1087 4729 statuta
1117 4672 1346 4728 Nicaeum
1374 4671 1584 4743 synodi,
1626 4685 1745 4739 qua:
1769 4671 1835 4725 ad

242 4778 493 4823 nostrum
524 4766 805 4821 concilium
829 4779 926 4835 per
948 4766 1121 4819 beatae
1141 4763 1532 4818 recordationis
1559 4762 1687 4817 olim
1709 4776 1838 4831 prm-

243 4858 596 4912 decessorem
618 4863 721 4909 tua:
742 4855 1059 4919 sanctitatis,
1090 4855 1181 4923 qui
1207 4852 1466 4916 interfuit,
1495 4851 1837 4907 Caecilianum

244 4951 567 5019 episcopum
588 4947 747 4999 allata
767 4954 913 5010 sunt,
937 4944 1036 5000 sed
1064 4953 1121 4999 et
1140 4958 1261 5012 quae
1290 4942 1478 4998 Patres
1504 4959 1568 4999 ea
1588 4944 1837 5012 exempla

244 5050 545 5113 sequentes
569 5040 660 5095 hic
685 5040 1100 5101 constituerunt,
1133 5039 1218 5092 vel
1249 5053 1390 5091 nunc
1419 5037 1691 5092 communi
1730 5045 1839 5091 tra-

244 5142 397 5188 ctatu
427 5132 728 5195 statuimus,
761 5130 843 5183 his
868 5131 1035 5200 gestis
1063 5127 1441 5184 ecclesiasticis
1484 5126 1683 5181 inserta
1725 5141 1839 5182 ma-

244 5225 479 5286 nebunt,
514 5221 587 5274 ita
633 5228 711 5285 ut,
745 5218 1199 5289 quemadmodum
1228 5218 1475 5288 superius
1501 5216 1703 5272 dictum
1725 5226 1828 5285 est,

245 5311 648 5369 venerabilibus
675 5311 803 5365 viris
832 5310 1200 5374 Antiochense,
1228 5319 1286 5364 et
1313 5308 1709 5376 Alexandrinas,
1738 5309 1836 5363 sed

244 5411 306 5459 et
346 5400 965 5469 Cerastantinopolitanaa
1013 5397 1368 5453 Ecclesiarum
1399 5398 1665 5469 episcopis
1706 5398 1838 5452 scri-

247 5496 382 5552 bere
402 5502 584 5549 vestra
607 5492 881 5547 beatitudo
921 5490 1187 5559 dignetur,
1222 5498 1281 5544 ut
1307 5489 1637 5559 exemplaria
1664 5490 1839 5543 veris-

244 5590 386 5645 sima
402 5586 617 5642 concilii
642 5584 840 5639 Nicmni
873 5583 972 5637 sub
988 5582 1371 5653 astipulatione
1394 5582 1692 5635 litterarum
1715 5595 1841 5634 sua-

248 5693 371 5731 rum
390 5676 646 5744 dirigant,
669 5688 796 5742 quo,
821 5671 1091 5727 declarata
1112 5673 1358 5740 veritate,
1380 5686 1445 5725 ea
1464 5671 1698 5740 capitula
1721 5684 1840 5741 qua:

248 5770 304 5823 in
333 5764 756 5828 commonitorio
787 5777 1022 5833 praesens
1059 5764 1225 5822 frater
1260 5773 1315 5820 et
1353 5762 1707 5834 coepiscopus
1737 5776 1838 5817 no-

252 5871 372 5917 ster
412 5856 716 5923 Faustinus,
748 5854 848 5912 sed
895 5862 952 5911 et
995 5856 1416 5930 compresbyteri
1464 5852 1741 5925 Philippus
1784 5858 1839 5909 et

1938 4658 2076 4723 Filii,
2107 4664 2163 4710 et
2189 4654 2419 4723 Spiritus
2443 4652 2616 4706 sancti
2659 4650 2939 4711 unitatem,
2964 4660 3083 4715 quae
3111 4644 3308 4698 nullam
3338 4643 3515 4698 nosci-

1938 4758 2026 4804 tur
2055 4748 2253 4802 habere
2290 4741 2681 4804 differentiam,
2715 4738 2874 4794 sicuti
2902 4737 3156 4795 dicimus.
3197 4735 3271 4788 ita
3297 4733 3393 4787 Dei
3416 4749 3515 4801 po-

1939 4840 2095 4911 pulos
2124 4839 2470 4892 instruamus.
2498 4831 2631 4886 ltem
2662 4831 2730 4885 ab
2761 4830 3025 4885 universis
3051 4827 3321 4899 episcopis
3347 4842 3518 4896 nuper

1938 4927 2202 5000 promotis
2227 4925 2426 4980 dictum
2449 4932 2561 4978 est:
2590 4922 2753 4976 Plane
2784 4920 2863 4975 sic
2891 4920 3216 4989 accepimus,
3245 4919 3323 4973 sic
3362 4924 3517 4972 tene-

1942 5036 2094 5085 mus,
2137 5019 2215 5073 sic
2255 5016 2513 5071 docemus
2554 5012 2715 5068 fidem
2769 5010 3132 5079 evangelicam
3175 5024 3298 5064 cum
3338 5015 3518 5063 vestra

1944 5107 2187 5164 doctrina
2214 5111 2526 5174 sequentes.

2511 5214 2590 5269 De
2616 5214 2951 5269 continentia.

2014 5312 2101 5370 lll.
2145 5310 2396 5366 Aurelius
2442 5309 2729 5378 episcopus
2771 5307 2952 5362 dixit:
2985 5305 3119 5361 Cum
3162 5305 3215 5360 in
3245 5307 3521 5376 praeterito

1944 5404 2176 5461 concilio
2221 5401 2289 5456 de
2335 5397 2688 5463 continentia,
2736 5404 2794 5451 et
2842 5396 3107 5451 castitatis
3151 5392 3522 5449 moderamine

1945 5499 2286 5555 traCtaretur,
2316 5488 2515 5558 gradus
2559 5487 2644 5543 isti
2687 5494 2817 5551 tres,
2843 5486 2935 5555 qui
2964 5485 3347 5541 constrictione
3384 5498 3522 5551 qua-

1943 5583 2065 5638 dam
2095 5580 2355 5636 castitatis
2394 5594 2491 5649 per
2519 5575 2953 5633 consecrationes
3004 5573 3198 5627 annexi
3228 5581 3372 5631 sunt,
3404 5571 3522 5641 epi-

1942 5688 2157 5744 scopos,
2182 5672 2416 5739 inquam,
2444 5668 2804 5739 presbyteros,
2831 5672 2887 5719 et
2905 5664 3180 5725 diaconos,
3205 5661 3278 5715 ita
3300 5661 3521 5731 placuit,

1945 5772 2004 5819 ut
2030 5760 2292 5818 condecet
2319 5772 2501 5814 sacros
2529 5756 2814 5818 antistites,
2844 5768 2907 5809 ac
2936 5751 3031 5806 Dei
3058 5752 3391 5817 sacerdotes,
3423 5764 3523 5805 nec

1946 5867 2054 5909 non
2075 5857 2130 5906 et
2154 5849 2363 5917 levitas,
2385 5846 2472 5903 vel
2491 5844 2582 5913 qui
2610 5842 2960 5899 sacramentis
2981 5838 3177 5923 divinis
3200 5844 3522 5909 inserviunt,
