3988 6344
498 377 605 444 187

1760 384 2115 443 DIUNYSIUS
2153 382 2481 441 EXiGUUS.‘

3642 387 3743 446 188

484 506 826 563 continentes
851 518 971 559 esse
1000 502 1050 556 in
1076 499 1345 567 omnibus,
1367 515 1474 570 quo
1495 501 1702 569 possint
1721 500 2059 571 simpliciter,
2095 498 2147 559 Δ
2170 495 2251 552 De
2272 498 2351 553 his
2369 496 2457 570 qui
2480 501 2666 553 merito
2698 499 2986 571 facinorum
3014 485 3219 571 suorum
3251 496 3313 550 ab
3353 495 3602 553 Ecclesia:
3622 516 3742 555 con-

489 595 630 668 quod
659 611 689 649 a
732 594 955 650 Domino
982 590 1277 661 postulant,
1317 590 1625 658 impetrare,
1668 589 1894 658 utquod
1925 605 2061 658 apo-

486 686 607 741 stoli
629 684 946 749 docuerunt,
979 688 1035 736 ct
1060 681 1174 751 ipsa
1202 679 1438 734 servavit
1457 679 1772 748 antiquitas,
1798 694 1897 734 nos
1919 693 2063 747 quo-

488 790 592 841 que
620 772 1004 829 custodiamus.

594 861 670 914 De
700 862 908 915 diversis
938 858 1197 914 ordinibus
1233 859 1295 913 ab
1329 858 1575 913 uxoribus
1605 857 1946 913 abstinendis.

554 952 645 1007 IV.
687 952 971 1005 Faustinus
994 952 1274 1019 episcopus
1302 950 1554 1004 Ecclesiae
1593 948 1911 1013 Potentinte,
1948 964 2067 1017 pro-

484 1045 674 1099 vincia:
699 1042 897 1106 Piceni,
925 1042 1130 1111 legatus
1157 1041 1409 1096 Romanun
1438 1040 1705 1104 Ecclesia},
1731 1040 1865 1093 dixit
1895 1058 1907 1092 :
1944 1038 2065 1093 Pla-

484 1144 573 1193 cet
602 1144 661 1191 ut
683 1136 982 1205 episcopus,
1017 1134 1314 1203 presbyter,
1346 1141 1399 1187 et
1434 1132 1710 1199 diaconus,
1733 1132 1817 1185 vel
1849 1131 1941 1200 qui
1973 1146 2061 1184 sa—

483 1235 757 1282 cramenta
777 1232 1134 1288 contrectant,
1148 1224 1412 1292 pudicitite
1429 1221 1702 1289 custodes,
1725 1218 1791 1275 ab
1807 1218 2064 1277 uxoribus

482 1334 541 1371 se
596 1317 921 1371 abstineant.
955 1314 1035 1368 Ab
1090 1308 1355 1368 universis
1383 1312 1650 1381 episcopis
1696 1311 1892 1365 dictum
1935 1318 2056 1363 est:

483 1404 682 1470 Placet,
711 1413 771 1458 ut
792 1405 843 1457 in
873 1402 1121 1459 omnibus
1144 1400 1396 1471 pudicitia
1419 1399 1767 1466 custodiatur,
1784 1399 1873 1468 qui
1905 1396 2059 1453 altari

483 1498 800 1553 inserviunt.

1087 1583 1167 1640 De
1193 1586 1434 1639 avaritia.

564 1677 626 1733 V.
666 1677 914 1732 Aurelius
943 1676 1227 1747 episcopus
1273 1674 1409 1729 dixit
1441 1691 1453 1726 :
1489 1672 1738 1728 Avaritia:
1773 1666 2055 1743 cupiditas,

485 1784 647 1837 quam
692 1785 870 1824 rerum
899 1770 1136 1824 omnium
1163 1767 1421 1820 malarum
1462 1772 1691 1818 matrem
1732 1779 1870 1827 esse,
1900 1778 2058 1817 nemo

2658 567 2957 639 gregatioue
2980 567 3261 639 pelluntur.

2235 675 2327 730 1X.
2371 677 2702 746 Augustinus
2732 679 3036 748 episcopus,
3070 678 3278 746 legatus
3320 679 3609 749 provinciae
3636 681 3743 738 Nu-

2166 767 2366 832 midiae,
2398 768 2531 822 dixit
2564 786 2576 822 :
2610 768 2724 823 Hoc
2745 776 2982 824 statuere
3010 768 3320 836 dignemini,
3345 778 3401 823 ut
3425 771 3470 828 si
3498 770 3588 840 qui
3612 770 3747 829 forte

2164 858 2358 911 merito
2390 858 2685 912 facinorum
2713 874 2931 913 suorum
2973 859 3040 913 ab
3069 858 3310 914 Ecclesia
3343 861 3481 929 pulsi
3526 870 3667 926 sunt,
3692 869 3745 916 et

2164 948 2277 1003 sive
2305 950 2371 1003 ab
2414 950 2595 1019 aliquo
2624 950 2915 1019 episcopo,
2965 950 3051 1005 vel
3077 952 3393 1023 presbytero
3450 951 3645 1006 fuerint
3691 952 3747 1006 in

2166 1040 2546 1093 communione
2595 1041 2848 1109 suscepti,
2885 1041 3047 1095 etiam
3099 1042 3212 1110 ipse
3237 1043 3355 1111 pari
3386 1058 3509 1099 cum
3536 1044 3617 1099 eis
3642 1042 3746 1098 cri-

2164 1125 2309 1180 mine
2339 1134 2583 1182 teneatur
2605 1127 2893 1193 obnoxius,
2924 1128 3252 1198 refugientes
3280 1131 3361 1186 sui
3392 1132 3633 1201 episcOpi
3659 1146 3746 1186 re-

2164 1218 2349 1284 gulare
2380 1216 2664 1287 judicium.
2701 1219 2780 1274 Ab
2811 1220 3073 1275 universis
3100 1220 3365 1291 episcopis
3394 1221 3592 1277 dictum
3621 1228 3740 1277 est:

2162 1304 2421 1361 Omnibus
2443 1307 2639 1376 placet.

2205 1414 2281 1470 De
2327 1416 2642 1488 presbyteris
2693 1418 2782 1487 qui
2838 1434 2871 1471 α
2916 1420 3144 1499 propriis
3202 1420 3551 1489 corripiuntur
3594 1420 3704 1489 epi-

2857 1504 3046 1557 scopis.

2235 1576 2298 1630 X.
2341 1577 2562 1647 Alypius
2588 1579 2894 1648 episcopus,
2927 1579 3135 1649 legatus
3164 1580 3452 1650 provincia:
3481 1570 3740 1636 Numidia:

2160 1668 2294 1724 dixit
2322 1687 2335 1721 :
2367 1668 2476 1724 Nec
2496 1669 2624 1724 illud
2650 1672 3164 1739 prmtcrmittendum
3187 1680 3289 1737 est,
3313 1680 3373 1726 ut
3400 1673 3443 1726 si
3462 1672 3583 1742 quis
3601 1673 3743 1728 forte

2159 1760 2441 1829 presbyter
2462 1761 2529 1813 ab
2552 1761 2805 1830 episcopo
2832 1776 2930 1816 suo
2951 1770 3248 1831 correptus,
3278 1770 3509 1827 tumore,
3536 1763 3623 1817 vel
3650 1780 3740 1817 su-

481 1858 575 1928 qui
599 1859 820 1922 dubitet,
851 1858 1078 1928 proinde
1137 1854 1428 1911 inhibenda
1459 1862 1561 1919 est,
1609 1866 1674 1907 ne
1695 1851 1814 1921 quis
1852 1850 2060 1906 alienos
2090 1858 2138 1921 Β
2162 1849 2346 1918 perbia
2375 1848 2589 1904 inﬂatus
2615 1851 2887 1920 putaverit
2913 1853 3206 1919 separatim
3236 1852 3495 1907 sacriﬁcia
3518 1851 3630 1907 Deo
3658 1852 3745 1906 oi-

483 1946 616 2002 lines
663 1954 912 2018 usurpet,
943 1956 1034 2000 aut
1070 1960 1169 2015 per
1204 1945 1480 2014 praemium
1528 1944 1788 1999 terminos
1840 1938 2057 1997 Patrum

479 2044 715 2094 statutos
738 2036 1097 2098 transcendat,
1118 2050 1215 2089 nec
1236 2034 1454 2090 omnino
1470 2034 1717 2103 cuiquam
1742 2031 2057 2087 clericorum

481 2129 637 2184 liceat
678 2127 743 2182 de
782 2127 1018 2197 qualibet
1060 2141 1118 2181 re
1146 2126 1300 2180 fenus
1322 2125 1587 2193 accipere.
1614 2122 1927 2191 Quanquam
1957 2138 2056 2176 uo-

478 2217 630 2273 vellze
677 2216 1070 2285 suggestiones,
1111 2230 1231 2284 quas
1278 2213 1361 2269 vel
1393 2214 1632 2269 obscura:
1659 2220 1800 2278 sunt,
1831 2212 1917 2266 vel
1958 2209 2057 2266 sub

478 2325 678 2381 genere
723 2311 912 2376 latent,
947 2310 1203 2380 inspecta:
1233 2324 1262 2362 a
1292 2308 1466 2373 nobis,
1517 2302 1741 2361 formam
1770 2305 2053 2375 accipient,

479 2410 734 2458 ueterum
793 2398 860 2457 de
903 2402 1096 2471 quibus
1150 2401 1488 2470 apertissime
1542 2398 1721 2454 divina
1778 2397 2057 2467 Scriptura

477 2492 677 2558 sanxit,
710 2506 816 2543 non
847 2499 929 2544 est
976 2488 1191 2544 ferenda
1221 2489 1508 2553 sententia,
1559 2488 1652 2543 sed
1694 2489 1872 2557 potius
1900 2502 2057 2543 exse-

476 2580 709 2649 quenda.
767 2578 999 2633 Proinde
1049 2580 1196 2648 quod
1242 2580 1295 2633 in
1347 2581 1497 2634 laicis
1547 2578 2055 2649 reprehenditur,“

476 2668 648 2723 multo
673 2669 838 2735 magis
861 2668 1019 2723 debet
1038 2668 1095 2721 in
1116 2668 1326 2724 clericis
1346 2669 1721 2738 przedamnari.
1741 2666 2055 2724 Universum

476 2759 765 2816 concilium
794 2760 929 2815 dixit
957 2777 970 2812 :
997 2758 1165 2814 Nemo
1191 2768 1377 2814 contra
1405 2758 1722 2829 Prophetas,
1750 2774 1911 2816 nemo
1934 2774 2058 2814 con-

476 2860 559 2905 tra
582 2849 867 2918 Evangelia
899 2848 1025 2904 facit
1052 2850 1169 2903 sine
1194 2849 1456 2919 periculo.

771 2960 840 3015 Ut
860 2961 1085 3015 chrisma
1116 2978 1148 3015 a
1176 2960 1485 3030 presbyteris
1514 2977 1617 3015 non
1643 2961 1757 3031 ﬁat.

550 3052 635 3108 Vl.
676 3051 1000 3105 Fortunatus
1029 3051 1314 3121 episcopus
1333 3050 1467 3103 dixit
1491 3068 1504 3103 :
1527 3049 1586 3104 ln
1617 3050 1899 3121 prieteritis
1919 3066 2053 3107 con-

472 3143 613 3200 ciliis
656 3149 917 3197 statutum
947 3141 1289 3196 meminimus
1318 3153 1457 3207 esse,
1487 3149 1545 3195 ut
1573 3140 1823 3207 chrisma,
1854 3144 1939 3197 vel
1966 3154 2057 3197 re-

2160 1939 2398 2004 ferenda,
2423 1940 2507 1994 vel
2533 1940 2679 1994 aliud
2700 1941 3014 2008 erigendum
3037 1941 3227 2009 altare,
3257 1950 3445 1997 contra
3476 1942 3736 1997 ecclesia-

2158 2036 2346 2091 sticam
2375 2033 2554 2100 fidem,
2586 2036 2672 2090 vel
2722 2035 3077 2105 disciplinam,
3103 2035 3414 2103 crediderit,
3443 2051 3552 2090 non
3579 2043 3741 2090 exeat

2157 2125 2470 2195 impunitus.
2484 2125 2801 2181 Valentinus
2822 2127 3005 2196 prima:
3031 2126 3173 2182 sedis
3186 2126 3743 2196 provincitnNumidize

2158 2216 2295 2269 dixit
2335 2215 2691 2271 :Necessario
2742 2215 3034 2285 disciplinae
3085 2216 3462 2271 ecclesiasticte
3504 2224 3562 2270 et
3615 2214 3743 2270 ﬁdei

2158 2316 2393 2371 congrua
2436 2312 2579 2368 sunt,
2609 2319 2727 2373 quas
2771 2303 2936 2359 frater
2962 2312 3147 2359 noster
3174 2304 3396 2374 Alypius
3422 2315 3743 2375 prosecutus

2158 2405 2272 2463 est;
2311 2397 2539 2467 proinde
2559 2397 2688 2467 quid
2709 2398 2953 2453 videatur
2972 2406 3167 2453 vestras
3192 2398 3489 2462 dilectioni,
3521 2398 3737 2455 edicite.

2158 2510 2221 2567 Si
2265 2511 2379 2581 quis
2426 2508 2689 2579 presbyter
2738 2520 2921 2563 contra
2984 2512 3279 2579 episcopum
3322 2518 3477 2566 suum
3527 2511 3747 2579 inﬂatas

2517 2582 2740 2633 schisma
2768 2581 2974 2650 fecerit,
2998 2582 3273 2633 anathema
3293 2582 3378 2634 sit.

2228 2690 2318 2745 X1.
2360 2692 2441 2746 Ab
2496 2692 2758 2747 universis
2810 2692 3079 2761 episcopis
3106 2691 3307 2747 dictum
3346 2698 3429 2745 est
3461 2708 3475 2744 :
3506 2689 3565 2746 Si
3614 2691 3744 2759 quis

2160 2784 2441 2853 presbyter
2467 2797 2499 2836 a
2528 2782 2817 2852 praeposito
2864 2797 2963 2837 suo
3010 2788 3292 2850 correptus
3345 2777 3524 2837 fuerit.
3575 2780 3744 2837 debet

2157 2875 2346 2943 utique
2388 2874 2531 2944 apud
2560 2873 2767 2928 vicinos
2790 2873 3079 2943 episcopos
3118 2873 3397 2941 conqueri,
3426 2882 3488 2928 ut
3509 2873 3580 2928 ab
3607 2873 3745 2943 ipsis

2156 2964 2273 3033 ejus
2298 2978 2458 3019 causa
2487 2965 2657 3033 possit
2683 2964 2877 3028 audiri,
2907 2979 2972 3019 ac
3019 2978 3116 3033 rer
3158 2964 3303 3033 ipsos
3329 2980 3429 3019 suo
3474 2963 3745 3034 episcopo

2154 3056 2496 3122 reconciliari
2527 3073 2541 3109 :
2572 3055 2716 3125 quod
2744 3056 2843 3112 nisi
2878 3055 3083 3121 fecerit,
3114 3056 3206 3111 sed
3250 3056 3501 3125 superbia
3541 3057 3559 3126 (
3590 3055 3747 3125 quod

2156 3143 2317 3211 absit)
2344 3143 2557 3199 inﬂatus
2583 3144 2974 3200 secernendum
3010 3160 3071 3199 se
3096 3145 3165 3198 ab
3192 3145 3428 3215 episcopi
3452 3148 3540 3201 sui
3582 3162 3748 3202 com-

472 3233 779 3289 conciliatio
808 3232 1200 3302 pmnitentium,
1232 3246 1333 3285 nec
1372 3246 1476 3285 non
1514 3238 1569 3285 et
1598 3231 1899 3300 puellarum
1921 3247 2055 3286 con-
2080 3222 2127 3285 C
2156 3237 2412 3291 munione
2437 3235 2671 3300 duxerit,
2703 3251 2766 3291 ac
2784 3237 3096 3306 separatim,
3118 3250 3241 3290 cum
3270 3236 3539 3305 aliquibus
3564 3237 3747 3293 schis-

471 3323 702 3379 secratio
759 3338 790 3376 a
848 3322 1177 3393 presbyteris
1230 3335 1338 3374 non
1394 3319 1567 3374 liant:
1610 3320 1655 3374 si
1701 3320 1820 3389 quis
1868 3328 2049 3375 autem

386 3482 389 3485 _
471 3412 887 3469 emerserithoe
936 3410 1159 3474 faciens,
1211 3409 1337 3479 quid
1367 3408 1433 3463 de
1479 3420 1545 3464 eo
1571 3410 1917 3463 statuendum
1947 3410 2049 3465 sit?

469 3503 718 3560 Atrelius
765 3501 1052 3572 episcopus
1101 3499 1235 3554 dixit
1281 3517 1294 3553 :
1351 3498 1567 3553 Audivit
1602 3498 1839 3566 dignatio
1868 3508 2049 3556 vestra

467 3592 863 3661 suggestionem
895 3588 1073 3644 fratris
1096 3596 1154 3644 et
1183 3589 1491 3659 coepiscopi
1521 3588 1690 3642 nostri
1720 3586 2000 3644 Fortunati
2029 3607 2045 3656 ;

466 3682 594 3753 quid
623 3682 688 3736 ad
719 3683 833 3736 huic
879 3679 1092 3735 dicitis?
1122 3678 1202 3733 Ab
1243 3679 1504 3734 universis
1546 3678 1816 3749 episcopis
1843 3680 2045 3734 dictum

466 3780 550 3827 est
580 3789 594 3824 :
620 3770 876 3826 Chrismte
903 3769 1188 3835 confectio,
1215 3776 1269 3823 et
1296 3771 1593 3839 puellarum
1624 3771 1981 3836 consecratio,
2012 3786 2044 3826 a

464 3863 794 3934 presbyteris
823 3876 929 3916 non
959 3860 1052 3915 liat
1073 3898 1087 3927 ,
1137 3862 1223 3916 vel
1253 3861 1609 3915 reconciliare
1637 3872 1961 3929 quemquam
1991 3861 2045 3915 in

464 3954 683 4024 publica
705 3954 865 4009 missa
896 3954 1212 4025 presbytero
1257 3964 1364 4005 non
1408 3952 1592 4017 licere,
1645 3952 1751 4007 hoc
1797 3953 2045 4009 omnibus

463 4043 658 4117 placet.

629 4133 708 4187 De
734 4130 812 4186 his
839 4134 922 4203 qui
951 4133 1004 4185 in
1027 4134 1254 4200 periculo
1276 4133 1429 4203 positi
1450 4134 1870 4188 reconciliantur.

537 4221 647 4275 Vli.
691 4222 936 4275 Aurelius
965 4223 1251 4292 episcopus
1279 4222 1413 4278 dixit
1440 4242 1452 4276 :
1480 4223 1536 4278 Si
1562 4225 1841 4294 quisquam
1866 4226 1917 4281 in
1946 4242 2043 4296 pe-

457 4312 638 4368 riculo
691 4310 852 4366 fuerit
903 4313 1256 4379 constitutus,
1299 4321 1354 4368 et
1381 4328 1441 4369 se
1470 4316 1818 4371 reconciliare
1847 4317 2042 4373 divinis

465 4403 723 4458 altaribus
768 4404 1000 4471 petierit,
1044 4404 1088 4458 si
1126 4405 1409 4475 episcopus
1438 4406 1631 4461 absens
1658 4405 1837 4473 fuerit,
1884 4408 2044 4463 debet

456 4494 645 4562 utique
671 4494 953 4565 presbyter
980 4494 1261 4549 consulere
1290 4495 1619 4564 episcopum,
1671 4505 1726 4550 et
1771 4498 1849 4553 sic
1900 4500 2041 4567 peri-

2152 3341 2240 3380 sna
2279 3326 2499 3391 faciens,
2526 3325 2856 3381 sacriﬁcium
2881 3325 2991 3381 Deo
3018 3325 3296 3394 obtulerit,
3326 3327 3612 3381 anathema
3633 3327 3743 3383 ha-

2151 3417 2360 3481 beatur,
2395 3424 2452 3471 et
2479 3417 2656 3471 locum
2677 3417 2926 3480 amittat;
2953 3426 3018 3470 ac
3043 3416 3090 3470 si
3119 3416 3508 3483 querimoniam
3529 3416 3742 3485 justam

2149 3508 2405 3561 adversus
2428 3506 2742 3577 episcopum
2771 3516 2883 3561 non
2906 3504 3173 3569 habuerit,
3199 3504 3574 3573 inquirendum
3602 3507 3738 3561 erit.

2151 3615 2212 3671 Si
2239 3616 2350 3688 quis
2389 3616 2663 3688 episcopus
2711 3613 2899 3688 absque
2921 3623 3162 3688 tempore
3190 3613 3391 3688 synodi
3436 3610 3491 3668 in
3519 3616 3744 3672 trimi“

2360 3687 2595 3741 detentus
2617 3688 2794 3756 fuerit,
2824 3703 2858 3739 ι
2881 3686 2948 3739 12
2973 3686 3225 3757 episcopis
3253 3686 3513 3739 audiatur.

2218 3795 2331 3851 ΧΠ.
2370 3796 2521 3852 Felix
2560 3797 2849 3867 episcopus
2893 3792 3072 3849 dixit:
3122 3794 3382 3864 Suggere,
3434 3796 3743 3853 secundum

2147 3892 2349 3939 statuta
2381 3895 2624 3940 veterum
2652 3885 3024 3950 conciliorum,
3080 3890 3143 3938 ut
3189 3885 3235 3938 si
3284 3885 3403 3953 quis
3441 3885 3743 3956 episcopus

2146 3975 2312 4046 (quod
2344 3991 2450 4031 non
2495 3976 2774 4046 optamus)
2804 3976 2859 4030 in
2906 3982 3116 4030 reatum
3162 3974 3391 4043 aliquem
3420 3976 3741 4042 incurrerit,

2146 4075 2203 4121 et
2228 4065 2390 4121 fuerit
2419 4066 2471 4122 ei
2500 4066 2663 4120 nimia
2687 4066 2981 4122 necessitas
3008 4079 3119 4121 non
3140 4076 3300 4136 posse
3322 4063 3583 4135 plurimos
3606 4081 3743 4121 con-

2144 4173 2406 4228 gregare,
2462 4174 2529 4225 ne
2584 4160 2637 4213 in
2679 4160 2903 4215 crimine
2949 4168 3248 4224 remaneat,
3283 4172 3313 4213 a
3346 4158 3414 4211 19.
3460 4159 3745 4230 episcopis

2149 4249 2421 4317 audiatur,
2467 4257 2522 4305 et
2566 4250 2845 4321 presbyter
2869 4264 2899 4304 a
2927 4262 3023 4305 sex
3061 4249 3330 4320 episcopis
3356 4260 3478 4303 cum
3509 4252 3744 4320 proprio

2140 4353 2241 4393 suo
2271 4339 2526 4408 episcOpo
2556 4338 2823 4405 audiatur,
2857 4345 2911 4394 et
2939 4337 3197 4393 diaconus
3230 4350 3262 4391 a
3289 4338 3479 4392 tribus.

2150 4442 2216 4504 Ut
2264 4469 2366 4505 non
2397 4452 2547 4505 liceat
2590 4452 2882 4521 episcopum
2920 4453 3022 4505 nisi
3069 4469 3101 4504 a
3153 4450 3401 4522 plurimis
3439 4451 3679 4505 ordinari
3712 4470 3742 4518 ;

2213 4522 2305 4574 sed
2327 4523 2371 4597 si
2413 4523 2692 4597 necessitas
2718 4524 2889 4587 Fuerit,
2921 4522 2999 4575 vel
3047 4540 3079 4575 a
3110 4521 3269 4574 tribus
3308 4521 3579 4575 ordinetur
3610 4526 3737 4592 epi-

458 4584 735 4640 clitantem
765 4585 881 4653 ejus
918 4590 1186 4655 pmcepto
1216 4585 1588 4651 reconciliare,
1613 4600 1773 4654 quam
1796 4602 1908 4642 rem
1938 4588 2038 4643 de-
2068 4584 2117 4643 D
2210 4592 2400 4661 scopis.

457 4674 647 4729 bemus
676 4676 875 4729 salubri
905 4675 1135 4730 consilio
1182 4676 1457 4730 rohorare.
1491 4676 1571 4730 Ab
1618 4678 1881 4733 universis
1920 4676 2035 4747 epi-

457 4767 635 4836 scopis
666 4766 863 4821 dictum
891 4775 975 4821 est
1006 4784 1018 4818 :
1044 4767 1228 4821 Placet
1281 4768 1424 4836 quod
1454 4767 1710 4845 sanctitas
1728 4776 1905 4824 vestra
1933 4782 2032 4823 ne-

457 4858 691 4911 cessario
712 4872 811 4910 nos
842 4858 1106 4911 instruere
1124 4856 1337 4924 dignata
1360 4864 1460 4913 est.

459 4961 539 5022 De
584 4969 661 5020 liis
697 4969 783 5038 qui
830 4968 883 5020 in
914 4969 1292 5021 accusationem
1321 4968 1534 5039 majoris
1564 4978 1688 5023 natu
1719 4971 1960 5037 veniunt;
1983 4983 2032 5027 et

598 5048 655 5091 ut
682 5040 969 5107 episcopum
997 5040 1123 5091 nulli
1151 5039 1424 5092 criminosa
1455 5041 1607 5093 liceat
1626 5057 1888 5095 accusare.

2212 4680 2348 4735 Xlll.
2374 4680 2624 4735 Aurelius
2664 4682 2953 4750 episcopus
2976 4680 3113 4734 dixit
3137 4698 3149 4733 :
3182 4680 3320 4746 Quid
3348 4680 3415 4735 ad
3462 4680 3579 4735 haec
3598 4680 3748 4737 dicit

2138 4775 2397 4828 sanctitas
2419 4773 2638 4826 vestra?
2661 4773 2740 4827 Ab
2771 4774 3037 4828 universis
3064 4774 3335 4843 episcopis
3371 4772 3574 4828 dictum
3604 4783 3692 4829 est
3718 4792 3745 4829 :

2140 4865 2185 4918 A
2205 4865 2361 4919 nobis
2390 4876 2633 4919 veterum
2675 4872 2878 4919 statuta
2902 4866 3100 4920 debere
3123 4865 3348 4929 servari,
3382 4864 3537 4918 sicuti
3565 4876 3622 4918 et
3642 4866 3751 4919 in-

2138 4954 2384 5010 eonsulto
2407 4954 2636 5023 primate
2660 4954 2946 5022 cujuslibet
2975 4954 3286 5022 provinciae,
3310 4961 3421 5007 tam
3444 4951 3605 5006 facile
3618 4969 3755 5008 non

2141 5050 2468 5115 pressumaut
2496 5043 2647 5096 multi
2675 5043 2985 5111 congregati
3011 5042 3253 5111 episcopi
3284 5042 3601 5110 episcopum
3630 5058 3753 5096 or—

2140 5133 2327 5187 dinare
2349 5149 2361 5184 :
2379 5132 2479 5186 nisi
2497 5129 2568 5204 μη
2576 5170 2589 5183 .
2608 5131 2753 5200 quod
2780 5129 2846 5200 si]
2872 5132 3162 5186 necessitas
3183 5130 3363 5198 fuerit,
3381 5138 3494 5184 tres
3520 5132 3761 5199 episco—

2140 5224 2226 5293 pi,
2259 5223 2313 5276 in
2341 5235 2664 5290 quocunque
2694 5221 2815 5277 loco
2860 5222 2983 5285 sint,
3009 5220 3126 5289 ejus
3172 5226 3441 5289 praecepto
3472 5220 3759 5277 ordinare

2140 5316 2410 5371 debebunt
2448 5315 2791 5383 episcopum;
2832 5321 2887 5368 et
2933 5313 2977 5367 si
3007 5313 3127 5381 quis
3173 5320 3362 5368 contra
3392 5325 3546 5365 suam
3597 5329 3764 5381 pro-

448 5421 564 5475 que
591 5405 643 5458 in
692 5404 1091 5458 accusationem
1132 5404 1451 5474 pulsandos;
1479 5404 1674 5459 debent
1722 5414 1829 5458 tam
1879 5406 2033 5462 facile
2140 5408 2449 5469 fessionem,
2482 5406 2567 5461 vel
2596 5405 3041 5474 subscriptionem
3066 5404 3274 5459 venerit
3294 5406 3348 5457 in
3369 5403 3577 5473 aliquo,
3609 5405 3763 5474 ipse

458 5496 695 5558 admitti,
747 5496 951 5549 necne?
992 5494 1239 5550 Aurelius
1286 5495 1571 5563 episcopus
1625 5496 1805 5549 dixit:
1852 5496 2033 5552 Placet
2138 5512 2197 5551 se
2226 5498 2431 5552 honore
2460 5495 2708 5566 privabit.

456 5587 615 5655 igitur
641 5587 892 5641 charitau'
918 5594 1111 5640 vestire
1141 5595 1197 5638 ut
1248 5586 1292 5639 is
1332 5586 1424 5655 qui
1453 5585 1717 5654 aliquibus
1742 5587 2033 5643 sceleribus

2163 5610 2210 5664 7t
2238 5611 2300 5663 de
2327 5608 2522 5676 Tripoli
2551 5623 2681 5659 unus
2719 5608 2985 5676 episcopus
3030 5609 3085 5660 in
3116 5605 3425 5675 legationem
3449 5606 3641 5669 renisu,
3686 5622 3771 5665 σε

456 5626 605 5655 ’δ’-ι’·
641 5626 892 5641 ν““·’·“·“
928 5626 1111 5640 ’π’-νυ
1142 5626 1197 5638 "'
1248 5626 1291 5639 "'
1335 5626 1423 5655 ἰν-⁸
1453 5626 1717 5654 ""‘I‘"""°
1742 5626 2033 5643 νννινηυυθ
2142 5626 2210 5664 Ut
2238 5626 2300 5663 rte
2330 5626 2412 5661 tri
2454 5626 2522 5661 ou
2551 5626 2681 5659 unus
2719 5626 2985 5676 episcopus
3030 5626 3085 5660 ιη
3116 5626 3425 5675 teganonem
3449 5626 3641 5669 tenus,

456 5676 696 5731 irretitus
745 5686 828 5731 est
856 5692 1044 5731 vocem
1068 5676 1325 5730 adversus
1355 5675 1619 5743 majorem
1658 5685 1785 5732 natu
1815 5694 1921 5734 non
1944 5680 2033 5734 ita-
2211 5690 2261 5732 ut
2290 5626 2552 5748 presfyter
2578 5678 2762 5731 ibidem
2792 5696 2824 5731 a
2851 5680 3071 5748 quinque
3098 5676 3352 5745 episcopis
3380 5677 3651 5729 audiatur.

456 5766 581 5820 heat
607 5769 912 5823 accusandi.
942 5769 1022 5823 Ab
1073 5768 1332 5823 universis
1379 5769 1649 5837 episc0pis
1670 5770 1871 5828 dictum
1899 5783 2024 5830 est:
2211 5771 2343 5825 XIV.
2386 5770 2515 5825 Item
2568 5770 2770 5840 placuit
2810 5770 2879 5825 de
2932 5770 3160 5839 Tripoli,
3208 5777 3429 5839 propter
3477 5770 3773 5842 inopiam

456 5856 514 5911 Si
544 5858 859 5916 criminosus
883 5868 986 5928 cst,
1016 5876 1125 5916 non
1149 5860 1478 5927 admittatur,
1510 5857 1706 5931 placet.
2140 5862 2427 5932 prox-incise
2481 5877 2615 5917 unus
2654 5862 2938 5936 episcopus
2978 5862 3031 5917 in
3062 5862 3384 5933 legationem
3416 5863 3623 5926 veniat,
3688 5878 3779 5926 ει

533 5128 662 5185 V'lll.
703 5129 980 5183 Numidius
1010 5130 1291 5199 episcopus
1316 5129 1671 5185 Maxulitanus
1690 5132 1825 5185 dixit
1852 5151 1863 5184 :
1890 5132 2031 5187 Prm-

461 5230 607 5276 tcrea
630 5229 756 5275 sunt
771 5220 1148 5289 quamplurimi
1170 5235 1276 5274 non
1298 5221 1453 5274 bona:
1474 5223 1919 5284 conversationis,
1943 5223 2034 5291 qui

456 5315 768 5371 existimant
789 5312 1018 5380 majores
1043 5321 1190 5374 natu,
1222 5313 1306 5367 vel
1335 5314 1636 5382 episcopos,
1664 5316 1863 5383 passim
1884 5329 2037 5383 vage-
