3988 6344
205 379 308 437 189

1175 365 1396 425 CODEX
1435 348 1761 419 CANO‘NUM
1800 344 2485 409 ECCLESlASTICORUM.

3352 333 3459 388 100‘

202 501 263 546 ut
289 488 362 545 ibi
390 492 669 560 presnytcr
697 497 725 537 a
755 481 988 553 quinque
1017 478 1263 533 audiatur
1283 473 1563 548 episcopis,
1595 477 1648 525 et
1669 469 1782 522 dia-
1814 468 1860 526 Α
1887 462 2143 530 scriptum
2172 465 2253 513 est
2272 457 2445 511 enim:
2470 451 2762 521 «Accipite,
2788 458 2845 505 et
2865 447 3058 513 edite,»
3080 446 3337 503 cadavera
3358 459 3455 497 au-

203 595 379 637 conus
404 579 645 640 atribus,
680 582 737 629 ut
759 572 1005 644 mperius
1032 577 1388 625 memoratum
1419 573 1500 621 est
1517 605 1531 629 ,
1562 560 1783 635 proprio

204 673 466 745 episeopo
488 669 776 724 residuae.

207 783 286 839 De
315 781 528 837 d‘wersis
557 778 825 837 ordinibus
849 772 1098 828 Ecclesiw
1116 769 1450 845 servientibus
1472 783 1497 845 _:
1528 775 1584 845 u_t
1675 763 1787 845 quis

276 835 495 907 causam
540 835 771 903 criminis
814 845 1109 906 incurrerit,
1158 852 1207 894 et
1264 837 1507 909 objecerit
1528 835 1788 909 judicium

268 921 701 979 ecclesiasticum,
742 915 925 969 debeat
963 912 1288 984 periclitari;
1314 907 1364 961 et
1402 918 1458 961 ut
1478 907 1576 976 ﬁlii
1610 917 1787 957 sacer-

272 995 455 1047 dotum
479 987 772 1059 spectacula
796 980 1070 1039 amatoria
1090 998 1194 1035 non
1219 980 1430 1033 adeant.

279 1081 397 1136 XV.
440 1080 575 1135 item
604 1075 803 1149 placuit
833 1081 894 1128 ut
921 1070 1162 1142 quisquis
1206 1068 1611 1139 episcoporum,
1640 1075 1785 1133 pres-

206 1174 546 1245 byterorum,
598 1178 653 1222 et
680 1167 1055 1224 diaconorum,
1087 1175 1183 1215 seu
1212 1157 1553 1219 clericorum,
1585 1168 1703 1208 cum
1735 1152 1789 1206 in

206 1262 452 1320 ﬁelesia
482 1262 535 1315 ei
563 1259 723 1313 fuerit
742 1256 943 1313 crimen
975 1253 1299 1312 institutum,
1322 1247 1407 1302 vel
1429 1245 1600 1301 civilis
1627 1257 1791 1298 causa

206 1355 373 1411 fuerit
400 1357 673 1409 commota
692 1388 713 1416 ,
754 1348 823 1413 si,
848 1345 1041 1401 relicto
1068 1338 1432 1396 ecclesiastico
1457 1334 1678 1405 judicio,
1701 1348 1794 1404 pu-

208 1445 366 1501 blicis
382 1441 600 1511 iudiciis
625 1437 841 1511 purgari
862 1432 1113 1497 voluerit,
1134 1427 1344 1485 etiamsi
1365 1442 1463 1498 pro
1485 1426 1602 1496 ipso
1630 1421 1793 1477 fuerit

208 1534 422 1606 prohta
450 1528 743 1591 sententia,
795 1526 973 1580 locum
1024 1536 1180 1577 suum
1217 1517 1452 1580 amittat,
1501 1522 1557 1568 et
1604 1513 1709 1566 hoc
1737 1511 1791 1565 in

208 1602 513 1686 erminali;
544 1621 599 1674 in
620 1617 762 1673 civili
787 1630 914 1670 vero
935 1611 1134 1685 perdat
1158 1607 1301 1678 quod
1329 1606 1511 1671 evicit,
1542 1604 1587 1657 si
1616 1602 1791 1657 locum

207 1727 369 1769 suum
390 1710 637 1766 obtinere
664 1704 932 1760 maluerit.
956 1701 1071 1756 Hoc
1096 1700 1261 1755 etiam
1292 1695 1508 1768 placuit,
1540 1699 1654 1746 uta
1683 1689 1796 1757 qui-

1884 560 1990 605 tem
2035 564 2138 604 nec
2174 548 2423 616 accipere
2476 550 2721 614 possunt,
2752 554 2850 595 nec
2893 538 3097 602 edere;
3134 544 3189 592 et
3228 552 3299 591 ne
3344 535 3457 603 jam

1883 650 2128 697 mortuos
2193 639 2441 695 homines
2496 634 2758 705 baptizari
2811 631 2971 686 faciat
3021 631 3459 700 presbyterorum

1885 734 2094 803 ignavia
2128 750 2141 785 :
2169 746 2267 801 pro
2296 745 2399 800 qua
2421 743 2482 783 re
2509 724 2934 782 conﬁrmandum
2956 730 3038 777 est
3061 724 3119 777 in
3149 722 3250 775 hac
3267 726 3457 775 sancta

1885 823 2089 895 synodo
2108 830 2187 886 ut,
2219 819 2514 875 secundum
2536 817 2749 871 Nicaeus
2773 821 2991 877 statuta,
3018 820 3240 883 propter
3264 824 3461 865 causas

1886 915 2301 980 ecclesiasticas,
2324 926 2440 978 quia:
2469 910 2536 964 ad
2556 907 2848 978 perniciem
2889 906 3121 975 plebium
3152 918 3294 972 sape
3312 908 3461 956 vete-

1886 1011 2130 1065 rascunt,
2157 1000 2376 1066 singulis
2415 998 2716 1066 quibusque
2738 994 2894 1059 annis
2941 992 3229 1048 concilium
3256 1004 3463 1045 convo-

1888 1102 2065 1160 cetur,
2095 1092 2159 1145 ad
2186 1090 2330 1161 quod
2359 1103 2546 1143 omnes
2574 1086 2881 1156 provincim,
2923 1098 3040 1153 qua:
3070 1082 3267 1151 primas
3307 1077 3464 1134 sedes

1889 1182 2106 1244 habent,
2138 1180 2205 1234 de
2234 1178 2475 1233 conciliis
2503 1176 2613 1229 suis
2661 1175 2836 1238 binos,
2884 1180 2977 1225 aut
2998 1178 3229 1239 quantos
3249 1167 3462 1234 delege-

1889 1273 2018 1338 rint,
2037 1271 2323 1340 episcopos
2352 1268 2557 1334 legatos
2584 1266 2801 1319 mittant
2824 1301 2843 1326 .
2878 1271 2936 1318 ut
2979 1266 3302 1331 congregato
3330 1271 3464 1312 con-

1889 1370 2051 1417 ventu
2076 1362 2234 1433 plena
2260 1358 2428 1429 possit
2458 1371 2576 1411 esse
2598 1354 2913 1409 auctoritas.

1891 1473 1965 1528 Ut
2009 1473 2056 1526 si
2098 1472 2209 1543 quis
2244 1471 2835 1543 episcopuaaccuaatur,
2860 1464 2955 1543 Διιά
3000 1464 3267 1533 primatem
3301 1460 3463 1529 ipsius

2306 1536 2579 1610 prouinciae
2606 1552 2762 1589 causa
2785 1536 3057 1604 deferatur.

1965 1630 2102 1686 XIX.
2134 1630 2382 1685 Aurelius
2404 1628 2687 1696 episcopus
2707 1624 2840 1679 dixit
2865 1640 2877 1675 :
2905 1620 3155 1688 Quisquis
3181 1618 3465 1687 episcopo-

1893 1737 2011 1775 rum
2041 1727 2341 1782 accusatur,
2371 1717 2435 1770 ad
2458 1716 2717 1785 primates
2744 1712 3031 1783 provincia:
3062 1709 3226 1780 ipsius
3251 1721 3467 1762 causam

212 1806 533 1870 b'm‘mque
578 1796 847 1867 iudieibus
900 1789 1278 1848 θθθιθδίθδιίθίδ
1316 1786 1383 1840 ad
1414 1784 1548 1879 ³¹ῘΫ⁵
1586 1780 1794 1879 j_udic°s
1824 1821 1870 1879 Β
1897 1810 2103 1867 deferat
2151 1780 2474 1874 accusator;
2508 1820 2607 1860 nec
2634 1820 2664 1859 a
2688 1780 3063 1859 communione
3091 1796 3465 1868 suspendatur,

212 1890 640 1956 ecclesiasticos,
669 1888 759 1943 ubi
793 1894 877 1941 est
909 1883 1081 1952 major
1114 1879 1430 1945 auctoritas,
1478 1874 1640 1928 fuerit
1668 1886 1794 1943 pro-

212 1994 492 2049 vocatum,
545 1997 658 2037 non
701 1979 783 2034 eis
823 1975 964 2032 obsit
992 1986 1222 2043 quorum
1251 1968 1413 2023 fuerit
1457 1966 1635 2021 soluta
1666 1978 1793 2018 sen-

215 2075 408 2140 tentia,
432 2073 479 2127 si
517 2069 762 2127 convinci
789 2082 894 2123 non
920 2063 1217 2137 potuerint,
1248 2059 1331 2114 vel
1366 2056 1585 2111 inimico
1614 2053 1793 2107 animo

211 2166 507 2236 iudicasse,
531 2163 618 2218 vel
667 2162 845 2230 aliqua
875 2156 1169 2229 cupiditate
1190 2160 1283 2207 aut
1308 2150 1476 2219 gratia
1498 2143 1793 2218 depravati.

212 2256 362 2312 Sane
388 2254 435 2311 si
464 2270 532 2310 ex
582 2268 852 2310 consensu
879 2249 1110 2322 partium
1158 2242 1316 2300 electi
1348 2241 1544 2296 fuerint
1565 2237 1793 2306 judices,

214 2344 381 2399 etiam
404 2356 436 2398 a
460 2342 701 2414 pauciori
730 2354 973 2405 numero,
996 2350 1157 2407 quam
1186 2332 1533 2389 constitutum
1558 2335 1658 2393 est,
1689 2340 1798 2380 non

216 2435 387 2491 liceat
426 2432 729 2504 provocari.
762 2430 827 2486 Et
867 2438 927 2485 ut
972 2427 1065 2482 lilii
1112 2422 1450 2481 sacerdotum
1494 2416 1799 2489 spectacula

214 2523 497 2580 sacularia
524 2538 633 2577 non
661 2521 970 2585 exhibeant,
999 2514 1094 2571 sed
1127 2527 1227 2568 nec
1253 2515 1518 2581 spectent,
1550 2507 1675 2561 licet
1696 2504 1798 2559 hoc

213 2627 436 2682 semper
454 2610 772 2667 Christianis
796 2606 1041 2664 omnibus
1070 2600 1322 2657 indictum
1350 2596 1439 2663 sit,
1462 2604 1518 2653 et
1536 2594 1626 2650 ubi
1653 2592 1798 2647 blas-

216 2701 451 2771 phemiae
476 2706 622 2765 sunt,
648 2712 759 2752 non
789 2694 1066 2751 accedant.

218 2809 292 2867 Ut
319 2812 496 2866 nullus
518 2812 804 2879 episcopus,
836 2804 1116 2877 presbyter,
1145 2811 1194 2857 et
1214 2800 1483 2879 diaconus
1519 2793 1799 2879 conductor

285 2864 487 2935 distat
496 2896 513 2945 ;
526 2864 585 2934 νέί
605 2892 662 2932 ut
683 2864 894 2932 lectores
908 2864 1404 2945 uxores-accipiant;
1426 2876 1474 2945 et
1492 2864 1661 2945 clerici
1682 2864 1802 2944 obs-

288 2934 578 3004 tineunt'ab
600 2950 802 3014 usuris;
831 2956 880 3000 et
898 2960 997 3015 quo
1019 2934 1241 3012 tempore
1259 2938 1466 3007 relipsi,
1490 2934 1565 2989 vel
1581 2935 1799 3004 virgines

292 3028 679 3075 commentam

290 3111 435 3167 XVI.
477 3112 611 3166 Item
642 3108 843 3180 placuit
881 3116 942 3162 ut
979 3102 1238 3175 episcopi,
1280 3095 1579 3171 presbyteri
1605 3102 1661 3149 et
1682 3092 1793 3148 dia-

219 3206 372 3272 coni,
395 3220 504 3259 non
533 3177 1045 3263 sint—conductores,
1076 3202 1174 3249 aut
1198 3197 1596 3263 procuratores,
1626 3198 1803 3253 neque
1826 3177 1872 3239 (Ξ

220 3296 338 3350 ιιηο
357 3293 503 3363 turpi
528 3291 765 3360 negotio,
788 3295 845 3345 et
868 3288 1150 3343 inhonesto
1172 3284 1369 3339 victum
1389 3286 1648 3352 quaerant,
1676 3276 1801 3347 quia

221 3387 501 3457 respicere
516 3383 712 3438 debent
732 3381 989 3451 scriptum
1010 3392 1155 3433 esse:
1183 3395 1201 3427 ‹
1224 3374 1409 3429 Nullus
1434 3368 1666 3426 militans
1692 3369 1802 3423 Deo

223 3476 471 3546 implicat
522 3488 583 3528 se
633 3472 864 3540 negotiis
908 3466 1274 3525 saecularibus.
1307 3484 1326 3517 ι
1361 3462 1490 3518 Item
1518 3460 1717 3532 placuit
1747 3467 1804 3513 ut

225 3565 486 3628 lectores,
521 3577 643 3617 cum
668 3561 735 3615 ad
764 3575 932 3614 annos
972 3554 1269 3628 pubertatis
1320 3551 1681 3624 pervenerint,
1710 3563 1805 3603 co-

225 3662 423 3723 gantur
448 3659 543 3707 aut
570 3666 764 3705 uxores
789 3650 1004 3713 ducere,
1021 3652 1112 3701 aut
1132 3644 1513 3702 continentiam
1542 3638 1801 3712 profiteri.

226 3744 363 3799 Item
387 3741 592 3813 placuit
631 3749 689 3794 ut
710 3739 959 3804 clericus,
983 3738 1029 3791 si
1058 3732 1478 3791 commodaverit
1503 3728 1802 3800 pecuniam,

225 3832 517 3905 pecuniam
530 3830 753 3901 accipiat
768 3848 784 3893 ;
797 3830 839 3884 si
857 3828 1110 3899 speciem,
1126 3826 1366 3881 eamdem
1378 3822 1631 3893 speciem,
1646 3834 1809 3890 quan-

225 3932 340 3976 tam
361 3920 595 3987 dederit,
610 3920 867 3991 accipiat;
883 3924 939 3973 et
960 3926 1020 3971 ut
1040 3923 1163 3970 ante
1188 3914 1373 3982 viginti
1389 3912 1623 3981 quinque
1640 3924 1809 3964 annos

226 4012 411 4067 aetatis
440 4026 544 4065 nec
589 4010 805 4066 diaconi
852 4007 1189 4072 ordinentur,
1237 4020 1335 4059 nec
1356 4003 1593 4069 virgines
1614 4015 1808 4055 conse—

228 4109 490 4166 creatur;
522 4106 577 4153 et
604 4107 665 4153 ut
688 4099 921 4154 lectores
948 4096 1203 4166 populum
1233 4109 1339 4148 non
1374 4094 1627 4146 salutent.

233 4209 305 4265 Ut
323 4225 650 4280 unaqquue
676 4210 1195 4280 provincio,_propler
1222 4202 1661 4280 longinquitatem,
1698 4201 1810 4271 pri-

676 4275 862 4330 matem
893 4278 1077 4329 habent
1102 4275 1383 4343 preprium.

300 4368 469 4425 XVII.
508 4368 711 4422 Placuit
758 4377 817 4421 ut
852 4365 1165 4420 Mauritania
1195 4362 1493 4425 Sitifensis,
1543 4368 1602 4413 nt
1630 4368 1814 4430 postu-

235 4457 389 4523 lavit,
421 4455 709 4526 primalem
740 4455 1024 4525 provincim
1054 4451 1328 4513 Numidae,
1376 4463 1444 4503 ex
1490 4449 1641 4515 cujus
1669 4454 1812 4500 coetu

1897 1903 1982 1959 cui
2005 1901 2206 1956 crimen
2234 1898 2546 1961 intenditur,
2599 1895 2701 1949 nisi
2742 1894 2808 1948 ad
2834 1907 3051 1951 causam
3097 1905 3247 1946 suam
3286 1888 3469 1942 dicen-

1894 1993 2019 2048 dam
2040 1992 2335 2046 electorum
2360 1987 2617 2057 judicum,
2649 1984 2736 2040 die
2770 1990 2995 2049 statuta,
3039 1981 3230 2036 litteris
3273 1991 3469 2033 evoca-

1897 2090 2005 2146 tus,
2034 2080 2253 2133 minime
2280 2077 2612 2141 occurrerit,
2647 2076 2752 2129 hoc
2781 2080 2863 2128 est
2891 2072 3027 2127 infra
3056 2070 3282 2140 spatium
3320 2082 3468 2121 men-

1896 2172 1991 2237 sis,
2022 2185 2088 2225 ex
2109 2184 2173 2223 ea
2200 2169 2306 2231 die,
2331 2182 2434 2236 qua
2460 2182 2584 2221 eum
2614 2165 2819 2219 litteras
2842 2161 3111 2232 accepisse
3136 2156 3466 2215 constiterit:

1895 2262 2039 2333 quod
2069 2262 2113 2316 si
2133 2260 2339 2329 aliquas
2364 2273 2521 2313 veras
2550 2254 2888 2311 necessitatis
2926 2267 3113 2307 causas
3140 2247 3467 2320 probaverit,

1897 2354 2091 2423 quibus
2118 2366 2239 2405 eum
2270 2364 2550 2405 occurrere
2579 2360 2685 2403 non
2718 2345 2957 2416 potuisse
2997 2340 3336 2396 manifestum
3379 2338 3469 2407 sit,

1897 2457 2074 2498 causa:
2102 2440 2340 2495 dicenda:
2366 2439 2505 2492 intra
2547 2437 2774 2492 alterum
2815 2447 3055 2488 mensem
3086 2432 3343 2498 integram
3371 2428 3469 2482 ha-

1897 2534 2025 2589 beat
2052 2531 2392 2594 facultatem;
2417 2543 2600 2583 verum
2623 2536 2729 2581 tam
2757 2525 2847 2581 diu
2868 2532 2991 2595 post
3016 2537 3253 2577 mensem
3275 2536 3470 2576 secun-

1897 2622 2024 2677 dum
2052 2636 2164 2676 non
2194 2618 2576 2684 communicet,
2607 2616 2779 2671 donec
2806 2621 3087 2685 purgetur.
3119 2610 3177 2665 Si
3206 2618 3383 2664 autem
3404 2608 3470 2663 ad

1898 2710 2183 2765 concilium
2208 2707 2511 2762 universale
2538 2704 2961 2760 anniversarium
2982 2715 3267 2758 occurrere
3287 2698 3471 2755 nolue-

1899 2802 1989 2869 rit,
2016 2806 2073 2854 ut
2094 2799 2177 2854 vel
2200 2800 2272 2853 ibi
2302 2812 2458 2853 causa
2486 2794 2601 2866 ejus
2628 2794 2979 2861 terminetur,
3010 2792 3125 2863 ipse
3158 2791 3211 2846 in
3238 2805 3297 2846 se
3316 2788 3469 2845 dam-

1899 2889 2133 2944 nationis
2173 2887 2491 2943 sententiam
2521 2884 2718 2939 dixisse
2751 2882 3037 2954 judicetur,
3071 2890 3309 2951 tempore
3337 2894 3469 2934 sane

1900 2996 2009 3051 quo
2035 2996 2143 3035 non
2170 2979 2548 3042 communicat.
2579 2992 2679 3032 nec
2704 2977 2758 3031 in
2784 2990 2880 3031 sua
2908 2974 3169 3039 Ecclesia,
3192 2973 3277 3027 vel
3305 2988 3467 3043 paro~

1902 3072 2020 3127 cbia
2046 3071 2422 3126 communicet.
2452 3065 2745 3123 Accusator
2767 3075 2945 3121 autem
2970 3063 3105 3135 ejus,
3129 3064 3173 3118 si
3199 3077 3470 3134 nunquam

1904 3164 2092 3220 diebus
2119 3178 2293 3218 causa:
2323 3159 2559 3216 dicendzn
2603 3156 2849 3224 defuerit,
2892 3173 2923 3212 a
2952 3156 3330 3213 communione
3354 3170 3466 3223 non

1900 3262 2269 3318 removeatur;
2300 3253 2344 3307 si
2381 3266 2511 3306 vero
2551 3246 2836 3318 aliquando
2862 3246 3107 3314 defuerit,
3151 3245 3470 3301 subtrahens

1900 3361 1980 3411 se,
2004 3345 2251 3400 restituto
2274 3344 2326 3398 in
2355 3340 2730 3398 communione
2754 3338 3024 3411 episcopo,
3056 3336 3169 3408 ipse
3195 3351 3471 3393 removea-

1902 3444 1988 3490 tur
2015 3450 2046 3489 a
2073 3433 2449 3490 communione
2477 3438 2757 3486 accusator
2781 3446 2794 3482 :
2833 3430 2905 3483 ita
2936 3437 3132 3492 tamen,
3163 3435 3219 3480 ut
3245 3442 3342 3481 nec
3370 3422 3469 3497 ipsi

1902 3525 2169 3579 adimatur
2196 3523 2419 3578 facultas
2448 3536 2624 3577 causa:
2669 3517 3000 3590 peragendae,
3042 3518 3087 3571 si
3130 3531 3189 3572 se
3227 3515 3292 3570 ad
3330 3515 3470 3570 diem

1903 3630 2187 3673 occurrere
2216 3631 2323 3669 non
2352 3613 2616 3667 voluisse‘
2633 3610 2729 3667 sed
2750 3625 2855 3664 non
2883 3608 3119 3679 potuisse
3143 3606 3469 3677 probaverit.

1903 3706 2036 3761 Illud
2058 3720 2204 3769 vero,
2237 3712 2295 3758 ut
2317 3718 2438 3757 cum
2468 3715 2626 3769 agere
2649 3699 2877 3769 cmperit
2905 3699 2958 3753 in
2989 3698 3361 3767 episcoporum
3380 3694 3471 3765 ju-

1902 3797 2067 3861 dicio,
2096 3796 2142 3850 si
2170 3792 2328 3849 fuerit
2354 3791 2681 3847 accusatoris
2704 3805 2930 3859 persona
2954 3788 3250 3857 culpabilis,
3294 3789 3357 3840 ad
3389 3799 3475 3838 ar-

1903 3886 2173 3958 guendum
2217 3900 2322 3939 non
2350 3882 2683 3947 admittatur,
2715 3880 2811 3935 nisi
2844 3879 3085 3949 proprias
3127 3892 3336 3945 causas,
3368 3892 3474 3931 non

1908 3986 2085 4032 tamen
2113 3972 2521 4037 ecclesiasticas,
2554 3985 2796 4026 asserere
2823 3966 3072 4025 voluerit.
3162 4036 3165 4037 ν

2163 4086 2237 4140 De
2264 4084 2594 4157 presbyteris,
2626 4081 2703 4136 uel
2727 4080 2927 4135 clericis
2956 4080 3257 4134 accusatis.‘

1986 4178 2098 4233 XX.
2126 4178 2184 4233 Si
2205 4186 2381 4232 autem
2412 4174 2729 4246 presbyteri,
2755 4174 2840 4227 vel
2864 4172 3073 4226 diaconi
3099 4170 3295 4225 fuerint
3321 4184 3477 4224 accu~

1910 4270 2032 4330 sati,
2079 4266 2333 4335 adjuncto
2360 4266 2459 4318 sibi
2488 4280 2555 4318 ex
2588 4263 2773 4317 vicinis
2802 4260 2933 4316 locis
2962 4277 3099 4319 cum,
3116 4260 3330 4329 proprio
3365 4259 3481 4328 epi-

1913 4374 2078 4428 scopo
2106 4358 2344 4424 legitimo
2386 4367 2608 4407 numero
2640 4350 2965 4420 collegarum
3011 4362 3146 4419 quos
3197 4350 3265 4402 ab
3293 4348 3481 4403 eodem

1917 4439 2547 4515 acetisatipetierintzid
2578 4450 2663 4497 est
2706 4455 2813 4495 una
2863 4454 3042 4493 secum
3090 4440 3143 4493 in
3190 4436 3483 4506 presbyteri

232 4524 543 4617 sapam-mn
586 4550 647 4599 ut
672 4524 827 4599 suum
866 4543 1059 4597 haheat
1105 4539 1391 4610 primatem
1414 4572 1430 4601 ,
1473 4549 1655 4603 quem,
1682 4548 1804 4587 con-

1920 4540 2134 4594 nomine
2160 4552 2286 4601 sex,
2336 4536 2389 4588 in
2429 4533 2639 4587 diaconi
2662 4541 2775 4585 tres
2800 4530 3037 4600 ipsorum
3062 4542 3278 4583 causam
3309 4524 3483 4579 discu-

234 4636 601 4692 nentientibns
627 4633 877 4690 omnibus
895 4629 1209 4701 primatibus
1244 4624 1639 4695 provinciarum
1664 4620 1803 4674 Afri-

237 4748 524 4794 canarum,
557 4728 641 4781 vel
671 4724 919 4779 omnibus
945 4719 1231 4789 episcOpis,
1254 4724 1477 4786 propter
1499 4712 1803 4783 longinqui.

242 4833 411 4879 tam
432 4821 634 4875 habere
659 4815 920 4887 permissa
943 4820 1048 4865 est.

244 4916 307 4969 Si
345 4915 464 4983 quis
514 4910 729 4963 clericus
781 4906 1069 4983 ordinatur,
1122 4899 1315 4983 moneri
1366 4897 1515 4950 debet
1545 4896 1821 4983 constituta

317 4966 528 5038 servare
554 4996 574 5044 ;
603 4987 652 5033 et
698 4985 754 5029 ut
804 4972 1102 5042 corporibus
1131 4970 1484 5044 defunctorum
1513 4966 1823 5044 eucharistia

318 5070 425 5109 non
456 5038 627 5111 «leiur,
659 5063 748 5099 nec
788 5038 1080 5112 baptisma;
1111 5050 1158 5092 et
1206 5047 1381 5112 utuper
1407 5038 1636 5104 singulos
1663 5050 1825 5112 annos

442 5104 626 5173 omnes
671 5104 963 5186 provincias
1012 5110 1081 5163 ad
1125 5108 1400 5162 concilium
1452 5104 1827 5171 metropolitani

319 5191 677 5245 conveniatur.

318 5277 508 5333 XVIII.
549 5275 681 5330 Item
738 5270 938 5342 placuit
981 5278 1045 5323 ut
1107 5265 1365 5321 ordinatis
1419 5260 1686 5332 episcopis
1742 5258 1829 5313 vel

250 5372 488 5429 clericis,
520 5368 666 5436 prius
695 5367 761 5418 ab
789 5359 1184 5417 ordinatoribus
1206 5355 1316 5410 suis
1344 5353 1537 5424 placita
1568 5349 1825 5406 concilio-

248 5476 373 5515 rum
400 5457 618 5512 auribus
637 5468 820 5509 eorum
848 5450 1213 5513 inculcentur,
1234 5460 1303 5499 nc
1327 5459 1387 5499 se
1414 5440 1614 5511 aliquid
1642 5445 1831 5493 contra

249 5558 459 5606 sumta
505 5547 715 5603 concilii
764 5545 956 5599 fecisse
995 5540 1312 5611 paniteant.
1354 5536 1488 5591 Item
1542 5530 1745 5601 placuit
1774 5536 1835 5583 ut

254 5639 583 5713 ast-poribus
641 5635 1017 5691 debmctorum
1085 5628 1406 5686 eucharistia
1465 5638 1572 5679 non
1637 5622 1831 5684 detur;

329 5771 347 5789 °
384 5762 692 5835 Legenllum
748 5771 894 5819 certe
938 5760 1178 5830 noluisse,
1222 5769 1283 5819 ut
1320 5768 1511 5816 sensus
1554 5756 1783 5809 Constet.
1815 5776 1885 5787 -—
1944 5742 2107 5812 Infra,
2139 5737 2229 5794 ubi
2269 5736 2461 5809 duplex

260 5833 565 5896 uwionis.
591 5833 741 5892 Eutr.

1924 4634 2074 4694 tiant,
2095 4632 2281 4685 eadem
2304 4626 2530 4690 dierum,
2560 4633 2613 4679 et
2634 4622 2966 4687 dilationum,
2992 4629 3045 4675 ct
3067 4631 3095 4673 a
3118 4618 3485 4675 communione

1924 4722 2302 4784 remotiomnn,
2325 4726 2377 4772 et
2406 4716 2698 4771 discussion
2718 4713 2757 4733 “
2777 4722 3145 4783 personarum,
3168 4711 3307 4764 inter
3330 4723 3488 4763 accu-

1923 4821 2131 4865 satores
2161 4815 2215 4863 et
2242 4821 2336 4861 eos
2364 4806 2455 4875 qui
2482 4809 2821 4867 accusantur,
2870 4800 3038 4855 forma
3081 4805 3314 4854 servata.
3343 4792 3491 4851 Reli-

1925 4910 2152 4969 quorum
2174 4905 2350 4951 autcm
2375 4894 2689 4949 clericorum
2716 4900 2928 4953 causas,
2948 4890 3105 4943 etiam
3124 4887 3274 4943 solas
3296 4887 3491 4957 episco~

1930 5004 2027 5059 pus
2054 4988 2155 5041 loci
2185 4993 2457 5052 agnoscat,
2492 4990 2545 5037 et
2576 4980 2741 5035 ﬁniat.

1934 5080 2002 5136 Ut
2032 5080 2130 5149 ﬁlii
2169 5078 2469 5131 clericorum
2505 5074 2558 5127 in
2598 5071 2923 5193 man-limonio
2953 5080 3053 5122 non
3076 5064 3362 5138 jnngantur
3391 5066 3496 5119 ha:-

2622 5152 2741 5193 τινας
2764 5156 2809 5193 8.

2622 5152 2693 5195 ret
2700 5152 2809 5193 icta.

2010 5237 2151 5292 XXI.
2178 5237 2376 5292 Iterum
2406 5232 2605 5304 placuit
2631 5239 2687 5284 ut
2716 5230 2806 5282 lilii
2849 5224 3162 5283 clericorum
3186 5225 3494 5296 gentilibus,

1932 5331 2018 5387 vel
2047 5328 2307 5384 bmreticis
2336 5323 2673 5378 matrimonio
2702 5336 2805 5376 non
2825 5320 3133 5390 junguntur.

1944 5442 2011 5496 Ut
2046 5440 2269 5513 episcopi
2316 5439 2391 5491 rel
2424 5435 2675 5513 clerici-lin
2719 5449 2803 5512 eos
2841 5432 2925 5501 qui
2956 5447 3057 5483 non
3096 5436 3212 5481 sunt
3264 5421 3499 5476 catholici

2500 5504 2628 5560 nihil
2654 5505 2938 5573 conferunt.

2020 5609 2180 5667 XIlI.
2235 5607 2305 5663 Et
2331 5613 2392 5660 ut
2435 5606 2487 5660 in
2528 5616 2622 5657 ees
2664 5599 2752 5665 qui
2796 5593 3043 5651 catholici
3085 5586 3367 5643 Christiani
3397 5600 3500 5641 non

2509 5728 2807 5791 astcriscus,
2851 5719 3126 5792 legendum
3168 5718 3378 5774 videtur
3426 5711 3505 5772 ἀν’-
