3988 6344
470 426 563 484 191

1737 413 2088 472 DIONY-SIUS
2124 406 2449 467 EXIGUUS.

3627 401 3730 461 19!

471 552 619 609 sunt,
661 541 868 597 etiamsi
910 533 1289 606 consanguinei
1340 531 1556 600 fuerint,
1604 546 1701 601 per
1726 531 2047 586 donationes
2076 531 2126 591 Α
2151 523 2394 577 fidelibus
2419 517 2593 585 laicis,
2625 516 2970 588 imponatur;
3003 530 3181 587 neque
3206 516 3644 588 Permittendum,
3672 526 3732 573 ut

472 649 654 691 rerum
684 646 922 695 suarum,
952 626 1186 699 episcopi
1209 624 1294 680 vel
1323 623 1505 679 clerici
1532 622 1666 677 nihil
1693 622 1987 676 conferant.

644 722 710 776 Ut
738 721 961 791 episcopi
993 728 1134 772 trans
1163 733 1305 771 mare
1333 731 1435 769 non
1464 713 1880 784 proﬁciscantur.
1964 760 1973 767 .

547 811 730 866 XXIII.
754 811 889 866 Item
930 818 989 865 ut
1036 809 1272 878 episcopi
1319 814 1466 861 trans
1493 819 1643 859 mare
1684 818 1791 857 non
1833 799 2050 871 proiici—

474 913 714 969 scantur,
746 904 849 959 nisi
872 902 1119 959 consulto
1146 901 1333 971 primae
1371 897 1514 953 sedis
1537 896 1791 966 episcopo
1818 908 1929 948 suae
1950 908 2049 948 cu-

477 999 666 1067 iusque
692 996 983 1069 provincia:
1005 1033 1022 1061 ,
1057 1002 1114 1048 ut
1139 994 1207 1047 ab
1234 1007 1300 1047 eo
1320 989 1587 1061 prmcipue
1611 987 1819 1057 possint
1840 998 2053 1039 sumere

479 1088 763 1143 formatam
787 1088 875 1142 vel
901 1082 1446 1141 commendationem.

482 1197 551 1252 Ut
586 1208 775 1269 printer
799 1198 1101 1269 Scripturas
1125 1207 1403 1247 canonicos
1439 1188 1572 1244 nihil
1607 1188 1663 1241 in
1702 1184 1935 1240 Ecclesia
1965 1182 2049 1238 le-

1187 1273 1356 1335 gatur.

550 1377 737 1433 XXIV.
766 1376 899 1431 Item
920 1384 981 1430 ut
1004 1382 1198 1446 praeter
1217 1370 1520 1441 Scripturas
1542 1366 1830 1424 canonicos
1850 1363 1978 1419 nihil
2000 1362 2055 1416 in

480 1469 719 1526 Ecclesia
743 1468 950 1537 legatur
971 1466 1069 1521 sub
1096 1463 1313 1519 nomine
1330 1461 1629 1515 divinarum
1640 1457 2055 1527 Scripturarum.

481 1562 621 1617 Sunt
648 1568 827 1614 autem
848 1558 1124 1613 canonica:
1144 1540 1459 1623 Scripturaa,
1477 1549 1529 1604 id
1551 1556 1635 1603 est
1652 1546 1896 1607 Genesis,
1926 1542 2063 1597 Exo-

481 1652 601 1715 dus,
626 1649 910 1711 Leviticus,
941 1644 1179 1709 Numeri,
1208 1638 1705 1704 Deuteronomium,
1735 1634 1863 1689 Jesu
1892 1632 2057 1696 Nave,

481 1736 748 1803 Judicum,
794 1735 956 1801 Ruth,
989 1734 1196 1803 Regum
1226 1730 1347 1786 libri
1376 1728 1428 1793 4,
1461 1726 1907 1795 Paralipomenon
1940 1720 2063 1775 libri

483 1830 540 1895 2,
568 1830 690 1894 Job,
723 1828 1063 1890 Psalterium,
1102 1822 1408 1879 Salomonis
1437 1818 1555 1874 libri
1584 1816 1637 1883 5,
1683 1814 1805 1870 libri
1845 1811 1913 1865 η
1932 1811 2066 1866 Pro-

485 1925 791 1993 phetarum,
814 1920 1000 1983 Isaias,
1042 1915 1322 1981 Jeremias,
1369 1909 1637 1974 Ezechiel,
1674 1905 1879 1970 Daniel,
1917 1902 2061 1956 Tho-

487 2015 623 2078 hias,
654 2012 851 2079 Iudith,
867 2010 1076 2074 Esther,
1098 2006 1281 2060 Esdrae
1300 2004 1483 2067 libri2,
1500 1999 1924 2055 Machabteorum
1941 1994 2063 2048 libri

487 2102 525 2156 2
549 2125 563 2169 -,
589 2102 724 2157 Novi
757 2099 1087 2156 Testamenti
1116 2116 1128 2151 :
1154 2095 1559 2167 Evangeliorum
1590 2090 1710 2147 libri
1753 2088 1807 2155 4,
1837 2087 2063 2142 Actuum

493 2194 861 2264 apostolorum
914 2192 1052 2246 liber
1097 2205 1253 2255 unus,
1307 2184 1563 2257 Epistolze
1609 2182 1758 2236 Pauli
1790 2178 1878 2248 II,
1920 2177 2067 2231 Petri

496 2286 727 2355 apostoli
756 2283 810 2347 2,
859 2281 1079 2338 Joannis
1125 2280 1353 2351 apostoli
1383 2278 1436 2343 '5,
1479 2275 1663 2331 Jacobi
1689 2271 1919 2343 apostoli
1940 2284 2063 2335 una,

489 2376 642 2431 Judzn
680 2375 912 2447 apostoli
959 2390 1083 2441 una,
1119 2371 1466 2445 Apocalypsis
1485 2368 1706 2424 Joannis
1734 2367 1868 2421 liber
1906 2377 2063 2418 unus.

492 2466 607 2522 Iioc
636 2470 797 2521 etiam
842 2466 991 2520 fratri
1036 2473 1094 2520 et
1137 2460 1508 2518 consacerdoti
1553 2465 1739 2512 nostro
1768 2453 2064 2517 Bonifacio,

492 2559 579 2613 vel
607 2558 724 2611 aliis
752 2572 937 2611 earum
982 2555 1212 2625 partium
1242 2550 1508 2620 episcopis
1553 2562 1652 2617 pro
1698 2540 2069 2600 confirmando

495 2650 600 2704 isto
630 2663 839 2704 canone
868 2647 1188 2705 innotescat,
1237 2641 1362 2711 quia
1391 2655 1422 2694 a
1450 2637 1701 2694 Patribus
1729 2636 1832 2690 ista
1858 2632 2069 2702 accepi-

497 2754 617 2793 mus
648 2738 701 2792 in
725 2736 962 2791 Ecclesia
992 2732 1237 2802 legenda.
1794 2722 1799 2725 ’

495 2852 575 2907 De
615 2852 900 2921 episcopis,
942 2848 1019 2921 vel
1059 2845 1379 2919 sequentibus
1425 2841 1720 2921 ordinibus,
1758 2838 1855 2921 _qui
1896 2852 2072 2921 suci-of

573 2906 747 2977 sancta
788 2906 1038 2990 'mysteria
1086 2906 1438 2978 contrectant,
1483 2913 1678 2984 placuit
1719 2906 1793 2961 ab'
1827 2906 2071 2961 uxoribus

572 2992 844 3047 contineri.

570 3101 731 3157 XXV.
764 3099 1016 3156 Aurelius
1051 3098 1333 3169 episcopus
1379 3095 1548 3150 dixit:
1575 3093 1851 3157 Addimus,
1882 3090 2073 3144 fratres

498 3193 818 3258 charissimi,
839 3198 1117 3262 praeterea,
1139 3204 1260 3244 cum
1282 3188 1348 3242 de
1368 3184 1717 3255 quorumdam
1731 3181 2068 3241 clericorum,

497 3283 745 3354 quamvis
766 3282 1046 3344 lectorum,
1077 3294 1200 3347 erga
1232 3291 1427 3332 uxores
1450 3274 1696 3345 proprias
1744 3269 2076 3326 incontinen-
2100 3251 2146 3313 (ἶ
2181 3306 2242 3363 δί

500 3376 574 3429 tia
604 3373 914 3440 referretur,
959 3370 1176 3441 placuit,
1220 3367 1364 3437 quod
1384 3374 1440 3421 et
1484 3366 1538 3419 in
1568 3361 1791 3419 diversis
1835 3357 2077 3414 conciliis

500 3461 767 3517 ﬁrmatum
796 3469 900 3528 est,
931 3470 989 3515 ut
1010 3458 1341 3521 subdiaconi,
1371 3456 1459 3525 qui
1489 3468 1641 3510 sacra
1666 3450 1919 3524 mysteria
1946 3464 2074 3503 con-

500 3559 754 3619 trectant,
798 3559 853 3605 et
880 3549 1110 3614 diaconi,
1142 3547 1458 3619 presbyteri,
1485 3543 1579 3600 sed
1609 3550 1665 3598 et
1700 3540 1957 3612 episcopi,
1986 3553 2076 3593 se-

502 3643 737 3697 cundum
768 3640 983 3712 propria
1012 3646 1231 3705 statuta,
1280 3638 1439 3691 etiam
1470 3636 1537 3690 ab
1564 3632 1820 3688 uxoribus
1862 3644 1921 3685 se
1949 3644 2078 3684 con-

502 3734 730 3798 tineant,
773 3740 830 3785 ut
867 3740 1120 3802 tanquam
1150 3744 1259 3783 non
1307 3728 1570 3782 habentes
1613 3722 1895 3779 videantur
1919 3733 2075 3775 esse:

503 3823 648 3892 quod
676 3823 775 3876 nisi
802 3821 1047 3886 fecerint,
1078 3820 1146 3874 ab
1172 3817 1537 3874 ecclesiastico
1563 3820 1942 3870 removeantur
1969 3808 2082 3864 olli-

504 3916 611 3971 cio.
662 3914 897 3969 Cmteros
934 3919 1113 3967 autem
1154 3909 1379 3966 clericos
1403 3909 1473 3964 ad
1512 3907 1618 3960 hoc
1646 3919 1753 3958 non
1795 3901 1937 3968 cogi,
1980 3898 2079 3953 nisi

503 4006 785 4060 maturiori
823 4012 998 4059 astate.
1053 4002 1133 4055 Ab
1162 4001 1415 4055 universo
1461 3996 1692 4051 concilio
1721 3994 1925 4048 dictum
1956 3998 2075 4045 est:

502 4094 634 4161 Quae
656 4103 834 4149 vestra
860 4092 1118 4148 sanctitas
1142 4097 1225 4144 est
1247 4088 1389 4158 juste
1411 4085 1686 4141 moderata
1715 4091 1771 4139 et
1791 4089 1997 4149 sancta,
2026 4088 2083 4137 et

503 4187 618 4241 Deo
647 4186 844 4257 placita
865 4193 1010 4251 sunt,
1038 4181 1440 4238 confirmamus.

826 4294 895 4350 Ut
923 4310 1002 4348 res
1030 4291 1278 4346 Ecclesia:
1305 4307 1453 4344 nemo
1485 4286 1759 4343 distrahat.

576 4407 761 4464 XXVI.
796 4407 928 4463 Item
975 4405 1177 4476 placuit
1222 4410 1282 4458 ut
1332 4418 1447 4458 rem
1474 4400 1723 4457 Ecclesiae
1758 4416 1918 4456 nemo
1944 4415 2078 4456 ven-

504 4497 601 4552 dat
624 4514 638 4551 :
669 4495 812 4569 quod
840 4496 886 4551 si
914 4494 1152 4550 redditus
1174 4509 1281 4548 non
1311 4492 1493 4557 habet,
1523 4500 1577 4546 et
1602 4492 1777 4561 aliqua
1807 4491 1969 4545 nimia
1995 4506 2084 4546 ne-

2152 611 2468 681 rcbaptizati
2495 609 2563 663 ad
2591 608 2875 664 clericatus
2899 606 3119 676 gradum
3145 618 3587 679 promoveantur.

2153 722 2444 793 Presbyteri
2466 721 2695 793 diaconi,
2723 719 2800 774 vel
2828 719 3022 793 clerici,
3052 719 3136 793 qui
3165 735 3324 793 causa
3351 736 3448 773 sua
3475 721 3543 774 ad
3564 730 3729 793 trans-

2222 788 2423 845 marina
2470 790 2754 861 putaverint
2787 788 3182 859 appellandum,
3224 791 3280 843 in
3317 792 3726 846 communionem

2221 861 2430 914 minime
2456 860 2822 930 suscipiantur.

2223 972 2454 1028 XXVIII.
2499 971 2632 1027 Item
2663 972 2867 1041 placuit
2913 979 2973 1027 ut
3020 972 3342 1043 presbyteri,
3382 973 3614 1041 diaconi,
3646 975 3734 1032 vel

2156 1066 2336 1121 cmteri
2366 1062 2645 1118 inferiores
2684 1062 2883 1126 clerici,
2937 1062 2989 1116 in
3019 1064 3198 1117 causis
3241 1078 3373 1133 quas
3427 1065 3734 1133 habuerint,

2155 1158 2201 1212 si
2246 1156 2313 1210 de
2351 1153 2564 1223 judiciis
2607 1154 2981 1222 episcoporum
3029 1168 3248 1207 suorum
3289 1156 3465 1222 questi
3514 1155 3737 1223 fuerint,

2155 1245 2320 1300 vicini
2347 1243 2584 1315 episcopi
2631 1258 2726 1297 eos
2760 1257 2881 1296 cum
2931 1257 3197 1297 consensu
3243 1245 3324 1298 sui
3369 1247 3608 1315 episcopi
3634 1262 3736 1302 an-

2157 1335 2325 1399 diant,
2356 1341 2412 1388 et
2438 1336 2580 1386 inter
2601 1346 2696 1386 eos
2718 1330 2978 1386 deliniant
3005 1330 3229 1386 adhibiti
3255 1334 3323 1386 ab
3351 1333 3431 1388 eis
3453 1334 3735 1405 episcopi:

2158 1422 2303 1493 quod
2330 1422 2375 1475 si
2397 1429 2451 1475 et
2481 1421 2549 1474 ab
2577 1420 2657 1473 eis
2685 1418 3086 1487 provocandum
3112 1421 3436 1488 putaverint,
3480 1437 3589 1476 non
3612 1438 3743 1492 pro.

2161 1518 2355 1565 vocent
2384 1508 2448 1562 ad
2478 1507 2831 1561 transmarina
2856 1506 3076 1576 judicia,
3107 1508 3200 1563 sed
3229 1508 3295 1562 ad
3318 1510 3571 1578 primates
3608 1526 3742 1566 sua.

2160 1615 2277 1654 rum
2306 1599 2701 1669 provinciarum
2726 1640 2740 1663 ,
2774 1598 2912 1652 sicut
2940 1606 2997 1653 et
3027 1598 3096 1653 de
3134 1600 3401 1668 episcopis
3432 1618 3573 1672 saepe
3602 1618 3742 1658 con-

2163 1690 2405 1743 stitutum
2434 1696 2535 1743 est.
2560 1688 2638 1743 Ad
2665 1690 3019 1743 transmarina
3041 1696 3218 1744 autem
3243 1692 3334 1758 qui
3357 1694 3623 1760 putaverit
3644 1690 3744 1763 ap-

2163 1777 2490 1847 pellendum,
2532 1792 2562 1831 a
2590 1776 2741 1832 nullo
2770 1778 2909 1831 intra
2936 1775 3169 1831 Africam
3198 1779 3264 1833 ad
3306 1782 3745 1837 communionem

2090 1890 2139 1949 Β
2166 1868 2506 1938 suscipiatur.

2168 1980 2230 2036 Si
2258 1981 2368 2051 quis
2397 1979 2864 2034 excommunicatus
2888 1989 3008 2034 ante
3030 1982 3349 2035 audientiam
3369 1986 3746 2039 communicare

2262 2051 2664 2120 pra'sumpserit,
2692 2052 2801 2119 ipse
2830 2053 2884 2103 in
2911 2067 2966 2104 se
2993 2051 3376 2106 damnationem
3404 2056 3636 2123 protulit.

2235 2158 2424 2213 XXIX.
2451 2158 2584 2213 Item
2628 2158 2829 2229 placuit
2875 2160 3125 2215 universo
3164 2161 3391 2217 concilio
3431 2170 3491 2216 ut
3524 2162 3617 2232 qui
3646 2178 3748 2217 ex-

2167 2250 2593 2307 communicatus
2620 2249 2779 2304 fuerit
2822 2266 2920 2320 pro
2949 2266 3046 2305 suo
3075 2252 3340 2320 neglectu,
3380 2253 3493 2308 sive
3534 2253 3748 2323 episco-

2166 2356 2287 2411 pus,
2311 2341 2422 2397 sive
2442 2341 2666 2410 quilibet
2690 2341 2938 2407 clericus,
2966 2351 3021 2397 et
3041 2349 3282 2413 tempore
3309 2346 3749 2399 excommunicao

2170 2433 2330 2487 tionis
2371 2446 2499 2497 suae,
2556 2440 2681 2487 ante
2731 2431 3080 2499 audientiam,
3131 2435 3561 2489 communionem
3610 2451 3751 2505 pne-
3848 2432 3849 2437 “

2169 2522 2497 2591 sumpserit,
2530 2522 2644 2591 ipse
2680 2522 2735 2575 in
2781 2537 2839 2577 se
2866 2522 3223 2579 damnationis
3264 2524 3534 2593 judicetur
3561 2533 3752 2597 protu-

2170 2611 2295 2666 lisse
2316 2612 2665 2666 sententiam.

2552 2722 2630 2777 De
2652 2731 2910 2790 accusata,
2933 2722 3012 2778 vel
3032 2732 3349 2780 accusatore.

2244 2833 2411 2889 XXX.
2454 2835 2587 2890 Item
2625 2834 2823 2906 placuit
2868 2844 2926 2889 ut
2967 2843 3245 2890 accusatus
3276 2834 3359 2890 vel
3388 2838 3743 2893 accusatoria

2173 2939 2241 2980 eo
2270 2925 2388 2979 loco
2428 2924 2568 2978 unde
2615 2931 2698 2978 est
2738 2923 2828 2977 ille
2865 2924 2957 2993 qui
2985 2931 3299 2989 accusatur,
3337 2925 3384 2979 si
3413 2926 3605 2981 metuit
3644 2927 3748 2981 ali-

2173 3029 2334 3083 quam
2381 3014 2487 3067 vim
2545 3012 2844 3067 temerariae
2884 3012 3261 3078 multitudinis,
3311 3014 3487 3068 locum
3516 3016 3617 3070 sibi
3659 3016 3759 3072 eli-

2174 3112 2266 3172 gat
2301 3104 2623 3173 proximum,
2645 3118 2752 3172 quo
2775 3118 2880 3158 non
2902 3103 2971 3158 sit
2993 3102 3208 3159 difficile
3232 3112 3396 3160 testes
3430 3104 3754 3174 perducam.

2177 3192 2266 3246 ubi
2294 3207 2455 3247 causa
2485 3191 2719 3246 ﬁniatur.

2264 3308 2348 3377 qui
2382 3307 2555 3360 clerici
2581 3306 2643 3357 ab
2669 3305 2921 3376 episcopis
2951 3307 3057 3377 suis
3086 3306 3305 3376 promati
3333 3308 3755 3377 contempserint.

2338 3392 2430 3428 nec
2454 3377 2561 3429 illic
2589 3386 2830 3428 maneant
2853 3376 2987 3428 unde
3028 3375 3262 3428 recedere
3290 3375 3583 3430 noluerunt.

2247 3484 2433 3540 XXXI.
2466 3485 2598 3540 Item
2639 3485 2838 3555 placuit
2883 3492 2940 3538 ut
2968 3484 3269 3555 quicunque
3298 3484 3498 3547 clerici,
3528 3484 3615 3537 vel
3639 3484 3763 3537 dia-

2177 3581 2299 3637 coni
2344 3596 2444 3651 pro
2484 3578 2895 3633 necessitatibus
2932 3575 3294 3631 Ecclesiarum
3334 3591 3442 3629 non
3473 3575 3762 3645 obtempe—

2179 3671 2414 3726 raverint
2451 3669 2718 3740 episcopis
2746 3668 2877 3733 suis,
2926 3666 3227 3722 volentibus
3271 3681 3367 3721 eos
3396 3666 3463 3720 ad
3491 3665 3764 3721 honorem

2181 3763 2497 3832 ampliorem
2537 3762 2590 3816 in
2621 3776 2715 3814 sua
2745 3758 2985 3814 Ecclesia
3012 3772 3331 3827 promovere
3354 3797 3369 3821 ,
3402 3773 3500 3811 nec
3528 3757 3637 3813 illic
3655 3758 3765 3813 mi-

2183 3853 2411 3907 nistrent
2436 3853 2488 3906 in
2518 3851 2685 3921 gradu
2713 3866 2812 3905 suo
2848 3848 2987 3903 unde
3016 3847 3270 3902 recedere
3296 3847 3602 3901 noluerunt.

2182 3965 2244 4021 Si
2266 3966 2379 4036 quis
2407 3964 2708 4017 clericorum
2736 3978 2932 4083 patiper
2955 3968 3214 4030 promotus
3243 3960 3293 4012 in
3341 3959 3538 4019 ordine,
3576 3970 3769 4028 postea

2313 4033 2545 4083 habuerit
2575 4031 2789 4083 aliauid.
2862 4030 3062 4083 cclesia:
3085 4030 3320 4083 potestati
3350 4029 3631 4083 subiaceat.

2313 4033 2545 4088 habuerit
2575 4029 2789 4103 aliquid,
2815 4029 3062 4084 Ecclesia:
3082 4030 3320 4100 potestati
3350 4029 3631 4099 subjaceat.

2254 4148 2473 4203 XXXII.
2510 4149 2645 4203 Item
2694 4146 2898 4216 placuit
2926 4153 2985 4199 ut
3011 4144 3270 4214 episcopi,
3297 4143 3617 4213 presbyteri,
3648 4142 3775 4198 dia-

2183 4242 2326 4306 coni,
2354 4240 2441 4295 vel
2469 4240 2769 4309 quicunque
2805 4236 3010 4303 clerici,
3051 4236 3147 4305 qui
3174 4235 3305 4289 nihil
3333 4234 3591 4289 habentes
3611 4234 3770 4288 ordi-

2185 4338 2399 4395 nantur,
2452 4337 2508 4384 et
2554 4335 2797 4397 tempore
2841 4326 3179 4395 episcopatus
3217 4323 3302 4379 vel
3351 4323 3638 4378 clericatus
3676 4322 3771 4376 sui

2186 4434 2363 4489 agros,
2407 4420 2493 4474 vel
2520 4432 2849 4488 quaecunque
2886 4416 3102 4487 praedia,
3137 4415 3352 4470 nomine
3398 4430 3495 4469 suo
3523 4399 3759 4483 compa-

2185 4518 2326 4574 rant,
2376 4518 2629 4579 tanquam
2660 4523 2839 4562 rerum
2885 4506 3270 4561 dominicarum
3317 4505 3606 4559 invasionis
3654 4504 3774 4559 cri-

504 4588 730 4643 cessitas
757 4586 922 4655 cogit,
965 4585 1106 4640 hanc
1133 4583 1503 4639 insinuandam
1547 4596 1667 4638 esse
1712 4582 1926 4651 primati
1956 4597 2070 4651 pro-

2188 4600 2327 4653 mine
2358 4606 2661 4661 teneantur,
2704 4596 2807 4651 nisi
2850 4595 3108 4650 admoniti
3150 4594 3203 4648 in
3229 4593 3525 4649 Ecclesiam
3565 4593 3771 4649 eadem

506 4674 696 4731 vincia:
724 4675 911 4746 ipsius,
950 4682 1011 4728 ut
1040 4687 1161 4728 cum
1202 4679 1405 4726 statuto
1445 4685 1670 4725 numero
1707 4670 2080 4739 episcoporum

509 4777 687 4824 utrum
719 4765 1017 4822 faciendum
1047 4765 1117 4820 sit
1144 4764 1456 4819 arbitretur.
1488 4761 1641 4830 Quod
1670 4762 1715 4816 si
1746 4770 1892 4815 tanta
1931 4769 2085 4829 urget

510 4858 803 4913 necessitas
827 4854 1097 4920 Ecclesiae,
1154 4860 1211 4908 ut
1254 4870 1362 4908 non
1410 4853 1582 4923 possit
1633 4859 1757 4905 ante
1778 4850 2079 4916 consulere,

508 4948 700 5003 saltem
724 4946 931 5001 vicinos
956 4951 1123 5000 testes
1151 4951 1413 4998 convocet
1449 4942 1750 5012 episcopos,
1798 4955 1991 4995 curans
2017 4939 2083 4994 ad

509 5034 797 5091 concilium
823 5048 1010 5088 omnes
1048 5032 1250 5086 referre
1287 5046 1397 5086 sua:
1418 5029 1667 5085 Ecclesiae
1695 5028 2042 5083 necessitates
2067 5045 2079 5080 :

509 5126 655 5195 quod
683 5127 728 5181 si
758 5142 864 5181 non
888 5124 1096 5193 fecerit,
1125 5139 1250 5178 reus
1277 5122 1409 5189 Deo,
1458 5130 1515 5177 et
1562 5122 1790 5179 concilio
1819 5121 2081 5187 venditor,

508 5216 718 5272 honore
745 5216 964 5281 amisso,
994 5221 1258 5269 teneatur.

510 5354 807 5426 Presbyteri
846 5362 896 5408 et
933 5352 1140 5408 diaconi
1176 5353 1231 5407 in
1265 5352 1513 5426 graviore
1529 5352 1680 5421 culpa
1709 5354 1922 5405 conticti
1967 5368 2085 5426 ma-

582 5421 1098 5509 nus'impositionem,
1122 5421 1366 5494 tanquam
1392 5421 1533 5486 laici,
1574 5438 1889 5493 nequaquam
1923 5422 2086 5475 susci—

580 5504 747 5565 piant.

583 5604 777 5661 XXVII
828 5605 961 5660 Item
990 5605 1368 5661 confirmatum
1419 5611 1501 5658 est
1527 5610 1585 5657 nt
1629 5602 1674 5657 si
1702 5601 1914 5672 quando
1940 5616 2090 5671 pres-

514 5697 687 5769 byteri
715 5697 800 5752 vel
830 5697 1043 5753 diaconi
1091 5696 1145 5749 in
1176 5694 1354 5763 aliqua
1399 5693 1631 5764 graviori
1676 5692 1832 5763 culpa
1860 5692 2091 5748 convicti

511 5785 730 5854 fuerint,
779 5802 885 5857 qua
913 5802 1007 5842 eos
1036 5801 1066 5839 a
1094 5784 1391 5840 ministerio
1441 5797 1661 5838 necesse
1701 5782 1771 5837 sit
1802 5780 2091 5848 removeri,

515 5889 624 5933 non
649 5877 728 5934 eis
765 5891 973 5945 manus,
1005 5883 1257 5948 tanquam
1288 5873 1688 5947 paenitentibus.
1721 5870 1805 5930 vel
1834 5877 2090 5942 tauquam

2186 4692 2302 4761 ipsa
2329 4690 2673 4746 contulerint.
2705 4688 2761 4744 Si
2790 4696 2968 4742 autem
3005 4687 3133 4755 ipsis
3161 4687 3379 4756 proprie
3404 4686 3605 4756 aliquid
3631 4687 3777 4741 Iibe-

2184 4782 2397 4836 ralitate
2422 4780 2646 4850 alicujus
2678 4778 2763 4834 vel
2806 4777 3145 4833 successione
3173 4777 3505 4845 cognationis
3526 4777 3777 4830 obvene-

2183 4872 2274 4939 rit,
2319 4871 2515 4926 faciant
2567 4870 2692 4925 inde
2735 4869 2877 4938 quod
2919 4883 3106 4923 eorum
3154 4868 3432 4937 proposito
3467 4868 3771 4935 congruit:

2184 4963 2327 5033 quod
2373 4963 2419 5018 si
2462 4977 2492 5016 a
2521 4978 2620 5018 suo
2657 4961 2935 5031 proposito
2981 4968 3276 5017 retrorsum
3320 4959 3775 5025 exorbitaverint,

2188 5054 2393 5108 honore
2421 5051 2789 5108 ecclesiastico
2817 5050 3040 5119 indigni,
3069 5058 3323 5118 tanquam
3359 5047 3597 5117 reprobi,
3620 5048 3778 5118 judi-

2189 5152 2397 5199 CCIIIIII'.

2194 5254 2261 5310 Ut
2287 5255 2568 5327 presbyteri
2601 5272 2713 5327 rem
2727 5252 2975 5327 Ecclesia:
3014 5254 3089 5327 in“
3110 5270 3209 5325 qua
3230 5261 3349 5306 sunt
3378 5253 3641 5327 constituti
3665 5269 3775 5327 non

2260 5323 2503 5395 vendant,
2549 5335 2597 5378 et
2626 5325 2753 5379 nulli
2782 5325 3017 5395 episcopo
3056 5323 3206 5377 liceat
3233 5338 3342 5376 rem
3369 5323 3505 5375 tituli
3534 5323 3775 5375 metricis

2261 5394 2510 5449 Ecclesia:
2536 5411 2807 5463 usurpare.

2259 5507 2495 5562 XXXIII.
2528 5508 2660 5562 Item
2710 5507 2909 5577 placuit
2950 5513 3008 5560 ut
3053 5505 3355 5577 presbyteri
3399 5520 3506 5558 non
3534 5502 3794 5559 vendant.

2189 5614 2305 5655 rem
2333 5598 2585 5654 Ecclesia:
2614 5598 2700 5652 ubi
2747 5605 2874 5652 sunt
2912 5596 3208 5662 constituti,
3265 5595 3634 5650 nescientibus
3654 5597 3795 5663 cpi-

2191 5692 2368 5761 scopis
2388 5690 2519 5753 suis,
2545 5689 2817 5758 quomodo
2846 5696 2901 5744 et
2937 5688 3205 5758 episcopis
3247 5701 3352 5741 non
3383 5686 3510 5740 licet
3535 5684 3802 5742 vendere

2193 5781 2388 5851 praedia
2418 5778 2692 5845 Ecclesiae,
2722 5780 3004 5849 ignorante
3038 5778 3290 5844 concilio,
3330 5778 3418 5833 vel
3445 5778 3807 5850 presbyteris

2195 5870 2323 5928 suis.
2373 5868 2489 5928 Non
2528 5869 2759 5927 habente
2799 5859 2895 5936 [F.
2930 5867 3172 5941 habenti]
3211 5881 3343 5941 ergo
3372 5869 3811 5936 necessitatem,
