3988 6344
178 246 280 303 193

1149 237 1373 293 CODEX
1410 236 1739 293 CANONUM
1778 236 2479 297 ECCLESIASTICORUM.

3346 243 3448 302 ἴθι

172 375 275 418 nec
307 359 561 431 episcopo
601 355 766 411 liceat
800 351 1036 408 matricis
1077 350 1360 419 Ecclesiae,
1406 366 1505 407 nec
1535 351 1763 422 presby-
1793 356 1843 414 Α
1869 351 2060 419 viario,
2091 350 2236 420 quod
2264 350 2579 420 decerptum
2606 358 2692 407 est
2729 350 2797 406 de
2834 351 3063 408 concilio
3096 350 3446 423 Hipponensi,

170 464 291 507 tero
318 463 446 505 rem
477 448 616 503 tituli
651 446 733 500 sui
762 459 1041 514 usurpare.

240 539 490 594 Recitata
517 544 643 592 sunt
670 536 835 590 etiam
865 535 918 588 in
945 535 1046 588 ista
1068 533 1275 605 synodo
1297 533 1510 587 diversa
1532 532 1762 587 concilia

172 631 438 685 universa:
485 627 775 699 provincize
818 624 1042 691 Africae,
1098 624 1384 679 transactis
1431 623 1763 694 temporibus

171 724 378 779 Aurelii
408 720 852 790 Carthaginensis
880 720 1123 790 episcopi
1153 719 1439 773 celebrata.

314 812 397 867 De
426 812 642 868 concilio
667 810 807 882 quod
831 809 1076 880 Hippone
1108 808 1267 880 Regio
1298 811 1489 880 factum
1520 818 1614 861 est.

239 908 645 963 Gloriosissimo
692 906 1020 975 imperatore
1059 888 1363 961 Theodosio
1404 902 1645 970 Augusto
1675 899 1760 967 III,

171 1009 223 1055 et
251 997 597 1054 Abundantio
617 1012 669 1051 v.
699 1011 775 1064 c.,
806 1010 897 1050 vm
928 993 1046 1048 idus
1078 992 1348 1064 Octobris,
1381 989 1632 1062 Hippone
1655 991 1762 1046 Re-

170 1090 280 1159 gio,
334 1088 387 1142 in
424 1086 716 1141 secretario
743 1084 982 1140 basilica
1028 1083 1196 1153 pacis,
1245 1078 1309 1137 ei
1341 1091 1552 1137 cetera.
1598 1078 1762 1136 Gesta

171 1182 337 1251 hujus
366 1180 580 1236 concilii
610 1177 732 1234 ideo
769 1176 1039 1247 descripta
1070 1189 1178 1231 non
1206 1181 1351 1242 sunt,
1375 1176 1501 1243 quia
1532 1188 1615 1238 ea,
1646 1187 1765 1242 quae

173 1274 244 1327 ibi
274 1279 478 1326 statuta
504 1277 629 1326 sunt
658 1270 711 1323 in
734 1267 1101 1339 superioribus
1128 1266 1431 1336 probantur
1458 1265 1678 1319 inserta.

172 1386 253 1442 De
281 1387 505 1441 concilio
531 1382 947 1452 Carthaginensi,
973 1378 1065 1452 ubi
1101 1377 1264 1452 legati
1286 1379 1516 1452 episcopi
1543 1393 1765 1449 procon-

266 1458 468 1511 sulares
492 1454 562 1507 ad
600 1449 871 1508 concilium
898 1451 1292 1503 Adrumelinum
1316 1449 1661 1500 destinantur.

240 1544 657 1601 Gloriosissimis
680 1540 1096 1612 imperatoribus
1119 1538 1348 1592 Arcadio
1387 1536 1451 1590 III
1492 1544 1548 1591 et
1583 1535 1765 1591 Hono-

174 1640 255 1695 rio
284 1638 331 1694 ΙΙ
389 1639 560 1708 Augg.
610 1651 812 1700 conss.,
859 1650 910 1688 vi
959 1632 1061 1689 cal.
1092 1630 1279 1697 Julias,
1329 1629 1672 1699 Carthagine.
1704 1631 1762 1686 In

1856 441 1999 495 nihil
2030 441 2358 495 arbitramur
2383 456 2502 497 esse
2529 442 2944 507 emendandum,
2988 443 3075 498 vel
3103 444 3451 513 assuendum,

1866 531 1967 586 nisi
2014 538 2074 585 ut
2099 530 2214 586 dies
2250 539 2451 586 sanctae
2480 529 2695 586 Pascha:
2742 539 2987 600 tempore
3029 532 3244 587 concilii
3288 531 3452 587 inno-

1866 629 2011 676 tesca
2020 629 2059 674 ι.

1871 707 1938 763 Ut
1968 710 2215 781 episcopi,
2256 711 2335 765 uel
2376 711 2574 777 clerici,
2602 729 2709 794 non
2730 712 2892 794 facile
2930 714 3067 783 filios
3105 730 3227 767 suos
3266 732 3449 770 eman-

2568 792 2757 852 cipent.

1936 869 2152 927 XXXV.
2189 868 2257 927 Ut
2298 874 2561 945 episcopi,
2607 874 2693 929 vel
2740 874 2943 939 clerici,
2976 875 3116 931 filios
3140 890 3269 930 suos
3294 892 3323 928 a
3352 891 3453 933 sua

1867 970 2138 1031 potestate
2165 979 2261 1033 per
2282 965 2768 1035 emancipationem
2798 966 2947 1020 exire
2976 981 3084 1021 non
3110 965 3323 1032 sinant,
3349 968 3454 1022 nisi

1867 1051 1936 1106 de
1962 1053 2201 1108 moribus
2221 1068 2406 1108 eorum
2437 1055 2654 1116 fuerint,
2674 1063 2729 1109 et
2751 1056 2817 1110 de
2838 1062 2997 1111 (etate
3024 1057 3222 1123 securi,
3253 1064 3310 1111 ut
3335 1072 3457 1127 pos-

1867 1140 1973 1195 sint
1992 1141 2060 1195 ad
2088 1158 2184 1198 eos
2206 1145 2316 1212 jam
2340 1145 2556 1215 propria
2588 1146 2861 1214 pertinere
2886 1156 3130 1215 peccata.

1872 1248 1942 1303 Ut
1966 1251 2213 1322 episcopi,
2229 1253 2305 1308 vel
2327 1254 2524 1321 clerici,
2546 1272 2649 1309 non
2673 1255 2996 1324 ordinentur,
3020 1258 3122 1312 nisi
3134 1274 3310 1313 omnes
3330 1274 3452 1313 suos

2368 1327 2583 1395 fecerint
2612 1324 2956 1381 Christianos.

1939 1409 2177 1467 XXXVI.
2212 1412 2280 1468 Ut
2307 1414 2566 1484 episcopi,
2598 1423 2653 1469 et
2680 1415 3001 1486 presbyteri,
3032 1423 3088 1471 et
3107 1415 3318 1473 diaconi
3342 1434 3454 1474 non

1867 1502 2203 1570 ordinentur,
2236 1505 2543 1573 priusquam
2573 1521 2781 1571 omnes,
2807 1507 2899 1575 qui
2940 1514 3067 1562 sunt
3093 1508 3147 1562 in
3169 1508 3330 1564 domo
3358 1525 3455 1565 eo-

1866 1608 2005 1658 rum,
2036 1592 2375 1649 Christianos
2404 1580 2702 1652 catholicos
2732 1596 2977 1653 fecerint.

174 1732 283 1787 hoc
324 1690 556 1787 concilio
578 1727 743 1796 legati
772 1690 967 1782 delecti
996 1732 1121 1781 sunt
1148 1724 1387 1795 episcopi
1416 1725 1766 1794 proconsula-
1796 1690 1843 1750 Β
1872 1701 2023 1769 Qu"d
2050 1716 2240 1776 Ρνίείεν
2268 1723 2479 1796 autem;
2506 1717 2789 1796 ἒεξίηέζειπι
2810 1711 3039 1796 ,ωξσξιαηξ
3066 1726 3221 1782 σφων
3248 1711 3376 1767 ηυιίλ
3402 1713 3460 1768 ίιι

174 1837 261 1875 res
288 1820 359 1875 ad
389 1819 683 1875 concilium
712 1817 1143 1871 Adrumetinum.

175 1909 254 1964 De
283 1910 505 1965 concilio
536 1908 955 1979 Carthaginensi,
998 1907 1085 1961 ubi
1116 1906 1280 1960 multa
1319 1914 1440 1960 sunt
1464 1907 1761 1961 constituta.

242 2001 483 2057 Ctesario
526 2008 580 2054 et
608 1999 784 2052 Attico
833 2013 917 2051 vv.
948 2012 1031 2051 cc.
1063 2012 1275 2065 conss.,
1316 1997 1506 2066 quinto
1532 1998 1637 2052 cal.
1663 1996 1765 2050 Se-

173 2092 460 2165 ptembris,
482 2088 809 2158 Carthagine
831 2088 884 2141 in
906 2087 1198 2142 secretario
1220 2087 1456 2142 basilica:
1485 2087 1765 2154 restitutze,

172 2200 295 2241 cum
327 2181 583 2237 Aurelius
629 2179 915 2250 episcopus
960 2192 1067 2231 una
1115 2192 1237 2232 cum
1275 2176 1541 2245 episcOpis
1570 2190 1765 2230 conse-

171 2277 341 2331 disset
364 2316 379 2339 ,
414 2272 714 2327 astantibus
762 2270 924 2324 etiam
956 2266 1307 2329 diaconibus,
1354 2265 1767 2321 advenientibus

172 2380 393 2438 quoque
420 2364 639 2419 Victore
666 2376 797 2417 sene
826 2359 1218 2431 Puppianense,
1252 2356 1392 2413 Tuto
1420 2357 1762 2427 Migirpense,

173 2454 449 2524 Evangelo
479 2453 814 2507 Assuritano.

174 2545 432 2599 Allocutio
492 2542 563 2596 ad
620 2542 885 2612 episcopos
935 2539 1130 2622 Aurelii
1180 2538 1605 2610 Carthaginensis
1651 2541 1765 2613 epi-

888 2627 1050 2664 εεουι.

888 2628 943 2664 sc
1014 2628 1050 2663 ι.

244 2704 501 2760 Aurelius
539 2702 824 2772 episcOpus
849 2628 1022 2755 dixiotp:
1056 2698 1188 2755 Post
1224 2700 1365 2757 diem
1407 2704 1763 2771 pnnstitutam

172 2794 389 2851 concilii
418 2792 778 2856 consedimus,
832 2800 889 2844 ut
914 2790 1297 2855 recordamini,
1343 2791 1534 2846 fratres
1560 2792 1764 2847 beatis—
1816 2856 1819 2861 _

174 2885 389 2951 simi,et
414 2883 810 2938 arbitrabamur
824 2882 1065 2936 omnium
1088 2882 1487 2950 provinciarum
1511 2898 1609 2951 per
1621 2882 1762 2937 Afri-

172 2992 293 3030 cam
323 2974 627 3042 legationes
654 2973 974 3027 convenisse
1001 2972 1071 3027 ad
1098 2973 1260 3036 diem,
1306 2981 1365 3026 ut
1398 2972 1530 3039 dixi,
1556 2975 1765 3043 praisti-

2279 1780 2620 1830 sacramentis
2643 1779 2820 1846 offerri
2850 1779 3047 1833 debeat.

1936 1864 2202 1921 XXXVII.
2237 1864 2306 1921 Ut
2338 1868 2390 1921 in
2431 1869 2783 1923 sacramentis
2831 1870 3077 1939 corporis
3105 1878 3160 1925 et
3187 1873 3460 1942 sanguinis

1871 1954 2080 2012 Domini
2108 1958 2240 2012 nihil
2263 1958 2495 2033 amplius
2536 1957 2812 2025 offeratur,
2843 1975 3004 2030 quam
3034 1961 3176 2029 quod
3208 1963 3321 2033 ipse
3347 1962 3458 2017 Do-

1867 2048 2045 2103 minus
2068 2052 2429 2119 tradidit,hoc
2450 2058 2534 2107 est
2562 2052 2733 2122 panis,
2753 2060 2809 2107 et
2822 2053 3004 2107 vinum
3034 2068 3169 2122 aqua
3200 2055 3455 2108 mixtum:

1868 2139 2116 2211 primitias
2139 2156 2291 2204 vero,
2338 2155 2433 2195 seu
2464 2140 2590 2205 mel,
2623 2149 2681 2195 et
2708 2141 2809 2207 Iac,
2837 2140 2982 2211 quod
3010 2156 3118 2197 uno
3144 2142 3233 2198 die
3260 2144 3461 2199 solem-

1867 2232 2090 2287 nissimo
2120 2233 2173 2287 in
2204 2232 2465 2287 infantum
2493 2234 2751 2305 mysterio
2796 2233 2938 2288 solet
2967 2232 3149 2288 offerri
3168 2273 3183 2299 ,
3214 2236 3459 2304 quamvis

1867 2321 1925 2376 in
1961 2319 2120 2374 altari
2149 2318 2473 2388 oderantur,
2518 2336 2671 2376 suam
2713 2328 2891 2375 tamen
2920 2320 3155 2376 habeant
3184 2324 3457 2392 propriam

1868 2412 2323 2475 benedictionem,
2374 2421 2489 2466 uta
2514 2420 2854 2468 sacramento
2899 2412 3169 2467 dominico
3213 2413 3461 2484 corporis

1869 2512 1927 2559 et
1953 2505 2228 2571 sanguinis
2254 2503 2670 2572 distinguantur,
2713 2518 2813 2558 nec
2859 2504 3088 2574 amplius
3127 2504 3181 2558 in
3210 2505 3460 2575 primitiis

1867 2594 2126 2650 oileratur
2154 2609 2316 2663 quam
2347 2594 2414 2649 de
2444 2594 2563 2648 uvis
2590 2601 2647 2649 et
2677 2594 2981 2649 frumentis.

1872 2708 1939 2764 Ut
1967 2709 2159 2774 clerici,
2191 2708 2268 2762 vel
2294 2710 2634 2772 continentes,
2654 2708 2728 2830 2d
2754 2706 2998 2778 virgines,
3022 2706 3101 2761 vel
3127 2692 3327 2773 viduas,
3352 2724 3457 2763 non

2532 2794 2652 2830 ecce
2690 2786 2801 2830 aut.

2532 2786 2801 2831 accedant.

1940 2868 2220 2924 XXXVIII.
2251 2869 2468 2938 Clerici,
2509 2870 2593 2924 vel
2625 2868 2985 2935 continentes,
3035 2868 3103 2923 ad
3134 2870 3342 2937 viduas,
3370 2869 3458 2927 vel

1866 2962 2101 3030 virgines
2128 3002 2143 3029 ,
2195 2963 2296 3018 nisi
2335 2979 2402 3017 ex
2444 2961 2597 3032 jussu
2637 2962 2722 3015 vel
2769 2962 3035 3031 permissu
3082 2960 3459 3037 episcoporum

172 3074 344 3119 mum
378 3064 551 3119 ηοειιιί
581 3071 878 3129 tractatus;
905 3062 999 3120 sed
1028 3078 1151 3117 cum
1176 3062 1519 3119 sacerdotum
1549 3075 1764 3120 nostra.
1791 3063 1837 3126 ο
1868 3064 1960 3107 aut
1987 3054 2425 3124 presbyterorum
2449 3068 2555 3107 non
2576 3052 2839 3107 accedant
2867 3068 2883 3102 :
2914 3059 2969 3106 et
2990 3052 3094 3105 hoc
3118 3066 3228 3105 non
3255 3050 3355 3105 soli
3373 3049 3459 3105 fa-

172 3174 291 3213 rum
320 3156 552 3227 epistola
581 3156 983 3227 Byzacenorum
1011 3155 1201 3211 fuisset
1228 3157 1473 3223 recitata,
1525 3158 1607 3211 vel
1636 3158 1765 3226 quid

171 3264 386 3305 meum
416 3248 577 3302 iidem
600 3248 692 3316 qui
725 3256 936 3316 tempus
977 3256 1034 3301 et
1080 3246 1222 3300 diem
1254 3247 1464 3302 concilii
1492 3262 1765 3317 praevene-

172 3350 317 3409 rant,
352 3348 699 3406 tractassem,
746 3347 939 3394 vestrae
976 3338 1229 3393 charitati
1275 3338 1576 3407 legeretur,
1626 3340 1763 3396 lecta

171 3443 251 3488 est
279 3432 446 3487 etiam
474 3446 507 3484 a
532 3431 788 3485 fratribus
816 3428 1094 3485 Honorato
1115 3438 1172 3483 et
1200 3429 1437 3495 Urbano,
1459 3432 1549 3501 qui
1576 3431 1763 3485 nobis-

170 3539 294 3578 cum
330 3521 493 3577 hodie
515 3521 802 3577 concilium
833 3521 1244 3590 participantur,
1275 3520 1474 3588 legatio
1495 3519 1762 3576 Sitifensis

171 3614 464 3685 provincia:
489 3612 773 3668 destinata.
807 3611 998 3666 Frater
1026 3613 1187 3666 etiam
1231 3611 1468 3680 Reginus
1506 3610 1763 3667 Ecclesiae

172 3704 333 3774 Vegei
363 3705 620 3761 Selitana:
653 3706 861 3759 litteras
884 3707 901 3723 ¹
925 3703 993 3759 ad
1034 3705 1355 3775 parvitatem
1395 3693 1570 3759 meam
1607 3705 1764 3761 datas

170 3796 545 3854 Crescentiani
574 3797 759 3867 primm
784 3796 946 3861 sedis,
978 3805 1037 3850 ut
1065 3796 1178 3866 ipse
1206 3797 1462 3864 insinuat,
1488 3797 1761 3851 Numidia-

168 3908 308 3957 nun,
334 3898 393 3947 et
412 3889 637 3955 Aurelii,
665 3890 1108 3959 coepiscoporum
1136 3898 1463 3956 nostrorum,
1487 3891 1539 3944 in
1569 3891 1763 3959 quibus

166 3984 389 4055 scriptis
411 3990 595 4037 vestra
617 3997 824 4037 mecum
844 3982 1082 4037 cliaritas
1097 3981 1436 4052 recognoscit
1450 3982 1763 4051 promisisse

166 4074 416 4136 eosdem,
445 4072 590 4143 quod
619 4081 712 4127 aut
756 4073 858 4142 ipsi
902 4074 1250 4141 dignarentur
1298 4074 1500 4139 venire,
1552 4084 1646 4129 aut
1692 4075 1762 4130 ad

162 4164 267 4219 hoc
296 4162 594 4220 concilium
626 4161 850 4217 fuissent
874 4177 942 4216 ex
982 4176 1134 4217 more
1162 4161 1481 4217 destinaturi
1511 4163 1717 4233 legatos
1742 4182 1755 4216 :

162 4254 256 4308 sed
286 4255 397 4308 hoc
425 4254 552 4321 quia
579 4252 801 4307 minime
826 4252 1026 4308 factum
1056 4253 1291 4319 videtur,
1321 4253 1412 4307 diu
1442 4269 1501 4309 se
1529 4254 1759 4310 detineri

165 4348 227 4399 de
253 4342 557 4412 longinquo
584 4343 865 4397 venientes
912 4343 1071 4412 legati
1114 4342 1446 4398 Mauritania:
1494 4344 1765 4400 Sitifensis

1867 3144 2032 3207 ciant,
2061 3143 2155 3198 sed
2197 3158 2318 3197 cum
2349 3143 2686 3208 conclericis,
2734 3142 2822 3197 vel
2854 3157 2975 3198 cum
3002 3143 3085 3198 his
3112 3159 3235 3197 cum
3263 3144 3460 3212 quibus

1867 3235 2156 3305 episcopus
2186 3243 2279 3289 aut
2317 3236 2600 3306 presbyter
2633 3234 2876 3303 jusserit,
2923 3251 3028 3291 nec
3074 3236 3174 3305 ipsi
3214 3238 3453 3306 episcopi

1868 3333 1921 3378 et
1963 3325 2262 3395 presbyteri
2292 3325 2393 3379 soli
2438 3325 2675 3379 habeant
2716 3339 2993 3380 accessum
3039 3326 3105 3379 ad
3151 3325 3458 3393 hujusmodi

1867 3415 2091 3470 feminas
2113 3456 2128 3481 ,
2161 3415 2256 3470 sed
2282 3416 2372 3471 ubi
2404 3424 2497 3470 aut
2522 3410 2702 3471 clerici
2732 3423 3026 3485 przesentes
3049 3423 3194 3481 sunt,
3222 3425 3314 3469 aut
3330 3430 3457 3482 gra-

1865 3521 1959 3561 ves
1986 3507 2147 3575 aliqui
2173 3505 2484 3560 Christiani.

1933 3596 2002 3652 Ut
2025 3600 2260 3666 princeps
2281 3598 2606 3651 sacerdotum
2635 3612 2738 3650 non
2770 3597 3057 3666 appelletur
3099 3612 3388 3669 episcopus.

1933 3686 2177 3742 XXXIX.
2215 3686 2283 3742 Ut
2324 3687 2509 3757 primae
2538 3686 2683 3743 sedis
2708 3687 2995 3758 episcopus
3018 3704 3124 3743 non
3155 3689 3456 3759 appelletur

1863 3781 2116 3853 princeps
2168 3780 2545 3845 sacerdotum,
2600 3788 2692 3835 ant
2736 3794 2978 3835 summus
3029 3781 3311 3846 sacerdos,
3360 3789 3456 3836 aut

1863 3873 2067 3943 aliquid
2114 3870 2423 3942 huiusmodi
2453 3911 2469 3937 ,
2508 3871 2604 3927 sed
2651 3877 2864 3926 tantum
2916 3872 3105 3941 prima:
3148 3871 3291 3926 sedis
3333 3872 3453 3941 epi-

1862 3982 2078 4038 scapus.

1867 4078 1936 4136 Ut
1975 4078 2148 4134 clerici
2188 4078 2463 4144 tabernas,
2524 4077 2626 4199 ndisi
2661 4077 2715 4198 i‘n
2754 4076 3073 4149 peregrinis,
3125 4091 3228 4130 non
3273 4077 3454 4149 ingre-

2577 4162 2662 4199 tan
2690 4163 2772 4199 ur.

2577 4155 2772 4201 tantur.

1930 4238 2044 4294 XL.
2077 4238 2148 4294 Ut
2168 4237 2369 4304 clerici,
2399 4236 2593 4292 edendi
2619 4238 2704 4292 vel
2733 4237 2950 4293 bibendi
2982 4252 3168 4303 causa,
3199 4236 3453 4293 tabernas

1860 4347 1971 4388 non
2028 4329 2397 4427 ingrediaantur
2420 4371 2436 4398 ,
2483 4329 2585 4385 nisi
2631 4329 3081 4399 peregrinationis
3132 4327 3454 4386 necessitate

162 4450 266 4489 non
290 4448 460 4504 posse
490 4440 777 4498 testantur;
797 4441 853 4487 et
880 4433 1025 4497 ideo,
1050 4431 1263 4499 fratres,
1290 4433 1334 4488 si
1363 4442 1555 4489 vestrae
1582 4435 1761 4489 Chari-
1790 4433 1837 4492 D
1863 4422 2145 4493 οοῐηρυιδῖ·

160 4524 256 4577 tati
286 4522 538 4587 videtur,
583 4521 776 4577 litterae
819 4520 1044 4577 fratrum
1090 4533 1399 4578 nostrorum
1447 4522 1756 4594 Byzaceno-

159 4630 300 4679 rum,
331 4612 431 4669 sed
460 4622 519 4668 et
543 4613 892 4680 breviarium,
919 4612 1064 4682 quod
1093 4612 1269 4668 eidem
1299 4612 1543 4683 epistola:
1572 4612 1758 4682 adjun-

159 4715 382 4770 serunt,
434 4706 502 4760 ad
528 4705 672 4760 hunc
701 4713 899 4761 coetum
948 4714 1292 4775 corrogatum
1321 4706 1589 4774 legantur,
1622 4714 1679 4760 ut
1709 4708 1755 4761 si

155 4813 259 4865 qua
290 4796 438 4851 forte
464 4796 574 4852 illic
596 4811 815 4851 movere
843 4796 1121 4853 charitatis
1140 4805 1331 4853 vestra:
1360 4797 1597 4851 animum
1628 4812 1754 4867 pos-

154 4896 301 4949 sunt,
359 4886 416 4939 in
464 4884 657 4940 eodem
711 4885 978 4940 breviario
1029 4901 1148 4955 qua:
1197 4885 1504 4954 diligentius
1556 4886 1756 4943 fuerint

156 4978 571 5043 animadversa,
590 4977 643 5031 in
672 4976 862 5031 melius
892 4975 1277 5032 reformentur.
1310 4975 1425 5033 [loc
1469 4979 1609 5033 enim
1640 4977 1749 5033 fra-

156 5081 239 5125 ter
266 5080 326 5125 et
354 5070 713 5141 coepiscopus
732 5078 917 5126 noster
938 5070 1123 5140 prima:
1143 5070 1304 5137 sedis,
1330 5071 1413 5125 vir
1440 5081 1754 5141 perspectus

157 5163 357 5216 merito
406 5176 519 5215 sua:
562 5161 841 5229 gravitatis
884 5170 1046 5229 atque
1093 5160 1426 5230 prudentiae,
1493 5159 1752 5216 Mizonius

152 5254 405 5307 scribens
432 5252 498 5305 ad
520 5267 695 5306 meam
723 5251 1040 5321 parvitatem
1066 5251 1377 5321 postulavit.
1405 5248 1461 5306 Si
1486 5266 1615 5322 ergo
1637 5252 1752 5322 pla-

154 5350 263 5405 cet,
284 5355 411 5409 qua:
445 5349 672 5395 tractata
729 5348 854 5396 sunt
880 5341 1146 5410 legantur,
1196 5348 1251 5397 et
1278 5342 1483 5413 singula
1514 5358 1545 5397 a
1574 5352 1751 5399 vestra

152 5431 428 5484 diaritate
455 5430 887 5485 considerentur.

152 5516 309 5584 Quod
348 5519 485 5573 nihil
527 5519 592 5572 de
631 5517 957 5593 Hippanensi
986 5521 1206 5578 concilio
1238 5524 1311 5578 sit
1346 5522 1749 5581 emendandum.

222 5605 474 5665 XXXIV.
505 5604 799 5679 Epigonius
847 5611 1129 5681 episcopus
1167 5611 1339 5668 dixit:
1372 5611 1430 5667 In
1474 5612 1580 5670 hoc
1623 5614 1749 5669 bre-

2084 4513 2154 4569 Ut
2180 4531 2212 4568 a
2245 4514 2433 4585 jejunis
2464 4514 2569 4569 Deo
2597 4514 2859 4584 sacrificia
2885 4513 3224 4568 celebrentur.

1929 4604 2068 4659 XLI.
2102 4604 2174 4661 Ut
2202 4614 2536 4661 sacramenta
2568 4604 2751 4659 altaris
2779 4620 2887 4660 non
2914 4604 3017 4659 nisi
3046 4620 3075 4659 a
3117 4604 3315 4675 jejunis
3342 4604 3447 4660 ho-

1859 4694 2095 4750 minibus
2133 4694 2495 4761 celebrentur,
2536 4700 2765 4762 excepto
2794 4707 2902 4747 uno
2940 4692 3028 4749 die
3056 4694 3447 4762 anniversario,

1861 4802 1969 4869 quo
1990 4794 2144 4842 anna
2173 4784 2386 4840 Domini
2410 4784 2752 4849 celebratur;
2784 4797 2907 4837 nam
2944 4784 2989 4838 si
3021 4785 3321 4854 aliquorum
3349 4799 3450 4854 po-

1864 4877 2167 4934 meridiano
2199 4886 2443 4947 tempore
2472 4875 2868 4941 defunctorum,
2907 4878 3022 4933 sive
3048 4878 3446 4950 episcoporum,

1861 4967 1975 5023 sive
2005 4974 2323 5022 czeterorum
2352 4964 2749 5021 commendatio
2774 4964 3015 5021 facienda
3037 4975 3140 5035 est,
3170 4968 3297 5022 solis
3324 4984 3448 5023 ora-

1860 5057 2097 5114 tionibus
2140 5054 2233 5112 liat
2258 5096 2274 5123 ,
2331 5056 2377 5111 si
2435 5055 2512 5110 illi
2553 5056 2647 5127 qui
2685 5054 2886 5112 faciunt
2927 5057 3040 5127 jam
3075 5059 3256 5129 pransi
3295 5060 3450 5116 inve-

1861 5149 2101 5204 niuntur.

2030 5241 2100 5298 Ut
2126 5244 2182 5298 in
2204 5242 2428 5298 ecclesiis
2449 5243 2680 5296 convivia
2703 5242 2914 5297 minime
2942 5242 3271 5302 celebrentur.

1932 5334 2087 5390 XLII.
2122 5334 2191 5390 Ut
2216 5335 2347 5390 nulli
2372 5335 2630 5407 episcopi,
2660 5335 2747 5389 vel
2773 5334 2953 5391 clerici
2982 5336 3033 5389 in
3069 5335 3295 5389 ecclesia
3319 5347 3446 5389 conp

1857 5430 2161 5495 vcniantur,
2198 5430 2299 5485 nisi
2329 5428 2469 5484 forte
2500 5437 2842 5484 transeuntes
2874 5428 3226 5498 hospitiorum
3256 5441 3444 5480 ncces-

1858 5521 2016 5577 sitate
2045 5521 2154 5576 illic
2180 5520 2451 5586 reficiant;
2482 5519 2666 5590 populi
2688 5520 2851 5574 etiam
2882 5519 2948 5573 ab
2978 5516 3276 5584 hujusmodi
3306 5531 3441 5573 con-

1858 5610 2039 5682 viviis,
2066 5620 2327 5685 quantum
2357 5609 2471 5666 fieri
2494 5614 2691 5682 potest,
2714 5607 3117 5680 prohibeantur.

227 5749 250 5774 ”
277 5744 446 5805 θυοδ
473 5746 683 5819 Illumis
709 5746 898 5817 Verbo.
943 5761 1050 5817 quo
1090 5767 1191 5814 vox
1222 5755 1427 5815 litteras
1465 5759 1682 5821 regatur
1711 5769 1725 5805 :
1757 5749 1898 5807 forte
1921 5747 2352 5808 substituendum
2380 5746 2518 5819 legit.
2543 5743 2701 5804 Eon.
