3988 6344
505 299 606 359 1ῦ5

1047 413 1128 470 De
1153 415 1530 484 pauitantibus.

485 493 489 496 ’
574 506 756 564 xuii.
807 506 877 565 Ut
921 507 1343 577 paenitentibus.
1388 504 1686 564 secundum.
1727 504 2080 562 ditferentiam

399 585 409 594 ’
504 605 870 672 peccatorum,
923 593 1164 663 episeopi
1206 594 1428 654 arbitrio
1471 593 1797 662 poenitentia:
1839 602 2082 665 tempora

504 688 880 760 decernuntur,
904 692 956 738 et
979 692 1036 737 ut
1061 684 1340 754 presbyter
1367 683 1665 738 inconsulto
1694 685 1946 753 episcopo
1974 699 2084 742 non

503 775 812 832 reconciliet
858 773 1237 843 pauitantem,
1411 772 1667 834 absentiae
1712 772 1946 846 episcopi
1987 787 2088 832 ηε·-

500 866 752 920 cessitate
797 872 1040 931 cogente.
1099 862 1475 932 Cuiuscunque
1530 870 1711 916 autem
1772 862 2084 932 paenitentis

501 955 771 1028 publicum
811 962 870 1008 et
893 953 1318 1021 vuigatissitnum
1343 952 1548 1008 crimen
1573 958 1674 1018 est,
1699 952 1843 1022 quod
1867 952 2082 1006 Iniur-

500 1058 614 1100 sam
641 1043 936 1100 Eeclesiam
965 1044 1338 1109 commoverit,
1388 1050 1521 1105 ante
1541 1043 1778 1098 absidem
1815 1056 2008 1098 manus
2031 1043 2089 1104 ei

503 1137 829 1206 imponatur.

1087 1250 1168 1305 De
1195 1250 1493 1322 virginibus.

575 1340 755 1396 XLIV.
790 1340 862 1396 Ut
889 1340 1124 1409 virgines
1168 1355 1356 1408 sacrm,
1409 1356 1529 1396 eum
1559 1339 1889 1411 parentibus,
1917 1353 1946 1392 a
1967 1338 2086 1408 qui-

504 1431 604 1488 bus
651 1432 1119 1492 custodiebantur,
1173 1433 1394 1500 privatze
1441 1431 1664 1497 fuerint,
1716 1429 1954 1501 episcopi
2000 1429 2087 1484 vel

502 1523 818 1593 presbyteri,
870 1522 959 1575 ubi
1005 1522 1288 1592 episcopus
1330 1523 1520 1576 absens
1567 1529 1666 1586 est,
1722 1520 2080 1588 providentia,

505 1614 841 1682 gravioribus
870 1613 1079 1668 feminis
1107 1612 1570 1676 commendantur,
1614 1621 1705 1666 aut
1743 1611 1902 1665 simul
1929 1611 2076 1665 habi.

509 1715 687 1760 tantes
733 1706 961 1760 invicem
1009 1720 1067 1759 se
1111 1705 1435 1770 custodiant,
1490 1720 1560 1760 ne
1602 1705 1801 1774 passim
1843 1705 2085 1773 vagando

506 1793 759 1850 Ecclesize
788 1795 982 1850 ludant
1007 1795 1483 1849 existimationem.

508 1907 586 1962 De
615 1909 978 1980 wgrotamibus
1017 1908 1102 1978 qui
1131 1924 1222 1978 pro
1252 1924 1305 1962 se
1358 1907 1666 1977 respondere
1702 1924 1804 1964 non
1853 1918 2083 1978 possunt.

579 1994 736 2050 XLV.
772 1993 841 2050 Ut
888 2003 1212 2066 :egrolantes
1259 1995 1349 2066 qui
1391 2010 1489 2065 pro
1529 2011 1586 2050 se
1625 1997 1950 2066 respondere
1979 2013 2086 2054 non

510 2096 752 2160 possunt,
784 2104 906 2148 cum
963 2089 1250 2144 voluntatis
1279 2104 1463 2144 eorum
1495 2089 1858 2144 testiinonium
1884 2090 1966 2144 sui
1994 2106 2089 2162 pe-

507 2181 675 2234 riculo
714 2181 931 2250 proprio
962 2179 1220 2244 dixerint,
1252 2179 1606 2248 baptizentur.
1643 2175 1709 2232 Ut
1737 2179 1984 2247 scenicis,
2009 2188 2090 2234 at-

504 2285 610 2339 que
635 2269 1002 2336 histrionibus,
1025 2269 1338 2337 exterisque
1368 2267 1674 2336 huiusmodi
1701 2269 1968 2337 personis,
1998 2263 2086 2323 vel

505 2359 814 2430 apostalicis
839 2358 1112 2416 conversis
1141 2357 1226 2412 vel
1254 2357 1571 2426 rcvcrsis.ad
1593 2357 1784 2424 Deum,
1806 2357 1980 2426 gratia
2003 2355 2088 2412 vel

506 2451 875 2508 reconciliatio
907 2467 1012 2505 non
1042 2459 1280 2519 negetur.

913 2560 998 2620 De
1019 2559 1344 2630 passionibus
1372 2569 1657 2631 martyrum
2071 2623 2074 2625 _

573 2650 754 2705 XLVI.
785 2649 970 2704 Liceat
990 2648 1150 2706 etiam
1179 2648 1282 2717 legi
1310 2649 1588 2718 passiones
1619 2655 1930 2720 martyrum,
1963 2665 2087 2714 cum

505 2739 862 2796 anniversarii
889 2738 1005 2792 dies
1033 2753 1220 2793 eorum
1251 2738 1610 2794 celebrantur.

599 2849 679 2904 De
699 2850 926 2920 parvulis
956 2850 1043 2919 qui
1071 2849 1208 2918 apud
1250 2847 1555 2903 Donatistas
1575 2847 1824 2920 baptiznti
1852 2857 1991 2904 sunt.

572 2942 780 2999 XLVII.
805 2942 880 2996 De
901 2941 1191 2997 Donatistis
1210 2940 1411 3010 placuit
1440 2948 1498 2995 ut
1537 2941 1884 2998 consulamus
1896 2942 2088 2998 fratres

499 3041 560 3108 et
579 3032 988 3090 consacerdotes
1023 3039 1239 3087 nostros
1264 3029 1510 3088 Siricium
1532 3039 1590 3089 et
1603 3031 2004 3100 Simpliciannm
2019 3031 2088 3090 de

1735 325 1740 331 -
1777 295 2131 354 DIONYSIES
2169 295 2482 353 EXiGUUS.

2109 419 2158 479 Α
2186 423 2285 480 est,
2312 423 2368 469 ut
2394 413 2684 483 dignemini
2704 416 2831 470 dare
2851 398 3096 471 ﬁduciam
3116 415 3280 486 quod,
3299 415 3410 487 iam
3439 419 3748 477 necessitate

3658 300 3748 354 {96

2187 505 2299 575 ipsa
2329 512 2580 572 cogente,
2609 505 2831 559 liberum
2851 505 3007 560 nobis
3044 506 3116 560 sit
3153 516 3418 561 rectorem
3449 509 3747 577 provinciae,

2182 594 2480 651 secundum
2504 602 2702 650 statuta
2739 594 3254 664 gloriosissimorum
3295 595 3620 666 principum,
3665 597 3750 652 ad-

2181 699 2368 739 versus
2388 684 2538 738 illum
2562 683 2730 748 adire,
2782 691 2842 740 ut
2871 683 3099 754 quimiti
3151 683 3516 740 admonitione
3561 687 3749 745 sancti-

2183 776 2306 828 tatis
2328 781 2517 828 vestrtn
2545 774 2891 842 acquiescere
2907 773 3096 841 noluit,
3119 783 3173 828 et
3193 774 3480 832 emendare
3493 776 3754 848 illicitum,

2183 867 2503 921 auctoritate
2535 863 2813 934 iudiciaria
2861 866 3102 934 protinus
3127 866 3460 928 excludatur.
3512 867 3753 925 Aurelius

2185 957 2467 1031 episcopus
2489 955 2622 1018 dixit
2649 973 2661 1008 :
2705 955 2926 1012 Servata
2953 955 3121 1012 forma
3144 957 3452 1025 disciplinae,
3485 974 3590 1013 non
3619 961 3757 1015 testi-

2182 1045 2416 1101 mabitur
2441 1045 2728 1116 appetitus,
2758 1045 2803 1100 si
2832 1060 2862 1102 a
2888 1055 3064 1101 vestra
3087 1045 3344 1100 cbaritate
3367 1047 3607 1103 modeste
3631 1065 3759 1105 eon-

2184 1144 2376 1192 ventus
2419 1136 2670 1193 recedere
2707 1135 3102 1202 detractaverit,
3139 1153 3258 1198 cum
3285 1136 3464 1204 fuerit,
3505 1155 3604 1194 suo
3631 1156 3760 1196 con-

2183 1233 2412 1297 tempto,
2436 1235 2491 1282 et
2539 1215 2872 1286 contumacia
2899 1269 2914 1296 ,
2963 1226 3188 1284 faciente
3227 1230 3391 1283 etiam
3443 1233 3760 1288 auctoritate

2180 1317 2480 1386 iudiciaria,
2511 1327 2823 1376 conventus.
2849 1316 3158 1375 Honoratus
3181 1329 3234 1374 et
3259 1319 3499 1384 Urbanus
3526 1324 3760 1394 episcopi

2185 1410 2467 1464 dixerunt:
2501 1409 2614 1465 Hoc
2661 1423 2790 1478 ergo
2835 1411 3082 1466 omnibus
3123 1412 3345 1481 placet?
3374 1413 3454 1468 Ab
3502 1415 3762 1471 universis

2186 1498 2449 1570 episcopis
2476 1501 2683 1558 dictum
2704 1509 2786 1556 est
2807 1519 2820 1553 :
2844 1499 3052 1564 iustum
3082 1512 3183 1567 est,
3211 1503 3409 1572 placet.

2353 1603 2489 1670 Quot
2515 1606 2743 1678 episcopi
2771 1608 3013 1666 ordinare
3037 1611 3329 1682 episcopum
3357 1613 3600 1669 debeant.

2257 1697 2440 1754 XLIX.
2483 1698 2790 1758 Honoratus
2836 1707 2891 1756 et
2923 1699 3166 1758 Usbanns
3202 1704 3438 1776 episcOpi
3476 1706 3770 1766 dixerunt:

2119 1784 2164 1843 Β
2190 1789 2260 1844 Ει
2287 1791 2412 1846 illud
2441 1791 2598 1846 nobis
2635 1791 2946 1848 mandatum
2973 1801 3076 1860 cst,
3113 1801 3176 1848 ut
3216 1795 3340 1864 quia
3369 1798 3622 1865 proxime
3662 1797 3771 1855 Ea-

2188 1890 2297 1937 tres
2322 1884 2492 1937 nostri
2516 1881 2778 1936 Numidia:
2805 1883 2920 1940 duo
2946 1884 3182 1954 episcopi
3229 1885 3481 1944 ordinare
3517 1904 3770 1958 praesum-

2186 1981 2408 2044 pscrunt
2429 1973 2734 2044 pontiﬁcem
2756 2014 2772 2041 ,
2819 1990 2926 2030 non
2967 1975 3070 2032 nisi
3116 1991 3146 2030 a
3191 1976 3473 2035 duodecim
3501 1985 3770 2042 cernentis

2192 2063 2456 2124 celebrari
2478 2064 2852 2134 episcoporum
2873 2063 3254 2122 ordinationes.
3278 2066 3524 2128 Aurelius
3553 2072 3770 2141 episco-

2186 2172 2288 2228 pus
2307 2156 2479 2212 dixit:
2509 2155 2708 2213 Forma
2729 2157 2952 2225 antiqua
2991 2158 3314 2226 servabitur,
3355 2167 3414 2214 ut
3439 2176 3546 2216 non
3591 2164 3774 2223 minus

2187 2261 2349 2316 quam
2377 2255 2489 2304 tres
2508 2246 2799 2316 sufficiant,
2827 2247 2919 2316 qui
2946 2247 3153 2303 fuerint
3173 2248 3422 2316 destinati
3449 2250 3518 2306 ad
3555 2255 3770 2324 episca-

2187 2352 2318 2408 pum
2343 2337 2714 2398 ordinandum.
2746 2337 3058 2408 Propterea,
3087 2340 3211 2409 quia
3252 2341 3308 2396 in
3350 2341 3554 2413 Tripoli
3603 2344 3772 2416 forte,

2188 2437 2248 2490 et.
2290 2426 2343 2484 in
2388 2428 2596 2494 Arzuge
2641 2427 2958 2496 interimere
2983 2429 3233 2498 videntur
3258 2431 3514 2488 barbarie.
3536 2445 3772 2503 gentes;

2190 2533 2313 2572 nam
2338 2518 2391 2572 in
2421 2517 2642 2587 Tripoli,
2671 2525 2733 2571 ut
2750 2517 3026 2583 asseritur,
3075 2519 3314 2591 episcopi
3359 2531 3485 2576 sunt
3529 2524 3774 2594 quinque

2190 2609 2585 2676 tantummodo,
2612 2618 2666 2666 et
2712 2617 2941 2679 possunt
2983 2609 3124 2666 forte
3161 2611 3231 2667 de
3251 2611 3368 2680 ipso
3406 2627 3638 2672 numero
3685 2615 3773 2670 vel

2189 2701 2297 2757 duo
2322 2703 2639 2758 necessitate
2658 2701 2834 2771 aliqua
2861 2702 3134 2772 occupari,
3165 2701 3380 2758 difficile
3417 2711 3500 2759 est
3535 2705 3685 2760 enim
3719 2715 3776 2760 ut

2188 2792 2260 2848 de
2283 2793 2522 2862 quolibet
2549 2802 2774 2848 numero
2799 2807 2990 2848 omnes
3017 2793 3223 2863 possint
3247 2807 3535 2850 occurrere
3556 2810 3574 2860 ;
3627 2811 3777 2850 nuit-

2189 2885 2316 2954 quid
2337 2885 2498 2940 debet
2517 2884 2622 2939 hoc
2643 2884 2816 2954 ipsum
2839 2883 3220 2954 impedimento
3239 2899 3358 2940 esse
3388 2885 3778 2942 ecclesiastica

2191 2975 2442 3030 inuitati!
2471 2974 2604 3030 Nam
2629 2983 2685 3030 et
2731 2974 2789 3029 in
2815 2973 2919 3030 hac
2947 2973 3208 3040 Ecclesia,
3253 2973 3322 3028 ad
3349 2988 3511 3045 quam
3552 2975 3778 3044 dgna:

2189 3076 2272 3123 est
2298 3076 2474 3124 vestra
2517 3067 2776 3123 sanctitas
2813 3067 3118 3130 convenire,
3155 3066 3347 3121 crebro
3383 3081 3450 3122 ac
3503 3082 3648 3136 pene
3675 3082 3778 3138 per

499 3125 642 3225 50""
683 3124 972 3178 ίηῖυίῖδυδ
995 3122 1110 3225 μυί
1530 3137 1698 3193 pem
2017 3138 2084 3180 ⁸³⁸
2114 3148 2159 3211 C
2355 3122 2676 3213 dominicam
2703 3156 3032 3213 ordinandos
3057 3122 3354 3222 habemus;
3399 3122 3778 3225 nonanus-ant

499 3212 646 3282 quod
690 3227 788 3267 suo
838 3227 944 3267 non
991 3211 1234 3266 fecerunt
1265 3209 1489 3278 iudicio,
1537 3225 1660 3266 cum
1697 3211 1763 3264 ad
1790 3208 2083 3272 Ecclesiam

501 3303 602 3358 Dei
627 3303 828 3358 salubri
855 3302 1134 3372 proposito
1153 3299 1351 3356 iuerint
1371 3301 1637 3364 conversi,
1661 3309 1942 3370 parentum
1965 3301 2086 3360 illos

497 3406 654 3446 error
706 3390 965 3462 impediat
1005 3405 1076 3446 ne
1109 3397 1526 3459 promoveantur
1569 3390 1708 3446 sacri
1753 3389 1940 3446 altaris
1978 3391 2084 3452 mi.

501 3481 677 3536 uistri.

569 3571 772 3639 Quibus
816 3569 1056 3634 insertis,
1103 3568 1412 3624 Honoratus
1458 3577 1513 3624 et
1541 3567 1786 3630 Urbanus
1820 3568 2078 3639 episcopi.

500 3663 662 3732 legati
681 3663 969 3733 provinciae
991 3661 1321 3722 Mauritania
1336 3657 1630 3723 Sitifensis,
1647 3660 1900 3718 dixerunt
1924 3677 1937 3712 :
1961 3659 2080 3722 iam

497 3755 723 3822 dudum,
753 3770 878 3812 eum
906 3754 1049 3823 apud
1088 3753 1425 3812 mutilatum
1457 3759 1686 3810 vestram
1728 3750 2082 3819 altegmmus

493 3845 718 3916 scripta,
767 3844 918 3900 dilati
964 3859 1150 3903 sumus
1175 3859 1240 3900 ea
1276 3842 1758 3910 contemplatione,
1803 3854 2082 3911 quousque

495 3934 690 3990 fratres
732 3935 902 3991 nostri
943 3932 1196 3994 advenire
1239 3938 1462 4000 possent
1509 3929 1576 3984 de
1602 3927 1846 3984 Numidia
1879 3926 2077 3998 legali;

495 4026 589 4080 sed
614 4025 736 4094 quia
763 4039 869 4078 non
899 4023 1046 4092 parvi
1077 4021 1194 4075 dics
1240 4027 1383 4081 sunt,
1415 4018 1608 4088 quibus
1637 4019 1936 4086 exspectati
1975 4020 2078 4078 mi-

499 4117 643 4173 nime
662 4121 944 4176 venerunt,
994 4111 1136 4173 ultra
1161 4109 1589 4182 praetermittere,
1617 4121 1735 4177 qua:
1759 4107 1913 4163 nobis
1937 4123 2081 4164 man-

497 4205 626 4259 data
666 4211 790 4258 sunt
819 4219 848 4256 a
877 4202 1073 4257 nostris
1100 4201 1436 4272 coepiscopis
1477 4216 1584 4254 non
1627 4207 1866 4270 oportet;
1919 4201 2079 4269 atque

495 4296 646 4358 ideo,
657 4293 868 4356 faretras.
882 4291 1282 4360 suggestionem.
1295 4299 1534 4350 nostram
1544 4290 1772 4346 libenter
1792 4288 2076 4352 airnittite.

491 4387 575 4444 De
605 4385 709 4447 fide
735 4385 881 4445 enim
909 4383 1109 4446 micioni
1140 4390 1398 4446 tractatus
1427 4380 1753 4443 audivimus;
1777 4395 1963 4436 verum
1994 4386 2080 4446 est

384 4507 390 4514 υ
492 4477 560 4532 de
591 4473 866 4534 sacrificiis
895 4473 1199 4528 inhibendis
1225 4480 1346 4541 post
1374 4471 1675 4544 prandium,
1715 4479 1775 4524 ut
1799 4485 1830 4528 a
1853 4469 2072 4540 jejunis,

491 4568 631 4622 sicut
660 4567 881 4637 dignum.
903 4572 1018 4636 ml,
1036 4562 1350 4633 oil‘emntur,
1379 4572 1434 4620 et
1455 4571 1612 4632 tunc,
1634 4570 1689 4620 et
1719 4577 1861 4624 nunc
1890 4560 2069 4617 ﬁrma-

493 4667 606 4714 tum
635 4665 736 4718 est.

495 4773 570 4828 De
597 4775 1085 4844 rebapttsationibns
1114 4780 1162 4827 et
1210 4771 1711 4836 modulationibus,
1731 4771 1809 4826 nd
1838 4772 2069 4826 inania:-

970 4845 1197 4902 tiouiltus
1218 4845 1592 4912 episcopum
1907 4875 1938 4900 ο
1999 4905 2002 4908 _

559 4933 789 4990 XLV-lli.
831 4933 968 4994 Illud
995 4943 1173 4993 autem
1208 4933 1540 5001 suggerimus
1564 4931 1872 4992 mandatum
1893 4933 2068 4998 nobis,

486 5029 632 5097 quod
655 5028 888 5090 etiamin
903 5027 1170 5098 Cannensi
1188 5028 1432 5096 plenaria
1447 5027 1656 5099 synodo
1676 5027 1882 5088 videtur
1901 5034 2070 5084 stant.

487 5128 624 5184 tum.
649 5129 707 5178 ut
719 5119 998 5180 nonliccat
1013 5115 2070 5186 liuirebnptisatiwes’reordinationcs,

486 5209 573 5263 vel
593 5208 971 5263 translationes
995 5209 1388 5278 epise0porum.
1415 5207 1545 5260 Nam
1567 5205 1892 5262 Cresconius
1911 5205 2071 5260 Villa-

485 5301 792 5370 nhegensis
817 5299 1304 5370 episcopus..plclie
1331 5313 1431 5354 sua
1455 5296 1734 5362 dormiet-tt.
1764 5295 2073 5358 Tubunien-

480 5407 596 5448 sem
626 5391 826 5452 invasit
846 5389 1160 5453 Ecclesium,
1187 5397 1240 5442 et
1279 5402 1448 5458 usque
1477 5386 1637 5444 hodie
1682 5384 2060 5450 commonitus,

479 5481 774 5538 secundum
802 5479 949 5550 quod
971 5486 1226 5542 statutum
1247 5478 1439 5542 fuerat.
1469 5477 1773 5552 relinquere
1799 5474 2065 5542 eamdem,

479 5585 641 5638 quam
665 5571 954 5636 invaserat,
989 5569 1224 5640 plebem.
1249 5568 1590 5635 contempsit.
1613 5566 1883 5624 Adversus
1905 5565 2065 5624 istum

478 5672 598 5726 qua:
625 5660 981 5729 pronuntiata.
1003 5656 1214 5718 fuerant
1256 5655 1572 5721 conﬁrmata
1609 5656 1826 5726 quidem
1863 5656 2067 5715 audivi-

480 5763 597 5803 mus
622 5766 636 5812 ;
665 5749 758 5805 sed
786 5748 1039 5820 petimus,
1068 5745 1362 5804 secundum
1391 5746 1535 5817 quod
1567 5745 1723 5802 nobis
1751 5743 2063 5800 mandatum

2187 3251 2498 3322 frequenter
2541 3249 2824 3305 duodecim
2870 3256 3082 3319 potero,
3135 3249 3222 3304 vel
3267 3249 3474 3314 decem,
3525 3249 3615 3304 vel
3659 3264 3778 3305 non

2187 3343 2357 3398 multo
2385 3342 2562 3397 minus
2588 3341 2854 3398 advocare
2875 3340 3194 3410 episcopos?
3222 3340 3321 3396 sed
3340 3340 3497 3394 facile
3523 3347 3608 3395 est
3639 3341 3778 3396 mihi

2185 3433 2319 3488 duos
2352 3433 2642 3501 adiungere
2690 3446 2821 3488 mea:
2859 3431 3108 3502 parvitati
3151 3431 3376 3487 vicinos.
3425 3431 3778 3502 Quapropter

2185 3525 2361 3578 cernit
2405 3539 2612 3580 mecum
2642 3523 2877 3578 charitas
2903 3531 3092 3580 vestra
3109 3521 3214 3578 hoc
3256 3523 3430 3595 ipsum
3485 3525 3775 3581 observari

2183 3627 2289 3668 non
2316 3628 2493 3683 posse.

2187 3725 2321 3792 Quot
2349 3725 2472 3778 addi
2500 3724 2714 3778 debeant
2740 3727 2963 3794 episcopi
2984 3741 3193 3781 numero
3224 3729 3604 3793 ordinatorunt,
3635 3729 3682 3781 si
3705 3729 3775 3782 ds

2391 3795 2681 3849 ordinando
2702 3797 2936 3865 episcopo
2971 3799 3124 3868 fuerit
3151 3799 3544 3852 contradicunt.

2254 3906 2314 3959 L.
2357 3905 2462 3961 Sed
2485 3907 2613 3962 illud
2644 3917 2726 3963 est
2751 3908 3115 3976 statuendum,
3145 3919 3204 3964 ut
3232 3909 3439 3980 quando
3459 3911 3526 3964 ad
3557 3909 3776 3980 eligen-

2181 3997 2305 4052 dum
2346 3997 2654 4068 episcopum
2696 4000 3123 4064 convenerimus,
3167 4001 3213 4056 si
3250 4016 3354 4071 qua
3403 4002 3777 4057 contradictio

2181 4087 2344 4144 fuerit
2367 4088 2577 4154 oborta,
2607 4089 2730 4156 quia
2762 4089 2887 4143 talia
2917 4097 3142 4146 tractata
3179 4098 3304 4145 sunt
3327 4090 3474 4159 apud
3502 4105 3625 4159 nos,
3653 4107 3778 4148 non

2178 4183 2502 4248 prmsutnant
2526 4179 2592 4233 ad
2629 4180 2964 4249 purgandum
2997 4195 3121 4234 eum
3160 4181 3253 4249 qui
3301 4181 3635 4234 ordinandus
3681 4190 3783 4236 est

2180 4279 2289 4324 tres
2314 4269 2445 4338 iam,
2489 4269 2580 4324 sed
2603 4271 2908 4340 postuletur
2927 4271 2991 4324 ad
3015 4286 3294 4325 numerum
3327 4271 3784 4340 supradictornm

2177 4375 2317 4415 unus
2340 4360 2422 4414 vel
2454 4359 2590 4426 duo,
2616 4370 2669 4414 et
2696 4360 2748 4414 in
2789 4361 2974 4415 eadem
3004 4361 3159 4431 plebe
3187 4362 3270 4414 cui
3301 4359 3637 4415 ordinandus
3682 4369 3785 4416 est

2181 4449 2536 4504 discutiantur
2582 4451 2758 4520 primo
2802 4463 3048 4519 persona:
3103 4449 3609 4504 contradicentium.
3659 4448 3782 4504 Po-

2179 4549 2382 4597 stremo
2412 4542 2574 4596 etiam
2605 4540 2693 4594 illa
2722 4555 2841 4609 quae
2870 4541 3194 4608 obiiciuntur
3232 4547 3637 4610 pertractentur
3662 4557 3680 4606 ;
3713 4548 3788 4594 es

2177 4648 2300 4688 cum
2328 4640 2584 4702 purgatus
2606 4629 2765 4685 fuerit
2794 4631 2844 4684 in
2871 4639 3159 4700 conspectu
3185 4629 3416 4700 publico,
3444 4630 3515 4683 ita
3539 4629 3796 4686 demunt

2175 4724 2470 4779 ordinetur.
2501 4721 2557 4776 Si
2585 4722 2687 4776 hoc
2713 4737 2835 4776 cum
2861 4729 3055 4776 vestrae
3079 4721 3380 4776 sanctitatis
3409 4721 3595 4776 animo
3624 4736 3789 4776 eon—

2174 4811 2381 4876 cordat,
2409 4811 2696 4865 roboretur
2721 4819 2914 4865 vestrm
2933 4809 3254 4879 dignationis
3276 4810 3655 4879 responsione.
3683 4812 3794 4867 Ab

2175 4902 2438 4957 universis
2462 4901 2729 4972 episcopis
2751 4900 2953 4955 dictum
2979 4909 3096 4955 est:
3127 4899 3270 4956 Satis
3303 4901 3497 4970 placet.

2177 5013 2244 5069 Ut
2290 5015 2354 5068 de
2393 5013 2628 5068 Ecclesia
2669 5010 2997 5084 Carthaginis
3045 5011 3154 5066 dies
3201 5009 3420 5066 Pascha
3466 5014 3793 5068 nuntietur.

2243 5103 2326 5158 ιι.
2360 5103 2663 5158 Honoratus
2694 5111 2746 5156 et
2779 5101 3023 5155 Urbanus
3043 5101 3279 5172 episcopi
3298 5100 3550 5155 dixerunt
3574 5120 3588 5155 :
3612 5102 3796 5168 Quo—

2174 5196 2315 5250 niam
2337 5194 2406 5249 de
2425 5193 2835 5249 commonitorio
2860 5201 3044 5246 nostro
3067 5193 3246 5246 omnia
3268 5199 3494 5246 tractata
3518 5208 3805 5249 noscun-

2175 5294 2279 5347 tur,
2302 5283 2546 5344 addimus
2575 5283 2732 5337 etiam
2763 5282 2830 5337 de
2856 5283 2941 5336 die
2970 5280 3187 5336 Pascha:
3216 5281 3370 5335 nobis
3390 5296 3509 5336 esse
3531 5284 3800 5340 manda-

2176 5385 2309 5440 tum,
2334 5382 2392 5429 ut
2419 5374 2486 5429 dc
2512 5373 2748 5430 Ecclesia
2779 5387 2993 5442 semper
3017 5371 3444 5440 Carthaginiensi,
3476 5373 3644 5427 sicuti
3679 5391 3814 5429 as-

2173 5469 2329 5534 solet,
2347 5468 2690 5530 instruamur,
2713 5474 2766 5520 et
2786 5481 2893 5520 non
2914 5466 3012 5520 sub
3033 5474 3257 5534 angusto
3278 5467 3540 5535 temporis
3555 5471 3777 5538 spatio
3791 5514 3813 5530 .

2175 5559 2418 5619 Aurelius
2445 5558 2730 5630 episcopus
2759 5556 2892 5614 dixit
2917 5574 2929 5610 :
2980 5555 3035 5610 Si
3065 5557 3334 5614 sanctitati
3365 5565 3564 5615 vestrae
3612 5561 3825 5618 vide—

2177 5660 2282 5712 tur,
2303 5650 2556 5719 quoniam
2585 5664 2684 5708 nos
2723 5649 3075 5720 spopondisse
3111 5646 3222 5717 iam
3251 5646 3452 5705 dudum
3503 5652 3772 5710 memini
3805 5689 3826 5700 -

2173 5759 2305 5808 mus,
2341 5750 2400 5796 ut
2419 5741 2638 5810 singulis
2659 5741 2954 5812 quibusque
2983 5740 3136 5796 annis
3163 5738 3229 5794 ad
3252 5738 3598 5796 tractandum
3637 5759 3822 5804 con.
