3988 6344
198 257 295 310 i9?

1178 258 1401 315 CQDEX
1438 259 1765 315 CANUNUM
1805 260 2494 321 ECCLESIASTICORUM.

3375 266 3477 320 {98

189 373 493 436 veniamus,
524 376 724 424 etcum
757 370 1059 427 venerimus
1086 373 1140 427 in
1167 390 1351 444 unum,
1386 384 1512 431 tunc
1550 376 1785 444 divulga-
1813 384 1854 439 Α
1886 378 2094 447 palibus
2117 379 2387 434 cathedris
2413 386 2811 434 removeantur.
2851 378 3075 449 Oportet
3104 377 3267 447 enim,
3299 390 3357 435 ut
3384 383 3480 451 qui

186 462 337 518 bitur
364 471 585 515 sanctus
616 452 834 515 Pascha:
862 462 976 515 dies
1001 479 1102 532 per
1130 464 1336 534 legatos
1381 467 1473 535 qui
1506 466 1777 521 adfuerint

185 552 443 609 concilio.
478 550 785 606 Honoratus
833 560 887 605 et
931 552 1178 608 Urbanus
1223 555 1461 625 episc0pi
1490 555 1779 609 dixerunt:

186 640 345 698 Nunc
372 643 440 697 de
468 642 721 711 praesenti
766 650 907 697 cmtu
937 644 1188 711 petimus,
1223 654 1281 700 ut
1328 645 1522 700 litteris
1568 645 1785 713 provin-

184 734 331 790 ciam
364 741 605 788 nostram
634 734 701 787 de
731 734 831 789 hac
879 735 964 789 die
992 736 1282 791 informare
1309 737 1619 806 dignemini.
1672 738 1781 792 Au-

184 826 362 883 relius
384 826 674 896 episcopus
702 826 838 883 dixit
862 844 876 880 :
910 826 988 881 ita
1010 828 1102 882 fiat
1126 844 1347 887 necesse
1369 836 1471 884 est.

645 938 723 993 De
749 941 1019 994 visitandis
1045 943 1339 1011 provinciis.

260 1048 372 1104 LII.
414 1048 725 1107 Honoratus
747 1057 803 1109 et
845 1049 1093 1107 Urbanus
1125 1054 1364 1124 episcopi
1396 1053 1647 1110 dixerunt
1675 1075 1686 1109 ;
1719 1055 1785 1111 Et

190 1137 321 1192 illud
352 1140 507 1194 nobis
536 1140 699 1195 verbo
731 1140 1039 1194 mandatum
1062 1150 1165 1207 est,
1199 1152 1257 1197 ut
1283 1146 1406 1213 quia
1434 1146 1781 1199 constitutum

188 1238 278 1284 est
316 1230 369 1283 in
404 1230 636 1285 concilio
681 1230 1016 1301 Hipponensi
1045 1233 1281 1300 singulas
1322 1235 1519 1290 debere
1562 1240 1781 1306 previo-

186 1320 307 1375 clas
359 1328 608 1391 tempore
676 1322 884 1376 concilii
933 1323 1228 1378 visitandas
1280 1340 1428 1390 esse,
1494 1328 1785 1397 dignemini

189 1410 383 1475 etiam,
414 1412 560 1479 quod
582 1412 683 1465 hoc
702 1426 842 1466 anno
871 1414 1165 1468 secundum
1197 1416 1438 1471 ordinem
1482 1418 1784 1489 distulistis,

188 1500 279 1554 vel
304 1500 415 1554 alio
446 1516 590 1555 anno
636 1501 1009 1557 Mauritaniam
1039 1507 1369 1575 provinciam
1403 1509 1637 1564 visitare.
1684 1511 1787 1565 Au-

191 1590 364 1645 relius
392 1591 681 1661 episcopus
698 1593 868 1646 dixit:
905 1593 1055 1648 'l‘une
1089 1595 1157 1649 de
1207 1599 1480 1663 provincia
1529 1600 1786 1655 Maurita-

192 1680 305 1746 nia,
334 1691 629 1752 prepterea
658 1684 799 1751 quod
831 1685 883 1738 in
912 1684 1104 1745 finibus
1127 1686 1316 1744 Africa:
1345 1691 1519 1759 posita
1539 1692 1627 1756 sit,
1651 1693 1783 1749 nihil

191 1770 511 1837 statuimus,
540 1772 809 1842 siquidem
829 1774 1016 1831 vicinis
1044 1785 1168 1839 Sunt
1188 1776 1503 1846 barbarico;
1535 1782 1631 1837 sed
1657 1797 1787 1850 pra}-

192 1867 305 1919 stct
335 1860 475 1916 Deus
506 1871 589 1931 ut,
629 1879 696 1918 ex
743 1866 1035 1923 abundanti
1083 1884 1195 1929 non
1220 1871 1559 1942 pollicentes,
1600 1875 1784 1935 venire

192 1949 467 2018 possimus
492 1953 558 2007 ad
578 1964 814 2027 vestram
856 1958 1207 2027 provinciam.
1240 1959 1492 2029 Cogitare
1519 1964 1661 2019 enim
1692 1965 1785 2019 de-

190 2039 361 2109 betis,
397 2043 613 2111 fratres,
643 2047 768 2116 quia
798 2048 902 2102 hoc
938 2049 1057 2115 sibi,
1090 2058 1143 2105 et
1168 2050 1504 2122 Tripolitani,
1537 2064 1591 2109 et
1616 2055 1786 2111 Arzu-

193 2131 367 2199 gitani
395 2133 588 2189 lratres
612 2144 864 2207 poterant
889 2138 1123 2207 exigere,
1154 2144 1198 2195 si
1224 2143 1361 2197 ratio
1382 2152 1675 2213 pateretur.

160 2251 168 2260 '
197 2244 270 2301 Ut
303 2246 569 2311 ὤσασκε,
592 2248 697 2303 nisi
722 2265 788 2303 ea:
812 2265 1064 2305 consensu
1094 2252 1323 2327 episcopi,
1346 2256 1565 2325 proprii,
1587 2257 1785 2327 episcoo

703 2336 825 2390 pum
860 2336 962 2374 non
1010 2324 1289 2391 accipiant.

264 2427 406 2484 ιιιι.
446 2426 737 2499 Epigonius
766 2427 1052 2497 episcopus
1098 2428 1273 2489 dixit:
1316 2429 1499 2495 Multis
1544 2434 1787 2492 conciliis

195 2524 305 2585 hoc
322 2528 588 2577 stantum
614 2533 646 2575 ει
674 2526 817 2573 emta
845 2518 1169 2577 sacerdotali
1196 2527 1296 2585 est,
1351 2528 1411 2574 ut
1457 2521 1642 2591 plebes
1664 2536 1785 2591 qua:

196 2615 253 2677 in
280 2613 607 2673 dimcesibus
634 2610 701 2667 ab
730 2610 997 2681 episcopis
1040 2612 1361 2679 retinentur,
1411 2627 1530 2682 quae
1577 2614 1788 2684 episeo-

195 2722 300 2779 pos
347 2718 625 2773 nunquam
671 2702 994 2767 habuerunt,
1045 2718 1157 2758 non
1202 2704 1305 2761 nisi
1342 2720 1466 2761 eum
1509 2707 1789 2765 voluntate

196 2799 319 2868 ejus
365 2794 629 2867 episcopi,
678 2810 710 2848 a
749 2809 859 2864 quo
898 2800 1178 2864 tenentur,
1226 2797 1475 2867 proprios
1522 2799 1796 2870 accipiant,

195 2896 464 2951 rectores,
488 2885 541 2939 id
566 2894 669 2948 est,
708 2885 1012 2959 episcopos.
1061 2885 1130 2945 At
1167 2902 1297 2949 vero
1344 2888 1471 2957 quia
1524 2890 1787 2958 nonnulli,

194 2980 479 3037 dominatu
531 2976 769 3047 quodam
813 2976 1049 3046 adepto.
1091 2981 1519 3041 communionem
1562 2980 1787 3041 fratrum

195 3071 517 3132 abhorrent,
544 3067 633 3124 vel
652 3075 822 3133 certe,
860 3083 985 3125 cum
1011 3068 1288 3137 depravati
1317 3069 1535 3139 fuerint,
1557 3073 1711 3140 quasi
1734 3072 1789 3131 in

194 3161 434 3231 quadam
481 3173 608 3214 arce
652 3160 928 3230 tyrannica
957 3160 1059 3215 sibi
1088 3160 1421 3223 dominatum
1471 3165 1742 3223 “niueam
1763 3206 1780 3233 ν

194 3250 344 3321 quod
365 3249 608 3320 plerique
632 3249 843 3317 tumidi,
889 3258 1051 3320 atque
1085 3252 1288 3321 Stolidi,
1336 3254 1616 3315 adversum
1665 3259 1783 3327 epi-

194 3354 423 3409 scopum
454 3353 581 3393 suas
610 3338 849 3393 cervices
878 3341 1089 3411 erigunt
1114 3342 1435 3413 presbyteri,
1474 3345 1559 3399 vel
1594 3349 1784 3403 οοηγί..

194 3430 299 3485 viis
339 3428 445 3483 sibi
486 3429 872 3489 concinuantes
911 3428 1151 3501 plebem,
1198 3432 1286 3486 vel
1337 3444 1482 3489 certe
1529 3451 1789 3504 persuasu

194 3522 454 3592 maligno,
480 3528 539 3573 ut
560 3520 746 3577 illicito
768 3519 950 3577 favore
972 3521 1192 3583 eosdem
1214 3523 1378 3581 velint
1398 3525 1496 3581 sibi
1519 3528 1789 3586 collocare

195 3623 475 3677 rectores;
501 3612 646 3687 quod
674 3612 889 3685 quidem
931 3613 1140 3683 insigne
1188 3617 1384 3675 mentis
1414 3624 1516 3673 tua:
1543 3627 1786 3681 tenemus

195 3714 410 3773 votum,
438 3703 605 3759 frater
632 3702 884 3772 religiose
909 3702 1115 3770 Aureli,
1139 3706 1230 3775 qui
1259 3707 1375 3767 haec
1400 3724 1543 3778 saepe
1570 3726 1787 3780 oppres-

194 3800 339 3865 sisti,
363 3814 471 3855 non
504 3798 743 3855 curando
772 3799 907 3859 tales
935 3800 1235 3870 petitores;
1281 3803 1375 3859 sed
1418 3815 1639 3876 propter
1692 3823 1787 3865 eo-

187 3906 313 3955 rum
356 3889 532 3947 malos
569 3889 856 3967 cogitatus
893 3898 950 3953 et
994 3906 1163 3960 prave
1196 3895 1519 3957 omnisnatat
1564 3899 1787 3961 consilia

189 3984 300 4043 hoc
319 3982 464 4049 dico,
496 3996 602 4037 non
625 3980 821 4041 debere
842 3991 1113 4045 rectorem.
1136 3987 1385 4057 accipere
1405 4005 1524 4047 eam
1552 3992 1784 4063 plebem,

187 4088 312 4145 quae
342 4073 401 4131 in
428 4071 649 4131 dimcesi
678 4086 890 4141 semper
918 4074 1202 4142 subiacuit,
1243 4093 1346 4141 nec
1379 4096 1625 4149 unquam
1662 4099 1787 4154 pm-

186 4164 377 4235 prium
395 4161 713 4232 episcopum
731 4161 936 4221 habuit.
963 4164 1304 4236 Quapropter
1323 4170 1367 4224 si
1395 4171 1649 4230 universo.
1663 4190 1788 4230 san-

185 4254 440 4311 ctissime
484 4252 649 4315 uetiti
689 4252 871 4322 placet
912 4255 1047 4321 hoc,
1086 4258 1233 4326 quod
1279 4272 1599 4328 prosecutus
1642 4282 1783 4335 eum,

186 4346 566 4407 confirmetur.
589 4344 839 4409 Ain-clins
859 4348 1295 4417 episcopusdixit
1320 4371 1334 4406 :
1358 4353 1631 4411 Fratriset
1652 4374 1787 4414 con-

185 4437 501 4501 δδαιάοιίἣ
544 4437 725 4499 υωιιτὶη
755 4441 1123 4508 prmium
1148 4459 1257 4500 non
1287 4447 1493 4503 obsisto
1520 4467 1533 4501 :
1566 4452 1665 4505 sed
1682 4452 1783 4508 hoc

185 4543 277 4587 ιιι
306 4536 369 4585 et
417 4525 612 4589 fecisse
640 4534 696 4581 et
740 4525 1019 4593 factorum
1048 4546 1168 4589 esse
1203 4534 1463 4602 proﬁteor
1505 4538 1651 4593 circa
1688 4556 1783 4603 eos

184 4632 351 4683 Sane,
379 4618 481 4685 qui
502 4616 704 4681 fuerint
730 4621 1046 4687 concordes,
1076 4638 1189 4681 non
1209 4626 1381 4683 solum
1408 4628 1555 4684 circa
1591 4630 1781 4688 Recte.

184 4710 327 4767 siam
373 4705 872 4776 Carthaginem,
904 4712 1001 4771 sed
1047 4714 1193 4770 circa
1241 4732 1407 4773 omne
1444 4720 1783 4781 sacerdotale

186 4799 556 4861 conseruent.
601 4799 741 4861 Sunt
760 4801 907 4862 enim
951 4803 1196 4874 plerique
1238 4809 1611 4878 conspirantes
1656 4827 1778 4866 cum

185 4891 445 4960 plebibus
484 4891 738 4959 propriis,
786 4908 921 4961 quas
967 4895 1264 4966 decipiunt,
1321 4908 1383 4955 ut
1421 4902 1623 4958 dictum
1676 4916 1781 4973 est,

184 4998 383 5039 earnm
413 4982 722 5052 scalpentcs
753 4999 934 5054 aures,
965 4988 1146 5045 blandi
1175 4991 1242 5045 ad
1271 4992 1660 5060 seducendom,
1707 5000 1785 5052 vi.

368 5072 489 5126 vita:
512 5072 778 5136 bonum.
804 5077 890 5135 vel
934 5088 1083 5137 certe
1132 5080 1322 5149 inflati,
1355 5092 1408 5138 et
1433 5085 1500 5139 ab
1529 5086 1631 5142 hoc
1661 5104 1785 5143 con-

186 5165 371 5225 sortio
389 5166 643 5234 separati,
664 5168 756 5236 qui
778 5178 965 5238 putant
990 5175 1222 5241 propriae
1240 5175 1379 5243 plebi
1402 5177 1779 5248 incubandum,

186 5268 247 5316 αι
275 5272 667 5328 nonnunquam
692 5264 945 5320 conventi
968 5264 1045 5320 ad:
1063 5267 1348 5327 concilium
1381 5273 1564 5326 venire
1603 5273 1782 5330 detre-

186 5358 367 5417 ctant,
420 5364 521 5409 sua
566 5349 705 5413 forte
757 5367 824 5413 ιθ
870 5355 1169 5424 metiantur
1219 5358 1420 5429 Mue
1458 5373 1777 5423 metuentes.

188 5436 347 5503 Dico.
372 5438 421 5499 si
449 5438 649 5510 placet,
680 5443 824 5503 circa
844 5444 946 5507 hos
993 5462 1099 5506 non
1146 5459 1351 5509 tantum
1378 5452 1644 5511 dimooses
1672 5474 1779 5512 non

187 5544 313 5587 esse
360 5531 675 5600 servandas,
706 5550 891 5599 verum
936 5547 992 5597 et
1015 5538 1082 5601 de
1111 5544 1323 5615 propria
1348 5544 1587 5602 Ecclesia
1606 5589 1622 5615 ,
1661 5564 1781 5618 quas

190 5622 297 5685 illis
323 5624 473 5685 nale
494 5623 709 5693 faverit.
747 5631 1063 5697 omnimodo
1106 5638 1471 5705 amittendae,
1516 5647 1579 5694 ut
1614 5643 1777 5698 etiam

192 5714 521 5773 antatium
548 5717 763 5785 publica
789 5719 1112 5797 reﬁciantur,
1142 5739 1302 5804 atque
1325 5732 1395 5787 ab
1421 5720 1548 5801 ipsis
1576 5732 1778 5802 princi-

1889 472 2155 525 universis
2185 470 2452 536 fratribus,
2498 487 2562 526 ac
2608 480 2724 527 toto
2764 474 2996 528 concilio
3038 474 3328 538 inhaeserit,
3372 490 3480 528 non

1886 562 2061 616 solum
2093 578 2243 616 suam
2267 563 2477 632 integro
2503 563 2643 631 jure,
2688 563 2782 618 sed
2812 573 2867 618 et
2894 565 3153 620 dimceses
3182 564 3475 636 possideat.

1887 654 1957 707 At
1984 668 2133 717 vero,
2170 657 2260 723 qui
2281 655 2496 710 sibimet
2525 664 2715 725 putant
2738 656 2919 725 plebes
2949 656 3216 724 sufficere,
3242 657 3475 711 fraterna

1886 745 2175 800 dilectione
2201 756 2530 817 contempta,
2560 763 2665 801 non
2691 756 2893 801 tantum
2921 748 3181 803 dioeceses
3208 749 3478 814 amittant,

1886 833 1998 898 scd,
2035 843 2091 888 ut
2120 835 2248 899 dixi,
2285 837 2447 890 etiam
2480 838 2710 906 propriis
2738 837 2949 907 publica
2993 848 3213 893 careant
3238 840 3475 894 auctori-

1889 935 2016 992 tate,
2043 936 2097 981 ut
2118 928 2345 982 rebelles
2391 928 2696 983 Honoratus
2718 938 2772 983 et
2799 930 3044 985 Urbanus
3067 931 3303 1001 episcopi
3324 931 3477 987 dixe-

1886 1029 2011 1073 runt
2036 1037 2046 1071 :
2075 1018 2291 1073 Summa
2322 1019 2559 1089 provisio
2588 1021 2888 1075 sanctitatis
2931 1031 3034 1076 tua:
3076 1022 3296 1077 cohznsit
3326 1039 3475 1077 men-

1888 1110 2027 1163 tibus
2074 1110 2425 1178 s’ingulorum,
2464 1120 2519 1165 et
2557 1120 2705 1180 puto,
2739 1113 2976 1166 omnium
3016 1114 3368 1183 responsione
3410 1129 3477 1169 ea

1886 1214 2003 1267 quae
2027 1201 2276 1268 prosequi
2303 1201 2549 1268 dignatus
2590 1218 2666 1261 es,
2701 1204 3025 1258 roboranda.
3081 1204 3322 1260 Universi
3368 1206 3479 1276 epi-

1886 1290 2034 1360 scopi
2058 1292 2309 1345 dixerunt
2333 1310 2345 1344 :
2380 1291 2583 1358 Placet,
2614 1294 2810 1361 placet.

1995 1400 2061 1455 Ut
2085 1402 2282 1455 alienus
2315 1403 2530 1455 clericus
2559 1405 2765 1457 minime
2795 1406 3108 1476 suscipiatur
3130 1408 3193 1461 ab
3236 1409 3360 1462 alio.

1956 1489 2087 1545 LIV.
2129 1491 2421 1562 Epigonius
2450 1494 2737 1563 episcopus
2780 1496 2948 1549 dixit:
2994 1496 3053 1553 In
3080 1499 3262 1555 multis
3290 1498 3475 1554 conci-

1886 1581 2093 1636 liishoc
2133 1591 2393 1636 statutum
2441 1593 2543 1647 est,
2570 1585 2735 1639 etiam
2767 1602 2908 1645 nunc
2950 1587 3055 1645 hoc
3097 1588 3473 1649 confirmatum

1888 1681 1971 1726 est
2000 1687 2028 1724 a
2059 1681 2236 1726 vestra
2280 1673 2585 1741 prudentia,
2636 1674 2929 1731 beatissimi
2958 1675 3175 1747 fratres,
3219 1687 3278 1732 ut
3318 1679 3476 1734 Cleri-

1888 1777 2008 1815 cum
2040 1761 2273 1815 alienum
2306 1762 2481 1816 nullus
2505 1763 2603 1817 sibi
2644 1764 2917 1834 prscripiat
2956 1766 3239 1841 episc0pus
3282 1777 3478 1838 prseter

1886 1853 2003 1922 ejus
2026 1854 2326 1919 arbitrium,
2358 1855 2510 1923 cujus
2532 1855 2693 1911 fuerit
2722 1858 2971 1915 clericus.
3016 1860 3147 1916 Dico
3177 1871 3355 1917 autem
3383 1860 3475 1917 Ju-

1886 1944 2106 2011 lianum,
2133 1946 2222 2013 qui
2248 1946 2488 2015 ingratus
2514 1956 2596 2002 est
2623 1947 2719 2003 Dei
2739 1948 3013 2010 beneflciis
3034 1967 3132 2020 per
3152 1968 3326 2009 meam
3350 1969 3475 2025 par-

1887 2036 2111 2092 vitatem
2141 2038 2195 2090 in
2221 2053 2279 2092 se
2308 2039 2519 2093 collatis
2542 2079 2558 2103 ,
2611 2041 2682 2099 ita
2733 2044 3075 2098 temerarium
3117 2053 3172 2098 et
3216 2045 3476 2100 audacem

1889 2128 2179 2193 exstitisse,
2206 2136 2261 2182 ut
2288 2144 2411 2183 eum
2440 2131 2531 2199 qui
2558 2146 2588 2184 a
2629 2147 2713 2185 me
2736 2132 3038 2203 baptizatus
3061 2142 3160 2200 est,
3190 2151 3311 2189 cum
3334 2146 3477 2192 esset

1892 2236 2025 2290 puer
2074 2220 2471 2287 egentissimus,
2512 2222 2639 2278 mihi
2687 2224 2756 2277 ab
2801 2223 2990 2277 eodem
3048 2226 3485 2292 commendatus,

1886 2326 2112 2381 cumque
2143 2312 2323 2369 multis
2347 2315 2500 2368 annis
2530 2330 2559 2369 a
2591 2329 2676 2368 me
2725 2315 2964 2371 aleretur
3002 2325 3163 2387 atque
3208 2318 3477 2379 incresce-

1884 2410 1987 2467 ret,
2019 2403 2179 2467 hunc,
2214 2410 2272 2457 ut
2302 2402 2432 2466 dixi,
2467 2405 2795 2473 baptizatum
2825 2421 2944 2462 esse
2974 2406 3027 2459 in
3054 2405 3292 2462 Ecclesia
3333 2423 3485 2474 mea,

1886 2508 1982 2563 per
2010 2508 2225 2547 manum
2258 2494 2535 2563 parvitatis
2562 2510 2697 2551 mea:
2719 2504 2930 2555 constat
2955 2514 2967 2549 :
3002 2497 3144 2555 idem
3174 2500 3227 2551 in
3259 2497 3489 2562 dimcesi

1886 2584 2237 2654 Mappaliensi
2290 2585 2460 2641 lector
2499 2602 2616 2642 esse
2659 2598 2921 2657 coeperat,
2971 2590 3079 2647 imo
3128 2592 3278 2647 annis
3312 2591 3485 2651 ferme.

1887 2671 2093 2728 duobus
2135 2672 2360 2745 legerat,
2409 2676 2592 2731 nescio
2641 2691 2749 2745 quo
2798 2686 3114 2750 contemptu
3162 2682 3477 2739 humilitatis

1886 2778 2039 2827 meae,
2065 2763 2207 2819 idem
2246 2762 2491 2820 Julianus
2520 2780 2641 2820 eum
2673 2767 2918 2837 arripuit,
2965 2785 3125 2839 quem
3156 2771 3284 2827 dicit
3321 2772 3485 2840 quasi~

1886 2856 2161 2924 proprium
2184 2855 2354 2909 civem
2392 2856 2475 2910 sui
2516 2858 2619 2912 loci
2665 2857 2990 2925 Vazaritani,
3040 2876 3128 2915 me
3175 2862 3480 2925 inconsulto

1890 2958 2168 3013 usurpare,
2202 2960 2325 2998 nam
2355 2953 2410 3000 et
2436 2946 2721 3003 diaconum
2753 2949 2907 3005 illum
2945 2951 3255 3005 ordinavit:
3290 2953 3395 3008 hoc
3432 2952 3481 3006 si

1889 3033 2072 3100 liceat,
2106 3044 2289 3105 pateat
2318 3037 2432 3092 haec
2458 3038 2673 3093 licentia
2705 3042 2882 3111 nobis,
2912 3042 3208 3098 beatissimi
3250 3043 3475 3110 fratres,

1814 3112 1865 3175 C‘
1893 3125 1937 3177 si
1969 3126 2161 3189 minus,
2208 3133 2315 3179 tam
2346 3127 2627 3198 impudens
2654 3131 2993 3200 cohibeatur,
3045 3148 3111 3187 ne
3159 3149 3217 3188 se
3258 3134 3477 3195 misceat

1888 3215 2255 3270 communioni
2286 3216 2625 3286 cujusquam.
2654 3218 2933 3276 Numidius
2976 3222 3260 3293 episcopus
3303 3225 3475 3280 dixit:

1888 3300 1945 3356 Si
1975 3318 2083 3357 non
2113 3306 2383 3374 postulata
2442 3324 2616 3379 neque
2655 3312 2900 3371 consulta
2940 3321 3028 3368 tua
3078 3313 3386 3384 dignatione
3426 3316 3481 3377 id,

1887 3396 2096 3450 videtur
2117 3397 2305 3452 fecisse
2334 3396 2595 3470 Julianus,
2622 3402 2923 3470 judicamus
2952 3420 3141 3460 omnes
3169 3406 3352 3475 inique
3395 3408 3477 3459 fa-

1887 3496 2050 3550 ctum,
2082 3496 2244 3557 atque
2278 3490 2508 3557 indigne.
2536 3490 2874 3563 Quapropter
2912 3495 3013 3548 nisi
3056 3496 3194 3549 idem
3235 3496 3477 3555 Julianus

1886 3579 2185 3633 correxerit
2212 3594 2451 3633 errorem
2491 3596 2667 3644 suum,
2698 3591 2753 3636 et
2780 3599 2902 3638 cum
2925 3585 3290 3641 satisfactione
3322 3604 3474 3643 eum-

1887 3666 2009 3721 dem
2039 3668 2313 3733 clericum,
2345 3684 2503 3737 quem
2534 3669 2708 3725 fuerat
2733 3688 2895 3727 ausus
2935 3674 3200 3742 ordinare,
3255 3693 3478 3733 revoca-

1886 3763 2024 3816 verit
2053 3769 2153 3815 ture
2183 3762 2347 3832 plebi,
2375 3770 2562 3819 contra
2592 3772 2789 3820 statuta
2836 3767 3047 3821 concilii
3080 3768 3298 3833 faciens,
3339 3786 3476 3826 con-

1888 3856 2135 3915 tumacisc
2173 3871 2282 3917 sua:
2307 3864 2589 3927 separatus
2626 3872 2656 3911 a
2686 3858 2861 3923 nobis,
2914 3860 3148 3929 excipiet
3191 3861 3467 3929 judicium.

1886 3944 2176 4016 Epigonius
2205 3949 2489 4019 episcopus
2516 3949 2649 4003 dixit
2677 3968 2688 4002 :
2715 3948 2898 4017 Aitate
2926 3961 3098 4021 pater,
3125 3960 3178 4007 ct
3208 3954 3322 4023 ipsa
3349 3970 3476 4023 pro-

1886 4037 2128 4099 motione,
2156 4036 2577 4107 antiquissimus,
2606 4039 2687 4093 vir
2715 4039 3022 4105 laudabilis,
3056 4042 3222 4097 frater
3258 4052 3315 4098 et
3360 4043 3469 4100 col-

1886 4124 2001 4192 lega
2033 4135 2217 4180 noster
2244 4124 2429 4182 Victor
2474 4129 2588 4183 vult
2626 4129 2766 4191 hanc
2807 4132 3123 4201 petitionem
3170 4134 3475 4201 generalem

1887 4216 2133 4275 omnibus
2163 4214 2322 4270 ellici.

1891 4304 1957 4359 Ut
2010 4304 2406 4377 Cartheginensi
2453 4311 2688 4381 episcopo
2755 4312 2892 4366 unde
2967 4315 3181 4368 voluerit
3234 4316 3475 4370 clericum

2452 4380 2603 4433 liceat
2626 4380 2894 4435 ordinare.

1957 4466 2065 4520 LV.
2107 4468 2354 4524 Aurelius
2405 4472 2689 4541 cpiscopus
2736 4473 2906 4527 dixit:
2940 4474 3255 4530 Sermonem
3295 4494 3474 4532 meum

1884 4558 2165 4623 admittite,
2198 4558 2406 4614 fratres.
2439 4559 2713 4630 Contingit
2757 4579 3163 4634 nonnunquam,
3209 4576 3265 4619 ut
3289 4576 3475 4635 postu-

1883 4649 2061 4702 lentur
2081 4651 2148 4703 ab
2180 4650 2456 4719 Ecclesiis,
2487 4667 2606 4721 qua:
2649 4656 2949 4725 prmpositis
2995 4665 3171 4725 egent,
3217 4658 3301 4712 vel
3352 4676 3475 4729 pre-

1883 4740 2131 4809 sbyteris.
2161 4740 2246 4794 vel
2276 4742 2578 4811 episcopis:
2608 4753 2663 4798 et
2694 4751 2871 4799 tamen
2916 4762 3123 4801 memor
3151 4756 3473 4805 statutormn

1886 4828 1939 4882 id
1973 4843 2188 4899 sequor,
2227 4840 2286 4885 ut
2326 4835 2642 4889 conveniam
2672 4838 2982 4908 episcopum
3027 4840 3161 4911 ejus,
3214 4852 3375 4912 atque
3422 4844 3474 4900 ei

1887 4917 2178 4985 inculecm,
2230 4922 2371 4989 quod
2412 4922 2529 4991 ejus
2569 4925 2803 4981 clericus
2856 4943 2887 4981 a
2938 4931 3181 4999 qualibet
3235 4930 3475 4989 Ecclesia

1885 5012 2220 5079 postuletur:
2254 5015 2347 5069 sed
2381 5014 2516 5071 forte
2546 5017 2598 5071 in
2630 5018 2892 5075 hodierno
2922 5037 3028 5076 non
3053 5022 3295 5077 reluctati
3323 5037 3467 5092 sunt,

1884 5107 1939 5151 et
1964 5100 2248 5166 nequando
2276 5104 2549 5172 contingat
2572 5115 2627 5159 ut
2672 5106 3017 5175 relnctentur,
3063 5128 3185 5164 cum
3215 5113 3409 5167 fuerint
3442 5129 3471 5169 a

1884 5201 1977 5240 me
2002 5187 2053 5240 in
2084 5188 2184 5243 hac
2212 5205 2369 5245 causa
2400 5195 2672 5261 postulati,
2705 5212 2862 5266 quem
2885 5200 3030 5255 scitis
3059 5201 3343 5256 multarum
3371 5202 3473 5257 Ec-

1885 5277 2189 5346 clesiarum,
2224 5290 2277 5336 et
2300 5276 2919 5345 ordinandorumicuram
2948 5294 3236 5351 sustinere.
3263 5295 3470 5352 Justum

1883 5378 1968 5422 est
2009 5383 2156 5437 ergo,
2205 5380 2264 5425 ut
2313 5376 2606 5441 quemlibet
2649 5383 3095 5437 consacerdotum
3150 5401 3466 5440 conventam

1885 5475 2007 5514 cum
2047 5460 2259 5518 duobus
2283 5479 2314 5519 e
2339 5469 2613 5523 consortio
2636 5481 2844 5540 nostro,
2871 5475 2957 5529 vel
3003 5476 3173 5531 tribus
3224 5479 3467 5533 testibus.

1882 5549 1977 5615 Sin
2010 5569 2136 5615 vero
2180 5556 2464 5616 indevotus
2507 5563 2794 5629 exstiterit,
2825 5567 2957 5637 quid
3000 5582 3187 5625 censet
3233 5572 3472 5628 charitas

1881 5652 2056 5699 vestra
2086 5643 2425 5704 faciendum?
2448 5650 2558 5721 Ego
2579 5654 2723 5709 enim
2745 5667 3058 5711 cunctarum
3082 5658 3467 5724 Ecclesiarum,

1881 5731 2187 5803 dignatione
2217 5738 2330 5807 Dei,
2354 5752 2411 5798 ut
2437 5744 2602 5801 scitis.
2630 5744 3281 5812 fratres,sollieitudinem
3312 5752 3475 5809 susti-
