3988 6344
454 331 555 388 επ

1724 317 2076 376 Dle'SlUS
2115 314 2446 374 EXIGUUS.

3619 313 3723 361 200

449 462 574 502 nec.
597 444 871 500 Numidius
894 443 1178 513 episcopus
1205 440 1377 496 dixit:
1408 439 1531 494 Fuit
1557 452 1770 508 semper
1806 437 1923 491 hazc
1962 435 2030 489 li-
2058 445 2107 505 Α
2133 432 2475 501 Carthagine,
2521 425 2722 501 placuit
2766 436 2824 481 ut
2863 423 3039 480 nullus
3086 422 3465 493 episcoporum
3511 424 3725 491 naviget

449 537 627 594 centia
658 535 781 593 huic
804 533 937 599 sedi,
966 542 1022 587 ut
1046 532 1184 587 unde
1214 530 1395 596 vellet,
1443 537 1499 584 et
1525 529 1592 583 de
1632 527 1785 596 cujus
1814 525 2035 580 nomine

452 628 639 682 fuisset
680 632 996 688 conventus,
1041 638 1141 692 pro
1168 621 1437 677 desiderio
1475 620 1732 688 cujusque
1776 615 2037 671 Ecclesia:

452 717 703 772 ordinare
730 716 1062 786 episcopum.
1096 713 1382 784 Epigonius
1412 712 1693 782 episcopus
1716 709 1888 763 dixit:
1926 706 2032 761 Bo-

456 809 596 861 nitas
622 814 923 874 sequestrat
968 804 1396 874 possibilitatem,
1445 801 1618 853 minus
1648 798 1790 853 enim
1838 811 2039 866 prmsu-

455 899 579 965 mis,
611 898 798 961 frater,
823 912 944 951 cum
981 904 1032 949 te
1079 896 1279 949 bonum
1326 902 1381 946 et
1429 892 1746 946 clementem
1789 885 2039 942 omnibus

455 988 700 1056 przebes;
733 986 898 1040 habes
929 986 1071 1040 enim
1116 985 1220 1039 hoc
1253 984 1304 1037 in
1335 982 1576 1044 arbitrio,
1618 979 1713 1034 sed
1756 978 1912 1045 longe
1958 983 2042 1031 est

458 1087 518 1134 ut
544 1078 769 1133 satisﬁat
795 1092 1037 1148 persona:
1066 1076 1479 1145 uniuscujusque
1506 1073 1744 1142 episcopi
1788 1071 1839 1123 in
1867 1069 2041 1139 prima

461 1170 830 1224 tantummodo
859 1169 1237 1224 conventione.
1284 1166 1341 1221 Si
1370 1173 1547 1220 autem
1576 1162 1722 1233 quod
1756 1162 1881 1216 licet
1916 1159 2042 1214 huic

460 1262 574 1317 sedi
598 1262 969 1316 vindicandum
995 1259 1095 1314 sibi
1118 1258 1276 1313 fuerit
1295 1258 1601 1320 arbitratus,
1626 1265 1849 1308 necesse
1875 1250 2042 1305 habes

463 1365 519 1409 tu
541 1369 727 1410 omnes
747 1353 1013 1408 Ecclesias
1038 1352 1247 1419 fulcire,
1276 1349 1415 1404 unde
1443 1347 1537 1403 tibi
1582 1362 1689 1401 non
1719 1351 2043 1415 potestatein

462 1446 669 1511 damus,
700 1445 793 1499 sed
821 1454 925 1498 tuze
954 1445 1310 1512 assignamus,
1335 1450 1395 1495 ut
1422 1439 1580 1493 liceat
1618 1438 1836 1492 volunta
1861 1436 1878 1489 i
1918 1444 2042 1500 tum,

464 1546 521 1592 et
546 1553 759 1608 semper
788 1547 970 1593 tenere
998 1554 1157 1608 quem
1193 1536 1361 1603 voles,
1406 1543 1465 1591 ut
1509 1532 1827 1605 przepositos
1877 1529 2047 1602 plebi-

462 1628 563 1682 bus
605 1628 691 1681 vel
712 1627 963 1683 Ecclesiis
990 1644 1097 1682 non
1145 1626 1459 1690 constituas,
1501 1625 1593 1694 qui
1639 1621 1893 1694 postulati
1933 1619 2047 1674 fue-

464 1718 591 1783 rint,
609 1724 665 1771 et
687 1717 824 1771 unde
845 1717 1095 1773 volueris.
1121 1715 1534 1771 Posthumianus
1575 1714 1863 1783 episcopus
1882 1710 2043 1766 dixit:

466 1807 685 1873 Deinde,
720 1808 810 1876 qui
841 1823 1003 1861 unum
1033 1808 1301 1875 habuerit,
1334 1804 1570 1874 nunquid
1601 1804 1762 1859 debet
1803 1802 1880 1856 illi
1912 1816 2046 1856 unus

466 1900 746 1970 presbyter
783 1900 1020 1954 auferri?
1071 1899 1319 1954 Aurelius
1365 1899 1648 1969 episcopus
1701 1895 1837 1950 dixit
1881 1912 1895 1948 :
1946 1891 2053 1949 Sed

467 1988 752 2059 episcopus
793 2004 929 2043 unus
982 2003 1102 2043 esse
1150 1995 1346 2058 potest,
1395 2002 1493 2057 per
1538 2000 1698 2055 quem
1745 1982 2055 2052 dignatione

468 2077 647 2132 divina
678 2078 972 2149 presbyteri
1020 2078 1171 2132 multi
1218 2077 1473 2133 constitui
1512 2077 1738 2147 possint,
1782 2090 1922 2131 unus
1960 2090 2055 2130 au—

468 2177 576 2223 tem
599 2169 882 2241 episcopus
907 2169 1123 2226 difﬁcile
1148 2171 1417 2226 invenitur
1456 2168 1877 2225 constituendus.
1909 2166 2054 2234 Qua-

469 2274 692 2333 propter
745 2263 790 2318 si
845 2265 1205 2320 necessarium
1254 2264 1587 2334 episcopatui
1641 2263 1762 2333 quis
1810 2262 2058 2317 habuerit

471 2353 860 2425 presbyterum,
892 2362 949 2408 et
984 2369 1168 2422 unum,
1211 2361 1272 2409 ut
1316 2353 1522 2422 dixisti,
1572 2350 1757 2417 frater,
1792 2352 2057 2418 habuerit,

471 2444 638 2499 etiam
669 2446 842 2514 ipsum
869 2444 937 2499 ad
962 2445 1358 2515 promotionem
1406 2443 1537 2499 dare
1557 2443 1792 2499 debebit.
1837 2441 2061 2498 Posthuo

473 2534 685 2589 mianus
704 2535 988 2604 episcopus
1017 2533 1150 2587 dixit
1173 2552 1185 2586 :
1214 2530 1355 2602 Ergo
1376 2534 1421 2588 si
1442 2533 1606 2588 habet
1628 2532 1763 2587 alius
1783 2531 2061 2586 abundan-

477 2632 558 2678 tes
586 2624 830 2689 clericos,
860 2624 1020 2678 debet
1048 2624 1176 2678 mihi
1206 2624 1308 2678 alia
1337 2623 1488 2694 plebs
1531 2622 1859 2678 subvenire?
1886 2622 2060 2677 Aure-

477 2713 579 2770 lius
601 2716 885 2785 episcopus
913 2714 1082 2770 dixit:
1106 2714 1266 2782 Sane,
1296 2714 1512 2787 quando
1536 2724 1591 2770 tu
1621 2714 1872 2771 Ecclesiae
1906 2716 2066 2780 alteri

398 2820 406 2829 ·
478 2805 810 2871 subveneris,
844 2804 1254 2874 persuadebitur
1305 2806 1379 2859 illi
1410 2806 1498 2874 qui
1530 2805 1712 2876 plures
1751 2805 1914 2862 habet
1956 2804 2067 2861 cle—

480 2895 642 2963 ricos,
674 2903 734 2948 ut
754 2910 917 2949 unum
941 2895 1038 2950 tibi
1067 2895 1424 2952 ordinandum
1452 2895 1727 2964 largiatur.

485 3003 552 3058 Ut
582 3005 807 3076 episcopi
835 3006 921 3076 qui
955 3006 1008 3059 in
1038 3005 1336 3076 dioecesibus
1386 3007 1576 3073 fuerint
1628 3006 1857 3062 ordinati
1884 3006 2067 3061 αἰωρο-

904 3076 1003 3128 sim
1023 3074 1120 3128 sibi
1141 3076 1336 3128 nullam
1366 3076 1639 3129 vindicent.

2139 524 2255 578 sine
2278 521 2507 576 formata
2532 517 2794 589 primatis.
2817 515 2980 573 Gesta
3007 515 3062 569 in
3083 512 3427 581 authenticis,
3459 514 3551 584 qui
3572 530 3721 583 quae-

2140 622 2241 680 ret,
2271 612 2531 668 inveniet.

2140 725 2219 780 De
2249 724 2467 780 concilio
2507 724 2607 778 isto
2649 722 2805 793 legati
2869 720 2938 773 ad
2981 721 3341 793 imperatorem
3368 719 3510 789 infra
3538 720 3723 787 scripsi

2322 830 2323 833 η
2656 790 2946 863 diriguntur
2971 790 3216 860 episcopi.

2216 907 2345 963 Post
2371 905 2709 962 consulatum
2746 901 3115 973 gloriosissimi
3156 901 3502 970 imperatoris
3539 901 3726 958 Hono-

2141 999 2207 1054 rii
2238 998 2460 1066 Augusti
2489 995 2554 1050 1V
2586 1005 2642 1050 et
2668 993 2986 1066 Eutycbiani
3016 1008 3069 1048 γ.
3101 1007 3178 1061 c.,
3200 992 3388 1060 quinto
3409 992 3513 1047 cal.
3531 992 3724 1061 Maias,

2142 1088 2491 1156 Carthagine,
2524 1088 2577 1141 in
2607 1086 2902 1141 secretario
2939 1084 3173 1139 basilicae
3210 1085 3492 1139 restitutae.
3532 1084 3590 1139 In
3621 1087 3725 1140 hoc

2143 1181 2370 1237 concilio
2398 1180 2718 1249 legationem
2772 1186 3124 1247 susceperunt
3164 1175 3454 1247 Epigonius
3498 1186 3555 1233 et
3593 1178 3727 1232 Vin-

2143 1272 2352 1328 centius
2379 1272 2661 1341 episcopi,
2714 1278 2772 1323 ut
2802 1284 2901 1339 pro
2947 1267 3376 1338 confugientibus
3423 1268 3490 1324 ad
3545 1270 3726 1324 eccle-

2144 1365 2299 1431 siam,
2330 1378 2650 1433 quocunque
2690 1370 2844 1416 reatu
2892 1360 3168 1425 involutis,
3213 1360 3385 1428 legem
3424 1360 3493 1416 de
3524 1360 3728 1430 glorio-

2145 1456 2369 1511 sissitnis
2390 1454 2717 1525 principibus
2738 1459 3069 1517 mereantur,
3123 1466 3191 1507 ne
3223 1452 3344 1521 quis
3386 1464 3483 1507 eos
3530 1449 3729 1507 audeat

2147 1548 2481 1604 abstrahere.
2590 1546 2591 1549 “

2151 1658 2217 1714 In
2244 1660 2340 1739 (ioc
2368 1658 2585 1713 concilio
2611 1656 2799 1739 legatio
2821 1656 3108 1739 destinatur
3133 1655 3592 1739 adoRonianumle't
3618 1655 3730 1710 Hes

2223 1731 2573 1808 diolanensem
2593 1726 2879 1808 ᾳρὶδεοροδἓ
2910 1726 2976 1808 de
3008 1727 3242 1808 parvulis
3271 1728 3359 1797 qui
3392 1726 3529 1808 apud
3557 1727 3729 1808 {icere-

2081 1818 2126 1878 Β
2222 1801 2349 1878 ticos
2384 1796 2632 1878 lJ-aptizoti
2664 1796 2802 1878 sunt,
2831 1804 2882 1878 et
2906 1797 2976 1878 ad
3001 1796 3364 1878 imperatorem
3391 1797 3455 1849 de
3472 1796 3731 1878 idolorum

2220 1865 2457 1939 reliquiis
2472 1866 2786 1936 auferendis,
2810 1874 2859 1921 et
2896 1866 2962 1920 de
3002 1866 3120 1921 aliis
3145 1865 3293 1920 rebus
3318 1866 3732 1935 quamplurimis.

2224 1980 2357 2036 Post
2382 1979 2719 2036 consulatum
2748 1978 2827 2033 Fl.
2865 1976 3140 2033 Stiliconis
3160 1994 3214 2033 v.
3256 1994 3335 2046 c.,
3366 1994 3458 2033 xiv
3494 1977 3597 2033 cal.
3638 1975 3736 2033 lu-

2153 2070 2273 2137 lias,
2323 2071 2667 2139 Carthagine,
2712 2070 2768 2125 in
2811 2070 3104 2125 secretario
3157 2070 3390 2125 basilicae
3444 2069 3729 2125 restitutae.

2154 2160 2289 2217 Cum
2320 2160 2567 2217 Aurelius
2594 2162 2879 2232 episcopus
2913 2175 3018 2215 una
3067 2176 3189 2216 cum
3236 2161 3571 2232 coepiscopis
3620 2161 3737 2217 suis

2156 2251 2510 2317 consedisset,
2542 2250 2839 2305 astantibus
2866 2251 3129 2319 diaconis,
3160 2250 3407 2308 Aurelius
3450 2252 3738 2324 episcopus

2158 2336 2327 2400 dixit:
2369 2343 2727 2400 Ecclesiarum
2766 2343 2862 2399 Dei
2908 2358 3007 2414 per
3049 2343 3281 2399 Africam
3323 2345 3740 2400 constitutarum

2161 2437 2508 2493 necessitates
2551 2451 2761 2493 mecum
2805 2436 3009 2508 optime
3053 2427 3218 2491 nov‘it'
3246 2435 3478 2490 charitas
3530 2444 3737 2503 vestra,

2160 2526 2481 2582 sanctissimi
2515 2525 2727 2590 fratres,
2769 2534 2825 2582 et
2862 2526 3114 2597 quoniam
3160 2526 3410 2596 praestitit
3455 2526 3741 2594 Dominus,

2163 2622 2224 2670 ut
2245 2630 2313 2670 ex
2334 2615 2511 2684 aliqua
2539 2622 2692 2684 parte
2728 2615 2902 2670 sancti
2923 2622 3094 2670 cmtus
3126 2614 3288 2670 vestri
3328 2622 3473 2670 esset
3512 2630 3744 2686 congre-

2164 2716 2287 2777 gata
2311 2707 2618 2777 praesentia,
2665 2706 2879 2761 videtur
2916 2707 3049 2761 mihi
3075 2715 3134 2761 ut
3176 2707 3271 2761 has
3299 2706 3513 2762 easdem
3551 2721 3746 2763 neces-

2165 2799 2371 2864 sitates,
2403 2812 2538 2866 quas
2558 2813 2656 2868 pro
2684 2797 3041 2853 sollicitudine
3071 2806 3252 2853 nostra
3282 2797 3533 2867 indagare
3562 2800 3746 2869 potui—

2167 2903 2305 2953 mus,
2336 2887 2390 2941 in
2420 2888 2654 2942 medium
2682 2886 3034 2957 proferamus,
3057 2902 3191 2956 quas
3210 2902 3331 2942 cum
3357 2888 3744 2957 approbaverit

2168 2988 2346 3034 vestra
2392 2978 2693 3045 sinceritas,
2742 2978 2813 3032 sit
2857 2992 3211 3047 consequens,
3261 2978 3566 3048 eligendum
3622 2996 3749 3035 esse

2170 3085 2334 3125 unum
2358 3086 2388 3124 a
2409 3076 2594 3126 nostro
2614 3085 2839 3126 numero
2860 3070 3321 3137 consacerdotem,
3343 3070 3432 3140 qui
3453 3071 3751 3127 auxiliante

555 3162 688 3217 LVI.
736 3161 1040 3218 Honoratus
1092 3172 1148 3219 et
1198 3162 1443 3218 Urbanus
1492 3165 1730 3235 episcopi
1773 3165 2023 3222 dixerunt
2051 3184 2064 3220 :
2095 3176 2141 3239 ς
2173 3162 2421 3229 Domino,
2448 3171 2501 3218 et
2529 3162 2860 3219 orationibus
2881 3162 3092 3224 vestris,
3130 3171 3185 3217 et
3212 3162 3311 3219 has
3340 3164 3481 3234 ipsas
3509 3166 3751 3220 necessi-

485 3255 798 3311 Audivimus
834 3256 1183 3311 constitutum
1228 3263 1287 3311 ut
1323 3257 1585 3312 dimceses
1621 3273 1728 3311 non
1766 3266 2073 3313 mereantur

486 3351 770 3420 episcopos
800 3349 1064 3419 accipere,
1093 3348 1196 3403 nisi
1225 3364 1488 3405 consensu
1533 3347 1647 3417 ejus
1680 3347 1777 3402 sub
1799 3363 1914 3418 quo
1959 3347 2076 3402 fue-

489 3449 613 3496 rant
639 3442 941 3496 constitutte
966 3460 979 3494 :
1005 3441 1099 3497 sed
1124 3444 1176 3496 in
1201 3443 1476 3513 provincia
1520 3450 1703 3497 nostra
1741 3457 1863 3497 cum
1911 3441 2076 3512 aliqui

491 3532 629 3589 forte
657 3536 711 3589 in
751 3534 994 3604 dioecesi,
1025 3535 1353 3591 concedente
1380 3551 1447 3590 eo
1486 3535 1763 3605 episcopo,
1815 3535 1869 3588 in
1918 3533 2074 3603 cujus

490 3632 759 3694 potestate
789 3622 1000 3680 fuerant
1028 3625 1327 3691 constituti,
1370 3625 1603 3679 ordinati
1646 3632 1770 3679 sunt
1811 3625 2072 3695 episcopi,

493 3716 656 3769 etiam
683 3714 943 3771 dioeceses
968 3716 1069 3771 sibi
1096 3717 1390 3782 vindicant,
1422 3715 1526 3771 hoc
1570 3727 1624 3771 et
1667 3716 1862 3784 corrigi
1902 3716 2078 3771 chari-

497 3805 621 3858 tatis
644 3786 840 3859 ‘vestrae
856 3803 1079 3873 judicio,
1110 3814 1165 3861 et
1186 3805 1415 3860 inhiberi
1438 3805 1505 3861 de
1531 3813 1725 3860 c:etero
1748 3803 1926 3858 debet.
1952 3802 2079 3873 Epi-

496 3895 685 3963 gonius
713 3896 996 3967 episcopus
1025 3897 1196 3951 dixit:
1230 3897 1461 3965 Singulis
1506 3895 1773 3967 episcopis
1811 3905 2080 3950 servatum

497 3997 581 4041 est
610 3987 755 4056 quod
808 3987 1076 4053 decebat,
1120 3997 1179 4043 ut
1225 4004 1293 4042 ex
1342 4004 1517 4042 massa
1571 3988 1883 4043 dioecesium
1937 3988 2081 4042 nulla

497 4084 810 4145 carperetur
851 4082 909 4128 ut
949 4073 1223 4145 proprium
1269 4074 1581 4145 episcopum
1629 4074 1921 4140 habuisset,
1980 4075 2083 4129 nisi

501 4167 615 4235 ipse
660 4180 981 4219 consensum
1030 4164 1362 4221 adhibuisset
1426 4163 1777 4220 concedendi.
1841 4163 2085 4221 Sufﬁciat

501 4256 666 4321 enim,
711 4255 755 4308 si
795 4256 1141 4321 concesserit,
1174 4263 1233 4310 ut
1280 4256 1467 4310 eadem
1505 4256 1750 4311 dimcesis
1800 4259 2080 4327 permissa,

501 4347 778 4419 proprium
809 4356 1017 4402 tantum
1053 4347 1365 4417 episcopum
1407 4345 1604 4401 habeat
1637 4387 1652 4414 ,
1709 4355 1931 4402 caateras
1977 4347 2077 4402 sibi

504 4454 609 4493 non
639 4437 910 4493 vindicent
933 4437 1209 4502 diteceses,
1246 4436 1370 4505 quia
1400 4444 1650 4507 exempta
1679 4436 1745 4491 de
1771 4436 1915 4492 fasce
1944 4437 2083 4490 mul-

2184 3259 2326 3307 tates
2356 3254 2629 3324 suscipere
2654 3253 2842 3323 possit,
2891 3261 2945 3308 et
2992 3253 3237 3321 gnaviter
3276 3253 3611 3324 peragendas
3656 3256 3755 3310 im-

2175 3348 2342 3415 plere,
2375 3353 2717 3415 perrecturus
2742 3345 2809 3399 ad
2840 3345 3221 3399 transmarinas
3248 3345 3411 3399 Italia:
3452 3354 3655 3416 partes,
3693 3353 3756 3400 ut

2177 3446 2284 3489 tam
2323 3436 2525 3491 sanctis
2552 3434 2805 3492 fratribus
2828 3444 2882 3492 et
2910 3435 3381 3492 consacerdotibus
3410 3437 3625 3503 nostris,
3652 3452 3757 3493 ve-

2176 3526 2401 3580 nerabili
2449 3533 2636 3581 sancto
2677 3524 2828 3581 fratri
2880 3524 3201 3593 Anastasio,
3252 3525 3397 3580 sedis
3442 3528 3759 3597 apostolica

2177 3620 2453 3689 episcopo,
2478 3633 2638 3689 quam
2660 3620 2823 3674 etiam
2852 3628 3041 3675 sancto
3064 3619 3214 3674 fratri
3234 3619 3462 3675 Venerio
3483 3620 3760 3677 sacerdou'

2178 3710 2593 3766 Mediolanensis
2621 3708 2890 3778 Ecclesiae,
2922 3710 3293 3765 necessitatem
3324 3710 3515 3780 ipsam,
3555 3725 3619 3764 ac
3653 3711 3764 3765 do-

2179 3802 2349 3857 lorem
2391 3809 2553 3870 atque
2590 3800 2827 3870 inopiam
2862 3810 3105 3861 nostram
3153 3799 3334 3854 valeat
3374 3798 3643 3854 intimare.
3676 3798 3766 3856 Ex

2182 3894 2265 3949 his
2286 3894 2427 3948 enim
2456 3894 2668 3949 sedibus
2694 3894 2798 3949 hoc
2825 3892 2999 3949 fuerat
3026 3892 3351 3962 prohibitum
3368 3935 3383 3961 ,
3416 3894 3560 3963 quod
3586 3909 3767 3949 nove-

2179 3985 2303 4051 rim,
2326 3984 2596 4039 communi
2618 3985 2858 4056 periculo
2888 3984 3276 4055 providendum
3300 4026 3315 4051 ,
3352 3986 3585 4040 maxime
3630 3986 3769 4055 quia

2182 4082 2329 4130 tanta
2357 4074 2644 4142 indigentia
2666 4074 2985 4130 clericorum
3026 4082 3127 4140 est,
3169 4075 3455 4145 multaeque
3499 4074 3772 4131 Ecclesia:

2181 4165 2255 4219 ita
2272 4165 2501 4222 desertae
2528 4173 2671 4232 sunt,
2703 4174 2763 4220 ut
2790 4180 2858 4220 ne
2885 4181 3049 4220 unum
3078 4166 3293 4234 quidem
3344 4166 3631 4221 diaconum
3675 4168 3775 4223 vel

2184 4254 2493 4309 illiteratum
2529 4255 2729 4308 habere
2760 4253 3115 4322 reperiantur.
3154 4252 3287 4307 Nam
3315 4253 3383 4309 de
3417 4254 3627 4309 ceteris
3672 4270 3779 4310 su-

2182 4346 2483 4415 perioribus
2540 4343 2791 4413 gradibus
2837 4352 2893 4399 et
2929 4343 3119 4399 ofﬁciis
3174 4343 3455 4398 tacendum
3506 4344 3779 4414 arbitror,

2183 4435 2329 4504 quia,
2361 4434 2568 4500 utdixi,
2600 4434 2646 4489 si
2674 4434 3024 4489 ministerium
3051 4434 3263 4488 diaconi
3292 4433 3450 4489 facile
3480 4450 3584 4489 non
3614 4435 3784 4490 inve—

504 4537 677 4582 tarum
708 4529 822 4583 sola
863 4527 1057 4582 meruit
1103 4512 1366 4582 honorem
1407 4527 1747 4597 episcopatus
1791 4527 2081 4599 suscipere.
2113 4558 2167 4617 D
2190 4528 2351 4590 nitur,
2380 4527 2551 4581 multo
2570 4526 2737 4594 magis
2757 4526 3091 4593 superiorum
3113 4524 3379 4579 honorum
3406 4524 3635 4579 inveniri
3655 4540 3785 4582 non

504 4617 750 4674 Aurelius
779 4618 1062 4689 episcopus
1076 4618 1243 4673 dixit:
1276 4616 1392 4673 Non
1415 4618 1601 4673 dubito
1627 4618 1876 4674 charitati
1900 4627 2088 4674 vestrm

504 4710 742 4765 omnium
770 4711 984 4780 placere
1005 4725 1127 4766 eum
1156 4710 1249 4780 qui
1276 4711 1331 4764 in
1359 4710 1597 4775 dioecesi,
1621 4710 1951 4766 concedente
1971 4711 2088 4781 epi-

505 4817 692 4871 scopo,
723 4802 814 4871 qui
842 4802 1117 4858 matricem
1148 4801 1340 4870 tenuit,
1363 4802 1536 4857 solam
1587 4802 1829 4858 eamdem
1858 4802 2092 4857 retinere

505 4892 719 4963 plebem
773 4893 828 4946 in
872 4907 977 4961 qua
1030 4891 1204 4947 fuerat
1267 4894 1563 4950 ordinatus.
1617 4893 1881 4961 Quoniam
1932 4896 2093 4963 igitur

508 4984 755 5038 universa
782 4983 1013 5038 arbitror
1032 4981 1193 5040 fuisse
1215 4992 1460 5053 tractata,
1488 4987 1533 5040 si
1561 4987 1740 5041 omnia
1762 5001 1883 5042 cum
1907 4986 2089 5042 animo

508 5081 690 5128 vestro
711 5082 1097 5141 convenerunt,
1127 5088 1375 5129 sermone
1396 5082 1572 5129 vestro
1600 5083 1791 5130 cuncta
1812 5076 2087 5131 roborato.

511 5161 757 5219 Universi
786 5164 1026 5235 episcopi
1047 5164 1296 5220 dixerunt
1321 5183 1333 5218 :
1368 5163 1627 5220 Omnibus
1652 5166 1806 5222 nobis
1842 5166 1957 5222 hate
1975 5166 2091 5236 pla-

508 5263 755 5322 cuerunt,
787 5265 841 5310 et
869 5257 983 5312 haec
1011 5266 1192 5313 nostra
1229 5257 1619 5327 subscriptione
1668 5256 2012 5321 ﬁrmavimus,
2038 5266 2093 5313 et

509 5347 957 5417 subscripserunt.
990 5348 1236 5404 Aurelius
1263 5349 1546 5420 episcopus
1574 5347 1829 5404 Ecclesia:
1867 5347 2089 5403 Cartha-

510 5438 745 5507 giniensis
773 5438 895 5493 huic
920 5438 1140 5495 decreto
1162 5440 1434 5507 consensi,
1472 5448 1528 5495 et
1557 5439 1809 5509 przelecto
1849 5440 2088 5496 subscri-

2189 4632 2349 4686 posse
2375 4616 2731 4671 certissimum
2758 4622 2858 4669 est.
2899 4613 2968 4667 Et
3005 4613 3348 4682 quotidianos
3387 4614 3631 4683 planctus
3684 4615 3787 4669 di-

2190 4723 2463 4764 versarum
2490 4722 2630 4777 pene
2656 4714 3021 4761 emortuarum
3049 4705 3285 4775 plebium
3317 4705 3428 4774 jam
3452 4719 3559 4759 non
3599 4708 3784 4759 susti-

2192 4812 2382 4852 nemus
2404 4815 2417 4850 :
2449 4796 2643 4866 quibus
2661 4796 2764 4851 nisi
2791 4795 2953 4850 fuerit
2973 4795 3260 4865 aliquando
3281 4795 3618 4861 subventum,
3643 4808 3793 4864 gra—

2191 4888 2273 4943 vis
2294 4888 2447 4944 nobis
2472 4897 2529 4943 et
2555 4888 2929 4943 inexcusabilis
2975 4886 3438 4941 innumerabilium
3466 4886 3793 4942 animarum

2194 4979 2533 5049 pereuntitun
2560 4994 2721 5034 causa
2752 4978 2891 5049 apud
2921 4978 3087 5032 Deum
3109 4991 3359 5031 mansura
3384 4983 3488 5030 est.

2198 5088 2267 5145 Ut
2313 5089 2513 5161 parvuli
2560 5089 2709 5161 apud,
2768 5088 3063 5143 Donatistas
3126 5088 3374 5161 baptizati
3422 5088 3476 5141 in
3519 5088 3802 5143 catholica

2637 5160 2822 5213 celeria
2851 5162 3022 5214 clerici
3051 5160 3371 5213 ordinentur.

2267 5249 2418 5305 LVII.
2462 5248 2613 5305 Unde
2641 5251 2894 5320 quoniam
2934 5251 3200 5320 superiori
3229 5249 3459 5305 concilio
3509 5256 3805 5308 statutum

2197 5358 2316 5399 esse
2343 5359 2552 5398 mecum
2574 5344 2909 5413 recognoscit
2929 5343 3252 5399 unanimitas
3271 5351 3468 5407 vestra,
3517 5351 3580 5396 ut
3607 5343 3663 5397 hi
3684 5347 3811 5413 qui

2197 5434 2337 5504 apud
2364 5434 2665 5490 Donatistas
2685 5434 2888 5505 parvuli
2915 5435 3170 5505 baptizati
3197 5442 3344 5498 sunt,
3374 5434 3613 5488 nondum
3636 5435 3813 5494 scire

512 5530 610 5598 psi.
642 5516 899 5584 Similiter
925 5535 980 5584 et
1009 5529 1189 5585 creteri
1226 5529 1464 5600 episcopi
1492 5529 1943 5601 subscripserunt.
2196 5529 2437 5584 valentes
2456 5530 2655 5584 erroris
2674 5544 2860 5585 eorum
2889 5530 3188 5591 interitum,
3238 5537 3294 5583 et
3322 5537 3680 5598 posteaquam
3718 5534 3821 5587 ad

2196 5628 2410 5675 :etatem
2427 5619 2646 5675 rationis
2660 5634 2912 5690 capacem
2932 5626 3309 5690 pervenerunt,
3325 5620 3503 5687 agnita
3527 5620 3820 5690 veritate,

2199 5710 2483 5765 falsitatem
2505 5725 2690 5767 eorum
2722 5712 3096 5779 abhorrentes,
3126 5712 3191 5768 ad
3221 5710 3517 5767 Ecclesiam
3543 5710 3649 5767 Dei
3697 5731 3832 5771 ca-

2199 5788 2483 5858 tholicani'
2495 5814 2590 5872 per
2645 5801 2947 5860 universum
2996 5800 3247 5860 mundum
3294 5798 3541 5857 diﬁusam
3592 5799 3833 5861 ordine

513 5645 580 5701 In
620 5647 712 5701 hoc
739 5647 957 5702 concilio
986 5653 1234 5700 statutum
1258 5652 1416 5726 est-ut
1453 5644 1677 5767 episcopi
1710 5644 1822 5698 sine
1858 5645 2083 5715 formata

1102 5732 1205 5767 non
1236 5732 1449 5767 namuen
1480 5753 1493 5767 .

1102 5732 1205 5770 non
1236 5732 1493 5786 navigem.

583 5806 815 5863 Caesar-io
843 5816 897 5863 et
927 5807 1103 5866 Attico
1130 5821 1215 5863 vv.
1243 5821 1323 5862 cc.
1356 5820 1559 5874 ροηδε..
1586 5812 1740 5863 sexto
1766 5803 1868 5862 cal.
1894 5803 2083 5888 Julias,
