3988 6344
205 412 303 467 2οι

204 527 455 595 antiquo,
488 541 587 596 per
615 542 803 584 manus
831 530 1234 601 impositionem
1277 532 1481 602 recepti
1520 540 1663 597 sunt,
1693 532 1790 586 de-
1819 538 1871 595 Α

204 624 339 673 bere
368 619 564 674 talibus
588 621 987 691 suscipiendum
1017 639 1211 678 munus
1239 623 1524 679 clericatus
1552 639 1659 678 non
1696 624 1798 677 im-

206 706 395 778 pedire
414 724 611 764 nomen
640 712 842 766 erroris
866 730 879 765 :
905 727 1028 768 cum
1054 729 1237 770 veram
1260 712 1553 768 Ecclesium
1584 713 1797 768 illorum

206 799 521 868 putaverint
543 799 610 854 ad
640 798 796 855 fidem
840 803 1168 869 accedendo,
1194 813 1251 859 et
1278 805 1348 858 ibi
1383 802 1597 858 Christo
1625 804 1801 859 credi-

204 887 404 954 derint,
453 898 510 944 et
557 888 835 947 Trinitatis
883 903 1218 949 sacramenta
1268 895 1628 965 perceperint,
1678 910 1798 964 qua:

204 981 391 1033 omnia
420 995 565 1045 vera,
592 989 647 1035 et
668 991 852 1037 saneta
876 990 1037 1051 atque
1075 982 1253 1038 divina
1285 1000 1404 1039 esse
1440 986 1797 1039 certissimum

202 1081 310 1133 est,
337 1080 394 1125 et
419 1071 469 1124 in
498 1072 580 1125 bis
602 1088 819 1127 onmem
842 1074 1033 1127 anima:
1061 1090 1213 1144 spem
1228 1076 1595 1130 constitutam.
1623 1075 1796 1142 Quan-

200 1176 369 1230 quam
402 1169 455 1215 et
486 1162 859 1219 bmreticorum
899 1174 1221 1235 praesumpta
1265 1167 1507 1233 audacia,
1556 1168 1797 1222 veritatis

203 1253 427 1306 nomine
452 1254 688 1322 palliata,
722 1255 837 1310 hzcc
879 1255 1093 1310 tradere
1121 1257 1335 1323 audeat,
1385 1272 1503 1326 qua:
1542 1259 1794 1329 quoniam
1826 1284 1829 1285 ν

200 1343 470 1412 simplicia
522 1355 668 1411 sunt,
719 1355 776 1400 ut
810 1357 1107 1417 prmmonet
1153 1349 1342 1403 beatus
1383 1349 1671 1418 Apostolus
1717 1351 1796 1404 di-

200 1432 403 1496 cendo,
424 1452 439 1483 (
463 1431 610 1487 Unus
625 1435 786 1501 Deus,
805 1452 906 1490 una
932 1435 1080 1502 ﬁdes,
1102 1454 1261 1491 unum
1287 1439 1569 1508 baptisma,
1592 1460 1608 1490 ι
1627 1449 1681 1494 et
1705 1440 1799 1495 itc-

203 1524 311 1577 rari
341 1541 450 1578 non
477 1526 653 1589 liceat,
689 1527 830 1596 quod
856 1528 1023 1583 semel
1053 1529 1183 1582 dare
1212 1539 1456 1597 oportet,
1486 1531 1801 1584 anathema-

202 1616 373 1668 tizato
403 1618 622 1671 nomine
647 1618 848 1672 erroris
878 1619 1207 1689 recipiantur
1230 1636 1327 1689 per
1349 1636 1539 1678 manus
1580 1622 1798 1691 imposi-

202 1707 411 1759 tionem
443 1706 495 1759 in
523 1722 679 1760 unam
703 1706 1017 1776 Ecclesiam,
1041 1710 1366 1773 columbam,
1395 1720 1451 1765 ut
1470 1712 1669 1766 dictum
1693 1723 1794 1781 est,

200 1804 256 1849 et
288 1812 451 1849 unam
482 1806 710 1851 matrem
740 1799 981 1852 omnium
1012 1799 1460 1867 Christianorum,
1496 1802 1581 1857 ubi
1617 1804 1795 1859 omnia

200 1887 291 1941 illa
322 1898 661 1942 sacramenta
692 1888 1000 1956 salubriter,
1028 1899 1082 1945 et
1111 1902 1339 1958 :eterna,
1369 1903 1425 1949 et
1454 1894 1684 1949 vitaliter
1712 1911 1791 1951 ac-

1901 1885 2049 1955 juriis
2113 1886 2515 1941 lascivientibus
2576 1894 2861 1956 appetatur
2908 1903 2920 1937 :

195 1978 512 2047 cipiuntur:
543 1994 662 2047 qua:
702 1984 1170 2050 perseverantibus
1218 1984 1271 2038 in
1313 1984 1502 2039 hieresi
1545 2000 1794 2055 magnam

196 2068 566 2123 damnationis
592 2086 807 2140 poenam
836 2075 1184 2144 conquirunt,
1219 2085 1277 2129 ut
1304 2076 1446 2145 quod
1477 2077 1555 2133 eis
1593 2079 1646 2131 in
1702 2094 1796 2133 ve-

197 2162 360 2216 ritate
384 2162 451 2215 ad
475 2173 736 2219 :eternam
767 2165 928 2219 vitam
973 2169 1410 2237 consequendam
1453 2176 1601 2225 esset
1638 2170 1795 2226 lumi-

196 2254 407 2318 nosius,
436 2254 541 2309 hoc
580 2255 633 2310 in
680 2271 864 2312 errore
894 2259 964 2313 sit
1004 2260 1341 2315 tenebrosius
1380 2268 1542 2331 atque
1571 2262 1796 2318 damno-

193 2341 327 2395 sius.
362 2341 521 2409 Quod
561 2343 828 2413 fugientes
882 2349 1147 2415 nonnulli,
1200 2358 1256 2404 et
1310 2352 1500 2406 matris
1544 2350 1795 2408 Ecclesiae

193 2432 480 2487 catholici:
509 2434 673 2490 ubera
718 2447 1131 2506 cognoscentes,
1157 2439 1250 2509 qui
1279 2439 1368 2494 illa
1398 2441 1579 2496 omnia
1606 2450 1793 2497 sancta

193 2522 456 2591 mysteria
487 2538 675 2579 amore
700 2525 944 2583 veritatis
972 2528 1340 2598 crediderunt,
1364 2538 1525 2599 atque
1547 2547 1797 2604 percepe-

192 2619 340 2677 runt,
373 2611 568 2679 quibus
597 2624 1059 2672 sacramentorum
1104 2619 1265 2675 rebus
1308 2636 1431 2675 cum
1473 2623 1595 2677 vitae
1640 2624 1795 2679 bona:

192 2702 444 2771 probitas
473 2708 783 2769 accesserit,
814 2708 931 2762 sine
952 2707 1116 2765 dubio
1153 2711 1218 2764 ad
1245 2711 1481 2767 oﬂicinm
1510 2714 1794 2771 clericatus

195 2794 335 2849 tales
382 2810 508 2850 esse
540 2798 993 2867 applicandos,et
1034 2804 1267 2859 maxime
1316 2804 1368 2858 in
1420 2814 1565 2860 tanta
1614 2822 1793 2862 rerum

194 2888 549 2955 necessitate,
581 2892 761 2947 nullus
787 2902 870 2948 est
910 2884 1002 2964 qui
1033 2912 1142 2950 non
1171 2898 1450 2952 concedat.
1476 2897 1793 2968 Quanquam

193 2981 448 3034 nonnulli
476 2981 719 3050 ejusdem
744 2994 904 3040 sectae
930 2987 1113 3042 clerici
1162 3003 1286 3043 cum
1327 2989 1596 3059 plebibus,
1630 2998 1793 3060 atque

193 3073 499 3127 honoribus
519 3075 629 3129 suis
656 3076 722 3129 ad
752 3092 851 3131 nos
874 3078 1103 3139 transire
1123 3077 1433 3134 desiderent
1457 3097 1469 3132 :
1495 3081 1588 3148 qui
1610 3094 1795 3135 amore

192 3162 423 3216 honoris
451 3170 545 3216 aut
572 3165 900 3233 persuadent
927 3166 995 3222 ad
1023 3168 1210 3234 vitam,
1238 3179 1332 3223 aut
1359 3170 1595 3225 retinent
1618 3169 1687 3225 ad
1707 3186 1795 3227 sa-

192 3255 386 3311 lutem.
420 3254 530 3311 Sed
559 3257 662 3311 hoc
695 3258 886 3327 majori
924 3260 1151 3316 fratrum
1190 3262 1620 3332 supradictorum
1662 3280 1796 3320 con-
1818 3278 1865 3342 ο

190 3346 518 3401 siderationi
545 3348 919 3404 dimittendum
962 3366 1199 3407 censeo:
1241 3362 1298 3407 ut
1327 3355 1661 3423 prudentiori
1691 3372 1791 3412 suo

190 3439 424 3494 consilio
448 3449 645 3495 nostra:
666 3443 1025 3511 suggestionis
1062 3460 1369 3502 sermonem
1398 3464 1521 3504 cum
1554 3465 1788 3521 perpen-

190 3528 392 3595 derint,
421 3530 550 3599 quid
581 3532 648 3586 de
690 3533 790 3588 hac
840 3549 900 3589 re
937 3535 1015 3590 eis
1058 3536 1291 3606 placeat,
1354 3556 1451 3594 nos
1498 3541 1790 3599 infamare

190 3621 503 3689 dignentur.
563 3623 792 3679 Tantum
842 3628 909 3681 de
955 3627 1057 3690 his,
1107 3630 1201 3698 qui
1250 3631 1480 3687 infantes
1532 3635 1790 3703 baptizati

190 3720 336 3776 sunt,
360 3714 678 3783 satagimus,
709 3725 768 3769 ut
796 3727 1018 3787 nostrm,
1048 3720 1093 3774 si
1117 3720 1313 3789 placet,
1348 3723 1399 3776 in
1430 3723 1617 3778 iisdem
1646 3725 1793 3780 ordi-

190 3804 389 3859 nandis
412 3808 760 3861 consentiant
782 3808 1067 3865 voluntati.
1092 3810 1282 3866 Omnia
1303 3827 1454 3883 ergo,
1477 3828 1597 3884 qua}
1623 3831 1788 3886 supe«

191 3895 303 3947 rius
326 3894 857 3964 comprehendimus,
875 3901 1013 3968 apud
1037 3910 1257 3958 sanctos
1276 3904 1563 3976 episcopos
1582 3909 1787 3976 agenda

189 4000 312 4038 esse
332 3999 553 4039 mecum
580 3986 915 4044 honorabilis
937 3988 1246 4047 fraternitas
1269 4002 1445 4049 vestra
1465 3999 1783 4067 perpendat.

192 4076 269 4130 De
308 4078 550 4147 reliquiis
597 4078 850 4135 idolorum
869 4121 916 4204 ,ὁ
940 4083 1017 4206 sel
1040 4085 1268 4207 dtemplis
1295 4084 1371 4145 ab,
1388 4087 1785 4156 imperatoribus

852 4169 883 4204 a
920 4170 948 4207 ο
973 4170 1035 4207 en
1076 4171 1144 4207 is.

852 4169 1144 4209 αοοιεηαιε.

256 4237 444 4292 LVIII.
475 4238 684 4295 Instant
728 4242 890 4298 etiam
918 4246 1037 4300 alia:
1076 4248 1432 4305 necessitates
1459 4266 1490 4305 a
1519 4253 1786 4322 religiosis

188 4329 613 4399 imperatoribus
660 4334 993 4402 postulanda:
1035 4356 1049 4392 :
1096 4347 1155 4394 ut
1203 4341 1460 4411 reliquias
1512 4343 1783 4400 idolorum

189 4436 283 4489 per
310 4436 539 4477 omnem
569 4422 801 4479 Africam
821 4426 1048 4495 jubeant
1076 4431 1292 4500 penitus
1318 4436 1584 4503 amputari
1614 4454 1626 4488 :
1660 4451 1783 4490 nam

185 4510 466 4582 plerisque
512 4511 567 4565 in
616 4512 751 4568 locis
807 4518 1110 4583 maritimis,
1143 4531 1305 4590 atque
1352 4524 1783 4591 possessionibus

185 4602 436 4668 diversis,
468 4602 645 4675 adhuc
674 4606 874 4660 erroris
895 4607 1048 4664 istius
1077 4610 1331 4681 iniquitas
1358 4612 1540 4682 viget:
1572 4622 1784 4683 utprae-

183 4695 461 4764 cipiantur
505 4702 563 4749 et
610 4696 723 4765 ipsa
771 4696 960 4765 deleri,
992 4708 1047 4755 et
1078 4704 1277 4772 templa
1308 4719 1515 4771 eorum,
1559 4720 1679 4775 quae
1728 4708 1782 4761 in

184 4786 353 4853 agris,
381 4784 466 4839 vel
490 4785 544 4838 in
570 4786 703 4841 locis
731 4788 927 4845 abditis
952 4794 1268 4860 constituta,
1296 4795 1443 4851 nullo
1465 4806 1784 4854 ornamento

184 4886 329 4937 sunt,
360 4877 659 4944 jubeantur
687 4879 999 4936 omnimodo
1025 4882 1249 4939 destrui.

187 4972 253 5026 [ι
284 4973 468 5024 clerici
504 4972 567 5026 de
587 4971 776 5051 judicii
814 4976 895 5051 sui
938 4978 1236 5051 cognitione
1288 4996 1391 5034 non
1432 4990 1685 5051 cogantur
1725 4984 1779 5035 in

590 5043 788 5110 publica
818 5045 987 5099 dicere
1003 5043 1380 5103 testimonium.

250 5129 391 5186 LIX.
424 5129 723 5187 Petendum
768 5135 963 5201 etiam,
992 5146 1050 5190 ut
1078 5146 1318 5194 statuere
1359 5140 1644 5208 dignentur
1676 5160 1686 5195 :
1723 5153 1781 5197 ut

180 5224 221 5276 si
256 5221 403 5277 forte
432 5222 489 5276 in
511 5221 749 5279 Ecclesia
772 5228 1069 5294 quamlibet
1087 5246 1303 5285 causam
1322 5230 1445 5301 jure
1482 5234 1780 5304 apostolico

182 5310 444 5367 Ecclesiis
470 5313 723 5383 imposito
751 5329 912 5384 agere
941 5319 1230 5384 voluerint,
1281 5329 1337 5376 et
1366 5323 1593 5379 fortasse
1631 5324 1778 5380 deci-

182 5404 264 5458 sio
292 5404 619 5458 clericorum
647 5407 735 5459 uni
768 5409 902 5477 parti
935 5410 1269 5480 displicuerit
1294 5452 1309 5477 ,
1343 5430 1449 5469 non
1479 5415 1641 5469 liceat
1671 5416 1781 5471 cle-

182 5495 354 5549 ricum
406 5496 458 5549 in
503 5493 761 5563 judicium
805 5499 872 5553 ad
903 5501 1275 5557 testimonium
1322 5504 1571 5559 devoc'ari
1618 5522 1778 5571 eum,

180 5586 273 5653 qui
302 5587 586 5653 cognitor,
628 5588 715 5642 vel
751 5604 989 5659 praesens
1038 5590 1138 5646 fuit
1171 5581 1278 5659 {ut
1328 5596 1473 5651 nulla
1516 5595 1585 5651 ad
1628 5599 1781 5653 testi-

182 5679 429 5731 monium
470 5677 756 5734 dicendum
804 5683 1156 5739 ecclesiastici
1206 5687 1495 5757 cujuslibet
1551 5703 1779 5759 persona

184 5769 452 5839 pulsetur.

1194 416 1420 475 CODEX
1456 416 1783 476 CANONUM
1822 412 2518 471 ECCLESIASTICORUM.

3374 413 3480 470 ἰοὶ

2180 527 2262 580 De
2280 542 2601 597 paganorum
2621 528 2859 582 conviviis
2876 528 3192 598 auferendis.

1971 619 2080 673 LX.
2114 618 2246 673 Illud
2292 619 2453 673 etiam
2506 619 2814 689 petendum,
2850 627 2906 674 ut
2931 634 3052 690 qua:
3096 630 3284 675 contra
3336 636 3477 691 prae—

1899 720 2053 782 cepta
2077 711 2253 765 divina
2280 709 2524 765 convivia
2559 709 2739 764 multis
2764 710 2818 763 in
2843 710 2974 765 locis
2997 721 3335 774 exercentur,
3360 724 3480 778 quae

1898 800 1966 853 ab
2020 814 2206 855 errore
2233 798 2419 867 gentili
2450 807 2679 853 attracta
2709 807 2868 864 sunt,
2899 799 2969 852 ita
3000 808 3059 852 ut
3085 813 3229 853 nunc
3255 813 3286 852 a
3319 811 3483 867 paga-

1899 892 1982 945 nis
2031 890 2321 946 Christiani
2348 890 2413 944 ad
2459 890 2572 944 haec
2595 889 2919 945 celebranda
2945 898 3205 957 cogantur
3233 907 3246 942 :
3279 904 3346 944 ex
3374 904 3481 959 qua

1899 996 1959 1036 re
2012 981 2347 1050 temporibus
2373 979 2803 1035 Christianorum
2852 979 3237 1049 imperatorum
3288 994 3478 1050 perse-

1899 1071 2046 1126 cutio
2075 1071 2243 1125 altera
2278 1070 2391 1125 fieri
2441 1070 2652 1125 occulte
2696 1070 2945 1126 videatur
2975 1088 2989 1124 :
3022 1070 3195 1125 vetari
3234 1070 3361 1124 talia
3388 1069 3478 1139 jn-

1899 1163 2080 1226 beant,
2114 1170 2169 1215 et
2198 1161 2265 1215 de
2294 1161 2621 1225 civitatibus,
2654 1168 2709 1215 et
2754 1161 2821 1216 de
2847 1161 3280 1232 possessionibus
3308 1160 3510 1230 impov

1901 1253 2057 1307 sitam
2084 1267 2299 1323 poenam
2322 1256 2340 1275 ‘
2362 1252 2671 1322 prohiberi:
2696 1252 2930 1306 maxime
2958 1267 3079 1307 cum
3108 1252 3270 1307 etiam
3302 1252 3353 1305 in
3387 1266 3481 1305 na-

1900 1342 2094 1397 talibus
2122 1350 2418 1413 martyrum
2447 1356 2544 1411 per
2572 1342 2860 1397 nonnullas
2888 1342 3166 1406 civitates,
3192 1350 3250 1397 et
3277 1342 3331 1395 in
3354 1341 3483 1412 ipsis

1899 1433 2032 1488 locis
2052 1436 2219 1488 sacris
2241 1433 2368 1487 talia
2397 1433 2733 1489 committere
2754 1449 2861 1489 non
2882 1432 3249 1489 reformident.
3278 1433 3480 1499 Quibus

1898 1525 2086 1580 diebus
2115 1526 2297 1589 etiam,
2327 1524 2472 1593 quod
2517 1524 2739 1595 pudoris
2787 1534 2870 1579 est
2915 1524 3126 1592 dicere,
3159 1525 3480 1581 saltationes

1899 1615 2340 1669 sceleratissimas
2396 1629 2495 1683 per
2537 1614 2682 1669 vicos
2719 1622 2880 1682 atque
2920 1613 3127 1683 plateas
3181 1619 3477 1666 exercent:

1899 1714 1959 1758 ut
1986 1705 2300 1760 matronalis
2352 1708 2548 1773 honor,
2578 1716 2634 1761 et
2664 1705 3131 1760 innumerabilium
3163 1705 3478 1759 feminarum

1898 1795 2090 1866 pudor,
2119 1795 2312 1851 devote
2333 1797 2660 1852 venientium
2691 1796 2758 1851 ad
2778 1794 3193 1850 sacratissimum
3215 1794 3375 1858 diem,
3401 1795 3479 1847 in-

2975 1892 3034 1939 ut
3087 1884 3250 1938 etiam
3307 1884 3475 1954 ipsius

1897 1984 2096 2030 sanctae
2117 1976 2392 2043 religionis
2414 1992 2553 2046 pene
2574 1976 2807 2045 fugiatur
2835 1989 3105 2030 accessus.

1896 2066 1978 2121 De
2004 2068 2330 2138 spectaculis,
2361 2079 2415 2121 ut
2438 2069 2520 2122 die
2548 2069 2829 2133 dominico,
2856 2068 2935 2120 vel
2955 2066 3152 2138 cwteris
3181 2074 3479 2119 sanctorum

2195 2139 2551 2208 festivitatibus
2598 2140 2805 2192 minime
2848 2137 3182 2191 celebrentur.

1967 2224 2101 2278 LXI.
2134 2226 2244 2282 Nec
2298 2242 2406 2281 non
2455 2236 2509 2282 et
2553 2228 2681 2281 illud
2713 2226 3025 2297 petendum,
3063 2235 3120 2279 ut
3168 2226 3475 2295 spectacula

1898 2318 2232 2372 theatrorum
2287 2326 2715 2388 ceterorumque
2761 2316 3007 2370 ludorum
3038 2316 3123 2370 die
3170 2315 3476 2377 dominica,

1895 2406 1980 2460 vel
2010 2407 2222 2462 caeteris
2247 2408 2521 2477 religionis
2544 2406 2860 2461 Christiana:
2889 2406 3077 2461 diebus
3111 2405 3479 2461 celeberrimis
3537 2475 3543 2483 ι

1896 2506 2281 2564 amoveantur,
2312 2499 2545 2553 maxime
2573 2499 2696 2567 quia
2725 2497 2897 2552 sancti
2922 2494 3141 2551 Pascha:
3166 2504 3479 2552 octavarum

1896 2590 1982 2646 die
2028 2591 2212 2661 populi
2261 2590 2329 2646 ad
2375 2592 2580 2647 circum
2628 2590 2825 2657 magis,
2871 2604 3031 2659 quam
3079 2588 3147 2642 ad
3195 2589 3481 2644 ecclesiam

1897 2683 2244 2748 conveniunt,
2274 2681 2459 2737 deberi
2491 2680 2768 2737 transferri
2796 2679 3099 2737 devotionis
3152 2695 3338 2735 eorum
3366 2680 3480 2736 dies

1895 2774 1940 2827 si
1987 2774 2202 2844 quando
2250 2774 2603 2842 occurrerint,
2637 2788 2735 2829 nec
2780 2784 3033 2844 Oportere
3083 2772 3245 2828 etiam
3289 2788 3480 2842 quem-

1896 2876 2056 2932 quam
2120 2861 2551 2919 Christianorum
2615 2863 2733 2933 cogi
2799 2862 2866 2916 ad
2928 2863 3043 2918 lucc
3106 2864 3415 2933 spectacula
3462 2884 3476 2919 :

1896 2955 2147 3018 maxime,
2202 2954 2325 3023 quia
2370 2955 2423 3009 in
2466 2955 2548 3009 his
2591 2952 2924 3019 exercendis,
2956 2968 3074 3022 quae
3102 2961 3289 3008 contra
3340 2969 3479 3024 prte-

1896 3054 2053 3115 cepta
2075 3046 2171 3100 Dei
2200 3055 2348 3113 sunt,
2378 3045 2523 3101 nulla
2552 3046 2944 3115 persecutionis
2970 3046 3264 3101 necessitas
3284 3061 3313 3100 a
3339 3062 3479 3116 quo-

1896 3150 2057 3205 quam
2104 3136 2406 3191 adhibenda
2436 3144 2518 3192 est
2548 3136 2705 3213 :.sed,
2735 3138 2813 3190 uti
2843 3145 3078 3207 oportet,
3124 3138 3286 3194 homo
3309 3138 3477 3194 libera

1897 3229 2176 3285 voluntate
2216 3229 2475 3286 subsistat
2503 3230 2605 3284 sibi
2629 3228 2881 3284 divinitus
2910 3245 3184 3285 concessa.
3212 3228 3480 3301 Corpora-

1898 3329 2074 3377 torum
2120 3322 2261 3376 enim
2312 3322 2546 3376 maxime
2575 3321 2872 3391 periculum
2902 3320 3346 3378 considerandum
3375 3331 3478 3394 est,

1894 3413 1987 3482 qui
2013 3423 2201 3469 contra
2225 3420 2495 3484 praecepta
2523 3412 2641 3479 Dei,
2674 3426 2867 3483 magno
2890 3420 3096 3469 terrore
3122 3422 3385 3482 coguntur
3412 3416 3477 3469 ad

1893 3504 2199 3574 spectacula
2226 3503 2535 3559 convenire.

2385 3596 2460 3650 De
2480 3596 2678 3649 clericis
2708 3596 2987 3649 damnatis.

1961 3686 2119 3743 LXII.
2152 3687 2219 3742 Et
2274 3688 2401 3742 illud
2430 3686 2744 3759 petendum,
2779 3694 2838 3740 ut
2881 3695 3120 3740 statuere
3143 3687 3431 3754 dignentur
3461 3706 3472 3741 τ

1891 3792 1950 3839 ut
1975 3785 2021 3838 si
2058 3784 2179 3853 quis
2206 3782 2494 3852 cujuslibet
2521 3780 2743 3835 honoris
2771 3780 3001 3835 clericus
3025 3779 3228 3848 judicio
3256 3781 3475 3851 episco-

1890 3890 2079 3947 porum
2109 3887 2433 3945 quocunque
2477 3872 2703 3927 crimine
2740 3870 2901 3925 fuerit
2929 3870 3232 3939 damnatus,
3259 3888 3363 3925 non
3412 3873 3475 3925 li-

1890 3975 2010 4021 ceat
2037 3980 2161 4020 eum
2190 3964 2303 4019 sive
2349 3963 2417 4017 ab
2460 3961 2733 4027 Ecclesiis,
2765 3961 2959 4031 quibus
3006 3962 3233 4032 przefuil,
3280 3964 3393 4018 sive
3445 3980 3475 4019 a

1888 4059 2132 4129 quolibet
2159 4056 2377 4112 homine
2405 4053 2696 4117 defensari,
2727 4053 3042 4124 interposita
3070 4068 3229 4124 paena
3260 4054 3439 4109 danmi
3460 4097 3475 4118 ,

1887 4154 2150 4225 pecunire,
2182 4160 2343 4221 atque
2371 4148 2612 4213 honoris,
2643 4164 2749 4218 quo
2777 4162 2878 4203 nec
2907 4154 3139 4215 :etatem,
3166 4163 3266 4202 nec
3290 4163 3477 4204 sexum

1888 4242 2257 4301 excusandum
2287 4256 2407 4296 esse
2430 4240 2764 4311 prmcipiant.

2202 4332 2279 4387 De
2299 4331 2636 4387 histrionibus
2666 4330 2976 4386 Christianis
3005 4333 3177 4403 factis.

1958 4424 2137 4481 LXIII.
2155 4424 2223 4479 Et
2245 4424 2311 4478 de
2330 4424 2411 4477 his
2429 4424 2592 4478 etiam
2616 4423 2908 4493 petendum
2934 4442 2945 4475 :
2974 4430 3031 4477 ut
3055 4425 3099 4477 si
3121 4424 3241 4493 quis
3262 4440 3328 4478 ex
3350 4439 3476 4494 qua.

1888 4517 2017 4572 libet
2038 4518 2241 4572 ludicra
2259 4524 2375 4569 arte
2403 4515 2470 4568 ad
2499 4514 2905 4569 christianitatis
2926 4515 3150 4582 gratiam
3170 4516 3353 4569 venire
3378 4532 3477 4570 vo-

1887 4609 2077 4673 luerit,
2108 4624 2169 4662 ac
2193 4607 2327 4661 liber
2351 4607 2418 4661 ab
2456 4605 2543 4659 illa
2574 4605 2783 4660 macula
2815 4618 3135 4673 permanere
3163 4646 3177 4672 ,
3211 4620 3317 4658 non
3346 4620 3470 4659 eum

1890 4701 2051 4755 liceat
2078 4714 2109 4753 a
2140 4712 2410 4767 quoquam
2434 4696 2627 4749 iterum
2659 4693 2723 4747 ad
2748 4693 2937 4747 eadem
2966 4693 3264 4749 exercenda
3288 4693 3475 4749 reduci
3528 4764 3531 4767 δ

1888 4790 1973 4846 vel
2003 4789 2145 4858 cogi.

1957 4885 2037 4939 De
2073 4882 2564 4939 manumissionibus
2594 4882 2648 4933 in
2697 4880 2911 4933 ecclesia
2960 4878 3303 4948 celebrandis,
3333 4882 3397 4935 ab

2343 4955 2652 5022 imperatore
2677 4950 3007 5021 poscendum.

1957 5048 2136 5105 LXIV.
2168 5046 2243 5101 De
2286 5045 2796 5101 manumissionibus
2825 5058 2955 5098 sane
3003 5044 3056 5099 in
3114 5045 3341 5101 ecclesia
3387 5045 3473 5100 di-

1886 5141 2069 5197 cendis
2094 5180 2110 5207 ,
2142 5141 2186 5195 si
2218 5139 2268 5193 id
2297 5139 2468 5193 nostri
2492 5136 2907 5192 consacerdotes
2932 5150 3028 5205 per
3056 5134 3262 5190 Italiam
3294 5137 3474 5193 facere

1887 5230 2246 5300 reperiuntur,
2270 5236 2466 5282 nostra:
2496 5227 2659 5282 etiam
2689 5226 2792 5281 erit
2821 5225 3024 5280 ﬁducia:
3068 5225 3295 5283 istorum
3320 5228 3469 5282 ordi—

1888 5334 2010 5374 nem
2042 5318 2297 5390 consequi
2332 5336 2345 5370 :
2377 5317 2500 5372 data
2530 5318 2690 5388 plane
2741 5316 2954 5371 licentia
2983 5318 3148 5373 misso
3178 5318 3377 5387 legato,
3412 5329 3470 5373 ut

1887 5426 2220 5483 qumcunque
2244 5409 2402 5479 digna
2430 5407 2533 5463 fide
2573 5425 2668 5479 pro
2710 5416 2853 5465 statu
2902 5407 3171 5474 Ecclesia,
3202 5418 3256 5464 et
3295 5410 3471 5465 salute

1887 5506 2189 5560 animarum
2242 5518 2401 5572 agere
2458 5502 2711 5573 potuerit,
2747 5518 2845 5557 nos
2875 5502 3211 5556 laudabiliter
3252 5500 3304 5555 in
3335 5516 3466 5555 con-

1885 5603 2070 5667 spectu
2095 5594 2304 5649 Domini
2335 5604 2676 5663 accepturos.
2718 5593 2847 5660 Qua:
2886 5594 3085 5654 omnia,
3118 5591 3163 5647 si
3191 5591 3467 5649 sanctitati

1885 5694 2075 5741 vestae
2096 5686 2330 5758 placent,
2356 5686 2549 5741 edieite
2580 5701 2593 5737 :
2628 5692 2752 5739 utet
2771 5698 2941 5738 meam
2958 5681 3353 5749 suggestionem
3372 5699 3463 5739 ra-

1887 5786 1995 5832 tant
2020 5794 2138 5836 esse
2165 5778 2314 5835 vobis
2341 5777 2651 5839 advertant,
2680 5784 2734 5830 et
2776 5781 3014 5830 nostram
3046 5773 3286 5831 omnium
3328 5792 3463 5835 con-

256 5888 272 5903 ⁹
316 5881 631 5951 Legendum
662 5883 873 5938 videtur
892 5886 1128 5956 imposita
1162 5912 1330 5965 ptrna,
1362 5894 1414 5952 in
1444 5891 1680 5949 ablativo
1708 5908 1855 5950 casu.
1886 5889 2039 5953 Emr.

616 5979 901 6060 ,l‘nsos.
941 5981 1180 6055 LXV",

2941 5983 2978 6044 7
3331 6020 3493 6074 ﬂ-
