3988 6344
459 402 562 455 9.05

1721 400 2075 458 DIONYSIUS
2110 397 2428 457 EXIGUUS.

3612 408 3711 468 201

458 515 763 570 sensionem
792 513 1069 569 sinceritas
1109 527 1293 567 eorum
1352 511 1577 567 libenter
1633 512 1884 581 accipiat.
1946 515 2025 569 Ab
2066 519 2109 575 Α
2138 512 2273 582 palis
2300 508 2593 564 auctoritas
2621 508 2941 564 communiri
2969 509 3023 569 in
3071 511 3377 569 civitatibus
3421 524 3634 586 potest,
3662 517 3714 574 id

462 607 721 667 universis
775 604 1037 674 episcopis
1085 602 1283 657 dictum
1331 610 1463 656 est:
1514 599 1768 656 Omnibus
1819 604 2031 672 placent

461 696 595 761 lucc,
634 708 751 763 quae
783 692 1017 761 injuncta
1063 699 1189 745 sunt
1240 689 1559 760 peragenda,
1586 698 1640 743 ct
1688 690 2030 758 prudeutera

461 794 549 838 tua
581 784 867 839 sanctitate
895 790 1166 836 enarrata.

814 872 895 927 De
916 870 1125 941 Equitio
1145 872 1392 925 damnato
1421 873 1677 941 episwpo.

536 966 691 1020 LXV.
736 965 984 1019 Aurelius
1031 963 1314 1032 episcopus
1366 962 1502 1016 dixit
1543 960 1789 1029 :Equitii
1838 960 2033 1025 etiam,

465 1058 592 1112 olim
638 1056 832 1110 merito
858 1070 956 1110 suo
1001 1054 1287 1123 episcopali
1323 1053 1587 1107 sententia
1636 1051 1891 1116 damnati,
1923 1066 2031 1105 non

449 1148 696 1201 'arbitror
720 1143 1141 1215 praetereundam
1171 1157 1289 1197 esse
1308 1142 1589 1209 legationis
1614 1156 1832 1196 causam
1864 1158 1876 1193 :
1907 1147 1964 1194 ut
1987 1141 2037 1195 si

466 1235 604 1290 forte
633 1250 755 1289 eum
785 1235 839 1287 in
868 1233 971 1287 illis
994 1231 1230 1301 partibus
1270 1230 1551 1299 repererit,
1582 1229 1652 1284 sit
1690 1228 1865 1283 eidem
1890 1227 2042 1281 fratri

471 1337 657 1379 nostro
686 1338 825 1379 cura:
851 1338 949 1392 pro
976 1321 1229 1376 Ecclesia:
1249 1328 1395 1375 statu
1414 1319 1558 1388 quod
1587 1318 1926 1388 oportuerit,
1954 1316 2040 1372 vel

470 1416 561 1469 ubi
616 1414 849 1478 licuerit,
880 1412 1133 1467 adversus
1185 1426 1307 1466 eum
1338 1424 1616 1481 peragere.
1658 1409 1738 1463 Ab
1781 1409 2044 1464 universis

472 1504 741 1574 episcopis
767 1504 965 1557 dictum
993 1509 1076 1556 est
1105 1519 1118 1553 :
1152 1500 1375 1555 Multum
1425 1500 1603 1571 placet
1648 1508 1701 1554 et
1732 1500 1832 1553 ista
1862 1514 2049 1568 prose-

477 1597 621 1649 cutio
651 1614 663 1647 :
694 1592 1079 1651 maximecum
1106 1594 1236 1648 olim
1281 1593 1565 1647 damnatus
1593 1592 1662 1645 sit
1699 1590 1963 1661 Equitius,
1996 1598 2052 1644 et

475 1686 592 1754 ejus
622 1687 902 1757 impudens
924 1685 1236 1755 inquietudo
1262 1699 1358 1754 pro
1384 1691 1526 1737 statu
1569 1690 1623 1736 et
1650 1684 1823 1738 salute
1866 1680 2053 1736 Eccle-

478 1779 571 1831 siae
600 1777 769 1844 magis
797 1777 1072 1846 magisque
1107 1776 1306 1843 ubique
1350 1773 1678 1844 repellenda.
1720 1772 1787 1826 Et
1817 1772 2052 1827 subscri-

477 1873 718 1937 pserunt.
747 1867 994 1920 Aurelius
1022 1866 1304 1934 episcopus
1320 1862 1573 1918 Ecclesia:
1596 1862 2048 1930 Carthaginensis,
2087 1887 2132 1945 B

479 1957 605 2010 huic
631 1955 849 2010 decreto
874 1954 1142 2020 consensi,
1172 1962 1227 2008 et
1251 1952 1499 2022 praelecto
1544 1951 1833 2020 subscripsi
1862 1968 1873 2004 :
1905 1951 2054 2006 simi-

482 2048 605 2101 liter
628 2055 684 2101 et
710 2046 889 2101 caeteri
916 2044 1155 2113 episcopi
1185 2043 1630 2111 subscripserunt.

484 2138 551 2193 In
604 2140 699 2192 hoc
753 2136 969 2190 concilio
1018 2135 1205 2189 litterae
1253 2134 1490 2204 leguntur
1526 2132 1793 2185 Anastasii
1824 2131 2047 2204 Romani

552 2207 845 2278 Pontiﬁcis,
873 2207 934 2260 de
959 2205 1252 2259 Donatistis
1282 2202 1560 2258 catholicos
1594 2204 1859 2274 episcopos
1880 2202 2055 2256 admo-

556 2289 745 2332 ηεηιιδ.

556 2369 837 2425 Vincentio
874 2374 928 2423 et
956 2365 1171 2421 Fravito
1210 2382 1295 2420 vv.
1340 2379 1421 2420 cc.
1448 2379 1624 2419 conss.
1673 2363 1791 2419 idus
1814 2360 2061 2431 Septem—

484 2462 613 2526 bris,
627 2459 949 2528 Carthagine
974 2458 1029 2511 in
1055 2455 1344 2511 secretario
1372 2454 1603 2509 basilica:
1632 2453 1914 2519 restitutte,
1937 2465 2061 2505 cum

486 2554 540 2608 in
568 2552 799 2608 concilio
825 2550 1132 2618 congregati
1154 2550 1208 2603 in
1234 2547 1476 2603 Ecclesia
1502 2546 1913 2615 Carthaginensi
1940 2561 2063 2600 con-

486 2642 814 2699 sedissemus
836 2656 903 2695 ex
924 2639 1188 2693 Africanis
1213 2639 1463 2693 omnibus
1489 2638 1779 2709 provinciis
1801 2637 2058 2707 episcopi,

488 2734 541 2790 id
563 2740 646 2788 est
673 2731 920 2787 Aurelius
947 2730 1186 2799 ejusdem
1211 2728 1357 2784 sedis
1382 2730 1665 2800 episcopus
1686 2744 1807 2784 cum
1846 2728 2065 2797 collegis

487 2826 790 2894 suis,quos
831 2837 1021 2879 eorum
1077 2820 1400 2891 subscriptio
1452 2819 1797 2875 manifestat:
1827 2818 2064 2874 recitatis

489 2916 731 2986 epistolis
769 2911 1064 2969 beatissimi
1116 2910 1295 2967 fratris
1341 2919 1397 2967 et
1446 2910 1847 2967 consacerdotis
1893 2912 2065 2966 nostri

490 3004 775 3070 Anastasii,
803 3002 1053 3058 Ecclesiae
1075 3001 1329 3057 Romana:
1357 3002 1613 3072 episcopi,
1637 3002 1827 3071 quibus
1849 3018 1946 3058 nos
1969 3018 2065 3073 pa-

496 3106 661 3150 terna:
702 3102 756 3149 et
782 3093 1030 3148 fraternae
1079 3092 1355 3147 charitatis
1399 3092 1756 3148 sollicitudine
1790 3108 1853 3148 ac
1878 3093 2064 3148 since-

490 3189 651 3243 ritate
699 3186 1013 3240 adhortatus
1060 3193 1143 3239 est
1193 3192 1250 3238 ut
1273 3185 1341 3238 de
1385 3184 1757 3238 hrereticorum
1786 3193 1841 3238 et
1890 3184 2064 3239 schis-

493 3279 808 3333 inaticorum
831 3275 1229 3330 Donatistarum
1271 3274 1494 3341 insidiis,
1523 3284 1578 3329 et
1606 3274 2058 3344 improbitatibus,
2091 3245 2137 3309 (ἶ

490 3369 684 3439 quibus
743 3366 1045 3421 Africanam
1102 3363 1392 3420 Ecclesiam
1448 3365 1765 3419 catholicam
1830 3366 2065 3433 graviter

488 3468 712 3525 vexant,
746 3459 893 3513 nullo
940 3457 1101 3512 modo
1149 3456 1573 3522 dissimulemus;
1614 3456 1812 3524 gratias
1856 3457 2062 3523 agimus

490 3550 719 3605 Domino
749 3556 956 3616 nostro,
987 3546 1128 3617 quod
1160 3546 1234 3600 illi
1275 3546 1480 3616 optimo
1510 3562 1575 3601 ac
1602 3554 1791 3601 sancto
1833 3548 2061 3601 antistiti

489 3657 587 3695 suo
616 3648 724 3693 tam
754 3640 894 3709 piam
935 3652 1117 3692 curam
1163 3652 1261 3706 pro
1289 3638 1545 3692 membris
1572 3636 1787 3702 Christi,
1820 3639 2065 3707 quamvis

490 3731 545 3784 in
570 3730 879 3785 diversitate
902 3740 1197 3796 terrarum,
1222 3730 1315 3784 sed
1347 3731 1400 3784 in
1430 3746 1533 3784 una
1581 3744 1836 3801 compage
1865 3745 2064 3800 corpo-

490 3822 563 3877 ris
591 3820 915 3886 constitutis,
946 3821 1206 3891 inspirare
1236 3821 1484 3889 dignatus
1507 3833 1607 3876 est.

779 3913 847 3968 Ut
874 3931 987 3967 cum
1032 3912 1321 3966 Donatistis
1372 3913 1533 3966 lenius
1574 3921 1779 3981 agatur.

558 4002 739 4058 LXVI.
772 4004 973 4059 Deinde
1001 4005 1341 4072 pertractatis
1395 4016 1449 4057 et
1495 4005 1847 4059 consideratis
1893 4006 2068 4060 omni-

489 4098 606 4162 bus,
636 4111 755 4164 quae
778 4095 993 4148 utilitati
1015 4094 1265 4149 Ecclesia:
1288 4096 1575 4151 convenire
1600 4097 1940 4162 videbantur,
1970 4115 2067 4152 an-

488 4198 689 4244 nuente
716 4200 877 4257 atque
903 4188 1226 4244 admonente
1281 4190 1468 4262 spiritu
1502 4191 1621 4259 Dei,
1668 4191 1912 4260 eligimus
1942 4209 2064 4248 cum

488 4281 797 4336 memoratis
824 4280 1148 4350 hominibus,
1175 4282 1417 4350 quamvis
1444 4282 1510 4337 de
1546 4282 1799 4339 dominici
1825 4287 2066 4356 corporis

489 4374 691 4429 unitate
719 4372 959 4443 inquieta
986 4373 1321 4431 dissensione
1365 4375 1621 4446 praecisis,
1651 4375 1844 4431 leniter
1887 4385 1943 4433 et
1971 4394 2068 4448 pa»-

487 4465 642 4520 cilice
671 4478 831 4533 agere
862 4482 875 4518 :
909 4473 967 4520 ut
992 4475 1250 4534 quantum
1276 4466 1329 4521 in
1361 4467 1517 4523 nobis
1546 4475 1647 4532 est,
1693 4468 1939 4524 omnibus
1970 4471 2063 4539 qui

485 4570 675 4612 eorum
705 4556 1082 4613 communione
1133 4564 1187 4612 et
1235 4556 1494 4613 societate
1541 4559 1735 4614 irretiti
1781 4568 1922 4625 sunt,
1966 4577 2063 4631 per

485 4652 761 4705 universas
790 4649 1097 4719 provincias
1146 4648 1424 4704 Africanas
1468 4650 1682 4720 penitus
1735 4640 2058 4717 innotescdt,

483 4755 642 4809 quam
673 4741 961 4795 miserabili
1008 4756 1192 4796 errore
1240 4741 1472 4797 devincti
1504 4751 1628 4798 sunt
1660 4762 1671 4796 :
1705 4758 1773 4798 ne
1803 4744 1961 4811 forte,
1992 4746 2066 4799 si-

483 4841 574 4888 cut
594 4833 723 4887 dicit
747 4835 1053 4903 Apostolus,
1077 4834 1306 4888 nobisin
1335 4835 1740 4890 mansuetudine
1764 4837 2063 4906 corripien-

482 4924 624 4978 tibus
679 4922 890 4979 diversa
936 4925 1268 4989 sentientes,
1321 4924 1414 4980 det
1454 4926 1555 4981 illis
1602 4925 1742 4980 Deus
1797 4927 2061 4995 paeniten-

481 5016 610 5070 tiam
669 5014 737 5069 ad
790 5014 1219 5083 cognoscendam
1270 5016 1587 5083 veritatem,
1636 5024 1691 5070 et
1742 5016 2064 5085 resipiscant

482 5104 548 5159 de
588 5104 783 5161 diaboli
813 5104 1036 5174 laqueis,
1070 5104 1320 5174 captivati
1352 5106 1417 5159 ab
1440 5105 1554 5175 ipso
1583 5106 1634 5159 in
1664 5106 1827 5174 ipsius
1857 5107 2053 5162 volun—

482 5206 668 5253 tatem.

480 5286 560 5343 De
581 5289 765 5342 litteris
791 5289 1049 5360 mittendis
1071 5288 1351 5358 judicibus,
1380 5298 1434 5341 ut
1462 5305 1523 5341 ca
1575 5306 1687 5360 qua:
1714 5291 1847 5343 inter
1873 5290 2055 5345 Dona-

591 5361 735 5412 tistas
758 5368 805 5411 et
838 5359 1255 5412 Maximianistas
1285 5368 1401 5411 acta
1429 5370 1567 5424 sunt,
1588 5359 1946 5415 innotescunt.

551 5448 751 5504 LXVII.
783 5449 969 5519 Itaque
996 5449 1230 5519 placuit,
1265 5457 1320 5502 ut
1367 5466 1437 5503 ex
1482 5451 1713 5505 concilio
1744 5461 1929 5506 nostro
1961 5452 2050 5506 lit-

481 5547 612 5594 tera:
641 5540 898 5594 darentur
943 5538 1009 5595 ad
1060 5540 1271 5608 judices
1321 5538 1618 5604 Africanos,
1652 5557 1681 5595 a
1710 5545 1902 5612 quibus
1950 5544 2055 5597 hoc

479 5630 589 5698 peti
615 5645 908 5699 congruum
943 5630 1226 5697 videretur,
1253 5640 1311 5683 ut
1332 5632 1382 5684 in
1414 5633 1516 5685 hoc
1537 5632 1789 5700 adjuvent
1817 5649 2057 5687 commu-

483 5735 604 5773 nem
636 5729 861 5776 matrem
893 5719 1186 5776 Ecclesiam
1233 5722 1586 5788 catholicam,
1618 5722 1671 5775 in
1718 5737 1824 5790 quo
1853 5727 2065 5794 episco-

2139 611 2221 656 cst
2251 608 2307 654 ut
2346 598 2630 667 judiciaria
2660 606 2931 668 potestate
2986 610 3148 671 atque
3194 601 3469 672 diligentia
3516 621 3586 662 ex
3614 606 3711 664 fide

2139 692 2461 759 Christiana,
2490 689 2617 758 quid
2646 698 2854 759 gestum
2886 692 2954 745 sit
2982 692 3034 746 in
3066 693 3315 750 omnibus
3339 695 3490 763 locis,
3517 698 3571 751 in
3599 698 3715 767 qui-

2140 783 2239 838 bus
2268 780 2673 835 Maximianistze
2720 781 2972 836 basilicas
3026 783 3393 850 obtinuerunt,
3422 789 3512 856 qui
3543 787 3610 842 ab
3636 789 3716 844 eis

2141 872 2374 926 schisma
2416 869 2658 924 fecerunt
2686 870 2977 940 inquirant,
3002 878 3059 925 et
3083 873 3251 941 gestis
3274 876 3520 944 publicis,
3550 892 3710 947 prop-

2144 971 2226 1017 ter
2277 962 2484 1015 limam
2529 962 2775 1017 notitiam
2806 963 3054 1019 omnibus
3097 969 3476 1035 necessariam,
3522 970 3719 1025 faciant

2143 1051 2423 1105 inha3rere.

2254 1140 2321 1195 Ut
2349 1140 2519 1195 clerici
2558 1138 2953 1203 Donatistarum
2980 1137 3035 1197 in
3077 1142 3313 1199 Ecclesia
3355 1146 3613 1200 catholica

2619 1212 2964 1280 suscipiantur
2992 1215 3046 1267 in
3076 1215 3233 1269 clero.

2218 1298 2443 1353 LXVIII.
2476 1300 2678 1355 Deinde
2726 1301 2946 1371 placuit,
2986 1298 3283 1359 ut‘littera:
3335 1305 3615 1360 mittantur
3656 1306 3723 1359 ad

2147 1392 2342 1447 fratres
2368 1400 2423 1445 et
2455 1393 2811 1463 coepiscopos
2857 1402 3072 1449 nostros
3098 1403 3154 1448 et
3178 1396 3409 1451 maxime
3437 1398 3513 1461 ad.
3539 1397 3725 1452 sedem

2150 1482 2518 1551 apostolicam,
2560 1483 2612 1537 in
2642 1499 2745 1553 qua
2775 1485 3024 1555 praesidet
3050 1497 3381 1543 memoratus
3407 1490 3725 1544 venerabilis

2151 1571 2317 1626 frater
2357 1581 2411 1627 et
2439 1572 2645 1641 collega
2675 1581 2864 1629 noster
2890 1574 3227 1643 Anastasius,
3256 1592 3362 1646 quo
3387 1579 3598 1633 noverit
3626 1580 3726 1632 ha-

2152 1663 2281 1717 bere
2305 1662 2536 1718 Africam
2566 1678 2813 1732 magnam
2862 1668 3270 1734 necessitatem,
3294 1679 3511 1739 propter
3539 1668 3728 1725 Eccle—

2154 1755 2245 1809 siae
2266 1770 2475 1825 pacem,
2507 1764 2560 1809 et
2589 1756 2874 1810 utilitatem
2901 1775 2913 1811 :
2947 1764 3007 1811 ut
3034 1774 3102 1812 ex
3141 1758 3270 1829 ipsis
3289 1757 3583 1814 Donatistis
3609 1760 3730 1828 qui-

2157 1858 2368 1914 cunque
2397 1844 2579 1898 clerici
2608 1855 2854 1900 correcto
2894 1846 3119 1901 consilio
3146 1849 3211 1901 ad
3254 1848 3575 1902 catholicam
3609 1849 3732 1903 uni-

2159 1940 2324 1987 tatem
2376 1934 2603 1987 transire
2658 1933 2944 2001 voluerint,
2970 1928 3263 1990 secundum
3311 1936 3733 2005 uniuscujusque

2159 2023 2398 2093 episcopi
2445 2024 2702 2078 catholici
2738 2024 3073 2079 voluntatem
3113 2034 3274 2095 atque
3302 2028 3607 2094 consilium,
3638 2032 3732 2095 qui

2160 2114 2213 2166 in
2245 2114 2432 2168 eodem
2454 2113 2578 2169 loco
2608 2114 2867 2181 gubernat
2886 2113 3208 2181 Ecclesiam,
3228 2116 3273 2170 si
3302 2117 3405 2170 hoc
3436 2118 3556 2186 paci
3578 2117 3736 2171 Chri-

2158 2206 2348 2262 stiana:
2376 2204 2634 2274 prodesse
2662 2206 2835 2259 visum
2860 2204 3039 2271 fuerit,
3073 2207 3124 2259 in
3155 2208 3264 2263 suis
3287 2207 3582 2261 honoribus
3615 2224 3736 2261 sus—

2162 2295 2451 2363 cipiantur,
2481 2295 2621 2349 sicut
2661 2294 2927 2363 prioribus
2956 2294 3195 2363 ejusdem
3219 2296 3493 2351 divisionis
3520 2307 3727 2367 tempo-

2162 2389 2310 2444 ribus
2337 2387 2539 2442 factum
2580 2403 2701 2444 esse
2730 2386 3069 2443 manifestum
3094 2396 3193 2443 est.
3243 2387 3395 2454 Quod
3420 2388 3737 2450 multarum,

2163 2488 2217 2534 et
2257 2493 2395 2548 pene
2445 2478 2683 2532 omnium
2722 2476 3098 2532 Africanarum
3127 2475 3509 2542 Ecclesiarum,
3539 2477 3740 2547 quibus

2167 2567 2286 2622 talis
2323 2583 2475 2623 error
2522 2576 2742 2622 exortus
2771 2576 2873 2633 est,
2905 2568 3147 2636 exempla
3198 2575 3460 2622 testantur
3492 2585 3503 2620 :
3537 2583 3647 2622 non
3680 2578 3745 2621 ut

2164 2657 2473 2724 concilium,
2505 2656 2649 2726 quod
2678 2659 2733 2711 in
2762 2658 3132 2712 transmarinis
3168 2658 3406 2728 partibus
3452 2657 3519 2711 de
3546 2657 3651 2711 hac
3681 2674 3745 2712 re

2165 2750 2363 2804 factum
2394 2757 2493 2816 est,
2528 2748 2867 2814 dissolvatur,
2903 2748 2997 2804 sed
3055 2756 3113 2803 ut
3168 2747 3294 2802 illud
3325 2755 3539 2801 maneat
3588 2747 3745 2801 circa

2166 2855 2280 2906 eos,
2304 2840 2395 2909 qui
2423 2838 2501 2895 sic
2538 2838 2768 2893 transire
2808 2839 2876 2892 ad
2905 2837 3227 2893 catholicam
3258 2836 3472 2900 volunt,
3502 2845 3563 2889 ut
3588 2836 3745 2889 nulla

2165 2947 2264 3003 per
2287 2947 2382 2987 eos
2420 2931 2637 2986 unitatis
2688 2930 3058 3001 compensatio
3102 2936 3435 2999 procuretur.
3470 2925 3575 2982 Per
3601 2943 3750 2996 quos

2169 3032 2350 3078 autem
2380 3022 2465 3078 vel
2494 3021 2641 3077 omni
2665 3020 2829 3075 modo
2870 3018 3078 3089 perfici,
3109 3018 3195 3072 vel
3239 3017 3478 3086 adjuvari
3507 3016 3747 3071 manife-

2169 3117 2267 3170 stis
2291 3114 2648 3170 fraternarum
2679 3113 2976 3167 animarum
3002 3110 3166 3165 lucris
3193 3109 3455 3165 catholica
3475 3110 3657 3163 unitas
3685 3110 3752 3162 in

2170 3209 2303 3264 locis
2348 3208 2401 3262 in
2446 3206 2637 3277 quibus
2687 3205 2907 3273 degunt,
2938 3202 3048 3256 visa
3098 3200 3275 3264 fuerit,
3333 3214 3439 3254 non
3489 3200 3567 3255 eis
3596 3200 3755 3254 obsis

2167 3298 2312 3368 quod
2343 3305 2530 3351 contra
2559 3297 2793 3351 honores
2822 3308 3030 3358 eorum,
3061 3292 3305 3359 quamvis
3325 3290 3468 3344 salus
3498 3289 3630 3344 nulli
3654 3291 3752 3343 iué

2169 3389 2398 3442 terciusa
2428 3387 2518 3452 sit,
2540 3385 2592 3439 in
2617 3384 2971 3439 transmarino
2998 3381 3226 3437 concilio
3260 3389 3515 3435 statutum
3543 3387 3657 3445 est;
3687 3379 3754 3433 id

2165 3490 2247 3538 cst
2279 3490 2336 3535 ut
2381 3479 2610 3535 ordinati
2647 3479 2699 3532 in
2748 3486 2898 3547 parte
2947 3475 3168 3539 Donati,
3212 3474 3257 3528 si
3302 3472 3367 3527 ad
3416 3472 3753 3526 catholicam

2166 3570 2391 3625 correcti
2441 3568 2666 3623 transire
2708 3567 2997 3631 voluerint,
3028 3580 3133 3619 non
3176 3564 3528 3632 suscipiantur
3554 3563 3609 3615 in
3643 3566 3757 3616 ho-

2165 3661 2388 3715 noribus
2408 3660 2519 3715 suis
2539 3658 2831 3714 secundum
2858 3657 3265 3710 transmarinum
3292 3655 3575 3709 concilium
3602 3672 3615 3707 :
3644 3656 3753 3709 sed

2165 3750 2407 3819 exceptis
2428 3749 2530 3811 his,
2551 3763 2648 3819 per
2674 3762 2809 3816 quos
2847 3747 3123 3801 catholicre
3148 3745 3335 3800 unitati
3363 3744 3685 3799 consulitur.

2170 3827 2257 3894 Ut‘
2287 3840 2474 3910 legatio
2519 3837 2589 3891 ad
2634 3835 2936 3910 Donatistas
2975 3835 3338 3904 componenda:
3382 3836 3523 3904 pacis
3562 3836 3757 3905 gratia

2813 3906 3085 3977 dirigatur.

2236 3999 2419 4055 LXIX.
2448 3999 2651 4055 Deinde
2679 3998 2897 4069 placuit,
2924 4006 2981 4051 ut
3008 3996 3089 4052 his
3116 3999 3347 4066 peractis
3374 3996 3530 4065 legati
3572 3998 3765 4051 etiam

2164 4090 2512 4162 praedicanda}
2527 4090 2674 4161 pacis
2703 4099 2864 4158 atque
2880 4088 3096 4142 unitatis
3111 4090 3148 4151 ',
3162 4088 3278 4142 sine
3295 4102 3405 4157 qua
3415 4086 3562 4141 salus
3584 4085 3801 4142 Chri-s

2164 4184 2336 4239 stiana
2362 4196 2468 4236 non
2496 4188 2674 4251 potest
2700 4178 2952 4245 obtineri,
2977 4191 3008 4232 e
3038 4192 3261 4232 numero
3283 4186 3468 4231 nostro
3493 4175 3560 4229 ad
3590 4176 3759 4246 ipso-

2165 4288 2284 4327 rum
2312 4272 2728 4335 Donatistarum,
2757 4269 2870 4324 sive
2920 4282 3057 4338 quos
3082 4267 3283 4321 habent
3304 4267 3777 4336 episcopos,~sivc

2166 4364 2233 4417 ad
2277 4362 2463 4432 plebes
2503 4361 2803 4426 mittantur,
2836 4373 2933 4429 per
2958 4373 3093 4426 quos
3121 4357 3369 4412 omnibus
3413 4357 3466 4410 in
3492 4357 3781 4414 notitiam

2164 4452 2485 4525 perferatur,
2515 4467 2677 4522 quam
2727 4450 2861 4504 nihil
2888 4450 3119 4504 habeant
3169 4448 3312 4519 quod
3350 4446 3610 4503 adversus
3636 4447 3778 4505 Ec-

2168 4547 2385 4601 clesiam
2422 4544 2737 4599 catholicam
2762 4543 2906 4611 juste
2933 4542 3137 4611 possint
3165 4540 3373 4596 dicere:
3398 4541 3654 4605 maxime,
3697 4554 3793 4598 ut

2091 4604 2143 4663 D
2168 4636 2510 4691 manifestum
2539 4634 2631 4689 tiat
2658 4604 3050 4702 omnibus-per
3074 4641 3223 4701 gesta
3247 4632 3406 4686 etiam
3434 4633 3787 4702 municipa-

2166 4729 2258 4790 lia,
2287 4736 2508 4797 propter
2531 4726 2972 4781 documentorum
3002 4722 3333 4790 ﬁrmitatem,
3366 4723 3493 4793 quid
3540 4723 3646 4793 ipsi
3686 4726 3805 4783 de

2169 4817 2568 4872 Maximianistis
2603 4814 2955 4870 schismaticis
2982 4813 3093 4868 suis
3120 4814 3363 4881 egerint:
3387 4812 3477 4867 ubi
3503 4813 3587 4867 eis
3609 4813 3800 4871 divi-

2169 4910 2313 4963 nitus
2354 4908 2774 4973 demonstratur;
2806 4908 2849 4961 si
2895 4904 3171 4960 attendere
3199 4904 3384 4969 velint,
3419 4911 3529 4957 tam
3560 4904 3806 4977 inique

2169 5010 2295 5057 tunc
2326 5000 2445 5055 illos
2467 4999 2532 5053 ab
2561 4998 2809 5054 Ecclesim
2837 4998 3037 5052 unitate
3063 4996 3335 5066 prmcisos,
3355 5009 3527 5064 quam
3562 4997 3807 5067 inique

2169 5107 2308 5145 nunc
2333 5091 2568 5146 clamant
2593 5105 2622 5142 a
2649 5105 2707 5143 se
2737 5088 3152 5141 Maximianistas
3182 5087 3409 5140 schisma
3442 5086 3669 5153 fecisse,
3700 5108 3813 5149 ex

2167 5198 2393 5251 quorum
2424 5192 2601 5234 tamen
2626 5195 2849 5233 numero
2875 5194 3010 5248 quos
3033 5178 3142 5246 jam
3176 5176 3398 5247 plenarii
3419 5178 3634 5231 concilii
3683 5189 3819 5241 sui

2171 5274 2488 5327 auctoritate
2507 5273 2913 5338 damnaverant,
2939 5272 2989 5324 in
3014 5270 3123 5323 suis
3144 5264 3437 5324 honoribus
3457 5268 3645 5325 denuo
3696 5291 3825 5333 re.

2163 5371 2440 5433 ceperunt,
2473 5364 2793 5432 baptismum
2842 5378 2999 5431 quem
3053 5361 3285 5414 damnati
3319 5369 3372 5414 et
3412 5362 3619 5416 exclusi
3664 5367 3827 5425 de-

2164 5458 2375 5524 derant,
2399 5463 2813 5525 acceptaverunt
2836 5473 2847 5507 :
2877 5462 2932 5508 ut
2952 5454 3181 5518 videant,
3208 5469 3369 5521 quam
3391 5453 3561 5509 stulto
3585 5462 3834 5519 corde

2164 5550 2416 5603 resistant
2444 5548 2561 5619 paci
2592 5547 2841 5603 Ecclesia:
2888 5555 3000 5602 toto
3030 5547 3160 5601 orbe
3193 5545 3396 5600 diffusce
3419 5585 3435 5609 ,
3485 5562 3613 5599 cum
3664 5551 3835 5613 ista

2164 5639 2357 5695 faciant
2408 5656 2505 5709 pro
2548 5649 2699 5709 parte
2744 5640 2955 5703 Donati,
3006 5653 3181 5707 neque
3238 5654 3297 5692 se
3327 5639 3577 5699 istorum,
3610 5655 3841 5710 quos

2163 5730 2235 5784 ita
2267 5739 2603 5800 receperunt,
2636 5732 3035 5798 communione,
3068 5741 3288 5800 propter
3343 5728 3607 5784 intuitum
3694 5754 3849 5807 ρελ,

557 5858 577 5881 '
611 5856 923 5913 Addendum
953 5858 1160 5914 videtur
1183 5859 1353 5930 gratia
1383 5857 1467 5914 vel
1496 5872 1672 5925 causa,
1704 5855 1760 5913 in
1788 5856 2021 5915 ablativo
2050 5872 2199 5917 casu.
2233 5856 2390 5916 Eon.
