3988 6344
264 340 371 394 2ὒὸ

1243 340 1469 397 CODEX
1503 340 1829 398 CANONUM
1867 340 2539 402 ECCLESIASTICORUM
2551 387 2563 400 .
3424 360 3528 413 2th

260 454 360 515 cis,
403 451 758 506 contaminari
817 451 1014 518 dicant,
1063 460 1118 508 et
1144 468 1242 507 nos
1270 453 1646 519 condemnent,
1674 454 1727 507 id
1753 463 1842 508 est
1870 465 1924 523 Α
1948 458 2115 513 versis
2142 458 2407 529 episc0pis
2435 461 2520 515 vel
2549 460 2693 526 duae,
2720 463 2803 518 vel
2833 472 2943 520 tres
2970 474 3157 521 turma:
3186 464 3335 535 fiant,
3368 484 3434 523 ac
3462 476 3531 524 de

260 541 559 598 Ecclesiam
604 542 948 611 catholicam,
994 544 1158 599 etiam
1217 544 1267 598 in
1284 546 1550 600 extremis
1578 554 1841 601 terrarum
1950 546 2170 616 singulis
2211 550 2400 605 turmis
2437 551 2696 621 vicissim,
2729 564 2995 626 quotquot
3040 557 3195 613 electi
3222 558 3438 625 fuerint,
3461 561 3529 614 ad

260 631 506 700 partibus
534 632 905 701 constitutam,
963 649 1059 703 per
1083 649 1269 689 eorum
1297 635 1727 691 communionem
1747 638 1842 692 in-

255 722 558 790 quinatam,
587 737 725 792 quos
772 734 901 779 tunc
954 735 1266 780 accusantes
1306 726 1628 782 convincere
1654 729 1843 798 nequi-

258 821 477 867 verum.

442 900 543 967 Qui
570 902 741 957 clerici
769 903 833 956 ab
861 903 1105 959 uxoribus
1126 903 1343 958 debeant
1381 904 1660 958 abstinere.

331 990 489 1045 LXX.
520 990 813 1060 Praeterea,
864 1009 987 1049 cum
1031 993 1098 1049 de
1124 995 1476 1063 quorumdam
1504 996 1845 1061 clericorum,

256 1081 508 1148 quamvis
536 1094 662 1150 erga
693 1096 889 1137 uxores
911 1082 1176 1153 proprias,
1202 1083 1585 1138 incontinentia
1615 1084 1846 1140 referre-

260 1178 348 1224 tur
382 1187 395 1222 :
446 1170 663 1240 placuit,
694 1171 996 1241 episcopos,
1028 1179 1081 1227 et
1124 1172 1485 1243 presbyteros,
1510 1181 1563 1227 et
1586 1173 1846 1229 diaconos

257 1260 557 1315 secundum
598 1261 778 1330 priora
826 1268 1027 1316 statuta
1056 1262 1219 1317 etiam
1266 1264 1335 1317 ab
1382 1262 1638 1318 uxoribus
1666 1264 1847 1319 conti-

258 1367 433 1416 nere;
465 1351 609 1422 quod
639 1352 742 1407 nisi
769 1352 1013 1420 fecerint,
1043 1355 1110 1408 ab
1130 1355 1496 1410 ecclesiastico
1527 1370 1845 1411 removean-

259 1447 349 1495 tur
377 1440 579 1496 oflicio.
606 1440 844 1498 Caeteros
863 1452 1045 1498 autem
1092 1445 1317 1500 clericos
1343 1446 1409 1501 ad
1434 1448 1538 1502 hoc
1566 1463 1672 1501 non
1703 1450 1842 1518 cogi,

256 1533 354 1588 sed
376 1534 675 1590 secundum
700 1538 1113 1608 uniuscujusque
1128 1539 1383 1597 Ecclesia:
1404 1543 1843 1599 consuetudinem

256 1624 539 1678 observari
565 1625 782 1680 debere.

480 1713 554 1767 De
572 1715 652 1768 Itis
678 1717 765 1787 qui
788 1718 960 1786 plebes
987 1721 1223 1790 proprias
1254 1720 1629 1792 derelinquunt.

1950 634 2092 690 diem
2136 637 2349 692 concilii
2386 638 2770 697 instantissime
2800 655 3105 700 occurrant.
3132 648 3286 714 Quod
3331 649 3378 705 si
3416 666 3529 706 non

1950 729 2224 796 potuerint
2248 744 2552 795 occurrere,
2585 735 2960 792 excusationes
2980 753 3105 793 suas
3131 740 3184 793 in
3213 748 3528 799 tractatorla

1952 820 2310 884 conscribant,
2337 822 2423 876 vel
2480 823 2522 878 si
2571 834 2694 894 post
2721 825 3008 882 adventum
3067 833 3389 887 tractatoriae
3432 834 3533 888 ali-

1954 921 2068 975 quae
2089 912 2434 966 necessitates
2459 922 2681 982 repente
2710 915 2934 971 forsitan
2978 928 3110 975 ortae
3158 922 3393 991 fuerint,
3426 924 3530 980 nisi

1949 999 2212 1053 rationem
2239 1001 2604 1070 impedimenti
2630 1007 2711 1060 sui
2741 1008 2885 1077 apud
2912 1025 3067 1065 suum
3099 1012 3379 1080 primatem
3405 1015 3531 1071 red-

2544 1257 2624 1311 De
2654 1259 2943 1316 Cresc-auio.

2019 1340 2268 1397 LXXVII.
2298 1344 2373 1399 De
2402 1346 2689 1403 Cresconio
2721 1350 3116 1422 Villa-Regensi
3147 1356 3249 1411 hoc
3277 1359 3526 1413 omnibus

1948 1429 2119 1484 visum
2150 1443 2249 1497 est,
2284 1441 2343 1487 ut
2370 1435 2495 1490 hinc
2528 1451 2742 1507 quoque
2768 1440 2983 1509 primati
3023 1442 3281 1499 Numidia:
3310 1446 3527 1503 intime-

1951 1528 2053 1589 tur,
2086 1537 2195 1591 quo
2240 1537 2531 1594 cognoscat
2560 1540 2912 1585 memoratum
2942 1532 3287 1590 Cresconium
3314 1538 3529 1608 scriptis

1950 1615 2060 1669 suis
2089 1618 2512 1673 conveniendum
2539 1636 2678 1690 esse,
2711 1633 2767 1676 ut
2795 1626 3041 1694 proximo
3072 1628 3360 1683 universali
3389 1628 3529 1684 Afri-

1951 1722 2087 1762 cano
2116 1711 2344 1765 concilio
2372 1728 2523 1767 suam
2545 1715 2885 1782 prmsentiam
2914 1733 3023 1772 non
3045 1717 3259 1773 differat
3308 1721 3531 1777 exhibe-

328 1801 513 1856 ιδῃ,
549 1804 781 1860 Rursum
835 1808 1069 1878 placuit,
1121 1818 1178 1879 ιιι
1231 1812 1431 1865 nemini
1481 1812 1552 1866 sit
1597 1812 1840 1881 facultas,
1877 1810 2047 1888 Bre:
2091 1798 2233 1867 quod
2282 1800 2326 1854 si
2373 1802 2556 1856 venire
2603 1806 3007 1875 contempserit,
3055 1807 3107 1860 in
3134 1822 3193 1863 se
3238 1819 3532 1879 cognoscat

254 1896 451 1950 relicta
484 1899 761 1969 principali
791 1900 1072 1966 cathedra,
1101 1901 1167 1955 ad
1199 1902 1432 1972 aliquam
1463 1901 1761 1959 Ecclesium
1787 1906 1842 1960 in

254 1986 485 2041 dioecesi
539 1989 887 2043 constitutam
930 2005 989 2044 se
1018 1990 1284 2057 conferre,
1315 1992 1397 2045 vel
1423 1994 1476 2046 in
1517 2009 1578 2048 re
1626 1996 1844 2064 propria

253 2079 479 2144 diutius,
504 2096 662 2150 quam
708 2091 943 2151 oportet,
976 2084 1351 2149 constitutum,
1395 2100 1598 2150 curam,
1620 2087 1705 2141 vel
1734 2086 1843 2142 fre-

252 2170 671 2238 quentationem
700 2174 932 2243 propriae
959 2175 1225 2229 cathedra:
1249 2174 1540 2245 negligere.

318 2276 400 2331 De
426 2280 713 2349 infantibus
734 2282 1082 2357 baptizandis,
1114 2286 1310 2357 quoties
1339 2280 1601 2340 dubitatur
1628 2297 1798 2341 utrum

808 2355 1006 2425 fuerint
1033 2354 1307 2423 baptizati.

328 2437 537 2494 LXXII.
565 2440 699 2497 Item
724 2443 927 2512 placuit
946 2444 1012 2499 de
1040 2444 1351 2511 infantibus,
1378 2447 1590 2515 quoties
1614 2462 1722 2502 non
1760 2447 1845 2502 in-

250 2531 552 2586 veniuntur
595 2534 881 2590 certissimi
929 2544 1096 2592 testes
1125 2539 1215 2608 qui
1260 2553 1354 2593 eos
1397 2539 1700 2609 baptizatos
1726 2554 1847 2596 esse

246 2621 376 2676 sine
405 2622 741 2681 dubitatione
772 2633 1058 2693 testentur,
1090 2642 1265 2697 neque
1293 2629 1394 2699 ipsi
1424 2639 1549 2685 sunt
1593 2646 1691 2700 per
1716 2639 1847 2686 aeta-

254 2722 367 2767 tem
401 2711 469 2767 de
500 2715 705 2771 traditis
732 2717 834 2772 sibi
863 2719 1211 2774 sacramentis
1262 2718 1442 2775 idonei
1492 2721 1841 2791 respondere,

251 2805 465 2875 absque
512 2806 621 2862 ullo
646 2808 900 2878 scrupulo
946 2824 1041 2864 eos
1068 2823 1190 2864 esse
1238 2808 1614 2879 baptizandos,
1646 2826 1714 2866 ne
1742 2811 1845 2866 ista

254 2897 545 2967 trepidatio
574 2913 672 2954 eos
700 2898 862 2955 faciat
887 2912 1351 2957 sacramentorum
1390 2902 1707 2972 purgatione
1736 2902 1846 2973 pri-

250 2994 396 3048 vari.
439 2993 575 3050 llinc
617 2995 759 3050 enim
810 2995 973 3064 legati
1016 2995 1356 3062 Maurorum,
1407 2996 1605 3051 fratres
1652 2997 1844 3062 nostri,

250 3086 694 3154 consuluerunt,
731 3086 860 3156 quia
910 3086 1111 3143 multos
1153 3087 1289 3143 tales
1336 3101 1367 3141 a
1412 3086 1655 3143 barbaris
1705 3086 1847 3141 redi-

250 3188 436 3234 munt.

471 3266 625 3324 Diem
647 3267 886 3337 Paschaz,
918 3270 1002 3324 die
1029 3271 1234 3325 concilii
1262 3270 1624 3326 nuntiandum.

326 3356 556 3414 LXXIII.
588 3357 723 3414 Item
775 3360 994 3430 placuit,
1028 3368 1085 3414 ut
1131 3360 1246 3416 dies
1273 3361 1594 3415 venerabilis
1622 3360 1843 3416 Pascha:

251 3449 610 3506 formatarum
654 3453 1046 3523 subscriptione
1074 3452 1325 3507 omnibus
1376 3452 1670 3519 intimetur,
1728 3452 1844 3509 dies

254 3556 387 3597 vero
401 3543 619 3597 concilii
644 3543 785 3599 idem
807 3552 1069 3611 servetur,
1095 3544 1185 3614 qui
1210 3544 1265 3598 in
1288 3541 1621 3614 Hipponensi
1651 3545 1839 3600 conci-

250 3631 327 3688 lio
351 3634 677 3689 constitutus
702 3643 800 3699 est,
836 3634 887 3688 id
914 3642 998 3690 est
1024 3650 1059 3689 x
1088 3634 1192 3689 cal.
1224 3634 1574 3704 Septembris.
1606 3633 1671 3687 Et
1704 3636 1840 3690 scri-

251 3724 492 3779 bendum
544 3725 615 3779 ad
660 3726 989 3794 singularum
1043 3740 1379 3796 quarumque
1437 3724 1839 3795 provinciarum

250 3816 536 3884 primates,
567 3824 625 3870 ut
650 3816 864 3885 quando
905 3815 1047 3886 apud
1076 3830 1135 3871 se
1160 3816 1450 3872 concilium
1479 3824 1834 3885 congregant,

248 3907 413 3959 istum
436 3905 582 3961 diem
610 3922 717 3961 non
745 3906 1061 3976 impediant.

246 3994 338 4050 Ne
365 3999 685 4053 interrenlor
703 4000 969 4070 episcopus
1005 3997 1307 4121 caéhedram
1340 3998 1380 4065 ',
1408 3998 1493 4051 ubi
1522 3998 1838 4051 interventor

874 4078 973 4121 est.
1003 4084 1057 4121 se
1094 4078 1197 4121 eat.

874 4078 973 4137 est,
1003 4078 1197 4122 sedeat.

319 4154 562 4210 LXXIV.
588 4156 720 4212 Item
750 4158 1100 4213 constitutum
1125 4164 1230 4226 est,
1260 4163 1321 4211 ut
1346 4156 1475 4211 nulli
1500 4157 1841 4215 intercessori

248 4248 458 4303 licitum
487 4249 558 4302 sit
575 4249 886 4306 cathedram
931 4250 1020 4306 cui
1050 4249 1379 4305 intercessor
1404 4248 1563 4305 datus
1590 4257 1690 4313 est,
1722 4248 1841 4319 qui-

247 4338 489 4393 buslibet
509 4338 832 4409 populorum
853 4339 1043 4395 studiis
1089 4339 1177 4395 vel
1203 4337 1554 4395 seditionibus
1574 4340 1834 4395 retinere:

246 4429 344 4484 sed
365 4428 503 4485 dare
527 4445 773 4501 operam,
805 4439 865 4486 ut
888 4431 1029 4486 intra
1070 4446 1271 4486 annum
1300 4430 1503 4487 eisdem
1523 4431 1837 4501 episcopum

248 4521 579 4590 provideat:
609 4528 754 4591 quod
778 4523 825 4578 si
854 4521 1185 4592 neglexerit,
1216 4536 1361 4577 anno
1381 4529 1635 4592 exempto
1664 4520 1837 4575 inter-

252 4620 448 4665 venzor
464 4611 605 4666 alius
630 4610 918 4667 tribuatur.
1794 4676 1795 4679 η

249 4699 330 4754 De
356 4700 723 4771 defensoribus
749 4699 1100 4758 Ecclesiarttm
1125 4699 1190 4754 ab
1209 4703 1520 4771 imperatore
1546 4698 1837 4767 pascendis.

314 4788 531 4844 LXXV.
565 4791 646 4847 Ab
690 4791 1106 4863 imperatoribus
1137 4831 1154 4858 ,
1209 4790 1472 4847 universis
1513 4791 1685 4845 visum
1730 4798 1837 4858 est,

246 4881 632 4958 postulandum
653 4893 873 4955 propter
895 4882 1247 4940 alllictionem
1272 4898 1588 4954 pauperum,
1608 4897 1836 4952 quorum

246 4970 513 5027 molestiis
532 4973 651 5030 sine
671 4974 1071 5031 intermissione
1092 4975 1347 5044 fatigatur
1376 4973 1636 5040 Ecclesia,
1669 4985 1727 5028 ut
1752 4974 1841 5030 de-

244 5062 495 5116 fensores
516 5063 598 5118 eis
623 5064 878 5120 adversus
922 5066 1196 5136 potentias
1222 5064 1446 5120 divitum
1476 5080 1599 5121 cum
1626 5065 1834 5135 episco-

242 5165 439 5219 porum
466 5152 775 5221 provisione
804 5153 1138 5224 delegentur.

398 5239 477 5294 De
498 5244 772 5312 episcopis,
800 5246 885 5315 qui
916 5245 985 5297 ad
1014 5244 1231 5298 concilia
1262 5260 1365 5299 non
1390 5253 1685 5299 occurrunt.

317 5329 555 5385 LXXVI.
586 5332 720 5388 Item
749 5334 967 5404 placuit,
1002 5343 1063 5388 ut
1090 5334 1513 5405 quotiescunque
1542 5334 1832 5389 concilium

242 5424 681 5491 congregandum
710 5435 812 5492 est,
837 5426 1077 5497 episcopi
1106 5426 1196 5495 qui
1249 5441 1422 5497 neque
1442 5434 1623 5492 actate,
1659 5439 1834 5495 neque

243 5513 559 5581 aegritudine
578 5554 594 5580 ,
623 5531 800 5585 neque
839 5516 1014 5585 aliqua
1045 5515 1277 5584 graviori
1307 5514 1629 5570 necessitate
1660 5514 1829 5585 impe-

240 5604 483 5669 diuntur,
515 5615 884 5677 competenter
932 5616 1236 5672 occurrant,
1266 5616 1321 5661 et
1358 5604 1677 5675 primatibus
1705 5618 1828 5659 sua-

240 5709 363 5748 rum
404 5709 738 5764 quarumque
767 5696 1157 5765 provinciarum
1188 5696 1480 5764 intimetur,
1511 5704 1571 5751 ut
1600 5693 1666 5752 de
1697 5694 1815 5749 uni-

317 5826 337 5845 ⁹
376 5820 545 5879 Forte
570 5823 854 5892 legendum
880 5828 934 5881 in
963 5829 1221 5888 cathedra.
1257 5828 1408 5887 Eutr.

1950 1893 2271 1947 sententiam
2296 1896 2761 1965 promulgandam.

2161 1983 2241 2037 De
2262 1984 2495 2041 Ecclesia
2522 1986 2935 2059 Hipponensium
2962 1991 3309 2050 Diaretorum.

2021 2070 2295 2129 LXXVIII.
2339 2073 2569 2131 Rursum
2616 2080 2837 2148 placuit,
2865 2089 2923 2135 ut
2944 2084 3195 2151 quoniam
3218 2085 3532 2156 Hipponen-

1948 2167 2085 2222 sium
2115 2168 2450 2225 Diaretorum
2498 2169 2751 2227 Ecclesia:
2779 2175 3054 2231 destitutio
3086 2193 3190 2232 non
3219 2187 3304 2233 εει
3330 2180 3528 2235 diutius

1950 2261 2282 2330 negligenda,
2341 2271 2395 2317 ει
2423 2262 2675 2319 Ecclesiae
2716 2266 2790 2320 ibi
2838 2266 2906 2320 ab
2935 2266 3019 2323 his
3069 2269 3385 2337 retinentur,
3435 2271 3534 2342 qui

1949 2349 2147 2420 Equitii
2198 2351 2557 2408 facinorosam
2607 2355 3039 2410 communionem
3086 2356 3511 2432 declinaverunt,

1949 2441 2123 2497 missis
2150 2457 2215 2496 ex
2247 2444 2494 2512 prmsenti
2549 2446 2780 2500 concilio
2810 2447 3096 2517 episcopis,
3146 2448 3372 2519 Regino,
3401 2451 3531 2525 Aly-

1948 2533 2060 2601 pio,
2086 2533 2401 2602 Augustino,
2434 2532 2697 2599 Materno,
2725 2534 2975 2603 Theasio,
3000 2535 3218 2605 Evodio,
3252 2538 3529 2610 Placiano,

1951 2621 2189 2688 Urbano,
2255 2624 2489 2691 Valerio,
2547 2624 2813 2692 Ambivio,
2860 2626 3176 2692 Fortunato,
3226 2628 3529 2696 Quodvult-

1948 2714 2071 2777 deo,
2105 2715 2401 2781 Honorato,
2436 2715 2709 2783 Januario,
2737 2716 2897 2787 Apto,
2923 2716 3221 2787 Honorato,
3254 2720 3526 2792 Ampelio,

1948 2806 2279 2872 Victoriano,
2328 2806 2628 2878 Evangelo,
2660 2816 2716 2863 et
2753 2807 3094 2878 Rogatiano;
3149 2813 3428 2868 conventis
3472 2824 3528 2870 et

1948 2897 2207 2953 correctis
2234 2898 2335 2963 his,
2359 2899 2451 2968 qui
2478 2898 2733 2971 culpabili
2762 2900 3054 2970 pertinacia
3080 2900 3258 2971 fugam
3283 2902 3525 2973 ejusdem

1946 2986 2143 3059 Equitii
2177 2988 2595 3058 exspectandam
2645 2990 2925 3061 putabant,
2959 3007 3081 3047 cum
3127 2994 3365 3049 omnium
3393 3006 3521 3053 voto

1950 3079 2029 3134 eis
2054 3078 2341 3150 episcopus
2363 3080 2659 3136 ordinetur.
2697 3080 2753 3137 Si
2780 3091 2959 3138 autem
2982 3082 3057 3137 illi
3078 3098 3263 3154 pacem
3290 3087 3527 3143 conside-

1875 3211 1920 3273 Ο
1952 3184 2073 3224 rare
2098 3170 2388 3237 noluerint,
2423 3185 2531 3226 non
2579 3171 2873 3242 impediant
2900 3174 2954 3227 in
3003 3174 3250 3244 eligendo
3285 3178 3353 3231 ad
3382 3178 3528 3234 ordi-

1952 3259 2184 3317 nandum
2216 3262 2502 3332 prreposito
2517 3262 2803 3320 utilitatem
2830 3272 2980 3321 tanto
3008 3273 3250 3337 tempore
3270 3266 3525 3325 Ecclesia:

1948 3351 2236 3407 destitutae.

1982 3441 2062 3497 De
2078 3446 2275 3499 clericis
2302 3446 2389 3516 qui
2410 3446 2548 3499 intra
2592 3462 2784 3500 annum
2811 3464 3021 3528 causam
3034 3464 3179 3503 suam
3208 3465 3362 3520 agere
3386 3466 3491 3504 non

2524 3526 2927 3585 procuraverint.

2016 3600 2243 3656 LXXIX.
2277 3603 2482 3660 Rursus
2502 3605 2847 3659 constitutum
2871 3615 2973 3668 est,
2998 3614 3056 3660 ut
3080 3608 3291 3676 quoties
3311 3608 3524 3665 clericis

1945 3690 2205 3747 convictis
2250 3700 2305 3747 et
2350 3691 2607 3747 confessis
2634 3691 2688 3746 in
2713 3693 2893 3761 aliquo
2913 3694 3156 3762 crimine,
3194 3696 3277 3751 vel
3304 3706 3526 3768 propter

1943 3800 2152 3851 eorum,
2175 3801 2403 3856 quorum
2423 3786 2757 3842 verecundia:
2785 3785 3043 3856 parcitur,
3072 3790 3154 3843 vel
3179 3800 3398 3859 propter
3418 3788 3521 3846 Ec-

1944 3877 2121 3932 clesiae
2147 3872 2948 3948 approbrium,autinsolentem
2976 3876 3375 3933 insultationem
3405 3878 3518 3934 ha:-

1943 3967 2234 4022 reticorum
2263 3975 2425 4035 atque
2449 3966 2745 4035 gentilium,
2771 3966 2819 4021 si
2840 3966 2978 4023 forte
2998 3982 3174 4022 causa:
3196 3982 3307 4023 suae
3332 3968 3523 4026 adesse

1948 4056 2231 4125 voluerint,
2260 4064 2317 4111 et
2342 4055 2701 4111 innocentiam
2741 4072 2891 4115 suam
2943 4071 3208 4127 asserere,
3252 4059 3393 4114 intra
3418 4074 3519 4114 an-

1943 4162 2072 4201 num
2110 4146 2679 4201 excommunicationis
2728 4147 2833 4201 hoc
2886 4145 3085 4202 faciant
3113 4164 3126 4200 :
3159 4148 3203 4203 si
3229 4164 3356 4205 vero
3380 4149 3521 4205 intra

1943 4253 2141 4293 annum
2182 4250 2401 4291 causam
2429 4251 2580 4292 suam
2627 4249 2857 4307 purgare
2885 4240 3327 4310 contempserint,
3375 4239 3521 4295 nulla

1943 4342 2131 4384 eorum
2151 4342 2255 4381 vox
2282 4335 2472 4395 postea
2494 4327 2706 4397 penitus
2734 4326 3000 4381 audiatur.

1946 4440 2016 4497 Ut
2036 4441 2098 4494 de
2122 4440 2291 4494 alieno
2318 4440 2630 4493 monasterio
2660 4446 2941 4507 susceptos,
2965 4454 3057 4493 nec
3084 4441 3388 4508 prwpositos
3410 4457 3524 4497 mo-

2198 4509 2433 4576 nasterii,
2462 4524 2555 4561 nec
2582 4508 2794 4562 clericos
2822 4508 2972 4561 liceat
3001 4508 3265 4563 ordinare.

1868 4580 1916 4638 Ῑ)
2016 4598 2172 4656 XXC.
2187 4599 2319 4655 Item
2340 4598 2562 4669 placuit,
2578 4605 2636 4651 ut
2658 4597 2703 4651 si
2724 4597 2843 4666 quis
2861 4595 2929 4651 de
2950 4597 3169 4652 alterius
3187 4600 3520 4657 monasterio

1944 4703 2218 4765 repertum
2248 4692 2333 4747 vel
2358 4690 2425 4745 ad
2449 4690 2761 4746 clericatum
2806 4704 3125 4759 promovere
3150 4690 3397 4756 voluerit,
3433 4693 3521 4749 vel

1947 4788 2001 4843 in
2027 4802 2127 4841 suo
2152 4784 2482 4840 monasterio
2510 4783 2768 4852 majorem
2798 4782 3108 4837 monasterii
3136 4783 3473 4839 constituerit
3501 4802 3517 4838 :

1942 4879 2262 4949 episcopus,
2293 4874 2385 4946 qui
2424 4873 2531 4929 hoc
2572 4871 2795 4938 fecerit,
2844 4887 2875 4926 a
2924 4881 3239 4927 caeterorum
3274 4888 3521 4929 commu-

1944 4970 2106 5025 nione
2124 4966 2399 5036 sejunctus
2417 4979 2523 5020 sum
2555 4971 2756 5017 tantum
2784 4962 2952 5033 plebis
2981 4962 3360 5018 communione
3385 4979 3521 5021 cou-

1947 5068 2124 5115 tentus
2169 5058 2257 5123 sit,
2290 5065 2345 5111 et
2374 5056 2462 5110 ille
2492 5069 2667 5124 neque
2703 5053 2949 5119 clericus,
2980 5066 3154 5121 neque
3201 5053 3518 5122 prmpositus

1946 5158 2271 5222 perseveret.

1990 5239 2070 5294 De
2100 5240 2352 5309 episcopis
2390 5237 2477 5307 qui
2515 5237 2809 5309 Itwreticos,
2852 5225 2927 5287 re!
2968 5251 3197 5305 paganos
3239 5234 3465 5289 Itwredes

2586 5308 2875 5359 instituunt.
3468 5324 3473 5327 λ

2012 5398 2188 5456 XXCI.
2228 5398 2360 5453 Item
2398 5397 2743 5453 constitutum
2787 5404 2888 5459 est,
2920 5404 2979 5449 ut
3010 5396 3053 5449 si
3097 5393 3215 5464 quis
3238 5392 3518 5462 episcopus

1938 5492 2177 5549 haredes
2205 5499 2490 5547 extraneos
2527 5503 2559 5543 a
2586 5486 3049 5556 consanguinitate
3074 5499 3189 5549 sua,
3220 5484 3302 5538 vel
3346 5489 3519 5537 tumre-

1935 5585 2069 5641 ticos
2105 5585 2270 5641 etiam
2323 5580 2777 5650 consanguineos,
2833 5586 2926 5634 aut
2975 5590 3214 5647 paganos
3256 5573 3513 5631 Ecclesia!

1932 5678 2249 5756 praetulerit,
2272 5676 2461 5734 saltem
2506 5680 2628 5743 post
2654 5679 2881 5725 mortem
2909 5664 3201 5722 anathema
3224 5666 3275 5723 ei
3306 5666 3515 5722 dicatur
