3988 6344
446 350 469 375 Ι

443 441 548 497 9.07

450 563 609 622 atque
646 548 761 617 ejus
802 558 997 600 nomen
1046 541 1186 595 inter
1214 537 1309 593 Dei
1340 531 1646 590 sacerdotes
1676 528 1821 582 nullo
1863 524 2023 579 modo
2052 531 2098 584 Α

451 642 732 702 recitetur;
776 651 875 690 nec
917 630 1162 687 excusari
1212 627 1421 698 possit,
1480 623 1523 674 si
1581 620 1865 673 intestatus
1924 615 2023 669 de-

451 730 693 795 cesserit,
720 725 846 794 quia
873 723 1056 790 utique
1083 717 1268 773 debuit
1298 715 1466 769 factus
1496 710 1781 779 episcopus
1811 705 1887 760 rei
1916 720 2026 757 suae

451 820 843 878 ordinationem
878 826 1168 882 congruam
1196 824 1303 864 sua:
1332 801 1649 876 professioni
1689 811 2028 866 nequaquam

452 913 685 968 differre.

934 1020 1012 1073 De
1044 1010 1549 1071 manumissionibus.

526 1133 727 1191 XXCll.
759 1132 892 1185 ltem
923 1127 1143 1199 placuit,
1172 1133 1230 1178 ut
1255 1123 1321 1177 de
1345 1113 1852 1175 manumissionibus
1876 1112 1927 1164 in
1952 1124 2035 1165 ec-

456 1228 618 1281 clcsia
648 1221 981 1278 celebrandis
1006 1218 1073 1271 ab
1101 1217 1425 1284 imperatore
1456 1216 1689 1279 petatur.

810 1331 887 1384 De
916 1329 1063 1400 falsis
1092 1324 1350 1379 memoriis
1382 1329 1683 1387 martyrum.

528 1425 753 1481 XXClll.
786 1424 918 1476 ltem
947 1419 1172 1489 placuit,
1211 1422 1270 1468 ut
1315 1412 1505 1466 altaria
1554 1422 1672 1478 quae
1702 1405 1899 1475 passim
1940 1417 2039 1472 per

459 1526 707 1589 agros,et
735 1532 831 1586 per
858 1513 988 1577 vias,
1019 1519 1272 1579 tanquam
1298 1502 1575 1559 memoria:
1602 1508 1897 1569 martyrum
1919 1509 2043 1549 con-

461 1585 772 1675 stituuntur,
821 1606 874 1659 in
905 1602 1101 1672 quibus
1140 1597 1343 1652 nullum
1393 1607 1619 1662 corpus,
1665 1599 1759 1643 aut
1804 1585 2041 1654 reliquia:

461 1709 760 1771 martyrum
788 1694 1020 1750 condita:
1050 1690 1366 1760 probantur,
1388 1684 1455 1739 ab
1482 1680 1749 1752 episcOpis
1790 1677 1881 1747 qui
1911 1675 2044 1729 locis

463 1792 665 1846 eisdem
688 1794 946 1858 praisunl,
977 1783 1023 1837 si
1049 1780 1161 1835 fieri
1187 1784 1380 1853 pqtest,
1405 1780 1717 1829 evertantur
1744 1787 1761 1822 ε
1798 1768 1841 1821 si
1865 1773 2045 1819 autem

465 1882 569 1935 hoc
597 1856 703 1949 per
737 1873 996 1929 tumultus
1023 1868 1312 1940 populares
1356 1878 1462 1918 non
1488 1862 1697 1925 sinitur,
1729 1856 1914 1927 plebes
1962 1860 2044 1906 ta-
2078 1896 2125 1954 Β

466 1988 589 2028 men
614 1970 1027 2029 admoneamur,
1060 1976 1127 2016 ne
1157 1959 1245 2013 illa
1291 1957 1414 2011 loca
1454 1953 1816 2023 frequentent,
1849 1955 1907 2001 ut
1954 1944 2046 2013 qui

466 2070 615 2119 recte
644 2058 878 2129 sapiunt,
908 2052 1049 2108 nulla
1078 2046 1543 2119 ibisupcrstitione
1572 2039 1804 2096 devincti
1834 2045 2051 2092 tenean-

471 2166 557 2211 tur
576 2194 592 2220 ,
621 2161 675 2208 et
724 2149 945 2206 omnino
975 2144 1122 2199 nulla
1148 2138 1406 2196 memoria
1430 2144 1728 2205 martyrum
1756 2127 2049 2201 probabili-

467 2256 552 2301 ter
574 2216 901 2310 acceptetur,
934 2234 1037 2289 nisi
1083 2229 1172 2286 ubi
1201 2242 1398 2298 corpus
1436 2234 1529 2279 aut
1581 2222 1770 2291 aliqua:
1812 2216 2049 2286 reliquiae

466 2344 617 2402 sunt,
666 2339 758 2386 aut
787 2329 939 2397 origo
968 2324 1193 2391 alicujus
1228 2316 1594 2381 habitationis,
1634 2312 1721 2367 vel
1752 2308 2048 2381 possessio-

470 2429 571 2493 nis,
607 2424 693 2479 vel
734 2396 999 2491 passionis
1044 2412 1352 2467 ﬁdelissima
1390 2407 1597 2473 origine
1641 2401 1891 2457 traditur.
1917 2396 2051 2451 Nam

471 2530 591 2586 qua:
631 2528 729 2580 per
780 2506 989 2563 somnia
1034 2512 1089 2557 et
1134 2516 1228 2570 per
1277 2499 1465 2551 inanes
1494 2492 1647 2562 quasi
1694 2487 2053 2543 revelationes

471 2575 837 2674 quorumlibet
860 2595 1137 2650 hominum
1156 2588 1464 2654 ubicunque
1492 2579 1893 2638 constituuntur
1918 2575 2054 2628 alta-

473 2698 572 2761 ria,
598 2687 909 2749 omnimodo
932 2683 1307 2756 reprobentur.

762 2799 841 2855 De
861 2796 1115 2853 idolorum
1137 2790 1362 2861 reliquiis
1392 2783 1759 2856 exstirpandis.

546 2889 774 2949 XXCIV.
804 2890 939 2944 Item
966 2884 1163 2957 placuit
1191 2884 1257 2936 ab
1291 2875 1709 2949 imperatoribus
1746 2869 2059 2941 gloriosissi-

476 2988 578 3044 mis
587 2956 1355 3056 peti,utreliquimidololatria:
1369 2984 1475 3023 non
1486 2964 1567 3020 sol
1576 2980 1659 3018 um
1674 2964 1725 3017 in
1738 2959 2057 3027 simulacris,

476 3081 575 3136 sed
603 3079 656 3132 in
682 3076 1086 3145 quibuscunquc
1127 3068 1261 3122 locis
1281 3106 1295 3133 ,
1339 3063 1425 3118 vel
1454 3060 1619 3124 lucis,
1663 3057 1749 3112 vel
1779 3054 2059 3110 arboribus

479 3165 795 3227 omnimodo
821 3164 1126 3221 deleantur.

1718 410 2070 471 D-IGNYSIUS
2106 404 2420 463 EXIGUUS.

3602 382 3691 434 903

2129 520 2267 590 apud
2295 515 2671 583 Carthaginem
2711 510 2928 566 definita
2952 548 2967 573 ,
3008 521 3150 562 nunc
3183 516 3398 573 quoque
3442 499 3598 555 nobis
3636 512 3692 550 ex

2128 611 2316 665 ordine
2360 607 2667 661 recitentur.
2718 600 2867 655 Tunc
2890 599 3102 653 demum
3126 592 3487 649 fraternitatis
3513 596 3695 643 vestrae

2128 697 2413 755 concordia
2442 698 2559 750 luce
2587 694 2780 749 clarior
2808 690 3107 761 apparebit,
3131 688 3174 741 si
3221 688 3335 740 huic
3360 698 3477 753 qua:
3501 698 3531 736 a
3554 682 3696 736 nobis

2130 790 2492 862 superioribus
2510 786 2748 842 conciliis
2769 783 3011 852 legaliter
3027 778 3240 834 definita
3268 782 3581 837 noscuntur,
3599 789 3698 827 non

2131 883 2303 938 solum
2333 894 2598 936 consensu
2628 883 2806 930 vestro
2854 872 2937 926 liis
2966 870 3098 925 actis
3117 910 3131 935 ,
3175 882 3359 921 verum
3391 873 3444 919 et
3473 864 3698 918 subscri-

2132 972 2403 1044 ptionibns
2450 965 2819 1022 manifestetis.
2866 961 3166 1029 Xantippus
3208 958 3491 1026 episcopus
3522 954 3696 1023 prima:

2135 1063 2278 1117 sedis
2318 1059 2576 1115 Numidia:
2619 1056 2754 1111 dixit
2787 1073 2799 1106 :
2832 1052 3006 1108 Credo
3034 1050 3173 1120 quod
3214 1048 3358 1101 omni
3393 1045 3702 1100 fraternitati

2135 1152 2334 1223 placuit
2362 1159 2419 1206 et
2439 1157 2637 1204 statuta
2664 1161 2760 1201 sua
2789 1158 2949 1197 manu
2973 1138 3445 1201 confirmaverunt,
3477 1134 3703 1189 subscri-

2137 1245 2313 1301 bendo
2340 1244 2503 1298 etiam
2532 1241 2688 1317 nobis
2719 1238 2930 1307 placere
2968 1247 3154 1304 posse,
3189 1239 3243 1285 et
3272 1237 3453 1283 nostra
3484 1226 3706 1281 subscri-

2139 1337 2323 1407 ptione
2368 1314 2657 1387 firmamus.
2718 1326 2953 1382 Nicetius
2998 1324 3284 1392 episcopus
3337 1319 3522 1388 prima:
3573 1314 3707 1371 sedis

2140 1426 2472 1482 Mauritaniae
2489 1421 2755 1478 Sitifensis
2766 1418 2927 1472 dixit:
2948 1415 3076 1481 Qua:
3091 1413 3315 1468 recitata
3336 1418 3461 1464 sunt
3479 1408 3707 1467 decreta,

2142 1520 2398 1591 quoniam
2428 1516 2638 1571 ratione
2669 1528 2774 1566 non
2804 1516 3007 1571 carent,
3033 1514 3084 1561 et
3113 1513 3238 1559 sunt
3263 1502 3558 1571 approbata
3587 1514 3710 1553 cun-

2144 1588 2261 1677 ctis,
2284 1610 2445 1665 etiam
2468 1618 2523 1662 et
2547 1620 2675 1659 mea:
2698 1600 2947 1672 parvitati
2976 1599 3089 1651 hcce
3109 1595 3341 1666 placent,
3367 1606 3484 1661 quae
3508 1588 3715 1660 quidem

2145 1700 2362 1773 propria
2384 1696 2774 1764 subscriptione
2802 1689 3044 1744 lirmabo.

2150 1815 2227 1870 De
2249 1806 2835 1884 episcoporumordine,
2862 1812 2917 1855 ut
2943 1802 3029 1884 qui
3060 1798 3312 1884 posterius
3332 1793 3557 1849 ordinati
3582 1796 3719 1858 sunt,

2438 1879 2696 1950 prioribus
2719 1892 2773 1929 se
2794 1889 2897 1927 non
2918 1870 3142 1924 audeant
3164 1871 3442 1937 anteferre.

2220 1991 2448 2049 XXCVI.
2482 1988 2797 2045 Valentinus
2833 1983 3117 2053 episcopus
3144 1977 3280 2033 dixit
3314 1996 3327 2029 :
3372 1974 3429 2030 Si
3466 1973 3722 2044 permittit

2149 2088 2347 2143 bonum
2390 2079 2663 2151 patientia:
2688 2083 2912 2141 vestrae,
2942 2084 3237 2142 prosequor
3290 2082 3352 2122 ea
3391 2081 3507 2135 qua:
3534 2073 3724 2134 paele-

2148 2178 2255 2231 rito
2286 2184 2526 2243 tempore
2549 2171 2598 2225 in
2629 2167 2868 2223 Ecclesia
2895 2159 3302 2229 Cartliaginensi
3325 2166 3473 2227 gesta
3504 2162 3644 2217 sunt,
3676 2164 3726 2208 et

2151 2263 2633 2335 subscriptionibus
2664 2258 2886 2313 fratrum
2932 2254 3141 2308 firmata
3181 2250 3524 2311 claruerunt,
3572 2245 3727 2299 etiam

2153 2378 2252 2418 nos
2290 2361 2395 2415 hoc
2434 2362 2739 2412 servaturos
2762 2363 2882 2405 esse
2909 2344 3167 2417 profiteor
3193 2361 3205 2394 :
3235 2340 3329 2395 sed
3360 2338 3487 2392 illud
3516 2337 3727 2397 scimus,

2154 2450 2408 2506 inviolate
2428 2460 2640 2514 semper
2661 2440 2923 2496 mansisse
2948 2433 3363 2491 ecclesiasticam
3381 2427 3728 2497 disciplinam,

2154 2545 2227 2599 ita
2257 2549 2315 2595 ut
2342 2538 2517 2593 nullus
2539 2536 2762 2589 fratrum
2789 2527 3060 2601 prioribus
3096 2524 3205 2579 suis
3233 2536 3293 2575 se
3327 2516 3614 2587 aliquando
3641 2531 3733 2569 au-

2152 2635 2308 2690 deret
2353 2637 2717 2698 anteponere;
2767 2620 2863 2678 sed
2908 2616 3098 2674 officiis
3139 2611 3414 2669 eharitatis
3443 2610 3495 2663 id
3525 2621 3735 2676 semper

2154 2723 2449 2782 exhibitum
2478 2726 2561 2774 est
2588 2713 2883 2786 prioribus,
2906 2707 3045 2779 quod
3070 2707 3122 2760 in
3149 2700 3497 2771 sequentibus
3525 2705 3737 2766 gratan-

2157 2824 2241 2870 ter
2264 2824 2477 2880 semper
2506 2806 2858 2875 acciperetur.
2884 2798 3037 2852 llunc
3066 2794 3309 2850 ordinem
3333 2790 3519 2860 jubeat
3539 2787 3735 2842 sancti-

2161 2912 2242 2959 las
2278 2909 2459 2957 vestra
2496 2896 2687 2951 melius
2725 2891 2920 2947 vestris
2950 2882 3447 2942 interlocutionibus
3470 2878 3732 2932 roborari.

2164 2992 2413 3048 Aurelius
2442 2988 2726 3059 episc0pus
2756 2981 2889 3036 dixit
2918 2997 2930 3031 ε
2962 2977 3079 3032 Non
3109 2974 3364 3029 decuerat
3411 2967 3635 3039 quidem
3683 2977 3739 3019 ut

2160 3088 2279 3143 haec
2298 3092 2687 3153 repeteremus,
2717 3075 2818 3130 nisi
2847 3072 2985 3127 forte
3012 3069 3305 3124 existerent
3333 3060 3739 3118 inconsiderate

2162 3185 2371 3233 mentes
2399 3167 2787 3242 quorumdam,
2816 3178 2935 3233 quae
2973 3158 3044 3214 ad
3074 3159 3189 3213 hinc
3219 3152 3500 3210 statuenda
3526 3159 3740 3206 nostros

484 3284 554 3339 Ut
576 3282 640 3338 ab
662 3282 896 3352 episcopo
917 3269 1334 3341 Carthaginensi,
1359 3281 1470 3319 cum
1492 3279 1619 3332 opus
1647 3257 2059 3331 fuerit,omnium

620 3356 631 3366 ·
825 3365 830 3366 γ
874 3363 899 3366 η
938 3344 1142 3366 -η---ιηη
1189 3340 1440 3366 Λίδη-..θην
1467 3344 1512 3366 οι
1544 3328 1927 3366 οιιΙηι-νᾶιιηηιην
1953 3326 2061 3366 nni-

2165 3273 2422 3324 acuerent
2448 3276 2667 3326 sensus;
2696 3257 2790 3312 sed
2809 3251 3108 3310 communis
3132 3250 3245 3302 1133C
3269 3260 3425 3300 causa
3442 3252 3545 3307 εει,
3576 3256 3740 3310 quam

2168 3361 2179 3366 ‘
2254 3360 2266 3366 ‘
2417 3356 2448 3366 ¹·
2480 3353 2501 3366 “
2565 3359 2575 3366 ·
2690 3356 2728 3366 κ·
2767 3340 3111 3366 Α-έ--λιι-Ᾱιιη
3138 3345 3324 3366 “mum.
3376 3342 3427 3366 ul
3462 3332 3740 3366 Ilnncn||:;_

549 3328 887 3352 ’“”⁷Ἷ’““⁷Τ“
932 3328 941 3329 '
1115 3328 1138 3341 ν
1227 3341 1236 3349 .
1323 3328 1329 3330 ν
1526 3328 1533 3332 -
1647 3328 1656 3331 -
1726 3330 1735 3340 .
2022 3328 2032 3336 ,

549 3356 905 3434 cpi-scaporum
934 3344 1142 3399 nomine
1186 3340 1440 3392 metemur
1464 3344 1512 3388 et
1540 3328 1927 3386 subscnbanmr
1953 3342 2061 3396 ei”-
2167 3356 2457 3415 insinuavit
2477 3353 2645 3407 frater
2680 3356 2734 3402 et
2758 3340 3115 3401 consacerdos
3138 3345 3343 3403 noster,
3376 3342 3433 3389 ut
3462 3332 3745 3402 unusquis-

550 3424 717 3479 stolaz.

550 3514 759 3572 XXCV.
812 3510 892 3565 Ab
921 3504 1183 3562 universis
1211 3501 1372 3557 etiam
1409 3494 1674 3568 episcopis
1712 3491 1911 3547 dic-tum
1957 3495 2061 3556 est,

483 3617 543 3663 ut
588 3607 633 3661 si
672 3618 791 3672 quae
839 3601 1033 3654 littera:
1079 3590 1342 3649 dictandte
1382 3589 1435 3644 in
1488 3584 1715 3641 concilio
1744 3578 2061 3651 placuerint,

485 3691 816 3751 venerandus
840 3688 1122 3758 episc0pus
1153 3681 1245 3752 qui
1266 3680 1388 3733 huic
1407 3676 1523 3730 sedi
1541 3671 1806 3744 praesidet,
1827 3668 2065 3723 omnium

485 3787 701 3846 nomine
729 3784 933 3838 dictare
972 3786 1027 3832 et
1069 3772 1407 3829 subscribere
1448 3767 1729 3836 dignetur,
1776 3762 1829 3815 in
1876 3759 2067 3828 quibus

486 3882 646 3936 etiam
674 3876 742 3931 ad
765 3874 1048 3945 episCOpos
1088 3869 1313 3935 legatos,
1347 3862 1436 3931 qui
1466 3876 1563 3929 per
1593 3854 1898 3928 provincias
1929 3851 2070 3904 Afri-

488 3986 651 4028 canas
680 3970 731 4022 in
761 3981 921 4022 causa
968 3961 1367 4016 Donatistarum
1400 3950 1642 4006 mittendi
1672 3955 1827 4011 sunt,
1871 3944 2070 4012 placuit

488 4067 695 4119 litteras
716 4059 831 4114 dari
861 4066 1102 4110 tenorem
1132 4046 1370 4103 mandati
1399 4042 1756 4102 continentes,
1778 4051 1937 4105 quem
1962 4050 2070 4087 non

490 4152 849 4220 egrediantur.
904 4146 970 4197 Et
998 4140 1428 4208 subscripserunt
1458 4151 1471 4187 :
1516 4130 1762 4186 Aurelius
1790 4127 2073 4196 episc0pus

490 4239 746 4297 Ecclesiae
790 4229 1225 4300 Carthaginensis
1266 4226 1391 4281 buic
1430 4223 1651 4278 decreto
1700 4216 1967 4281 consensi,
2018 4222 2074 4268 et

492 4331 743 4405 praelecto
773 4321 1083 4393 subscripsi.
1108 4317 1365 4373 Similiter
1393 4321 1449 4370 et
1472 4310 1647 4369 cazteri
1677 4305 1911 4378 episc0pi
1945 4303 2073 4360 sub-

493 4424 845 4495 scripserunt.

636 4537 703 4591 1n
730 4536 825 4589 hoc
854 4530 1069 4586 concilio
1101 4524 1364 4597 praeterita
1386 4520 1595 4574 decreta
1622 4516 1920 4586 ﬁrmantur.

2163 3463 2269 3518 que
2292 3453 2534 3501 nostrum
2556 3439 2797 3496 ordinem
2819 3434 2919 3489 sibi
2939 3433 3215 3487 decretum
3239 3442 3267 3480 a
3290 3426 3400 3480 Deo
3425 3432 3741 3493 cognoscat,

2165 3547 2221 3595 et
2249 3534 2573 3609 posteriores
2604 3526 2963 3583 anterioribus
2990 3518 3263 3585 deferant,
3308 3531 3406 3570 nec
3449 3515 3526 3570 eis
3554 3515 3746 3569 incon-

2166 3606 2319 3685 sultis
2340 3623 2538 3694 aliquid
2563 3635 2720 3689 agere
2745 3620 3089 3688 praesumant.
3105 3609 3218 3675 Qua
3237 3609 3304 3662 de
3325 3622 3383 3660 re
3409 3606 3554 3672 dico,
3580 3613 3749 3673 prout

2168 3726 2356 3789 captus
2378 3713 2549 3769 animi
2579 3711 2683 3764 mei
2730 3707 2945 3770 retinet,
2976 3717 3072 3757 eos
3097 3700 3186 3770 qui
3214 3696 3517 3769 putaverint
3547 3696 3749 3763 spretis

2169 3809 2462 3880 majoribus
2488 3801 2688 3871 aliquid
2716 3792 3173 3870 praesnmendum,
3221 3794 3591 3857 competenter
3624 3800 3751 3840 esse

2171 3906 2238 3959 ab
2265 3903 2410 3959 omni
2449 3896 2676 3955 concilio
2720 3887 3070 3947 coercendos.
3117 3883 3417 3952 Xantippus
3464 3880 3757 3948 episcopus

2170 3994 2356 4065 primae
2378 3989 2519 4045 sedis
2537 3984 2794 4041 Numidia:
2823 3980 2956 4034 dixit
2983 3995 2994 4029 :
3024 3976 3238 4029 Andivit
3258 3972 3491 4027 onmium
3522 3968 3756 4022 fratrum

2172 4081 2454 4155 praesentia
2511 4073 2946 4149 prosecutionem
3008 4066 3187 4120 fratris
3240 4074 3296 4118 et
3343 4057 3764 4117 eonsaccrdotis

2177 4178 2346 4234 nostri
2394 4172 2595 4229 Aurelii
2628 4187 2641 4223 :
2678 4166 2807 4237 quid
2836 4164 2900 4217 ad
2930 4163 3043 4216 haec
3072 4155 3445 4228 respondent?
3493 4150 3766 4205 Datianus

2177 4270 2462 4340 episcopus
2503 4262 2640 4317 dixit
2673 4278 2685 4312 :
2717 4259 2846 4323 Qua:
2874 4254 3142 4323 majorum
3178 4247 3417 4303 decrevit
3462 4242 3770 4307 sententia,

2175 4367 2365 4413 nostro
2389 4352 2627 4409 assensui
2653 4346 3117 4416 mancipabuntur,
3144 4350 3201 4393 ut
3221 4352 3341 4408 quin
3363 4335 3776 4406 prattcritorum

2180 4446 2530 4503 conciliorum
2550 4442 2717 4511 gestis
2742 4444 2993 4493 tenentur
3014 4428 3451 4498 Carthaginensis
3480 4424 3777 4491 Ecclesiae,

2182 4547 2365 4594 nostra
2397 4533 2712 4591 assensione
2738 4529 2893 4599 plene
2916 4522 3057 4595 apud
3088 4535 3275 4577 omnes
3303 4518 3512 4572 firmata
3538 4524 3787 4569 tenean-

565 4620 979 4682 Gloriosissimis
1019 4612 1435 4687 imperatoribus
1487 4607 1717 4663 Arcadio
1757 4613 1811 4659 et
1838 4599 2079 4693 Honorio
2107 4627 2156 4687 Ι)
2185 4640 2287 4685 um
2322 4626 2566 4683 universi
2594 4620 2834 4693 episcopi
2863 4618 3115 4673 dixerunt
3146 4631 3158 4666 ε
3186 4611 3285 4665 Hic
3310 4609 3444 4665 ordo
3472 4616 3530 4662 et
3550 4622 3581 4660 a
3604 4608 3789 4676 μω-

498 4717 752 4788 Augustis
776 4731 809 4768 v
832 4727 1034 4775 conss.,
1066 4716 1221 4764 sexto
1250 4704 1351 4760 cal.
1385 4697 1741 4770 Septembris,
1770 4694 1824 4748 in
1864 4692 2082 4748 civitate

499 4810 823 4871 Milevitana,
856 4806 908 4858 in
938 4800 1233 4859 secretario
1260 4795 1515 4856 basilice,
1547 4804 1669 4846 cum
1690 4785 1941 4841 Aurelius
1967 4782 2083 4852 epi-

498 4932 698 4988 scopus
718 4904 972 4966 Ecclesiae
999 4891 1438 4963 Carthaginensis
1466 4888 1521 4942 in
1544 4883 1776 4942 concilio
1795 4878 2083 4936 universali

500 4971 867 5068 consedisset,
900 4993 1199 5051 astantibus
1223 4982 1492 5047 diaeonis,
1524 4976 1774 5033 Aurelius
1801 4971 2085 5042 episcopus

400 5075 424 5085 ’⁸
502 5100 638 5155 dixit
681 5115 695 5151 :
738 5088 1003 5161 Quoniam
1034 5079 1289 5138 Ecclesia:
1313 5080 1514 5130 sanctae
1542 5082 1706 5124 unum
1736 5071 1824 5120 est
1868 5076 2082 5131 corpus,

504 5191 853 5255 omniumque
875 5179 1241 5236 membrorum
1262 5175 1424 5238 caput
1444 5172 1527 5220 est
1548 5176 1738 5225 unum,
1768 5157 1961 5211 factum
1984 5160 2086 5218 est,

504 5282 725 5337 volente
753 5243 884 5338 Deo,
918 5280 973 5326 et
1001 5273 1240 5322 nostram
1270 5256 1635 5314 infirmitatem
1661 5251 1915 5319 juvante,
1947 5253 2005 5299 ut
2025 5243 2090 5297 ad

510 5376 649 5429 hanc
670 5366 967 5422 Ecclesiam
989 5357 1314 5417 veniremus,
1341 5344 1643 5403 dilectionis
1665 5350 1719 5396 et
1742 5335 2092 5393 fraternitatis

509 5463 683 5534 gratia
712 5454 953 5513 invitati:
980 5448 1119 5504 unde
1143 5458 1324 5517 quaeso
1348 5439 1664 5494 cbaritatem
1693 5438 1945 5490 vestram,
1970 5426 2093 5495 quia

506 5558 584 5611 ita
625 5546 951 5608 credendum
982 5548 1083 5604 est,
1115 5536 1239 5607 quia
1268 5539 1452 5587 noster
1494 5536 1740 5580 accessus
1771 5518 1833 5572 ad
1862 5532 1960 5571 vos
2000 5529 2097 5568 nec
2158 5543 2166 5561 .

508 5642 842 5715 superfluus,
891 5650 990 5691 nec
1019 5626 1255 5685 insuavis
1284 5630 1367 5676 est
1408 5614 1652 5677 cunctis,
1704 5617 1763 5663 ut
1807 5619 2100 5662 consensus

511 5695 751 5792 omnium
779 5738 1019 5786 vestrum
1048 5716 1421 5776 manifestctur
1441 5701 1775 5762 concordare
1804 5695 2098 5767 complaci-

517 5829 587 5883 tis
651 5826 992 5878 decretorum
1033 5828 1151 5884 quae
1186 5802 1498 5879 jamdudum
1546 5794 1631 5852 vel
1672 5794 1725 5847 in
1766 5784 2100 5860 Hippononsi

515 5914 723 5990 synodo
746 5911 953 5965 firmata
974 5914 1116 5971 sunt,
1140 5877 1223 5958 vel
1245 5891 1590 5967 postmodum
1620 5883 1843 5942 meliore
1872 5877 2101 5937 concilio

1128 6118 1170 6131 ‘0

2188 4723 2287 4777 bus
2316 4729 2371 4775 et
2399 4736 2428 4773 a
2460 4716 2751 4786 majoribus
2779 4716 3022 4767 servatus
3050 4714 3150 4771 est,
3177 4712 3231 4759 et
3273 4719 3303 4757 a
3333 4701 3488 4757 nobis
3515 4699 3633 4755 Deo
3656 4715 3793 4769 pro-

2188 4814 2323 4882 pitio
2342 4809 2670 4870 servabitur,
2716 4804 2865 4859 salvo
2893 4800 3054 4856 etiam
3077 4797 3198 4867 jure
3226 4795 3484 4866 primatus
3508 4791 3795 4845 Numidize

2190 4912 2246 4957 et
2272 4899 2618 4955 Mauritania).

2482 5011 2555 5065 De
2583 5010 2790 5063 archiva
2818 5015 2867 5060 et
2887 5002 3162 5058 matricula
3199 4996 3485 5051 Numidia.

2266 5104 2467 5161 Deinde
2497 5102 2698 5173 placuit
2718 5097 2970 5154 omnibus
2997 5090 3265 5163 episcOpis
3287 5088 3377 5157 qui
3425 5087 3477 5141 in
3508 5086 3619 5140 hoc
3648 5099 3803 5138 con-

2196 5199 2321 5254 cilio
2348 5195 2798 5262 subscripserunt,
2825 5195 2886 5240 ut
2912 5181 3193 5238 matricula
3239 5187 3295 5233 et
3318 5176 3565 5231 archivus
3588 5172 3806 5226 Numi-

2197 5291 2319 5354 diae,
2349 5297 2403 5342 et
2442 5283 2580 5355 apud
2621 5283 2846 5353 primam
2877 5276 3060 5333 sedem
3101 5273 3197 5338 sit,
3228 5279 3283 5326 et
3311 5271 3362 5324 in
3393 5267 3716 5337 metropoli,
3748 5266 3811 5320 id

2198 5391 2281 5439 est
2308 5377 2676 5435 Constantina.

2608 5486 2682 5540 De
2723 5482 3075 5548 Quodvultdeo
3102 5479 3358 5549 episc0po.

2272 5581 2520 5640 XXCVll.
2552 5581 2626 5635 De
2657 5576 3032 5645 Quodvultdeo
3068 5573 3228 5627 etiam
3255 5565 3625 5631 Centuriensi,
3658 5579 3821 5634 quo-

2204 5679 2344 5733 niam
2368 5672 2702 5728 adversarius
2724 5669 2909 5739 ipsius,
2934 5680 3053 5720 cum
3079 5678 3137 5717 se
3161 5661 3403 5733 petiisset
3428 5655 3711 5711 introduci
3741 5654 3819 5706 ad

2204 5767 2489 5826 concilium
2520 5772 2781 5828 nostrum,
2812 5760 3188 5825 interrogatus,
3221 5760 3399 5807 utrum
3430 5764 3551 5804 cum
3586 5762 3663 5801 eo
3702 5745 3825 5799 vel-

2206 5868 2279 5924 let
2301 5858 2441 5933 apud
2462 5858 2744 5928 episcopos
2768 5850 3018 5923 experiri,
3044 5848 3215 5919 primo
3236 5844 3580 5915 promiserat,
3610 5848 3672 5895 et
3698 5837 3825 5892 alia
