3988 6344
257 335 368 388 209

1229 334 1452 391 CODEX
1491 335 1819 392 CANONUM
1860 336 2562 393 ECCLESIASTICORUM.

3437 339 3546 397 SB

253 449 343 500 die
375 443 652 514 respondit
681 445 783 499 hoc
813 445 910 499 sibi
940 461 1048 499 non
1081 445 1312 514 placere,
1363 455 1524 517 atque
1556 447 1803 502 discessit
1831 466 1842 500 :
1875 453 1922 508 Α
1952 464 2093 502 nunc
2119 463 2452 516 quaeramus,
2499 456 2675 501 utrum
2706 447 2865 516 legati
2900 449 3159 506 Numidia:
3204 452 3535 518 advenerim,

254 538 462 601 placuit
486 537 738 592 omnibus
761 537 1056 606 episcopis,
1091 545 1147 590 ut
1177 537 1354 590 nullus
1387 537 1526 591 idem
1557 537 1854 603 Quodvult-

252 631 361 683 deo
395 628 774 692 communicet,
810 627 982 682 donec
1009 643 1167 681 causa
1190 628 1325 697 ejus,
1356 628 1567 696 qualem
1593 629 1848 698 potuerit,

257 719 550 774 terminum
581 727 780 772 sumat.
837 717 968 771 Nam
999 717 1160 771 adimi
1188 718 1237 772 ei
1267 719 1655 787 episcopatum,
1703 729 1853 774 ante-

252 825 419 878 quam
464 825 641 862 causa:
669 808 787 877 ejus
817 809 992 862 exitus
1029 816 1346 878 appareret,
1394 809 1522 862 nulli
1549 807 1852 864 Christiano

254 900 426 955 videri
446 899 570 969 jure
604 900 890 970 potuisset.

701 1010 780 1064 De
805 1011 1134 1065 Maximiano
1154 1012 1414 1081 episcopo.
1656 1059 1672 1076 ,

327 1101 611 1158 XXCVIII.
644 1101 720 1156 De
750 1101 1076 1154 Maximiano
1116 1109 1297 1156 autem
1326 1103 1635 1171 Bagaiensi,
1689 1113 1744 1157 ct
1782 1104 1851 1158 ad

257 1211 380 1248 (nim
401 1235 416 1258 ,
453 1203 506 1249 et
533 1193 598 1247 ad
632 1194 801 1262 ipsam
834 1193 1044 1262 plebem
1070 1193 1269 1261 placuit
1299 1192 1365 1246 de
1389 1195 1620 1248 concilio
1645 1194 1851 1248 litteras

251 1287 402 1350 dari,
439 1296 495 1339 ut
526 1295 582 1340 et.
619 1285 736 1354 ipse
779 1285 846 1338 ab
876 1285 1192 1354 episcopatu
1221 1285 1498 1351 discedat,
1540 1295 1594 1340 et
1643 1286 1718 1340 illi
1749 1286 1852 1341 sibi

253 1383 422 1436 a’iuin
453 1383 754 1450 requirant.

257 1487 328 1542 l't
357 1489 602 1562 episcopi
629 1489 716 1562 qui
744 1488 1073 1562 ordinantur,
1103 1489 1166 1542 ab
1197 1490 1582 1562 ordinatoribus
1609 1494 1717 1544 suis
1737 1494 1849 1562 cpi-

300 1560 466 1612 stolas
495 1561 772 1628 accipiant,
828 1574 941 1628 qua:
969 1559 1103 1611 diem
1131 1570 1179 1612 et
1205 1561 1465 1613 consulem
1493 1559 1795 1632 prwj'erant.

327 1667 560 1722 XXCIX.
594 1668 794 1723 Deinde
824 1669 1044 1738 placuit,
1079 1678 1137 1723 ut
1165 1671 1473 1738 quicunque
1498 1662 1756 1740 deinceps
1783 1673 1850 1728 ab

251 1761 530 1830 episcopis
558 1759 875 1814 ordinantur
902 1775 999 1830 per
1035 1761 1339 1830 provincias
1382 1761 1674 1829 Africanas,
1709 1764 1850 1819 litte-

252 1867 344 1907 [ιε
372 1851 642 1920 accipiant
671 1853 738 1906 ab
760 1852 1161 1907 ordiuatoribus
1189 1853 1300 1907 suis
1323 1870 1484 1907 manu
1511 1870 1698 1908 eorum
1728 1857 1846 1910 sub-

251 1945 524 2012 st'riptas,
581 1944 920 2000 continentes
947 1947 1224 2001 consulem
1264 1956 1319 2001 et
1349 1948 1490 2002 diem
1537 1967 1549 2000 :
1603 1958 1660 2002 ut
1703 1950 1847 2005 nulla

252 2033 544 2089 altercatio
602 2033 672 2089 de
712 2035 1102 2104 posterioribus
1152 2037 1237 2092 vel
1285 2038 1644 2094 anterioribus
1692 2041 1839 2094 oria-

253 2135 366 2179 tur.

258 2235 334 2289 De
361 2237 440 2289 Lis
471 2238 558 2306 qui
589 2238 665 2290 rel
687 2238 842 2291 semel
870 2239 924 2292 in
958 2237 1192 2294 Ecclesia
1223 2241 1468 2324 legerint,
1501 2241 1564 2294 ab
1595 2243 1713 2298 aliis
1745 2261 1848 2299 non

817 2327 966 2376 posse
994 2328 1298 2379 promoueri.

333 2397 439 2452 XC.
469 2398 599 2453 ltcm
633 2400 852 2469 placuit,
882 2410 938 2455 ut
974 2403 1276 2471 quicunque
1307 2403 1359 2457 in
1385 2401 1624 2459 Ecclesia
1649 2405 1730 2459 vel
1759 2421 1849 2460 sc—

251 2493 364 2546 mel
397 2493 605 2559 legerit,
659 2493 726 2545 ab
756 2492 858 2545 alia
891 2491 1132 2547 Ecclesia
1175 2494 1241 2547 ad
1273 2495 1586 2550 clericatum
1631 2511 1736 2549 non
1765 2504 1849 2550 te-

251 2595 476 2638 neatur.
507 2581 570 2635 Et
595 2583 1033 2652 subscripserunt
1057 2601 1070 2637 :
1095 2583 1344 2639 Aurelius
1368 2586 1652 2655 episcopus
1673 2584 1854 2641 Eccle-

253 2677 350 2728 siae
381 2675 819 2743 Carthaginensis
859 2675 984 2730 huic
1010 2676 1228 2732 decreto
1272 2678 1558 2742 consensi,
1609 2685 1665 2734 et
1708 2693 1847 2749 prte-

254 2768 404 2822 lecto
455 2767 767 2836 subscripsi.
821 2767 1082 2824 Similiter
1117 2775 1172 2824 et
1218 2772 1399 2825 eazteri
1450 2771 1688 2842 episcopi
1724 2771 1848 2828 sub-

255 2859 616 2927 scripserunt.

257 2969 325 3023 In
358 2971 454 3024 hoc
479 2971 849 3045 concilioquid
873 2975 1071 3045 egerint
1120 2976 1346 3045 episwpi
1375 2978 1460 3045 qui
1489 2979 1560 3032 ad
1590 2989 1849 3034 tranante-

556 3043 672 3094 rina
702 3032 858 3114 legati
887 3032 1071 3098 directi
1099 3032 1239 3112 siint,
1269 3032 1558 3102 intimatur.

328 3129 734 3185 Gloriosissimo
778 3133 1104 3202 imperatore
1145 3134 1452 3191 Theodosio
1510 3139 1750 3208 Augusto
1797 3145 1853 3195 ct

259 3221 564 3277 Rumoritlo
585 3227 919 3290 v.c.'conss.,
938 3241 991 3280 ix
1007 3227 1111 3281 cal.
1136 3226 1487 3297 Septembris,
1505 3229 1850 3302 Carthagine,

258 3313 312 3367 in
338 3314 559 3368 basilica
588 3315 823 3382 regionis
851 3316 1123 3385 secundm,
1146 3334 1268 3374 cum
1292 3319 1540 3376 Aurelius
1570 3323 1856 3394 episcopus

258 3403 313 3458 in
346 3405 640 3459 universali
680 3407 910 3462 concilio
938 3409 1290 3471 consedisset,
1344 3413 1646 3467 astantibus
1672 3413 1856 3468 diaco-

257 3495 364 3555 nis,
401 3495 649 3549 Aurelius
687 3496 974 3566 episcopus
1003 3498 1136 3552 dixit
1169 3517 1180 3551 :
1215 3498 1477 3568 Exigente
1506 3502 1718 3558 ratione
1746 3503 1855 3558 fra-

261 3587 490 3639 ternitas
516 3594 692 3639 vestra
721 3602 750 3640 a
773 3603 892 3642 mea
916 3589 1177 3644 tenuitate
1200 3589 1264 3643 ad
1289 3589 1392 3646 hoc
1419 3592 1705 3646 concilium
1726 3609 1858 3648 con-

259 3687 480 3745 gregata
513 3687 625 3744 est;
652 3678 967 3748 jamdudum
997 3681 1170 3746 enim,
1223 3681 1361 3737 sicut
1389 3692 1568 3736 vestra
1599 3685 1858 3739 sanctitas

173 3775 192 3792 "
260 3770 606 3835 recordatur,
638 3769 821 3823 habito
853 3770 1085 3825 concilio
1113 3771 1501 3827 destinavimus
1532 3774 1724 3839 fratres
1755 3791 1856 3830 no-

260 3869 405 3915 stros
434 3860 502 3914 ad
533 3860 892 3914 transmarina
924 3861 1150 3929 legatos,
1192 3877 1330 3931 quos
1359 3866 1600 3934 oportuit
1630 3865 1683 3919 in
1713 3874 1858 3921 coetu

260 3953 568 4007 sanctitatis
599 3961 788 4007 vestra:
817 3952 1112 4023 perfuncta:
1152 3955 1435 4023 legationis
1474 3973 1689 4012 cursum
1731 3975 1857 4012 nar-

260 4060 410 4109 rare;
445 4053 503 4098 et
543 4044 668 4099 licet
695 4044 951 4099 hesterno
974 4045 1060 4100 die
1099 4045 1166 4100 de
1196 4046 1301 4101 hac
1347 4062 1407 4102 re
1455 4048 1858 4103 considentibus

261 4136 423 4190 nobis
453 4143 652 4204 prieter
678 4143 827 4205 gesta
859 4137 1222 4191 ecclesiastica
1247 4137 1552 4208 diligentius
1579 4154 1696 4208 qurc
1739 4153 1859 4206 ges-

260 4228 457 4292 serint,
488 4236 878 4294 tractaremus,
920 4227 1083 4282 hodie
1119 4236 1297 4282 tamen
1331 4237 1545 4298 oportet
1569 4236 1856 4284 tractatum

262 4318 508 4373 hesterni
537 4318 645 4372 diei
674 4318 810 4374 actis
839 4318 1219 4374 ecclesiasticis
1245 4319 1571 4374 conﬁrmari.

264 4429 343 4483 De
371 4431 632 4500 episcopis
667 4429 1048 4498 provinciarum
1074 4431 1294 4501 Africm,
1325 4431 1412 4500 qni
1437 4447 1541 4486 non
1582 4431 1858 4502 adfuerunt

802 4502 1048 4569 praesenti
1079 4502 1320 4555 concilio.

336 4615 487 4671 Ordo
518 4616 700 4686 itaque
729 4631 908 4670 rerum
935 4615 1196 4685 deposcit,
1231 4623 1286 4670 ut
1310 4615 1555 4686 primitus
1577 4612 1644 4669 de
1684 4614 1862 4669 fratri-

264 4709 368 4761 bus
400 4707 602 4761 nostris
631 4714 688 4760 et
714 4705 1208 4773 consacerdotibus,
1239 4706 1329 4776 qui
1352 4705 1416 4759 ad
1440 4705 1544 4760 hoc
1573 4706 1860 4760 concilium

267 4800 351 4854 vel
376 4799 446 4853 de
477 4797 719 4868 Byzatio,
749 4797 834 4852 vel
857 4807 1004 4853 certe
1033 4797 1101 4852 de
1133 4797 1447 4852 Mauritania
1469 4807 1856 4862 convenerunt,

265 4904 600 4959 qmeraiiiiis,
629 4886 1084 4958 quemadmodum
1116 4887 1240 4942 huic
1270 4887 1502 4942 concilio
1526 4887 1863 4942 decreverint

269 4983 556 5035 interesse.
573 4977 640 5032 Et
661 4977 1009 5033 oll'erentibus
1033 4977 1354 5047 Philologio,
1375 4977 1560 5046 Gesta,
1582 4978 1865 5032 Venustia—

269 5092 361 5136 no,
392 5083 448 5127 et
477 5071 751 5126 Feliciano
783 5070 1052 5141 episcopis
1079 5071 1369 5140 provincia:
1393 5069 1706 5141 Byzacenze,
1729 5070 1866 5138 lega-

272 5166 436 5220 tionis
465 5165 694 5224 litteras,
717 5173 771 5219 et
800 5163 1070 5227 recitatis,
1102 5161 1450 5217 offerentibus
1479 5160 1641 5215 etiam
1673 5159 1865 5216 Lucia-

273 5273 363 5318 no,
391 5264 446 5309 ct
476 5254 713 5325 Sylvano
743 5253 934 5322 legatis
958 5252 1248 5324 provinciae
1278 5251 1608 5306 Mauritania:
1647 5249 1868 5306 Sitifen-

271 5347 344 5402 sis
368 5345 653 5414 legationis
681 5344 916 5411 litteras,
942 5352 997 5398 et
1018 5343 1276 5420 recitatis,
1302 5343 1549 5398 Aurelius
1577 5343 1864 5413 episc0pus

274 5437 408 5491 dixit
435 5455 446 5488 :
485 5433 685 5490 Horum
715 5435 1040 5504 scriptorum
1067 5440 1245 5488 textus
1265 5432 1556 5488 sociabitur
1581 5432 1770 5501 gestis.

717 5545 795 5600 De
825 5547 1076 5617 episcOpis
1109 5544 1410 5613 Byzacenis.

347 5637 629 5692 Numidius
650 5637 938 5706 episcopus
957 5634 1121 5688 dixit:
1141 5633 1651 5695 Animadvertimus,
1675 5630 1867 5686 fratres

277 5744 332 5785 et
362 5728 718 5799 cocpisc0pos
747 5735 962 5782 nostros
987 5725 1276 5796 Byzaeeua:
1301 5724 1613 5800 provincia},
1636 5733 1691 5777 et
1717 5723 1866 5788 Man:

275 5823 490 5880 tinnis:
531 5801 908 5877 Sitifensis‘ad
954 5821 1238 5895 concilium
1277 5823 1580 5883 destinasse
1611 5817 1860 5890 legatos:

1957 539 2040 591 vel
2069 546 2217 592 certe
2247 538 2535 608 provincize
2567 537 2931 609 Tripolitanm,
2961 542 3041 595 vel
3072 541 3405 598 Mauritania:
3424 543 3530 598 Ca:-

1956 629 2230 683 sariensis.

2237 719 2313 773 De
2333 722 2581 790 cpiscOpis
2599 719 2934 776 Manritaniw
2957 721 3242 792 Sitifensis.

2029 809 2296 866 Lucianus
2336 822 2390 864 et
2419 812 2683 882 Sylvanus
2735 813 3016 883 episcopi,
3059 815 3218 884 legati
3251 815 3540 884 provincia:

1954 901 2285 956 Mauritania:
2309 902 2576 958 Sitifensis
2599 904 2852 959 dixerunt
2879 924 2890 957 :
2926 905 3059 960 Sero
3085 906 3150 960 ad
3179 906 3540 963 Caesarienses

1953 995 2147 1048 fratres
2174 1005 2391 1050 nostros
2420 997 2674 1050 tractoria
2705 998 2870 1063 venit,
2923 1015 3046 1053 nam
3070 999 3180 1067 jam
3205 1009 3258 1054 et
3289 1002 3362 1055 illi
3392 1003 3539 1057 veni-

1954 1097 2111 1152 rent;
2165 1099 2340 1142 tamen
2385 1104 2610 1143 necesse
2658 1097 2741 1143 est
2769 1091 3007 1156 veniant,
3041 1099 3095 1144 et
3125 1090 3444 1146 conﬁdimus
3473 1093 3540 1148 de

1954 1181 2148 1235 animis
2179 1181 2388 1235 illorum
2411 1224 2432 1248 ,_
2475 1181 2597 1250 quia
2625 1183 2667 1235 si
2697 1181 2821 1251 quid
2846 1183 2896 1235 in
2928 1183 3031 1236 hoc
3061 1184 3293 1238 concilio
3331 1193 3540 1252 gestum

1955 1270 2131 1336 fuerit,
2166 1279 2219 1325 et
2247 1271 2345 1341 ipsi
2373 1272 2489 1325 sine
2518 1271 2681 1325 dubio
2703 1287 2830 1326 suos
2861 1287 3158 1326 consensus
3188 1272 3536 1327 adhibebunt.

2415 1383 2494 1438 De
2513 1385 2765 1453 episcopis
2789 1381 3075 1437 Numidiae.

2025 1480 2245 1552 Alypius
2274 1479 2559 1550 cpiscopus
2582 1477 2839 1532 Ecclesia:
2863 1476 3205 1544 Tagastensis
3225 1476 3359 1530 dixit
3386 1495 3398 1529 :
3431 1477 3540 1532 Nos

1952 1570 2170 1640 quidem
2197 1569 2264 1624 de
2293 1568 2537 1622 Numidia
2575 1568 2847 1629 venimus,
2907 1581 3007 1634 ego
3052 1573 3108 1619 et
3141 1565 3312 1618 sancti
3342 1563 3539 1619 fratres

1952 1661 2279 1729 Augustinus
2308 1668 2361 1712 et
2384 1658 2675 1720 Possidius;
2694 1657 2788 1712 sed
2818 1657 2885 1710 dc
2899 1655 3144 1710 Numidia
3167 1655 3364 1723 legatio
3394 1656 3556 1708 mitti.

1954 1769 2059 1806 non
2091 1751 2286 1821 potuit,
2335 1749 2478 1817 quod
2509 1747 2683 1801 adhuc
2716 1746 2946 1801 tumultu
2978 1747 3208 1799 tironum
3233 1785 3248 1808 ,
3299 1744 3538 1814 episcopi

1880 1820 1926 1878 Β
1952 1820 2180 1911 propriis
2211 1837 2624 1893 necessitatibus
2653 1836 2706 1888 in
2754 1835 3062 1889 civitatibus
3096 1835 3207 1887 suis
3237 1842 3329 1886 aut
3371 1835 3540 1902 impe-

1951 1933 2067 1998 diti,
2101 1940 2194 1986 aut
2218 1929 2470 2001 occupati
2493 1937 2639 1983 sunt.
2665 1927 2796 1980 Nam
2819 1927 2980 1981 etiam
3007 1927 3316 1980 tractorium
3341 1925 3540 1979 sancti-

1953 2023 2077 2078 tatis
2106 2031 2208 2078 tute
2245 2002 2367 2076 cum
2401 2020 2470 2074 ad
2505 2028 2752 2074 sanetum
2795 2034 2981 2073 senem
3010 2016 3332 2088 Xantippuni
3362 2017 3540 2072 defer-

1950 2130 2085 2179 rem,
2137 2114 2188 2167 in
2214 2112 2466 2183 praesenti
2497 2119 2727 2166 tractatu
2751 2110 2856 2164 hoc
2887 2110 3058 2163 visum
3086 2109 3276 2172 fuerat,
3312 2118 3370 2162 ut
3405 2124 3538 2163 con.-

1950 2207 2134 2261 cilium
2175 2206 2528 2270 indiceretur,
2559 2203 2703 2272 quod
2732 2203 2997 2257 instructa
3035 2202 3233 2270 legatio
3263 2210 3444 2273 posset
3469 2202 3537 2254 ad

1951 2301 2055 2354 hoc
2085 2299 2370 2354 concilium
2399 2296 2700 2368 destinari;_
2726 2293 2821 2350 sed
2848 2309 2971 2349 cum
2998 2309 3120 2348 eum
3147 2293 3536 2363 posterioribus

1951 2395 2143 2450 litteris
2169 2393 2518 2448 admonerem
2545 2391 2613 2446 de
2637 2389 3018 2461 impedimento
3050 2389 3310 2453 tironum,
3354 2396 3415 2440 ut
3441 2403 3537 2443 sn-

1950 2486 2132 2557 perius
2159 2483 2299 2548 dixi,
2346 2483 2628 2554 rescriptis
2665 2481 2895 2552 propriis
2937 2479 3236 2536 excusavit.
3287 2478 3536 2533 Aurelius

1952 2578 2236 2648 episcopus
2262 2577 2398 2630 dixit
2429 2593 2440 2628 :
2473 2575 2589 2630 Non
2619 2574 2839 2629 dubium
2866 2581 2968 2640 est,
2989 2571 3132 2641 quod
3162 2571 3402 2640 praedicti
3428 2568 3538 2623 fra-

1953 2675 2062 2722 tres
2081 2675 2134 2722 et
2165 2666 2470 2737 eoepiscopi
2501 2665 2672 2720 nostri
2699 2663 2978 2728 Numidiae,
3005 2677 3126 2718 cum
3153 2669 3303 2729 gesta
3325 2661 3540 2715 concilii

1953 2759 2280 2829 acceperint,
2311 2765 2367 2813 et
2393 2773 2523 2813 suos
2543 2755 2874 2812 adhibebunt
2899 2767 3213 2817 consensus,
3243 2760 3298 2806 et
3328 2753 3381 2804 in
3410 2749 3540 2805 effe-

1953 2858 2102 2906 ctum
2127 2849 2394 2905 deducere
2420 2846 2787 2910 maturabunt,
2831 2857 3168 2916 quaicnnque
3197 2841 3249 2895 in
3278 2840 3536 2910 placitum

1954 2945 2200 3001 venerint
2224 2963 2235 2997 :
2269 2959 2398 2998 cura
2426 2957 2555 3012 ergo
2586 2942 2738 2997 istius
2758 2940 2901 2996 sedis
2929 2941 3033 2995 hoc
3063 2939 3237 3009 ipsum
3267 2936 3432 2995 uteis
3455 2935 3540 2995 iu:

1957 3034 2177 3088 timetur
2206 3048 2429 3090 necesse
2457 3041 2544 3088 est
2569 3031 2859 3102 provideri.

2365 3146 2444 3200 De
2471 3145 2724 3218 episcopis
2757 3143 3118 3214 Tripolitanis.

2029 3241 2104 3295 De
2135 3238 2484 3310 Tripolitanis
2523 3252 2653 3292 vero
2701 3236 2956 3290 fratribus
3003 3234 3202 3290 nostris
3251 3233 3356 3288 hoc
3391 3232 3542 3302 potui
3560 3244 3574 3267 λ-

1955 3330 2300 3395 condiscere,
2325 3328 2466 3398 quod
2491 3328 2773 3383 Dulcitium
2799 3327 3017 3381 fratrem
3040 3332 3282 3380 nostrum
3308 3323 3546 3378 destina-

1953 3422 2131 3477 verint
2158 3421 2422 3489 legatum;
2454 3418 2548 3474 sed
2577 3418 2701 3486 quia
2733 3433 2840 3472 non
2869 3417 3046 3487 potuit
3073 3429 3386 3479 occurrere,
3437 3414 3553 3469 hoc.

1955 3518 2398 3566 asseveraverunt
2420 3507 2637 3578 quidam
2664 3506 2758 3560 ﬁlii
2783 3506 2950 3560 nostri
2972 3504 3248 3558 venientes
3272 3502 3339 3556 de
3357 3519 3548 3571 supra-

1955 3603 2098 3657 dicta
2126 3599 2585 3671 provincia,qnod
2611 3604 2941 3652 memoratus
2965 3594 3085 3648 navi
3111 3609 3171 3648 se
3190 3594 3548 3661 commiserit,-

1956 3699 2012 3747 et
2036 3690 2364 3745 credendum
2393 3697 2475 3744 est
2502 3688 2769 3743 accidisse
2798 3685 3110 3742 nonnullam
3140 3685 3207 3739 de
3253 3693 3547 3756 tempesta-

1956 3783 2101 3837 tibus
2127 3795 2355 3844 moram,
2379 3794 2499 3848 qua:
2527 3777 2833 3833 retardaret
2861 3776 2979 3846 ejus
3008 3777 3297 3831 adventum
3325 3794 3337 3828 :
3365 3783 3546 3831 tamen

1957 3874 2122 3930 etiam
2150 3873 2297 3927 circa
2325 3872 2504 3942 ipsos,
2554 3869 2598 3925 si
2643 3869 2894 3924 charitati
2933 3876 3123 3922 vestrae
3171 3867 3389 3936 placet,
3433 3867 3548 3928 haec

1958 3966 2129 4020 forma
2148 3953 2472 4031 servabitur,
2501 3970 2561 4017 ut
2582 3962 2778 4032 placita
2800 3960 2867 4016 ad
2893 3959 3112 4015 eosdem
3135 3959 3351 4014 concilii
3375 3967 3543 4014 trans-

1956 4054 2260 4134 imittantur.
2293 4052 2375 4108 Ab
2401 4052 2662 4107 universis
2700 4051 2971 4121 episcopis
3001 4051 3205 4106 dictum
3236 4057 3320 4106 est
3353 4067 3366 4104 :
3400 4049 3550 4116 “me,

1959 4163 2080 4218 qua:
2101 4147 2291 4203 statuit
2318 4145 2580 4201 sanctitas
2601 4152 2716 4211 tua,
2747 4144 2997 4198 omnibus
3025 4142 3261 4213 placent.

2359 4258 2432 4311 De
2459 4255 2823 4311 conveniendis
2849 4254 3160 4309 Donatistis.

2032 4348 2164 4403 XCI.
2199 4348 2444 4403 Aurelius
2472 4347 2761 4416 episcopus
2787 4346 2953 4399 dixit:
2980 4344 3136 4411 Quod
3174 4345 3227 4398 in
3257 4352 3546 4400 tractatum

1966 4441 2112 4495 venit
2138 4438 2418 4494 charitatis
2451 4445 2663 4504 vestrae,
2695 4445 2826 4506 puto
2846 4436 2954 4490 hoc
2981 4435 3361 4490 ecclesiasticis
3385 4436 3550 4503 gestis

1888 4537 1940 4598 ι)
1964 4546 2082 4587 esse
2108 4528 2444 4584 ﬁrmandum.
2478 4525 2748 4582 Professio
2776 4527 2918 4580 cnim
2958 4534 3136 4579 vestra
3175 4524 3412 4579 omnium
3442 4525 3550 4582 hoc

1963 4622 2316 4695 deprompsit,
2367 4621 2568 4676 debere
2592 4632 3028 4687 unumquemque
3057 4624 3298 4670 nostrum
3331 4617 3382 4670 in
3415 4617 3556 4670 civi-

1965 4725 2075 4771 tate
2103 4729 2199 4769 sua
2242 4727 2338 4784 per
2378 4727 2437 4767 se
2465 4709 2752 4767 convenire
2784 4709 3178 4762 Donatistarum
3208 4707 3549 4778 praepositos,

1965 4817 2060 4864 aut
2087 4806 2378 4877 adjungere
2407 4805 2508 4859 sibi
2538 4803 2774 4858 vicinum
2803 4801 3085 4869 collegam,
3140 4809 3198 4854 ut
3227 4801 3428 4871 pariter
3455 4815 3553 4856 eos

1967 4903 2022 4956 in
2049 4898 2276 4968 singulis
2321 4896 2619 4967 quibusque
2647 4893 2958 4948 civitatibus
2983 4892 3069 4948 vel
3097 4891 3234 4948 locis
3259 4907 3356 4962 per
3378 4893 3552 4960 magi-

1963 5001 2166 5050 stratus
2193 4991 2277 5046 vel
2319 4989 2568 5045 seniores.
2583 4987 2826 5042 locorum
2849 4986 3193 5041 conveniant.
3223 4983 3339 5041 lloc
3362 4985 3407 5040 si
3430 5002 3551 5040 uiu-

1965 5085 2120 5139 nibus
2140 5083 2340 5152 placet,
2365 5080 2627 5134 edicatur.
2653 5078 2734 5132 Ab
2766 5079 3026 5133 universis
3048 5079 3319 5148 episcopis
3344 5078 3549 5133 dictum

1966 5185 2052 5232 est
2095 5193 2107 5228 :
2149 5173 2406 5229 Omnibus
2438 5171 2640 5242 placet,
2690 5179 2746 5225 et
2782 5187 2970 5226 omnes
3013 5172 3115 5225 hac
3157 5170 3552 5241 subscriptione

1967 5275 2150 5322 nostra
2175 5264 2518 5319 ﬁrmavimus.
2549 5263 2784 5318 Petimus
2811 5263 2993 5327 etiam,
3025 5271 3084 5316 ut
3109 5263 3350 5331 epistolis
3375 5262 3439 5316 ad
3467 5261 3555 5330 iu:

1967 5358 2119 5412 dices
2151 5355 2218 5410 de
2245 5355 2476 5410 concilio
2507 5353 2814 5417 mittendis,
2847 5369 2944 5422 pro
2972 5353 3222 5407 omnibus
3250 5351 3560 5406 subscribat

1968 5447 2229 5502 sanctitas
2267 5453 2377 5498 tua.
2428 5443 2678 5498 Aurelius
2724 5443 3012 5512 episcopus
3039 5442 3173 5496 dixit
3206 5461 3218 5495 :
3259 5441 3315 5496 Si
3348 5440 3560 5494 videtur

1973 5538 2221 5595 charitati
2244 5545 2456 5600 vestnc,
2484 5534 2650 5589 forma
2675 5534 3050 5590 conventionis
3069 5548 3253 5586 eorum
3277 5531 3558 5596 recitatur,

1974 5639 2032 5685 ut
2060 5632 2203 5685 hunc
2247 5638 2487 5682 tenorem
2524 5626 2920 5695 prosecutionis
2947 5639 3164 5685 omnes,
3190 5623 3236 5676 si
3269 5622 3560 5692 placuerit,

1975 5730 2273 5778 teneamus.
2309 5717 2387 5771 Ab
2417 5714 2683 5770 universis
2710 5716 2975 5784 episcOpis
3003 5713 3202 5767 dictum
3233 5722 3315 5770 est
3345 5731 3357 5768 :
3394 5713 3554 5772 [ieci-

1968 5820 2131 5871 tctur.
2169 5808 2346 5865 Lmtus
2379 5805 2619 5864 notarius
2645 5807 2916 5860 recitavit.
