3988 6344
449 356 547 412 ΞΗ

717 468 908 524 Forma
937 467 1281 522 conventionis
1312 464 1741 519 Donatistarum.

522 579 675 636 XCll.
708 580 801 634 llle
830 580 1113 648 episcopus
1136 575 1391 631 Ecclesia:
1421 574 1564 628 illius
1593 572 1728 628 dixit
1758 590 1770 624 :
1804 569 1941 638 Quid
1962 569 2030 625 de

453 673 773 729 auctoritate
804 669 942 722 illius
983 668 1324 736 amplissima:
1354 663 1496 719 sedis
1540 661 2027 732 impetraverimus,

452 763 684 835 petimus
698 760 1013 829 gravitatem
1034 765 1268 812 vestram
1290 756 1611 821 recitare;et
1626 753 1791 823 gestis
1810 751 2031 820 innecti,

451 860 614 921 atque
645 858 702 905 ut
726 852 779 905 in
810 848 1061 905 effectum
1082 846 1278 902 deduci
1303 845 1556 916 jubeatis.
1582 844 1827 899 Recitata
1855 849 2034 897 autem

448 943 709 1014 jussione,
742 950 905 1010 atque
927 940 1064 994 actis
1094 938 1318 1003 innexa,
1350 937 1439 991 ille
1465 935 1752 1005 episcopus
1779 932 2035 988 Ecclesiae

452 1037 597 1092 illius
623 1036 757 1090 dixit
800 1054 812 1088 :
858 1033 998 1100 Quid
1037 1046 1175 1101 ergo
1213 1032 1367 1087 nobis
1414 1030 1483 1085 de
1522 1030 1751 1085 concilio
1782 1028 2036 1083 Ecclesia:

452 1127 734 1183 catholica:
780 1124 1089 1179 mandatum
1132 1124 1201 1178 sit
1226 1120 1294 1176 ad
1337 1120 1643 1176 Denatistas
1680 1134 1779 1190 per
1803 1127 2037 1173 vestram

452 1220 772 1288 gravitatem
805 1216 1203 1288 perferendum,
1256 1214 1443 1269 audire
1464 1256 1479 1281 ,
1527 1220 1583 1269 et
1613 1213 1749 1267 actis
1778 1212 2035 1276 inserere,

453 1319 512 1367 et
538 1310 604 1366 ad
632 1326 727 1366 eos
769 1309 1009 1380 perferre
1036 1306 1352 1377 dignemini,
1401 1320 1696 1376 eorumque
1722 1303 2038 1374 responsio-

456 1417 580 1456 nem
609 1417 795 1456 rursus
823 1400 963 1471 apud
1003 1407 1125 1455 acta
1151 1405 1330 1453 vestra
1372 1398 1527 1453 nobis
1555 1397 1852 1451 insinuare.
1897 1393 2041 1449 Con-

454 1493 702 1548 venimus
723 1507 822 1547 vos
871 1506 940 1546 ex
980 1490 1195 1546 concilii
1225 1489 1395 1545 nostri
1426 1487 1690 1545 catholica
1720 1486 2043 1541 auctoritate

456 1585 626 1649 missi,
656 1584 723 1639 de
748 1592 927 1639 vestra
949 1583 1293 1652 correptione
1321 1580 1557 1651 gaudere
1584 1580 1885 1649 cupientes,
1914 1592 2046 1633 con-

455 1677 759 1733 siderantes
784 1676 996 1731 Domini
1017 1675 1357 1740 cbaritatem,
1386 1672 1477 1742 qui
1503 1672 1673 1727 dixit:
1707 1670 1859 1725 Beati
1888 1669 2044 1740 paci-

455 1765 569 1832 ﬁci,
617 1767 742 1837 quia
786 1767 885 1836 ipsi
917 1765 1009 1820 filii
1041 1766 1134 1820 Dei
1161 1765 1525 1833 vocabuntur,
1552 1772 1609 1819 et
1636 1763 1921 1819 admonuit
1947 1778 2046 1833 per

456 1861 787 1931 Prophetam
809 1861 1047 1916 etiamin
1079 1861 1181 1925 his,
1209 1860 1301 1929 qui
1325 1859 1513 1913 dicunt
1530 1873 1589 1913 se
1614 1856 1809 1913 fratres
1828 1864 2044 1912 nostros

459 1967 569 2008 non
602 1967 722 2008 esse
747 1990 763 2015 ,
812 1951 996 2006 dicere
1044 1966 1143 2005 nos
1186 1949 1419 2013 debere,
1470 1948 1664 2003 fratres
1691 1949 1864 2004 nostri
1892 1948 2038 2003 estis.

458 2041 613 2097 Hanc
641 2056 770 2111 ergo
798 2041 1075 2112 paciﬁcam
1097 2056 1164 2095 ex
1192 2041 1454 2096 charitate
1474 2040 1779 2094 venientem
1804 2054 2047 2095 commo-

459 2133 721 2187 nitionem
761 2140 1001 2187 nostram
1030 2138 1380 2186 contemnere
1427 2145 1536 2185 non
1580 2129 1791 2187 debetis
1837 2148 1850 2183 :
1900 2137 1960 2185 ut
1998 2130 2044 2185 si

459 2225 587 2295 quid
617 2224 861 2279 veritatis
883 2224 1085 2277 habere
1114 2237 1209 2278 vos
1238 2222 1595 2289 arbitramini,
1642 2238 1752 2278 non
1790 2221 2047 2279 dubitetis

458 2329 725 2381 asserere,
757 2314 810 2368 id
840 2323 952 2381 est,
985 2322 1046 2368 ut
1073 2321 1403 2382 congregato
1428 2320 1609 2369 vestro
1638 2312 1871 2367 concilio
1910 2311 2044 2366 deli-

458 2408 598 2475 gatis
625 2421 694 2461 ex
730 2406 921 2473 vobis,
974 2404 1171 2475 quibus
1222 2420 1443 2459 causam
1493 2404 1807 2459 assertionis
1854 2410 2046 2457 vestrae

460 2498 816 2553 eommittatis
841 2515 853 2549 :
880 2505 938 2551 ut
964 2505 1017 2550 et
1039 2512 1139 2551 nos
1154 2496 1423 2566 possimus
1444 2496 1548 2550 hoc
1568 2494 1768 2560 facere,
1801 2502 1862 2548 ut
1881 2494 2045 2548 etiam

459 2590 529 2644 de
558 2596 747 2644 nostro
776 2589 1010 2643 concilio
1052 2587 1360 2656 deligantur
1396 2587 1488 2655 qui
1519 2601 1639 2641 cum
1670 2586 1748 2641 eis
1787 2600 1924 2653 quos
1952 2584 2046 2639 de-

461 2681 717 2750 legeritis,
765 2681 1062 2735 constituto
1092 2680 1210 2734 loco
1254 2688 1309 2734 et
1342 2688 1584 2748 tempore
1614 2678 1868 2748 quidquid
1899 2692 2047 2747 quie-

461 2773 654 2828 stiouis
682 2779 765 2826 est
788 2774 932 2841 quod
953 2780 1188 2825 vestram
1213 2787 1243 2825 a
1272 2771 1428 2826 nobis
1467 2780 1683 2841 separat
1710 2771 2047 2825 communio-

464 2878 611 2927 nem,
644 2878 763 2917 cum
790 2878 922 2932 pace
950 2862 1255 2927 discutiant,
1282 2870 1338 2917 et
1366 2862 1583 2917 tandem
1614 2860 1921 2931 aliquando,
1951 2862 2047 2916 ad-

457 2954 684 3023 juvante
704 2953 932 3008 Domino
954 2953 1066 3007 Deo
1096 2961 1304 3017 nostro,
1353 2952 1512 3006 linem
1551 2961 1869 3007 veternosus
1894 2966 2048 3007 error

462 3044 721 3113 accipiat,
755 3058 822 3098 ne
846 3054 1066 3113 propter
1085 3041 1483 3097 animositatem
1514 3042 1790 3097 hominum
1822 3044 2048 3098 infirmas

463 3137 656 3191 animae
674 3176 688 3199 ,
730 3144 785 3191 et
806 3136 977 3205 ignari
1003 3136 1185 3205 populi
1214 3135 1474 3204 sacrilega
1505 3135 1838 3191 dissensione
1862 3136 2045 3206 dispe-

461 3238 639 3284 reant.
664 3228 721 3291 Si
740 3229 882 3283 enim
900 3229 1003 3282 hoc
1033 3226 1268 3283 fraterne
1295 3228 1639 3297 acceperitis,
1663 3228 1862 3282 veritas
1894 3227 2046 3282 facile
2075 3201 2121 3264 (ἶ
2153 3191 2241 3245 be'

463 3322 785 3382 dilucescct;
815 3321 1059 3375 siautem
1092 3321 1193 3375 hoc
1223 3321 1399 3375 facere
1422 3320 1723 3380 nolueritis.
1754 3318 2048 3373 diffidentia

462 3422 646 3469 vestra
674 3412 828 3467 facile
859 3414 1179 3468 innotescet.
1221 3413 1466 3482 Cumque
1504 3414 1735 3467 recitata»
1757 3418 1929 3477 esset,
1982 3412 2049 3465 ab

469 3503 730 3558 universis
759 3503 1024 3571 episcopis
1053 3503 1251 3558 dictum
1276 3511 1357 3556 est
1388 3522 1399 3557 :
1433 3502 1575 3557 Satis
1593 3502 1786 3571 placet,
1812 3503 1913 3556 hoc
1936 3502 2047 3555 fiat.

468 3592 539 3647 Et
566 3594 1018 3663 subscripserunt.
1052 3594 1300 3648 Aurelius
1325 3595 1614 3663 episcopus
1645 3592 1896 3647 Ecclesia:
1921 3592 2053 3647 Car-

470 3687 812 3753 thaginensis
834 3687 959 3742 huic
986 3687 1204 3742 decreto
1234 3688 1514 3751 consensi,
1555 3694 1609 3741 et
1638 3686 1893 3755 prcclecto
1921 3685 2051 3740 sub-

469 3779 680 3849 scripsi.
723 3778 981 3834 Similiter
1010 3788 1067 3835 et
1103 3780 1282 3835 ceteri
1310 3780 1549 3850 episcopi
1596 3779 2048 3849 subscripserunt.

470 3891 601 3948 Haec
628 3892 857 3964 synodus
887 3894 1130 3947 adversus
1154 3892 1459 3964 Donatistas
1484 3893 1794 3962 legationem
1818 3890 1887 3943 ad
1908 3892 2055 3960 prin-

1092 3965 1226 4032 cipes
1255 3963 1451 4031 dirigit.

531 4074 934 4131 Gloriosissimo
953 4073 1278 4141 imperatore
1291 4070 1531 4125 Honorio
1545 4072 1783 4138 Augusto
1806 4087 1857 4125 vi
1872 4086 2014 4126 cons
2029 4103 2059 4138 ν
2076 4100 2084 4112 -

472 4184 543 4221 xu
567 4166 665 4220 cal.
686 4164 850 4218 Julias
871 4162 1209 4230 Carthagine,
1228 4163 1278 4216 in
1295 4162 1513 4216 basilica
1525 4158 1760 4230 regionis
1782 4163 2052 4217 secundm.

473 4260 532 4313 lu
563 4260 667 4312 hoc
696 4256 927 4311 concilio
957 4256 1280 4323 legationem
1320 4264 1676 4324 suseepcrum
1710 4254 1971 4309 Theasius
2001 4264 2056 4310 et

474 4348 711 4404 Evotlius
734 4354 921 4402 contra
946 4346 1277 4410 Donatistas,
1319 4345 1374 4399 iu
1403 4361 1511 4415 quo
1540 4344 1771 4400 concilio
1794 4345 2053 4400 insertum

474 4446 557 4493 est
577 4437 1049 4494 commonitorium
1072 4436 1214 4505 quod
1245 4436 1317 4490 ita
1346 4450 1405 4491 se
1431 4435 1694 4491 continet.

1741 344 2096 404 DIONYSIUS
2121 343 2436 401 EXIGUUS.

2057 466 2105 521 Α
2135 473 2241 529 que
2284 474 2381 530 per
2436 459 2758 531 imperitiam
2808 459 2892 514 vel
2941 458 3294 528 pertinaciam
3340 456 3711 513 resistentibus

3610 340 3717 399 ’2ιί

2132 550 2495 604 innotesceret
2521 568 2533 603 :
2563 549 2657 605 sed
2680 549 2802 618 quia
2826 546 3120 602 difﬁdentia
3149 547 3554 617 premebantur,
3581 547 3711 600 nihil

2134 656 2274 711 pene
2304 642 2419 696 ausi
2449 648 2575 696 sunt
2598 639 2946 710 respondere.
2984 637 3135 693 Unde
3162 637 3286 706 quia
3320 636 3596 706 impletum
3636 646 3713 691 est

2136 746 2259 800 erga
2291 747 2386 787 eos
2408 730 2716 802 episcopale
2745 745 2810 783 ac
2852 727 3138 798 paciﬁcum
3161 725 3416 790 officium,
3446 734 3500 780 et
3530 725 3603 778 illi
3625 726 3717 792 qui

2133 822 2352 878 veritati
2381 821 2711 892 respondere
2738 818 3115 890 nequiverunt,
3143 816 3209 872 ad
3230 816 3489 870 immanes
3516 815 3715 869 violen-

2137 913 2241 967 tias
2269 920 2395 967 suut
2419 911 2665 967 conversi
2692 928 2706 976 ;
2731 910 2804 964 ita
2837 915 2894 963 ut
2922 908 3122 963 multos
3167 907 3450 976 episcopos
3489 904 3714 959 multos-

2137 1019 2243 1073 que
2264 1003 2489 1059 clericos
2517 1003 2599 1073 (ut
2618 1002 2684 1056 de
2709 1000 2863 1056 laieis
2884 998 3177 1067 taceamus)
3210 996 3416 1052 insidiis
3438 1010 3715 1066 oppresse—

2137 1099 2264 1164 rint,
2311 1097 2581 1152 Ecclesias
2609 1096 2772 1151 etiam
2803 1094 3009 1162 aliquas
3036 1091 3355 1152 invaserint,
3388 1089 3596 1158 aliquas
3633 1088 3716 1142 in-

2141 1189 2337 1244 vadere
2364 1188 2791 1260 pertentaverint
2834 1204 2847 1239 :
2898 1185 3135 1255 ipsorum
3159 1184 3268 1253 jam
3300 1182 3601 1237 clementiae
3638 1187 3718 1235 est

2139 1281 2443 1346 consulere,
2476 1290 2534 1334 ut
2562 1279 2803 1335 Ecclesia
2844 1276 3143 1343 catholica,
3186 1289 3307 1343 qua:
3337 1288 3432 1328 eos
3470 1271 3718 1341 religioso

2142 1383 2301 1428 utero
2343 1373 2396 1427 iu
2439 1370 2660 1426 Christo
2705 1369 2926 1438 genuit,
2964 1375 3020 1422 et
3047 1365 3169 1421 ﬁdei
3198 1363 3449 1419 ﬁrmitate
3478 1360 3720 1427 nutrivit,

2143 1478 2333 1517 eorum
2372 1461 2535 1516 etiam
2564 1458 2945 1530 prospectione
2985 1455 3290 1518 muniatur,
3341 1467 3410 1508 ne
3451 1450 3721 1505 temerarii

2143 1552 2417 1617 homines,
2432 1550 2697 1618 religiosis
2723 1548 3075 1618 temporibus,
3102 1545 3343 1599 inﬁrmos
3371 1542 3599 1614 populos
3622 1550 3725 1595 ter-

2146 1644 2313 1700 rendo
2336 1632 2686 1714 praevaleant
2729 1657 2744 1695 :
2784 1640 3041 1711 quoniam
3083 1633 3388 1693 seducendo
3433 1633 3724 1703 depravare

2150 1752 2257 1792 non
2280 1744 2525 1807 possunt.
2554 1734 2691 1789 Nota
2720 1741 2806 1789 est
2826 1732 2997 1797 enim,
3026 1737 3082 1786 et
3109 1742 3254 1798 saepe
3279 1725 3487 1796 legibus
3513 1723 3725 1779 concla-

2076 1822 2121 1883 B
2149 1838 2295 1885 mata
2324 1826 2831 1883 Circumcellionum
2861 1839 2968 1894 qua
3004 1822 3188 1877 furunt
3231 1816 3563 1874 detestabilis
3608 1829 3726 1869 ma—

2147 1934 2249 1975 nus
2293 1936 2305 1971 :
2351 1932 2470 1988 qua:
2518 1916 2680 1972 etiam
2729 1915 2969 1984 ipsorum
3012 1909 3534 1979 religiosissimorum
3565 1919 3726 1974 supra

2147 2006 2448 2078 principum
2471 2003 2841 2073 frequentibus
2861 1999 3227 2056 sanctionibus
3246 1995 3603 2053 condemnata
3625 2002 3728 2056 est,

2148 2096 2404 2153 adversus
2433 2109 2660 2164 quorum
2688 2091 2922 2146 furorem
2942 2089 3209 2160 possimus
3233 2100 3338 2140 non
3363 2083 3599 2145 insolita,
3633 2096 3730 2135 nec

2150 2203 2179 2243 a
2194 2186 2484 2257 Scripturis
2502 2184 2709 2240 sanctis
2727 2182 2900 2236 aliena
2922 2180 3212 2250 impetrare
3230 2174 3498 2247 przesidia,
3516 2171 3729 2242 quando

2148 2276 2426 2345 apostolus
2446 2271 2661 2337 Paulus,
2691 2271 2826 2326 sicut
2856 2270 2909 2324 in
2947 2266 3311 2339 apostolorum
3343 2263 3568 2317 Actibus
3598 2258 3727 2314 ﬁde-

2148 2366 2289 2420 libus
2318 2374 2502 2419 notum
2528 2370 2630 2425 est,
2655 2360 3001 2416 factiosorum
3027 2354 3483 2425 conspirationem
3513 2349 3732 2405 militari

2150 2458 2311 2513 etiam
2342 2455 2612 2512 submovit
2641 2451 2862 2507 auxilio.
2915 2447 3022 2504 Sed
3050 2463 3149 2502 nos
3178 2446 3306 2500 illud
3336 2434 3639 2514 poscimus,
3676 2447 3733 2494 ut

2149 2546 2431 2602 catholicis
2470 2542 2726 2599 Ecclesiis
2766 2539 3016 2596 ordinum
3056 2552 3154 2607 per
3194 2536 3439 2590 civitates
3473 2530 3735 2598 singulas,

2151 2644 2206 2692 et
2249 2636 2551 2691 vicinorum
2581 2645 2919 2702 quorumque
2956 2641 3328 2699 possessorum
3377 2639 3475 2693 per
3518 2621 3733 2676 diversa

2149 2728 2267 2784 loca
2296 2730 2413 2783 sine
2440 2727 2549 2781 ulla
2572 2722 2997 2780 disimulatione
3028 2719 3185 2774 tuitio
3214 2717 3535 2787 praebeatur.
3560 2710 3733 2766 Simul

2150 2823 2316 2879 etiam
2360 2819 2651 2892 petendum
2707 2824 2766 2872 ut
2812 2816 2957 2869 illam
3002 2813 3173 2881 legem
3228 2824 3348 2878 qua:
3394 2823 3424 2862 a
3464 2804 3753 2879 religioscc‘

2150 2915 2425 2970 memoria:
2454 2927 2641 2967 eorum
2671 2916 2824 2980 patre
2864 2903 3171 2961 Theodosio
3202 2900 3269 2956 de
3299 2899 3411 2953 auri
3442 2897 3593 2951 libris
3637 2895 3734 2950 de—

2151 3020 2269 3062 cem
2317 3005 2369 3059 iu
2413 3002 2754 3059 ordinatores
2798 2998 2885 3053 vel
2935 2995 3212 3052 ordinatos
3272 2990 3590 3054 haereticos,
3634 3003 3734 3041 seu

2152 3097 2314 3152 etiam
2360 3096 2412 3149 in
2443 3108 2801 3165 possessores,
2835 3088 2924 3144 ubi
2950 3101 3136 3145 eorum
3165 3083 3510 3152 congregatio
3532 3079 3733 3149 depreo

2242 3189 2406 3243 iditur
2429 3226 2445 3253 ,
2494 3184 2829 3257 promulgata
2859 3189 2978 3245 est,
3024 3181 3095 3233 ita
3135 3177 3389 3245 deinceps
3427 3170 3739 3228 confirmari

2153 3280 2466 3354 praecipiant
2499 3296 2510 3331 :
2544 3285 2602 3331 ut
2640 3276 2691 3330 in
2722 3290 2817 3329 eos
2844 3272 3056 3340 valeat,
3102 3276 3291 3324 contra
3339 3280 3475 3337 quos
3512 3272 3741 3334 propter

2152 3387 2337 3427 eorum
2383 3368 2599 3424 insidias
2646 3364 2895 3421 catholici
2953 3360 3233 3432 provocati
3282 3356 3740 3414 contestationem

2150 3461 2518 3535 deposuerint,
2553 3468 2610 3513 ut
2634 3460 2737 3512 hoc
2773 3456 2963 3510 saltem
2995 3462 3203 3507 terrore
3230 3466 3257 3503 a
3288 3447 3626 3503 schisiuatica
3652 3444 3742 3501 vel

2154 3555 2404 3609 limrctica
2459 3550 2724 3621 pravitate
2780 3546 3082 3608 desistant,
3149 3542 3238 3609 qui
3303 3536 3741 3593 consideratione

2152 3645 2337 3701 aeterni
2390 3639 2637 3712 supplicii
2696 3634 2967 3692 emendari
3023 3633 3326 3701 cerrigique
3377 3627 3740 3683 dissimulant.

2156 3736 2454 3792 Petendum
2483 3733 2644 3788 etiam
2673 3738 2732 3784 ut
2770 3730 2861 3785 lex
2889 3742 3008 3795 qua:
3048 3724 3314 3779 haereticis
3354 3721 3441 3777 vel
3467 3736 3534 3775 ex
3561 3719 3739 3774 dona-

2156 3828 2394 3883 tionibus
2432 3824 2517 3880 vel
2559 3839 2629 3879 ex
2676 3818 3011 3880 testamentis
3033 3816 3234 3886 aliquid
3260 3812 3504 3885 capiendi
3536 3811 3621 3866 vel
3652 3825 3744 3865 re-

2153 3917 2433 3990 linquendi
2457 3917 2686 3985 denegat
2715 3912 3043 3976 facultatem,
3080 3911 3147 3965 ab
3171 3924 3355 3965 eorum
3378 3920 3594 3977 quoque
3623 3905 3747 3975 pie-

2160 4022 2270 4068 tate
2301 4012 2560 4066 hactenus
2607 4013 2917 4077 repetatur,
2948 4012 3008 4059 ut
3037 4004 3114 4059 eis
3142 3994 3475 4071 relinquendi
3514 3999 3599 4054 vel
3646 4014 3749 4053 su—

2159 4103 2338 4158 mendi
2364 4102 2451 4170 jus
2481 4099 2713 4164 adimat,
2744 4097 2835 4166 qui
2864 4094 3176 4167 pertinacia:
3220 4093 3402 4147 furore
3450 4090 3637 4146 caecati
3690 4089 3749 4143 in

2158 4196 2556 4251 Donatistarum
2578 4208 2762 4249 errore
2784 4205 3133 4263 perseverare
3155 4188 3441 4244 voluerint.
3470 4184 3748 4240 Cmterum

2159 4285 2262 4341 illis
2301 4286 2392 4356 qui
2442 4282 2876 4340 consideratione
2921 4280 3141 4335 unitatis
3176 4285 3232 4333 et
3284 4277 3432 4348 pacis
3473 4290 3533 4330 se
3567 4274 3752 4329 corri-

2159 4390 2284 4445 gere
2304 4374 2589 4437 voluerint,
2605 4372 2806 4441 absque
2832 4370 3116 4425 interdicto
3137 4368 3294 4438 hujus
3314 4367 3446 4436 legis
3467 4366 3756 4436 capiendae

2162 4465 2485 4519 haereditalis
2515 4463 2691 4517 aditus
2730 4469 2941 4531 pateat,
2995 4460 3206 4515 etiamsi
3248 4458 3421 4513 adhuc
3462 4458 3515 4511 in
3558 4472 3758 4511 errore

476 4552 642 4618 Quale
667 4553 1109 4608 εοθηηιοηίτονῖηιη
1138 4559 1442 4637 αςςςρενιιηι
1483 4550 1638 4621 ίεθατί
1668 4558 1848 4604 σοπηά
1872 4549 2052 4604 Ποηα-
2085 4577 2139 4637 D
2166 4559 2416 4613 hrcretico
2445 4554 2749 4611 constitutis
2778 4552 2977 4623 aliquid
3006 4561 3131 4606 ante
3180 4549 3488 4605 donationis
3517 4548 3605 4603 vel
3637 4548 3756 4601 hae-

1176 4623 1346 4675 tistas.

544 4735 724 4790 XClll.
772 4732 1255 4788 Commonitorium
1286 4730 1540 4784 fratribus
1570 4729 1803 4785 Theasio
1834 4738 1887 4783 et
1916 4728 2057 4783 Evo-

473 4828 587 4895 dio,
618 4827 806 4894 legatis
828 4841 893 4878 ex
923 4822 1333 4891 Carthaginensi
1360 4820 1592 4876 concilio
1632 4819 1700 4874 ad
1728 4820 2054 4889 gloriosissi-

473 4935 593 4973 iuos
614 4914 1154 4984 religiosissimosque
1181 4912 1451 4983 principes
1475 4911 1670 4976 missis,
1697 4927 1819 4966 cum
1841 4910 2055 4965 Domini

474 5012 677 5066 auxilio
712 5007 981 5079 piissimos
1010 5007 1366 5076 imperatores
1395 5004 1663 5068 adierint,
1713 5010 1779 5057 ut
1817 5002 1896 5057 eis
1918 5002 2054 5057 insi-

474 5112 661 5159 nuent.

548 5189 1009 5259 Quemadmodum
1037 5190 1193 5259 plena
1224 5185 1416 5240 fiducia
1439 5185 1729 5239 secundum
1766 5183 2072 5253 superioris

476 5285 601 5338 anni
625 5283 915 5338 concilium
945 5282 1340 5335 Donatistarum
1372 5276 1642 5347 prtepositi
1675 5275 1811 5329 actis
1833 5276 2059 5329 munici-

478 5375 687 5446 palibus
715 5381 841 5428 sunt
867 5371 1138 5435 conventi,
1174 5379 1232 5423 ut
1259 5370 1300 5425 si
1332 5367 1653 5423 contiderint
1702 5366 1768 5420 de
1799 5367 2055 5422 assertio-

477 5468 632 5523 nibus
661 5466 803 5532 suis,
834 5464 1019 5519 electis
1044 5478 1110 5517 ex
1141 5477 1239 5515 suo
1282 5474 1506 5513 numero
1534 5457 1801 5526 aliquibus
1831 5456 2056 5522 idoneis,

482 5559 757 5613 nobiscum
789 5556 1013 5627 pacilice
1043 5552 1371 5619 conferrent,
1394 5558 1447 5604 et
1470 5547 1879 5604 mansuetudine
1906 5549 2060 5603 Chri-

478 5654 681 5710 stiana.
725 5651 767 5704 si
808 5647 935 5719 quid
975 5646 1218 5702 veritatis
1249 5650 1528 5705 tenerent,
1579 5656 1686 5695 non
1729 5640 2063 5709 ambigerem

481 5745 883 5806 demonstrare,
915 5755 1022 5809 quo
1054 5740 1128 5795 ita
1153 5736 1436 5793 sinceritas
1460 5730 1748 5794 catholica,
1792 5747 1914 5800 qua:
1950 5733 2060 5802 jam

484 5838 688 5907 pt‘iJctt)
720 5836 1087 5907 superioribus
1126 5832 1454 5905 temporibus
1485 5829 1677 5887 claruit
1698 5869 1711 5895 ,
1742 5844 1886 5884 nunc
1923 5846 2059 5902 quo-

2165 4649 2406 4704 reditatis
2435 4646 2651 4701 obvenit
2682 4663 2695 4697 :
2725 4644 2811 4697 his
2841 4659 2971 4698 sane
2999 4642 3268 4713 exceptis,
3301 4641 3391 4710 qui
3422 4640 3516 4694 lite
3548 4640 3758 4709 pulsati

2165 4739 2470 4809 putaverint
2499 4737 2561 4790 ad
2602 4735 2920 4789 catholicam
2955 4734 3357 4795 transeundum,
3390 4733 3512 4799 quia
3537 4730 3605 4784 de
3628 4728 3761 4782 tali-

2163 4830 2263 4884 bus
2298 4827 2550 4883 credibilc
2581 4833 2692 4890 est,
2737 4841 2841 4879 non
2874 4833 3020 4879 metu
3051 4823 3284 4877 reslestis
3325 4820 3513 4888 judicii
3569 4820 3764 4889 potius

2162 4934 2323 4991 quam
2375 4917 2572 4972 terreni
2612 4914 2878 4971 commodi
2922 4914 3177 4968 aviditate
3206 4914 3463 4966 unitatem
3516 4909 3763 4964 catholi-

2162 5028 2278 5068 cam
2309 5018 2656 5081 praeoptasse.
2693 5006 2772 5061 Ad
2801 5007 2915 5061 haec
2943 5015 3119 5060 autem
3144 5004 3321 5058 omnia
3343 5000 3591 5073 przcsidio
3616 5018 3765 5071 opus

2161 5111 2242 5157 est
2290 5107 2619 5171 potestatum
2671 5111 2887 5152 suarum
2936 5108 3272 5164 quarumque
3326 5089 3763 5162 provinciarum,

2160 5210 2292 5250 sane
2323 5208 2418 5262 pro
2449 5189 2764 5243 utilitatibus
2792 5185 3070 5252 Ecelesim,
3103 5180 3767 5254 quidquidjutellexerint

2160 5286 2449 5357 prodesse,
2492 5280 2681 5349 agendi
2723 5285 2777 5332 et
2819 5275 3119 5346 imperandi
3152 5275 3373 5328 liberam
3412 5271 3768 5327 decernimus

2159 5378 2503 5446 legationem.
2547 5371 2675 5425 Illud
2721 5377 2981 5441 prmterea
3024 5366 3233 5422 cunctis
3258 5364 3414 5420 nobis
3447 5362 3674 5433 placuit,
3700 5368 3773 5414 ut

2160 5470 2352 5523 litterae
2378 5466 2444 5521 de
2476 5473 2617 5519 cestu
2648 5470 2835 5516 nostro
2874 5460 2937 5513 ad
2964 5457 3380 5526 gloriosissimos
3401 5455 3774 5523 imperatores

2161 5569 2218 5615 et
2245 5555 2695 5612 eminentissimus
2726 5556 3023 5621 potestates
3050 5548 3352 5618 dirigantur
3390 5563 3402 5597 :
3436 5544 3637 5614 quibus
3678 5543 3773 5596 in-

2160 5656 2436 5705 struantur
2469 5644 2707 5700 omnium
2737 5655 3003 5697 consensu
3034 5639 3100 5694 ad
3128 5637 3501 5694 beatissimum
3530 5635 3776 5689 comita-

2166 5748 2277 5793 tum
2308 5738 2516 5805 legatos
2543 5749 2572 5788 a
2609 5732 2763 5789 nobis
2791 5745 2912 5786 esse
2942 5730 3199 5785 directos.
3246 5728 3351 5783 Sed
3398 5727 3525 5798 quia
3569 5726 3775 5782 iisdem

2166 5831 2359 5889 litteris
2389 5831 2452 5886 ab
2496 5828 2744 5885 omnibus
2784 5824 3050 5881 subscribi
3083 5822 3442 5880 tardissimum
3489 5829 3568 5876 est
3597 5862 3611 5887 ,
3662 5820 3775 5874 nisi
