3970 6338
195 324 306 377 2ιό

1163 317 1386 375 CODEX
1421 316 1747 372 CANONUM
1788 315 2481 374 ECCLESIASTICORUM.

3363 318 3466 372 2H

195 434 537 504 singulorum
566 429 1046 500 subscriptionibus
1065 430 1266 485 eaedem
1288 428 1526 498 epistola:
1555 444 1784 483 oneren-
1817 434 1862 491 Α
1887 430 2253 485 anniversaria
2283 431 2598 491 necessitas,
2651 429 2747 485 sed
2793 431 3006 500 quoties
3041 431 3278 500 exegerit
3306 445 3466 485 causa

199 534 314 588 tur,
343 525 595 594 petimus,
645 521 812 575 frater
850 521 1065 586 Aureli,
1109 529 1168 574 ut
1204 520 1393 574 iisdem
1437 528 1525 573 tua
1557 519 1790 574 eharitas

203 626 394 671 nostro
423 614 662 669 omnium
687 613 904 666 nomine
926 611 1260 666 subscribere
1289 610 1555 680 dignetur,
1588 618 1643 664 et
1672 610 1793 664 sub-

205 709 558 776 scripserunt.
609 702 858 756 Aurelius
899 701 1182 771 episcopus
1220 698 1470 754 Ecclesiae
1509 697 1792 765 Carthagi~

207 799 418 865 nensis,
449 796 572 850 huic
597 795 818 848 decreto
847 790 1123 855 consensi,
1155 797 1210 845 et
1237 789 1530 858 subscripsi
1563 788 1794 850 :simili-

211 903 298 947 ter
321 899 378 946 et
415 887 598 942 caeteri
625 882 864 953 episcopi
892 881 1338 950 subscripserunt.
1385 877 1601 932 Littera:
1629 878 1790 932 etiam

209 983 281 1036 ad
304 979 519 1050 judices
542 973 815 1030 mittendae
843 980 986 1035 sunt,
1030 979 1086 1025 ut
1109 970 1282 1025 donec
1308 968 1564 1023 Dominus
1590 968 1796 1035 legatos

211 1075 283 1129 ad
321 1087 427 1127 nos
453 1069 630 1125 redire
655 1066 954 1137 permittat,
982 1064 1260 1118 tuitionem
1290 1077 1386 1132 per
1411 1061 1630 1116 ordines
1668 1060 1796 1116 civi-

214 1177 410 1232 tatum,
443 1172 499 1220 et
537 1175 874 1232 possessores
903 1156 1222 1229 prmdiorum
1252 1155 1500 1210 Ecclesia:
1523 1154 1800 1210 catholica:

216 1257 553 1327 impertiant.
586 1249 990 1319 Adjungendum
1020 1248 1182 1302 etiam
1223 1247 1289 1301 de
1327 1245 1563 1315 Equitio,
1609 1254 1667 1300 ut
1705 1247 1801 1299 im-

219 1349 464 1419 probitas
493 1345 628 1414 ejus,
661 1358 766 1412 qua
794 1341 893 1396 sibi
928 1339 1014 1408 jus
1041 1338 1381 1395 sacerdotum
1410 1338 1803 1407 improbissime

219 1442 493 1503 vindieat,
530 1438 597 1491 ab
626 1433 954 1505 Ilipponensi
995 1432 1329 1485 Diaretorum
1354 1430 1566 1484 ditecesi
1614 1445 1807 1483 secun-

218 1533 352 1588 dum
382 1537 581 1584 statuta
608 1524 950 1595 imperatoria
976 1521 1286 1591 repellatur.
1313 1519 1526 1574 Littera:
1555 1519 1716 1574 etiam
1739 1518 1807 1572 ad

220 1613 540 1691 episc0pum
585 1616 840 1670 Romana:
881 1612 1132 1668 Ecclesia:
1160 1610 1626 1665 commendatione
1665 1610 1807 1678 lega-

226 1724 408 1768 torum
435 1708 708 1763 mittenda:
735 1714 888 1771 sunt,
921 1704 1006 1759 vel
1044 1704 1108 1758 ad
1139 1704 1290 1767 alios,
1326 1703 1414 1758 ubi
1446 1701 1604 1773 fuerit
1644 1702 1810 1772 impe-

224 1812 419 1865 rator,
467 1809 521 1853 et
561 1797 1011 1865 subscripserunt.
1058 1792 1194 1848 Item
1241 1792 1489 1847 Aurelius
1530 1792 1810 1863 episc0pus
1844 1810 1884 1868 Β

227 1892 488 1947 Ecclesiae
518 1884 955 1954 Carthaginensis
994 1884 1119 1937 huic
1162 1882 1382 1937 decreto
1431 1881 1706 1947 consensi,
1758 1889 1813 1935 ct

228 1983 490 2054 prmleeto
518 1977 828 2048 subscripsi.
853 1975 1112 2030 Similiter
1137 1981 1192 2028 et
1214 1971 1395 2028 ca:teri
1422 1970 1658 2042 episcopi
1697 1971 1816 2026 sub-

229 2076 586 2143 scripserunt.

233 2183 303 2241 In
330 2185 429 2236 {iac
457 2181 654 2253 synodo
689 2194 802 2250 qua:
847 2185 1040 2230 statqu
1083 2183 1202 2228 sunt
1242 2172 1406 2226 brevis
1447 2171 1676 2226 declarat
1716 2171 1814 2225 ad-

938 2261 1120 2298 nexus.

307 2365 571 2420 StiliCone
595 2364 787 2416 iterum
826 2367 883 2413 et
907 2355 1190 2411 Artbemio
1215 2370 1302 2410 vv.
1330 2369 1413 2410 cc.
1438 2369 1620 2410 conss.
1652 2369 1687 2409 ι
1715 2352 1815 2408 cal.

237 2456 574 2528 Septembris
595 2454 918 2523 Carthagine
943 2454 996 2508 in
1034 2453 1254 2509 basilica
1285 2452 1521 2524 regionis
1549 2451 1814 2507 secundm.

242 2551 412 2620 llnjus
435 2550 650 2605 concilii
676 2557 825 2618 gesta
867 2547 991 2604 ideo
1020 2563 1128 2603 non
1159 2562 1227 2603 ex
1263 2547 1473 2617 integro
1519 2544 1777 2615 descripsi
1802 2583 1819 2611 ,

239 2641 497 2710 quoniam
545 2637 715 2708 magis
740 2653 802 2692 ea
831 2653 950 2706 qua:
987 2638 1041 2691 in
1087 2645 1330 2708 tempore
1379 2635 1679 2691 necessaria
1709 2633 1824 2691 fue-

239 2740 391 2799 runt,
415 2745 578 2802 quam
609 2729 783 2798 aliqua
825 2727 1113 2798 generalia,
1145 2727 1437 2782 constituta
1465 2735 1608 2790 sunt,
1639 2724 1733 2780 sed
1755 2724 1824 2779 ad

243 2823 654 2878 instructionem
681 2818 1045 2875 studiosorum
1075 2819 1317 2890 ejusdem
1346 2817 1560 2874 concilii
1607 2817 1826 2872 brevem

244 2913 462 2982 digessi.

794 3021 963 3074 Brevis
988 3036 1278 3074 causarum.

315 3134 503 3191 xcw.
536 3131 606 3188 Ut
631 3100 801 3188 libera
839 3132 1040 3240 legati-0.
1077 3131 1145 3186 ab
1170 3130 1419 3186 omnibus
1447 3129 1734 3201 provinciis
1761 3128 1827 3183 ad
1856 3179 1902 3240 Ο

244 3227 539 3284 concilium
568 3224 846 3292 dirigatur,
899 3223 966 3278 ad
992 3221 1276 3278 Mizonium
1307 3222 1484 3289 legati,
1534 3229 1588 3276 et
1616 3221 1828 3286 litterae,

245 3324 473 3388 propter
530 3314 754 3368 liberam
801 3311 1129 3381 dirigendam
1178 3313 1500 3380 legationem
1561 3311 1831 3367 destinare

247 3414 534 3475 prmcepta:
583 3411 826 3457 suntzut
854 3402 978 3471 quia
1024 3402 1162 3472 apud
1204 3402 1582 3470 Carthaginem
1625 3409 1830 3455 tantum

248 3500 432 3553 unitas
457 3497 596 3550 facta
626 3504 727 3558 est,
759 3495 951 3548 dentur
981 3495 1142 3548 ctiam
1188 3494 1380 3548 littera:
1408 3493 1470 3546 ad
1496 3492 1702 3561 judices
1727 3510 1740 3545 :
1775 3501 1833 3561 ut

249 3598 307 3643 et
361 3587 479 3641 aliis
526 3585 813 3655 provinciis
862 3591 914 3638 et
965 3584 1270 3639 civitatibus
1331 3599 1550 3652 operam
1599 3582 1834 3650 impendi

248 3679 476 3748 jubeant
503 3675 710 3740 unitati,
760 3681 814 3729 et
854 3675 1143 3742 gratiarum
1182 3674 1423 3728 actiones
1463 3674 1529 3728 de
1558 3673 1836 3741 Carthagi-

247 3767 408 3822 nensi
435 3765 670 3820 Ecclesia
696 3780 792 3834 pro
815 3765 1061 3817 universa
1092 3761 1267 3818 Africa
1296 3762 1363 3817 de
1392 3763 1701 3817 exclusione
1729 3761 1835 3818 Do—

246 3857 572 3914 natistarum
607 3870 729 3909 cum
767 3855 1139 3926 episcoporum
1191 3853 1382 3908 litteris
1427 3853 1494 3906 ad
1522 3854 1834 3908 comitatum

247 3950 558 4003 mittantur.
592 3946 844 4004 Recitata:
883 3947 1070 3999 littera:
1094 3961 1246 4015 papa:
1283 3945 1604 4012 Innocentii,
1638 3955 1696 3999 ut
1725 3945 1837 4015 epi-

245 4039 409 4107 scopi
454 4037 518 4091 ad
563 4037 918 4092 transmarina
965 4052 1189 4106 pergere
1227 4035 1383 4091 facile
1429 4051 1538 4090 non
1584 4036 1832 4102 debeant,

247 4130 406 4199 quod
436 4129 538 4184 hoc
566 4129 735 4199 ipsum
759 4129 1134 4198 episcoporum
1160 4127 1440 4182 sententiis
1459 4128 1832 4182 confirmatur:

249 4227 316 4272 ut
349 4226 567 4287 propter
592 4218 884 4286 gratiarum
931 4218 1196 4272 actionem
1237 4226 1294 4273 et
1341 4218 1700 4272 exclusionem
1728 4217 1837 4272 Do-

249 4310 581 4363 natistarum
621 4307 727 4361 duo
774 4308 955 4363 clerici
997 4307 1251 4364 Ecclesia:
1296 4307 1730 4379 Carthaginensis
1772 4308 1837 4362 ad

251 4399 575 4454 comitatum
605 4399 904 4459 mittantur.

255 4509 329 4564 In
353 4509 448 4562 hoc
469 4508 682 4563 concilio
702 4509 935 4580 quietiam
957 4509 1020 4582 de
1040 4510 1329 4564 constitutis
1359 4509 1708 4582 superioribus
1731 4527 1839 4565 cor-

925 4581 1180 4651 rigantur.

333 4670 741 4725 Cloriosissimis
769 4670 1180 4739 imperatoribus
1206 4669 1445 4724 Honorio
1473 4687 1542 4724 vu
1581 4679 1635 4724 et
1657 4669 1836 4726 Theo-

257 4762 418 4815 dosio
449 4777 484 4814 tt
514 4761 701 4814 iterum
734 4759 988 4827 Augustis
1027 4775 1204 4814 conss.
1248 4759 1364 4814 idus
1391 4758 1574 4814 Junias
1608 4758 1836 4813 Cartha-

257 4852 409 4920 εῑυο,
460 4849 510 4901 in
558 4848 773 4902 basilica
817 4847 1052 4916 regionis
1101 4847 1364 4901 secundm.
1417 4846 1548 4902 Cum
1591 4847 1840 4902 Aurelius

258 4943 552 5013 episcopus
576 4956 678 4993 una
705 4956 825 4994 cum
854 4939 1122 5008 episcopis
1149 4939 1260 4993 suis
1288 4940 1638 5006 consedisset,
1667 4948 1842 4992 astan-

260 5038 408 5088 tibus
437 5031 692 5095 diaconis,
741 5031 996 5100 quoniam
1039 5030 1388 5085 constitutum
1420 5028 1593 5084 fuerat
1627 5031 1680 5084 in
1709 5046 1836 5085 con-

258 5125 391 5180 ciiio
443 5122 797 5192 Hipponensi,
856 5130 916 5175 ut
964 5122 1184 5190 singulis
1237 5121 1386 5184 annis
1433 5123 1842 5177 contraheretur

259 5215 554 5270 eancilium
582 5214 770 5268 Africa:
813 5214 1108 5282 plenarium
1137 5232 1149 5266 :
1177 5230 1280 5268 non
1326 5222 1531 5268 tantum
1571 5214 1660 5268 hic
1699 5213 1840 5284 apud

259 5308 664 5374 tiartliaginem,
716 5322 899 5359 verum
932 5306 1092 5359 etiam
1124 5321 1221 5374 per
1264 5306 1500 5360 diversas
1539 5306 1840 5375 provincias

258 5418 362 5454 suo
392 5401 604 5465 ordine,
639 5408 692 5453 et
735 5399 836 5453 hoc
865 5405 1198 5452 reservatum
1231 5406 1331 5462 est,
1380 5406 1440 5451 ut
1485 5397 1841 5452 indiceremus

260 5493 553 5563 aliquando
597 5494 648 5546 in
680 5491 950 5559 Numidia,
993 5491 1282 5561 aliquando
1330 5491 1381 5545 in
1413 5489 1651 5560 Byzatio,
1684 5497 1844 5558 atque

262 5589 364 5640 hoc
386 5583 715 5638 laboriosum
737 5582 984 5636 omnibus
1015 5582 1265 5635 fratribus
1291 5581 1458 5635 visum
1480 5589 1580 5634 est.

261 5695 555 5750 Concilium
589 5693 874 5747 universale
915 5711 1019 5748 non
1065 5693 1166 5747 nisi
1197 5694 1498 5747 necessitate
1526 5691 1838 5764 faciendum.

335 5806 496 5861 XCV.
532 5805 738 5860 Placuit
765 5813 823 5859 ut
854 5821 960 5860 non
1005 5805 1076 5860 sit
1105 5805 1241 5859 ultra
1275 5803 1556 5873 fatigandis
1593 5803 1846 5859 fratribus

1865 4577 1918 4637 Ι)

1893 520 2210 582 communis,
2237 519 2288 574 id
2320 527 2400 575 est
2427 520 2589 573 totius
2614 520 2820 584 Africm,
2863 515 3216 589 undecunque
3239 520 3304 574 ad
3331 521 3470 576 hanc

1893 608 2073 664 sedem
2103 609 2169 664 de
2202 610 2302 664 hac
2330 625 2390 664 re
2418 609 2555 664 data:
2586 610 2775 664 littera:
2796 609 3012 677 fuerint,
3043 610 3470 679 congregandam

1897 716 2016 756 esse
2045 703 2304 772 synodum
2334 703 2385 756 in
2412 718 2474 757 ea
2500 703 2773 772 provincia
2814 703 2903 757 ubi
2934 703 3309 774 opportunitas
3349 717 3474 772 per-

1897 793 2124 848 suaserit
2149 812 2159 845 :
2185 809 2359 847 causa:
2389 801 2566 847 autem
2596 809 2714 862 quae
2743 808 3055 849 communes
3097 808 3203 848 non
3245 799 3390 856 sunt,
3418 791 3472 847 in

1896 887 2006 942 suis
2035 886 2322 956 provinciis
2343 867 2664 954 judicentur.

2044 995 2112 1050 Ut
2141 997 2203 1048 ab
2243 997 2414 1050 electis
2436 996 2696 1066 judicibus
2724 1011 3000 1065 provocare
3027 1011 3128 1048 non
3158 993 3329 1047 liceat.
3425 1041 3427 1044 .

1971 1089 2150 1145 XCVI.
2181 1089 2238 1144 Si
2267 1099 2445 1144 autem
2476 1090 2634 1143 fuerit
2656 1097 3025 1158 provocatum,
3057 1087 3220 1154 eligat
3247 1083 3338 1152 qui
3361 1096 3480 1152 pro-

1901 1181 2174 1236 vocaverit
2215 1181 2446 1249 judices,
2499 1190 2554 1234 et
2606 1195 2726 1235 eum
2770 1195 2836 1233 eo
2884 1186 2938 1233 et
2969 1178 3056 1231 ille
3102 1187 3288 1232 contra
3317 1186 3477 1242 quem

1903 1273 2274 1345 provocaverit
2307 1291 2320 1325 :
2355 1280 2413 1326 ut
2451 1271 2519 1326 ab
2558 1271 2685 1342 ipsis
2712 1271 2965 1340 deinceps
2995 1269 3122 1322 nulli
3169 1267 3327 1322 liceat
3356 1278 3478 1334 pro-

1906 1379 2118 1420 vocare.

2101 1473 2178 1528 Dc
2205 1472 2542 1544 legationibus
2565 1473 2878 1526 diversarum
2907 1469 3304 1539 prorinciarum.

1979 1562 2110 1616 Cum
2154 1564 2416 1616 universa:
2467 1561 2758 1629 legationes
2807 1560 3136 1614 diversarum
3175 1551 3482 1625 provincia-

1910 1673 2026 1711 rum
2059 1657 2444 1723 allegarentur,
2491 1654 2792 1722 gratissime
2837 1659 3072 1720 accepta:
3118 1655 3260 1711 sunt,
3306 1644 3360 1699 id
3404 1648 3487 1697 est

1912 1748 2277 1811 Numidarum,
2328 1747 2747 1816 Byzacenorum,
2797 1743 3100 1797 Maurorum
3138 1735 3486 1801 Sitifensium,

1915 1838 2148 1906 itemque
2175 1835 2603 1900 Caasariensium,
2634 1833 2728 1888 sed
2756 1841 2812 1887 et
2837 1831 3306 1901 Tripolitanorum.

2306 1948 2384 2002 De
2412 1946 2790 2002 exsecutoribus
2822 1943 3084 1998 Ecclesiw.

1987 2039 2188 2095 Placuit
2212 2047 2470 2110 prmterca
2501 2047 2560 2092 ut
2588 2044 2934 2092 exsecutores
2956 2035 3010 2089 in
3027 2032 3274 2088 omnibus
3288 2026 3494 2083 deside-

1916 2133 2011 2187 riis
2039 2146 2156 2200 qua:
2185 2131 2348 2184 habet
2375 2127 2613 2182 Ecclesia
2656 2128 2892 2198 quinque
2914 2123 3272 2194 postulentur,
3302 2118 3394 2186 qui
3437 2115 3498 2172 in

1918 2219 2141 2274 diversis
2170 2218 2456 2288 provinciis
2486 2217 2878 2287 impertiantnr.

1924 2332 1992 2390 Ut
2022 2334 2084 2388 ab
2113 2332 2508 2403 imperatoribus
2545 2331 2829 2403 postuletur
2851 2330 3228 2403 advocatorum
3267 2322 3496 2396 defensio

2417 2419 2508 2472 pro
2538 2400 2705 2455 causis
2732 2400 2998 2454 Ecclesiw.

1998 2490 2200 2546 XCVII.
2233 2491 2440 2546 Placuit
2486 2490 2647 2544 etiam
2696 2497 2756 2543 ut
2803 2497 2988 2558 petant
3035 2503 3103 2542 ex
3131 2485 3348 2541 nomine
3376 2496 3502 2552 pro-

1923 2586 2219 2641 vmciarum
2248 2583 2486 2639 omnium
2527 2580 2686 2648 legati
2725 2578 3050 2648 perrecturi,
3097 2573 3409 2629 Vincentius
3447 2578 3505 2624 et

1924 2675 2339 2732 Fortunatianus
2361 2689 2387 2726 a
2413 2671 2810 2742 gloriosissimis
2835 2667 3247 2740 imperatoribus
3267 2684 3279 2718 :
3299 2672 3357 2718 ut
3375 2663 3506 2717 dent

1927 2767 2234 2822 facultatem
2265 2762 2576 2818 defensores
2602 2760 2963 2816 constituendi
2990 2757 3363 2822 scholasticos,
3412 2749 3507 2824 qui

1929 2857 1983 2912 in
2013 2864 2132 2911 actu
2160 2866 2303 2917 sunt,
2349 2853 2435 2909 vel
2463 2853 2516 2908 in
2557 2866 2779 2906 munere
2827 2848 3154 2904 defensionis
3199 2858 3502 2905 causarum,

1931 2956 1988 3001 ut
2012 2961 2163 3000 more
2189 2942 2527 3000 sacerdotum
2551 2940 2861 3012 provinciaz,
2890 2938 3050 2992 iidem
3081 2935 3182 3006 ipsi
3209 2935 3299 3004 qui
3328 2929 3508 2987 defen-

1931 3040 2138 3094 sionem
2169 3036 2528 3090 Ecclesiarum
2553 3033 2906 3102 susceperint,
2937 3029 3173 3085 habeant
3200 3026 3526 3081 facultatem.

1934 3146 2032 3202 pro
2061 3129 2288 3197 negotiis
2319 3126 2698 3186 Ecclesiarum,
2731 3123 2942 3193 quoties
2981 3119 3274 3176 necessitas
3301 3115 3510 3186 ﬂagitao

1934 3222 2092 3283 verit,
2125 3219 2210 3274 vel
2237 3218 2303 3272 ad
2335 3214 2698 3272 obsistendum
2735 3211 3139 3282 obrepentibus,
3173 3208 3257 3264 vel
3299 3206 3368 3262 ad
3407 3219 3524 3262 ηε·-

1931 3312 2163 3368 eessaria
2192 3306 2548 3377 suggerenda,
2579 3303 2787 3374 ingredi
2811 3302 3048 3373 judicum
3077 3298 3388 3356 secretaria.

2435 3417 2504 3473 Ut
2524 3419 2590 3472 sit
2619 3417 2805 3488 legatio
2834 3414 3017 3468 libera.

2008 3513 2215 3568 Placuit
2240 3521 2297 3566 ut
2325 3510 2649 3579 legationem
2681 3507 2903 3562 liberam
2931 3503 3164 3559 habeant
3193 3500 3260 3555 ad
3287 3499 3527 3555 comita--

1938 3614 2048 3658 tum
2077 3602 2222 3657 missi
2250 3599 2442 3655 delecti
2469 3597 2651 3666 legati.

2048 3712 2356 3767 Protestalio
2387 3709 2440 3762 Μ
2447 3722 2688 3762 aurorum
2723 3705 3026 3776 pontiﬁcum
3053 3702 3118 3756 tle
3145 3700 3405 3756 Primoso.

2013 3803 2342 3857 Protestatos
2397 3812 2516 3853 esse
2581 3804 2842 3866 prieterea
2891 3793 3105 3848 Mauros
3157 3790 3514 3846 Ctesarienses

1939 3901 2166 3958 con~tat,
2215 3891 2512 3945 Primosum
2556 3904 2654 3958 per
2694 3886 3014 3958 principales
3055 3884 3286 3938 civitatis
3313 3881 3514 3952 Thiga-

1940 3991 2120 4048 neusis
2148 3995 2469 4044 conventum
2503 3985 2694 4039 litteris
2721 3997 2907 4037 eorum
2930 3979 3112 4046 fuisse,
3137 3986 3194 4033 ut
3217 3977 3516 4033 secundum

1938 4080 2252 4154 principalia
2299 4077 2460 4143 scita,
2506 4074 2748 4146 plenario
2777 4072 3005 4129 concilio
3047 4072 3130 4126 sui
3176 4069 3528 4142 prmsentiam.

1938 4172 2160 4236 faceret,
2202 4176 2256 4223 et
2299 4176 2356 4222 ut
2384 4165 2624 4236 oportuit
2661 4163 2948 4232 requisitus
2973 4159 3245 4216 Primosus
3273 4167 3516 4230 repertus

1940 4277 2047 4318 non
2075 4269 2176 4324 est,
2220 4258 2376 4313 sicuti
2402 4255 2612 4311 diaconi
2644 4255 3089 4307 renuntiaverunt
3113 4269 3125 4306 :
3150 4251 3245 4305 sed
3271 4251 3393 4320 quia
3417 4266 3515 4320 po-

1939 4358 2231 4423 poscerunt
2257 4347 2414 4402 iidem
2458 4345 2627 4399 Mauri
2650 4345 2716 4398 de
2744 4342 2984 4413 plenario
3012 4341 3241 4396 concilio
3263 4348 3520 4410 oportere

1941 4443 2150 4497 litteras
2178 4437 2433 4495 destinari
2474 4437 2542 4490 ad
2570 4433 2934 4488 venerabilem
2974 4431 3196 4484 fratrem
3224 4443 3404 4482 senem
3429 4427 3517 4481 In-

1941 4535 2271 4601 nocentium,
2320 4533 2418 4587 has
2463 4531 2664 4602 placuit
2691 4528 2851 4591 mitti,
2903 4534 2961 4580 ut
2988 4531 3246 4593 agnoscat
3285 4521 3514 4592 requisi-

1941 4638 2056 4684 tum
2085 4626 2384 4682 Primosum
2414 4625 2469 4680 in
2505 4621 2754 4687 concilio,
2801 4628 2856 4676 et
2891 4619 3110 4673 minime
3143 4617 3306 4672 fuisse
3332 4631 3516 4687 reper-

1943 4727 2075 4774 tum.

2027 4829 2106 4883 De
2135 4827 2362 4898 plebibus
2393 4842 2506 4898 quae
2534 4839 2792 4892 nunquam
2815 4822 3078 4891 episcopos
3120 4818 3423 4873 habuerunt.

2013 4937 2239 4992 XCVllI.
2271 4935 2478 4991 Placuit
2503 4942 2558 4989 et
2585 4934 2736 4999 illud,
2781 4945 2839 4986 ut
2887 4919 3217 5001 plebesqua:
3246 4945 3516 5000 nunquam

1944 5029 2246 5084 habuerunt
2285 5028 2531 5096 proprios
2557 5027 2858 5097 episcopos,
2894 5023 2993 5078 nisi
3023 5038 3091 5078 ex
3131 5023 3360 5079 concilio
3404 5024 3518 5093 ple-

1944 5121 2095 5175 nario
2146 5119 2564 5189 uniuscujusque
2613 5116 2900 5188 provincia:
2941 5124 2995 5171 et
3042 5116 3305 5186 primatis,
3357 5126 3518 5187 atque

1944 5228 2208 5268 consensu
2255 5213 2372 5281 ejus
2417 5212 2484 5266 ad
2532 5210 2684 5279 cujus
2731 5209 3003 5264 dimcesim
3050 5209 3237 5263 eadem
3276 5207 3516 5264 Ecclesia

1945 5305 2264 5375 pertinebat,
2293 5304 2565 5359 decretum
2595 5301 2772 5367 fuerit,
2804 5300 3024 5354 minime
3054 5299 3340 5369 accipiant.

1984 5417 2060 5470 De
2099 5414 2328 5486 plebibus
2359 5415 2436 5469 vel
2462 5411 2758 5468 dioecesibus
2788 5427 2852 5466 ea:
2881 5409 3172 5464 Donatistis
3201 5408 3478 5462 conversis.

2018 5528 2201 5584 XCIX.
2234 5529 2376 5584 Sane
2405 5536 2461 5581 ut
2493 5527 2594 5584 illic
2625 5526 2806 5596 plebes
2853 5539 2971 5594 quas
3013 5533 3284 5576 conversrc
3323 5523 3450 5569 sunt
3487 5531 3518 5568 a

1948 5623 2261 5690 Donatistis,
2305 5631 2360 5676 et
2389 5621 2690 5694 habuerunt
2717 5618 2998 5688 episcopos
3044 5615 3158 5666 sine
3205 5609 3392 5675 dubio,
3439 5608 3521 5662 in-

1948 5713 2194 5768 consulto
2237 5711 2462 5767 concilio
2515 5709 2712 5764 habere
2757 5711 3068 5760 mereantur
3111 5719 3122 5752 :
3174 5715 3292 5770 quae
3341 5708 3531 5754 autem.

1949 5803 2130 5874 plebes
2155 5803 2455 5859 habuerunt
2486 5801 2813 5872 episcopum,
2860 5802 3005 5850 eteo
3035 5789 3285 5850 defuncto
3329 5791 3532 5849 value--
