3988 6344
495 341 598 395 ⁸215
674 376 679 379 ε

1762 328 2117 390 DlONYSlUS
2155 332 2361 389 EXIGU
2374 331 2471 390 US.

3654 320 3751 380 216

493 464 601 519 rint
626 472 731 518 nan
760 462 1065 531 episcopum
1094 461 1365 530 proprium
1395 460 1616 527 habere,
1636 457 1731 513 sed
1751 458 1819 513 ad
1843 457 2069 527 alicujus
2098 465 2142 518 Α
2174 455 2511 522 tempserint,
2544 453 2609 507 ad
2636 451 3005 522 paenitentiam
3032 448 3360 517 redigantur,
3389 446 3443 501 in
3472 460 3577 516 qua
3602 459 3751 499 causa

494 554 732 627 episcopi
770 553 1042 609 dioecesim
1071 552 1365 622 pertinere,
1421 567 1526 605 non
1558 550 1635 605 eis
1664 564 1781 605 esse
1802 548 2071 617 denegan—

495 646 645 701 dum.
677 646 785 701 Nec
807 661 914 699 non
954 651 1009 699 et
1035 643 1161 698 illud
1207 651 1517 712 suggestum
1568 652 1670 711 est,
1717 641 1860 711 quod
1890 642 2074 713 plebes

495 745 619 791 ante
647 736 819 805 legem
866 735 1207 805 imperatoris
1234 735 1302 790 de
1332 735 1537 788 unitate
1578 734 1743 787 latam
1771 730 2075 803 quicunque

495 833 942 885 converterentur
972 827 1211 897 episcopi
1248 825 1316 880 ad
1342 825 1684 889 catholicam,
1717 824 1817 894 ipsi
1846 838 1937 877 eas
1974 824 2065 878 ob-

495 921 666 975 tinere
706 919 972 975 debeant:
1007 934 1194 974 verum
1234 934 1265 973 a
1308 919 1425 987 lege
1450 918 1686 984 unitatis,
1718 925 1774 972 et
1802 917 2072 985 deinceps,

493 1019 744 1082 Oporteat
769 1009 1047 1065 universas
1068 1010 1337 1066 Ecclesias
1366 1010 1638 1065 vindicare
1666 1009 1765 1064 sibi
1794 1008 2077 1078 episcopos

494 1104 790 1160 catholicos
829 1116 1016 1158 eorum
1047 1103 1311 1166 locorum,
1348 1103 1413 1157 ad
1440 1090 1559 1171 qua:
1588 1103 1705 1157 loca
1734 1101 1833 1156 sub
1857 1100 2076 1154 hasreti-

494 1196 572 1250 cis
611 1195 952 1265 pertinebant
982 1194 1063 1248 vel
1108 1207 1491 1248 conversorum
1529 1191 1595 1246 ad
1624 1190 1968 1256 catholicam,
1993 1186 2076 1241 vel

495 1302 607 1340 non
648 1299 1034 1340 conversorum
1066 1284 1462 1350 haereticorum,
1509 1290 1565 1337 et
1608 1282 1887 1346 dioeceses,
1938 1285 1994 1333 et
2030 1277 2077 1332 si

495 1392 602 1445 qua
629 1376 767 1431 forte
802 1384 926 1431 sunt
950 1376 1307 1429 instrumenta
1336 1373 1611 1441 Ecclesiae,
1643 1372 1731 1428 vel
1757 1372 1822 1428 ad
1855 1369 1971 1439 ejus
1991 1368 2078 1438 jus

496 1466 839 1535 pertinentia.
892 1465 994 1532 Qui
1038 1481 1168 1521 vero
1197 1467 1375 1535 aliqua
1406 1472 1819 1535 usurpaverunt,
1847 1471 1970 1533 post
1996 1462 2075 1517 le-

496 1577 615 1633 gem
644 1571 900 1635 usurpata
928 1563 1181 1619 conventi
1210 1563 1517 1617 restituant.

785 1677 859 1731 De
878 1679 1204 1749 suggestione
1232 1675 1516 1730 Maurentii
1546 1677 1794 1747 episcopi.

566 1792 628 1847 C.
671 1792 751 1846 Ad
797 1793 1196 1861 suggestionem
1246 1792 1329 1846 vel
1375 1792 1797 1862 postulationem
1839 1791 2076 1860 episcopi

499 1883 800 1950 Maurentii,
844 1900 965 1940 cum
1010 1886 1149 1940 lecta
1196 1884 1383 1940 fuisset
1428 1884 1625 1940 scheda
1674 1899 1835 1953 quam
1882 1883 2080 1938 obtulit

498 1975 785 2044 episc0pus
814 1973 1192 2042 Placentinus,
1232 1976 1322 2044 qui
1372 1990 1659 2045 personam
1707 1974 1867 2043 legati
1898 1973 2083 2030 Numi-

498 2071 705 2126 diarum
735 2080 928 2140 gestat,
959 2071 1224 2125 sententia
1253 2070 1493 2140 ejusdem
1535 2068 1832 2125 Placentini
1862 2069 2086 2123 recitata

499 2161 658 2216 estin
688 2170 980 2231 conspectu
1027 2160 1425 2230 episcoporum,
1476 2168 1530 2214 et
1570 2175 1692 2216 cum
1722 2167 2088 2230 quaererentur

502 2254 553 2308 hi
588 2268 725 2322 quos
762 2254 949 2308 adesse
996 2254 1166 2308 voluit
1195 2270 1224 2307 a
1250 2254 1491 2309 diaconis
1521 2270 1617 2324 pro
1648 2254 1874 2321 foribus,
1906 2255 1954 2309 id
1982 2264 2087 2322 est,

498 2347 738 2401 seniores
765 2360 794 2399 a
824 2360 961 2399 nova
990 2346 1299 2412 Germania,
1347 2361 1410 2401 ac
1445 2347 1664 2401 minime
1692 2347 2087 2411 invenirentur,

501 2436 737 2491 secundo
765 2436 850 2490 vel
880 2436 1040 2491 tertio
1081 2436 1322 2506 requisiti
1357 2456 1369 2489 :
1401 2444 1688 2507 propterea
1721 2427 1934 2491 censuit
1960 2451 2088 2490 san-

502 2535 648 2581 ctum
678 2526 964 2580 concilium
1010 2535 1067 2580 ut
1093 2527 1284 2580 litterae
1313 2527 1379 2580 ad
1406 2526 1653 2581 eumdem
1676 2542 1859 2581 senem
1873 2524 2092 2595 Xantip-

504 2632 631 2687 pum
663 2624 1052 2687 prmrogentur,
1084 2632 1193 2686 quo
1227 2616 1439 2670 noverit
1464 2616 1729 2671 voluntati
1768 2616 1938 2686 plebis
1978 2630 2093 2671 nie-

504 2717 725 2763 moratze
770 2707 917 2762 nullo
967 2708 1127 2762 modo
1175 2707 1424 2775 injuriam
1452 2708 1691 2777 episcopi
1735 2708 2095 2763 succumben-

506 2802 652 2855 dum.
688 2798 1012 2853 Maurentius
1035 2799 1323 2869 episcopus
1351 2799 1485 2854 dixit
1512 2816 1523 2850 :
1557 2798 1819 2865 Quoniam
1849 2797 2094 2867 requisiti

507 2899 633 2945 sunt
657 2890 898 2945 seniores
926 2905 956 2943 a
979 2905 1119 2945 nova
1166 2889 1449 2944 Germania
1480 2890 1718 2945 secundo
1746 2905 1809 2945 ac
1830 2889 2009 2955 tertio,
2040 2897 2094 2944 et

510 2996 617 3034 non
652 2988 778 3035 sunt
802 2980 1025 3047 inventi,
1074 2980 1266 3048 quibus
1320 2991 1645 3051 praeceptum
1677 2986 1844 3036 erata
1867 2980 2096 3050 primate

511 3087 570 3131 ut
598 3084 947 3132 occurrerent
976 3077 1041 3130 ad
1072 3077 1379 3131 venerabile
1410 3076 1722 3141 concilium,
1769 3075 1913 3145 quod
1956 3090 2097 3131 nunc

512 3166 685 3235 agitur
714 3166 887 3221 idibus
926 3164 1117 3230 Juniis,
1167 3182 1317 3221 suam
1361 3167 1656 3221 absentiam
1694 3174 2088 3236 procurarunt:

514 3256 718 3312 idcirco
747 3256 1003 3311 decernat
1042 3272 1110 3311 ex
1139 3258 1238 3311 hac
1280 3273 1338 3312 re
1365 3257 1565 3326 aliquid
1592 3257 1851 3311 sanctitas
1896 3264 2093 3320 vestra,

512 3365 580 3405 ne
609 3350 708 3404 sub
735 3347 982 3404 molestia
1004 3350 1284 3404 calumnia:
1328 3350 1562 3419 ipsorum
1615 3350 1873 3403 innocens
1912 3346 2101 3401 videar

514 3444 799 3499 laborare:
833 3442 1125 3498 concilium
1155 3450 1401 3497 sanctum
1432 3440 1643 3507 statuit,
1691 3440 1938 3495 debuisse
1981 3438 2102 3508 qui-

514 3536 637 3592 dem
666 3533 962 3591 secundum
991 3547 1276 3588 censuram
1320 3529 1718 3587 sacerdotalem
1743 3544 1811 3585 ex
1840 3530 1944 3585 hoc
1971 3544 2104 3584 con-

515 3629 638 3683 cilio
667 3628 925 3683 adversus
947 3634 1298 3681 contumaces
1326 3623 1455 3678 ferri
1480 3622 1801 3678 sententiam
1826 3640 1838 3674 :
1863 3620 1957 3677 sed
1976 3620 2102 3690 quia

517 3718 873 3774 mansuetudo
921 3716 1293 3773 ecclesiastica
1339 3714 1600 3771 servanda
1640 3722 1724 3769 est
1773 3714 1826 3768 in
1856 3712 2105 3769 omnibus

518 3809 712 3875 causis,
742 3808 1019 3878 promissa:
1050 3815 1175 3863 sunt
1203 3807 1397 3861 litterce
1427 3805 1495 3859 ad
1539 3820 1723 3861 senem
1750 3802 2103 3873 Xantippum,

518 3913 575 3957 ut
604 3902 852 3956 noverint
874 3900 1081 3971 judices
1103 3901 1169 3955 de
1199 3900 1430 3954 concilio
1474 3899 1679 3953 electos
1708 3898 1824 3951 sine
1848 3895 2107 3949 dilatione

520 3993 867 4048 considerare
894 3993 1091 4048 debere
1122 3993 1173 4045 in
1203 3992 1420 4045 civitate
1449 3988 1886 4051 Thubursicensi,
1929 3995 1987 4041 ut
2010 4002 2108 4041 ne-

520 4084 667 4150 gotio
697 4096 991 4150 congruum
1022 4082 1339 4135 adhibeatur
1365 4094 1614 4135 examen.
1644 4077 1974 4133 Maurentius
1995 4078 2108 4148 epi-

521 4188 720 4241 scopus
740 4172 911 4225 dixit:
940 4169 1158 4226 Judices
1204 4182 1330 4240 peto
1378 4180 1622 4225 sanctum
1670 4184 1854 4225 senem
1883 4167 2110 4239 Xantip-

522 4276 670 4330 pum,
717 4269 965 4315 sanctum
995 4260 1368 4329 Augustinum,
1404 4258 1752 4324 Florentium,
1800 4257 2104 4324 Theasium,

523 4352 860 4418 Sansucium,
912 4346 1239 4417 Secundum,
1290 4359 1343 4406 et
1396 4350 1688 4415 Posidium,
1741 4350 1843 4405 hos
1889 4349 2109 4405 decerni

524 4445 652 4499 mihi
691 4444 942 4515 jubeatis.
987 4444 1245 4500 Sanctum
1286 4443 1575 4499 concilium
1606 4443 1876 4499 concessit
1900 4442 2110 4513 judices

523 4537 840 4606 postulatos,
885 4536 1125 4607 reliquos
1169 4544 1349 4590 autem
1395 4534 1609 4604 judices
1638 4532 1706 4587 ad
1732 4532 2107 4626 cqmplendum

524 4643 806 4683 numerum
847 4628 1216 4695 necessarios,
1263 4625 1587 4695 eligentibus
1630 4625 1760 4695 ipsis
1794 4624 2110 4680 senioribus

524 4734 551 4771 a
584 4734 721 4772 nova
770 4718 1055 4773 Germania
1076 4758 1091 4783 ,
1121 4734 1283 4773 senex
1314 4716 1617 4787 Xantippus
1658 4716 1868 4771 curavit
1915 4714 2108 4770 decer-

523 4824 674 4862 llCl’C.

560 4917 640 4971 De
692 4919 1032 4987 pacificandis
1063 4917 1309 4970 Ecclesiis
1342 4916 1578 4970 Romana
1617 4927 1664 4969 et
1694 4918 2067 4973 Alexandrina.

597 5030 683 5084 Cl.
716 5029 923 5085 Placuit
973 5031 1132 5085 ctiam
1179 5039 1237 5084 ut
1282 5030 1350 5085 de
1379 5032 1711 5087 dissensione
1741 5031 1997 5087 Romanm
2028 5041 2108 5088 at-

523 5135 625 5190 que
654 5120 1024 5175 Alexandrina:
1053 5119 1302 5175 Ecclesiae
1353 5121 1416 5174 ad
1458 5131 1709 5187 sanctum,
1730 5138 1921 5193 papam
1952 5124 2111 5179 Inno-

522 5213 761 5267 centium
784 5213 1075 5276 scribatur,
1105 5228 1212 5280 quo
1237 5220 1460 5280 utraque
1490 5212 1733 5268 Ecclesia
1758 5216 1895 5270 intra
1924 5232 1981 5271 se
2015 5232 2110 5286 pa-

522 5319 664 5368 cem,
693 5318 851 5372 quam
883 5305 1139 5373 praecepit
1169 5302 1442 5365 Dominus,
1476 5310 1676 5356 teneat.

524 5420 601 5473 De
630 5420 707 5473 his
737 5420 823 5488 qui
849 5435 1054 5485 uxores,
1079 5428 1167 5470 aut
1196 5435 1309 5490 qum
1334 5420 1468 5471 viros
1500 5416 1785 5485 dimittam,
1813 5427 1867 5471 ut
1894 5421 1967 5472 sic
1993 5435 2105 5473 ina--

1225 5497 1399 5541 ncant.

593 5580 701 5635 Cll.
735 5580 941 5637 Placuit
990 5589 1065 5643 ut,
1128 5578 1422 5634 secundum
1475 5582 1837 5648 evangelicum
1888 5589 1941 5634 et
1974 5596 2107 5649 apo-

520 5673 766 5727 stolicam
795 5672 1155 5741 disciplinam,
1209 5686 1381 5737 neque
1410 5670 1658 5726 dimissus
1696 5672 1764 5725 ab
1795 5687 1981 5736 uxore,
2017 5686 2109 5725 ne-

521 5777 626 5827 que
667 5761 886 5816 dimissa
934 5778 961 5814 a
1007 5762 1220 5826 marito,
1266 5761 1419 5813 altcri
1464 5760 1843 5829 conjuugatur,
1892 5762 1983 5816 sed
2034 5761 2107 5814 ita

522 5862 793 5921 tumeant,
842 5863 928 5908 aut
980 5854 1194 5910 sibimet
1239 5854 1688 5909 reconcilientur:
1722 5853 1861 5923 quod
1903 5855 1946 5909 si
1981 5870 2110 5909 con-

2175 548 2346 617 legein
2371 547 2701 617 imperialem
2731 544 3015 616 petendam
3047 542 3395 613 promulgari.

2520 660 2599 714 De
2622 658 2856 725 precibus
2877 658 2944 711 ad
2974 657 3141 711 altare
3168 655 3423 709 dicendis.

2247 775 2375 830 Clll.
2409 774 2613 829 Placuit
2655 774 2815 828 etiam
2846 774 2970 837 hoc,
3019 780 3079 825 ut
3123 784 3312 841 preces
3350 783 3469 848 quae
3526 768 3753 836 probata:

2176 868 2374 922 fuerint
2402 867 2455 921 in
2486 866 2738 933 concilio,
2784 865 2898 919 sive
2945 860 3310 933 praefationes,
3341 860 3455 916 sive
3483 872 3751 913 commeno

2145 1027 2148 1030 ἢ
2177 957 2442 1023 dationes,
2474 972 2567 1012 seu
2611 971 2800 1009 manus
2827 953 3216 1023 impositiones,
3249 951 3317 1004 ab
3344 949 3590 1005 omnibus
3616 948 3755 1003 cele~

2177 1047 2423 1115 brentur,
2454 1062 2553 1101 nec
2585 1047 2700 1100 alia:
2729 1045 2950 1100 omnino
2986 1052 3174 1098 contra
3203 1040 3359 1095 (idem
3391 1039 3754 1109 pmicrautur,

2176 1140 2273 1194 sed
2318 1153 2648 1208 quaacunque
2690 1153 2721 1191 a
2788 1134 3222 1207 prudentioribus
3285 1131 3483 1186 fuerint
3524 1130 3753 1185 collectae

2178 1232 2440 1287 dicantur.
2498 1252 2506 1259 ’

2180 1347 2258 1402 De
2286 1348 2363 1401 his
2398 1346 2486 1418 qui
2514 1346 2832 1411 publicorum
2854 1344 3171 1414 judiciorum
3189 1340 3543 1418 cognitionem
3572 1338 3635 1391 ab
3664 1337 3757 1391 im-

2504 1481 2513 1489 .
2667 1413 2904 1486 peratore
2932 1413 3278 1484 poposcerint.

2252 1529 2383 1585 CIV.
2419 1528 2647 1596 Placuit,
2688 1536 2747 1582 ut
2794 1527 3097 1597 quicunque
3125 1524 3192 1578 ab
3224 1525 3548 1593 imperatore
3576 1520 3758 1589 cogni—

2185 1623 2384 1678 tionem
2410 1619 2734 1690 judiciorum
2769 1618 3110 1689 publicorum
3141 1615 3372 1685 petierit,
3406 1614 3610 1667 honore
3640 1627 3759 1681 pro-

2183 1715 2301 1785 prio
2329 1713 2569 1783 privetur
2593 1728 2604 1764 :
2632 1711 2676 1765 si
2700 1717 2880 1764 autem
2899 1707 3204 1778 episcopale
3227 1705 3487 1775 judicium
3515 1704 3581 1759 ab
3605 1704 3760 1774 impe-

2182 1811 2362 1858 ratore
2386 1801 2691 1872 postularit,
2721 1798 2853 1853 nihil
2881 1800 2931 1853 ei
2961 1796 3120 1865 obsit.

2191 1913 2270 1969 De
2296 1915 2372 1968 his
2403 1915 2508 1984 qui,
2541 1929 2655 1966 cum
2681 1912 2735 1965 in
2758 1911 2937 1981 Africa
2958 1908 3483 1984 non_communicant,
3512 1906 3761 1961 coluerint

2659 1977 2814 2035 trans
2830 1995 2972 2034 mare
2995 1977 3283 2048 subrepere.

2258 2094 2366 2150 CV.
2400 2094 2713 2163 Quicunque
2735 2099 2913 2147 autem
2937 2106 3042 2145 non
3070 2089 3471 2145 communicans
3496 2091 3549 2143 in
3569 2088 3764 2153 Africa,

2188 2186 2234 2241 si
2273 2187 2324 2240 in
2367 2183 2736 2241 transmarinis
2777 2182 2843 2237 ad
2896 2181 3403 2238 communicandum
3449 2182 3766 2251 obrepserit,

2184 2276 2449 2347 jacturam
2479 2275 2766 2330 clericatus
2796 2273 3045 2343 excipiat.

2195 2390 2263 2446 Ut
2296 2399 2562 2463 pergentes
2589 2391 2656 2463 aa
2679 2390 3220 2463 comitatum‘causnni
3244 2404 3413 2455 suam,
3442 2389 3522 2441 vel
3551 2383 3770 2441 Cartha-

2246 2459 2466 2533 ginensi,
2498 2463 2574 2515 vel
2600 2459 2835 2514 Romano
2857 2459 3090 2529 pontiﬁci
3118 2460 3386 2511 insinuare
3409 2467 3704 2527 procurent.

2261 2550 2392 2606 CVI.
2428 2550 2656 2618 Placuit,
2690 2560 2747 2605 ut
2775 2551 3081 2621 quicunque
3112 2548 3174 2602 ad
3223 2549 3535 2603 comitatum
3569 2549 3647 2603 ire
3674 2564 3771 2603 vo—

2193 2644 2372 2710 luerit,
2428 2643 2481 2697 in
2527 2642 2778 2712 formata,
2828 2658 2933 2711 qua
2980 2642 3045 2696 ad
3095 2641 3241 2695 urbis
3275 2639 3454 2695 Romae
3482 2639 3775 2696 Ecclesiam

2194 2735 2445 2797 mittitur,
2499 2733 2776 2788 intimetur
2814 2751 2826 2785 :
2862 2742 2919 2787 ut
2968 2731 3091 2786 inde
3138 2732 3303 2786 etiam
3351 2730 3419 2785 ad
3466 2732 3778 2786 comitatum

2195 2825 2479 2881 formatam
2511 2826 2758 2895 accipiat.
2784 2824 2936 2892 Quod
2962 2825 3008 2879 si
3035 2824 3301 2894 accipiens
3331 2823 3395 2877 ad
3420 2821 3647 2876 Romam
3674 2834 3786 2875 tan-

2198 2920 2475 2975 tummodo
2504 2919 2811 2985 formatam,
2840 2927 2895 2972 et
2924 2926 3108 2973 tacens
3135 2918 3532 2981 necessitatem,
3564 2931 3686 2985 qua:
3716 2916 3783 2970 ad

2198 3014 2511 3070 comitatum
2538 3014 2609 3067 illi
2641 3011 2969 3082 pergendum
2999 3019 3101 3074 est,
3146 3010 3379 3065 voluerit
3405 3009 3565 3063 etiam
3596 3009 3663 3062 ad
3689 3024 3783 3063 co-

2201 3109 2448 3162 mitatum
2478 3121 2725 3177 pergere,
2755 3121 2784 3159 a
2819 3105 3200 3160 communione
3238 3111 3600 3158 removeatur.
3632 3099 3785 3167 Quod

2126 3210 2172 3271 C
2204 3202 2248 3253 si
2288 3198 2360 3252 ibi
2391 3198 2573 3251 Roma:
2624 3197 2673 3250 ei
2703 3196 2979 3265 repentina
3032 3193 3323 3248 necessitas
3365 3200 3482 3246 orta
3522 3190 3685 3244 fuerit
3722 3189 3789 3243 ad

2203 3292 2518 3347 comitatum
2549 3287 2825 3359 pergendi,
2868 3288 3068 3355 alleget
3114 3284 3253 3355 apud
3302 3284 3613 3354 episc0pum
3644 3281 3792 3335 urbis

2204 3384 2389 3438 Romae
2419 3384 2587 3453 ipsam
2616 3382 3018 3444 necessitatem,
3071 3386 3125 3433 et
3154 3378 3219 3433 de
3261 3378 3369 3432 hoc
3415 3376 3615 3445 scripta
3648 3374 3794 3443 ejus-

2202 3476 2323 3530 dem
2358 3474 2581 3529 Romani
2603 3473 2843 3543 episcopi
2870 3470 3122 3540 perferat.
3153 3469 3417 3523 Formatzc
3446 3475 3623 3520 autem
3674 3481 3795 3534 qum

2204 3579 2235 3618 a
2263 3563 2579 3634 primatibus
2617 3562 2763 3616 vela
2814 3560 3219 3631 quibuscunque
3268 3557 3532 3627 episcopis
3581 3557 3797 3611 clericis

2206 3657 2438 3728 propriis
2466 3655 2681 3721 dantur,
2721 3654 2955 3709 habeant
2993 3652 3133 3707 diem
3165 3649 3422 3704 Paschte:
3454 3647 3597 3718 quod
3625 3648 3672 3702 si
3703 3647 3798 3702 ad-

2206 3749 2311 3804 huc
2335 3746 2579 3817 ejusdem
2608 3745 2735 3800 anni
2759 3743 2981 3799 Pascha:
3010 3742 3125 3797 dies
3151 3741 3389 3795 incertus
3412 3747 3513 3804 est,
3548 3738 3641 3792 ille
3668 3753 3802 3808 pne-

2209 3841 2408 3895 cedens
2437 3840 2776 3909 adjungatur,
2826 3835 3098 3906 quomodo
3126 3834 3264 3889 solet
3308 3842 3432 3904 post
3459 3833 3801 3888 consulatum

2209 3932 2262 3986 in
2293 3932 2518 4002 publicis
2546 3932 2711 3999 gestis
2732 3929 2947 3985 ascribi.
2976 3928 3182 3982 Placuit
3206 3935 3258 3981 et
3280 3926 3427 3992 illud,
3452 3934 3510 3980 ut
3539 3927 3805 3981 adversus

2210 4022 2517 4078 Donatistas
2566 4032 2621 4077 et
2667 4035 2925 4091 paganos,
2998 4019 3084 4073 vel
3131 4033 3321 4073 eorum
3360 4017 3801 4088 superstitiones,

2210 4112 2373 4182 legati
2404 4112 2550 4169 missi
2580 4112 2647 4166 de
2696 4111 2801 4165 hoc
2829 4110 3066 4179 glorioso
3096 4107 3346 4171 concilio,
3379 4104 3640 4175 quidquid
3674 4104 3808 4158 utile

2210 4205 2559 4275 perviderint,
2593 4202 2660 4256 de
2688 4198 3088 4269 gloriosissimis
3120 4196 3450 4267 principibus
3480 4196 3806 4263 impetrent.

2213 4296 2422 4351 Placuit
2450 4296 2611 4350 etiam
2661 4292 2833 4363 petitu
2877 4290 3116 4345 omnium
3147 4290 3546 4358 episcoporum,
3595 4293 3659 4339 ut
3690 4286 3811 4355 epi-

2210 4393 2364 4449 stolis
2385 4388 2635 4445 omnibus
2670 4385 2739 4440 de
2768 4383 2999 4439 concilio
3029 4382 3218 4436 dandis
3264 4378 3523 4435 sanctitas
3552 4386 3645 4431 tua
3694 4378 3815 4430 sola

2211 4482 2529 4541 subscribat.
2591 4477 2659 4531 Et
2705 4475 3161 4543 subscripserunt.
3214 4470 3460 4525 Aurelius
3510 4469 3820 4538 episcopus

2139 4566 2651 4652 DCarthaginensis
2700 4564 2822 4618 huic
2870 4562 3088 4617 decreto
3119 4559 3391 4625 consensi,
3440 4567 3495 4611 et
3545 4556 3821 4626 prmlecto

2213 4659 2528 4730 subscripsi.
2562 4656 2819 4712 Similiter
2857 4661 2911 4707 et
2951 4651 3131 4707 caeteri
3179 4648 3418 4718 episcopi
3466 4647 3823 4717 subscripse-

2213 4763 2331 4829 ltlllll
2345 4794 2355 4807 .

2434 4860 2720 4915 Concilium
2751 4865 2929 4911 contra
2957 4870 3186 4925 paganos
3213 4862 3261 4905 et
3291 4850 3579 4904 Iucretiros.

2284 4979 2453 5033 Basso
2502 4983 2559 5029 et
2612 4972 2857 5040 Philippo
2886 4986 2973 5022 vv.
3006 4983 3087 5023 cc.
3138 4981 3315 5020 conss.
3358 4980 3445 5018 xvi
3487 4963 3592 5017 cal.
3644 4963 3822 5017 Julias

2217 5067 2559 5137 Carthagine,
2592 5064 2644 5118 in
2673 5059 2967 5118 secretario
3014 5056 3251 5112 basilica:
3281 5054 3561 5109 restitute.
3616 5054 3680 5107 In
3712 5054 3821 5107 hoc

2218 5160 2451 5217 concilio
2502 5155 2827 5225 legationem
2869 5150 3063 5204 iterum
3109 5145 3347 5216 suscepit
3385 5144 3821 5199 Fortunatianus

2219 5252 2505 5321 episcopus
2525 5254 2714 5303 contra
2740 5256 2977 5313 paganos
3005 5247 3059 5295 et
3086 5238 3392 5293 haereticos.

2365 5364 2498 5417 Item
2526 5360 2799 5415 concilium
2827 5365 3008 5411 contra
3027 5368 3260 5423 paganos
3289 5358 3339 5404 et
3366 5350 3663 5404 haereticos.

2294 5477 2459 5531 Basso
2489 5482 2544 5529 et
2574 5472 2816 5541 Philippo
2843 5485 2933 5523 vv.
2987 5482 3070 5521 cc.
3119 5479 3300 5519 conss.
3333 5479 3387 5517 Ill
3417 5462 3534 5515 idus
3554 5460 3826 5518 Octobris

2222 5569 2564 5636 Carthagine,
2609 5565 2663 5619 in
2683 5562 2977 5618 secretario
3005 5558 3239 5613 basilica:
3280 5557 3559 5611 restitutze.
3595 5556 3656 5621 In
3713 5560 3827 5612 hoc

2222 5662 2456 5719 concilio
2485 5663 2837 5726 susceperunt
2878 5652 3201 5723 legationem
3254 5649 3554 5704 Restitutus
3598 5658 3655 5703 et
3689 5650 3827 5704 Flo-

2223 5752 2428 5808 rentius
2474 5747 2714 5818 episcopi
2761 5750 2948 5798 contra
3002 5755 3240 5811 paganos
3305 5746 3360 5792 et
3407 5739 3704 5794 haereticos
3757 5756 3832 5795 eo

2227 5857 2465 5916 tempore
2520 5856 2625 5911 quo
2679 5839 2908 5895 Severus
2957 5846 3009 5891 et
3050 5834 3313 5890 Macarius
3344 5836 3517 5907 _occisi
3566 5846 3725 5904 sunt,
3775 5844 3831 5891 et
