3988 6344
217 260 318 320 ll?

218 473 462 544 episcopi
491 472 614 528 caesi
638 480 781 526 sunt.

527 580 813 638 Concilium
844 581 906 634 de
935 582 1225 652 cognitione
1252 581 1496 650 episcOpi.

294 695 448 751 CVII.
479 694 891 751 Gloriosissimis
944 696 1355 764 imperatoribus
1389 694 1626 749 Honorio
1655 712 1724 750 vn
1753 705 1808 749 et

219 787 530 845 Theodosio
551 806 606 844 ιιι
629 789 766 858 Aug.
797 803 1000 848 conss.,
1028 804 1133 843 xm
1154 789 1254 842 cal.
1288 788 1455 844 Julias
1483 787 1807 858 Carthagine

217 878 273 932 in
300 879 520 934 basilica
551 879 788 947 regionis
832 877 1101 932 secundm.
1135 877 1191 932 In
1224 880 1325 932 hoc
1353 880 1581 933 concilio
1612 879 1809 947 placuit

218 977 281 1023 ut
328 985 435 1022 non
481 968 581 1022 sibi
633 985 769 1022 unus
811 970 1096 1038 episcopus
1153 969 1385 1023 vindicet
1423 971 1802 1036 cognitionem.

218 1058 383 1114 Gesta
412 1060 570 1128 hujus
591 1061 802 1115 concilii
827 1061 948 1115 ideo
980 1077 1086 1114 non
1112 1062 1389 1131 descripsi,
1413 1063 1666 1132 quoniam
1690 1079 1808 1133 pro-

219 1151 476 1216 vinciale,
506 1168 614 1206 non
647 1153 946 1208 universale
977 1153 1306 1208 celebratum
1336 1165 1434 1210 est.

593 1264 879 1318 Concilium
909 1275 1090 1319 contra
1117 1264 1440 1320 Donatistas.

292 1367 424 1424 Post
471 1372 808 1426 consulatum
862 1374 1371 1442 gloriosissimorum
1424 1379 1806 1448 imperatorum

219 1460 448 1518 Honorii
475 1480 568 1518 vm
598 1473 655 1518 et
683 1465 968 1521 Theodosii
1000 1483 1055 1521 ιιι
1089 1470 1281 1538 Angg.,
1313 1486 1441 1525 xvm
1490 1473 1592 1525 cal.
1639 1471 1807 1527 Julias

217 1553 547 1625 Carthagine
572 1557 623 1610 in
654 1557 874 1612 basilica
903 1560 1139 1629 regionis
1168 1563 1436 1616 secundm.
1471 1562 1528 1616 In
1561 1565 1663 1618 hoc
1685 1581 1810 1619 con-

215 1644 348 1699 cilio
376 1645 701 1714 legationem
735 1658 1087 1718 susceperunt
1116 1660 1306 1706 contra
1336 1652 1657 1717 Donatistas,
1677 1653 1805 1710 Flo-

1193 268 1411 327 conax
1448 261 1776 328 cxuosuu
1819 232 2525 326 EceLnsrAsrtconcn.

217 388 440 450 propter
465 390 653 434 eorum
684 394 898 433 musam
935 377 1193 445 Evodius,
1224 379 1502 444 Theasius,
1532 388 1586 434 et
1615 379 1796 433 Victor
1830 385 1869 436 Α

3383 277 3488 333 2:8

1971 395 2214 456 agamus,
2243 379 2335 432 sed
2359 380 2530 456 etiam
2574 379 2899 456 dilectionem
2932 381 3108 438 nobis
3151 385 3390 456 inspirat,
3435 400 3490 442 ut

1980 449 2114 517 quod
2139 451 2327 502 scimus
2354 449 2565 519 implere
2588 451 2871 506 valeamus.
2900 482 2904 486 -

1983 557 2138 612 CXII.
2171 557 2301 611 Item
2328 559 2566 627 quisquis
2607 559 2802 615 dixerit
2842 563 3083 619 eamdem
3137 566 3366 634 gratiam
3398 567 3492 621 Dei

1910 664 2008 719 per
2034 648 2215 702 Jcsum
2245 647 2514 703 Christum
2542 650 2826 705 Dominum
2855 664 3098 708 nostrum
3139 666 3359 727 propter
3389 659 3494 714 hoc

1913 751 2118 794 tantum
2161 756 2262 795 nos
2306 740 2560 808 adjuvare
2600 741 2666 795 ad
2717 758 2823 797 non
2851 745 3208 813 peccandum,
3241 748 3364 816 quia
3396 765 3492 818 per

1911 831 2081 901 ipsam
2112 832 2266 885 nobis
2295 832 2583 894 revelatur,
2616 840 2675 885 et
2701 833 2941 902 aperitur
2970 834 3317 903 intelligentia
3340 855 3494 893 man-

1911 920 2183 989 datorum,
2214 930 2273 975 ut
2302 922 2533 976 sciamus
2562 922 2689 990 quid
2727 932 3001 992 appetere,
3033 927 3161 995 quid
3189 928 3362 983 vitare
3399 928 3494 984 de-

1911 1010 2177 1066 beamus:
2213 1028 2318 1065 non
2367 1024 2545 1066 autem
2591 1028 2688 1082 per
2733 1013 2877 1067 illam
2926 1015 3085 1071 nobis
3125 1019 3388 1086 praestari,
3436 1028 3494 1073 nt

1911 1101 2054 1169 quod
2087 1101 2389 1155 faciendum
2431 1103 2844 1168 cognoverimus
2873 1105 3034 1158 etiam
3081 1105 3261 1162 facere
3302 1108 3492 1176 diliga-

1909 1204 2029 1244 mus
2059 1199 2220 1260 atque
2249 1191 2541 1255 valeamus,
2574 1194 2861 1248 anathema
2898 1197 2986 1249 sit.
3017 1195 3150 1251 Cum
3179 1199 3318 1252 enim
3351 1199 3496 1253 dicat

1910 1280 2229 1350 Apostolus,
2264 1281 2500 1336 Scientia
2552 1284 2732 1350 inﬂat,
2781 1286 3015 1341 Charitas
3061 1303 3192 1341 vero
3243 1289 3492 1354 aedificat,

1910 1370 2064 1426 valde
2093 1371 2314 1440 impium
2345 1380 2425 1428 est
2474 1381 2532 1427 ut
2588 1374 2868 1429 credamus
2917 1376 2982 1430 ad
3013 1392 3131 1431 eam
3178 1393 3296 1446 quae
3346 1378 3496 1432 inﬂat

1909 1477 2011 1516 nos
2041 1463 2239 1517 habere
2285 1463 2510 1533 gratiam
2539 1463 2768 1529 Christi,
2813 1464 2882 1518 ad
2923 1481 3042 1520 eam
3099 1483 3218 1536 qua:
3263 1458 3496 1524 aedificat

1911 1568 2017 1607 non
2050 1553 2284 1608 habere:
2320 1570 2442 1609 cum
2483 1555 2552 1608 sit
2580 1564 2869 1623 utrumque
2896 1555 3096 1610 donum
3130 1557 3242 1621 Dei,
3276 1565 3334 1610 et
3358 1558 3496 1612 scire

1909 1643 2036 1712 quid
2084 1642 2264 1698 facere
2313 1645 2623 1708 debeamus,
2675 1653 2729 1698 et
2754 1644 2977 1714 diligere
3009 1656 3068 1700 ut
3112 1647 3388 1712 faciamus,
3440 1655 3496 1701 ut

215 1738 449 1816 rentius,
481 1736 777 1805 Possidius,
809 1739 1112 1810 Pnnsidius,
1136 1751 1190 1797 et
1220 1743 1522 1800 Benenatus
1544 1747 1801 1816 episcopi,
1837 1760 1882 1820 Β
1907 1733 2205 1788 αξᾱὶῦοιιηιο
2234 1735 2497 1789 charitatc
2534 1735 2758 1790 scientia
2797 1751 2904 1788 non
2940 1736 3111 1804 possit
3166 1733 3373 1790 inﬂare.
3412 1735 3497 1791 Si-

217 1845 289 1886 eo
335 1838 585 1900 tempore
629 1846 738 1900 quo
782 1832 872 1886 lex
919 1833 1042 1888 data
1091 1841 1193 1897 est,
1242 1841 1301 1889 ut
1335 1835 1502 1891 libera
1532 1837 1811 1894 voluntate

215 1922 344 1992 quis
369 1923 573 1978 cultum
603 1923 1020 1980 Christianitatis
1049 1927 1349 1997 exciperet.

353 2034 642 2092 Concilium
671 2048 851 2092 contra
874 2037 1109 2092 hwresim
1135 2036 1342 2110 Pelagii
1363 2047 1411 2093 et
1439 2038 1682 2096 Caelestii.

287 2145 470 2201 CVIII.
499 2145 911 2204 Gloriosissimis
939 2147 1356 2219 imperatoribus
1395 2149 1634 2208 Honorio
1658 2169 1731 2209 xu
1754 2161 1810 2208 et

215 2231 530 2293 Theodosio
581 2255 633 2293 rx
686 2239 853 2309 Augg.
895 2256 1098 2305 conss.,
1146 2242 1250 2297 cal.
1289 2242 1457 2299 Maias
1484 2245 1810 2314 Carthagine

213 2327 268 2383 in
298 2330 600 2385 secretario
626 2330 862 2386 basilica:
891 2330 1092 2386 Fausti.
1146 2330 1280 2387 Cum
1308 2334 1560 2390 Aurelius
1601 2337 1811 2406 episco-

209 2435 312 2488 pus
344 2420 636 2476 universali
666 2422 896 2477 concilio
921 2423 1273 2490 consedisset,
1293 2427 1590 2483 astantibus
1619 2426 1807 2483 diaco-

209 2510 313 2573 nis,
346 2509 552 2579 placuit
580 2512 826 2567 omnibus
883 2513 1170 2584 episcopis,
1219 2530 1450 2584 quorum
1500 2518 1721 2572 nomina
1751 2526 1808 2573 et

207 2602 638 2671 subscriptiones
667 2604 850 2659 indita:
873 2614 1018 2673 sunt,
1054 2608 1107 2662 in
1135 2619 1321 2662 sancta
1353 2609 1559 2680 synodo
1587 2608 1808 2666 Cartha-

204 2686 458 2760 ginensis
483 2691 736 2748 Ecclesia:
760 2697 1087 2752 constitutis.

381 2804 536 2869 Quod
563 2807 731 2860 Adam
757 2825 860 2861 non
888 2811 956 2862 sit
987 2812 1154 2880 factus
1182 2827 1213 2863 α
1248 2810 1355 2866 Deo
1381 2815 1637 2868 mortalis.

273 2883 419 2952 CIX.
456 2896 526 2952 Ut
556 2899 865 2968 quicunque
910 2899 1041 2955 dicit
1069 2901 1240 2959 Adam
1272 2903 1501 2973 primum
1532 2905 1806 2960 hominem

203 2996 500 3050 mortalem
529 2994 752 3062 factum,
786 2998 859 3050 ita
889 3006 947 3051 ιιι
975 2999 1090 3053 sive
1117 3007 1373 3069 peccaret
1396 3001 1510 3055 sive
1537 3016 1646 3056 non
1674 3016 1805 3071 pec-

201 3096 379 3153 caret,
424 3097 733 3143 moreretur
761 3089 814 3144 in
859 3105 1113 3161 corpore,
1164 3091 1270 3147 hoc
1317 3100 1417 3157 est,
1462 3092 1532 3148 de
1573 3107 1804 3164 corpore

201 3180 405 3243 exiret,
437 3195 547 3234 non
579 3182 786 3250 peccati
817 3182 1031 3249 merito,
1083 3183 1180 3238 sed
1210 3184 1534 3241 necessitate
1573 3193 1800 3253 naturae,

201 3271 503 3324 anathema
533 3272 622 3326 sit.

203 3387 365 3452 Quod
386 3378 604 3459 parvuli
628 3391 681 3443 in
712 3400 1036 3461 peccatorum
1066 3395 1422 3448 remissionem
1459 3393 1798 3465 baptizentur.

277 3479 399 3535 CX.
428 3481 562 3536 Item
607 3484 828 3552 placuit,
860 3491 918 3538 ut
944 3486 1248 3555 quicunque
1276 3488 1530 3558 parvulos
1557 3497 1804 3544 recentes

199 3571 274 3625 ab
300 3573 476 3626 uteris
510 3581 740 3627 matrum
768 3575 1118 3645 baptizandos
1147 3587 1328 3646 negat,
1359 3587 1453 3632 aut
1481 3579 1608 3633 dicit
1637 3580 1687 3633 in
1718 3595 1803 3634 re-

197 3662 524 3716 missionem
569 3663 783 3732 quidem
827 3673 1176 3735 peccatorum
1225 3681 1320 3722 eos
1363 3667 1656 3738 baptizari,
1705 3669 1803 3724 sed

202 3752 439 3806 nihilex
470 3752 640 3806 Adam
689 3755 906 3810 trahere
935 3755 1211 3824 originalis
1259 3762 1489 3827 peccati,
1529 3760 1675 3830 quod
1723 3760 1800 3816 la-

194 3857 368 3897 vacro
399 3845 832 3910 regenerationis
886 3847 1152 3916 expietur,
1194 3847 1338 3904 unde
1366 3850 1436 3904 sit
1463 3865 1802 3920 consequens

195 3934 340 3987 utin
374 3934 458 3988 eis
504 3935 673 3988 forma
723 3935 1061 4004 baptismatis
1105 3938 1158 3992 in
1201 3939 1576 3995 remissionem
1607 3957 1802 4011 pecca-

195 4035 384 4082 torum
405 4043 517 4081 non
546 4043 698 4095 vera,
728 4027 823 4083 sed
856 4027 987 4084 falsa
1016 4031 1367 4100 intelligatur,
1393 4034 1682 4089 anathema
1705 4035 1796 4090 sit.

192 4117 472 4184 Quoniam
504 4133 609 4171 non
641 4119 798 4174 aliter
846 4118 1250 4189 intelligendum
1282 4131 1365 4177 est
1389 4123 1532 4192 quod
1562 4125 1638 4179 ait
1664 4126 1802 4196 Apo-

191 4211 373 4265 stolus
406 4227 418 4262 :
453 4207 558 4263 Per
611 4225 772 4263 unum
825 4197 1099 4266 hominem
1149 4222 1430 4282 peccatum
1481 4215 1699 4270 intravit
1745 4217 1798 4272 in

194 4301 486 4364 mundum,
532 4307 588 4352 et
630 4315 729 4369 per
769 4309 1056 4370 peccatum
1089 4318 1254 4368 mors,
1309 4313 1363 4357 ct
1393 4304 1465 4357 ita
1509 4307 1560 4358 in
1608 4321 1798 4362 omnes

192 4393 450 4447 homines
480 4391 810 4460 pertransiit,
836 4391 888 4445 in
917 4407 1027 4460 quo
1057 4407 1245 4447 omnes
1271 4403 1669 4463 peccaverunt;
1696 4396 1797 4450 nisi

1911 1832 2003 1879 cut
2028 1833 2208 1879 autem
2249 1824 2314 1879 de
2351 1825 2458 1878 Deo
2481 1825 2739 1894 scriptum
2770 1833 2881 1890 est,
2912 1825 3012 1891 Qui
3035 1826 3197 1880 docet
3224 1826 3496 1880 hominem

1908 1916 2211 1981 scientiam,
2239 1917 2308 1969 ita
2333 1917 2495 1969 etiam
2511 1917 2767 1986 scriptum
2794 1925 2895 1982 est,
2914 1916 3160 1972 Charitas
3177 1933 3242 1971 ex
3259 1917 3370 1973 Deo
3393 1928 3494 1973 est.

1968 2023 2118 2088 Quod
2145 2027 2256 2079 sine
2291 2027 2382 2079 Ιὶεὶ
2413 2028 2583 2097 gratia
2613 2027 2744 2080 nihil
2775 2025 2894 2080 boni
2919 2028 3173 2097 possimus
3204 2028 3436 2097 implere.

1981 2117 2158 2172 CXIII.
2207 2117 2338 2172 Item
2370 2119 2570 2187 placuit
2600 2127 2658 2172 ut
2685 2120 2993 2188 quicunque
3021 2119 3221 2174 dixerit
3248 2120 3372 2176 ideo
3405 2137 3496 2177 no-

1907 2212 1990 2268 bis
2019 2211 2244 2279 gratiam
2273 2209 2678 2278 justiﬂcationis
2707 2211 2844 2278 dari,
2887 2219 2945 2265 ut
2971 2211 3094 2280 quid
3122 2211 3300 2267 facere
3326 2212 3496 2268 libero

1905 2301 2156 2370 iubemur
2184 2301 2428 2366 arbitrio,
2460 2301 2667 2356 facilius
2694 2303 2962 2370 possimus
3003 2302 3224 2371 implere
3253 2319 3350 2372 per
3375 2317 3496 2372 gra-

1911 2395 2059 2458 tiam,
2087 2403 2341 2463 tanquam
2366 2402 2420 2447 et
2446 2394 2491 2448 si
2522 2394 2690 2461 gratia
2719 2409 2826 2448 non
2872 2394 3110 2459 daretur,
3145 2411 3249 2448 non
3279 2395 3494 2464 quidem

1909 2485 2088 2552 facile,
2135 2485 2231 2538 sed
2280 2493 2458 2538 tamen
2504 2485 2770 2555 possimus
2809 2485 2969 2539 etiam
3000 2486 3114 2539 sine
3157 2487 3241 2538 illa
3275 2486 3495 2556 implere

1909 2573 2086 2630 divina
2119 2574 2390 2640 mandata,
2439 2576 2726 2630 anathema
2774 2575 2860 2630 sit.
2916 2575 2992 2630 De
3043 2575 3303 2631 fructibus
3349 2579 3493 2634 enim

1909 2666 2284 2721 mandatorum
2315 2667 2568 2722 Dominus
2601 2669 2934 2738 loquebatur,
2965 2669 3052 2723 ubi
3095 2687 3200 2722 non
3235 2670 3329 2735 ait,
3361 2669 3494 2726 Sine

1909 2771 1996 2811 me
2025 2755 2292 2811 diﬂicilins
2323 2758 2548 2827 potestis
2581 2758 2790 2813 facere:
2825 2759 2916 2813 sed
2947 2760 3044 2825 ait,
3088 2761 3216 2814 Sine
3247 2778 3333 2816 me
3361 2761 3494 2816 nihil

1909 2848 2136 2916 potestis
2160 2847 2358 2902 facere.

1912 2957 2063 3024 Quod
2085 2977 2186 3015 non
2207 2961 2372 3014 solum
2396 2961 2622 3025 Immitis,
2654 2961 2745 3016 sed
2771 2977 2927 3017 verax
2955 2973 3251 3019 sanctorum
3276 2982 3370 3020 ι·οω
3393 2967 3492 3020 ista

1977 3041 2074 3095 est,
2107 3031 2168 3085 Si
2197 3031 2478 3086 dixerimus
2521 3036 2642 3102 quia
2668 3043 2932 3102 peccatum
2962 3050 3065 3088 non
3104 3034 3366 3101 habemus,
3398 3053 3492 3092 nos

1979 3103 2118 3172 ipsos
2142 3102 2452 3156 seducimus.

1979 3191 2159 3247 CXIV.
2208 3191 2342 3246 Item
2391 3192 2632 3262 placuit,
2677 3193 2821 3262 quod
2873 3194 2948 3248 ait
2996 3203 3214 3250 sanctus
3258 3195 3494 3254 Joannes

1907 3285 2184 3356 apostolus
2221 3283 2320 3339 :Si
2355 3284 2650 3340 dixerimus
2689 3287 2812 3354 quia
2864 3296 3143 3356 peccatum
3189 3305 3296 3343 non
3327 3290 3493 3346 habe-

1906 3393 2045 3442 mus,
2073 3393 2172 3432 nos
2194 3377 2340 3447 ipsos
2359 3377 2674 3446 decipimus,
2699 3387 2753 3432 et
2774 3379 2973 3434 veritas
2999 3381 3048 3434 in
3073 3381 3226 3434 nobis
3253 3397 3361 3435 non
3387 3393 3492 3447 est,

1905 3465 2149 3536 quisquis
2181 3467 2257 3520 sic
2283 3466 2651 3535 accipiendum
2683 3468 2967 3535 putaverit,
2997 3477 3053 3522 ut
3080 3469 3240 3534 dicat,
3270 3479 3492 3540 propter

1904 3557 2263 3612 humilitatem
2325 3567 2583 3628 oportere
2633 3558 2736 3612 dici
2783 3574 2883 3612 nos
2913 3575 3018 3612 non
3065 3559 3263 3615 habere
3292 3577 3492 3630 pecca-

1905 3655 2038 3713 tum,
2073 3663 2178 3702 non
2228 3647 2353 3716 quia
2384 3661 2511 3701 vere
2541 3647 2613 3700 ita
2643 3655 2745 3711 est,
2779 3649 3065 3702 anathema
3106 3649 3196 3704 sit.
3237 3650 3492 3720 Sequitur

1906 3739 2051 3794 enim
2079 3737 2357 3808 apostolus
2377 3777 2392 3802 ,
2427 3744 2484 3791 et
2509 3736 2750 3806 adjungit
2783 3755 2794 3788 :
2820 3738 2878 3791 Si
2900 3747 3080 3793 autem
3112 3739 3343 3805 confessi
3372 3739 3491 3796 fue-

1901 3831 2068 3886 rimus
2108 3839 2326 3901 peccata
2369 3837 2576 3894 nostra,
2610 3827 2776 3884 Ildelis
2829 3837 2912 3884 cst
2959 3829 3239 3898 etjustus,
3277 3832 3368 3900 qui
3399 3846 3486 3886 re-

1901 3921 2082 3974 mittat
2105 3921 2262 3976 nobis
2287 3927 2531 3990 peccata,
2561 3928 2615 3974 et
2643 3918 2865 3975 mundet
2896 3937 2996 3974 nos
3023 3923 3090 3976 ab
3117 3923 3261 3976 omni
3290 3922 3478 3990 iniqui-

1901 4020 2032 4067 tate.
2075 4009 2176 4066 Ubi
2230 4011 2360 4067 satis
2389 4019 2613 4081 apparet
2653 4011 2756 4066 hoc
2799 4027 2906 4066 non
2952 4022 3156 4067 tantum
3187 4013 3483 4080 humiliter,

1900 4103 1995 4160 sed
2024 4104 2187 4160 etiam
2212 4103 2481 4158 veraciter
2505 4103 2627 4158 dici.
2676 4101 2897 4159 Poterat
2923 4106 3065 4159 enim
3090 4105 3381 4175 Apostolus
3408 4107 3492 4161 di-

1899 4211 2024 4252 cere
2069 4195 2172 4251 :Si
2217 4195 2536 4260 dixerimus,
2570 4211 2678 4250 non
2725 4195 2986 4252 habemus
3029 4181 3346 4267 peccatum,
3389 4214 3490 4253 nos

1902 4288 2048 4356 ipsos
2074 4286 2405 4353 extollimus,
2434 4293 2489 4340 et
2519 4282 2793 4341 humilitas
2821 4286 2874 4340 in
2906 4287 3058 4341 nobis
3087 4305 3194 4342 non
3232 4296 3314 4342 est
3347 4306 3359 4340 :
3391 4289 3487 4344 sed

1899 4393 2022 4432 cum
2049 4377 2142 4440 ait,
2175 4391 2274 4429 nos
2296 4375 2440 4444 ipsos
2467 4373 2784 4446 decipimus,
2813 4383 2868 4430 et
2885 4376 3086 4429 veritas
3116 4375 3167 4429 in
3197 4376 3349 4429 nobis
3379 4392 3485 4430 non

192 4481 656 4554 quemadmodum
730 4480 967 4536 Ecclesia
1024 4483 1292 4537 catholica
1349 4484 1546 4552 ubique
1604 4484 1793 4539 diffusa
1825 4522 1871 4580 υ
1900 4477 2021 4534 εει,
2059 4468 2190 4580 falis
2239 4466 2473 4522 Ostendit
2527 4483 2648 4580 eIum
2690 4467 2780 4567 qui
2824 4467 3106 4580 discit-itﬁsc
3145 4484 3251 4521 non
3285 4468 3488 4524 habere

191 4591 415 4645 semper
458 4573 742 4628 intellexit.
774 4570 1004 4643 Propter
1043 4573 1182 4628 hanc
1228 4575 1371 4629 enim
1402 4576 1640 4643 regulam
1672 4573 1794 4630 fidei

191 4669 361 4721 etiam
393 4664 626 4735 parvuli,
657 4664 747 4734 qui
778 4665 911 4718 nihil
938 4674 1282 4734 peccatorum
1307 4665 1358 4720 in
1389 4667 1596 4736 seipsos
1621 4667 1795 4722 adhuc

192 4756 545 4812 committere
571 4763 881 4824 potuerunt,
913 4755 1035 4810 ideo
1065 4755 1116 4809 in
1148 4763 1493 4824 peccatorum
1518 4757 1794 4812 remissio-

193 4867 318 4904 nem
354 4848 626 4903 veraciter
652 4847 1016 4916 haptizantur,
1050 4856 1111 4902 ut
1155 4848 1207 4902 in
1251 4849 1329 4902 eis
1382 4850 1792 4917 regeneratione

193 4941 507 5004 mundetur,
537 4937 680 5009 quod
709 4939 1058 5007 generatione
1089 4947 1390 4994 traxerunt.

194 5056 351 5124 Quod
390 5057 566 5127 gratia
595 5054 689 5127 Dei
725 5073 826 5109 non
857 5057 1024 5110 solum
1067 5058 1418 5127 remissionem
1462 5058 1640 5110 tribuit
1667 5074 1788 5126 pec-

263 5124 535 5192 catorum,
575 5126 666 5180 sed
714 5128 868 5180 etiam
913 5136 1125 5198 prccstat
1174 5124 1514 5198 adjutorium,
1567 5143 1630 5180 ne
1667 5124 1790 5197 pec-

267 5210 433 5252 (C(Ilf.

231 5288 405 5360 _CXI.
437 5289 570 5344 Item
619 5288 820 5358 placuit
867 5297 924 5342 ut
975 5289 1284 5359 quicunque
1319 5287 1514 5342 dixerit
1557 5287 1784 5356 gratiam

191 5381 310 5445 Dei,
355 5395 465 5451 qua
501 5378 826 5448 justificatur
851 5379 1014 5434 homo
1046 5393 1140 5449 per
1165 5377 1346 5434 Jcsum
1373 5376 1644 5432 Christum
1675 5376 1784 5432 Do-

195 5473 403 5527 minum
436 5479 701 5537 nostrum,
731 5469 798 5524 ad
826 5470 998 5525 solam
1035 5470 1408 5527 remissionem
1440 5476 1786 5538 peccatorum

189 5563 400 5626 valere,
431 5575 550 5629 qum
577 5559 684 5627 jam
717 5560 1001 5615 commissa
1031 5570 1174 5630 sunt,
1207 5580 1312 5620 non
1345 5563 1510 5618 etiam
1541 5559 1609 5613 ad
1636 5558 1786 5629 adju-

195 5655 397 5708 torium
425 5662 485 5705 ut
512 5667 618 5707 non
641 5651 1068 5717 committantur,
1099 5656 1385 5715 anathema
1409 5651 1499 5709 sit.

203 5765 353 5832 Quod
395 5766 567 5836 gratia
605 5763 791 5820 Christi
823 5781 920 5820 non
952 5763 1108 5826 solum
1149 5774 1420 5837 scientiam
1454 5761 1637 5820 trtbuit
1668 5763 1788 5831 quid

1899 4568 2176 4632 peccatum
2209 4574 2314 4612 non
2345 4572 2528 4611 verum
2560 4557 2727 4625 loqui,
2759 4556 2854 4611 sed
2887 4557 3099 4611 falsum.

1967 4668 2117 4736 Quod
2152 4673 2206 4725 in
2257 4671 2493 4725 oratione
2525 4669 2801 4722 Dominica
2827 4670 2996 4722 sancti
3021 4685 3113 4738 pro
3143 4685 3198 4722 se
3227 4669 3426 4737 dicant,

2294 4741 2508 4795 Dimitte
2538 4739 2684 4795 nobis
2713 4740 2884 4793 debita
2903 4749 3106 4794 nostra.

1969 4838 2130 4893 CXV.
2161 4837 2292 4894 Item
2332 4836 2534 4906 placuit
2598 4844 2654 4890 ιιι
2707 4835 3016 4906 quicunque
3044 4835 3243 4891 dixerit
3279 4835 3330 4890 in
3363 4850 3478 4890 ora-

1897 4931 2047 4986 tione
2077 4933 2346 4989 Dominica
2377 4932 2498 4988 ideo
2527 4932 2708 4988 dicere
2754 4939 2972 4987 sanctos
2996 4973 3011 4996 ,
3064 4931 3283 4984 Dimitte
3331 4929 3486 4984 nobis

1899 5023 2080 5076 debita
2111 5033 2314 5089 nostra,
2345 5032 2403 5079 ut
2432 5041 2542 5080 non
2573 5040 2673 5095 pro
2727 5023 2924 5094 seipsis,
2963 5023 3067 5078 hoc
3096 5022 3309 5088 dicant,
3358 5023 3484 5092 quia

1901 5129 2009 5167 non
2031 5122 2112 5168 est
2137 5115 2217 5169 eis
2240 5114 2351 5184 jam
2382 5115 2688 5172 necessaria
2720 5114 2817 5169 ista
2842 5114 3053 5183 petitio,
3085 5114 3178 5168 sed
3209 5130 3309 5184 pro
3339 5113 3480 5173 aliis,

1901 5203 1990 5274 qui
2015 5213 2140 5259 sunt
2168 5206 2219 5260 in
2239 5222 2339 5261 suo
2364 5207 2562 5279 popqu
2584 5215 2918 5277 peccatores,
2943 5215 2998 5261 et
3022 5206 3142 5261 ideo
3167 5222 3271 5261 non
3301 5204 3484 5261 dicere

1901 5312 2335 5367 unumquemque
2363 5308 2698 5365 sanctorum,
2725 5296 2941 5352 Dimitte
2975 5298 3103 5352 mihi
3130 5297 3482 5363 debitaqnea,

1893 5387 2264 5455 sed,_Dimitte
2293 5389 2447 5444 nobis
2473 5389 2654 5444 debita
2676 5397 2880 5452 nostra,
2908 5397 2967 5442 ut
2989 5389 3090 5442 hoc
3115 5403 3213 5458 pro
3242 5387 3360 5440 aliis
3392 5400 3482 5453 po-

1894 5481 2001 5535 tius
2026 5495 2188 5549 quam
2210 5496 2307 5552 pro
2329 5497 2388 5536 se
2412 5481 2588 5551 justus
2613 5487 2799 5550 petere
2823 5478 3168 5545 intelligatur,
3194 5475 3478 5530 anathema

1893 5572 1984 5627 sit.
2017 5571 2245 5630 Sanctus
2276 5575 2418 5630 enim
2449 5583 2504 5630 et
2541 5573 2719 5642 justus
2764 5580 2882 5628 erat
2920 5569 3196 5641 apostolus
3221 5567 3477 5632 Jacohus,

1900 5679 2022 5719 cum
2071 5663 2285 5720 dicebat
2322 5684 2334 5718 :
2383 5665 2440 5720 In
2483 5664 2664 5720 multis
2717 5664 2858 5718 enim
2901 5659 3219 5716 offendimus
3266 5675 3529 5716 ρωπος.-

1899 5757 2033 5816 Nam
2064 5773 2234 5830 quare
2280 5757 2516 5815 additum
2544 5761 2646 5820 est,
2679 5768 2888 5824 omnes,
2921 5749 3019 5808 nisi
3046 5758 3104 5808 ut
3133 5750 3234 5810 ista
3263 5759 3477 5810 sentem
