3988 6344
519 347 622 403 219

1763 343 2117 401 DIONYSIUS
2153 342 2469 400 EXIGUUS.
3651 349 3736 404 29.0

518 460 591 513 tia
615 457 926 515 conveniret
953 466 1009 514 et
1038 457 1278 529 psalmo,
1322 457 1413 512 ubi
1442 456 1637 527 legitur
1671 474 1683 512 :
1714 456 1791 512 Ne
1834 458 2003 513 intres
2037 459 2088 511 in
2123 460 2173 519 Α
2196 471 2365 525 scopo
2379 455 2685 525 deputetur.
2710 454 2769 511 Si
2795 463 2977 512 autem
3006 456 3077 511 ita
3100 454 3325 525 plurima
3354 455 3473 512 loca
3499 457 3738 516 inveniun-

514 548 715 616 judicio
744 564 866 602 cum
894 563 1052 603 servo
1101 556 1193 602 tuo
1215 587 1231 613 ,
1274 548 1531 616 quoniam
1577 564 1683 603 non
1710 548 2089 618 justiticahitur

518 653 574 691 tn
619 644 912 705 conspectu
941 645 1033 690 tuo
1075 637 1250 691 omnis
1280 636 1465 691 vivens
1494 654 1509 693 :
1541 644 1598 691 et
1638 638 1690 691 in
1720 638 1963 692 oratione
2003 652 2092 690 sa-

518 727 838 796 pientissimi
867 726 1169 782 Salomonis
1194 745 1207 780 :
1240 726 1356 783 Non
1402 736 1485 783 est
1514 728 1676 783 homo
1715 728 1806 797 qui
1830 743 1935 782 non
1965 742 2096 797 pec-

518 817 687 882 cavit;
714 825 769 872 et
799 817 851 871 in
879 816 1016 871 libro
1048 816 1219 872 sancti
1259 816 1359 872 Job
1385 834 1397 870 :
1430 816 1489 870 In
1514 832 1676 872 manu
1717 818 1891 872 omnis
1916 816 2093 871 homi-

520 908 604 962 nis
631 907 827 977 signat,
857 916 915 962 ut
944 909 1081 962 sciat
1115 909 1290 963 omnis
1318 909 1481 962 homo
1523 906 1888 962 inﬁrmitatem
1918 923 2091 962 suam.

525 995 678 1051 Unde
713 998 873 1052 etiam
918 998 1105 1053 Daniel
1147 1005 1365 1054 sanctus
1405 1007 1459 1053 et
1493 998 1692 1067 justus,
1715 1014 1837 1055 cum
1877 999 1931 1052 in
1971 1013 2095 1052 ora-

522 1088 669 1140 tione
716 1085 991 1156 pluraliter
1034 1087 1281 1142 diceret:
1327 1086 1706 1150 Peccavimus,
1758 1087 2095 1156 iniquitatem

521 1177 764 1244 fecimus,
796 1186 852 1233 et
879 1186 1099 1243 caetera,
1148 1194 1269 1246 quae
1308 1178 1382 1232 ibi
1428 1178 1692 1233 veraciter
1738 1184 1796 1232 et
1823 1177 2096 1231 humiliter

521 1269 806 1325 conﬁtetur
852 1287 863 1322 :
905 1285 973 1324 ne
1016 1277 1332 1339 putaretur,
1381 1266 1833 1338 quemadmodum
1879 1266 2093 1335 quidam

520 1358 781 1424 sentiunt,
828 1359 933 1414 hoc
960 1376 1066 1413 non
1096 1359 1163 1413 dc
1190 1359 1318 1423 suis,
1363 1358 1457 1415 sed
1488 1358 1555 1413 de
1584 1358 1765 1427 pepuli
1805 1357 1887 1412 sui
1916 1356 2094 1427 potius

521 1447 722 1502 dixisse
751 1450 1002 1518 peccatis,
1040 1456 1227 1518 postea
1254 1449 1389 1503 dixit
1418 1467 1429 1500 :
1462 1446 1595 1502 Cum
1625 1462 1857 1512 orarem,
1888 1454 1943 1501 et
1964 1461 2095 1501 con-

524 1536 705 1592 ﬁterer
731 1547 953 1607 peccata
984 1553 1125 1604 mea,
1171 1547 1225 1592 et
1254 1546 1474 1608 peccata
1505 1538 1686 1608 populi
1730 1537 1835 1590 mei
1865 1536 2093 1592 Domino

524 1628 637 1684 Deo
667 1644 807 1694 meo,
840 1630 1010 1685 noluit
1042 1630 1225 1685 dicere
1265 1638 1487 1701 peccata
1518 1638 1719 1693 nostra,
1749 1627 1845 1684 sed
1874 1635 2094 1698 peccata

527 1720 708 1790 populi
736 1721 819 1775 sui
847 1721 997 1787 dixit,
1030 1731 1086 1777 et
1110 1738 1207 1778 sua
1246 1740 1259 1775 :
1303 1722 1555 1792 quoniam
1583 1721 1789 1776 futuros
1821 1721 1970 1786 istos,
2002 1720 2094 1789 qui

2200 554 2304 610 tur,
2340 546 2389 599 in
2418 546 2610 614 quibus
2642 546 2811 601 ambae
2839 557 3020 615 partes
3056 547 3304 613 fuerunt,
3340 554 3397 601 ut
3438 564 3542 603 non
3562 553 3738 620 possint

2197 636 2475 703 aequaliter
2522 636 2724 700 dividi,
2770 637 2918 693 velut
2964 637 3009 691 si
3041 637 3229 706 impari
3277 653 3502 693 numero
3543 639 3734 707 fuerint,

2197 726 2493 781 distributis
2534 727 2613 781 eis
2668 726 2799 782 locis
2861 726 2953 794 qui
2982 741 3164 795 parem
3211 726 3411 781 habent
3454 744 3737 801 numerum,

2197 817 2503 886 quicunque
2544 817 2695 872 locus
2738 807 3094 882 remanserit,
3142 816 3246 872 hoc
3288 816 3342 871 in
3390 833 3456 873 eo
3497 829 3735 885 servetur,

2196 906 2339 975 quod
2369 906 2614 977 superius
2659 907 2863 961 dictum
2893 914 3007 972 est,
3056 922 3179 962 cum
3206 906 3274 961 de
3316 923 3425 963 uno
3458 918 3739 967 tractaretur

2198 996 2338 1051 loco.

2234 1107 2302 1163 Ut
2342 1108 2386 1161 si
2417 1125 2567 1189 quam
2591 1109 2853 1190 .diaecesint
2890 1110 3155 1190 episcopus
3192 1109 3254 1162 ab
3287 1111 3473 1165 lueresi
3501 1111 3704 1169 liberans

2412 1179 2637 1232 triennio
2666 1179 2968 1248 possederit,
2999 1180 3169 1231 nullus
3197 1196 3311 1232 eam
3344 1190 3557 1248 repetat.

2268 1266 2450 1322 CXIX.
2502 1266 2632 1322 Item
2680 1266 2881 1336 placuit
2937 1276 3012 1332 ut,
3064 1268 3276 1323 etiamsi
3314 1270 3588 1339 quisquam
3639 1283 3745 1343 post

2197 1355 2342 1425 leges
2389 1356 2626 1426 aliquem
2663 1356 2843 1411 locum
2876 1356 2946 1410 ad
2990 1358 3313 1414 catholicam
3359 1362 3609 1415 unitatem
3631 1380 3745 1418 con-

2196 1447 2434 1511 verterit,
2494 1448 2539 1501 si
2561 1463 2684 1502 eum
2714 1462 2810 1518 per
2838 1447 3126 1503 triennium
3151 1450 3367 1505 nemine
3387 1462 3651 1520 repetente
3671 1470 3746 1506 re-

2199 1541 2372 1606 tinuit,
2407 1542 2627 1598 ulterius
2664 1542 2733 1597 ab
2772 1557 2838 1598 eo
2866 1558 2973 1599 non
3022 1552 3322 1614 repetatur.
3372 1546 3429 1601 Si
3458 1557 3626 1603 tanien
3665 1565 3748 1619 per

2198 1631 2370 1703 ipsum
2400 1633 2691 1688 triennium
2718 1633 2819 1688 fuit
2843 1635 3129 1705 episcopus
3157 1637 3248 1705 qui
3302 1648 3488 1708 posset
3526 1651 3749 1709 repetere

2197 1730 2252 1777 et
2282 1723 2482 1788 tacuit,
2516 1724 2882 1794 przejudicium
2912 1725 3147 1795 patietur
3177 1744 3190 1779 :
3221 1727 3267 1782 si
3309 1736 3487 1784 autem
3517 1746 3615 1785 non
3640 1732 3747 1799 fuit,

526 1817 648 1884 tam
674 1810 814 1865 male
860 1810 1254 1881 intelligerent,
1305 1819 1559 1880 tanquam
1600 1809 1869 1880 Propheta
1893 1850 1909 1876 ,
1952 1825 2092 1880 ρεπε-
2125 1827 2172 1888 Β
2200 1828 2306 1867 non
2336 1813 2722 1883 prmjudicetur
2750 1816 2979 1881 matrici,
3025 1816 3117 1871 sed
3147 1817 3331 1886 liceat,
3361 1835 3481 1874 cum
3509 1820 3647 1877 locus
3669 1839 3749 1879 ac-

522 1900 673 1953 vidit.

525 2010 676 2078 Quod
706 2015 954 2070 veraciter
980 2034 1012 2070 a
1042 2018 1234 2071 sanctis
1263 2017 1486 2081 dicatur,
1510 2016 1721 2072 Dimitte
1749 2016 1895 2072 nobis
1924 2016 2095 2071 debita

1206 2097 1404 2143 nostra.

592 2176 777 2231 CXVI.
807 2176 937 2233 Item
984 2179 1187 2249 placuit
1218 2187 1277 2234 ut
1305 2180 1609 2250 quicunque
1652 2180 1766 2250 ipsa
1808 2180 1969 2234 verba
1990 2182 2099 2236 Do-

522 2268 734 2322 minica:
775 2269 1051 2334 orationis,
1086 2270 1176 2324 ubi
1201 2269 1448 2334 dicimus,
1490 2270 1709 2325 Dimitte
1737 2269 1891 2325 nobis
1915 2269 2095 2325 debita

522 2368 729 2426 nostra,
778 2360 851 2414 ita
881 2362 1068 2416 volunt
1108 2377 1139 2417 a
1167 2363 1368 2417 sanctis
1397 2363 1523 2439 dici,
1574 2372 1635 2417 ut
1664 2363 1955 2429 humiliter,
1986 2378 2094 2417 non

524 2451 783 2505 veraciter
806 2451 910 2505 hoc
937 2452 1166 2518 dicatur,
1195 2454 1480 2508 anathema
1508 2453 1596 2508 sit.
1628 2451 1759 2519 Quis
1787 2453 1929 2507 enim
1957 2451 2097 2506 ferat

523 2549 790 2609 orantem,
828 2552 883 2597 et
923 2559 1029 2597 non
1060 2544 1383 2610 hominibus,
1424 2545 1520 2599 sed
1548 2546 1652 2615 ipsi
1690 2545 1917 2600 Domino
1945 2560 2096 2600 men-

523 2630 768 2697 tientem,
798 2633 888 2700 qui
916 2633 1072 2687 labiis
1101 2634 1199 2688 sibi
1240 2634 1373 2689 dicit
1400 2635 1594 2689 dimitti
1624 2636 1765 2691 velle
1788 2678 1803 2704 ,
1849 2643 1902 2690 et
1934 2636 2095 2692 corde

521 2720 673 2786 dicit,
701 2736 820 2790 qua:
848 2722 946 2778 sibi
976 2723 1332 2789 dimittantur,
1363 2724 1541 2779 debita
1570 2740 1676 2780 non
1706 2725 1937 2780 habere?

811 2831 890 2887 De
914 2831 1141 2903 plebibus
1162 2835 1416 2888 conversis
1443 2851 1475 2887 a
1506 2834 1809 2888 Donatistis.

591 2920 791 2976 CXVII.
822 2923 952 2977 Item
999 2924 1233 2993 placuit,
1278 2925 1532 2994 quoniam
1572 2924 1789 2994 quidem
1832 2933 1957 2980 ante
1992 2924 2093 2981 ali-

522 3022 655 3082 quot
685 3029 852 3068 annos
876 3015 928 3069 in
960 3013 1194 3069 Ecclesia
1225 3014 1469 3084 plenario
1492 3015 1722 3070 concilio
1743 3015 2093 3070 constitutum

523 3112 694 3158 estut
735 3119 1066 3175 quaecunque
1114 3104 1368 3160 Ecclesia:
1408 3105 1460 3159 in
1500 3105 1724 3160 ditecesi
1763 3106 2090 3174 constitutae,

2198 1906 2402 1975 ceperit
2429 1906 2741 1977 episcopum
2761 1908 2853 1977 qui
2882 1923 2989 1962 non
3012 1906 3359 1987 habebat,“
3381 1912 3499 1981 ipso
3526 1912 3605 1968 die
3625 1915 3752 1971 intra

2198 1996 2485 2050 triennium
2530 2004 2797 2065 repetere.
2831 1996 3071 2066 Itemque
3096 1998 3141 2053 si
3183 1997 3346 2053 fuerit
3380 2001 3658 2070 episcopus
3692 2005 3753 2057 ad

2197 2084 2519 2139 catholicam
2551 2100 2619 2139 ex
2659 2086 2854 2140 Donati
2884 2095 3036 2155 parte
3064 2102 3374 2155 conversus,
3427 2105 3531 2144 non
3561 2091 3609 2145 ei
3632 2107 3755 2161 pra:-

2189 2175 2395 2245 judicet
2440 2176 2759 2249 pneﬁnitum
2810 2187 3058 2248 tempus;
3113 2179 3207 2234 sed
3254 2195 3319 2235 ex
3365 2196 3471 2250 quo
3500 2182 3582 2238 die
3631 2198 3755 2238 con-

2194 2286 2383 2326 versus
2410 2280 2529 2337 est,
2581 2271 2778 2327 haheat
2827 2288 2923 2343 per
2954 2274 3241 2328 triennium
3267 2284 3585 2345 potestatem
3621 2295 3759 2350 repe-

2197 2360 2340 2415 tendi
2368 2362 2488 2416 loca
2516 2378 2638 2432 quae
2687 2362 2754 2417 ad
2783 2363 2951 2433 ipsam
2992 2365 3333 2435 pertinebant
3362 2369 3690 2425 cathedram.

2196 2471 2272 2526 De
2297 2473 2375 2527 Itis
2403 2474 2491 2545 qui
2528 2476 2578 2527 in
2594 2475 2794 2549 plebes,
2823 2493 2951 2549 quas
2992 2478 3061 2531 ad
3090 2495 3144 2532 se
3173 2488 3355 2548 putant
3380 2482 3647 2549 pertinere,
3678 2486 3752 2540 in-

2372 2546 2632 2599 conuentis
2662 2546 2739 2599 his
2777 2563 2808 2599 α
2834 2547 3016 2617 quibus
3049 2546 3310 2615 tenentur,
3348 2546 3609 2605 irruerint.

2262 2632 2421 2688 CXX.
2446 2635 2579 2690 Item
2610 2636 2831 2706 placuit,
2863 2644 2922 2691 ut
2966 2638 3270 2708 quicunque
3299 2641 3557 2711 episcopi,
3584 2642 3761 2712 plebes

2194 2736 2327 2791 quas
2355 2724 2423 2777 ad
2449 2738 2599 2778 suam
2630 2725 2931 2780 cathedram
2954 2727 3219 2782 mstimant
3239 2730 3523 2798 pertinere,
3554 2746 3662 2786 non
3695 2733 3764 2789 ita

2192 2823 2443 2884 repetunt
2464 2822 2521 2869 ut
2543 2830 2732 2871 causas
2753 2832 2876 2872 suas
2901 2817 3167 2887 episc0pis
3194 2818 3556 2885 judicantibus
3587 2832 3764 2890 agant,

2194 2905 2287 2959 sed
2316 2905 2422 2959 alio
2452 2905 2719 2962 retinente
2746 2907 3016 2974 irruerint,
3050 2910 3163 2964 sive
3192 2910 3509 2976 volentibus,
3538 2912 3652 2967 sive
3665 2906 3769 2968 'no-

2196 2998 2425 3054 lentibus
2451 2999 2712 3069 plebibus,
2744 3016 2918 3056 causa:
2938 3017 3048 3056 suae
3076 3002 3451 3057 detrimentum
3479 3006 3768 3073 patiantur.

2196 3085 2263 3140 Et
2291 3088 2595 3160 quicunque
2618 3092 2729 3160 jam
2762 3092 2865 3147 hoc
2891 3091 3151 3159 fecerunt,
3186 3094 3229 3148 si
3260 3094 3495 3149 nondum
3524 3105 3607 3150 est
3637 3098 3772 3151 inter

524 3205 647 3251 ante
679 3198 822 3265 leges
851 3199 917 3254 de
947 3200 1235 3256 Donatistis
1263 3202 1429 3267 latas,
1472 3202 1751 3257 catholica:
1780 3199 1918 3257 facta
1947 3209 2094 3269 sunt,

2201 3179 2487 3251 episcopos
2526 3180 2672 3236 ﬁnita
2711 3183 3008 3249 contentio,
3056 3183 3147 3239 sed
3178 3184 3354 3239 adhuc
3384 3185 3506 3240 inde
3546 3197 3776 3242 conten-

524 3288 590 3339 ad
620 3303 713 3342 eas
739 3291 1019 3345 cathedras
1047 3293 1368 3360 pertineant,
1401 3307 1499 3361 per
1539 3308 1767 3362 quarum
1812 3293 2096 3362 episcopos

524 3377 724 3433 factum
774 3388 858 3434 est
902 3388 960 3434 ut
1006 3382 1283 3437 catholica:
1333 3383 1524 3437 unitati
1572 3382 2029 3437 communicarent
2079 3400 2092 3436 :

526 3479 650 3538 post
695 3472 840 3540 leges
887 3481 1064 3527 autem
1088 3512 1104 3537 ,
1158 3489 1492 3543 quzccunque
1519 3474 2093 3539 communicaverunt,

524 3561 653 3617 illuc
695 3565 1000 3632 pertineant
1044 3582 1153 3636 quo
1219 3567 1599 3636 pertinebant,
1654 3583 1775 3622 cum
1821 3575 2002 3622 essent
2043 3568 2097 3622 in

525 3664 677 3725 parte
724 3656 933 3712 Donati.
983 3656 1088 3713 Sed
1119 3660 1242 3729 quia
1272 3660 1454 3714 multa:
1495 3659 1872 3714 controversi-.1:
1908 3668 2097 3729 postea

526 3746 666 3800 inter
688 3750 969 3819 episcopos
998 3744 1087 3805 de'
1110 3752 1427 3808 dimcesibns
1457 3760 1589 3806 orla:
1634 3761 1794 3815 sunt,
1832 3759 1886 3805 et
1916 3753 2098 3805 oriun-

527 3843 634 3901 tur,
684 3839 874 3908 quibus
903 3848 1029 3894 tunc
1072 3842 1247 3896 minus
1291 3842 1499 3896 videtur
1544 3857 1663 3896 esse
1713 3850 2094 3910 prospectum,

527 3946 669 3985 nunc
699 3933 803 3986 isto
843 3934 1073 3988 concilio
1107 3942 1291 3988 sancto
1342 3932 1537 4001 placuit
1593 3942 1650 3985 ut
1699 3933 2002 4000 ubicunque
2045 3941 2101 3987 et

523 4021 789 4075 catholica
819 4023 942 4088 fuit,
974 4030 1027 4076 et
1068 4039 1190 4091 pars
1220 4023 1433 4089 Donati,
1468 4032 1522 4077 ct
1546 4023 1611 4076 ad
1644 4023 1882 4077 diversas
1910 4025 2097 4080 cathe-

520 4109 649 4164 dras
698 4111 1068 4179 pertinebant,
1116 4125 1437 4179 quocunque
1488 4119 1728 4179 tempore
1778 4110 1884 4163 illic
1922 4112 2097 4166 unitas

523 4196 666 4251 facta
698 4206 778 4252 est
809 4198 894 4253 vel
934 4197 1072 4252 facta
1120 4198 1298 4263 fuerit,
1333 4199 1446 4254 sive
1472 4207 1595 4253 ante
1625 4199 1798 4267 leges,
1829 4199 1941 4253 sive
1976 4208 2099 4269 post

524 4300 690 4355 seges,
715 4288 781 4342 ad
823 4305 939 4343 eam
967 4290 1276 4369 cathedram
1303 4292 1608 4360 pertineant
1632 4290 1698 4345 ad
1728 4306 1887 4359 quam
1909 4294 2099 4349 catho-

524 4381 627 4437 lica
653 4398 772 4452 qua:
799 4382 910 4451 jam
945 4384 1015 4439 ibi
1049 4384 1222 4439 fuerat
1251 4385 1576 4455 pertinebat.

524 4491 605 4547 De
640 4493 935 4569 dioecesibus
966 4512 982 4569 ς
1013 4497 1234 4567 qualiter
1254 4514 1341 4551 eas
1368 4496 1599 4569 dividant
1626 4498 1760 4551 inter
1788 4515 1843 4553 se
1869 4501 2095 4569 episcopi

2197 3270 2369 3338 dunt,
2402 3272 2493 3327 ille
2542 3272 2667 3327 inde
2709 3272 2984 3339 discedat,
3035 3288 3194 3342 quem
3225 3275 3526 3329 constiterit
3553 3285 3780 3344 praeter-

2201 3362 2378 3417 missis
2403 3362 2620 3431 judiciis
2658 3363 3036 3419 ecclesiasticis
3078 3364 3315 3420 irruisse.
3350 3364 3458 3419 Nec
3499 3367 3600 3420 sibi
3629 3369 3780 3436 quis-

2197 3469 2302 3522 que
2328 3454 2652 3517 blandiatur,
2677 3456 2722 3511 si
2751 3472 2782 3510 a
2804 3456 3049 3528 primate,
3083 3466 3141 3510 ut
3171 3458 3418 3524 retineat,
3447 3458 3657 3513 litteras
3688 3459 3784 3513 im-

2198 3547 2423 3615 petrarit
2448 3588 2463 3613 ,
2513 3548 2608 3602 sed
2635 3550 2747 3603 sive
2773 3550 2969 3604 habeat
2998 3550 3225 3616 litteras,
3276 3552 3387 3606 sive
3416 3567 3524 3606 non
3554 3552 3784 3618 habeat,

2199 3636 2485 3689 conveniat
2513 3650 2635 3691 eum
2667 3636 2757 3705 qui
2796 3646 2962 3703 tenet,
2995 3650 3050 3692 ct
3075 3638 3191 3706 ejus
3219 3641 3423 3694 litteras
3447 3641 3707 3711 accipiat,
3733 3653 3789 3699 ut

2199 3741 2321 3780 eum
2351 3739 2610 3797 appareat
2639 3728 2864 3797 paciﬁce
2895 3730 3127 3785 tenuisse
3153 3728 3449 3785 Ecclesiam
3479 3732 3545 3785 ad
3571 3748 3635 3786 se
3661 3749 3789 3802 per-

2201 3816 2478 3870 tinentem.
2523 3817 2576 3872 Si
2613 3828 2791 3873 autem
2822 3820 3053 3890 aliquam
3096 3823 3446 3889 quaestionem
3494 3825 3789 3890 retulerit,

2200 3920 2299 3974 per
2327 3907 2613 3976 episcopos
2635 3908 2841 3977 jndices
2888 3924 3047 3963 causa
3099 3910 3313 3965 finiatur
3345 3930 3357 3963 :
3399 3913 3512 3966 sive
3541 3927 3687 3981 quos
3714 3916 3796 3969 eis

2199 3999 2455 4067 primates
2501 3999 2791 4065 dederint,
2840 4000 2952 4055 sive
2993 4016 3128 4069 quos
3173 4002 3272 4071 ipsi
3303 4002 3510 4057 vicinos
3552 4018 3621 4058 ex
3656 4020 3795 4059 con«

2199 4104 2360 4143 sensu
2389 4090 2666 4157 elegerint.

2341 4180 2419 4234 De
2448 4182 2525 4235 Itis
2546 4182 2631 4253 qui
2655 4182 2822 4251 plebes
2845 4184 2913 4236 ad
2941 4202 2994 4238 se
3019 4187 3329 4254 pertinentes
3351 4187 3643 4257 negligant.

2269 4270 2454 4325 CXXI.
2487 4273 2619 4327 Item
2671 4273 2872 4343 placuit
2913 4284 2971 4329 ut
3021 4277 3326 4345 quicunque
3356 4279 3643 4346 negligunt
3676 4279 3805 4334 loca

2199 4362 2270 4416 ad
2294 4380 2445 4417 suam
2474 4363 2789 4419 cathedram
2820 4366 3167 4435 pertinentia,
3198 4367 3251 4420 in
3293 4368 3628 4423 catholicam
3672 4370 3807 4424 uni-

2201 4462 2366 4509 tatem
2415 4455 2649 4519 lucrari,
2695 4456 3086 4510 conveniantur
3122 4472 3152 4510 a
3200 4457 3540 4527 diligentibus
3592 4459 3810 4513 vicinis

593 4544 977 4619 ιαίιάῑῑέιηεάιξςέ
1014 4544 1841 4639 gnara?sinistras;
1865 4544 2095 4623 εειὶῖῑεῑίέξ
2127 4567 2170 4621 υ
2199 4545 2488 4614 episcopis.
2520 4554 2579 4598 ιιι
2621 4544 2864 4639 Mamre
2892 4557 3331 4639 ιιυηπιφιοοηιυτ-
3366 4546 3536 4639 ρυοά,
3568 4548 3618 4603 si
3655 4548 3812 4639 intra

592 4643 731 4686 sunt.

599 4723 826 4779 CXVIII.
854 4726 932 4780 Ita
961 4742 1112 4792 sane,
1144 4736 1202 4782 ut
1230 4728 1275 4782 si
1305 4728 1589 4798 episcopus
1615 4743 1681 4783 ex
1711 4728 2001 4786 Donatistis
2024 4730 2093 4786 ad

520 4816 844 4869 catholicam
877 4818 1134 4873 unitatem
1165 4835 1457 4875 conversus
1491 4828 1612 4883 est,
1653 4822 1931 4888 mqualiter
1956 4822 2097 4877 inter

525 4919 584 4958 se
639 4903 876 4959 dividant
904 4922 997 4962 eas
1040 4924 1159 4978 quae
1186 4911 1265 4964 sic
1291 4909 1488 4966 fuerint
1517 4912 1764 4979 inventae,
1809 4913 1897 4967 ubi
1924 4913 2094 4967 ambae

523 5003 709 5065 partes
722 4995 953 5063 fuerunt,
973 4997 1023 5052 id
1039 5007 1142 5066 est,
1165 5000 1334 5055 utalia
1347 5001 1461 5056 loca
1476 5003 1543 5056 ad
1561 5002 1727 5069 illum,
1744 5002 1844 5056 alia
1863 5002 1927 5057 ad
1946 5003 2092 5057 illum

523 5087 849 5156 pertineant,
885 5090 956 5143 ita
997 5098 1057 5144 ut
1088 5092 1175 5146 ille
1204 5092 1430 5158 dividat,
1455 5094 1547 5162 qui
1576 5094 1803 5164 amplius
1836 5094 2092 5164 temporis

523 5178 578 5230 in
604 5178 916 5247 episcopatu
959 5179 1156 5246 habet,
1197 5191 1251 5237 et
1280 5184 1459 5239 minor
1487 5185 1668 5254 eligat.
1700 5184 1851 5250 Quod
1879 5185 1924 5239 si
1955 5183 2094 5240 forte

523 5283 659 5322 unus
688 5266 848 5325 fuerit
872 5270 1039 5338 locus,
1078 5272 1144 5327 ad
1175 5288 1296 5328 eum
1329 5275 1599 5344 pertineat
1629 5276 1715 5331 cui
1744 5275 1973 5331 vicinior
2012 5276 2095 5348 in-

521 5360 753 5415 venitur.
795 5360 950 5428 Quod
976 5363 1019 5419 si
1049 5366 1308 5420 ambabus
1336 5366 1612 5422 cathedris
1640 5365 1920 5435 mqualiter
1958 5366 2092 5421 vici-

520 5467 623 5507 nus
659 5462 769 5521 est,
810 5454 878 5510 ad
920 5468 1042 5511 eum
1089 5457 1392 5527 pertineat,
1442 5472 1602 5528 quem
1650 5458 1802 5528 plebs
1848 5457 2092 5524 elegerit.

520 5542 674 5609 Quod
701 5545 747 5600 si
776 5544 916 5601 forte
954 5546 1160 5616 antiqui
1197 5547 1449 5603 catholici
1478 5562 1634 5602 suum
1663 5546 1973 5615 episcopum
1994 5560 2094 5599 vo-

522 5632 753 5699 luerint,
795 5634 955 5689 etilli
1009 5650 1164 5690 suum
1191 5635 1286 5704 qui
1315 5650 1383 5691 ex
1432 5634 1625 5690 Donati
1653 5642 1805 5704 parte
1849 5633 2094 5689 conversi

521 5731 664 5790 sunt,
697 5725 926 5794 plurium
978 5725 1228 5781 voluntas
1274 5726 1615 5796 paucioribus
1663 5724 1993 5793 prieferatur.
2037 5721 2094 5777 Si

520 5825 700 5872 autem
732 5826 911 5889 partes
951 5818 1183 5891 mqualcs
1210 5810 1352 5890 sunt,
1400 5816 1621 5890 majoris
1671 5816 1928 5888 temporis
1978 5814 2091 5887 cpi-

2200 4648 2296 4687 sex
2326 4648 2536 4688 menses
2578 4649 2608 4687 a
2653 4632 2740 4688 die
2769 4634 3140 4689 conventionis
3185 4651 3293 4689 non
3326 4635 3613 4689 eil‘ecerint
3637 4678 3657 4702 ,
3711 4638 3813 4705 qui

2201 4728 2435 4797 potuerit
2464 4742 2527 4781 ea
2567 4727 2803 4792 lucrari,
2852 4726 2918 4780 ad
2948 4728 3120 4796 ipsum
3150 4728 3476 4796 pertineant.
3520 4727 3607 4781 Ita
3641 4744 3812 4789 sane,

2202 4827 2260 4873 ut
2286 4818 2331 4873 si
2360 4819 2450 4872 ille
2498 4817 2565 4872 ad
2594 4833 2756 4887 quem
2807 4819 3129 4887 pertinuisse
3156 4818 3496 4880 videbantur,
3552 4820 3820 4888 probare

2200 4908 2437 4978 potuerit
2464 4908 2633 4975 magis
2658 4907 2796 4961 illius
2842 4906 3067 4961 electam
3116 4907 3495 4976 negligentiam
3526 4909 3605 4962 ab
3635 4909 3825 4963 licere.

2203 5000 2342 5065 ticis,
2374 5008 2434 5054 ut
2477 5000 2694 5068 impune
2736 5000 2807 5053 ibi
2836 4998 2966 5065 sint,
2998 5006 3053 5053 et
3076 5014 3225 5053 suam
3257 4998 3598 5066 diligentiam
3635 4997 3825 5053 fuisse

2200 5100 2525 5160 prawentam
2558 5108 2573 5143 :
2606 5100 2664 5145 ut
2704 5105 2769 5145 eo
2801 5089 2961 5144 modo
2988 5089 3105 5159 ejus
3149 5104 3277 5142 cura
3318 5089 3619 5143 sollicitior
3650 5098 3828 5144 veta-

2201 5191 2347 5235 retur
2376 5199 2389 5233 :
2420 5196 2539 5234 cum
2568 5180 2673 5234 hoc
2705 5179 2913 5249 judices
2942 5179 3182 5249 episcopi
3232 5178 3599 5246 cognoverint
3625 5217 3643 5243 ,
3702 5194 3831 5235 sum

2201 5270 2469 5325 cathedra:
2492 5270 2610 5323 loca
2635 5269 2940 5323 restituant.
2966 5270 3107 5324 Sane
3130 5269 3173 5322 si
3197 5268 3440 5338 episcopi
3484 5270 3647 5324 inter
3671 5285 3835 5340 quos

2202 5376 2362 5416 causa
2391 5369 2653 5424 versatur,
2686 5360 3017 5415 diversarum
3048 5369 3170 5415 sunt
3215 5360 3670 5429 provinciarum,
3732 5362 3839 5415 ille

2199 5450 2401 5519 primas
2424 5449 2516 5504 det
2536 5449 2768 5517 judices,
2792 5450 2845 5505 in
2877 5449 3030 5517 cujus
3071 5450 3346 5519 provincia
3391 5459 3474 5503 est
3506 5451 3692 5505 locus
3756 5450 3839 5505 de

2196 5556 2305 5609 quo
2342 5539 2703 5595 contenditur.
2736 5538 2793 5593 Si
2823 5549 3003 5594 autem
3033 5556 3101 5595 ex
3130 5539 3399 5595 communi
3430 5540 3660 5610 placito
3693 5542 3844 5594 vici~

2197 5646 2294 5685 nos
2317 5630 2525 5698 judiccs
2564 5629 2842 5699 elegerint,
2881 5639 2975 5684 aut
3017 5647 3155 5686 unus
3214 5631 3447 5700 eligatur
3498 5642 3613 5685 aut
3687 5642 3844 5695 tres,

2197 5730 2255 5777 ut
2283 5721 2329 5777 si
2358 5728 2466 5776 tres
2491 5722 2768 5790 elegerint,
2802 5731 2893 5778 aut
2922 5725 3161 5779 omnium
3188 5724 3521 5781 sententiam
3560 5741 3849 5798 sequan-

2199 5821 2304 5880 tur,
2336 5820 2427 5868 aut
2456 5812 2701 5868 duorum.
