3988 6344
187 343 286 397 9‘21

1151 335 1376 392 CODEX
1413 335 1740 393 CANONUM
1782 334 2401 393 ECCLESIAS'I'ICORU
2412 337 2479 392 II.

3349 337 3455 393 25-2

184 444 342 509 Quod
372 445 641 501 electorum
671 448 909 518 judicans
933 449 1187 503 sententia
1228 449 1401 518 sperni
1426 465 1529 503 non
1563 448 1765 503 debeat.
1800 452 1847 508 Α
1878 463 2028 504 versa
2050 458 2379 516 cognoscam
2406 467 2419 503 :
2447 464 2477 503 a
2500 464 2608 519 quo
2630 448 2785 519 petiit
2813 449 3119 504 universum
3148 448 3455 512 concilium,

262 534 464 588 CXXII.
514 538 555 591 A
603 539 871 603 jUtIICIbUS
901 547 1079 594 autem
1128 556 1265 610 quos
1295 540 1597 595 communis
1645 555 1775 594 con-

188 641 386 682 sensus
420 628 683 697 elegerit,
729 646 837 684 non
874 631 1037 686 liceat
1083 645 1403 701 provocare.
1438 628 1508 683 Et
1534 630 1778 700 quisquis

191 728 519 785 provocatus
564 730 811 789 repertus
850 720 1011 775 fuerit
1057 736 1157 790 per
1193 720 1587 775 contumaciam
1630 719 1776 774 nolle

191 811 572 882 obtemperare
609 812 881 882 judicibus
904 855 921 881 ,
968 828 1089 868 cum
1131 813 1239 867 hoc
1273 813 1458 881 prima:
1493 812 1636 867 sedis
1662 812 1777 881 epi-

188 921 361 973 scopo
406 904 565 960 fuerit
610 905 925 975 probatum,
975 905 1067 959 det
1112 905 1349 965 litteras.
1399 911 1458 958 ut
1505 904 1685 957 nullus
1725 902 1775 956 ei

189 997 558 1053 communicet
586 997 989 1066 episc0porum,
1015 996 1189 1051 donec
1218 997 1571 1065 obtemperet.

192 1106 263 1161 Ut
292 1110 337 1161 si
377 1110 646 1181 episcopus
675 1109 905 1181 negligat
930 1125 1077 1162 suam
1102 1108 1383 1173 dimcesim,
1415 1110 1773 1161 communione

865 1181 1111 1249 privetur.

260 1270 492 1325 CXXIII.
537 1270 593 1325 Si
625 1271 676 1324 in
717 1272 1030 1325 matricibus
1056 1270 1330 1324 cathedris
1357 1270 1643 1339 episcopus
1672 1284 1772 1323 ne-

187 1362 396 1431 gligens
424 1362 584 1417 fuerit
628 1363 887 1418 adversus
915 1362 1223 1427 haereticos,
1269 1362 1617 1417 conveniatur
1638 1377 1667 1415 a
1694 1362 1775 1414 vi-

186 1460 328 1514 cinis
355 1459 627 1529 episcopis
658 1458 1021 1525 diligentibus,
1046 1465 1102 1512 et
1131 1457 1181 1511 ei
1202 1472 1297 1511 sua
1325 1456 1647 1525 negligentia
1678 1456 1775 1509 dc-

186 1558 543 1613 monstrctur,
590 1557 649 1602 ut
691 1564 749 1602 se
777 1563 1039 1603 excusare
1067 1563 1175 1602 non
1223 1547 1409 1617 possit.
1453 1546 1606 1612 Quod
1634 1547 1679 1600 si
1706 1562 1773 1600 ex

186 1636 277 1691 die
317 1652 427 1706 quo
473 1638 828 1703 convenitur,
882 1637 1021 1692 intra
1064 1654 1157 1693 sex
1209 1652 1455 1704 menses,
1504 1638 1627 1692 siin
1658 1638 1773 1705 ejus

186 1731 465 1802 provincia
495 1733 772 1788 exsecutio
812 1732 993 1799 fuerit,
1041 1743 1096 1790 et
1123 1749 1231 1789 non
1274 1749 1369 1788 eos
1412 1731 1482 1786 ad
1510 1732 1769 1786 unitatem

1881 549 1940 594 ut
1969 540 2175 594 cunctis
2219 541 2334 594 sive
2362 542 2528 608 gestis
2557 556 2676 610 qua:
2723 540 2966 595 confecta
3011 539 3119 608 jam
3161 548 3314 604 sunt,
3362 555 3458 594 seu

1879 629 2121 697 epistolis
2144 630 2258 697 ipse
2287 630 2606 684 subscribat.
2636 629 2702 683 Et
2723 630 3172 698 subscripserunt.
3207 630 3459 684 Aurelius

1879 723 2166 792 episcopus
2188 721 2439 779 Ecclesia:
2462 722 2898 791 Carthaginensis
2936 724 3062 778 huic
3082 724 3304 779 decreto
3326 739 3457 779 con-

1876 812 2038 879 sensi,
2064 820 2117 866 et
2147 813 2397 881 prtelecto
2417 813 2727 883 subscripsi.
2748 811 3006 868 Similiter
3035 823 3089 868 et
3117 813 3297 869 ceteri
3324 811 3457 867 sub-

1876 903 2226 972 scripserunt.

1877 1011 2010 1065 Item
2038 1013 2153 1066 huic
2182 1014 2396 1069 concilio
2426 1016 2659 1087 interfuit
2688 1015 2938 1071 Ecclesia:
2970 1016 3218 1069 Romanae
3240 1015 3451 1086 legatio.

1946 1101 2074 1156 Post
2122 1104 2459 1158 consulatum
2509 1106 3017 1174 gloriosissimorum
3067 1106 3453 1175 imperatorum

1879 1191 2097 1247 Honorii
2129 1210 2199 1248 xu
2247 1202 2302 1247 et
2340 1194 2627 1250 Theodosii
2659 1213 2749 1250 vui
2786 1196 2979 1265 Augg.,
3011 1212 3067 1250 ιιι
3098 1195 3204 1248 kal.
3238 1194 3446 1256 Junias,

1874 1282 2196 1352 Carthagine
2223 1285 2275 1339 in
2304 1286 2595 1339 secretario
2626 1286 2856 1340 basilica:
2882 1286 3161 1339 restituite.
3189 1282 3321 1338 Cum
3346 1282 3455 1335 Au-

1874 1374 2038 1428 relius
2061 1376 2362 1445 episcopus,
2395 1391 2502 1428 una
2530 1390 2651 1429 cum
2684 1375 2941 1428 Faustino
2970 1373 3221 1427 Ecclesia:
3252 1372 3451 1425 Poten-

1876 1463 2022 1529 time,
2053 1465 2338 1532 provincia:
2361 1465 2521 1519 Italia:
2554 1463 2757 1531 Piceni,
2782 1466 2956 1531 legato
2983 1464 3237 1518 Romana:
3266 1460 3452 1517 Eccle-

1873 1554 1987 1619 sim,
2017 1554 2303 1610 Vincentio
2340 1555 2675 1618 Culositano,
2714 1554 3103 1608 Fortunatiano
3145 1550 3453 1620 Neapolita-

1875 1660 1967 1712 no,
2001 1645 2239 1701 Mariano
2281 1646 2644 1717 Uzipparensi,
2686 1647 2965 1703 Adeodato
3006 1646 3281 1710 Simidico,
3312 1643 3463 1721 Pen-f

1878 1736 2023 1790 tadio
2070 1736 2382 1806 Carpitano,
2428 1737 2713 1791 Rufiniano
2752 1736 3084 1802 Muzubensi,
3127 1733 3453 1788 Prtetextato

188 1822 519 1877 catholicam
571 1824 965 1879 convertendos
999 1825 1290 1889 curaverit,
1319 1840 1425 1879 non
1454 1823 1505 1878 ei
1533 1837 1772 1877 commu-
1804 1817 1849 1875 B
1875 1828 2198 1897 Sicilibensi,
2229 1828 2604 1895 Quodvultdeo
2632 1830 2881 1895 Verensi,
2913 1826 3156 1881 Candide
3185 1825 3453 1879 Abbirita-

187 1913 432 1976 nieetur,
482 1911 653 1967 donec
694 1912 1006 1983 adimpleat.
1060 1914 1117 1970 Si
1164 1925 1343 1971 autem
1392 1922 1677 1970 exsecutor
1705 1911 1772 1967 ad

186 2000 308 2055 loca
334 2015 444 2055 non
477 2002 704 2069 venerit,
732 2018 835 2057 non
858 2004 1160 2061 ascribatur
1180 2006 1459 2077 episcopo.

187 2108 269 2162 De
316 2110 569 2179 episcopis
624 2110 711 2179 qui
782 2109 1084 2167 Donatistas
1129 2116 1533 2168 communicasse
1574 2112 1775 2167 mentiti

871 2186 1078 2254 fuerint.

260 2268 495 2324 CXXIV.
535 2271 593 2325 Si
631 2282 809 2328 autem
853 2274 1140 2344 probatum
1171 2274 1331 2330 fuerit
1374 2290 1496 2329 eum
1526 2274 1592 2329 de
1622 2289 1772 2329 com-

186 2362 451 2416 munione
480 2362 691 2417 illorum
718 2363 881 2419 fuisse
910 2366 1213 2433 mentitum,
1240 2366 1466 2421 dicendo
1499 2381 1593 2419 eos
1621 2381 1771 2419 com-

186 2453 497 2508 municasse
526 2470 665 2522 quos
710 2471 778 2511 eo
806 2458 1011 2511 sciente
1046 2472 1153 2511 non
1190 2459 1615 2513 communicasse
1644 2474 1775 2512 con-

182 2545 410 2609 stiterit,
441 2548 606 2599 etiam
636 2548 1003 2617 episcopatum
1026 2550 1256 2605 amittat.

184 2652 269 2707 De
308 2654 625 2726 presbyteris
661 2668 710 2711 et
743 2658 978 2732 clericis,
1018 2668 1074 2712 ut
1115 2678 1217 2716 non
1253 2662 1512 2732 appellent
1560 2662 1659 2715 nisi
1706 2661 1775 2715 ad

724 2730 973 2798 Africana
1002 2733 1240 2785 concilia.

260 2832 477 2889 CXXV.
520 2836 650 2891 Item
691 2839 909 2909 placuit,
946 2850 1003 2896 ut
1038 2843 1371 2916 presbyteri,
1415 2845 1649 2915 diaconi,
1690 2846 1776 2901 vel

184 2928 379 2981 exteri
432 2926 714 2984 inferiores
760 2931 960 2998 clerici,
995 2935 1046 2987 in
1084 2938 1279 3005 causis,
1310 2952 1443 3009 quas
1471 2938 1772 3004 habuerint,

184 3016 232 3068 si
262 3015 577 3083 tle-judieiis
619 3017 995 3089 episcoporum
1044 3038 1264 3077 suorum
1312 3026 1488 3095 questi
1535 3024 1771 3091 fuerint,

186 3104 356 3157 vicini
386 3105 629 3175 episcopi
660 3121 755 3161 eos
783 3110 1021 3176 audiant,
1049 3122 1103 3166 et
1144 3114 1282 3168 inter
1301 3130 1394 3170 eos
1414 3114 1669 3185 quidquid
1691 3124 1772 3170 est

1875 1935 1966 1985 no,
2008 1918 2326 1975 Galloniano
2358 1919 2563 1975 Utiensi
2607 1922 2793 1989 legatis
2822 1920 3113 1990 provincia:
3155 1918 3454 1973 Proconsu-

1875 2012 2020 2077 laris,
2053 2012 2246 2083 Alypio
2280 2012 2652 2081 'I‘hagastensi,
2687 2013 2984 2083 Augustino
3029 2010 3453 2082 Ilipponensium

1875 2101 2185 2169 Regiorum,
2217 2110 2271 2156 et
2302 2101 2593 2158 Posidonio
2615 2103 2919 2157 Calamensi
2950 2104 3138 2171 legatis
3167 2100 3453 2172 provincia:

1874 2193 2153 2258 Numidim,
2182 2194 2507 2249 Maximiano
2536 2195 2791 2264 Aquensi,
2816 2195 3059 2250 Jocundo
3080 2193 3449 2256 Suﬂ'etulensi,

1873 2293 1929 2340 et
1958 2284 2233 2341 Hilariano
2256 2286 2723 2343 llorreocellorum
2756 2289 2943 2355 legatis
2966 2286 3251 2357 provincia:
3282 2284 3453 2357 Byza-

1875 2391 2039 2441 cenze,
2074 2377 2282 2432 Novato
2310 2377 2572 2443 Sitifensi,
2615 2386 2669 2433 et
2709 2377 2892 2433 Leone
2932 2377 3214 2443 Moctensi,
3260 2375 3453 2446 legatis

1876 2471 2165 2541 provincia:
2194 2470 2526 2527 Mauritania:
2552 2472 2837 2538 Sitifensis,
2867 2472 3075 2526 Niucllo
3110 2471 3454 2533 Rusurrensi,

1880 2563 2169 2619 Laurentio
2200 2564 2490 2629 Ieositano,
2535 2574 2589 2618 et
2630 2565 2956 2620 Numeriano
2991 2563 3345 2632 Rusgunicnsi
3373 2562 3455 2617 Ie-

1876 2655 2015 2725 gatis
2043 2656 2333 2726 provincia:
2373 2656 2704 2711 Mauritanitc
2732 2656 3101 2723 Caesariensis,
3144 2656 3210 2710 ab
3244 2656 3454 2709 univer.

1876 2747 1974 2801 sali
2023 2748 2258 2803 concilio
2282 2750 2552 2818 judicibus
2579 2751 2825 2819 delectis,
2856 2752 3157 2806 astantibus
3194 2749 3456 2810 diaconis,

1878 2841 2235 2909 consedisset,
2268 2852 2321 2897 et
2367 2843 2684 2912 quihusdam
2734 2845 2987 2915 peractis,
3033 2844 3186 2898 multi
3216 2841 3456 2913 episcopi

1879 2942 2197 2986 ςωῑριοιυιιι
2228 2934 2655 3002 peragendorum
2686 2948 3015 2989 memorasse
3058 2948 3457 3003 conquereren-

1879 3031 1966 3078 tur
2012 3026 2282 3080 sustinerc
2320 3041 2426 3079 non
2473 3042 2651 3096 posse,
2694 3036 2749 3082 et
2795 3027 2861 3081 ad
2906 3027 3152 3097 proprias
3193 3025 3460 3081 Ecclesias

1880 3112 2215 3179 festinarent,
2239 3115 2441 3183 placuit
2471 3116 2722 3169 universo
2751 3116 2984 3170 concilio
3031 3123 3089 3170 ut
3116 3115 3184 3171 ab
3210 3113 3459 3169 omnibus

186 3192 403 3259 “Iliam.
428 3196 654 3251 adhibiti
676 3198 742 3252 ab
764 3200 842 3255 eis
867 3216 934 3255 ex
955 3218 1217 3259 consensu
1245 3208 1621 3277 episcoporum
1652 3224 1776 3262 suo-
1804 3181 1851 3247 ο
1882 3203 2205 3273 eligerentur
2221 3205 2288 3259 de
2311 3206 2530 3273 singulis
2555 3207 2853 3275 quibusque
2882 3208 3192 3276 provinciis,
3222 3206 3310 3274 qui
3334 3222 3459 3275 pro-

188 3300 334 3339 rum.
367 3286 525 3353 Quod
553 3290 598 3343 si
626 3297 682 3343 et
711 3291 779 3344 ab
800 3293 878 3346 eis
902 3296 1299 3362 provocandum
1324 3301 1647 3368 putaverint,
1672 3315 1778 3354 non

188 3387 498 3445 provocent
525 3380 625 3434 nisi
654 3381 719 3434 ad
742 3380 987 3438 Africana
1016 3388 1260 3453 concilia,
1295 3390 1377 3443 vel
1406 3389 1472 3443 ad
1516 3391 1777 3459 primates

190 3465 598 3534 provinciarum
652 3486 907 3537 suarum;
941 3473 1007 3527 ad
1054 3478 1413 3531 transmarina
1463 3486 1641 3533 autem
1686 3477 1779 3547 qui

189 3556 470 3623 putaverit
491 3559 885 3627 appellandum,
916 3579 945 3616 a
970 3566 1113 3619 nullo
1143 3566 1279 3620 intra
1304 3566 1535 3622 Africam
1554 3569 1607 3623 in
1632 3583 1780 3625 com-

186 3645 509 3700 mulionem
539 3650 875 3721 suscipiatur.

398 3753 478 3809 De
506 3757 787 3827 virginibus
815 3761 968 3813 etiam
999 3762 1283 3818 minoribus
1314 3766 1563 3819 velandis.

265 3861 507 3918 CXXVI.
547 3864 678 3920 Item
723 3868 942 3937 placuit,
979 3879 1031 3925 ut
1063 3874 1366 3943 quicunque
1405 3876 1778 3946 episcoporum

192 3952 527 4005 necessitate
554 3955 902 4023 periclitantis
934 3960 1204 4028 pudicitia:
1232 3963 1526 4030 virginalis,
1550 3982 1669 4019 cum
1698 3965 1779 4020 vel

190 4044 401 4112 petitor
430 4052 643 4113 potens,
675 4048 761 4101 vel
797 4059 981 4119 raptor
1023 4053 1217 4121 aliquis
1258 4053 1594 4124 formidatur,
1629 4058 1707 4111 vel
1735 4058 1780 4112 si

190 4136 359 4188 etiam
408 4136 589 4204 aliquo
618 4140 805 4196 mortis
836 4143 1137 4211 periculoso
1164 4148 1414 4216 scrupulo
1458 4161 1779 4219 compuncta

192 4222 382 4289 fuerit,
416 4241 484 4280 ne
511 4243 616 4281 non
647 4230 821 4285 velata
860 4235 1140 4299 moriatur,
1180 4244 1272 4291 aut
1311 4236 1649 4308 exigentibus
1684 4257 1781 4312 pa-

194 4315 467 4381 rentibus,
499 4326 591 4370 aut
621 4319 703 4373 bis
734 4321 800 4375 ad
840 4339 1068 4393 quorum
1118 4342 1302 4382 curam
1333 4330 1585 4400 pertinet,
1631 4333 1779 4388 vela-

192 4408 338 4461 verit
388 4409 670 4475 virginem,
697 4427 791 4467 seu
834 4416 1031 4472 velavit
1076 4419 1215 4473 intra
1247 4422 1433 4491 viginti
1462 4433 1518 4479 et
1546 4426 1781 4495 quinque

195 4514 378 4554 annos
432 4502 645 4555 anatis:
680 4519 787 4558 non
825 4506 874 4559 ei
909 4508 1050 4562 obsit
1080 4511 1364 4567 concilium
1394 4516 1538 4586 quod
1566 4517 1633 4571 de
1676 4518 1780 4574 isto

195 4608 468 4647 annorum
499 4610 722 4650 numero
743 4600 1090 4656 constitutum
1121 4612 1222 4660 est.

197 4700 287 4755 Ne
314 4703 513 4784 diutius
539 4706 765 4784 episcopi
792 4718 1057 4784 teneantur
1081 4715 1134 4767 in
1159 4718 1397 4783 concilio,
1431 4727 1601 4773 ternos
1629 4735 1694 4774 ea:
1722 4738 1777 4777 se

395 4778 716 4844 singularum
744 4781 1120 4848 provinciarum
1140 4785 1340 4853 jndices
1370 4778 1583 4857 eligant.

269 4882 535 4939 CXXVIL
577 4886 707 4942 Item
732 4890 954 4959 placuit,
980 4909 1048 4950 ne
1072 4894 1271 4953 diutius
1299 4900 1533 4956 universi
1560 4903 1779 4972 episco-

199 4973 252 5042 pi
301 4973 400 5042 qui
429 4972 499 5027 ad
527 4976 812 5033 concilium
861 4985 1169 5053 congregati
1198 4996 1322 5041 sunt
1350 4996 1680 5056 tenerentur,
1714 4994 1781 5049 ab

200 5066 461 5120 universo
491 5068 719 5138 concilio
743 5069 953 5138 judices
992 5082 1175 5131 ternos
1209 5077 1278 5133 de
1312 5078 1533 5147 singulis
1556 5084 1781 5151 provin-

198 5158 300 5211 ciis
328 5156 481 5225 eligi,
512 5169 569 5213 et
596 5160 753 5215 electi
788 5173 915 5220 sunt
941 5165 1007 5221 de
1035 5169 1309 5236 provincia
1348 5169 1779 5241 Carthaginensi,

204 5246 541 5315 Vincentius,
577 5250 1015 5324 Fortunatianus,
1050 5268 1107 5314 et
1143 5259 1367 5329 Clarus;
1398 5262 1466 5317 de
1504 5266 1778 5333 provincia

202 5338 451 5394 bumidia
484 5343 724 5413 Alypius,
754 5345 1099 5417 Augustinus,
1132 5362 1190 5408 et
1220 5352 1515 5412 Restitutus
1538 5375 1553 5424 ;
1575 5358 1643 5414 de
1666 5375 1787 5429 pro-

200 5446 219 5479 ι
240 5432 381 5485 incia
412 5431 709 5506 Byzacena,
731 5455 851 5494 cum
880 5452 1065 5498 sancto
1087 5460 1218 5500 sene
1238 5446 1537 5504 Donatiano
1558 5452 1787 5520 primate

201 5524 551 5593 Cresconius,
573 5525 863 5597 Jocuudus,
897 5542 951 5587 et
980 5534 1300 5595 JEmilianus
1327 5556 1342 5605 ;
1370 5539 1438 5595 de
1466 5539 1783 5598 Mauritania

202 5614 447 5669 S.tifensi
477 5616 821 5684 Severianus,
854 5624 1135 5692 Asiaticus,
1169 5636 1226 5683 et
1255 5628 1491 5686 Donatus
1518 5648 1532 5697 ;
1561 5632 1631 5687 de
1658 5649 1785 5703 pro-

203 5709 380 5761 vgm-ia
407 5707 736 5779 Tripolitana
761 5712 1021 5783 Plautius,
1045 5720 1134 5787 qui
1156 5736 1223 5778 ex
1243 5738 1395 5780 more
1417 5723 1625 5793 legatus
1647 5743 1784 5785 unus

206 5810 282 5851 Cal
314 5798 535 5860 missus,
566 5801 657 5870 qui
692 5817 878 5860 omnes
907 5822 1024 5861 cum
1054 5821 1239 5871 sancto
1264 5829 1393 5873 sene
1420 5813 1639 5873 Aurelio
1667 5820 1785 5877 uni-

1880 3301 2002 3365 pter
2030 3295 2131 3349 alia
2164 3296 2461 3366 peragenda
2508 3298 2824 3352 residerent.
2859 3296 2923 3351 Et
2951 3297 3147 3351 factum
3176 3305 3258 3351 est
3314 3306 3373 3351 ut
3404 3296 3457 3349 1ιί

1880 3385 2130 3439 adessent
2183 3401 2409 3455 quorum
2457 3388 2877 3456 subscriptiones
2948 3402 3044 3441 eos
3088 3386 3321 3441 adfuisse
3373 3393 3447 3439 te-

1880 3484 2111 3531 stantur.

1884 3587 2035 3654 Quod
2080 3592 2509 3645 excommunicati
2559 3590 2628 3643 ad
2669 3591 3047 3645 accusationem
3098 3588 3303 3641 admitti
3352 3604 3459 3642 non

1878 3662 1883 3671 ’
2548 3659 2783 3713 debeant.

1951 3772 2230 3828 CXXVIII.
2272 3773 2589 3842 Placuitque
2615 3773 2882 3839 omnibus,
2913 3772 3167 3841 quoniam
3212 3770 3463 3841 superio-

1882 3867 2029 3921 ribus
2066 3866 2419 3921 coneiliorum
2457 3866 2691 3919 decretis
2720 3864 2787 3919 de
2838 3865 3087 3936 personis
3118 3879 3235 3933 qum
3265 3863 3465 3918 admit-

1885 3958 2055 4014 tenda:
2088 3966 2211 4014 sunt
2241 3958 2305 4012 ad
2343 3960 2744 4013 accusationem
2777 3957 3095 4013 clericorum
3121 3956 3231 4025 jam
3262 3955 3459 4009 consti-

1885 4057 2053 4104 tutum
2093 4058 2202 4115 est,
2234 4056 2289 4104 et
2324 4064 2444 4118 qua:
2482 4064 2725 4118 persona:
2755 4064 2862 4102 non
2912 4047 3325 4103 admitterentur
3354 4061 3464 4099 non

1891 4157 2203 4213 expressum
2234 4149 2334 4206 est,
2367 4141 2567 4196 idcirco
2608 4139 2891 4195 deﬁnimus
2928 4154 3049 4193 eum
3077 4138 3177 4192 rite
3205 4136 3271 4191 ad
3300 4152 3462 4191 accu-

1883 4232 2145 4287 sationem
2172 4245 2275 4286 non
2301 4230 2540 4295 admitti,
2573 4230 2686 4299 qui,
2716 4238 3067 4299 posteaquam
3096 4226 3473 4282 excommuni-

1885 4329 2035 4376 catus
2072 4318 2250 4387 fuerit,
2288 4320 2339 4373 in
2372 4321 2484 4389 ipsa
2524 4319 2699 4374 adhuc
2743 4317 3298 4374 exeommunicationc
3335 4332 3468 4371 con-

1884 4413 2118 4478 stitutus,
2150 4412 2262 4467 sive
2291 4412 2360 4467 sit
2401 4412 2659 4479 clericus,
2690 4412 2802 4467 sive
2845 4412 3037 4479 laicus,
3068 4424 3325 4465 accusare
3367 4425 3475 4464 νος

1887 4502 2067 4558 luerit.

1890 4612 2039 4677 Quod
2065 4615 2197 4668 servi
2226 4623 2274 4668 et
2323 4614 2512 4677 liberti,
2543 4632 2818 4683 omnesque
2845 4616 3067 4685 infames
3095 4627 3331 4682 personw
3358 4627 3469 4666 non

2410 4685 2629 4739 debeant
2657 4700 2920 4738 accusare.

1956 4794 2190 4851 CXXIX.
2230 4794 2363 4851 Item
2394 4796 2591 4866 placuit
2620 4804 2678 4851 ut
2731 4810 2919 4851 omnes
2973 4794 3113 4849 servi
3137 4794 3222 4847 vel
3264 4791 3478 4861 proprii.

1887 4885 2063 4942 liberti
2092 4887 2158 4942 ad
2188 4888 2584 4975 accusatiopem
2614 4902 2721 4942 non
2749 4886 3117 4952 admittantur,
3146 4884 3229 4939 vel
3254 4898 3477 4943 omnes,

1888 4997 2024 5051 quos
2052 4982 2118 5036 ad
2143 4982 2439 5038 accusanda
2464 4982 2674 5052 publica
2702 4979 2922 5037 crimina
2945 4980 3091 5049 leges
3111 4978 3334 5049 publica:
3357 4992 3481 5031 non.

1888 5073 2195 5128 admittunt.
2226 5072 2426 5129 Omnes
2452 5074 2614 5129 etiam
2645 5072 2873 5128 infamia:
2907 5071 3127 5128 maculis
3155 5068 3378 5139 aspersi,
3410 5066 3476 5120 ιιι

1889 5172 1991 5229 est,
2025 5164 2330 5228 histriones,
2361 5179 2426 5220 ac
2456 5164 2873 5235 turpitudinibus
2908 5162 3159 5231 subjecta:
3198 5174 3473 5230 personae,

1888 5256 2124 5311 haeretici
2162 5259 2343 5323 etiam,
2376 5258 2489 5313 sive
2536 5259 2751 5329 pagani,
2777 5273 2871 5314 seu
2911 5254 3079 5311 Judaei
3105 5273 3117 5308 :
3145 5254 3239 5310 sed
3285 5262 3474 5308 tamen:

1887 5346 2133 5399 omnihus
2160 5347 2352 5416 quibus
2380 5347 2656 5402 accusatio
2703 5346 3020 5415 denegatur,
3048 5344 3101 5398 in
3128 5342 3305 5399 causis
3334 5356 3463 5410 pro-

1889 5434 2018 5504 priis
2048 5436 2333 5490 accusandi
2360 5436 2574 5491 licentia
2606 5451 2710 5489 non
2738 5434 3000 5503 neganda.

1967 5540 2033 5596 L't
2062 5544 2144 5611 qni
2183 5560 2340 5597 unum
2370 5545 2559 5597 crimen
2591 5560 2694 5597 non
2727 5543 3046 5615 probarerit,
3078 5542 3144 5593 ad
3174 5540 3393 5592 alterum

2394 5614 2595 5667 admitti
2624 5630 2726 5667 non
2759 5615 2957 5668 debeat.

1959 5727 2171 5782 CXXX.
2213 5729 2341 5783 Item
2391 5730 2621 5801 placuit,
2669 5730 3093 5799 quotiescunque
3138 5723 3347 5778 clericis
3395 5724 3469 5776 ait

1890 5821 2293 5878 accusatoribus
2321 5823 2487 5879 multa
2519 5820 2737 5878 crimina
2769 5820 3117 5893 objiciuntur,
3134 5827 3189 5876 et
3213 5834 3373 5875 unum
3398 5833 3475 5871 cs.
