3988 6344
497 365 604 420 2-25

1727 348 2081 407 DIONYSIUS
2120 344 2276 400 EXIG
2288 342 2327 398 U
2339 340 2439 398 US.

3661 321 3764 389 ait

501 477 654 544 ipsis,
679 477 746 531 dc
771 492 876 545 quo
920 475 1068 546 prius
1104 470 1330 540 egerint,
1369 468 1600 539 probare
1639 478 1747 518 non
1788 458 2072 520 valuerint,
2107 461 2149 516 Α
2251 452 2489 546 Ninellns
2534 448 3006 546 Rusprria-ncnsis,
3046 447 3252 515 legatus
3281 447 3566 516 provincia:
3589 448 3767 502 Caesa-

500 569 568 621 ad
599 575 788 622 ca:tera
812 567 922 636 jam
951 581 1056 619 non
1085 561 1457 620 admittantur.

758 704 856 769 Qui
885 706 952 757 ad
982 702 1324 757 testimonium
1353 695 1655 752 admittendi
1682 702 1817 746 sunt.

573 817 804 874 CXXXI.
846 817 1034 871 Testes
1061 823 1239 869 autem
1269 811 1335 866 ad
1361 807 1719 864 testimonimn
1749 819 1859 857 non
1886 799 2082 855 admit—

503 909 712 972 tendos,
754 908 844 977 qui
887 921 985 960 nec
1029 904 1098 958 ad
1137 902 1535 958 accusationem
1577 895 1784 950 admitti
1826 889 2082 962 prmcepti

501 1010 643 1064 sunt,
678 999 761 1053 vel
791 999 950 1052 etiam
998 1012 1134 1066 quos
1179 996 1293 1063 ipse
1341 997 1627 1046 accusator
1664 986 1730 1041 de
1776 1000 1872 1040 sua
1916 983 2079 1037 domo

502 1090 838 1159 produxerit-
879 1087 959 1141 Ad
1004 1085 1366 1140 testimonium
1410 1088 1588 1135 autem
1620 1079 1758 1133 intra
1813 1089 1981 1129 annos
2013 1072 2082 1124 H-

501 1181 675 1234 :ptatis
703 1195 812 1234 sua:
838 1195 944 1233 non
972 1177 1343 1236 admittantur.

507 1321 582 1373 De
645 1321 879 1390 episcopo
925 1319 1011 1387 qui
1049 1314 1459 1390 excommunicat
1502 1326 1629 1390 eum
1693 1308 1779 1378 qui
1835 1305 1930 1360 sibi
1983 1303 2083 1358 soli

878 1383 1072 1441 crimen
1103 1387 1226 1439 dicit
1253 1400 1366 1437 esse
1393 1383 1701 1452 confessum.

570 1495 827 1549 CXXXII.
869 1496 999 1550 Item
1025 1495 1226 1564 placuit
1254 1502 1332 1559 ut,
1365 1493 1408 1547 si
1441 1489 1655 1560 quando
1686 1489 1972 1558 episcopus
2003 1484 2086 1538 di-

501 1588 574 1642 cit
603 1587 837 1657 aliquem
880 1587 983 1641 sibi
1013 1586 1114 1640 soli
1145 1586 1423 1654 proprium
1455 1583 1656 1636 crimen
1680 1579 1849 1634 fuisse
1877 1575 2086 1631 confes-

503 1694 644 1745 sum,
674 1686 835 1746 atque
862 1677 952 1731 ille
992 1683 1189 1744 neget,
1222 1690 1328 1729 non
1372 1681 1525 1742 putet
1558 1671 1625 1725 ad
1656 1669 1904 1739 injuriam
1933 1680 2086 1720 suam

504 1769 790 1836 episcopus
824 1766 1099 1836 pertinere
1127 1763 1272 1834 quod
1325 1763 1401 1816 illi
1429 1762 1531 1816 soli
1561 1777 1668 1815 non
1698 1758 1956 1820 creditur,
1987 1756 2088 1809 etsi

2185 544 2391 605 riensis,
2423 542 2503 596 his
2530 541 2695 609 gestis
2721 539 3028 608 subscripsi.

2257 633 2570 687 Laurentius
2620 631 2946 693 Icositanus,
2998 630 3205 699 legatus
3251 631 3540 700 provincia:
3585 631 3767 687 Caesa-

2143 752 2145 754 -
2183 723 2389 788 ricnsis,
2419 723 2499 776 his
2527 723 2692 790 gestis
2711 720 3020 790 subscripsi.

2253 813 2606 868 Numeriauus
2652 811 3048 880 Rusguriensis,
3081 811 3291 882 legatus
3330 815 3620 884 provinciae
3650 815 3770 870 C2-

2181 903 2455 965 sariensis,
2486 904 2567 957 his
2586 903 2753 970 gestis
2781 902 3088 971 subscripsi.

2256 995 2364 1049 Leo
2403 995 2707 1059 Moctensis,
2741 993 2948 1061 legatus
2977 994 3263 1063 provincia:
3291 995 3653 1066 Cmsariensis,
3682 999 3772 1056 his

2182 1089 2347 1158 gestis
2369 1087 2677 1158 subscripsi.

2256 1183 2403 1236 Alius
2434 1182 2564 1249 Leo,
2599 1183 2805 1251 legatus
2842 1187 3128 1257 provincie
3175 1183 3458 1252 Sitifensis,
3491 1186 3576 1241 his
3603 1186 3770 1255 gestis

2183 1276 2494 1346 subscripsi.

2257 1365 2324 1420 Et
2351 1367 2531 1421 czeieri
2569 1368 2805 1440 episc0pi
2833 1369 2939 1423 2‘27
2968 1371 3214 1424 similiter
3239 1371 3693 1441 subscripserunt.

2257 1460 2532 1530 Philippus
2558 1461 2856 1532 presbyter,
2879 1463 3087 1530 legatus
3109 1461 3359 1517 Ecclesia:
3389 1462 3663 1527 Romanae,
3687 1463 3771 1518 bis

2185 1552 2351 1620 gestis
2377 1567 2407 1605 a
2439 1553 2592 1607 nobis
2619 1553 2920 1608 recollectis
2946 1553 3256 1622 subscripsi.

2257 1665 2468 1720 Asellus
2510 1665 2808 1736 presbyter,
2837 1666 3046 1735 legatus
3092 1665 3345 1720 Ecclesiae
3375 1664 3652 1730 Rontanm,
3687 1665 3771 1720 his

2189 1755 2354 1822 gestis
2375 1755 2684 1827 subscripsi,
2709 1771 2827 1825 qua:
2856 1771 2950 1826 per
2980 1771 3078 1810 nos
3107 1755 3310 1810 directa
3341 1763 3482 1807 sunt.

503 1856 758 1925 scrupulo
785 1856 1019 1926 propria:
1063 1852 1408 1910 conscientim
1434 1867 1493 1906 se
1521 1851 1651 1906 dicit
1686 1847 1902 1917 neganti
1943 1845 2086 1901 nolle

2216 1865 2385 1938 'ncipit
2411 1853 2626 1937 epistola
2655 1868 2717 1921 ab
2745 1871 2884 1922 omni
2920 1869 3138 1923 concilio
3167 1868 3418 1938 Africano
3443 1866 3512 1916 ad
3551 1864 3770 1937 Bonifa-

503 1946 922 2000 communicare.

508 2083 577 2139 Ut
595 2101 695 2138 non
715 2094 900 2138 temere
915 2100 1213 2156 quemquam
1239 2084 1594 2138 communione
1611 2081 1773 2150 privet
1794 2079 2082 2149 episwpus.

578 2192 860 2251 CXXXIII.
903 2195 1148 2263 Quandiu
1197 2194 1662 2250 excommunicato
1695 2207 1802 2246 non
1845 2204 2090 2244 commu-

504 2287 762 2341 nicaverit
783 2302 909 2340 suus
938 2286 1243 2355 episcopus,
1267 2284 1441 2338 eidem
1464 2285 1720 2353 episcopo
1747 2281 1814 2334 ab
1837 2279 1955 2332 aliis
1979 2293 2087 2333 non

504 2378 929 2433 communicetur
955 2377 1224 2448 episcopis
1248 2395 1260 2428 :
1287 2385 1344 2430 ut
1372 2376 1544 2444 magis
1589 2380 1777 2428 caveat
1806 2371 2091 2442 episc0pns

506 2484 574 2522 nc
603 2469 746 2524 dicat
801 2470 854 2524 in
883 2483 1205 2540 quemquam
1247 2467 1392 2537 quod
1436 2467 1556 2522 aliis
1597 2463 1933 2519 documentis
1960 2476 2090 2516 con—

506 2559 722 2613 vincere
753 2575 859 2614 non
891 2559 1107 2628 poterit.

580 2651 828 2705 Aurelius
859 2651 1144 2720 episcopus
1173 2649 1306 2704 dixit
1329 2667 1342 2701 :
1365 2646 1525 2702 Juxta
1549 2653 1751 2700 statuta
1773 2642 1937 2698 totius
1962 2655 2092 2696 con-

509 2742 618 2797 cilii
668 2741 997 2810 congregati,
1045 2748 1101 2795 et
1143 2755 1277 2794 mea:
1313 2736 1702 2793 mediocritatis
1747 2732 2089 2798 sententiam,

511 2833 686 2902 placet
711 2831 888 2886 facere
917 2847 1096 2886 rerum
1127 2832 1363 2886 omnium
1385 2829 1788 2886 conclusionem
1816 2844 1829 2880 :
1859 2822 2091 2880 universi

511 2925 648 2978 tituli
690 2923 973 2991 designati,
1003 2933 1060 2978 et
1089 2923 1281 2992 digesti
1310 2921 1468 2991 hujus
1497 2920 1606 2975 diei
1636 2926 1884 2982 tractatu,
1917 2915 2094 2971 eccle-

510 3017 720 3071 tiastica
763 3026 912 3084 gesta
959 3016 1283 3086 suscipiant;
1315 3030 1434 3085 qua:
1463 3028 1592 3069 vero
1621 3011 1797 3066 adhuc
1835 3022 2090 3079 expressa

510 3123 616 3162 non
640 3116 786 3175 sunt,
810 3107 898 3162 die
927 3108 1173 3177 sequenti
1202 3123 1298 3179 per
1322 3106 1513 3161 fratres
1537 3112 1750 3158 nostros
1777 3100 2088 3156 Faustinum

2261 1936 2396 1992 cium
2416 1936 2556 1992 urbis
2589 1939 2770 1993 Ronan:
2786 1940 3097 2008 episcopum,
3127 1954 3214 2008 per
3236 1936 3546 2008 Faustinum
3570 1936 3773 2005 episco-

2262 2026 2402 2078 pum,
2449 2008 2768 2078 Philippum,
2809 2006 2858 2062 et
2904 2006 3134 2062 Atellani
3175 2006 3519 2078 presbyteros,
3568 2008 3772 2078 legatos

2260 2078 2510 2132 Ecclesia:
2541 2078 2811 2146 Romanae,
2842 2079 3059 2132 directa.
3443 2112 3445 2114 -

2262 2167 2537 2224 CXXXIV.
2569 2169 2798 2224 Domino
2830 2169 3140 2223 beatissimo
3179 2177 3234 2223 et.
3285 2169 3589 2223 honorabili
3621 2169 3774 2225 fratri

2191 2261 2466 2317 Bonifacio
2494 2261 2759 2326 Aurelius,
2810 2260 3122 2316 Valentinus
3169 2261 3354 2330 prima:
3383 2261 3525 2315 sedis
3554 2262 3775 2330 provin-

2191 2354 2288 2409 cia:
2315 2352 2593 2418 Numidiae,
2625 2361 2680 2407 et
2707 2352 2906 2416 caeteri,
2938 2353 3029 2420 qui
3052 2360 3341 2421 prtesentes
3362 2351 3645 2418 adfuimus,
3675 2369 3776 2407 nu-

2191 2459 2340 2498 mero
2369 2459 2543 2498 ccxvu
2573 2458 2640 2497 ex
2667 2443 2814 2497 omni
2840 2442 3068 2496 concilio
3090 2439 3300 2496 African

2177 2594 2179 2596 ,
2264 2537 2528 2602 Quoniam
2552 2535 2778 2589 Domino
2801 2535 3000 2605 placuit
3047 2541 3104 2588 ut
3131 2533 3198 2588 de
3243 2533 3326 2588 his
3346 2548 3464 2603 qua:
3493 2533 3774 2589 nobiscum

2192 2635 2417 2696 egerunt
2445 2627 2614 2680 sancti
2643 2625 2835 2680 fratres
2863 2621 3050 2690 nost‘ri,
3076 2625 3430 2695 coepiscopus
3461 2624 3775 2693 Faustinus,

2191 2729 2247 2774 et
2274 2719 2695 2789 compresbyteri
2736 2718 3028 2787 Philippus,
3081 2725 3137 2772 et
3165 2716 3393 2782 Asellus,
3448 2732 3552 2771 non
3602 2717 3778 2770 beata:

2193 2811 2466 2866 memoria:
2494 2811 2744 2881 episcopo
2773 2809 3006 2871 Zosimo,
3035 2823 3067 2861 a
3089 2823 3197 2876 quo
3227 2806 3295 2861 ad
3322 2823 3421 2862 nos
3446 2807 3697 2860 mandata
3720 2813 3781 2861 et

2192 2901 2400 2957 litteras
2429 2901 2745 2966 attulerunt,
2788 2900 2883 2955 sed
2918 2907 3019 2954 tua:
3045 2899 3402 2964 venerationi,
3449 2899 3541 2967 qui
3573 2898 3625 2952 in
3656 2897 3780 2967 ejus

2193 2995 2370 3049 locum
2396 3009 2455 3048 es
2479 2993 2733 3048 divinitus
2776 2992 3126 3059 constitutus,
3157 2992 3426 3046 humilitas
3454 2999 3637 3046 nostra
3681 3006 3780 3046 re-

2193 3085 2476 3153 scriberet,
2507 3099 2569 3139 ea
2598 3085 2831 3138 breviter
2860 3084 3130 3138 insinuare
3160 3082 3442 3150 debemus,
3470 3097 3590 3151 qua:
3621 3091 3780 3138 utro.

510 3174 843 3268 episcopum,
875 3174 1282 3269 Philippum-et
1304 3196 1541 3252 Asellum
1565 3193 1908 3264 presbyteros
1927 3204 2092 3245 vene-

2216 3189 2422 3243 nmque
2451 3174 2738 3230 concordia
2768 3175 3052 3229 terminata
3081 3182 3229 3240 sunt,
3278 3188 3376 3228 nec
3416 3188 3481 3228 ea
3507 3188 3627 3241 qua:
3649 3189 3785 3244 pro-

515 3291 671 3346 labili
699 3291 852 3346 fratri
882 3300 936 3346 et
964 3291 1288 3362 coepiscopo
1313 3299 1501 3346 nostro
1531 3285 1805 3343 Bonifacio
1830 3282 2097 3340 rescribe-

515 3397 633 3436 mus
654 3425 669 3451 ,
699 3391 754 3437 et
781 3383 1234 3452 subscripserunt.

588 3474 836 3530 Aurelius
863 3476 1168 3543 episcopus,
1200 3473 1282 3527 his
1303 3471 1467 3541 gestis
1494 3477 1817 3525 statutorum
1841 3467 1979 3538 apud
2001 3480 2102 3522 nos

519 3565 714 3619 habitis
744 3565 1054 3634 subscripsi.

596 3655 907 3710 Valentinus
937 3655 1122 3726 primm
1152 3653 1295 3709 sedis
1325 3653 1608 3722 episcopus
1655 3647 1943 3719 provinciae
1989 3644 2102 3700 Nu-

518 3746 714 3810 midim,
751 3748 834 3801 his
860 3748 1023 3814 gestis
1051 3744 1364 3814 subscripsi.
2087 3816 2091 3819 _

593 3837 875 3894 Faustinus
903 3839 1184 3908 episcopus
1212 3836 1464 3892 Ecclesia:
1494 3833 1793 3890 Potentina:
1814 3829 2104 3901 provincia:

520 3928 738 3997 Piceni,
785 3931 992 4000 legatus
1035 3929 1290 3984 Ecclesia:
1334 3928 1618 3991 Romanas,
1653 3925 1736 3978 his
1776 3922 1938 3993 gestis
1978 3920 2106 3976 sub-

518 4021 731 4090 scripsi.
1322 4086 1325 4088 I

595 4110 919 4178 Augustinus
965 4109 1253 4178 episcopus
1298 4102 1700 4175 Hipponiensis,
1729 4101 1934 4171 legatus
1980 4115 2105 4170 pro-

523 4202 713 4254 vincia:
743 4199 1017 4263 Numidiae,
1050 4198 1131 4252 bis
1152 4195 1314 4265 gestis
1343 4193 1654 4263 subscripsi.

600 4289 872 4344 Possidius
899 4289 1182 4358 episcopus
1205 4285 1556 4347 Calamensis,
1583 4283 1789 4353 legatus
1818 4279 2108 4352 provincia:

524 4377 808 4447 Numicum,
839 4377 921 4432 his
949 4378 1112 4445 gestis
1139 4376 1447 4445 subscripsi.

599 4470 908 4524 Vincentius
931 4467 1289 4533 Culusitanus,
1322 4466 1404 4520 bis
1429 4465 1591 4536 gestis
1618 4460 1925 4532 subscripsi.

2197 3268 2319 3323 lixis
2348 3275 2621 3337 gestorum
2649 3267 3008 3322 voluminibus
3055 3268 3419 3333 continentur,
3469 3266 3523 3320 in
3551 3266 3783 3336 quibus,

2198 3359 2345 3413 salva
2375 3357 2590 3426 quidem
2618 3358 2902 3424 cbaritate,
2931 3372 3039 3412 non
3070 3367 3247 3412 tamen
3269 3357 3386 3411 sine
3413 3371 3583 3426 parvo
3609 3356 3784 3412 alter-

2199 3449 2428 3503 cationis
2452 3447 2637 3503 labore
2663 3447 2928 3503 demorati
2953 3463 3158 3515 sumus,
3189 3463 3253 3502 ea
3282 3447 3447 3515 gestis
3472 3447 3787 3502 deliberan-

2201 3545 2283 3593 tes
2327 3552 2445 3606 qua:
2495 3553 2639 3592 nunc
2668 3536 2733 3591 ad
2763 3552 2979 3592 causam
3028 3537 3320 3608 pertinent.
3362 3536 3684 3604 Quanquam
3731 3544 3790 3591 et

2201 3629 2311 3692 ille,
2342 3628 2385 3683 si
2409 3628 2584 3684 adhuc
2611 3635 2755 3683 esset
2781 3629 2833 3682 in
2855 3643 3101 3698 corpore,
3135 3629 3236 3683 hoc
3265 3628 3538 3698 acciperet
3555 3627 3786 3694 gratius,

2202 3717 2348 3788 quod
2386 3717 2594 3773 videret
2638 3719 2880 3788 pacatius
2922 3719 3300 3783 terminatum,
3333 3717 3550 3772 domine
3596 3717 3786 3770 frater.

2204 3810 2452 3879 Apiarius
2488 3809 2790 3881 presbyter,
2823 3809 2888 3865 de
2916 3809 3068 3879 cujus
3093 3819 3148 3864 et
3189 3810 3546 3876 ordinatione,
3592 3819 3652 3864 et
3696 3825 3794 3864 ex-

2205 3903 2694 3957 communicatione
2719 3945 2733 3970 ,
2796 3912 2851 3958 et
2891 3904 3279 3973 provocatione
3318 3903 3491 3957 fuerat
3536 3912 3796 3959 exortum

2207 4010 2315 4050 non
2361 3995 2538 4049 solum
2578 3994 2848 4060 Siccensi,
2895 4011 3077 4050 verum
3117 3997 3280 4050 etiam
3311 3996 3476 4051 totius
3523 3995 3800 4052 Africana:

2206 4083 2461 4140 Ecclesia:
2510 4101 2615 4141 non
2664 4086 2784 4141 leve
2831 4087 3160 4152 scandalum,
3211 4087 3280 4142 de
3321 4087 3569 4142 omnibus
3597 4089 3803 4143 erratis

2207 4177 2318 4231 suis
2345 4177 2553 4231 veniam
2582 4185 2772 4246 petens
2801 4177 3166 4232 communioni
3192 4187 3274 4232 est
3300 4178 3599 4232 restitutus.
3640 4177 3805 4234 Prior

2208 4274 2388 4322 autem
2418 4267 2770 4337 coepiscopus
2800 4275 2984 4322 noster
3025 4268 3293 4323 Siccensis
3325 4268 3602 4333 Urbanus,
3651 4269 3807 4338 quod

2210 4359 2262 4412 in
2293 4372 2360 4412 eo
2403 4357 2779 4425 corrigendum
2805 4358 2977 4412 visum
3020 4366 3124 4426 est,
3171 4359 3287 4413 sine
3319 4359 3425 4413 ulla
3455 4358 3814 4415 dubitatione

2209 4448 2466 4503 correxit.
2487 4447 2627 4513 'Quia
2659 4463 2786 4502 vero
2817 4448 2935 4518 paci
2970 4456 3026 4503 et
3053 4449 3220 4519 quieti
3250 4447 3504 4504 Ecclesia:
3534 4466 3645 4504 non
3678 4458 3814 4504 tan~

595 4561 1012 4616 Fortunatianus
1041 4559 1447 4628 Neapolitanus,
1482 4556 1563 4610 his
1592 4554 1756 4623 gestis
1793 4549 2104 4621 subscripsi.
2137 4553 2185 4613 ι)
2215 4550 2324 4597 lum
2355 4541 2424 4596 ad
2454 4557 2708 4611 prIBSCHS,
2757 4541 2850 4597 sed
2883 4543 3043 4596 etiam
3075 4542 3126 4596 in
3156 4550 3428 4612 posterum
3456 4543 3812 4611 prospicien-

601 4654 891 4709 l’entadius
918 4652 1314 4722 Carpentanns,
1348 4650 1430 4704 his
1459 4649 1624 4719 gestis
1651 4646 1958 4716 subscripsi.

602 4745 856 4800 llufianus
886 4743 1176 4811 Maxensis,
1208 4743 1290 4797 his
1317 4742 1484 4811 gestis
1513 4739 1822 4807 subscripsi.

601 4838 954 4892 Przetextatus
981 4835 1332 4899 Sicilibensis,
1365 4833 1446 4887 his
1474 4831 1634 4902 gestis
1656 4828 1966 4898 subscripsi.

599 4913 1000 4994 Quodvultdeus
1026 4925 1293 4989 Verensis,
1326 4924 1408 4978 bis
1435 4923 1597 4998 gestis
1621 4919 1930 4989 subscripsi.

601 5019 869 5073 Candidus
897 5015 1219 5080 Germaniae,
1247 5015 1334 5069 his
1362 5013 1526 5083 gestis
1551 5011 1859 5080 subscripsi.

603 5109 952 5162 Maximianus
980 5105 1262 5175 Aquensis,
1286 5105 1369 5160 his
1396 5105 1562 5172 gestis
1588 5101 1897 5171 subscripsi.

600 5200 876 5256 Iucundus
897 5197 1290 5264 Sull‘etulensis,
1320 5197 1528 5264 legatus
1567 5192 1852 5264 provincia:
1886 5191 2118 5262 Byzacc-

533 5312 635 5359 tne,
666 5293 748 5347 his
773 5291 939 5360 gestis
964 5287 1280 5358 subscripsi.

606 5385 940 5450 Maximinus,
973 5383 1180 5450 legatus
1202 5377 1491 5452 provincia:
1511 5377 1825 5448 Byzacenm,
1849 5374 1930 5429 his
1956 5374 2121 5442 gestis

530 5477 843 5548 subscripsi.

606 5572 906 5625 llilarianus
929 5563 1404 5628 llorreocellensis,
1421 5563 1627 5639 legatus
1648 5559 1932 5632 provincia:
1958 5558 2120 5629 Byza-

533 5681 610 5717 ce;
633 5679 699 5726 ae,
725 5661 806 5715 his
825 5660 991 5729 gestis
1019 5653 1330 5724 subscripsi.

608 5753 844 5806 Novatus
871 5748 1156 5813 Sitifensis,
1190 5747 1395 5829 legatus
1425 5743 1713 5829 provincia:
1744 5740 2004 5829 ejusdem,
2037 5740 2119 5795 his

535 5845 697 5914 gestis
727 5841 1036 5915 subscripsi.
1325 5826 1330 5830 ’
1383 5826 1388 5830 ’
1543 5828 1570 5833 ”
1642 5823 1648 5829 ἢ
1891 5823 1913 5831 ”

2211 4635 2340 4690 dum
2368 4635 2489 4702 fuit,
2541 4636 2796 4705 quoniam
2827 4635 2953 4687 talia
2981 4633 3146 4688 multa
3177 4641 3586 4704 pra-cesserant,
3632 4642 3695 4686 ut
3719 4632 3815 4690 vel

2212 4727 2423 4791 similia,
2455 4727 2541 4781 vel
2568 4727 2729 4780 etiam
2757 4725 3002 4794 graviora
3031 4725 3285 4794 deinceps
3315 4723 3605 4794 praecaveri
3640 4740 3816 4794 opor-

2221 4826 2391 4871 teret:
2428 4817 2630 4886 placuit
2678 4817 2831 4871 nobis
2862 4825 2916 4870 ut
2947 4816 3013 4871 de
3045 4815 3282 4872 Siccensi
3313 4815 3551 4870 Ecclesia
3571 4857 3585 4880 ,
3621 4824 3818 4870 reten—

2217 4920 2274 4966 to
2303 4911 2511 4966 scilicet
2537 4911 2742 4964 honore
2766 4909 2960 4979 gradus
2983 4911 3084 4974 sui,
3118 4909 3400 4979 presbyter
3427 4916 3820 4962 removeretur

2218 5002 2485 5072 Apiarius,
2518 5010 2574 5056 et
2599 5010 2823 5071 accepto
2851 5001 3098 5070 epistolio
3125 5001 3426 5068 ubicunque
3481 4999 3612 5052 alibi
3642 4999 3821 5054 vellet

2219 5100 2274 5145 et
2301 5100 2504 5160 posset,
2551 5091 2868 5162 presbyterii
2899 5106 3119 5146 munere
3159 5089 3488 5158 fungeretur.
3537 5088 3698 5154 Quod
3729 5090 3824 5143 ei-

2222 5181 2344 5236 dem
2377 5183 2475 5252 ipsi
2522 5197 2620 5250 per
2671 5182 2877 5236 litteras
2918 5181 3163 5251 proprias
3194 5179 3484 5250 postulanti
3515 5181 3638 5235 sine
3667 5180 3826 5235 ditii-

2225 5273 2430 5328 cultate
2476 5275 2859 5329 concessimus.
2923 5272 3066 5328 Sane
3119 5273 3431 5342 priusquam
3483 5271 3599 5326 hzcc
3644 5289 3831 5328 causa

2223 5365 2328 5422 isto
2383 5367 2612 5420 termino
2641 5365 3002 5431 clauderetur,
3053 5365 3192 5419 inter
3239 5365 3341 5418 alia
3389 5380 3510 5434 quie
3542 5364 3834 5421 diuturnis

2223 5457 2703 5528 disceptationibus
2731 5458 3094 5522 versabanms,
3134 5457 3258 5526 quia
3303 5455 3441 5510 ratio
3473 5456 3587 5525 ipsa
3624 5472 3839 5527 posce-

2221 5549 2316 5604 bat
2351 5557 2409 5604 ιιι
2451 5547 2592 5618 apud
2633 5556 2751 5602 acta
2807 5547 3204 5609 ecclesiastica,
3253 5563 3282 5600 a
3331 5545 3585 5599 fratribus
3617 5550 3843 5602 nostris

2223 5640 2478 5695 Faustino
2513 5641 2857 5709 coepiscopo,
2891 5647 2944 5694 et
2972 5638 3238 5710 Philippo,
3269 5647 3322 5693 et
3353 5638 3535 5693 Asello
3566 5654 3841 5708 compta}

2222 5730 2454 5801 sbyteris
2517 5744 2882 5800 qurereremus
2939 5739 2997 5785 ut
3062 5739 3372 5802 promerent
3418 5727 3690 5798 quidquid
3760 5731 3864 5787 eis

2223 5823 2501 5883 nobiscum
2527 5825 2791 5896 agendum
2824 5823 3009 5884 fuisset
3039 5824 3356 5896 injunctum.
3401 5821 3677 5882 Nonnulla
3712 5825 3857 5898 qui-
