  <div class='ocr_page' id='page_1' title='image "/cluster/home/n/w/nwhite01/storage/ocr_20150623/67/hvd.32044073505141/120.png"; bbox 0 0 3988 6344; ppageno 0'>
   <div class='ocr_carea' id='block_1_1' title="bbox 162 340 268 375">
    <p class='ocr_par' dir='ltr' id='par_1_1' title="bbox 162 340 268 375">
     <span class='ocr_line' id='line_1_1' title="bbox 162 340 268 375; baseline 0.019 -2"><span class='ocrx_word' id='word_1_1' title='bbox 162 340 224 375; x_wconf 66' lang='lat' dir='ltr'><strong>QO</strong></span> <span class='ocrx_word' id='word_1_2' title='bbox 239 340 268 375; x_wconf 57' lang='grc' dir='ltr'>τ</span> 
     </span>
    </p>
   </div>
   <div class='ocr_carea' id='block_1_2' title="bbox 162 362 269 395">
    <p class='ocr_par' dir='ltr' id='par_1_2' title="bbox 162 362 269 395">
     <span class='ocr_line' id='line_1_2' title="bbox 162 362 269 395; baseline -0.009 0"><span class='ocrx_word' id='word_1_3' title='bbox 162 362 269 395; x_wconf 62' lang='grc' dir='ltr'><strong>ἔζη</strong></span> 
     </span>
    </p>
   </div>
   <div class='ocr_carea' id='block_1_3' title="bbox 1131 339 2452 408">
    <p class='ocr_par' dir='ltr' id='par_1_3' title="bbox 1131 339 2452 408">
     <span class='ocr_line' id='line_1_3' title="bbox 1131 339 2452 408; baseline 0.008 -12"><span class='ocrx_word' id='word_1_4' title='bbox 1131 339 1353 396; x_wconf 76' lang='lat' dir='ltr'><strong>CODEX</strong></span> <span class='ocrx_word' id='word_1_5' title='bbox 1391 341 1716 400; x_wconf 78' lang='lat' dir='ltr'><strong>CANONUM</strong></span> <span class='ocrx_word' id='word_1_6' title='bbox 1752 344 2375 404; x_wconf 78' lang='lat' dir='ltr'><strong>ECCLESIASTICORU</strong></span> <span class='ocrx_word' id='word_1_7' title='bbox 2386 350 2452 408; x_wconf 77' lang='grc' dir='ltr'><strong>Μ.</strong></span> 
     </span>
    </p>
   </div>
   <div class='ocr_carea' id='block_1_4' title="bbox 3343 363 3444 418">
    <p class='ocr_par' dir='ltr' id='par_1_4' title="bbox 3343 363 3444 418">
     <span class='ocr_line' id='line_1_4' title="bbox 3343 363 3444 418; baseline 0.02 -3"><span class='ocrx_word' id='word_1_8' title='bbox 3343 363 3444 418; x_wconf 65' lang='lat'><strong>226</strong></span> 
     </span>
    </p>
   </div>
   <div class='ocr_carea' id='block_1_5' title="bbox 159 450 3445 539">
    <p class='ocr_par' dir='ltr' id='par_1_5' title="bbox 159 450 3445 539">
     <span class='ocr_line' id='line_1_5' title="bbox 159 450 3445 539; baseline 0.005 -31"><span class='ocrx_word' id='word_1_9' title='bbox 159 455 286 508; x_wconf 86' lang='lat' dir='ltr'><strong>dem</strong></span> <span class='ocrx_word' id='word_1_10' title='bbox 316 452 433 507; x_wconf 90' lang='lat' dir='ltr'><strong>sine</strong></span> <span class='ocrx_word' id='word_1_11' title='bbox 463 450 570 505; x_wconf 90' lang='lat' dir='ltr'><strong>ullo</strong></span> <span class='ocrx_word' id='word_1_12' title='bbox 597 451 798 520; x_wconf 81' lang='lat' dir='ltr'><strong>scripto</strong></span> <span class='ocrx_word' id='word_1_13' title='bbox 822 451 1092 520; x_wconf 87' lang='lat' dir='ltr'><strong>prosecuti</strong></span> <span class='ocrx_word' id='word_1_14' title='bbox 1122 461 1247 507; x_wconf 81' lang='lat' dir='ltr'><strong>sunt</strong></span> <span class='ocrx_word' id='word_1_15' title='bbox 1277 454 1476 520; x_wconf 86' lang='lat' dir='ltr'><strong>verbis,</strong></span> <span class='ocrx_word' id='word_1_16' title='bbox 1506 455 1598 509; x_wconf 90' lang='lat' dir='ltr'><strong>sed</strong></span> <span class='ocrx_word' id='word_1_17' title='bbox 1630 472 1750 511; x_wconf 88' lang='lat' dir='ltr'><strong>cum</strong></span> <span class='ocrx_word' id='word_1_18' title='bbox 1782 468 1827 525; x_wconf 73' lang='grc' dir='ltr'><strong>Α</strong></span> <span class='ocrx_word' id='word_1_19' title='bbox 1856 459 2142 514; x_wconf 89' lang='lat' dir='ltr'><strong>sanctitate</strong></span> <span class='ocrx_word' id='word_1_20' title='bbox 2174 459 2426 516; x_wconf 69' lang='lat' dir='ltr'><strong>Romanm</strong></span> <span class='ocrx_word' id='word_1_21' title='bbox 2449 460 2704 518; x_wconf 77' lang='lat' dir='ltr'><strong>Ecelesize</strong></span> <span class='ocrx_word' id='word_1_22' title='bbox 2731 466 3080 539; x_wconf 55' lang='lat' dir='ltr'><strong>praesidente,</strong></span> <span class='ocrx_word' id='word_1_23' title='bbox 3119 486 3226 528; x_wconf 88' lang='lat' dir='ltr'><strong>non</strong></span> <span class='ocrx_word' id='word_1_24' title='bbox 3257 487 3445 526; x_wconf 86' lang='lat' dir='ltr'><strong>sumus</strong></span> 
     </span>
    </p>
   </div>
   <div class='ocr_carea' id='block_1_6' title="bbox 161 542 1754 614">
    <p class='ocr_par' dir='ltr' id='par_1_6' title="bbox 161 542 1754 614">
     <span class='ocr_line' id='line_1_6' title="bbox 161 542 1754 614; baseline 0 -15"><span class='ocrx_word' id='word_1_25' title='bbox 161 547 213 599; x_wconf 87' lang='lat' dir='ltr'><strong>iJ</strong></span> <span class='ocrx_word' id='word_1_26' title='bbox 239 544 420 614; x_wconf 84' lang='lat' dir='ltr'><strong>potius</strong></span> <span class='ocrx_word' id='word_1_27' title='bbox 449 542 833 612; x_wconf 81' lang='lat' dir='ltr'><strong>flagitaremus,</strong></span> <span class='ocrx_word' id='word_1_28' title='bbox 864 543 1009 611; x_wconf 88' lang='lat' dir='ltr'><strong>quod</strong></span> <span class='ocrx_word' id='word_1_29' title='bbox 1043 543 1094 596; x_wconf 87' lang='lat' dir='ltr'><strong>in</strong></span> <span class='ocrx_word' id='word_1_30' title='bbox 1127 542 1322 598; x_wconf 85' lang='lat' dir='ltr'><strong>litteris</strong></span> <span class='ocrx_word' id='word_1_31' title='bbox 1352 545 1575 613; x_wconf 79' lang='lat' dir='ltr'><strong>ferrent,</strong></span> <span class='ocrx_word' id='word_1_32' title='bbox 1606 563 1754 601; x_wconf 91' lang='lat' dir='ltr'><strong>com-</strong></span> 
     </span>
    </p>
   </div>
   <div class='ocr_carea' id='block_1_7' title="bbox 159 633 1753 704">
    <p class='ocr_par' dir='ltr' id='par_1_7' title="bbox 159 633 1753 704">
     <span class='ocr_line' id='line_1_7' title="bbox 159 633 1753 704; baseline 0.001 -15"><span class='ocrx_word' id='word_1_33' title='bbox 159 635 513 690; x_wconf 86' lang='lat' dir='ltr'><strong>monitorium</strong></span> <span class='ocrx_word' id='word_1_34' title='bbox 570 634 930 704; x_wconf 83' lang='lat' dir='ltr'><strong>protulerunt.</strong></span> <span class='ocrx_word' id='word_1_35' title='bbox 1010 633 1164 700; x_wconf 84' lang='lat' dir='ltr'><strong>Quod</strong></span> <span class='ocrx_word' id='word_1_36' title='bbox 1226 636 1508 689; x_wconf 71' lang='lat' dir='ltr'><strong>recitatum</strong></span> <span class='ocrx_word' id='word_1_37' title='bbox 1565 638 1753 704; x_wconf 91' lang='lat' dir='ltr'><strong>nobis,</strong></span> 
     </span>
    </p>
   </div>
   <div class='ocr_carea' id='block_1_8' title="bbox 158 725 1756 798">
    <p class='ocr_par' dir='ltr' id='par_1_8' title="bbox 158 725 1756 798">
     <span class='ocr_line' id='line_1_8' title="bbox 158 725 1756 798; baseline 0.002 -17"><span class='ocrx_word' id='word_1_38' title='bbox 158 728 327 781; x_wconf 87' lang='lat' dir='ltr'><strong>etiam</strong></span> <span class='ocrx_word' id='word_1_39' title='bbox 361 726 529 796; x_wconf 84' lang='lat' dir='ltr'><strong>gestis</strong></span> <span class='ocrx_word' id='word_1_40' title='bbox 557 740 676 794; x_wconf 61' lang='lat' dir='ltr'><strong>quae</strong></span> <span class='ocrx_word' id='word_1_41' title='bbox 723 740 906 780; x_wconf 88' lang='lat' dir='ltr'><strong>secum</strong></span> <span class='ocrx_word' id='word_1_42' title='bbox 937 725 1001 779; x_wconf 90' lang='lat' dir='ltr'><strong>ad</strong></span> <span class='ocrx_word' id='word_1_43' title='bbox 1027 742 1124 780; x_wconf 91' lang='lat' dir='ltr'><strong>vos</strong></span> <span class='ocrx_word' id='word_1_44' title='bbox 1151 726 1416 792; x_wconf 87' lang='lat' dir='ltr'><strong>deferunt,</strong></span> <span class='ocrx_word' id='word_1_45' title='bbox 1449 738 1533 787; x_wconf 83' lang='lat' dir='ltr'><strong>est</strong></span> <span class='ocrx_word' id='word_1_46' title='bbox 1557 730 1756 798; x_wconf 86' lang='lat' dir='ltr'><strong>allega-</strong></span> 
     </span>
    </p>
   </div>
   <div class='ocr_carea' id='block_1_9' title="bbox 162 819 1755 890">
    <p class='ocr_par' dir='ltr' id='par_1_9' title="bbox 162 819 1755 890">
     <span class='ocr_line' id='line_1_9' title="bbox 162 819 1755 890; baseline 0.003 -18"><span class='ocrx_word' id='word_1_47' title='bbox 162 827 297 873; x_wconf 88' lang='lat' dir='ltr'><strong>tum.</strong></span> <span class='ocrx_word' id='word_1_48' title='bbox 351 819 410 872; x_wconf 93' lang='lat' dir='ltr'><strong>ln</strong></span> <span class='ocrx_word' id='word_1_49' title='bbox 436 834 544 889; x_wconf 91' lang='lat' dir='ltr'><strong>quo</strong></span> <span class='ocrx_word' id='word_1_50' title='bbox 574 819 654 874; x_wconf 88' lang='lat' dir='ltr'><strong>eis</strong></span> <span class='ocrx_word' id='word_1_51' title='bbox 681 827 918 888; x_wconf 83' lang='lat' dir='ltr'><strong>quatuor</strong></span> <span class='ocrx_word' id='word_1_52' title='bbox 941 819 1186 888; x_wconf 72' lang='lat' dir='ltr'><strong>qumdam</strong></span> <span class='ocrx_word' id='word_1_53' title='bbox 1239 821 1515 875; x_wconf 86' lang='lat' dir='ltr'><strong>nobiscum</strong></span> <span class='ocrx_word' id='word_1_54' title='bbox 1547 821 1755 890; x_wconf 89' lang='lat' dir='ltr'><strong>agenda</strong></span> 
     </span>
    </p>
   </div>
   <div class='ocr_carea' id='block_1_10' title="bbox 155 910 1757 981">
    <p class='ocr_par' dir='ltr' id='par_1_10' title="bbox 155 910 1757 981">
     <span class='ocr_line' id='line_1_10' title="bbox 155 910 1757 981; baseline 0.002 -17"><span class='ocrx_word' id='word_1_55' title='bbox 155 911 418 964; x_wconf 80' lang='lat' dir='ltr'><strong>mandata</strong></span> <span class='ocrx_word' id='word_1_56' title='bbox 445 920 592 975; x_wconf 82' lang='lat' dir='ltr'><strong>sunt,</strong></span> <span class='ocrx_word' id='word_1_57' title='bbox 626 927 790 964; x_wconf 90' lang='lat' dir='ltr'><strong>unum</strong></span> <span class='ocrx_word' id='word_1_58' title='bbox 812 910 879 964; x_wconf 88' lang='lat' dir='ltr'><strong>de</strong></span> <span class='ocrx_word' id='word_1_59' title='bbox 907 911 1356 980; x_wconf 81' lang='lat' dir='ltr'><strong>appellationibus</strong></span> <span class='ocrx_word' id='word_1_60' title='bbox 1379 912 1757 981; x_wconf 82' lang='lat' dir='ltr'><strong>episc0p0rnm</strong></span> 
     </span>
    </p>
   </div>
   <div class='ocr_carea' id='block_1_11' title="bbox 162 999 1759 1068">
    <p class='ocr_par' dir='ltr' id='par_1_11' title="bbox 162 999 1759 1068">
     <span class='ocr_line' id='line_1_11' title="bbox 162 999 1759 1068; baseline 0.002 -13"><span class='ocrx_word' id='word_1_61' title='bbox 162 1002 228 1057; x_wconf 85' lang='lat' dir='ltr'><strong>ad</strong></span> <span class='ocrx_word' id='word_1_62' title='bbox 260 1001 521 1056; x_wconf 53' lang='lat' dir='ltr'><strong>Romana</strong></span> <span class='ocrx_word' id='word_1_63' title='bbox 551 999 804 1055; x_wconf 72' lang='lat' dir='ltr'><strong>Ecclesim</strong></span> <span class='ocrx_word' id='word_1_64' title='bbox 855 1001 1231 1068; x_wconf 82' lang='lat' dir='ltr'><strong>sacerdotem;</strong></span> <span class='ocrx_word' id='word_1_65' title='bbox 1281 1003 1526 1068; x_wconf 89' lang='lat' dir='ltr'><strong>alterum,</strong></span> <span class='ocrx_word' id='word_1_66' title='bbox 1578 1019 1646 1057; x_wconf 92' lang='lat' dir='ltr'><strong>ne</strong></span> <span class='ocrx_word' id='word_1_67' title='bbox 1691 1004 1759 1058; x_wconf 88' lang='lat' dir='ltr'><strong>ad</strong></span> 
     </span>
    </p>
   </div>
   <div class='ocr_carea' id='block_1_12' title="bbox 163 1092 1758 1162">
    <p class='ocr_par' dir='ltr' id='par_1_12' title="bbox 163 1092 1758 1162">
     <span class='ocr_line' id='line_1_12' title="bbox 163 1092 1758 1162; baseline -0.001 -14"><span class='ocrx_word' id='word_1_68' title='bbox 163 1094 486 1149; x_wconf 87' lang='lat' dir='ltr'><strong>comitatum</strong></span> <span class='ocrx_word' id='word_1_69' title='bbox 515 1093 755 1162; x_wconf 87' lang='lat' dir='ltr'><strong>episc0pi</strong></span> <span class='ocrx_word' id='word_1_70' title='bbox 787 1092 1093 1162; x_wconf 88' lang='lat' dir='ltr'><strong>importune</strong></span> <span class='ocrx_word' id='word_1_71' title='bbox 1120 1093 1373 1161; x_wconf 89' lang='lat' dir='ltr'><strong>navigent</strong></span> <span class='ocrx_word' id='word_1_72' title='bbox 1400 1110 1414 1159; x_wconf 91' lang='lat'><strong>;</strong></span> <span class='ocrx_word' id='word_1_73' title='bbox 1450 1093 1665 1147; x_wconf 89' lang='lat' dir='ltr'><strong>tertium</strong></span> <span class='ocrx_word' id='word_1_74' title='bbox 1691 1094 1758 1148; x_wconf 93' lang='lat' dir='ltr'><strong>de</strong></span> 
     </span>
    </p>
   </div>
   <div class='ocr_carea' id='block_1_13' title="bbox 164 1181 1759 1252">
    <p class='ocr_par' dir='ltr' id='par_1_13' title="bbox 164 1181 1759 1252">
     <span class='ocr_line' id='line_1_13' title="bbox 164 1181 1759 1252; baseline -0.001 -14"><span class='ocrx_word' id='word_1_75' title='bbox 164 1183 463 1239; x_wconf 79' lang='lat' dir='ltr'><strong>tractandis</strong></span> <span class='ocrx_word' id='word_1_76' title='bbox 494 1183 929 1252; x_wconf 81' lang='lat' dir='ltr'><strong>presbyterorum</strong></span> <span class='ocrx_word' id='word_1_77' title='bbox 962 1190 1018 1236; x_wconf 90' lang='lat' dir='ltr'><strong>et</strong></span> <span class='ocrx_word' id='word_1_78' title='bbox 1047 1181 1395 1237; x_wconf 91' lang='lat' dir='ltr'><strong>diaconorum</strong></span> <span class='ocrx_word' id='word_1_79' title='bbox 1419 1183 1597 1237; x_wconf 82' lang='lat' dir='ltr'><strong>causis</strong></span> <span class='ocrx_word' id='word_1_80' title='bbox 1619 1183 1759 1252; x_wconf 89' lang='lat' dir='ltr'><strong>apud</strong></span> 
     </span>
    </p>
   </div>
   <div class='ocr_carea' id='block_1_14' title="bbox 165 1273 1761 1343">
    <p class='ocr_par' dir='ltr' id='par_1_14' title="bbox 165 1273 1761 1343">
     <span class='ocr_line' id='line_1_14' title="bbox 165 1273 1761 1343; baseline 0.001 -16"><span class='ocrx_word' id='word_1_81' title='bbox 165 1275 428 1330; x_wconf 84' lang='lat' dir='ltr'><strong>ﬁnitimos</strong></span> <span class='ocrx_word' id='word_1_82' title='bbox 456 1275 759 1343; x_wconf 85' lang='lat' dir='ltr'><strong>episcopos,</strong></span> <span class='ocrx_word' id='word_1_83' title='bbox 792 1273 836 1326; x_wconf 88' lang='lat' dir='ltr'><strong>si</strong></span> <span class='ocrx_word' id='word_1_84' title='bbox 881 1289 910 1326; x_wconf 88' lang='lat' dir='ltr'><strong>a</strong></span> <span class='ocrx_word' id='word_1_85' title='bbox 937 1273 1048 1326; x_wconf 90' lang='lat' dir='ltr'><strong>suis</strong></span> <span class='ocrx_word' id='word_1_86' title='bbox 1085 1273 1538 1327; x_wconf 76' lang='lat' dir='ltr'><strong>excommunicati</strong></span> <span class='ocrx_word' id='word_1_87' title='bbox 1566 1289 1761 1343; x_wconf 88' lang='lat' dir='ltr'><strong>perpe-</strong></span> 
     </span>
    </p>
   </div>
   <div class='ocr_carea' id='block_1_15' title="bbox 161 1361 1759 1434">
    <p class='ocr_par' dir='ltr' id='par_1_15' title="bbox 161 1361 1759 1434">
     <span class='ocr_line' id='line_1_15' title="bbox 161 1361 1759 1434; baseline 0.001 -17"><span class='ocrx_word' id='word_1_88' title='bbox 161 1379 277 1417; x_wconf 86' lang='lat' dir='ltr'><strong>ram</strong></span> <span class='ocrx_word' id='word_1_89' title='bbox 309 1362 554 1427; x_wconf 81' lang='lat' dir='ltr'><strong>fuerint;</strong></span> <span class='ocrx_word' id='word_1_90' title='bbox 602 1370 856 1431; x_wconf 89' lang='lat' dir='ltr'><strong>quartum</strong></span> <span class='ocrx_word' id='word_1_91' title='bbox 902 1361 970 1416; x_wconf 90' lang='lat' dir='ltr'><strong>de</strong></span> <span class='ocrx_word' id='word_1_92' title='bbox 1002 1361 1222 1419; x_wconf 90' lang='lat' dir='ltr'><strong>Urbano</strong></span> <span class='ocrx_word' id='word_1_93' title='bbox 1255 1363 1506 1434; x_wconf 89' lang='lat' dir='ltr'><strong>episcopo</strong></span> <span class='ocrx_word' id='word_1_94' title='bbox 1536 1379 1759 1418; x_wconf 86' lang='lat' dir='ltr'><strong>excom-</strong></span> 
     </span>
    </p>
   </div>
   <div class='ocr_carea' id='block_1_16' title="bbox 161 1451 1760 1522">
    <p class='ocr_par' dir='ltr' id='par_1_16' title="bbox 161 1451 1760 1522">
     <span class='ocr_line' id='line_1_16' title="bbox 161 1451 1760 1522; baseline 0.001 -15"><span class='ocrx_word' id='word_1_95' title='bbox 161 1452 516 1517; x_wconf 86' lang='lat' dir='ltr'><strong>municaudo,</strong></span> <span class='ocrx_word' id='word_1_96' title='bbox 543 1453 629 1506; x_wconf 91' lang='lat' dir='ltr'><strong>vel</strong></span> <span class='ocrx_word' id='word_1_97' title='bbox 657 1452 819 1507; x_wconf 90' lang='lat' dir='ltr'><strong>etiam</strong></span> <span class='ocrx_word' id='word_1_98' title='bbox 850 1451 1078 1506; x_wconf 83' lang='lat' dir='ltr'><strong>Romam</strong></span> <span class='ocrx_word' id='word_1_99' title='bbox 1110 1454 1373 1519; x_wconf 86' lang='lat' dir='ltr'><strong>vocando,</strong></span> <span class='ocrx_word' id='word_1_100' title='bbox 1411 1454 1512 1508; x_wconf 86' lang='lat' dir='ltr'><strong>nisi</strong></span> <span class='ocrx_word' id='word_1_101' title='bbox 1554 1469 1616 1508; x_wconf 89' lang='lat' dir='ltr'><strong>ea</strong></span> <span class='ocrx_word' id='word_1_102' title='bbox 1642 1469 1760 1522; x_wconf 74' lang='lat' dir='ltr'><strong>qua:</strong></span> 
     </span>
    </p>
   </div>
   <div class='ocr_carea' id='block_1_17' title="bbox 159 1543 1759 1611">
    <p class='ocr_par' dir='ltr' id='par_1_17' title="bbox 159 1543 1759 1611">
     <span class='ocr_line' id='line_1_17' title="bbox 159 1543 1759 1611; baseline 0.001 -13"><span class='ocrx_word' id='word_1_103' title='bbox 159 1543 492 1599; x_wconf 72' lang='lat' dir='ltr'><strong>videbantur</strong></span> <span class='ocrx_word' id='word_1_104' title='bbox 519 1543 837 1611; x_wconf 85' lang='lat' dir='ltr'><strong>corrigenda</strong></span> <span class='ocrx_word' id='word_1_105' title='bbox 868 1545 1185 1611; x_wconf 84' lang='lat' dir='ltr'><strong>corrigeret.</strong></span> <span class='ocrx_word' id='word_1_106' title='bbox 1225 1543 1465 1610; x_wconf 91' lang='lat' dir='ltr'><strong>Quorum</strong></span> <span class='ocrx_word' id='word_1_107' title='bbox 1520 1547 1759 1601; x_wconf 91' lang='lat' dir='ltr'><strong>omnium</strong></span> 
     </span>
    </p>
   </div>
   <div class='ocr_carea' id='block_1_18' title="bbox 160 1635 1760 1707">
    <p class='ocr_par' dir='ltr' id='par_1_18' title="bbox 160 1635 1760 1707">
     <span class='ocr_line' id='line_1_18' title="bbox 160 1635 1760 1707; baseline 0 -16"><span class='ocrx_word' id='word_1_108' title='bbox 160 1637 232 1692; x_wconf 88' lang='lat' dir='ltr'><strong>de</strong></span> <span class='ocrx_word' id='word_1_109' title='bbox 255 1637 435 1707; x_wconf 90' lang='lat' dir='ltr'><strong>primo</strong></span> <span class='ocrx_word' id='word_1_110' title='bbox 466 1644 522 1691; x_wconf 90' lang='lat' dir='ltr'><strong>et</strong></span> <span class='ocrx_word' id='word_1_111' title='bbox 552 1637 734 1703; x_wconf 92' lang='lat' dir='ltr'><strong>tertio,</strong></span> <span class='ocrx_word' id='word_1_112' title='bbox 767 1635 818 1689; x_wconf 90' lang='lat' dir='ltr'><strong>id</strong></span> <span class='ocrx_word' id='word_1_113' title='bbox 871 1644 975 1702; x_wconf 91' lang='lat' dir='ltr'><strong>est,</strong></span> <span class='ocrx_word' id='word_1_114' title='bbox 1006 1645 1066 1690; x_wconf 90' lang='lat' dir='ltr'><strong>ut</strong></span> <span class='ocrx_word' id='word_1_115' title='bbox 1095 1635 1322 1690; x_wconf 85' lang='lat' dir='ltr'><strong>Romam</strong></span> <span class='ocrx_word' id='word_1_116' title='bbox 1359 1636 1521 1691; x_wconf 89' lang='lat' dir='ltr'><strong>liceat</strong></span> <span class='ocrx_word' id='word_1_117' title='bbox 1548 1637 1760 1707; x_wconf 82' lang='lat' dir='ltr'><strong>episco-</strong></span> 
     </span>
    </p>
   </div>
   <div class='ocr_carea' id='block_1_19' title="bbox 161 1731 1760 1803">
    <p class='ocr_par' dir='ltr' id='par_1_19' title="bbox 161 1731 1760 1803">
     <span class='ocr_line' id='line_1_19' title="bbox 161 1731 1760 1803; baseline -0.001 -17"><span class='ocrx_word' id='word_1_118' title='bbox 161 1733 243 1803; x_wconf 87' lang='lat' dir='ltr'><strong>pis</strong></span> <span class='ocrx_word' id='word_1_119' title='bbox 274 1747 602 1802; x_wconf 71' lang='lat' dir='ltr'><strong>provocare,</strong></span> <span class='ocrx_word' id='word_1_120' title='bbox 645 1739 701 1786; x_wconf 92' lang='lat' dir='ltr'><strong>et</strong></span> <span class='ocrx_word' id='word_1_121' title='bbox 728 1739 785 1786; x_wconf 91' lang='lat' dir='ltr'><strong>ut</strong></span> <span class='ocrx_word' id='word_1_122' title='bbox 819 1731 1139 1786; x_wconf 90' lang='lat' dir='ltr'><strong>clericorum</strong></span> <span class='ocrx_word' id='word_1_123' title='bbox 1169 1746 1346 1786; x_wconf 70' lang='lat' dir='ltr'><strong>causa:</strong></span> <span class='ocrx_word' id='word_1_124' title='bbox 1374 1731 1515 1801; x_wconf 91' lang='lat' dir='ltr'><strong>apud</strong></span> <span class='ocrx_word' id='word_1_125' title='bbox 1545 1746 1760 1786; x_wconf 90' lang='lat' dir='ltr'><strong>suarum</strong></span> 
     </span>
    </p>
   </div>
   <div class='ocr_carea' id='block_1_20' title="bbox 1855 549 3443 632">
    <p class='ocr_par' dir='ltr' id='par_1_20' title="bbox 1855 549 3443 632">
     <span class='ocr_line' id='line_1_20' title="bbox 1855 549 3443 632; baseline 0.009 -29"><span class='ocrx_word' id='word_1_126' title='bbox 1855 549 1963 619; x_wconf 87' lang='lat' dir='ltr'><strong>jam</strong></span> <span class='ocrx_word' id='word_1_127' title='bbox 1997 553 2154 606; x_wconf 85' lang='lat' dir='ltr'><strong>istum</strong></span> <span class='ocrx_word' id='word_1_128' title='bbox 2187 555 2405 624; x_wconf 90' lang='lat' dir='ltr'><strong>typhum</strong></span> <span class='ocrx_word' id='word_1_129' title='bbox 2430 557 2656 624; x_wconf 88' lang='lat' dir='ltr'><strong>passuri.</strong></span> <span class='ocrx_word' id='word_1_130' title='bbox 2689 555 2753 611; x_wconf 86' lang='lat' dir='ltr'><strong>Et</strong></span> <span class='ocrx_word' id='word_1_131' title='bbox 2781 562 3140 616; x_wconf 90' lang='lat' dir='ltr'><strong>servabuntur</strong></span> <span class='ocrx_word' id='word_1_132' title='bbox 3164 577 3289 632; x_wconf 82' lang='lat' dir='ltr'><strong>erga</strong></span> <span class='ocrx_word' id='word_1_133' title='bbox 3320 580 3443 631; x_wconf 88' lang='lat' dir='ltr'><strong>nos,</strong></span> 
     </span>
    </p>
   </div>
   <div class='ocr_carea' id='block_1_21' title="bbox 1859 645 3444 714">
    <p class='ocr_par' dir='ltr' id='par_1_21' title="bbox 1859 645 3444 714">
     <span class='ocr_line' id='line_1_21' title="bbox 1859 645 3444 714; baseline 0.008 -18"><span class='ocrx_word' id='word_1_134' title='bbox 1859 658 1978 712; x_wconf 75' lang='lat' dir='ltr'><strong>qua:</strong></span> <span class='ocrx_word' id='word_1_135' title='bbox 2009 645 2161 699; x_wconf 90' lang='lat' dir='ltr'><strong>nobis</strong></span> <span class='ocrx_word' id='word_1_136' title='bbox 2185 646 2346 699; x_wconf 88' lang='lat' dir='ltr'><strong>etiam</strong></span> <span class='ocrx_word' id='word_1_137' title='bbox 2373 663 2478 701; x_wconf 93' lang='lat' dir='ltr'><strong>non</strong></span> <span class='ocrx_word' id='word_1_138' title='bbox 2505 647 2890 704; x_wconf 83' lang='lat' dir='ltr'><strong>disserentibus</strong></span> <span class='ocrx_word' id='word_1_139' title='bbox 2911 653 3167 714; x_wconf 82' lang='lat' dir='ltr'><strong>custodiri</strong></span> <span class='ocrx_word' id='word_1_140' title='bbox 3189 654 3444 710; x_wconf 85' lang='lat' dir='ltr'><strong>debeant.</strong></span> 
     </span>
    </p>
   </div>
   <div class='ocr_carea' id='block_1_22' title="bbox 1858 734 3441 812">
    <p class='ocr_par' dir='ltr' id='par_1_22' title="bbox 1858 734 3441 812">
     <span class='ocr_line' id='line_1_22' title="bbox 1858 734 3441 812; baseline 0.007 -25"><span class='ocrx_word' id='word_1_141' title='bbox 1858 735 1990 789; x_wconf 82' lang='lat' dir='ltr'><strong>Cum</strong></span> <span class='ocrx_word' id='word_1_142' title='bbox 2041 734 2276 790; x_wconf 89' lang='lat' dir='ltr'><strong>fraterna</strong></span> <span class='ocrx_word' id='word_1_143' title='bbox 2315 739 2600 803; x_wconf 88' lang='lat' dir='ltr'><strong>charitate,</strong></span> <span class='ocrx_word' id='word_1_144' title='bbox 2643 755 2762 808; x_wconf 69' lang='lat' dir='ltr'><strong>qua:</strong></span> <span class='ocrx_word' id='word_1_145' title='bbox 2793 741 3092 796; x_wconf 87' lang='lat' dir='ltr'><strong>secundum</strong></span> <span class='ocrx_word' id='word_1_146' title='bbox 3121 744 3441 812; x_wconf 82' lang='lat' dir='ltr'><strong>sapientiam</strong></span> 
     </span>
    </p>
   </div>
   <div class='ocr_carea' id='block_1_23' title="bbox 1860 827 3441 896">
    <p class='ocr_par' dir='ltr' id='par_1_23' title="bbox 1860 827 3441 896">
     <span class='ocr_line' id='line_1_23' title="bbox 1860 827 3441 896; baseline 0.006 -18"><span class='ocrx_word' id='word_1_147' title='bbox 1860 835 2020 893; x_wconf 85' lang='lat' dir='ltr'><strong>atque</strong></span> <span class='ocrx_word' id='word_1_148' title='bbox 2041 827 2299 893; x_wconf 81' lang='lat' dir='ltr'><strong>justitiam</strong></span> <span class='ocrx_word' id='word_1_149' title='bbox 2331 842 2490 895; x_wconf 89' lang='lat' dir='ltr'><strong>quam</strong></span> <span class='ocrx_word' id='word_1_150' title='bbox 2521 830 2615 882; x_wconf 89' lang='lat' dir='ltr'><strong>tibi</strong></span> <span class='ocrx_word' id='word_1_151' title='bbox 2664 829 2884 884; x_wconf 90' lang='lat' dir='ltr'><strong>donavit</strong></span> <span class='ocrx_word' id='word_1_152' title='bbox 2923 833 3247 896; x_wconf 62' lang='lat' dir='ltr'><strong>Altissimus,</strong></span> <span class='ocrx_word' id='word_1_153' title='bbox 3279 835 3441 888; x_wconf 83' lang='lat' dir='ltr'><strong>etiam</strong></span> 
     </span>
    </p>
   </div>
   <div class='ocr_carea' id='block_1_24' title="bbox 1860 914 3443 984">
    <p class='ocr_par' dir='ltr' id='par_1_24' title="bbox 1860 914 3443 984">
     <span class='ocr_line' id='line_1_24' title="bbox 1860 914 3443 984; baseline 0.006 -18"><span class='ocrx_word' id='word_1_154' title='bbox 1860 914 1974 984; x_wconf 87' lang='lat' dir='ltr'><strong>ipse</strong></span> <span class='ocrx_word' id='word_1_155' title='bbox 2005 916 2261 984; x_wconf 83' lang='lat' dir='ltr'><strong>perspicis</strong></span> <span class='ocrx_word' id='word_1_156' title='bbox 2291 932 2409 970; x_wconf 63' lang='lat' dir='ltr'><strong>esse</strong></span> <span class='ocrx_word' id='word_1_157' title='bbox 2435 918 2716 981; x_wconf 86' lang='lat' dir='ltr'><strong>servanda,</strong></span> <span class='ocrx_word' id='word_1_158' title='bbox 2750 919 2792 971; x_wconf 84' lang='lat' dir='ltr'><strong>si</strong></span> <span class='ocrx_word' id='word_1_159' title='bbox 2824 918 2963 972; x_wconf 90' lang='lat' dir='ltr'><strong>forte</strong></span> <span class='ocrx_word' id='word_1_160' title='bbox 2990 921 3146 973; x_wconf 88' lang='lat' dir='ltr'><strong>aliter</strong></span> <span class='ocrx_word' id='word_1_161' title='bbox 3167 936 3224 976; x_wconf 88' lang='lat' dir='ltr'><strong>se</strong></span> <span class='ocrx_word' id='word_1_162' title='bbox 3247 922 3443 976; x_wconf 90' lang='lat' dir='ltr'><strong>habent</strong></span> 
     </span>
    </p>
   </div>
   <div class='ocr_carea' id='block_1_25' title="bbox 1862 1006 3444 1078">
    <p class='ocr_par' dir='ltr' id='par_1_25' title="bbox 1862 1006 3444 1078">
     <span class='ocr_line' id='line_1_25' title="bbox 1862 1006 3444 1078; baseline 0.004 -20"><span class='ocrx_word' id='word_1_163' title='bbox 1862 1022 2098 1059; x_wconf 83' lang='lat' dir='ltr'><strong>canones</strong></span> <span class='ocrx_word' id='word_1_164' title='bbox 2124 1007 2337 1060; x_wconf 79' lang='lat' dir='ltr'><strong>concilii</strong></span> <span class='ocrx_word' id='word_1_165' title='bbox 2387 1006 2610 1060; x_wconf 74' lang='lat' dir='ltr'><strong>Niczcni.</strong></span> <span class='ocrx_word' id='word_1_166' title='bbox 2657 1007 2912 1074; x_wconf 75' lang='lat' dir='ltr'><strong>Quamvis</strong></span> <span class='ocrx_word' id='word_1_167' title='bbox 2939 1009 3194 1078; x_wconf 83' lang='lat' dir='ltr'><strong>plurimos</strong></span> <span class='ocrx_word' id='word_1_168' title='bbox 3227 1011 3444 1064; x_wconf 82' lang='lat' dir='ltr'><strong>codices</strong></span> 
     </span>
    </p>
   </div>
   <div class='ocr_carea' id='block_1_26' title="bbox 1861 1092 3443 1165">
    <p class='ocr_par' dir='ltr' id='par_1_26' title="bbox 1861 1092 3443 1165">
     <span class='ocr_line' id='line_1_26' title="bbox 1861 1092 3443 1165; baseline 0.004 -19"><span class='ocrx_word' id='word_1_169' title='bbox 1861 1092 2180 1162; x_wconf 83' lang='lat' dir='ltr'><strong>legeremus,</strong></span> <span class='ocrx_word' id='word_1_170' title='bbox 2220 1094 2313 1149; x_wconf 90' lang='lat' dir='ltr'><strong>sed</strong></span> <span class='ocrx_word' id='word_1_171' title='bbox 2341 1111 2602 1165; x_wconf 88' lang='lat' dir='ltr'><strong>nusquam</strong></span> <span class='ocrx_word' id='word_1_172' title='bbox 2635 1097 2684 1149; x_wconf 95' lang='lat' dir='ltr'><strong>in</strong></span> <span class='ocrx_word' id='word_1_173' title='bbox 2716 1097 2936 1152; x_wconf 73' lang='lat' dir='ltr'><strong>Nicmno</strong></span> <span class='ocrx_word' id='word_1_174' title='bbox 2964 1098 3216 1164; x_wconf 89' lang='lat' dir='ltr'><strong>concilio,</strong></span> <span class='ocrx_word' id='word_1_175' title='bbox 3251 1099 3303 1152; x_wconf 89' lang='lat' dir='ltr'><strong>in</strong></span> <span class='ocrx_word' id='word_1_176' title='bbox 3339 1098 3443 1153; x_wconf 85' lang='lat' dir='ltr'><strong>La-</strong></span> 
     </span>
    </p>
   </div>
   <div class='ocr_carea' id='block_1_27' title="bbox 1863 1186 3444 1258">
    <p class='ocr_par' dir='ltr' id='par_1_27' title="bbox 1863 1186 3444 1258">
     <span class='ocr_line' id='line_1_27' title="bbox 1863 1186 3444 1258; baseline 0.004 -20"><span class='ocrx_word' id='word_1_177' title='bbox 1863 1186 1988 1239; x_wconf 91' lang='lat' dir='ltr'><strong>tinis</strong></span> <span class='ocrx_word' id='word_1_178' title='bbox 2017 1187 2289 1242; x_wconf 78' lang='lat' dir='ltr'><strong>codicibus</strong></span> <span class='ocrx_word' id='word_1_179' title='bbox 2315 1187 2558 1255; x_wconf 82' lang='lat' dir='ltr'><strong>legimus,</strong></span> <span class='ocrx_word' id='word_1_180' title='bbox 2585 1188 3033 1255; x_wconf 82' lang='lat' dir='ltr'><strong>quemadmodum</strong></span> <span class='ocrx_word' id='word_1_181' title='bbox 3059 1190 3110 1242; x_wconf 92' lang='lat' dir='ltr'><strong>in</strong></span> <span class='ocrx_word' id='word_1_182' title='bbox 3134 1191 3444 1258; x_wconf 88' lang='lat' dir='ltr'><strong>supradicto</strong></span> 
     </span>
    </p>
   </div>
   <div class='ocr_carea' id='block_1_28' title="bbox 1862 1279 3443 1351">
    <p class='ocr_par' dir='ltr' id='par_1_28' title="bbox 1862 1279 3443 1351">
     <span class='ocr_line' id='line_1_28' title="bbox 1862 1279 3443 1351; baseline 0.003 -19"><span class='ocrx_word' id='word_1_183' title='bbox 1862 1280 2300 1347; x_wconf 89' lang='lat' dir='ltr'><strong>commonitorio,</strong></span> <span class='ocrx_word' id='word_1_184' title='bbox 2357 1279 2480 1333; x_wconf 86' lang='lat' dir='ltr'><strong>inde</strong></span> <span class='ocrx_word' id='word_1_185' title='bbox 2509 1280 2713 1334; x_wconf 86' lang='lat' dir='ltr'><strong>directa</strong></span> <span class='ocrx_word' id='word_1_186' title='bbox 2753 1288 2897 1333; x_wconf 90' lang='lat' dir='ltr'><strong>sunt.</strong></span> <span class='ocrx_word' id='word_1_187' title='bbox 2949 1280 3082 1334; x_wconf 89' lang='lat' dir='ltr'><strong>Tum</strong></span> <span class='ocrx_word' id='word_1_188' title='bbox 3115 1282 3239 1351; x_wconf 90' lang='lat' dir='ltr'><strong>quia</strong></span> <span class='ocrx_word' id='word_1_189' title='bbox 3271 1282 3358 1335; x_wconf 91' lang='lat' dir='ltr'><strong>hic</strong></span> <span class='ocrx_word' id='word_1_190' title='bbox 3389 1283 3443 1336; x_wconf 90' lang='lat' dir='ltr'><strong>in</strong></span> 
     </span>
    </p>
   </div>
   <div class='ocr_carea' id='block_1_29' title="bbox 1863 1369 3445 1439">
    <p class='ocr_par' dir='ltr' id='par_1_29' title="bbox 1863 1369 3445 1439">
     <span class='ocr_line' id='line_1_29' title="bbox 1863 1369 3445 1439; baseline 0.001 -17"><span class='ocrx_word' id='word_1_191' title='bbox 1863 1369 2011 1423; x_wconf 92' lang='lat' dir='ltr'><strong>nullo</strong></span> <span class='ocrx_word' id='word_1_192' title='bbox 2041 1370 2228 1424; x_wconf 90' lang='lat' dir='ltr'><strong>codice</strong></span> <span class='ocrx_word' id='word_1_193' title='bbox 2252 1369 2441 1425; x_wconf 72' lang='lat' dir='ltr'><strong>Grmco</strong></span> <span class='ocrx_word' id='word_1_194' title='bbox 2471 1385 2533 1424; x_wconf 86' lang='lat' dir='ltr'><strong>ea</strong></span> <span class='ocrx_word' id='word_1_195' title='bbox 2565 1371 2834 1439; x_wconf 90' lang='lat' dir='ltr'><strong>potuimus</strong></span> <span class='ocrx_word' id='word_1_196' title='bbox 2865 1371 3124 1433; x_wconf 88' lang='lat' dir='ltr'><strong>invenire,</strong></span> <span class='ocrx_word' id='word_1_197' title='bbox 3159 1386 3226 1425; x_wconf 79' lang='lat' dir='ltr'><strong>ex</strong></span> <span class='ocrx_word' id='word_1_198' title='bbox 3257 1369 3445 1426; x_wconf 81' lang='lat' dir='ltr'><strong>Orien-</strong></span> 
     </span>
    </p>
   </div>
   <div class='ocr_carea' id='block_1_30' title="bbox 1864 1460 3444 1530">
    <p class='ocr_par' dir='ltr' id='par_1_30' title="bbox 1864 1460 3444 1530">
     <span class='ocr_line' id='line_1_30' title="bbox 1864 1460 3444 1530; baseline 0.002 -16"><span class='ocrx_word' id='word_1_199' title='bbox 1864 1460 2058 1515; x_wconf 88' lang='lat' dir='ltr'><strong>talibus</strong></span> <span class='ocrx_word' id='word_1_200' title='bbox 2103 1460 2391 1525; x_wconf 87' lang='lat' dir='ltr'><strong>Ecclesiis,</strong></span> <span class='ocrx_word' id='word_1_201' title='bbox 2450 1460 2538 1515; x_wconf 90' lang='lat' dir='ltr'><strong>ubi</strong></span> <span class='ocrx_word' id='word_1_202' title='bbox 2585 1461 2935 1530; x_wconf 87' lang='lat' dir='ltr'><strong>perhibentur</strong></span> <span class='ocrx_word' id='word_1_203' title='bbox 2982 1460 3174 1514; x_wconf 89' lang='lat' dir='ltr'><strong>eadem</strong></span> <span class='ocrx_word' id='word_1_204' title='bbox 3227 1461 3444 1518; x_wconf 85' lang='lat' dir='ltr'><strong>decreta</strong></span> 
     </span>
    </p>
   </div>
   <div class='ocr_carea' id='block_1_31' title="bbox 1862 1549 3445 1620">
    <p class='ocr_par' dir='ltr' id='par_1_31' title="bbox 1862 1549 3445 1620">
     <span class='ocr_line' id='line_1_31' title="bbox 1862 1549 3445 1620; baseline -0.001 -16"><span class='ocrx_word' id='word_1_205' title='bbox 1862 1566 2027 1620; x_wconf 84' lang='lat' dir='ltr'><strong>posse</strong></span> <span class='ocrx_word' id='word_1_206' title='bbox 2056 1551 2216 1605; x_wconf 90' lang='lat' dir='ltr'><strong>etiam</strong></span> <span class='ocrx_word' id='word_1_207' title='bbox 2248 1551 2556 1604; x_wconf 89' lang='lat' dir='ltr'><strong>authentiea</strong></span> <span class='ocrx_word' id='word_1_208' title='bbox 2585 1550 2828 1620; x_wconf 90' lang='lat' dir='ltr'><strong>reperiri,</strong></span> <span class='ocrx_word' id='word_1_209' title='bbox 2863 1550 3032 1616; x_wconf 87' lang='lat' dir='ltr'><strong>magis</strong></span> <span class='ocrx_word' id='word_1_210' title='bbox 3060 1550 3214 1604; x_wconf 90' lang='lat' dir='ltr'><strong>nobis</strong></span> <span class='ocrx_word' id='word_1_211' title='bbox 3238 1549 3445 1603; x_wconf 78' lang='lat' dir='ltr'><strong>deside-</strong></span> 
     </span>
    </p>
   </div>
   <div class='ocr_carea' id='block_1_32' title="bbox 1864 1639 3445 1709">
    <p class='ocr_par' dir='ltr' id='par_1_32' title="bbox 1864 1639 3445 1709">
     <span class='ocr_line' id='line_1_32' title="bbox 1864 1639 3445 1709; baseline 0 -16"><span class='ocrx_word' id='word_1_212' title='bbox 1864 1656 2050 1695; x_wconf 86' lang='lat' dir='ltr'><strong>ramus</strong></span> <span class='ocrx_word' id='word_1_213' title='bbox 2078 1640 2277 1694; x_wconf 75' lang='lat' dir='ltr'><strong>afferri.</strong></span> <span class='ocrx_word' id='word_1_214' title='bbox 2308 1639 2412 1694; x_wconf 88' lang='lat' dir='ltr'><strong>Pro</strong></span> <span class='ocrx_word' id='word_1_215' title='bbox 2433 1655 2536 1708; x_wconf 90' lang='lat' dir='ltr'><strong>qua</strong></span> <span class='ocrx_word' id='word_1_216' title='bbox 2559 1655 2619 1694; x_wconf 87' lang='lat' dir='ltr'><strong>re</strong></span> <span class='ocrx_word' id='word_1_217' title='bbox 2642 1649 2784 1692; x_wconf 90' lang='lat' dir='ltr'><strong>tuam</strong></span> <span class='ocrx_word' id='word_1_218' title='bbox 2805 1655 3019 1709; x_wconf 90' lang='lat' dir='ltr'><strong>quoque</strong></span> <span class='ocrx_word' id='word_1_219' title='bbox 3044 1640 3445 1694; x_wconf 82' lang='lat' dir='ltr'><strong>venerationem</strong></span> 
     </span>
    </p>
   </div>
   <div class='ocr_carea' id='block_1_33' title="bbox 1866 1728 3446 1801">
    <p class='ocr_par' dir='ltr' id='par_1_33' title="bbox 1866 1728 3446 1801">
     <span class='ocr_line' id='line_1_33' title="bbox 1866 1728 3446 1801; baseline -0.003 -15"><span class='ocrx_word' id='word_1_220' title='bbox 1866 1732 2230 1797; x_wconf 90' lang='lat' dir='ltr'><strong>obsecramus,</strong></span> <span class='ocrx_word' id='word_1_221' title='bbox 2278 1740 2335 1784; x_wconf 92' lang='lat' dir='ltr'><strong>ut</strong></span> <span class='ocrx_word' id='word_1_222' title='bbox 2365 1732 2603 1786; x_wconf 88' lang='lat' dir='ltr'><strong>scribere</strong></span> <span class='ocrx_word' id='word_1_223' title='bbox 2632 1731 2792 1784; x_wconf 88' lang='lat' dir='ltr'><strong>etiam</strong></span> <span class='ocrx_word' id='word_1_224' title='bbox 2825 1731 2938 1801; x_wconf 90' lang='lat' dir='ltr'><strong>ipse</strong></span> <span class='ocrx_word' id='word_1_225' title='bbox 2966 1729 3202 1796; x_wconf 78' lang='lat' dir='ltr'><strong>digneris</strong></span> <span class='ocrx_word' id='word_1_226' title='bbox 3228 1728 3295 1782; x_wconf 89' lang='lat' dir='ltr'><strong>ad</strong></span> <span class='ocrx_word' id='word_1_227' title='bbox 3325 1728 3446 1782; x_wconf 78' lang='lat' dir='ltr'><strong>illa-</strong></span> 
     </span>
    </p>
   </div>
   <div class='ocr_carea' id='block_1_34' title="bbox 159 1819 3445 1899">
    <p class='ocr_par' dir='ltr' id='par_1_34' title="bbox 159 1819 3445 1899">
     <span class='ocr_line' id='line_1_34' title="bbox 159 1819 3445 1899; baseline -0.002 -21"><span class='ocrx_word' id='word_1_228' title='bbox 159 1825 571 1895; x_wconf 87' lang='lat' dir='ltr'><strong>provinciarum</strong></span> <span class='ocrx_word' id='word_1_229' title='bbox 616 1823 901 1893; x_wconf 87' lang='lat' dir='ltr'><strong>episcopos</strong></span> <span class='ocrx_word' id='word_1_230' title='bbox 933 1823 1186 1878; x_wconf 88' lang='lat' dir='ltr'><strong>liniantur</strong></span> <span class='ocrx_word' id='word_1_231' title='bbox 1209 1863 1224 1887; x_wconf 98' lang='lat'><strong>,</strong></span> <span class='ocrx_word' id='word_1_232' title='bbox 1272 1821 1381 1891; x_wconf 90' lang='lat' dir='ltr'><strong>jam</strong></span> <span class='ocrx_word' id='word_1_233' title='bbox 1412 1823 1592 1891; x_wconf 90' lang='lat' dir='ltr'><strong>priore</strong></span> <span class='ocrx_word' id='word_1_234' title='bbox 1619 1837 1761 1877; x_wconf 91' lang='lat' dir='ltr'><strong>anno</strong></span> <span class='ocrx_word' id='word_1_235' title='bbox 1793 1841 1839 1899; x_wconf 79' lang='grc' dir='ltr'>Β</span> <span class='ocrx_word' id='word_1_236' title='bbox 1867 1838 1983 1876; x_wconf 92' lang='lat' dir='ltr'><strong>rum</strong></span> <span class='ocrx_word' id='word_1_237' title='bbox 2011 1823 2242 1892; x_wconf 89' lang='lat' dir='ltr'><strong>partium</strong></span> <span class='ocrx_word' id='word_1_238' title='bbox 2269 1822 2604 1888; x_wconf 86' lang='lat' dir='ltr'><strong>sacerdotes,</strong></span> <span class='ocrx_word' id='word_1_239' title='bbox 2635 1821 2737 1875; x_wconf 91' lang='lat' dir='ltr'><strong>hoc</strong></span> <span class='ocrx_word' id='word_1_240' title='bbox 2766 1829 2849 1874; x_wconf 88' lang='lat' dir='ltr'><strong>est</strong></span> <span class='ocrx_word' id='word_1_241' title='bbox 2878 1820 3130 1874; x_wconf 75' lang='lat' dir='ltr'><strong>Ecclesia:</strong></span> <span class='ocrx_word' id='word_1_242' title='bbox 3157 1819 3445 1873; x_wconf 82' lang='lat' dir='ltr'><strong>Antioche-</strong></span> 
     </span>
    </p>
   </div>
   <div class='ocr_carea' id='block_1_35' title="bbox 159 1912 1760 1968">
    <p class='ocr_par' dir='ltr' id='par_1_35' title="bbox 159 1912 1760 1968">
     <span class='ocr_line' id='line_1_35' title="bbox 159 1912 1760 1968; baseline 0 0"><span class='ocrx_word' id='word_1_243' title='bbox 159 1915 328 1968; x_wconf 87' lang='lat' dir='ltr'><strong>etiam</strong></span> <span class='ocrx_word' id='word_1_244' title='bbox 358 1914 555 1968; x_wconf 90' lang='lat' dir='ltr'><strong>litteris</strong></span> <span class='ocrx_word' id='word_1_245' title='bbox 599 1914 796 1968; x_wconf 90' lang='lat' dir='ltr'><strong>nostris</strong></span> <span class='ocrx_word' id='word_1_246' title='bbox 825 1913 892 1967; x_wconf 90' lang='lat' dir='ltr'><strong>ad</strong></span> <span class='ocrx_word' id='word_1_247' title='bbox 922 1913 1169 1968; x_wconf 91' lang='lat' dir='ltr'><strong>eumdem</strong></span> <span class='ocrx_word' id='word_1_248' title='bbox 1195 1912 1518 1968; x_wconf 85' lang='lat' dir='ltr'><strong>venerabilis</strong></span> <span class='ocrx_word' id='word_1_249' title='bbox 1548 1928 1760 1968; x_wconf 90' lang='lat' dir='ltr'><strong>memo-</strong></span> 
     </span>
    </p>
   </div>
   <div class='ocr_carea' id='block_1_36' title="bbox 160 2003 1758 2075">
    <p class='ocr_par' dir='ltr' id='par_1_36' title="bbox 160 2003 1758 2075">
     <span class='ocr_line' id='line_1_36' title="bbox 160 2003 1758 2075; baseline -0.003 -13"><span class='ocrx_word' id='word_1_250' title='bbox 160 2008 255 2062; x_wconf 71' lang='lat' dir='ltr'><strong>rim</strong></span> <span class='ocrx_word' id='word_1_251' title='bbox 284 2006 564 2060; x_wconf 83' lang='lat' dir='ltr'><strong>Zosimum</strong></span> <span class='ocrx_word' id='word_1_252' title='bbox 595 2005 909 2075; x_wconf 88' lang='lat' dir='ltr'><strong>episcopum</strong></span> <span class='ocrx_word' id='word_1_253' title='bbox 931 2003 1093 2072; x_wconf 89' lang='lat' dir='ltr'><strong>datis,</strong></span> <span class='ocrx_word' id='word_1_254' title='bbox 1132 2003 1404 2058; x_wconf 91' lang='lat' dir='ltr'><strong>insinuare</strong></span> <span class='ocrx_word' id='word_1_255' title='bbox 1433 2004 1758 2067; x_wconf 85' lang='lat' dir='ltr'><strong>curavimus,</strong></span> 
     </span>
    </p>
   </div>
   <div class='ocr_carea' id='block_1_37' title="bbox 158 2094 1759 2165">
    <p class='ocr_par' dir='ltr' id='par_1_37' title="bbox 158 2094 1759 2165">
     <span class='ocr_line' id='line_1_37' title="bbox 158 2094 1759 2165; baseline -0.002 -11"><span class='ocrx_word' id='word_1_256' title='bbox 158 2110 220 2154; x_wconf 89' lang='lat' dir='ltr'><strong>ut</strong></span> <span class='ocrx_word' id='word_1_257' title='bbox 249 2115 317 2154; x_wconf 88' lang='lat' dir='ltr'><strong>ea</strong></span> <span class='ocrx_word' id='word_1_258' title='bbox 351 2113 574 2153; x_wconf 84' lang='lat' dir='ltr'><strong>servare</strong></span> <span class='ocrx_word' id='word_1_259' title='bbox 604 2099 722 2152; x_wconf 88' lang='lat' dir='ltr'><strong>sine</strong></span> <span class='ocrx_word' id='word_1_260' title='bbox 749 2096 857 2150; x_wconf 87' lang='lat' dir='ltr'><strong>ulla</strong></span> <span class='ocrx_word' id='word_1_261' title='bbox 888 2094 1004 2165; x_wconf 91' lang='lat' dir='ltr'><strong>ejus</strong></span> <span class='ocrx_word' id='word_1_262' title='bbox 1025 2095 1220 2164; x_wconf 88' lang='lat' dir='ltr'><strong>injuria</strong></span> <span class='ocrx_word' id='word_1_263' title='bbox 1251 2095 1522 2164; x_wconf 90' lang='lat' dir='ltr'><strong>paulisper</strong></span> <span class='ocrx_word' id='word_1_264' title='bbox 1549 2095 1759 2150; x_wconf 88' lang='lat' dir='ltr'><strong>sinere-</strong></span> 
     </span>
    </p>
   </div>
   <div class='ocr_carea' id='block_1_38' title="bbox 160 2186 1763 2260">
    <p class='ocr_par' dir='ltr' id='par_1_38' title="bbox 160 2186 1763 2260">
     <span class='ocr_line' id='line_1_38' title="bbox 160 2186 1763 2260; baseline -0.004 -14"><span class='ocrx_word' id='word_1_265' title='bbox 160 2208 305 2255; x_wconf 88' lang='lat' dir='ltr'><strong>mus,</strong></span> <span class='ocrx_word' id='word_1_266' title='bbox 341 2205 516 2260; x_wconf 88' lang='lat' dir='ltr'><strong>usque</strong></span> <span class='ocrx_word' id='word_1_267' title='bbox 545 2188 613 2242; x_wconf 91' lang='lat' dir='ltr'><strong>ad</strong></span> <span class='ocrx_word' id='word_1_268' title='bbox 643 2188 1047 2258; x_wconf 90' lang='lat' dir='ltr'><strong>inquisitionem</strong></span> <span class='ocrx_word' id='word_1_269' title='bbox 1076 2195 1401 2242; x_wconf 90' lang='lat' dir='ltr'><strong>statutorum</strong></span> <span class='ocrx_word' id='word_1_270' title='bbox 1426 2187 1639 2242; x_wconf 91' lang='lat' dir='ltr'><strong>concilii</strong></span> <span class='ocrx_word' id='word_1_271' title='bbox 1671 2186 1763 2240; x_wconf 86' lang='lat' dir='ltr'><strong>Ni-</strong></span> 
     </span>
    </p>
   </div>
   <div class='ocr_carea' id='block_1_39' title="bbox 157 2281 1759 2350">
    <p class='ocr_par' dir='ltr' id='par_1_39' title="bbox 157 2281 1759 2350">
     <span class='ocr_line' id='line_1_39' title="bbox 157 2281 1759 2350; baseline -0.002 -11"><span class='ocrx_word' id='word_1_272' title='bbox 157 2285 320 2339; x_wconf 74' lang='lat' dir='ltr'><strong>ceni.</strong></span> <span class='ocrx_word' id='word_1_273' title='bbox 355 2281 422 2336; x_wconf 86' lang='lat' dir='ltr'><strong>Et</strong></span> <span class='ocrx_word' id='word_1_274' title='bbox 453 2297 596 2339; x_wconf 87' lang='lat' dir='ltr'><strong>nunc</strong></span> <span class='ocrx_word' id='word_1_275' title='bbox 624 2281 690 2336; x_wconf 90' lang='lat' dir='ltr'><strong>de</strong></span> <span class='ocrx_word' id='word_1_276' title='bbox 719 2290 808 2334; x_wconf 90' lang='lat' dir='ltr'><strong>tua</strong></span> <span class='ocrx_word' id='word_1_277' title='bbox 839 2281 1108 2350; x_wconf 87' lang='lat' dir='ltr'><strong>poscimus</strong></span> <span class='ocrx_word' id='word_1_278' title='bbox 1143 2281 1430 2336; x_wconf 90' lang='lat' dir='ltr'><strong>sanctitate</strong></span> <span class='ocrx_word' id='word_1_279' title='bbox 1457 2287 1535 2346; x_wconf 87' lang='lat' dir='ltr'><strong>ut,</strong></span> <span class='ocrx_word' id='word_1_280' title='bbox 1567 2296 1759 2350; x_wconf 89' lang='lat' dir='ltr'><strong>quem—</strong></span> 
     </span>
    </p>
   </div>
   <div class='ocr_carea' id='block_1_40' title="bbox 159 2367 1759 2440">
    <p class='ocr_par' dir='ltr' id='par_1_40' title="bbox 159 2367 1759 2440">
     <span class='ocr_line' id='line_1_40' title="bbox 159 2367 1759 2440; baseline -0.003 -13"><span class='ocrx_word' id='word_1_281' title='bbox 159 2372 465 2428; x_wconf 86' lang='lat' dir='ltr'><strong>admodum</strong></span> <span class='ocrx_word' id='word_1_282' title='bbox 513 2386 577 2426; x_wconf 90' lang='lat' dir='ltr'><strong>ea</strong></span> <span class='ocrx_word' id='word_1_283' title='bbox 644 2370 786 2440; x_wconf 90' lang='lat' dir='ltr'><strong>apud</strong></span> <span class='ocrx_word' id='word_1_284' title='bbox 843 2369 1075 2424; x_wconf 71' lang='lat' dir='ltr'><strong>Nicmam</strong></span> <span class='ocrx_word' id='word_1_285' title='bbox 1122 2384 1155 2422; x_wconf 88' lang='lat' dir='ltr'><strong>a</strong></span> <span class='ocrx_word' id='word_1_286' title='bbox 1203 2367 1450 2424; x_wconf 83' lang='lat' dir='ltr'><strong>Patribus</strong></span> <span class='ocrx_word' id='word_1_287' title='bbox 1503 2377 1620 2424; x_wconf 89' lang='lat' dir='ltr'><strong>acta</strong></span> <span class='ocrx_word' id='word_1_288' title='bbox 1675 2370 1759 2424; x_wconf 88' lang='lat' dir='ltr'><strong>vel</strong></span> 
     </span>
    </p>
   </div>
   <div class='ocr_carea' id='block_1_41' title="bbox 155 2461 1761 2532">
    <p class='ocr_par' dir='ltr' id='par_1_41' title="bbox 155 2461 1761 2532">
     <span class='ocr_line' id='line_1_41' title="bbox 155 2461 1761 2532; baseline -0.002 -14"><span class='ocrx_word' id='word_1_289' title='bbox 155 2464 466 2518; x_wconf 81' lang='lat' dir='ltr'><strong>constituta</strong></span> <span class='ocrx_word' id='word_1_290' title='bbox 495 2469 641 2528; x_wconf 90' lang='lat' dir='ltr'><strong>sunt,</strong></span> <span class='ocrx_word' id='word_1_291' title='bbox 691 2462 772 2516; x_wconf 92' lang='lat' dir='ltr'><strong>sic</strong></span> <span class='ocrx_word' id='word_1_292' title='bbox 820 2476 884 2515; x_wconf 89' lang='lat' dir='ltr'><strong>ea</strong></span> <span class='ocrx_word' id='word_1_293' title='bbox 924 2476 953 2514; x_wconf 90' lang='lat' dir='ltr'><strong>a</strong></span> <span class='ocrx_word' id='word_1_294' title='bbox 981 2461 1138 2516; x_wconf 91' lang='lat' dir='ltr'><strong>nobis</strong></span> <span class='ocrx_word' id='word_1_295' title='bbox 1181 2461 1324 2515; x_wconf 91' lang='lat' dir='ltr'><strong>facta</strong></span> <span class='ocrx_word' id='word_1_296' title='bbox 1373 2461 1652 2529; x_wconf 89' lang='lat' dir='ltr'><strong>custodiri,</strong></span> <span class='ocrx_word' id='word_1_297' title='bbox 1697 2471 1761 2532; x_wconf 64' lang='grc' dir='ltr'><strong>,ει</strong></span> 
     </span>
    </p>
   </div>
   <div class='ocr_carea' id='block_1_42' title="bbox 153 2556 1757 2628">
    <p class='ocr_par' dir='ltr' id='par_1_42' title="bbox 153 2556 1757 2628">
     <span class='ocr_line' id='line_1_42' title="bbox 153 2556 1757 2628; baseline -0.002 -16"><span class='ocrx_word' id='word_1_298' title='bbox 153 2559 234 2612; x_wconf 87' lang='lat' dir='ltr'><strong>ibi</strong></span> <span class='ocrx_word' id='word_1_299' title='bbox 264 2556 415 2628; x_wconf 88' lang='lat' dir='ltr'><strong>apud</strong></span> <span class='ocrx_word' id='word_1_300' title='bbox 446 2572 544 2612; x_wconf 87' lang='lat' dir='ltr'><strong>vos</strong></span> <span class='ocrx_word' id='word_1_301' title='bbox 586 2557 688 2610; x_wconf 90' lang='lat' dir='ltr'><strong>ista</strong></span> <span class='ocrx_word' id='word_1_302' title='bbox 725 2570 845 2626; x_wconf 86' lang='lat' dir='ltr'><strong>quae</strong></span> <span class='ocrx_word' id='word_1_303' title='bbox 875 2556 928 2610; x_wconf 91' lang='lat' dir='ltr'><strong>in</strong></span> <span class='ocrx_word' id='word_1_304' title='bbox 977 2556 1396 2610; x_wconf 91' lang='lat' dir='ltr'><strong>eommonitorio</strong></span> <span class='ocrx_word' id='word_1_305' title='bbox 1442 2556 1757 2620; x_wconf 89' lang='lat' dir='ltr'><strong>attulerunt,</strong></span> 
     </span>
    </p>
   </div>
   <div class='ocr_carea' id='block_1_43' title="bbox 153 2646 1754 2717">
    <p class='ocr_par' dir='ltr' id='par_1_43' title="bbox 153 2646 1754 2717">
     <span class='ocr_line' id='line_1_43' title="bbox 153 2646 1754 2717; baseline -0.001 -15"><span class='ocrx_word' id='word_1_306' title='bbox 153 2646 335 2703; x_wconf 79' lang='lat' dir='ltr'><strong>facias</strong></span> <span class='ocrx_word' id='word_1_307' title='bbox 365 2647 610 2702; x_wconf 80' lang='lat' dir='ltr'><strong>exerceri</strong></span> <span class='ocrx_word' id='word_1_308' title='bbox 638 2666 650 2699; x_wconf 94' lang='lat'>:</span> <span class='ocrx_word' id='word_1_309' title='bbox 684 2646 735 2701; x_wconf 91' lang='lat' dir='ltr'><strong>id</strong></span> <span class='ocrx_word' id='word_1_310' title='bbox 765 2655 867 2712; x_wconf 90' lang='lat' dir='ltr'><strong>est,</strong></span> <span class='ocrx_word' id='word_1_311' title='bbox 899 2647 944 2703; x_wconf 90' lang='lat' dir='ltr'><strong>si</strong></span> <span class='ocrx_word' id='word_1_312' title='bbox 965 2648 1252 2717; x_wconf 90' lang='lat' dir='ltr'><strong>episcopus</strong></span> <span class='ocrx_word' id='word_1_313' title='bbox 1273 2655 1556 2702; x_wconf 88' lang='lat' dir='ltr'><strong>accusatus</strong></span> <span class='ocrx_word' id='word_1_314' title='bbox 1580 2646 1754 2714; x_wconf 88' lang='lat' dir='ltr'><strong>fuerit,</strong></span> 
     </span>
    </p>
   </div>
   <div class='ocr_carea' id='block_1_44' title="bbox 153 2736 1754 2807">
    <p class='ocr_par' dir='ltr' id='par_1_44' title="bbox 153 2736 1754 2807">
     <span class='ocr_line' id='line_1_44' title="bbox 153 2736 1754 2807; baseline 0.001 -17"><span class='ocrx_word' id='word_1_315' title='bbox 153 2746 216 2790; x_wconf 88' lang='lat' dir='ltr'><strong>et</strong></span> <span class='ocrx_word' id='word_1_316' title='bbox 240 2736 617 2805; x_wconf 81' lang='lat' dir='ltr'><strong>judicaverint</strong></span> <span class='ocrx_word' id='word_1_317' title='bbox 662 2737 975 2804; x_wconf 78' lang='lat' dir='ltr'><strong>congregati</strong></span> <span class='ocrx_word' id='word_1_318' title='bbox 1012 2737 1254 2807; x_wconf 89' lang='lat' dir='ltr'><strong>episcopi</strong></span> <span class='ocrx_word' id='word_1_319' title='bbox 1302 2737 1538 2807; x_wconf 85' lang='lat' dir='ltr'><strong>regionis</strong></span> <span class='ocrx_word' id='word_1_320' title='bbox 1567 2737 1754 2806; x_wconf 88' lang='lat' dir='ltr'><strong>ipsius.</strong></span> 
     </span>
    </p>
   </div>
   <div class='ocr_carea' id='block_1_45' title="bbox 157 2825 1760 2896">
    <p class='ocr_par' dir='ltr' id='par_1_45' title="bbox 157 2825 1760 2896">
     <span class='ocr_line' id='line_1_45' title="bbox 157 2825 1760 2896; baseline -0.001 -15"><span class='ocrx_word' id='word_1_321' title='bbox 157 2835 215 2881; x_wconf 88' lang='lat' dir='ltr'><strong>et</strong></span> <span class='ocrx_word' id='word_1_322' title='bbox 243 2826 318 2881; x_wconf 90' lang='lat' dir='ltr'><strong>de</strong></span> <span class='ocrx_word' id='word_1_323' title='bbox 348 2825 522 2895; x_wconf 89' lang='lat' dir='ltr'><strong>gradu</strong></span> <span class='ocrx_word' id='word_1_324' title='bbox 546 2841 646 2880; x_wconf 90' lang='lat' dir='ltr'><strong>suo</strong></span> <span class='ocrx_word' id='word_1_325' title='bbox 675 2825 969 2896; x_wconf 87' lang='lat' dir='ltr'><strong>dejecerint</strong></span> <span class='ocrx_word' id='word_1_326' title='bbox 998 2841 1141 2891; x_wconf 92' lang='lat' dir='ltr'><strong>eum,</strong></span> <span class='ocrx_word' id='word_1_327' title='bbox 1166 2834 1220 2880; x_wconf 93' lang='lat' dir='ltr'><strong>et</strong></span> <span class='ocrx_word' id='word_1_328' title='bbox 1248 2826 1550 2895; x_wconf 86' lang='lat' dir='ltr'><strong>appellasse</strong></span> <span class='ocrx_word' id='word_1_329' title='bbox 1579 2826 1760 2880; x_wconf 88' lang='lat' dir='ltr'><strong>videa-</strong></span> 
     </span>
    </p>
   </div>
   <div class='ocr_carea' id='block_1_46' title="bbox 157 2906 1759 2982">
    <p class='ocr_par' dir='ltr' id='par_1_46' title="bbox 157 2906 1759 2982">
     <span class='ocr_line' id='line_1_46' title="bbox 157 2906 1759 2982; baseline 0.001 -14"><span class='ocrx_word' id='word_1_330' title='bbox 157 2925 268 2979; x_wconf 88' lang='lat' dir='ltr'><strong>tur,</strong></span> <span class='ocrx_word' id='word_1_331' title='bbox 303 2924 364 2968; x_wconf 89' lang='lat' dir='ltr'><strong>et</strong></span> <span class='ocrx_word' id='word_1_332' title='bbox 393 2914 699 2982; x_wconf 78' lang='lat' dir='ltr'><strong>confugerit</strong></span> <span class='ocrx_word' id='word_1_333' title='bbox 726 2915 790 2968; x_wconf 92' lang='lat' dir='ltr'><strong>ad</strong></span> <span class='ocrx_word' id='word_1_334' title='bbox 817 2915 1185 2970; x_wconf 88' lang='lat' dir='ltr'><strong>beatissimum</strong></span> <span class='ocrx_word' id='word_1_335' title='bbox 1216 2906 1470 2970; x_wconf 73' lang='lat' dir='ltr'><strong>Ecclesia:</strong></span> <span class='ocrx_word' id='word_1_336' title='bbox 1502 2914 1759 2970; x_wconf 73' lang='lat' dir='ltr'><strong>Romana:</strong></span> 
     </span>
    </p>
   </div>
   <div class='ocr_carea' id='block_1_47' title="bbox 158 3006 1761 3077">
    <p class='ocr_par' dir='ltr' id='par_1_47' title="bbox 158 3006 1761 3077">
     <span class='ocr_line' id='line_1_47' title="bbox 158 3006 1761 3077; baseline 0.001 -17"><span class='ocrx_word' id='word_1_337' title='bbox 158 3007 505 3076; x_wconf 87' lang='lat' dir='ltr'><strong>episcopum,</strong></span> <span class='ocrx_word' id='word_1_338' title='bbox 555 3014 609 3060; x_wconf 90' lang='lat' dir='ltr'><strong>et</strong></span> <span class='ocrx_word' id='word_1_339' title='bbox 636 3006 868 3061; x_wconf 89' lang='lat' dir='ltr'><strong>voluerit</strong></span> <span class='ocrx_word' id='word_1_340' title='bbox 918 3006 1109 3074; x_wconf 89' lang='lat' dir='ltr'><strong>audiri,</strong></span> <span class='ocrx_word' id='word_1_341' title='bbox 1156 3014 1211 3061; x_wconf 92' lang='lat' dir='ltr'><strong>et</strong></span> <span class='ocrx_word' id='word_1_342' title='bbox 1241 3007 1446 3076; x_wconf 89' lang='lat' dir='ltr'><strong>justum</strong></span> <span class='ocrx_word' id='word_1_343' title='bbox 1491 3009 1761 3077; x_wconf 82' lang='lat' dir='ltr'><strong>putaverit</strong></span> 
     </span>
    </p>
   </div>
   <div class='ocr_carea' id='block_1_48' title="bbox 158 3098 1762 3170">
    <p class='ocr_par' dir='ltr' id='par_1_48' title="bbox 158 3098 1762 3170">
     <span class='ocr_line' id='line_1_48' title="bbox 158 3098 1762 3170; baseline 0.001 -17"><span class='ocrx_word' id='word_1_344' title='bbox 158 3107 219 3153; x_wconf 89' lang='lat' dir='ltr'><strong>ut</strong></span> <span class='ocrx_word' id='word_1_345' title='bbox 244 3106 544 3154; x_wconf 77' lang='lat' dir='ltr'><strong>renovetur</strong></span> <span class='ocrx_word' id='word_1_346' title='bbox 563 3113 813 3164; x_wconf 79' lang='lat' dir='ltr'><strong>examen,</strong></span> <span class='ocrx_word' id='word_1_347' title='bbox 837 3099 1073 3154; x_wconf 90' lang='lat' dir='ltr'><strong>scribere</strong></span> <span class='ocrx_word' id='word_1_348' title='bbox 1112 3098 1196 3153; x_wconf 91' lang='lat' dir='ltr'><strong>his</strong></span> <span class='ocrx_word' id='word_1_349' title='bbox 1215 3099 1482 3170; x_wconf 88' lang='lat' dir='ltr'><strong>episcopis</strong></span> <span class='ocrx_word' id='word_1_350' title='bbox 1513 3100 1762 3168; x_wconf 87' lang='lat' dir='ltr'><strong>dignetur</strong></span> 
     </span>
    </p>
   </div>
   <div class='ocr_carea' id='block_1_49' title="bbox 1863 1908 3446 1980">
    <p class='ocr_par' dir='ltr' id='par_1_49' title="bbox 1863 1908 3446 1980">
     <span class='ocr_line' id='line_1_49' title="bbox 1863 1908 3446 1980; baseline -0.002 -14"><span class='ocrx_word' id='word_1_351' title='bbox 1863 1928 1967 1980; x_wconf 72' lang='lat' dir='ltr'><strong>nte,</strong></span> <span class='ocrx_word' id='word_1_352' title='bbox 2001 1913 2377 1967; x_wconf 59' lang='lat' dir='ltr'><strong>Alexandrina)</strong></span> <span class='ocrx_word' id='word_1_353' title='bbox 2406 1921 2460 1966; x_wconf 92' lang='lat' dir='ltr'><strong>et</strong></span> <span class='ocrx_word' id='word_1_354' title='bbox 2503 1911 3134 1980; x_wconf 73' lang='lat' dir='ltr'><strong>Constantinopolitanm.</strong></span> <span class='ocrx_word' id='word_1_355' title='bbox 3169 1908 3300 1964; x_wconf 81' lang='lat' dir='ltr'><strong>Etsi</strong></span> <span class='ocrx_word' id='word_1_356' title='bbox 3328 1908 3446 1963; x_wconf 85' lang='lat' dir='ltr'><strong>aliis</strong></span> 
     </span>
    </p>
   </div>
   <div class='ocr_carea' id='block_1_50' title="bbox 1863 2002 3445 2078">
    <p class='ocr_par' dir='ltr' id='par_1_50' title="bbox 1863 2002 3445 2078">
     <span class='ocr_line' id='line_1_50' title="bbox 1863 2002 3445 2078; baseline -0.002 -17"><span class='ocrx_word' id='word_1_357' title='bbox 1863 2010 2028 2062; x_wconf 83' lang='lat' dir='ltr'><strong>etiam</strong></span> <span class='ocrx_word' id='word_1_358' title='bbox 2060 2016 2162 2063; x_wconf 70' lang='lat' dir='ltr'><strong>tute</strong></span> <span class='ocrx_word' id='word_1_359' title='bbox 2191 2007 2454 2078; x_wconf 88' lang='lat' dir='ltr'><strong>placuerit</strong></span> <span class='ocrx_word' id='word_1_360' title='bbox 2481 2005 2777 2072; x_wconf 89' lang='lat' dir='ltr'><strong>sanctitati,</strong></span> <span class='ocrx_word' id='word_1_361' title='bbox 2830 2012 2887 2057; x_wconf 93' lang='lat' dir='ltr'><strong>ut</strong></span> <span class='ocrx_word' id='word_1_362' title='bbox 2915 2003 3040 2056; x_wconf 91' lang='lat' dir='ltr'><strong>inde</strong></span> <span class='ocrx_word' id='word_1_363' title='bbox 3065 2002 3130 2056; x_wconf 92' lang='lat' dir='ltr'><strong>ad</strong></span> <span class='ocrx_word' id='word_1_364' title='bbox 3160 2017 3257 2056; x_wconf 91' lang='lat' dir='ltr'><strong>nos</strong></span> <span class='ocrx_word' id='word_1_365' title='bbox 3286 2002 3445 2058; x_wconf 91' lang='lat' dir='ltr'><strong>iidem</strong></span> 
     </span>
    </p>
   </div>
   <div class='ocr_carea' id='block_1_51' title="bbox 1861 2092 3444 2169">
    <p class='ocr_par' dir='ltr' id='par_1_51' title="bbox 1861 2092 3444 2169">
     <span class='ocr_line' id='line_1_51' title="bbox 1861 2092 3444 2169; baseline -0.004 -15"><span class='ocrx_word' id='word_1_366' title='bbox 1861 2115 2098 2154; x_wconf 88' lang='lat' dir='ltr'><strong>canones</strong></span> <span class='ocrx_word' id='word_1_367' title='bbox 2119 2099 2260 2169; x_wconf 87' lang='lat' dir='ltr'><strong>apud</strong></span> <span class='ocrx_word' id='word_1_368' title='bbox 2287 2098 2518 2153; x_wconf 69' lang='lat' dir='ltr'><strong>Nicmam</strong></span> <span class='ocrx_word' id='word_1_369' title='bbox 2540 2097 2812 2150; x_wconf 90' lang='lat' dir='ltr'><strong>civitatem</strong></span> <span class='ocrx_word' id='word_1_370' title='bbox 2838 2110 2867 2147; x_wconf 91' lang='lat' dir='ltr'><strong>a</strong></span> <span class='ocrx_word' id='word_1_371' title='bbox 2897 2092 3144 2148; x_wconf 85' lang='lat' dir='ltr'><strong>Patribus</strong></span> <span class='ocrx_word' id='word_1_372' title='bbox 3165 2093 3444 2148; x_wconf 86' lang='lat' dir='ltr'><strong>constituti</strong></span> 
     </span>
    </p>
   </div>
   <div class='ocr_carea' id='block_1_52' title="bbox 1862 2185 3444 2264">
    <p class='ocr_par' dir='ltr' id='par_1_52' title="bbox 1862 2185 3444 2264">
     <span class='ocr_line' id='line_1_52' title="bbox 1862 2185 3444 2264; baseline -0.006 -16"><span class='ocrx_word' id='word_1_373' title='bbox 1862 2194 2102 2261; x_wconf 82' lang='lat' dir='ltr'><strong>veniant,</strong></span> <span class='ocrx_word' id='word_1_374' title='bbox 2135 2202 2187 2248; x_wconf 88' lang='lat' dir='ltr'><strong>te</strong></span> <span class='ocrx_word' id='word_1_375' title='bbox 2217 2193 2553 2264; x_wconf 88' lang='lat' dir='ltr'><strong>potissimum</strong></span> <span class='ocrx_word' id='word_1_376' title='bbox 2582 2190 2688 2243; x_wconf 90' lang='lat' dir='ltr'><strong>hoc</strong></span> <span class='ocrx_word' id='word_1_377' title='bbox 2715 2186 3034 2242; x_wconf 90' lang='lat' dir='ltr'><strong>beneﬁcium</strong></span> <span class='ocrx_word' id='word_1_378' title='bbox 3064 2187 3269 2240; x_wconf 89' lang='lat' dir='ltr'><strong>cunctis</strong></span> <span class='ocrx_word' id='word_1_379' title='bbox 3291 2185 3444 2240; x_wconf 86' lang='lat' dir='ltr'><strong>Occi-</strong></span> 
     </span>
    </p>
   </div>
   <div class='ocr_carea' id='block_1_53' title="bbox 1861 2275 3442 2346">
    <p class='ocr_par' dir='ltr' id='par_1_53' title="bbox 1861 2275 3442 2346">
     <span class='ocr_line' id='line_1_53' title="bbox 1861 2275 3442 2346; baseline -0.008 -4"><span class='ocrx_word' id='word_1_380' title='bbox 1861 2287 2164 2344; x_wconf 88' lang='lat' dir='ltr'><strong>dentalibus</strong></span> <span class='ocrx_word' id='word_1_381' title='bbox 2192 2283 2447 2338; x_wconf 89' lang='lat' dir='ltr'><strong>Ecelesiis</strong></span> <span class='ocrx_word' id='word_1_382' title='bbox 2472 2282 2526 2336; x_wconf 89' lang='lat' dir='ltr'><strong>in</strong></span> <span class='ocrx_word' id='word_1_383' title='bbox 2553 2279 2766 2335; x_wconf 91' lang='lat' dir='ltr'><strong>Domini</strong></span> <span class='ocrx_word' id='word_1_384' title='bbox 2798 2278 3064 2346; x_wconf 84' lang='lat' dir='ltr'><strong>adjutorio</strong></span> <span class='ocrx_word' id='word_1_385' title='bbox 3105 2275 3442 2331; x_wconf 80' lang='lat' dir='ltr'><strong>conferente.</strong></span> 
     </span>
    </p>
   </div>
   <div class='ocr_carea' id='block_1_54' title="bbox 1862 2370 3441 2447">
    <p class='ocr_par' dir='ltr' id='par_1_54' title="bbox 1862 2370 3441 2447">
     <span class='ocr_line' id='line_1_54' title="bbox 1862 2370 3441 2447; baseline -0.007 -12"><span class='ocrx_word' id='word_1_386' title='bbox 1862 2381 1992 2447; x_wconf 89' lang='lat' dir='ltr'><strong>Quis</strong></span> <span class='ocrx_word' id='word_1_387' title='bbox 2015 2379 2160 2435; x_wconf 89' lang='lat' dir='ltr'><strong>enim</strong></span> <span class='ocrx_word' id='word_1_388' title='bbox 2189 2377 2397 2432; x_wconf 89' lang='lat' dir='ltr'><strong>dubitet</strong></span> <span class='ocrx_word' id='word_1_389' title='bbox 2425 2375 2754 2444; x_wconf 83' lang='lat' dir='ltr'><strong>exemplaria</strong></span> <span class='ocrx_word' id='word_1_390' title='bbox 2785 2389 2905 2428; x_wconf 90' lang='lat' dir='ltr'><strong>esse</strong></span> <span class='ocrx_word' id='word_1_391' title='bbox 2928 2371 3202 2427; x_wconf 90' lang='lat' dir='ltr'><strong>verissima</strong></span> <span class='ocrx_word' id='word_1_392' title='bbox 3230 2370 3441 2425; x_wconf 90' lang='lat' dir='ltr'><strong>concilii</strong></span> 
     </span>
    </p>
   </div>
   <div class='ocr_carea' id='block_1_55' title="bbox 1861 2461 3442 2535">
    <p class='ocr_par' dir='ltr' id='par_1_55' title="bbox 1861 2461 3442 2535">
     <span class='ocr_line' id='line_1_55' title="bbox 1861 2461 3442 2535; baseline -0.008 -9"><span class='ocrx_word' id='word_1_393' title='bbox 1861 2470 2060 2526; x_wconf 82' lang='lat' dir='ltr'><strong>Nicaeni</strong></span> <span class='ocrx_word' id='word_1_394' title='bbox 2100 2470 2154 2524; x_wconf 88' lang='lat' dir='ltr'><strong>in</strong></span> <span class='ocrx_word' id='word_1_395' title='bbox 2182 2467 2388 2522; x_wconf 71' lang='lat' dir='ltr'><strong>Grtecia</strong></span> <span class='ocrx_word' id='word_1_396' title='bbox 2437 2466 2768 2535; x_wconf 86' lang='lat' dir='ltr'><strong>congregati,</strong></span> <span class='ocrx_word' id='word_1_397' title='bbox 2819 2479 2937 2533; x_wconf 83' lang='lat' dir='ltr'><strong>quae</strong></span> <span class='ocrx_word' id='word_1_398' title='bbox 2979 2463 3047 2517; x_wconf 92' lang='lat' dir='ltr'><strong>de</strong></span> <span class='ocrx_word' id='word_1_399' title='bbox 3077 2471 3185 2515; x_wconf 89' lang='lat' dir='ltr'><strong>tam</strong></span> <span class='ocrx_word' id='word_1_400' title='bbox 3216 2461 3442 2516; x_wconf 86' lang='lat' dir='ltr'><strong>diversis</strong></span> 
     </span>
    </p>
   </div>
   <div class='ocr_carea' id='block_1_56' title="bbox 1862 2555 3445 2619">
    <p class='ocr_par' dir='ltr' id='par_1_56' title="bbox 1862 2555 3445 2619">
     <span class='ocr_line' id='line_1_56' title="bbox 1862 2555 3445 2619; baseline -0.008 -1"><span class='ocrx_word' id='word_1_401' title='bbox 1862 2564 1996 2619; x_wconf 88' lang='lat' dir='ltr'><strong>locis</strong></span> <span class='ocrx_word' id='word_1_402' title='bbox 2020 2571 2074 2618; x_wconf 94' lang='lat' dir='ltr'><strong>et</strong></span> <span class='ocrx_word' id='word_1_403' title='bbox 2102 2562 2169 2617; x_wconf 89' lang='lat' dir='ltr'><strong>de</strong></span> <span class='ocrx_word' id='word_1_404' title='bbox 2199 2560 2467 2616; x_wconf 91' lang='lat' dir='ltr'><strong>nobilibus</strong></span> <span class='ocrx_word' id='word_1_405' title='bbox 2496 2558 2694 2614; x_wconf 64' lang='lat' dir='ltr'><strong>Graecis</strong></span> <span class='ocrx_word' id='word_1_406' title='bbox 2716 2556 2966 2611; x_wconf 86' lang='lat' dir='ltr'><strong>Ecelesiis</strong></span> <span class='ocrx_word' id='word_1_407' title='bbox 3000 2555 3159 2608; x_wconf 91' lang='lat' dir='ltr'><strong>allata</strong></span> <span class='ocrx_word' id='word_1_408' title='bbox 3198 2563 3253 2608; x_wconf 92' lang='lat' dir='ltr'><strong>et</strong></span> <span class='ocrx_word' id='word_1_409' title='bbox 3291 2568 3445 2608; x_wconf 84' lang='lat' dir='ltr'><strong>com-</strong></span> 
     </span>
    </p>
   </div>
   <div class='ocr_carea' id='block_1_57' title="bbox 1862 2644 3443 2725">
    <p class='ocr_par' dir='ltr' id='par_1_57' title="bbox 1862 2644 3443 2725">
     <span class='ocr_line' id='line_1_57' title="bbox 1862 2644 3443 2725; baseline -0.004 -21"><span class='ocrx_word' id='word_1_410' title='bbox 1862 2662 2049 2725; x_wconf 89' lang='lat' dir='ltr'><strong>parata</strong></span> <span class='ocrx_word' id='word_1_411' title='bbox 2093 2650 2468 2708; x_wconf 89' lang='lat' dir='ltr'><strong>concordant?</strong></span> <span class='ocrx_word' id='word_1_412' title='bbox 2515 2647 2668 2715; x_wconf 88' lang='lat' dir='ltr'><strong>Quod</strong></span> <span class='ocrx_word' id='word_1_413' title='bbox 2715 2647 2889 2702; x_wconf 91' lang='lat' dir='ltr'><strong>donec</strong></span> <span class='ocrx_word' id='word_1_414' title='bbox 2917 2645 3027 2712; x_wconf 88' lang='lat' dir='ltr'><strong>ﬁat,</strong></span> <span class='ocrx_word' id='word_1_415' title='bbox 3068 2645 3181 2699; x_wconf 82' lang='lat' dir='ltr'><strong>haec</strong></span> <span class='ocrx_word' id='word_1_416' title='bbox 3223 2659 3341 2712; x_wconf 78' lang='lat' dir='ltr'><strong>quae</strong></span> <span class='ocrx_word' id='word_1_417' title='bbox 3390 2644 3443 2698; x_wconf 92' lang='lat' dir='ltr'><strong>in</strong></span> 
     </span>
    </p>
   </div>
   <div class='ocr_carea' id='block_1_58' title="bbox 1862 2732 3444 2808">
    <p class='ocr_par' dir='ltr' id='par_1_58' title="bbox 1862 2732 3444 2808">
     <span class='ocr_line' id='line_1_58' title="bbox 1862 2732 3444 2808; baseline -0.008 -11"><span class='ocrx_word' id='word_1_418' title='bbox 1862 2741 2278 2798; x_wconf 88' lang='lat' dir='ltr'><strong>commonitorio</strong></span> <span class='ocrx_word' id='word_1_419' title='bbox 2337 2738 2645 2808; x_wconf 89' lang='lat' dir='ltr'><strong>supradicto</strong></span> <span class='ocrx_word' id='word_1_420' title='bbox 2702 2737 2858 2791; x_wconf 92' lang='lat' dir='ltr'><strong>nobis</strong></span> <span class='ocrx_word' id='word_1_421' title='bbox 2904 2735 3132 2803; x_wconf 87' lang='lat' dir='ltr'><strong>allegata</strong></span> <span class='ocrx_word' id='word_1_422' title='bbox 3181 2741 3326 2797; x_wconf 91' lang='lat' dir='ltr'><strong>sunt,</strong></span> <span class='ocrx_word' id='word_1_423' title='bbox 3376 2732 3444 2786; x_wconf 89' lang='lat' dir='ltr'><strong>de</strong></span> 
     </span>
    </p>
   </div>
   <div class='ocr_carea' id='block_1_59' title="bbox 1862 2822 3443 2907">
    <p class='ocr_par' dir='ltr' id='par_1_59' title="bbox 1862 2822 3443 2907">
     <span class='ocr_line' id='line_1_59' title="bbox 1862 2822 3443 2907; baseline -0.007 -18"><span class='ocrx_word' id='word_1_424' title='bbox 1862 2834 2311 2907; x_wconf 88' lang='lat' dir='ltr'><strong>appellationibus</strong></span> <span class='ocrx_word' id='word_1_425' title='bbox 2347 2833 2724 2902; x_wconf 88' lang='lat' dir='ltr'><strong>episcoporum</strong></span> <span class='ocrx_word' id='word_1_426' title='bbox 2771 2829 2839 2882; x_wconf 89' lang='lat' dir='ltr'><strong>ad</strong></span> <span class='ocrx_word' id='word_1_427' title='bbox 2883 2827 3138 2882; x_wconf 77' lang='lat' dir='ltr'><strong>Romana:</strong></span> <span class='ocrx_word' id='word_1_428' title='bbox 3185 2822 3443 2880; x_wconf 70' lang='lat' dir='ltr'><strong>Ecclesim</strong></span> 
     </span>
    </p>
   </div>
   <div class='ocr_carea' id='block_1_60' title="bbox 1862 2916 3443 2990">
    <p class='ocr_par' dir='ltr' id='par_1_60' title="bbox 1862 2916 3443 2990">
     <span class='ocr_line' id='line_1_60' title="bbox 1862 2916 3443 2990; baseline -0.01 -6"><span class='ocrx_word' id='word_1_429' title='bbox 1862 2926 2218 2990; x_wconf 77' lang='lat' dir='ltr'><strong>sacerdotem,</strong></span> <span class='ocrx_word' id='word_1_430' title='bbox 2263 2933 2319 2980; x_wconf 92' lang='lat' dir='ltr'><strong>et</strong></span> <span class='ocrx_word' id='word_1_431' title='bbox 2368 2924 2435 2978; x_wconf 91' lang='lat' dir='ltr'><strong>de</strong></span> <span class='ocrx_word' id='word_1_432' title='bbox 2463 2922 2782 2978; x_wconf 90' lang='lat' dir='ltr'><strong>clericorum</strong></span> <span class='ocrx_word' id='word_1_433' title='bbox 2813 2919 2989 2975; x_wconf 89' lang='lat' dir='ltr'><strong>causis</strong></span> <span class='ocrx_word' id='word_1_434' title='bbox 3035 2916 3176 2988; x_wconf 89' lang='lat' dir='ltr'><strong>apud</strong></span> <span class='ocrx_word' id='word_1_435' title='bbox 3226 2932 3443 2971; x_wconf 76' lang='lat' dir='ltr'><strong>suarum</strong></span> 
     </span>
    </p>
   </div>
   <div class='ocr_carea' id='block_1_61' title="bbox 1860 2996 3444 3089">
    <p class='ocr_par' dir='ltr' id='par_1_61' title="bbox 1860 2996 3444 3089">
     <span class='ocr_line' id='line_1_61' title="bbox 1860 2996 3444 3089; baseline -0.008 -16"><span class='ocrx_word' id='word_1_436' title='bbox 1860 3018 2255 3089; x_wconf 88' lang='lat' dir='ltr'><strong>provinciarum</strong></span> <span class='ocrx_word' id='word_1_437' title='bbox 2284 2996 2578 3085; x_wconf 78' lang='lat' dir='ltr'><strong>episcopos</strong></span> <span class='ocrx_word' id='word_1_438' title='bbox 2604 3011 2975 3079; x_wconf 91' lang='lat' dir='ltr'><strong>terminandis,</strong></span> <span class='ocrx_word' id='word_1_439' title='bbox 3019 3025 3117 3065; x_wconf 89' lang='lat' dir='ltr'><strong>nos</strong></span> <span class='ocrx_word' id='word_1_440' title='bbox 3162 3023 3330 3078; x_wconf 90' lang='lat' dir='ltr'><strong>usque</strong></span> <span class='ocrx_word' id='word_1_441' title='bbox 3376 3009 3444 3061; x_wconf 90' lang='lat' dir='ltr'><strong>ad</strong></span> 
     </span>
    </p>
   </div>
   <div class='ocr_carea' id='block_1_62' title="bbox 1861 3100 3446 3180">
    <p class='ocr_par' dir='ltr' id='par_1_62' title="bbox 1861 3100 3446 3180">
     <span class='ocr_line' id='line_1_62' title="bbox 1861 3100 3446 3180; baseline -0.008 -16"><span class='ocrx_word' id='word_1_442' title='bbox 1861 3110 2236 3180; x_wconf 86' lang='lat' dir='ltr'><strong>probationem</strong></span> <span class='ocrx_word' id='word_1_443' title='bbox 2279 3114 2585 3162; x_wconf 74' lang='lat' dir='ltr'><strong>servaturos</strong></span> <span class='ocrx_word' id='word_1_444' title='bbox 2614 3119 2734 3159; x_wconf 91' lang='lat' dir='ltr'><strong>esse</strong></span> <span class='ocrx_word' id='word_1_445' title='bbox 2762 3103 3096 3173; x_wconf 90' lang='lat' dir='ltr'><strong>proﬁtemur,</strong></span> <span class='ocrx_word' id='word_1_446' title='bbox 3128 3109 3183 3155; x_wconf 90' lang='lat' dir='ltr'><strong>et</strong></span> <span class='ocrx_word' id='word_1_447' title='bbox 3211 3100 3446 3154; x_wconf 90' lang='lat' dir='ltr'><strong>beatitu-</strong></span> 
     </span>
    </p>
   </div>
   <div class='ocr_carea' id='block_1_63' title="bbox 159 3188 3448 3288">
    <p class='ocr_par' dir='ltr' id='par_1_63' title="bbox 159 3188 3448 3288">
     <span class='ocr_line' id='line_1_63' title="bbox 159 3188 3448 3288; baseline -0.001 -41"><span class='ocrx_word' id='word_1_448' title='bbox 159 3190 252 3258; x_wconf 72' lang='lat' dir='ltr'><strong>Qui</strong></span> <span class='ocrx_word' id='word_1_449' title='bbox 286 3190 344 3244; x_wconf 89' lang='lat' dir='ltr'><strong>in</strong></span> <span class='ocrx_word' id='word_1_450' title='bbox 376 3188 600 3245; x_wconf 84' lang='lat' dir='ltr'><strong>ﬁnitima</strong></span> <span class='ocrx_word' id='word_1_451' title='bbox 633 3199 687 3244; x_wconf 89' lang='lat' dir='ltr'><strong>et</strong></span> <span class='ocrx_word' id='word_1_452' title='bbox 717 3191 1012 3262; x_wconf 79' lang='lat' dir='ltr'><strong>propinqua</strong></span> <span class='ocrx_word' id='word_1_453' title='bbox 1053 3193 1329 3263; x_wconf 86' lang='lat' dir='ltr'><strong>provincia</strong></span> <span class='ocrx_word' id='word_1_454' title='bbox 1358 3200 1504 3261; x_wconf 90' lang='lat' dir='ltr'><strong>sunt,</strong></span> <span class='ocrx_word' id='word_1_455' title='bbox 1553 3201 1612 3247; x_wconf 92' lang='lat' dir='ltr'><strong>ut</strong></span> <span class='ocrx_word' id='word_1_456' title='bbox 1658 3194 1756 3264; x_wconf 90' lang='lat' dir='ltr'><strong>ipsi</strong></span> <span class='ocrx_word' id='word_1_457' title='bbox 1785 3227 1828 3288; x_wconf 61' lang='grc' dir='ltr'>Ο</span> <span class='ocrx_word' id='word_1_458' title='bbox 1864 3200 2043 3255; x_wconf 87' lang='lat' dir='ltr'><strong>dinem</strong></span> <span class='ocrx_word' id='word_1_459' title='bbox 2070 3207 2218 3253; x_wconf 90' lang='lat' dir='ltr'><strong>tuam</strong></span> <span class='ocrx_word' id='word_1_460' title='bbox 2247 3196 2315 3252; x_wconf 89' lang='lat' dir='ltr'><strong>ad</strong></span> <span class='ocrx_word' id='word_1_461' title='bbox 2344 3196 2449 3250; x_wconf 91' lang='lat' dir='ltr'><strong>hoc</strong></span> <span class='ocrx_word' id='word_1_462' title='bbox 2477 3209 2576 3249; x_wconf 90' lang='lat' dir='ltr'><strong>nos</strong></span> <span class='ocrx_word' id='word_1_463' title='bbox 2604 3193 2908 3262; x_wconf 86' lang='lat' dir='ltr'><strong>adjuturam</strong></span> <span class='ocrx_word' id='word_1_464' title='bbox 2960 3193 3011 3246; x_wconf 92' lang='lat' dir='ltr'><strong>in</strong></span> <span class='ocrx_word' id='word_1_465' title='bbox 3042 3190 3137 3245; x_wconf 88' lang='lat' dir='ltr'><strong>Dei</strong></span> <span class='ocrx_word' id='word_1_466' title='bbox 3166 3189 3448 3244; x_wconf 80' lang='lat' dir='ltr'><strong>voinmate</strong></span> 
     </span>
    </p>
   </div>
   <div class='ocr_carea' id='block_1_64' title="bbox 161 3284 1758 3357">
    <p class='ocr_par' dir='ltr' id='par_1_64' title="bbox 161 3284 1758 3357">
     <span class='ocr_line' id='line_1_64' title="bbox 161 3284 1758 3357; baseline 0.004 -18"><span class='ocrx_word' id='word_1_467' title='bbox 161 3284 456 3352; x_wconf 86' lang='lat' dir='ltr'><strong>diligenter</strong></span> <span class='ocrx_word' id='word_1_468' title='bbox 479 3287 659 3340; x_wconf 90' lang='lat' dir='ltr'><strong>omnia</strong></span> <span class='ocrx_word' id='word_1_469' title='bbox 682 3286 978 3355; x_wconf 91' lang='lat' dir='ltr'><strong>requirant,</strong></span> <span class='ocrx_word' id='word_1_470' title='bbox 1031 3296 1087 3342; x_wconf 90' lang='lat' dir='ltr'><strong>et</strong></span> <span class='ocrx_word' id='word_1_471' title='bbox 1125 3289 1279 3357; x_wconf 83' lang='lat' dir='ltr'><strong>juxta</strong></span> <span class='ocrx_word' id='word_1_472' title='bbox 1326 3289 1484 3344; x_wconf 89' lang='lat' dir='ltr'><strong>ﬁdem</strong></span> <span class='ocrx_word' id='word_1_473' title='bbox 1517 3292 1758 3345; x_wconf 87' lang='lat' dir='ltr'><strong>veritatis</strong></span> 
     </span>
    </p>
   </div>
   <div class='ocr_carea' id='block_1_65' title="bbox 160 3377 1759 3449">
    <p class='ocr_par' dir='ltr' id='par_1_65' title="bbox 160 3377 1759 3449">
     <span class='ocr_line' id='line_1_65' title="bbox 160 3377 1759 3449; baseline 0.004 -17"><span class='ocrx_word' id='word_1_474' title='bbox 160 3378 450 3432; x_wconf 84' lang='lat' dir='ltr'><strong>deﬁniant.</strong></span> <span class='ocrx_word' id='word_1_475' title='bbox 477 3377 630 3444; x_wconf 89' lang='lat' dir='ltr'><strong>Quod</strong></span> <span class='ocrx_word' id='word_1_476' title='bbox 651 3379 694 3432; x_wconf 91' lang='lat' dir='ltr'><strong>si</strong></span> <span class='ocrx_word' id='word_1_477' title='bbox 735 3379 781 3433; x_wconf 89' lang='lat' dir='ltr'><strong>is</strong></span> <span class='ocrx_word' id='word_1_478' title='bbox 815 3381 904 3449; x_wconf 89' lang='lat' dir='ltr'><strong>qui</strong></span> <span class='ocrx_word' id='word_1_479' title='bbox 943 3388 1096 3449; x_wconf 85' lang='lat' dir='ltr'><strong>rogat</strong></span> <span class='ocrx_word' id='word_1_480' title='bbox 1122 3396 1338 3436; x_wconf 88' lang='lat' dir='ltr'><strong>causam</strong></span> <span class='ocrx_word' id='word_1_481' title='bbox 1369 3399 1522 3438; x_wconf 88' lang='lat' dir='ltr'><strong>suam</strong></span> <span class='ocrx_word' id='word_1_482' title='bbox 1567 3385 1759 3438; x_wconf 89' lang='lat' dir='ltr'><strong>iterum</strong></span> 
     </span>
    </p>
   </div>
   <div class='ocr_carea' id='block_1_66' title="bbox 163 3469 1759 3544">
    <p class='ocr_par' dir='ltr' id='par_1_66' title="bbox 163 3469 1759 3544">
     <span class='ocr_line' id='line_1_66' title="bbox 163 3469 1759 3544; baseline 0.006 -22"><span class='ocrx_word' id='word_1_483' title='bbox 163 3469 372 3532; x_wconf 83' lang='lat' dir='ltr'><strong>audiri,</strong></span> <span class='ocrx_word' id='word_1_484' title='bbox 405 3469 796 3539; x_wconf 88' lang='lat' dir='ltr'><strong>deprecatione</strong></span> <span class='ocrx_word' id='word_1_485' title='bbox 827 3487 921 3526; x_wconf 92' lang='lat' dir='ltr'><strong>sua</strong></span> <span class='ocrx_word' id='word_1_486' title='bbox 951 3474 1181 3527; x_wconf 89' lang='lat' dir='ltr'><strong>moverit</strong></span> <span class='ocrx_word' id='word_1_487' title='bbox 1209 3474 1523 3544; x_wconf 89' lang='lat' dir='ltr'><strong>episcopum</strong></span> <span class='ocrx_word' id='word_1_488' title='bbox 1557 3474 1759 3531; x_wconf 81' lang='lat' dir='ltr'><strong>Roma-</strong></span> 
     </span>
    </p>
   </div>
   <div class='ocr_carea' id='block_1_67' title="bbox 162 3560 1760 3632">
    <p class='ocr_par' dir='ltr' id='par_1_67' title="bbox 162 3560 1760 3632">
     <span class='ocr_line' id='line_1_67' title="bbox 162 3560 1760 3632; baseline 0.005 -20"><span class='ocrx_word' id='word_1_489' title='bbox 162 3574 324 3626; x_wconf 88' lang='lat' dir='ltr'><strong>num,</strong></span> <span class='ocrx_word' id='word_1_490' title='bbox 373 3569 432 3612; x_wconf 90' lang='lat' dir='ltr'><strong>ut</strong></span> <span class='ocrx_word' id='word_1_491' title='bbox 468 3574 498 3613; x_wconf 91' lang='lat' dir='ltr'><strong>e</strong></span> <span class='ocrx_word' id='word_1_492' title='bbox 527 3560 694 3615; x_wconf 84' lang='lat' dir='ltr'><strong>latere</strong></span> <span class='ocrx_word' id='word_1_493' title='bbox 739 3576 838 3614; x_wconf 89' lang='lat' dir='ltr'><strong>suo</strong></span> <span class='ocrx_word' id='word_1_494' title='bbox 881 3562 1256 3632; x_wconf 84' lang='lat' dir='ltr'><strong>presbyterum</strong></span> <span class='ocrx_word' id='word_1_495' title='bbox 1305 3563 1502 3630; x_wconf 90' lang='lat' dir='ltr'><strong>mittat,</strong></span> <span class='ocrx_word' id='word_1_496' title='bbox 1558 3566 1663 3620; x_wconf 89' lang='lat' dir='ltr'><strong>erit</strong></span> <span class='ocrx_word' id='word_1_497' title='bbox 1709 3567 1760 3620; x_wconf 91' lang='lat' dir='ltr'><strong>in</strong></span> 
     </span>
    </p>
   </div>
   <div class='ocr_carea' id='block_1_68' title="bbox 163 3649 1764 3722">
    <p class='ocr_par' dir='ltr' id='par_1_68' title="bbox 163 3649 1764 3722">
     <span class='ocr_line' id='line_1_68' title="bbox 163 3649 1764 3722; baseline 0.005 -20"><span class='ocrx_word' id='word_1_498' title='bbox 163 3657 448 3718; x_wconf 84' lang='lat' dir='ltr'><strong>potestate</strong></span> <span class='ocrx_word' id='word_1_499' title='bbox 476 3649 619 3719; x_wconf 91' lang='lat' dir='ltr'><strong>quod</strong></span> <span class='ocrx_word' id='word_1_500' title='bbox 673 3651 803 3704; x_wconf 90' lang='lat' dir='ltr'><strong>velit</strong></span> <span class='ocrx_word' id='word_1_501' title='bbox 854 3661 906 3706; x_wconf 92' lang='lat' dir='ltr'><strong>et</strong></span> <span class='ocrx_word' id='word_1_502' title='bbox 932 3652 1077 3722; x_wconf 90' lang='lat' dir='ltr'><strong>quod</strong></span> <span class='ocrx_word' id='word_1_503' title='bbox 1105 3652 1354 3707; x_wconf 61' lang='lat' dir='ltr'><strong>aestimet.</strong></span> <span class='ocrx_word' id='word_1_504' title='bbox 1405 3652 1473 3707; x_wconf 86' lang='lat' dir='ltr'><strong>Et</strong></span> <span class='ocrx_word' id='word_1_505' title='bbox 1500 3654 1543 3709; x_wconf 91' lang='lat' dir='ltr'><strong>si</strong></span> <span class='ocrx_word' id='word_1_506' title='bbox 1574 3654 1764 3712; x_wconf 89' lang='lat' dir='ltr'><strong>decre-</strong></span> 
     </span>
    </p>
   </div>
   <div class='ocr_carea' id='block_1_69' title="bbox 164 3739 1764 3816">
    <p class='ocr_par' dir='ltr' id='par_1_69' title="bbox 164 3739 1764 3816">
     <span class='ocr_line' id='line_1_69' title="bbox 164 3739 1764 3816; baseline 0.006 -24"><span class='ocrx_word' id='word_1_507' title='bbox 164 3741 308 3794; x_wconf 86' lang='lat' dir='ltr'><strong>verit</strong></span> <span class='ocrx_word' id='word_1_508' title='bbox 340 3739 634 3796; x_wconf 76' lang='lat' dir='ltr'><strong>mittendos</strong></span> <span class='ocrx_word' id='word_1_509' title='bbox 682 3756 802 3796; x_wconf 89' lang='lat' dir='ltr'><strong>esse</strong></span> <span class='ocrx_word' id='word_1_510' title='bbox 846 3742 934 3810; x_wconf 90' lang='lat' dir='ltr'><strong>qui</strong></span> <span class='ocrx_word' id='word_1_511' title='bbox 988 3751 1279 3812; x_wconf 74' lang='lat' dir='ltr'><strong>prmsentes</strong></span> <span class='ocrx_word' id='word_1_512' title='bbox 1325 3759 1446 3798; x_wconf 91' lang='lat' dir='ltr'><strong>cum</strong></span> <span class='ocrx_word' id='word_1_513' title='bbox 1493 3745 1764 3816; x_wconf 73' lang='lat' dir='ltr'><strong>episcop&#39;s</strong></span> 
     </span>
    </p>
   </div>
   <div class='ocr_carea' id='block_1_70' title="bbox 160 3831 1762 3914">
    <p class='ocr_par' dir='ltr' id='par_1_70' title="bbox 160 3831 1762 3914">
     <span class='ocr_line' id='line_1_70' title="bbox 160 3831 1762 3914; baseline 0.003 -30"><span class='ocrx_word' id='word_1_514' title='bbox 160 3831 445 3914; x_wconf 77' lang='lat' dir='ltr'><strong>judicent,_</strong></span> <span class='ocrx_word' id='word_1_515' title='bbox 466 3832 727 3886; x_wconf 89' lang='lat' dir='ltr'><strong>habentes</strong></span> <span class='ocrx_word' id='word_1_516' title='bbox 757 3833 1134 3886; x_wconf 89' lang='lat' dir='ltr'><strong>auctoritatem</strong></span> <span class='ocrx_word' id='word_1_517' title='bbox 1165 3831 1280 3901; x_wconf 90' lang='lat' dir='ltr'><strong>ejus</strong></span> <span class='ocrx_word' id='word_1_518' title='bbox 1309 3847 1339 3886; x_wconf 90' lang='lat' dir='ltr'><strong>a</strong></span> <span class='ocrx_word' id='word_1_519' title='bbox 1370 3849 1478 3902; x_wconf 92' lang='lat' dir='ltr'><strong>quo</strong></span> <span class='ocrx_word' id='word_1_520' title='bbox 1507 3833 1762 3889; x_wconf 82' lang='lat' dir='ltr'><strong>destinati</strong></span> 
     </span>
    </p>
   </div>
   <div class='ocr_carea' id='block_1_71' title="bbox 163 3921 1763 3984">
    <p class='ocr_par' dir='ltr' id='par_1_71' title="bbox 163 3921 1763 3984">
     <span class='ocr_line' id='line_1_71' title="bbox 163 3921 1763 3984; baseline 0.003 -9"><span class='ocrx_word' id='word_1_521' title='bbox 163 3929 316 3984; x_wconf 81' lang='lat' dir='ltr'><strong>sunt,</strong></span> <span class='ocrx_word' id='word_1_522' title='bbox 351 3923 456 3974; x_wconf 90' lang='lat' dir='ltr'><strong>erit</strong></span> <span class='ocrx_word' id='word_1_523' title='bbox 480 3921 528 3974; x_wconf 92' lang='lat' dir='ltr'><strong>in</strong></span> <span class='ocrx_word' id='word_1_524' title='bbox 559 3938 657 3975; x_wconf 89' lang='lat' dir='ltr'><strong>suo</strong></span> <span class='ocrx_word' id='word_1_525' title='bbox 678 3922 922 3976; x_wconf 87' lang='lat' dir='ltr'><strong>arbitrio.</strong></span> <span class='ocrx_word' id='word_1_526' title='bbox 948 3921 1005 3976; x_wconf 92' lang='lat' dir='ltr'><strong>Si</strong></span> <span class='ocrx_word' id='word_1_527' title='bbox 1036 3937 1165 3976; x_wconf 87' lang='lat' dir='ltr'><strong>vero</strong></span> <span class='ocrx_word' id='word_1_528' title='bbox 1196 3923 1485 3977; x_wconf 89' lang='lat' dir='ltr'><strong>crediderit</strong></span> <span class='ocrx_word' id='word_1_529' title='bbox 1513 3922 1763 3979; x_wconf 82' lang='lat' dir='ltr'><strong>sufﬁcere</strong></span> 
     </span>
    </p>
   </div>
   <div class='ocr_carea' id='block_1_72' title="bbox 164 4013 1764 4084">
    <p class='ocr_par' dir='ltr' id='par_1_72' title="bbox 164 4013 1764 4084">
     <span class='ocr_line' id='line_1_72' title="bbox 164 4013 1764 4084; baseline 0.002 -18"><span class='ocrx_word' id='word_1_530' title='bbox 164 4013 467 4081; x_wconf 85' lang='lat' dir='ltr'><strong>episcopos</strong></span> <span class='ocrx_word' id='word_1_531' title='bbox 514 4021 571 4066; x_wconf 93' lang='lat' dir='ltr'><strong>ut</strong></span> <span class='ocrx_word' id='word_1_532' title='bbox 640 4013 858 4081; x_wconf 89' lang='lat' dir='ltr'><strong>negotio</strong></span> <span class='ocrx_word' id='word_1_533' title='bbox 902 4014 1189 4068; x_wconf 90' lang='lat' dir='ltr'><strong>terminum</strong></span> <span class='ocrx_word' id='word_1_534' title='bbox 1238 4015 1552 4084; x_wconf 90' lang='lat' dir='ltr'><strong>imponant,</strong></span> <span class='ocrx_word' id='word_1_535' title='bbox 1601 4015 1764 4072; x_wconf 81' lang='lat' dir='ltr'><strong>faciet</strong></span> 
     </span>
    </p>
   </div>
   <div class='ocr_carea' id='block_1_73' title="bbox 162 4099 1764 4176">
    <p class='ocr_par' dir='ltr' id='par_1_73' title="bbox 162 4099 1764 4176">
     <span class='ocr_line' id='line_1_73' title="bbox 162 4099 1764 4176; baseline 0.002 -16"><span class='ocrx_word' id='word_1_536' title='bbox 162 4106 312 4175; x_wconf 83' lang='lat' dir='ltr'><strong>quod</strong></span> <span class='ocrx_word' id='word_1_537' title='bbox 345 4106 748 4175; x_wconf 89' lang='lat' dir='ltr'><strong>sapientissimo</strong></span> <span class='ocrx_word' id='word_1_538' title='bbox 777 4122 875 4160; x_wconf 92' lang='lat' dir='ltr'><strong>suo</strong></span> <span class='ocrx_word' id='word_1_539' title='bbox 903 4107 1131 4163; x_wconf 90' lang='lat' dir='ltr'><strong>consilio</strong></span> <span class='ocrx_word' id='word_1_540' title='bbox 1153 4107 1498 4176; x_wconf 90' lang='lat' dir='ltr'><strong>judicaverit.</strong></span> <span class='ocrx_word' id='word_1_541' title='bbox 1534 4099 1666 4163; x_wconf 84' lang='lat' dir='ltr'><strong>Item</strong></span> <span class='ocrx_word' id='word_1_542' title='bbox 1697 4109 1764 4164; x_wconf 86' lang='lat' dir='ltr'><strong>de</strong></span> 
     </span>
    </p>
   </div>
   <div class='ocr_carea' id='block_1_74' title="bbox 163 4197 1765 4270">
    <p class='ocr_par' dir='ltr' id='par_1_74' title="bbox 163 4197 1765 4270">
     <span class='ocr_line' id='line_1_74' title="bbox 163 4197 1765 4270; baseline 0.004 -21"><span class='ocrx_word' id='word_1_543' title='bbox 163 4197 504 4267; x_wconf 75' lang='lat' dir='ltr'><strong>presbyteris</strong></span> <span class='ocrx_word' id='word_1_544' title='bbox 531 4205 585 4252; x_wconf 92' lang='lat' dir='ltr'><strong>et</strong></span> <span class='ocrx_word' id='word_1_545' title='bbox 613 4198 876 4252; x_wconf 90' lang='lat' dir='ltr'><strong>diaconis.</strong></span> <span class='ocrx_word' id='word_1_546' title='bbox 909 4197 965 4252; x_wconf 90' lang='lat' dir='ltr'><strong>Si</strong></span> <span class='ocrx_word' id='word_1_547' title='bbox 1011 4199 1298 4269; x_wconf 89' lang='lat' dir='ltr'><strong>episcopus</strong></span> <span class='ocrx_word' id='word_1_548' title='bbox 1326 4199 1447 4270; x_wconf 91' lang='lat' dir='ltr'><strong>quis</strong></span> <span class='ocrx_word' id='word_1_549' title='bbox 1474 4200 1765 4256; x_wconf 89' lang='lat' dir='ltr'><strong>iracundus</strong></span> 
     </span>
    </p>
   </div>
   <div class='ocr_carea' id='block_1_75' title="bbox 163 4288 1767 4362">
    <p class='ocr_par' dir='ltr' id='par_1_75' title="bbox 163 4288 1767 4362">
     <span class='ocr_line' id='line_1_75' title="bbox 163 4288 1767 4362; baseline 0.003 -20"><span class='ocrx_word' id='word_1_550' title='bbox 163 4288 336 4356; x_wconf 86' lang='lat' dir='ltr'><strong>(quod</strong></span> <span class='ocrx_word' id='word_1_551' title='bbox 369 4303 490 4343; x_wconf 89' lang='lat' dir='ltr'><strong>esse</strong></span> <span class='ocrx_word' id='word_1_552' title='bbox 519 4305 626 4342; x_wconf 93' lang='lat' dir='ltr'><strong>non</strong></span> <span class='ocrx_word' id='word_1_553' title='bbox 655 4288 838 4360; x_wconf 90' lang='lat' dir='ltr'><strong>debet)</strong></span> <span class='ocrx_word' id='word_1_554' title='bbox 870 4290 1002 4356; x_wconf 88' lang='lat' dir='ltr'><strong>cito,</strong></span> <span class='ocrx_word' id='word_1_555' title='bbox 1034 4298 1128 4344; x_wconf 88' lang='lat' dir='ltr'><strong>aut</strong></span> <span class='ocrx_word' id='word_1_556' title='bbox 1148 4305 1339 4362; x_wconf 86' lang='lat' dir='ltr'><strong>aspere</strong></span> <span class='ocrx_word' id='word_1_557' title='bbox 1360 4300 1767 4347; x_wconf 86' lang='lat' dir='ltr'><strong>commoveatur</strong></span> 
     </span>
    </p>
   </div>
   <div class='ocr_carea' id='block_1_76' title="bbox 161 4377 1765 4449">
    <p class='ocr_par' dir='ltr' id='par_1_76' title="bbox 161 4377 1765 4449">
     <span class='ocr_line' id='line_1_76' title="bbox 161 4377 1765 4449; baseline 0.003 -18"><span class='ocrx_word' id='word_1_558' title='bbox 161 4377 429 4432; x_wconf 83' lang='lat' dir='ltr'><strong>adversus</strong></span> <span class='ocrx_word' id='word_1_559' title='bbox 478 4377 855 4449; x_wconf 87' lang='lat' dir='ltr'><strong>presbyterum</strong></span> <span class='ocrx_word' id='word_1_560' title='bbox 894 4379 1009 4434; x_wconf 90' lang='lat' dir='ltr'><strong>sive</strong></span> <span class='ocrx_word' id='word_1_561' title='bbox 1054 4380 1346 4434; x_wconf 88' lang='lat' dir='ltr'><strong>diaconum</strong></span> <span class='ocrx_word' id='word_1_562' title='bbox 1376 4397 1553 4444; x_wconf 90' lang='lat' dir='ltr'><strong>suum,</strong></span> <span class='ocrx_word' id='word_1_563' title='bbox 1587 4390 1640 4436; x_wconf 91' lang='lat' dir='ltr'><strong>et</strong></span> <span class='ocrx_word' id='word_1_564' title='bbox 1671 4398 1765 4436; x_wconf 85' lang='lat' dir='ltr'><strong>ex-</strong></span> 
     </span>
    </p>
   </div>
   <div class='ocr_carea' id='block_1_77' title="bbox 161 4467 1761 4540">
    <p class='ocr_par' dir='ltr' id='par_1_77' title="bbox 161 4467 1761 4540">
     <span class='ocr_line' id='line_1_77' title="bbox 161 4467 1761 4540; baseline 0 -17"><span class='ocrx_word' id='word_1_565' title='bbox 161 4470 465 4523; x_wconf 85' lang='lat' dir='ltr'><strong>terminare</strong></span> <span class='ocrx_word' id='word_1_566' title='bbox 509 4483 631 4522; x_wconf 90' lang='lat' dir='ltr'><strong>eum</strong></span> <span class='ocrx_word' id='word_1_567' title='bbox 680 4467 749 4524; x_wconf 92' lang='lat' dir='ltr'><strong>de</strong></span> <span class='ocrx_word' id='word_1_568' title='bbox 777 4467 1022 4525; x_wconf 85' lang='lat' dir='ltr'><strong>Ecclesia</strong></span> <span class='ocrx_word' id='word_1_569' title='bbox 1069 4471 1322 4539; x_wconf 90' lang='lat' dir='ltr'><strong>voluerit,</strong></span> <span class='ocrx_word' id='word_1_570' title='bbox 1371 4470 1761 4540; x_wconf 88' lang='lat' dir='ltr'><strong>providendum</strong></span> 
     </span>
    </p>
   </div>
   <div class='ocr_carea' id='block_1_78' title="bbox 162 4559 1842 4642">
    <p class='ocr_par' dir='ltr' id='par_1_78' title="bbox 162 4559 1842 4642">
     <span class='ocr_line' id='line_1_78' title="bbox 162 4559 1842 4642; baseline 0.002 -29"><span class='ocrx_word' id='word_1_571' title='bbox 162 4567 246 4613; x_wconf 84' lang='lat' dir='ltr'><strong>est</strong></span> <span class='ocrx_word' id='word_1_572' title='bbox 295 4573 367 4613; x_wconf 89' lang='lat' dir='ltr'><strong>ne</strong></span> <span class='ocrx_word' id='word_1_573' title='bbox 398 4559 660 4614; x_wconf 87' lang='lat' dir='ltr'><strong>innocens</strong></span> <span class='ocrx_word' id='word_1_574' title='bbox 710 4559 1020 4623; x_wconf 90' lang='lat' dir='ltr'><strong>damnetur,</strong></span> <span class='ocrx_word' id='word_1_575' title='bbox 1071 4570 1165 4614; x_wconf 91' lang='lat' dir='ltr'><strong>aut</strong></span> <span class='ocrx_word' id='word_1_576' title='bbox 1204 4561 1398 4630; x_wconf 92' lang='lat' dir='ltr'><strong>perdat</strong></span> <span class='ocrx_word' id='word_1_577' title='bbox 1426 4563 1764 4616; x_wconf 86' lang='lat' dir='ltr'><strong>communio-</strong></span> <span class='ocrx_word' id='word_1_578' title='bbox 1793 4584 1842 4642; x_wconf 71' lang='grc' dir='ltr'><strong>ι)</strong></span> 
     </span>
    </p>
   </div>
   <div class='ocr_carea' id='block_1_79' title="bbox 163 4651 1763 4721">
    <p class='ocr_par' dir='ltr' id='par_1_79' title="bbox 163 4651 1763 4721">
     <span class='ocr_line' id='line_1_79' title="bbox 163 4651 1763 4721; baseline 0 -15"><span class='ocrx_word' id='word_1_579' title='bbox 163 4668 291 4706; x_wconf 86' lang='lat' dir='ltr'><strong>nem</strong></span> <span class='ocrx_word' id='word_1_580' title='bbox 320 4669 334 4703; x_wconf 95' lang='lat'>:</span> <span class='ocrx_word' id='word_1_581' title='bbox 369 4651 566 4705; x_wconf 86' lang='lat' dir='ltr'><strong>habeat</strong></span> <span class='ocrx_word' id='word_1_582' title='bbox 594 4659 916 4721; x_wconf 87' lang='lat' dir='ltr'><strong>potestatem</strong></span> <span class='ocrx_word' id='word_1_583' title='bbox 946 4651 1151 4720; x_wconf 87' lang='lat' dir='ltr'><strong>cjectus</strong></span> <span class='ocrx_word' id='word_1_584' title='bbox 1192 4660 1251 4706; x_wconf 91' lang='lat' dir='ltr'><strong>ut</strong></span> <span class='ocrx_word' id='word_1_585' title='bbox 1285 4651 1542 4706; x_wconf 91' lang='lat' dir='ltr'><strong>ﬁnitimos</strong></span> <span class='ocrx_word' id='word_1_586' title='bbox 1595 4652 1763 4706; x_wconf 87' lang='lat' dir='ltr'><strong>inter-</strong></span> 
     </span>
    </p>
   </div>
   <div class='ocr_carea' id='block_1_80' title="bbox 162 4743 1761 4816">
    <p class='ocr_par' dir='ltr' id='par_1_80' title="bbox 162 4743 1761 4816">
     <span class='ocr_line' id='line_1_80' title="bbox 162 4743 1761 4816; baseline -0.001 -18"><span class='ocrx_word' id='word_1_587' title='bbox 162 4746 359 4816; x_wconf 86' lang='lat' dir='ltr'><strong>pellet,</strong></span> <span class='ocrx_word' id='word_1_588' title='bbox 389 4751 446 4798; x_wconf 87' lang='lat' dir='ltr'><strong>et</strong></span> <span class='ocrx_word' id='word_1_589' title='bbox 469 4759 629 4799; x_wconf 88' lang='lat' dir='ltr'><strong>causa</strong></span> <span class='ocrx_word' id='word_1_590' title='bbox 659 4743 779 4813; x_wconf 92' lang='lat' dir='ltr'><strong>ejus</strong></span> <span class='ocrx_word' id='word_1_591' title='bbox 822 4745 1093 4809; x_wconf 89' lang='lat' dir='ltr'><strong>audiatur,</strong></span> <span class='ocrx_word' id='word_1_592' title='bbox 1127 4755 1183 4799; x_wconf 89' lang='lat' dir='ltr'><strong>et</strong></span> <span class='ocrx_word' id='word_1_593' title='bbox 1219 4743 1527 4812; x_wconf 90' lang='lat' dir='ltr'><strong>diligentius</strong></span> <span class='ocrx_word' id='word_1_594' title='bbox 1556 4751 1761 4797; x_wconf 90' lang='lat' dir='ltr'><strong>tracte-</strong></span> 
     </span>
    </p>
   </div>
   <div class='ocr_carea' id='block_1_81' title="bbox 164 4834 1766 4906">
    <p class='ocr_par' dir='ltr' id='par_1_81' title="bbox 164 4834 1766 4906">
     <span class='ocr_line' id='line_1_81' title="bbox 164 4834 1766 4906; baseline -0.002 -16"><span class='ocrx_word' id='word_1_595' title='bbox 164 4847 272 4901; x_wconf 85' lang='lat' dir='ltr'><strong>tur,</strong></span> <span class='ocrx_word' id='word_1_596' title='bbox 307 4835 436 4904; x_wconf 87' lang='lat' dir='ltr'><strong>quia</strong></span> <span class='ocrx_word' id='word_1_597' title='bbox 464 4851 570 4890; x_wconf 90' lang='lat' dir='ltr'><strong>non</strong></span> <span class='ocrx_word' id='word_1_598' title='bbox 602 4843 820 4906; x_wconf 86' lang='lat' dir='ltr'><strong>oportet</strong></span> <span class='ocrx_word' id='word_1_599' title='bbox 844 4836 892 4889; x_wconf 90' lang='lat' dir='ltr'><strong>ei</strong></span> <span class='ocrx_word' id='word_1_600' title='bbox 915 4836 1098 4905; x_wconf 88' lang='lat' dir='ltr'><strong>negari</strong></span> <span class='ocrx_word' id='word_1_601' title='bbox 1128 4834 1400 4906; x_wconf 86' lang='lat' dir='ltr'><strong>audientia</strong></span> <span class='ocrx_word' id='word_1_602' title='bbox 1441 4835 1677 4902; x_wconf 88' lang='lat' dir='ltr'><strong>roganti,</strong></span> <span class='ocrx_word' id='word_1_603' title='bbox 1709 4842 1766 4889; x_wconf 92' lang='lat' dir='ltr'><strong>et</strong></span> 
     </span>
    </p>
   </div>
   <div class='ocr_carea' id='block_1_82' title="bbox 165 4905 1765 4999">
    <p class='ocr_par' dir='ltr' id='par_1_82' title="bbox 165 4905 1765 4999">
     <span class='ocr_line' id='line_1_82' title="bbox 165 4905 1765 4999; baseline -0.003 -16"><span class='ocrx_word' id='word_1_604' title='bbox 165 4931 257 4984; x_wconf 87' lang='lat' dir='ltr'><strong>ille</strong></span> <span class='ocrx_word' id='word_1_605' title='bbox 288 4929 584 4999; x_wconf 79' lang='lat' dir='ltr'><strong>episcopus</strong></span> <span class='ocrx_word' id='word_1_606' title='bbox 611 4929 702 4997; x_wconf 89' lang='lat' dir='ltr'><strong>qui</strong></span> <span class='ocrx_word' id='word_1_607' title='bbox 731 4938 824 4984; x_wconf 90' lang='lat' dir='ltr'><strong>aut</strong></span> <span class='ocrx_word' id='word_1_608' title='bbox 860 4930 1004 4998; x_wconf 86' lang='lat' dir='ltr'><strong>juste</strong></span> <span class='ocrx_word' id='word_1_609' title='bbox 1058 4937 1152 4982; x_wconf 91' lang='lat' dir='ltr'><strong>aut</strong></span> <span class='ocrx_word' id='word_1_610' title='bbox 1182 4905 1376 4996; x_wconf 76' lang='lat' dir='ltr'><strong>injdste</strong></span> <span class='ocrx_word' id='word_1_611' title='bbox 1428 4927 1634 4997; x_wconf 85' lang='lat' dir='ltr'><strong>rejeeit,</strong></span> <span class='ocrx_word' id='word_1_612' title='bbox 1668 4942 1765 4997; x_wconf 91' lang='lat' dir='ltr'><strong>pa-</strong></span> 
     </span>
    </p>
   </div>
   <div class='ocr_carea' id='block_1_83' title="bbox 171 5017 1769 5088">
    <p class='ocr_par' dir='ltr' id='par_1_83' title="bbox 171 5017 1769 5088">
     <span class='ocr_line' id='line_1_83' title="bbox 171 5017 1769 5088; baseline -0.002 -16"><span class='ocrx_word' id='word_1_613' title='bbox 171 5020 381 5073; x_wconf 85' lang='lat' dir='ltr'><strong>tienter</strong></span> <span class='ocrx_word' id='word_1_614' title='bbox 425 5019 661 5088; x_wconf 87' lang='lat' dir='ltr'><strong>accipiat</strong></span> <span class='ocrx_word' id='word_1_615' title='bbox 727 5027 786 5074; x_wconf 90' lang='lat' dir='ltr'><strong>ut</strong></span> <span class='ocrx_word' id='word_1_616' title='bbox 833 5019 1109 5088; x_wconf 85' lang='lat' dir='ltr'><strong>negotium</strong></span> <span class='ocrx_word' id='word_1_617' title='bbox 1162 5017 1511 5083; x_wconf 89' lang='lat' dir='ltr'><strong>discutiatur,</strong></span> <span class='ocrx_word' id='word_1_618' title='bbox 1559 5024 1617 5070; x_wconf 92' lang='lat' dir='ltr'><strong>ut</strong></span> <span class='ocrx_word' id='word_1_619' title='bbox 1675 5024 1769 5070; x_wconf 84' lang='lat' dir='ltr'><strong>aut</strong></span> 
     </span>
    </p>
   </div>
   <div class='ocr_carea' id='block_1_84' title="bbox 167 5106 1769 5180">
    <p class='ocr_par' dir='ltr' id='par_1_84' title="bbox 167 5106 1769 5180">
     <span class='ocr_line' id='line_1_84' title="bbox 167 5106 1769 5180; baseline -0.001 -16"><span class='ocrx_word' id='word_1_620' title='bbox 167 5113 435 5180; x_wconf 71' lang='lat' dir='ltr'><strong>probetur</strong></span> <span class='ocrx_word' id='word_1_621' title='bbox 455 5109 591 5178; x_wconf 89' lang='lat' dir='ltr'><strong>ejus.</strong></span> <span class='ocrx_word' id='word_1_622' title='bbox 625 5119 721 5164; x_wconf 90' lang='lat' dir='ltr'><strong>aut</strong></span> <span class='ocrx_word' id='word_1_623' title='bbox 740 5110 1061 5166; x_wconf 87' lang='lat' dir='ltr'><strong>emendetur</strong></span> <span class='ocrx_word' id='word_1_624' title='bbox 1084 5109 1373 5165; x_wconf 85' lang='lat' dir='ltr'><strong>sententia.</strong></span> <span class='ocrx_word' id='word_1_625' title='bbox 1419 5106 1544 5163; x_wconf 76' lang='lat' dir='ltr'><strong>[hec</strong></span> <span class='ocrx_word' id='word_1_626' title='bbox 1586 5108 1769 5177; x_wconf 90' lang='lat' dir='ltr'><strong>utique</strong></span> 
     </span>
    </p>
   </div>
   <div class='ocr_carea' id='block_1_85' title="bbox 168 5197 1765 5268">
    <p class='ocr_par' dir='ltr' id='par_1_85' title="bbox 168 5197 1765 5268">
     <span class='ocr_line' id='line_1_85' title="bbox 168 5197 1765 5268; baseline 0 -16"><span class='ocrx_word' id='word_1_627' title='bbox 168 5217 348 5268; x_wconf 67' lang='lat' dir='ltr'><strong>usque</strong></span> <span class='ocrx_word' id='word_1_628' title='bbox 393 5200 460 5253; x_wconf 89' lang='lat' dir='ltr'><strong>ad</strong></span> <span class='ocrx_word' id='word_1_629' title='bbox 511 5201 803 5256; x_wconf 77' lang='lat' dir='ltr'><strong>adventura</strong></span> <span class='ocrx_word' id='word_1_630' title='bbox 851 5201 1260 5256; x_wconf 87' lang='lat' dir='ltr'><strong>verissimorum</strong></span> <span class='ocrx_word' id='word_1_631' title='bbox 1310 5197 1765 5266; x_wconf 78' lang='lat' dir='ltr'><strong>exemplariorum</strong></span> 
     </span>
    </p>
   </div>
   <div class='ocr_carea' id='block_1_86' title="bbox 174 5289 1768 5360">
    <p class='ocr_par' dir='ltr' id='par_1_86' title="bbox 174 5289 1768 5360">
     <span class='ocr_line' id='line_1_86' title="bbox 174 5289 1768 5360; baseline -0.002 -14"><span class='ocrx_word' id='word_1_632' title='bbox 174 5291 384 5346; x_wconf 68' lang='lat' dir='ltr'><strong>Nic-mni</strong></span> <span class='ocrx_word' id='word_1_633' title='bbox 416 5292 635 5345; x_wconf 88' lang='lat' dir='ltr'><strong>concilii</strong></span> <span class='ocrx_word' id='word_1_634' title='bbox 664 5290 866 5347; x_wconf 85' lang='lat' dir='ltr'><strong>insérla</strong></span> <span class='ocrx_word' id='word_1_635' title='bbox 895 5292 1061 5360; x_wconf 87' lang='lat' dir='ltr'><strong>gestis</strong></span> <span class='ocrx_word' id='word_1_636' title='bbox 1090 5300 1236 5353; x_wconf 90' lang='lat' dir='ltr'><strong>sunt,</strong></span> <span class='ocrx_word' id='word_1_637' title='bbox 1283 5305 1401 5358; x_wconf 63' lang='lat' dir='ltr'><strong>quae</strong></span> <span class='ocrx_word' id='word_1_638' title='bbox 1427 5289 1550 5355; x_wconf 90' lang='lat' dir='ltr'><strong>sibi,</strong></span> <span class='ocrx_word' id='word_1_639' title='bbox 1581 5303 1768 5356; x_wconf 89' lang='lat' dir='ltr'><strong>quem-</strong></span> 
     </span>
    </p>
   </div>
   <div class='ocr_carea' id='block_1_87' title="bbox 171 5380 1773 5452">
    <p class='ocr_par' dir='ltr' id='par_1_87' title="bbox 171 5380 1773 5452">
     <span class='ocr_line' id='line_1_87' title="bbox 171 5380 1773 5452; baseline -0.002 -19"><span class='ocrx_word' id='word_1_640' title='bbox 171 5380 465 5434; x_wconf 75' lang='lat' dir='ltr'><strong>admodum</strong></span> <span class='ocrx_word' id='word_1_641' title='bbox 509 5381 625 5449; x_wconf 89' lang='lat' dir='ltr'><strong>ipso</strong></span> <span class='ocrx_word' id='word_1_642' title='bbox 690 5381 836 5451; x_wconf 90' lang='lat' dir='ltr'><strong>quod</strong></span> <span class='ocrx_word' id='word_1_643' title='bbox 865 5380 1006 5452; x_wconf 92' lang='lat' dir='ltr'><strong>apud</strong></span> <span class='ocrx_word' id='word_1_644' title='bbox 1047 5396 1147 5435; x_wconf 89' lang='lat' dir='ltr'><strong>nos</strong></span> <span class='ocrx_word' id='word_1_645' title='bbox 1191 5380 1387 5434; x_wconf 88' lang='lat' dir='ltr'><strong>fratres</strong></span> <span class='ocrx_word' id='word_1_646' title='bbox 1441 5394 1509 5433; x_wconf 79' lang='lat' dir='ltr'><strong>ex</strong></span> <span class='ocrx_word' id='word_1_647' title='bbox 1553 5386 1773 5447; x_wconf 90' lang='lat' dir='ltr'><strong>aposto-</strong></span> 
     </span>
    </p>
   </div>
   <div class='ocr_carea' id='block_1_88' title="bbox 173 5469 1768 5542">
    <p class='ocr_par' dir='ltr' id='par_1_88' title="bbox 173 5469 1768 5542">
     <span class='ocr_line' id='line_1_88' title="bbox 173 5469 1768 5542; baseline -0.004 -15"><span class='ocrx_word' id='word_1_648' title='bbox 173 5473 274 5527; x_wconf 85' lang='lat' dir='ltr'><strong>lica</strong></span> <span class='ocrx_word' id='word_1_649' title='bbox 301 5472 438 5527; x_wconf 87' lang='lat' dir='ltr'><strong>sede</strong></span> <span class='ocrx_word' id='word_1_650' title='bbox 462 5473 653 5527; x_wconf 89' lang='lat' dir='ltr'><strong>directi</strong></span> <span class='ocrx_word' id='word_1_651' title='bbox 693 5473 1086 5542; x_wconf 80' lang='lat' dir='ltr'><strong>allegaverunt,</strong></span> <span class='ocrx_word' id='word_1_652' title='bbox 1141 5469 1556 5526; x_wconf 83' lang='lat' dir='ltr'><strong>commonitorio</strong></span> <span class='ocrx_word' id='word_1_653' title='bbox 1590 5469 1768 5523; x_wconf 88' lang='lat' dir='ltr'><strong>conti-</strong></span> 
     </span>
    </p>
   </div>
   <div class='ocr_carea' id='block_1_89' title="bbox 175 5559 1772 5634">
    <p class='ocr_par' dir='ltr' id='par_1_89' title="bbox 175 5559 1772 5634">
     <span class='ocr_line' id='line_1_89' title="bbox 175 5559 1772 5634; baseline -0.004 -14"><span class='ocrx_word' id='word_1_654' title='bbox 175 5577 394 5620; x_wconf 80' lang='lat' dir='ltr'><strong>nentur.</strong></span> <span class='ocrx_word' id='word_1_655' title='bbox 443 5563 629 5634; x_wconf 81' lang='lat' dir='ltr'><strong>quue</strong></span> <span class='ocrx_word' id='word_1_656' title='bbox 657 5565 871 5628; x_wconf 88' lang='lat' dir='ltr'><strong>ordine,</strong></span> <span class='ocrx_word' id='word_1_657' title='bbox 913 5565 997 5619; x_wconf 90' lang='lat' dir='ltr'><strong>vel</strong></span> <span class='ocrx_word' id='word_1_658' title='bbox 1028 5562 1170 5634; x_wconf 89' lang='lat' dir='ltr'><strong>apud</strong></span> <span class='ocrx_word' id='word_1_659' title='bbox 1199 5579 1294 5619; x_wconf 87' lang='lat' dir='ltr'><strong>vos</strong></span> <span class='ocrx_word' id='word_1_660' title='bbox 1323 5563 1376 5617; x_wconf 93' lang='lat' dir='ltr'><strong>in</strong></span> <span class='ocrx_word' id='word_1_661' title='bbox 1407 5559 1558 5615; x_wconf 88' lang='lat' dir='ltr'><strong>ltalia</strong></span> <span class='ocrx_word' id='word_1_662' title='bbox 1589 5567 1772 5614; x_wconf 91' lang='lat' dir='ltr'><strong>custo-</strong></span> 
     </span>
    </p>
   </div>
   <div class='ocr_carea' id='block_1_90' title="bbox 174 5657 1769 5726">
    <p class='ocr_par' dir='ltr' id='par_1_90' title="bbox 174 5657 1769 5726">
     <span class='ocr_line' id='line_1_90' title="bbox 174 5657 1769 5726; baseline -0.004 -14"><span class='ocrx_word' id='word_1_663' title='bbox 174 5659 444 5725; x_wconf 83' lang='lat' dir='ltr'><strong>direntur,</strong></span> <span class='ocrx_word' id='word_1_664' title='bbox 470 5659 618 5713; x_wconf 89' lang='lat' dir='ltr'><strong>nullo</strong></span> <span class='ocrx_word' id='word_1_665' title='bbox 647 5659 809 5714; x_wconf 82' lang='lat' dir='ltr'><strong>modo</strong></span> <span class='ocrx_word' id='word_1_666' title='bbox 834 5674 932 5714; x_wconf 88' lang='lat' dir='ltr'><strong>nos</strong></span> <span class='ocrx_word' id='word_1_667' title='bbox 955 5658 1086 5712; x_wconf 89' lang='lat' dir='ltr'><strong>talia</strong></span> <span class='ocrx_word' id='word_1_668' title='bbox 1117 5657 1295 5726; x_wconf 89' lang='lat' dir='ltr'><strong>qualia</strong></span> <span class='ocrx_word' id='word_1_669' title='bbox 1341 5660 1769 5711; x_wconf 88' lang='lat' dir='ltr'><strong>commemorata</strong></span> 
     </span>
    </p>
   </div>
   <div class='ocr_carea' id='block_1_91' title="bbox 175 5742 1771 5819">
    <p class='ocr_par' dir='ltr' id='par_1_91' title="bbox 175 5742 1771 5819">
     <span class='ocr_line' id='line_1_91' title="bbox 175 5742 1771 5819; baseline -0.007 -11"><span class='ocrx_word' id='word_1_670' title='bbox 175 5750 280 5819; x_wconf 75' lang='lat' dir='ltr'><strong>iam</strong></span> <span class='ocrx_word' id='word_1_671' title='bbox 312 5751 588 5814; x_wconf 82' lang='lat' dir='ltr'><strong>nolumus,</strong></span> <span class='ocrx_word' id='word_1_672' title='bbox 617 5750 701 5804; x_wconf 84' lang='lat' dir='ltr'><strong>vel</strong></span> <span class='ocrx_word' id='word_1_673' title='bbox 737 5750 970 5805; x_wconf 87' lang='lat' dir='ltr'><strong>tolerare</strong></span> <span class='ocrx_word' id='word_1_674' title='bbox 1000 5764 1256 5818; x_wconf 86' lang='lat' dir='ltr'><strong>cogemur</strong></span> <span class='ocrx_word' id='word_1_675' title='bbox 1285 5765 1298 5804; x_wconf 92' lang='lat'><strong>:</strong></span> <span class='ocrx_word' id='word_1_676' title='bbox 1330 5745 1430 5805; x_wconf 89' lang='lat' dir='ltr'><strong>sed</strong></span> <span class='ocrx_word' id='word_1_677' title='bbox 1475 5742 1771 5807; x_wconf 85' lang='lat' dir='ltr'><strong>credimus,</strong></span> 
     </span>
    </p>
   </div>
   <div class='ocr_carea' id='block_1_92' title="bbox 177 5831 1772 5907">
    <p class='ocr_par' dir='ltr' id='par_1_92' title="bbox 177 5831 1772 5907">
     <span class='ocr_line' id='line_1_92' title="bbox 177 5831 1772 5907; baseline -0.004 -14"><span class='ocrx_word' id='word_1_678' title='bbox 177 5837 472 5907; x_wconf 68' lang='lat' dir='ltr'><strong>adiuvante</strong></span> <span class='ocrx_word' id='word_1_679' title='bbox 502 5836 871 5894; x_wconf 81' lang='lat' dir='ltr'><strong>misericordia</strong></span> <span class='ocrx_word' id='word_1_680' title='bbox 903 5835 1108 5893; x_wconf 87' lang='lat' dir='ltr'><strong>Domini</strong></span> <span class='ocrx_word' id='word_1_681' title='bbox 1139 5837 1230 5899; x_wconf 91' lang='lat' dir='ltr'><strong>Dei</strong></span> <span class='ocrx_word' id='word_1_682' title='bbox 1267 5835 1460 5903; x_wconf 86' lang='lat' dir='ltr'><strong>nostri,</strong></span> <span class='ocrx_word' id='word_1_683' title='bbox 1495 5831 1641 5904; x_wconf 85' lang='lat' dir='ltr'><strong>quod</strong></span> <span class='ocrx_word' id='word_1_684' title='bbox 1682 5840 1772 5890; x_wconf 82' lang='lat' dir='ltr'><strong>tua</strong></span> 
     </span>
    </p>
   </div>
   <div class='ocr_carea' id='block_1_93' title="bbox 1863 3281 3442 3356">
    <p class='ocr_par' dir='ltr' id='par_1_93' title="bbox 1863 3281 3442 3356">
     <span class='ocr_line' id='line_1_93' title="bbox 1863 3281 3442 3356; baseline -0.005 -12"><span class='ocrx_word' id='word_1_685' title='bbox 1863 3287 2197 3344; x_wconf 83' lang='lat' dir='ltr'><strong>conﬁdimus.</strong></span> <span class='ocrx_word' id='word_1_686' title='bbox 2231 3287 2436 3342; x_wconf 68' lang='lat' dir='ltr'><strong>Caetera</strong></span> <span class='ocrx_word' id='word_1_687' title='bbox 2467 3301 2596 3340; x_wconf 92' lang='lat' dir='ltr'><strong>vero</strong></span> <span class='ocrx_word' id='word_1_688' title='bbox 2630 3301 2750 3356; x_wconf 73' lang='lat' dir='ltr'><strong>quae</strong></span> <span class='ocrx_word' id='word_1_689' title='bbox 2791 3285 2841 3339; x_wconf 90' lang='lat' dir='ltr'><strong>in</strong></span> <span class='ocrx_word' id='word_1_690' title='bbox 2896 3291 3079 3338; x_wconf 90' lang='lat' dir='ltr'><strong>nostra</strong></span> <span class='ocrx_word' id='word_1_691' title='bbox 3109 3281 3316 3353; x_wconf 82' lang='lat' dir='ltr'><strong>synodo</strong></span> <span class='ocrx_word' id='word_1_692' title='bbox 3346 3295 3442 3350; x_wconf 73' lang='lat' dir='ltr'><strong>ge~</strong></span> 
     </span>
    </p>
   </div>
   <div class='ocr_carea' id='block_1_94' title="bbox 1861 3373 3448 3447">
    <p class='ocr_par' dir='ltr' id='par_1_94' title="bbox 1861 3373 3448 3447">
     <span class='ocr_line' id='line_1_94' title="bbox 1861 3373 3448 3447; baseline -0.006 -14"><span class='ocrx_word' id='word_1_693' title='bbox 1861 3390 1942 3434; x_wconf 87' lang='lat' dir='ltr'><strong>sta</strong></span> <span class='ocrx_word' id='word_1_694' title='bbox 1975 3379 2057 3434; x_wconf 90' lang='lat' dir='ltr'><strong>vel</strong></span> <span class='ocrx_word' id='word_1_695' title='bbox 2087 3377 2293 3433; x_wconf 90' lang='lat' dir='ltr'><strong>ﬁrmata</strong></span> <span class='ocrx_word' id='word_1_696' title='bbox 2319 3386 2464 3440; x_wconf 89' lang='lat' dir='ltr'><strong>sunt,</strong></span> <span class='ocrx_word' id='word_1_697' title='bbox 2495 3377 2750 3447; x_wconf 90' lang='lat' dir='ltr'><strong>quoniam</strong></span> <span class='ocrx_word' id='word_1_698' title='bbox 2803 3373 3095 3444; x_wconf 88' lang='lat' dir='ltr'><strong>supradicti</strong></span> <span class='ocrx_word' id='word_1_699' title='bbox 3123 3373 3318 3427; x_wconf 88' lang='lat' dir='ltr'><strong>fratres</strong></span> <span class='ocrx_word' id='word_1_700' title='bbox 3351 3389 3448 3425; x_wconf 74' lang='lat' dir='ltr'><strong>no-</strong></span> 
     </span>
    </p>
   </div>
   <div class='ocr_carea' id='block_1_95' title="bbox 1861 3462 3440 3538">
    <p class='ocr_par' dir='ltr' id='par_1_95' title="bbox 1861 3462 3440 3538">
     <span class='ocr_line' id='line_1_95' title="bbox 1861 3462 3440 3538; baseline -0.006 -13"><span class='ocrx_word' id='word_1_701' title='bbox 1861 3471 1978 3534; x_wconf 90' lang='lat' dir='ltr'><strong>stri,</strong></span> <span class='ocrx_word' id='word_1_702' title='bbox 2028 3469 2312 3524; x_wconf 88' lang='lat' dir='ltr'><strong>Faustinus</strong></span> <span class='ocrx_word' id='word_1_703' title='bbox 2355 3469 2728 3538; x_wconf 83' lang='lat' dir='ltr'><strong>coepiscopus,</strong></span> <span class='ocrx_word' id='word_1_704' title='bbox 2779 3464 3077 3532; x_wconf 89' lang='lat' dir='ltr'><strong>Philippus,</strong></span> <span class='ocrx_word' id='word_1_705' title='bbox 3129 3471 3183 3515; x_wconf 91' lang='lat' dir='ltr'><strong>et</strong></span> <span class='ocrx_word' id='word_1_706' title='bbox 3224 3462 3440 3516; x_wconf 78' lang='lat' dir='ltr'><strong>Asellus</strong></span> 
     </span>
    </p>
   </div>
   <div class='ocr_carea' id='block_1_96' title="bbox 1863 3552 3442 3632">
    <p class='ocr_par' dir='ltr' id='par_1_96' title="bbox 1863 3552 3442 3632">
     <span class='ocr_line' id='line_1_96' title="bbox 1863 3552 3442 3632; baseline -0.007 -18"><span class='ocrx_word' id='word_1_707' title='bbox 1863 3560 2161 3632; x_wconf 81' lang='lat' dir='ltr'><strong>presbyteri</strong></span> <span class='ocrx_word' id='word_1_708' title='bbox 2190 3573 2371 3613; x_wconf 91' lang='lat' dir='ltr'><strong>secum</strong></span> <span class='ocrx_word' id='word_1_709' title='bbox 2403 3557 2599 3619; x_wconf 86' lang='lat' dir='ltr'><strong>ferunt,</strong></span> <span class='ocrx_word' id='word_1_710' title='bbox 2631 3555 2676 3610; x_wconf 90' lang='lat' dir='ltr'><strong>si</strong></span> <span class='ocrx_word' id='word_1_711' title='bbox 2706 3555 2954 3622; x_wconf 84' lang='lat' dir='ltr'><strong>dignatus</strong></span> <span class='ocrx_word' id='word_1_712' title='bbox 2976 3552 3157 3614; x_wconf 88' lang='lat' dir='ltr'><strong>fueris,</strong></span> <span class='ocrx_word' id='word_1_713' title='bbox 3190 3561 3295 3606; x_wconf 80' lang='lat' dir='ltr'><strong>tuae</strong></span> <span class='ocrx_word' id='word_1_714' title='bbox 3316 3559 3442 3603; x_wconf 91' lang='lat' dir='ltr'><strong>nota</strong></span> 
     </span>
    </p>
   </div>
   <div class='ocr_carea' id='block_1_97' title="bbox 1864 3643 3448 3708">
    <p class='ocr_par' dir='ltr' id='par_1_97' title="bbox 1864 3643 3448 3708">
     <span class='ocr_line' id='line_1_97' title="bbox 1864 3643 3448 3708; baseline -0.008 -3"><span class='ocrx_word' id='word_1_715' title='bbox 1864 3653 2059 3708; x_wconf 86' lang='lat' dir='ltr'><strong>facient</strong></span> <span class='ocrx_word' id='word_1_716' title='bbox 2100 3650 2392 3706; x_wconf 88' lang='lat' dir='ltr'><strong>sanctitati.</strong></span> <span class='ocrx_word' id='word_1_717' title='bbox 2438 3648 2508 3703; x_wconf 87' lang='lat' dir='ltr'><strong>Et</strong></span> <span class='ocrx_word' id='word_1_718' title='bbox 2553 3649 2658 3701; x_wconf 87' lang='lat' dir='ltr'><strong>alia</strong></span> <span class='ocrx_word' id='word_1_719' title='bbox 2705 3660 2905 3699; x_wconf 85' lang='lat' dir='ltr'><strong>manu:</strong></span> <span class='ocrx_word' id='word_1_720' title='bbox 2957 3643 3214 3696; x_wconf 83' lang='lat' dir='ltr'><strong>Dominus</strong></span> <span class='ocrx_word' id='word_1_721' title='bbox 3261 3651 3448 3697; x_wconf 88' lang='lat' dir='ltr'><strong>uoster</strong></span> 
     </span>
    </p>
   </div>
   <div class='ocr_carea' id='block_1_98' title="bbox 1863 3731 3444 3808">
    <p class='ocr_par' dir='ltr' id='par_1_98' title="bbox 1863 3731 3444 3808">
     <span class='ocr_line' id='line_1_98' title="bbox 1863 3731 3444 3808; baseline -0.006 -13"><span class='ocrx_word' id='word_1_722' title='bbox 1863 3751 1917 3796; x_wconf 90' lang='lat' dir='ltr'><strong>te</strong></span> <span class='ocrx_word' id='word_1_723' title='bbox 1945 3741 2100 3796; x_wconf 90' lang='lat' dir='ltr'><strong>nobis</strong></span> <span class='ocrx_word' id='word_1_724' title='bbox 2142 3739 2297 3793; x_wconf 86' lang='lat' dir='ltr'><strong>annis</strong></span> <span class='ocrx_word' id='word_1_725' title='bbox 2324 3737 2567 3808; x_wconf 89' lang='lat' dir='ltr'><strong>plurimis</strong></span> <span class='ocrx_word' id='word_1_726' title='bbox 2587 3732 2871 3797; x_wconf 89' lang='lat' dir='ltr'><strong>custodiat,</strong></span> <span class='ocrx_word' id='word_1_727' title='bbox 2911 3731 3222 3788; x_wconf 85' lang='lat' dir='ltr'><strong>beatissime</strong></span> <span class='ocrx_word' id='word_1_728' title='bbox 3251 3731 3444 3786; x_wconf 86' lang='lat' dir='ltr'><strong>frater.</strong></span> 
     </span>
    </p>
   </div>
   <div class='ocr_carea' id='block_1_99' title="bbox 1863 3822 3444 3903">
    <p class='ocr_par' dir='ltr' id='par_1_99' title="bbox 1863 3822 3444 3903">
     <span class='ocr_line' id='line_1_99' title="bbox 1863 3822 3444 3903; baseline -0.008 -13"><span class='ocrx_word' id='word_1_729' title='bbox 1863 3833 2306 3903; x_wconf 87' lang='lat' dir='ltr'><strong>Subscripserunt</strong></span> <span class='ocrx_word' id='word_1_730' title='bbox 2331 3843 2548 3901; x_wconf 87' lang='lat' dir='ltr'><strong>quoque</strong></span> <span class='ocrx_word' id='word_1_731' title='bbox 2583 3827 2832 3898; x_wconf 87' lang='lat' dir='ltr'><strong>Alypius,</strong></span> <span class='ocrx_word' id='word_1_732' title='bbox 2866 3825 3225 3894; x_wconf 81' lang='lat' dir='ltr'><strong>Augustinus,</strong></span> <span class='ocrx_word' id='word_1_733' title='bbox 3259 3822 3444 3879; x_wconf 88' lang='lat' dir='ltr'><strong>Possi-</strong></span> 
     </span>
    </p>
   </div>
   <div class='ocr_carea' id='block_1_100' title="bbox 1865 3919 2888 3992">
    <p class='ocr_par' dir='ltr' id='par_1_100' title="bbox 1865 3919 2888 3992">
     <span class='ocr_line' id='line_1_100' title="bbox 1865 3919 2888 3992; baseline -0.009 -11"><span class='ocrx_word' id='word_1_734' title='bbox 1865 3925 2003 3992; x_wconf 91' lang='lat' dir='ltr'><strong>dius,</strong></span> <span class='ocrx_word' id='word_1_735' title='bbox 2037 3925 2291 3989; x_wconf 80' lang='lat' dir='ltr'><strong>Marinus,</strong></span> <span class='ocrx_word' id='word_1_736' title='bbox 2326 3935 2382 3979; x_wconf 90' lang='lat' dir='ltr'><strong>et</strong></span> <span class='ocrx_word' id='word_1_737' title='bbox 2410 3921 2594 3978; x_wconf 57' lang='lat' dir='ltr'><strong>caeteri</strong></span> <span class='ocrx_word' id='word_1_738' title='bbox 2623 3919 2888 3990; x_wconf 85' lang='lat' dir='ltr'><strong>episcopi.</strong></span> 
     </span>
    </p>
   </div>
   <div class='ocr_carea' id='block_1_101' title="bbox 1866 4027 3449 4109">
    <p class='ocr_par' dir='ltr' id='par_1_101' title="bbox 1866 4027 3449 4109">
     <span class='ocr_line' id='line_1_101' title="bbox 1866 4027 3449 4109; baseline -0.006 -18"><span class='ocrx_word' id='word_1_739' title='bbox 1866 4037 2133 4109; x_wconf 71' lang='lat' dir='ltr'><strong>Incipiunt</strong></span> <span class='ocrx_word' id='word_1_740' title='bbox 2167 4035 2430 4109; x_wconf 73' lang='lat' dir='ltr'><strong>rescripta</strong></span> <span class='ocrx_word' id='word_1_741' title='bbox 2484 4033 2552 4109; x_wconf 65' lang='lat' dir='ltr'><strong>ad</strong></span> <span class='ocrx_word' id='word_1_742' title='bbox 2598 4027 3449 4109; x_wconf 56' lang='lat' dir='ltr'><strong>concilium_Africrtnum_§yrilfi</strong></span> 
     </span>
    </p>
   </div>
   <div class='ocr_carea' id='block_1_102' title="bbox 1934 4097 3448 4176">
    <p class='ocr_par' dir='ltr' id='par_1_102' title="bbox 1934 4097 3448 4176">
     <span class='ocr_line' id='line_1_102' title="bbox 1934 4097 3448 4176; baseline -0.007 -14"><span class='ocrx_word' id='word_1_743' title='bbox 1934 4097 2276 4162; x_wconf 66' lang='lat' dir='ltr'><strong>Aiexaudrini</strong></span> <span class='ocrx_word' id='word_1_744' title='bbox 2295 4106 2542 4176; x_wconf 62' lang='lat' dir='ltr'><strong>episCOpi,</strong></span> <span class='ocrx_word' id='word_1_745' title='bbox 2564 4102 2649 4160; x_wconf 79' lang='lat' dir='ltr'><strong>ubi</strong></span> <span class='ocrx_word' id='word_1_746' title='bbox 2675 4097 3193 4176; x_wconf 28' lang='lat' dir='ltr'><strong>authenticaicoucilii</strong></span> <span class='ocrx_word' id='word_1_747' title='bbox 3217 4097 3448 4176; x_wconf 79' lang='lat' dir='ltr'><strong>icami,</strong></span> 
     </span>
    </p>
   </div>
   <div class='ocr_carea' id='block_1_103' title="bbox 1938 4169 3453 4243">
    <p class='ocr_par' dir='ltr' id='par_1_103' title="bbox 1938 4169 3453 4243">
     <span class='ocr_line' id='line_1_103' title="bbox 1938 4169 3453 4243; baseline -0.007 -11"><span class='ocrx_word' id='word_1_748' title='bbox 1938 4180 2194 4232; x_wconf 74' lang='lat' dir='ltr'><strong>translata</strong></span> <span class='ocrx_word' id='word_1_749' title='bbox 2243 4169 2533 4230; x_wconf 51' lang='lat' dir='ltr'><strong>de&#39;erco</strong></span> <span class='ocrx_word' id='word_1_750' title='bbox 2577 4191 2665 4243; x_wconf 86' lang='lat' dir='ltr'><strong>per</strong></span> <span class='ocrx_word' id='word_1_751' title='bbox 2705 4171 3069 4226; x_wconf 82' lang='lat' dir='ltr'><strong>Innocentium</strong></span> <span class='ocrx_word' id='word_1_752' title='bbox 3099 4169 3453 4243; x_wconf 62' lang='lat' dir='ltr'><strong>presbyterum</strong></span> 
     </span>
    </p>
   </div>
   <div class='ocr_carea' id='block_1_104' title="bbox 1938 4239 3454 4316">
    <p class='ocr_par' dir='ltr' id='par_1_104' title="bbox 1938 4239 3454 4316">
     <span class='ocr_line' id='line_1_104' title="bbox 1938 4239 3454 4316; baseline -0.007 -14"><span class='ocrx_word' id='word_1_753' title='bbox 1938 4249 2376 4310; x_wconf 81' lang='lat' dir='ltr'><strong>transmiserunt;</strong></span> <span class='ocrx_word' id='word_1_754' title='bbox 2412 4261 2523 4316; x_wconf 72' lang='lat' dir='ltr'><strong>qua?</strong></span> <span class='ocrx_word' id='word_1_755' title='bbox 2551 4239 2706 4298; x_wconf 73' lang='lat' dir='ltr'><strong>etiam</strong></span> <span class='ocrx_word' id='word_1_756' title='bbox 2737 4243 2970 4316; x_wconf 63' lang='lat' dir='ltr'><strong>epistola:</strong></span> <span class='ocrx_word' id='word_1_757' title='bbox 2998 4257 3112 4294; x_wconf 85' lang='lat' dir='ltr'><strong>cum</strong></span> <span class='ocrx_word' id='word_1_758' title='bbox 3133 4239 3310 4316; x_wconf 58' lang='lat' dir='ltr'><strong>eodem</strong></span> <span class='ocrx_word' id='word_1_759' title='bbox 3338 4255 3454 4292; x_wconf 76' lang='lat' dir='ltr'><strong>rou-</strong></span> 
     </span>
    </p>
   </div>
   <div class='ocr_carea' id='block_1_105' title="bbox 1936 4309 3449 4385">
    <p class='ocr_par' dir='ltr' id='par_1_105' title="bbox 1936 4309 3449 4385">
     <span class='ocr_line' id='line_1_105' title="bbox 1936 4309 3449 4385; baseline -0.007 -14"><span class='ocrx_word' id='word_1_760' title='bbox 1936 4319 2056 4372; x_wconf 77' lang='lat' dir='ltr'><strong>tilio</strong></span> <span class='ocrx_word' id='word_1_761' title='bbox 2089 4317 2307 4371; x_wconf 80' lang='lat' dir='ltr'><strong>Nicamo</strong></span> <span class='ocrx_word' id='word_1_762' title='bbox 2336 4309 2784 4385; x_wconf 51' lang='lat' dir='ltr'><strong>per&#39;memorotum</strong></span> <span class='ocrx_word' id='word_1_763' title='bbox 2812 4312 3164 4385; x_wconf 60' lang='lat' dir='ltr'><strong>presbyterum</strong></span> <span class='ocrx_word' id='word_1_764' title='bbox 3197 4309 3449 4385; x_wconf 68' lang='lat' dir='ltr'><strong>Innocen-</strong></span> 
     </span>
    </p>
   </div>
   <div class='ocr_carea' id='block_1_106' title="bbox 1941 4379 3454 4454">
    <p class='ocr_par' dir='ltr' id='par_1_106' title="bbox 1941 4379 3454 4454">
     <span class='ocr_line' id='line_1_106' title="bbox 1941 4379 3454 4454; baseline -0.009 -11"><span class='ocrx_word' id='word_1_765' title='bbox 1941 4392 2088 4454; x_wconf 87' lang='lat' dir='ltr'><strong>tium,</strong></span> <span class='ocrx_word' id='word_1_766' title='bbox 2121 4398 2170 4441; x_wconf 78' lang='lat' dir='ltr'><strong>et</strong></span> <span class='ocrx_word' id='word_1_767' title='bbox 2205 4379 2512 4440; x_wconf 71' lang='lat' dir='ltr'><strong>Marcellum</strong></span> <span class='ocrx_word' id='word_1_768' title='bbox 2541 4379 2912 4438; x_wconf 72' lang='lat' dir='ltr'><strong>subdiacorium</strong></span> <span class='ocrx_word' id='word_1_769' title='bbox 2943 4379 3190 4454; x_wconf 56' lang='lat' dir='ltr'><strong>Ecclesiae</strong></span> <span class='ocrx_word' id='word_1_770' title='bbox 3229 4379 3454 4454; x_wconf 48' lang='grc' dir='ltr'><strong>(ξεινήια-</strong></span> 
     </span>
    </p>
   </div>
   <div class='ocr_carea' id='block_1_107' title="bbox 1945 4446 3448 4532">
    <p class='ocr_par' dir='ltr' id='par_1_107' title="bbox 1945 4446 3448 4532">
     <span class='ocr_line' id='line_1_107' title="bbox 1945 4446 3448 4532; baseline -0.009 -19"><span class='ocrx_word' id='word_1_771' title='bbox 1945 4446 2173 4532; x_wconf 71' lang='lat' dir='ltr'><strong>giueusis</strong></span> <span class='ocrx_word' id='word_1_772' title='bbox 2201 4466 2381 4532; x_wconf 70' lang='lat' dir='ltr'><strong>sancto</strong></span> <span class='ocrx_word' id='word_1_773' title='bbox 2413 4454 2684 4532; x_wconf 50' lang='lat' dir='ltr'><strong>lionifacio</strong></span> <span class='ocrx_word' id='word_1_774' title='bbox 2707 4455 2949 4532; x_wconf 64' lang='lat' dir='ltr'><strong>episcopo</strong></span> <span class='ocrx_word' id='word_1_775' title='bbox 2973 4450 3221 4532; x_wconf 46' lang='lat' dir='ltr'><strong>Ecclesia:</strong></span> <span class='ocrx_word' id='word_1_776' title='bbox 3249 4446 3448 4502; x_wconf 82' lang='lat' dir='ltr'><strong>Roma-</strong></span> 
     </span>
    </p>
   </div>
   <div class='ocr_carea' id='block_1_108' title="bbox 1938 4520 3204 4594">
    <p class='ocr_par' dir='ltr' id='par_1_108' title="bbox 1938 4520 3204 4594">
     <span class='ocr_line' id='line_1_108' title="bbox 1938 4520 3204 4594; baseline -0.011 -9"><span class='ocrx_word' id='word_1_777' title='bbox 1938 4520 2036 4594; x_wconf 79' lang='grc' dir='ltr'><strong>ἦω,</strong></span> <span class='ocrx_word' id='word_1_778' title='bbox 2061 4530 2151 4582; x_wconf 82' lang='lat' dir='ltr'><strong>sub</strong></span> <span class='ocrx_word' id='word_1_779' title='bbox 2189 4528 2273 4581; x_wconf 86' lang='lat' dir='ltr'><strong>die</strong></span> <span class='ocrx_word' id='word_1_780' title='bbox 2296 4542 2348 4579; x_wconf 85' lang='lat' dir='ltr'><strong>v1</strong></span> <span class='ocrx_word' id='word_1_781' title='bbox 2377 4525 2478 4579; x_wconf 80' lang='lat' dir='ltr'><strong>cal.</strong></span> <span class='ocrx_word' id='word_1_782' title='bbox 2512 4520 2803 4577; x_wconf 78' lang='lat' dir='ltr'><strong>Decembris</strong></span> <span class='ocrx_word' id='word_1_783' title='bbox 2833 4520 2949 4576; x_wconf 79' lang='lat' dir='ltr'><strong>sum</strong></span> <span class='ocrx_word' id='word_1_784' title='bbox 2978 4520 3204 4574; x_wconf 79' lang='lat' dir='ltr'><strong>dircclw.</strong></span> 
     </span>
    </p>
   </div>
   <div class='ocr_carea' id='block_1_109' title="bbox 1937 4630 3453 4702">
    <p class='ocr_par' dir='ltr' id='par_1_109' title="bbox 1937 4630 3453 4702">
     <span class='ocr_line' id='line_1_109' title="bbox 1937 4630 3453 4702; baseline -0.008 -4"><span class='ocrx_word' id='word_1_785' title='bbox 1937 4640 2196 4699; x_wconf 75' lang='lat' dir='ltr'><strong>CXXXV.</strong></span> <span class='ocrx_word' id='word_1_786' title='bbox 2239 4638 2480 4693; x_wconf 89' lang='lat' dir='ltr'><strong>Dominis</strong></span> <span class='ocrx_word' id='word_1_787' title='bbox 2509 4635 2935 4702; x_wconf 88' lang='lat' dir='ltr'><strong>honorabilibus,</strong></span> <span class='ocrx_word' id='word_1_788' title='bbox 2967 4633 3166 4688; x_wconf 90' lang='lat' dir='ltr'><strong>sanctis</strong></span> <span class='ocrx_word' id='word_1_789' title='bbox 3194 4630 3453 4686; x_wconf 76' lang='lat' dir='ltr'><strong>fratribus</strong></span> 
     </span>
    </p>
   </div>
   <div class='ocr_carea' id='block_1_110' title="bbox 1867 4725 3456 4806">
    <p class='ocr_par' dir='ltr' id='par_1_110' title="bbox 1867 4725 3456 4806">
     <span class='ocr_line' id='line_1_110' title="bbox 1867 4725 3456 4806; baseline -0.011 -12"><span class='ocrx_word' id='word_1_790' title='bbox 1867 4733 2223 4806; x_wconf 87' lang='lat' dir='ltr'><strong>coepiscopis,</strong></span> <span class='ocrx_word' id='word_1_791' title='bbox 2257 4731 2496 4794; x_wconf 86' lang='lat' dir='ltr'><strong>Aurelio,</strong></span> <span class='ocrx_word' id='word_1_792' title='bbox 2529 4728 2836 4793; x_wconf 81' lang='lat' dir='ltr'><strong>Valentino,</strong></span> <span class='ocrx_word' id='word_1_793' title='bbox 2868 4725 2962 4780; x_wconf 90' lang='lat' dir='ltr'><strong>sed</strong></span> <span class='ocrx_word' id='word_1_794' title='bbox 2998 4734 3052 4778; x_wconf 89' lang='lat' dir='ltr'><strong>et</strong></span> <span class='ocrx_word' id='word_1_795' title='bbox 3079 4725 3224 4780; x_wconf 90' lang='lat' dir='ltr'><strong>omni</strong></span> <span class='ocrx_word' id='word_1_796' title='bbox 3254 4732 3456 4779; x_wconf 81' lang='lat' dir='ltr'><strong>sancta:</strong></span> 
     </span>
    </p>
   </div>
   <div class='ocr_carea' id='block_1_111' title="bbox 1868 4813 3453 4892">
    <p class='ocr_par' dir='ltr' id='par_1_111' title="bbox 1868 4813 3453 4892">
     <span class='ocr_line' id='line_1_111' title="bbox 1868 4813 3453 4892; baseline -0.011 -9"><span class='ocrx_word' id='word_1_797' title='bbox 1868 4821 2278 4892; x_wconf 87' lang='lat' dir='ltr'><strong>congregationi</strong></span> <span class='ocrx_word' id='word_1_798' title='bbox 2327 4820 2381 4875; x_wconf 90' lang='lat' dir='ltr'><strong>in</strong></span> <span class='ocrx_word' id='word_1_799' title='bbox 2425 4815 2832 4884; x_wconf 89' lang='lat' dir='ltr'><strong>Carthaginensi</strong></span> <span class='ocrx_word' id='word_1_800' title='bbox 2857 4813 3064 4886; x_wconf 91' lang='lat' dir='ltr'><strong>synodo</strong></span> <span class='ocrx_word' id='word_1_801' title='bbox 3093 4821 3453 4882; x_wconf 60' lang='lat' dir='ltr'><strong>congregant,</strong></span> 
     </span>
    </p>
   </div>
   <div class='ocr_carea' id='block_1_112' title="bbox 1869 4905 3217 4988">
    <p class='ocr_par' dir='ltr' id='par_1_112' title="bbox 1869 4905 3217 4988">
     <span class='ocr_line' id='line_1_112' title="bbox 1869 4905 3217 4988; baseline -0.009 -18"><span class='ocrx_word' id='word_1_802' title='bbox 1869 4915 2102 4988; x_wconf 87' lang='lat' dir='ltr'><strong>Cyrillus</strong></span> <span class='ocrx_word' id='word_1_803' title='bbox 2130 4911 2368 4967; x_wconf 89' lang='lat' dir='ltr'><strong>salutans</strong></span> <span class='ocrx_word' id='word_1_804' title='bbox 2394 4910 2446 4964; x_wconf 91' lang='lat' dir='ltr'><strong>in</strong></span> <span class='ocrx_word' id='word_1_805' title='bbox 2474 4909 2584 4963; x_wconf 90' lang='lat' dir='ltr'><strong>Deo</strong></span> <span class='ocrx_word' id='word_1_806' title='bbox 2615 4905 2932 4961; x_wconf 87' lang='lat' dir='ltr'><strong>charitatem</strong></span> <span class='ocrx_word' id='word_1_807' title='bbox 2960 4913 3217 4960; x_wconf 89' lang='lat' dir='ltr'><strong>vestram.</strong></span> 
     </span>
    </p>
   </div>
   <div class='ocr_carea' id='block_1_113' title="bbox 1943 4995 3458 5073">
    <p class='ocr_par' dir='ltr' id='par_1_113' title="bbox 1943 4995 3458 5073">
     <span class='ocr_line' id='line_1_113' title="bbox 1943 4995 3458 5073; baseline -0.005 -14"><span class='ocrx_word' id='word_1_808' title='bbox 1943 5005 2154 5073; x_wconf 91' lang='lat' dir='ltr'><strong>Scripta</strong></span> <span class='ocrx_word' id='word_1_809' title='bbox 2180 4999 2547 5056; x_wconf 89' lang='lat' dir='ltr'><strong>venerationis</strong></span> <span class='ocrx_word' id='word_1_810' title='bbox 2573 5005 2765 5052; x_wconf 60' lang='lat' dir='ltr'><strong>vestite</strong></span> <span class='ocrx_word' id='word_1_811' title='bbox 2789 4996 3011 5050; x_wconf 85' lang='lat' dir='ltr'><strong>multam</strong></span> <span class='ocrx_word' id='word_1_812' title='bbox 3042 4995 3296 5050; x_wconf 87' lang='lat' dir='ltr'><strong>habentia</strong></span> <span class='ocrx_word' id='word_1_813' title='bbox 3325 5010 3458 5066; x_wconf 85' lang='lat' dir='ltr'><strong>qne-</strong></span> 
     </span>
    </p>
   </div>
   <div class='ocr_carea' id='block_1_114' title="bbox 1872 5085 3455 5160">
    <p class='ocr_par' dir='ltr' id='par_1_114' title="bbox 1872 5085 3455 5160">
     <span class='ocr_line' id='line_1_114' title="bbox 1872 5085 3455 5160; baseline -0.008 -8"><span class='ocrx_word' id='word_1_814' title='bbox 1872 5097 2156 5153; x_wconf 89' lang='lat' dir='ltr'><strong>rimoniam</strong></span> <span class='ocrx_word' id='word_1_815' title='bbox 2189 5110 2308 5149; x_wconf 91' lang='lat' dir='ltr'><strong>cum</strong></span> <span class='ocrx_word' id='word_1_816' title='bbox 2334 5092 2480 5148; x_wconf 90' lang='lat' dir='ltr'><strong>omni</strong></span> <span class='ocrx_word' id='word_1_817' title='bbox 2529 5089 2708 5144; x_wconf 61' lang='lat' dir='ltr'><strong>laetitia</strong></span> <span class='ocrx_word' id='word_1_818' title='bbox 2740 5104 2835 5160; x_wconf 82' lang='lat' dir='ltr'><strong>per</strong></span> <span class='ocrx_word' id='word_1_819' title='bbox 2880 5088 3045 5142; x_wconf 73' lang='lat' dir='ltr'><strong>ﬁlium</strong></span> <span class='ocrx_word' id='word_1_820' title='bbox 3093 5097 3337 5142; x_wconf 89' lang='lat' dir='ltr'><strong>nostrum</strong></span> <span class='ocrx_word' id='word_1_821' title='bbox 3366 5085 3455 5140; x_wconf 90' lang='lat' dir='ltr'><strong>ln-</strong></span> 
     </span>
    </p>
   </div>
   <div class='ocr_carea' id='block_1_115' title="bbox 1871 5178 3540 5260">
    <p class='ocr_par' dir='ltr' id='par_1_115' title="bbox 1871 5178 3540 5260">
     <span class='ocr_line' id='line_1_115' title="bbox 1871 5178 3540 5260; baseline -0.006 -17"><span class='ocrx_word' id='word_1_822' title='bbox 1871 5189 2178 5260; x_wconf 88' lang='lat' dir='ltr'><strong>nocentium</strong></span> <span class='ocrx_word' id='word_1_823' title='bbox 2210 5185 2578 5256; x_wconf 85' lang='lat' dir='ltr'><strong>presbyterum</strong></span> <span class='ocrx_word' id='word_1_824' title='bbox 2609 5180 2839 5249; x_wconf 89' lang='lat' dir='ltr'><strong>suscepi,</strong></span> <span class='ocrx_word' id='word_1_825' title='bbox 2872 5180 3063 5247; x_wconf 90' lang='lat' dir='ltr'><strong>quibus</strong></span> <span class='ocrx_word' id='word_1_826' title='bbox 3088 5195 3118 5232; x_wconf 94' lang='lat' dir='ltr'><strong>a</strong></span> <span class='ocrx_word' id='word_1_827' title='bbox 3144 5178 3299 5234; x_wconf 91' lang='lat' dir='ltr'><strong>nobis</strong></span> <span class='ocrx_word' id='word_1_828' title='bbox 3329 5193 3457 5249; x_wconf 70' lang='grc' dir='ltr'><strong>ενο-</strong></span> <span class='ocrx_word' id='word_1_829' title='bbox 3535 5255 3540 5260; x_wconf 27' lang='grc' dir='ltr'><strong>Ι</strong></span> 
     </span>
    </p>
   </div>
   <div class='ocr_carea' id='block_1_116' title="bbox 1873 5258 3456 5334">
    <p class='ocr_par' dir='ltr' id='par_1_116' title="bbox 1873 5258 3456 5334">
     <span class='ocr_line' id='line_1_116' title="bbox 1873 5258 3456 5334; baseline -0.008 0"><span class='ocrx_word' id='word_1_830' title='bbox 1873 5281 2004 5334; x_wconf 85' lang='lat' dir='ltr'><strong>ratis</strong></span> <span class='ocrx_word' id='word_1_831' title='bbox 2035 5289 2092 5333; x_wconf 89' lang='lat' dir='ltr'><strong>ut</strong></span> <span class='ocrx_word' id='word_1_832' title='bbox 2119 5258 2186 5332; x_wconf 87' lang='lat' dir='ltr'><strong>de</strong></span> <span class='ocrx_word' id='word_1_833' title='bbox 2220 5277 2417 5332; x_wconf 88' lang='lat' dir='ltr'><strong>scrinio</strong></span> <span class='ocrx_word' id='word_1_834' title='bbox 2447 5283 2644 5328; x_wconf 74' lang='lat' dir='ltr'><strong>nostra:</strong></span> <span class='ocrx_word' id='word_1_835' title='bbox 2683 5271 2935 5327; x_wconf 75' lang='lat' dir='ltr'><strong>Ecclesiae</strong></span> <span class='ocrx_word' id='word_1_836' title='bbox 2968 5271 3247 5326; x_wconf 88' lang='lat' dir='ltr'><strong>verissima</strong></span> <span class='ocrx_word' id='word_1_837' title='bbox 3269 5285 3456 5326; x_wconf 84' lang='lat' dir='ltr'><strong>exem-</strong></span> 
     </span>
    </p>
   </div>
   <div class='ocr_carea' id='block_1_117' title="bbox 1875 5360 3456 5440">
    <p class='ocr_par' dir='ltr' id='par_1_117' title="bbox 1875 5360 3456 5440">
     <span class='ocr_line' id='line_1_117' title="bbox 1875 5360 3456 5440; baseline -0.009 -16"><span class='ocrx_word' id='word_1_838' title='bbox 1875 5369 2044 5440; x_wconf 87' lang='lat' dir='ltr'><strong>plaria</strong></span> <span class='ocrx_word' id='word_1_839' title='bbox 2075 5383 2141 5423; x_wconf 79' lang='lat' dir='ltr'><strong>ex</strong></span> <span class='ocrx_word' id='word_1_840' title='bbox 2171 5366 2477 5420; x_wconf 88' lang='lat' dir='ltr'><strong>authentica</strong></span> <span class='ocrx_word' id='word_1_841' title='bbox 2509 5363 2715 5436; x_wconf 90' lang='lat' dir='ltr'><strong>synodo</strong></span> <span class='ocrx_word' id='word_1_842' title='bbox 2739 5361 2880 5433; x_wconf 90' lang='lat' dir='ltr'><strong>apud</strong></span> <span class='ocrx_word' id='word_1_843' title='bbox 2903 5361 3133 5417; x_wconf 61' lang='lat' dir='ltr'><strong>Nicaeam</strong></span> <span class='ocrx_word' id='word_1_844' title='bbox 3163 5360 3456 5423; x_wconf 88' lang='lat' dir='ltr'><strong>civitatem,</strong></span> 
     </span>
    </p>
   </div>
   <div class='ocr_carea' id='block_1_118' title="bbox 1873 5451 3457 5529">
    <p class='ocr_par' dir='ltr' id='par_1_118' title="bbox 1873 5451 3457 5529">
     <span class='ocr_line' id='line_1_118' title="bbox 1873 5451 3457 5529; baseline -0.007 -14"><span class='ocrx_word' id='word_1_845' title='bbox 1873 5459 2214 5529; x_wconf 89' lang='lat' dir='ltr'><strong>metropolim</strong></span> <span class='ocrx_word' id='word_1_846' title='bbox 2247 5457 2527 5526; x_wconf 61' lang='lat' dir='ltr'><strong>Bithynice,</strong></span> <span class='ocrx_word' id='word_1_847' title='bbox 2567 5471 2596 5509; x_wconf 93' lang='lat' dir='ltr'><strong>a</strong></span> <span class='ocrx_word' id='word_1_848' title='bbox 2636 5456 2839 5509; x_wconf 90' lang='lat' dir='ltr'><strong>sanctis</strong></span> <span class='ocrx_word' id='word_1_849' title='bbox 2893 5453 3138 5509; x_wconf 88' lang='lat' dir='ltr'><strong>Patribus</strong></span> <span class='ocrx_word' id='word_1_850' title='bbox 3165 5451 3457 5508; x_wconf 86' lang='lat' dir='ltr'><strong>constituta</strong></span> 
     </span>
    </p>
   </div>
   <div class='ocr_carea' id='block_1_119' title="bbox 1874 5545 3455 5623">
    <p class='ocr_par' dir='ltr' id='par_1_119' title="bbox 1874 5545 3455 5623">
     <span class='ocr_line' id='line_1_119' title="bbox 1874 5545 3455 5623; baseline -0.007 -15"><span class='ocrx_word' id='word_1_851' title='bbox 1874 5563 2037 5623; x_wconf 90' lang='lat' dir='ltr'><strong>atque</strong></span> <span class='ocrx_word' id='word_1_852' title='bbox 2067 5552 2292 5612; x_wconf 90' lang='lat' dir='ltr'><strong>ﬁrmata,</strong></span> <span class='ocrx_word' id='word_1_853' title='bbox 2339 5550 2437 5603; x_wconf 92' lang='lat' dir='ltr'><strong>sub</strong></span> <span class='ocrx_word' id='word_1_854' title='bbox 2483 5557 2681 5603; x_wconf 78' lang='lat' dir='ltr'><strong>nostne</strong></span> <span class='ocrx_word' id='word_1_855' title='bbox 2729 5545 2850 5601; x_wconf 82' lang='lat' dir='ltr'><strong>ﬁdei</strong></span> <span class='ocrx_word' id='word_1_856' title='bbox 2881 5545 3216 5615; x_wconf 88' lang='lat' dir='ltr'><strong>professione</strong></span> <span class='ocrx_word' id='word_1_857' title='bbox 3257 5552 3455 5597; x_wconf 64' lang='lat' dir='ltr'><strong>vestrae</strong></span> 
     </span>
    </p>
   </div>
   <div class='ocr_carea' id='block_1_120' title="bbox 1875 5632 3462 5712">
    <p class='ocr_par' dir='ltr' id='par_1_120' title="bbox 1875 5632 3462 5712">
     <span class='ocr_line' id='line_1_120' title="bbox 1875 5632 3462 5712; baseline -0.008 -12"><span class='ocrx_word' id='word_1_858' title='bbox 1875 5643 2148 5700; x_wconf 91' lang='lat' dir='ltr'><strong>dilectioni</strong></span> <span class='ocrx_word' id='word_1_859' title='bbox 2208 5641 2566 5712; x_wconf 87' lang='lat' dir='ltr'><strong>porrigamus.</strong></span> <span class='ocrx_word' id='word_1_860' title='bbox 2640 5635 3055 5703; x_wconf 87' lang='lat' dir='ltr'><strong>Unde,domini</strong></span> <span class='ocrx_word' id='word_1_861' title='bbox 3113 5632 3462 5688; x_wconf 85' lang='lat' dir='ltr'><strong>honorabiles</strong></span> 
     </span>
    </p>
   </div>
   <div class='ocr_carea' id='block_1_121' title="bbox 1875 5724 3464 5805">
    <p class='ocr_par' dir='ltr' id='par_1_121' title="bbox 1875 5724 3464 5805">
     <span class='ocr_line' id='line_1_121' title="bbox 1875 5724 3464 5805; baseline -0.006 -15"><span class='ocrx_word' id='word_1_862' title='bbox 1875 5736 2088 5800; x_wconf 86' lang='lat' dir='ltr'><strong>fratres,</strong></span> <span class='ocrx_word' id='word_1_863' title='bbox 2122 5734 2295 5790; x_wconf 88' lang='lat' dir='ltr'><strong>salute</strong></span> <span class='ocrx_word' id='word_1_864' title='bbox 2315 5741 2590 5805; x_wconf 69' lang='lat' dir='ltr'><strong>prtceunte</strong></span> <span class='ocrx_word' id='word_1_865' title='bbox 2633 5729 2883 5793; x_wconf 91' lang='lat' dir='ltr'><strong>Domino,</strong></span> <span class='ocrx_word' id='word_1_866' title='bbox 2927 5738 3145 5779; x_wconf 89' lang='lat' dir='ltr'><strong>necesse</strong></span> <span class='ocrx_word' id='word_1_867' title='bbox 3176 5724 3336 5779; x_wconf 89' lang='lat' dir='ltr'><strong>habui</strong></span> <span class='ocrx_word' id='word_1_868' title='bbox 3369 5741 3464 5797; x_wconf 81' lang='lat' dir='ltr'><strong>per</strong></span> 
     </span>
    </p>
   </div>
   <div class='ocr_carea' id='block_1_122' title="bbox 1878 5814 3462 5888">
    <p class='ocr_par' dir='ltr' id='par_1_122' title="bbox 1878 5814 3462 5888">
     <span class='ocr_line' id='line_1_122' title="bbox 1878 5814 3462 5888; baseline -0.008 -6"><span class='ocrx_word' id='word_1_869' title='bbox 1878 5827 2067 5882; x_wconf 88' lang='lat' dir='ltr'><strong>barum</strong></span> <span class='ocrx_word' id='word_1_870' title='bbox 2099 5826 2327 5882; x_wconf 87' lang='lat' dir='ltr'><strong>latorem</strong></span> <span class='ocrx_word' id='word_1_871' title='bbox 2366 5822 2529 5878; x_wconf 84' lang='lat' dir='ltr'><strong>lilium</strong></span> <span class='ocrx_word' id='word_1_872' title='bbox 2563 5826 2805 5874; x_wconf 88' lang='lat' dir='ltr'><strong>nostrum</strong></span> <span class='ocrx_word' id='word_1_873' title='bbox 2834 5814 3208 5872; x_wconf 85' lang='lat' dir='ltr'><strong>innocentium</strong></span> <span class='ocrx_word' id='word_1_874' title='bbox 3235 5824 3462 5888; x_wconf 70' lang='lat' dir='ltr'><strong>presby-</strong></span> 
     </span>
    </p>
   </div>
  </div>
