3988 6344
193 361 300 417 εἰς)

693 354 984 411 DIONYSII
1023 352 1258 411 EXluUl
1294 340 1674 409 COLLECTIO
1715 353 2178 410 DECRETORUM
2218 354 2325 409 PP.
2366 355 2479 409 RR.
2522 354 2919 415 PREFATIO.

3337 361 3442 416 220

188 470 390 539 refugia
457 468 598 523 sicut
628 474 681 523 te
706 466 924 536 dignum
967 474 1071 534 est,
1100 466 1325 535 repellat
1353 464 1611 520 sanctitas
1641 473 1752 528 tua,
1791 473 1836 527 Α
1863 474 2033 521 strum
2060 464 2388 529 Faustinum,
2423 474 2673 535 tanquam
2703 481 2768 521 ex
2799 476 2949 537 parte
2978 468 3177 525 Nicmni
3206 471 3444 538 concilii,

182 564 310 631 quia
352 571 411 617 et
439 560 582 614 nulla
614 560 832 613 Patrum
855 557 1168 613 deﬁnitione
1192 558 1295 611 hoc
1324 556 1579 611 Ecclesia:
1607 556 1767 610 dero-

182 660 366 718 gatum
408 658 490 704 est
521 648 822 703 Africanae:
856 656 911 702 et
940 648 1156 702 decreta
1186 647 1420 712 Nicaena,
1470 648 1585 701 sive
1631 645 1768 702 infe-

183 740 346 793 rioris
373 739 568 806 gradus
597 738 842 804 clericos,
874 738 987 793 sive
1017 738 1162 807 ipsos
1190 738 1477 807 episcopos
1504 738 1617 791 suis
1651 752 1768 792 me-

188 828 528 898 tropolitanis
548 828 886 898 apertissime
908 828 1295 883 commiserunt
1320 845 1333 892 ;
1360 828 1773 896 prudentissime

189 921 334 975 enim
383 919 787 989 justissimeque
828 919 1079 975 viderunt
1126 919 1187 990 [ι’.
1222 918 1593 991 providerunt]
1620 935 1769 988 quac-

188 1028 407 1082 cunque
436 1016 657 1081 negotia
685 1014 739 1067 in
769 1013 881 1069 suis
915 1011 1053 1067 locis
1092 1012 1183 1066 ubi
1228 1019 1348 1066 orta
1372 1020 1498 1066 sunt
1522 1012 1773 1067 linienda.

188 1103 302 1158 Nec
352 1104 641 1172 unicuique
693 1103 1044 1173 providentiae
1088 1103 1149 1175 [ί.
1193 1100 1507 1172 provincim]
1548 1103 1775 1170 gratiam

190 1191 251 1247 S.
282 1192 518 1263 Spiritus
545 1193 871 1256 defuturam,
916 1207 1021 1261 qua
1049 1192 1273 1261 :cquitas
1301 1208 1330 1245 a
1369 1192 1568 1246 Christi
1597 1208 1780 1246 sacer-

191 1285 414 1340 dotibus
454 1291 510 1338 et
538 1285 832 1353 prudenter
859 1282 1125 1347 videatur,
1154 1291 1209 1336 et
1238 1285 1669 1338 constantissime
1695 1292 1777 1337 te—

193 1382 391 1428 neatur
424 1390 437 1424 :
485 1372 719 1426 maxime
748 1372 873 1439 quia
923 1370 1213 1439 unicuique
1253 1387 1568 1426 concessum
1600 1380 1703 1439 est,
1734 1372 1779 1426 si

190 1462 396 1533 judicio
441 1461 678 1527 offensus
706 1460 866 1515 fuerit
912 1460 1275 1528 cognitorum,
1322 1461 1388 1513 ad
1418 1461 1646 1515 concilia
1673 1475 1782 1515 suae

196 1554 534 1626 provinciae,
591 1553 677 1606 vel
724 1552 887 1606 etiam
937 1552 1241 1605 universale
1290 1566 1608 1621 provocare.
1671 1551 1783 1605 Nisi

194 1646 340 1699 forte
394 1644 679 1714 quisquam
727 1649 811 1696 est
879 1641 969 1710 qui
1037 1639 1223 1694 credat
1272 1641 1586 1695 unicuilibet
1629 1655 1787 1709 posse

201 1736 473 1793 examinis
496 1734 756 1803 inspirare
772 1732 1052 1800 justitiam,
1084 1743 1138 1785 et
1161 1734 1636 1788 innumerabilibus
1658 1749 1786 1788 con-

1868 556 2062 610 exinde
2091 556 2474 620 transmisistis,
2503 556 2557 609 in
2588 557 2830 612 conciliis
2857 559 3179 625 verioribus,
3209 575 3327 629 qum
3348 578 3442 616 ac-

1869 646 2137 714 cipiuntur
2164 645 2385 709 Nicmni,
2419 661 2448 699 a
2478 656 2667 701 sancto
2690 645 2887 717 Cyrillo
2908 651 3229 721 coepisc0po
3257 661 3445 706 nostro

1870 740 2241 794 Alexandrina:
2255 738 2524 807 Ecclesiae,
2547 748 2601 795 et
2621 755 2651 795 a
2677 743 2964 797 venerabili
2987 745 3162 800 Attico
3184 746 3450 803 Constan-

1871 830 2226 898 tinopolitano
2269 831 2545 892 antistite,
2591 847 2657 885 ex
2709 834 3018 890 authentico
3064 838 3276 893 missis:
3326 856 3449 909 quae

1874 920 2034 974 etiam
2074 927 2198 973 ante
2247 919 2349 973 hoc
2396 935 2492 988 per
2556 919 2924 976 lniiocentium
2973 925 3342 995 presbyterum
3393 938 3450 981 et

1875 1008 2181 1063 Marcellum
2211 1009 2616 1074 subdiaconum,
2647 1027 2741 1080 per
2774 1028 2911 1081 quos
2942 1014 3007 1067 ad
3038 1030 3134 1068 nos
3164 1016 3231 1069 ab
3261 1017 3339 1070 eis
3366 1019 3449 1071 di-

1878 1110 2021 1155 recta
2050 1108 2201 1167 sunt,
2236 1101 2557 1155 venerabilis
2588 1105 2859 1157 memoria:
2892 1104 3164 1167 Bonifacio
3192 1108 3449 1177 episcopo

1878 1194 2147 1249 decessori
2169 1201 2350 1248 vestro
2374 1209 2403 1246 a
2436 1194 2589 1247 nobis
2620 1196 2933 1250 transmissa
2969 1210 3111 1261 sunt,
3163 1199 3214 1251 in
3257 1201 3452 1268 quibus

1882 1284 1988 1337 tale
2040 1283 2237 1352 aliquid
2294 1298 2401 1337 non
2458 1283 2728 1352 potuimus
2776 1285 3030 1353 reperire.
3093 1286 3452 1343 Exsecutores

1882 1373 2040 1427 etiam
2069 1373 2293 1427 clericos
2331 1380 2537 1425 vestros
2582 1372 2882 1441 quibusque
2930 1375 3237 1442 petentibus
3286 1377 3453 1431 nolite

1882 1464 2118 1525 mittere,
2155 1462 2320 1516 nolite
2349 1462 2666 1526 concedere,
2694 1478 2761 1515 ne
2792 1461 3055 1519 fumosum
3088 1466 3307 1535 typhum
3348 1482 3454 1521 saa-

1885 1550 1990 1604 culi
2021 1550 2071 1603 in
2104 1549 2394 1604 Ecclesium
2424 1548 2661 1614 Christi,
2715 1566 2832 1619 qutc
2876 1552 3052 1607 lucem
3099 1556 3455 1624 simplicitatis

1885 1650 1941 1694 et
1969 1640 2280 1693 humilitatis
2309 1640 2448 1693 diem
2503 1640 2669 1693 Deum
2723 1640 2902 1695 videre
2951 1643 3288 1711 cupientibus
3327 1660 3457 1712 prm-

1888 1730 2011 1797 fert,
2043 1732 2321 1785 videamur
2344 1731 2599 1786 inducere
2624 1749 2636 1783 :
2669 1748 2790 1785 nam
2816 1733 2880 1785 de
2912 1734 3071 1789 fratre
3100 1747 3287 1790 nOstro
3314 1736 3457 1790 Fau-

199 1827 443 1896 gregatis
492 1827 543 1879 in
590 1824 876 1880 concilium
924 1823 1291 1877 sacerdotibus
1339 1824 1625 1891 denegare.
1678 1825 1783 1876 Aut
1816 1838 1858 1895 Β
1888 1824 2029 1877 stino
2080 1823 2292 1895 (amoto
2327 1822 2436 1891 jam
2485 1838 2581 1891 pro
2629 1824 2739 1877 suis
2789 1823 3029 1879 nefandis
3081 1827 3331 1894 nequitiis
3393 1827 3461 1881 de

198 1916 480 1986 quomodo
508 1916 678 1985 ipsum
710 1913 1123 1968 transmarinum
1154 1913 1415 1981 judicium
1446 1923 1620 1968 ratum
1657 1914 1779 1976 erit,

197 2010 267 2064 ad
298 2008 447 2077 quod
483 2007 695 2062 testium
724 2005 1040 2060 necessaria:
1069 2020 1311 2073 persona:
1339 2005 1421 2059 vel
1451 2015 1668 2074 propter
1696 2020 1783 2059 se-

199 2113 325 2161 xus,
359 2097 443 2151 vel
473 2103 694 2166 propter
731 2094 1025 2150 senectutis
1053 2091 1440 2156 inﬁrmitatem,
1486 2093 1568 2147 vel
1609 2093 1786 2147 multis

197 2188 324 2243 aliis
370 2184 766 2255 impedimentis
809 2183 999 2236 adduci
1048 2198 1154 2237 nou
1203 2184 1499 2252 poterunt?
1548 2181 1679 2235 Nam
1729 2191 1789 2236 ut

197 2278 371 2347 aliqui
402 2285 657 2345 tanquam
705 2289 735 2327 a
781 2281 885 2326 tute
924 2273 1222 2327 sanctitatis
1268 2273 1436 2327 latere
1484 2273 1784 2337 mittantur,

198 2367 357 2421 nulla
402 2364 703 2420 invenimus
731 2362 949 2416 Patrum
980 2362 1184 2433 synodo
1230 2363 1602 2417 constitutum.
1652 2362 1785 2428 Quia

198 2459 341 2513 illud
387 2458 532 2526 quod
588 2456 797 2526 pridem
845 2469 942 2522 per
969 2453 1215 2507 eumdem
1259 2454 1639 2522 coepisc0pum
1689 2470 1785 2506 no-

210 2548 1859 2573 __________.________________

1889 1916 2085 1971 Christi
2120 1914 2355 1971 Ecclesia
2378 1914 2608 1969 dolendo
2630 1914 2867 1984 Apiario)
2891 1916 3061 1970 securi
3092 1933 3292 1984 sumus,
3315 1916 3459 1986 quod

1890 2024 2011 2062 eum
2044 2008 2312 2076 probitate
2342 2021 2406 2061 ac
2434 2005 2804 2061 moderatione
2852 2016 2953 2061 tua:
2976 2010 3292 2073 sanctitatis,
3316 2009 3463 2065 salva

1891 2097 2125 2151 fraterna
2152 2098 2447 2163 charitate,
2505 2096 2727 2149 ulterius
2756 2096 2930 2152 Africa
2961 2099 3179 2153 minime
3209 2101 3462 2169 patiatur.

1894 2188 1961 2241 Et
1999 2188 2101 2240 alia
2128 2202 2287 2239 manu
2316 2202 2329 2237 :
2362 2186 2619 2239 Dominus
2647 2198 2832 2239 noster
2864 2188 3204 2242 sanctitatem
3234 2196 3467 2243 vestram

1893 2294 2008 2332 aevo
2046 2276 2289 2343 longiore
2336 2284 2578 2329 orantem
2608 2290 2705 2345 pro
2735 2276 2888 2331 nobis
2917 2278 3202 2342 custodiat,
3246 2279 3464 2334 domine

1890 2366 2075 2421 frater.

1300 2646 2520 2811 OLLECTIO

836 2694 839 2699 ‘
1145 2656 2520 2818 COLLECTIO

376 2903 1323 3021 DECRETORUM
1386 2895 2287 3014 PONTIFICUM
2368 2891 3300 3053 ROMANORUM,

1025 3093 1537 3171 AUCTORE
1615 3088 2123 3163 DIONYSIO
2205 3083 2632 3159 EXIGUO.

1553 3292 2039 3357 LECTORI
2088 3302 2116 3329 ⁸

284 3450 428 3505 IIuic
463 3464 607 3503 nocte
630 3446 841 3501 editioni
873 3444 1205 3501 Collectionis
1236 3440 1505 3498 Canonum
1534 3440 1783 3495 ecclesia—
1813 3443 1861 3502 (ἶ
1890 3436 2014 3491 409.
2049 3433 2199 3500 Quod
2228 3434 2361 3488 hanc
2387 3432 2769 3506 Dionysianam
2816 3435 3165 3490 collectionem
3203 3439 3342 3491 circa
3365 3438 3473 3493 haec

211 3544 466 3596 sticorum
501 3539 741 3610 Dionysii
768 3535 985 3608 Exigui,
1016 3553 1080 3590 ne
1107 3534 1229 3604 quid
1256 3534 1408 3588 veteri
1430 3530 1797 3603 jurispruden-

212 3635 303 3687 (is!
352 3632 615 3685 canonica:
649 3630 824 3683 deesse
858 3628 1105 3690 videatur,
1145 3624 1503 3695 subjunximus
1530 3620 1799 3689 epistolam

210 3721 451 3791 ejusdem
496 3718 735 3789 Dionysii
780 3716 971 3787 Exigui
1018 3716 1087 3768 ad
1124 3713 1395 3767 lulianum
1448 3709 1798 3781 presbyterum

213 3812 354 3864 tituli
386 3809 597 3864 Sancta:
622 3808 949 3873 Anastasice,
980 3805 1305 3877 prcefationis
1334 3803 1467 3867 loco,
1503 3816 1609 3855 sua:
1646 3798 1800 3853 colle—

211 3902 378 3955 ctioni
408 3900 741 3952 Decretorum
771 3896 1122 3951 Romanorum
1160 3893 1460 3964 pontiﬁcum
1501 3890 1797 3961 prazﬁxam,

209 4008 373 4063 quam
416 4004 553 4043 nunc
578 3988 798 4053 primum
826 4002 918 4040 suo
960 3985 1158 4037 auctori
1188 3982 1499 4047 restitutum,
1547 3993 1613 4032 ea:
1642 3977 1797 4030 reteri

210 4083 334 4135 cod.
364 4095 460 4133 ms.
492 4093 703 4131 summae
730 4076 1032 4130 eruditionis
1056 4075 1150 4127 viri
1175 4071 1357 4127 Jacobi
1381 4068 1685 4125 Sirmondi!
1712 4083 1792 4122 so‘

212 4168 424 4223 cietatis
452 4164 576 4220 Iesu
617 4164 920 4236 presbyteri,
968 4163 1052 4215 cui
1082 4170 1342 4231 acceptam
1371 4160 1528 4228 refer,
1581 4156 1671 4209 tibi
1698 4154 1795 4208 da-

211 4277 335 4314 mus
386 4275 503 4312 cum
527 4257 698 4311 indice
727 4266 924 4309 tantum
947 4252 1305 4323 capitulorum,
1356 4250 1561 4305 omissis
1602 4246 1797 4302 Decre-

220 4361 398 4405 torum
419 4350 633 4419 integris
655 4346 928 4414 capitibus,
950 4360 1064 4413 quw
1082 4358 1146 4397 ea:
1163 4344 1318 4396 reteri
1339 4340 1513 4395 codice
1532 4338 1799 4393 Canonum

215 4442 475 4495 Ecclesia
496 4439 768 4504 Romanae,
793 4440 877 4509 qui
903 4436 1187 4506 Moguntiaz
1210 4436 1432 4505 primum
1459 4447 1674 4486 excusas
1701 4438 1778 4483 est

216 4549 363 4585 anno
398 4528 559 4595 1525,
594 4539 643 4583 et
672 4537 850 4599 postea
878 4525 1100 4580 Parisiis
1126 4542 1214 4577 an.
1260 4520 1420 4590 1619,
1464 4521 1616 4592 facile
1642 4520 1799 4573 cuivis

217 4622 379 4693 fuerit
427 4629 669 4689 repetere.
721 4616 777 4671 Is
824 4633 937 4670 vero
985 4626 1059 4669 est
1101 4615 1343 4694 Julianus
1390 4611 1675 4683 presbyter,
1713 4610 1800 4680 qui

215 4710 521 4778 subscripsit
550 4706 763 4778 synodis
794 4704 973 4760 Romae
1001 4705 1287 4769 celebratis,
1318 4703 1410 4757 sub
1440 4700 1616 4756 Felice
1642 4716 1799 4771 papa,

1901 3538 2150 3596 tempora,
2196 3534 2311 3595 post
2355 3541 2610 3579 canonum
2641 3522 2937 3579 Graecorum
2977 3527 3472 3595 interpretationem,

1899 3618 2094 3687 [actam
2125 3615 2284 3683 fuisse
2329 3614 2518 3682 arguit.
2552 3611 2787 3665 Continet
2818 3620 2986 3664 autem
3034 3610 3328 3667 Decretales
3365 3618 3476 3686 epi-

1897 3708 2057 3762 stolas
2080 3706 2277 3769 Siricii,
2304 3703 2616 3767 Innocentii,
2644 3703 2857 3767 Zosimi,
2886 3702 3163 3773 Bonifacii,
3189 3703 3475 3771 Cazlestini,

1899 3795 2108 3857 Leonis,
2162 3792 2380 3859 Gelasii,
2426 3801 2474 3845 et
2502 3791 2787 3851 Anastasii,
2838 3791 2900 3843 ab
2931 3808 3069 3845 anno
3100 3791 3331 3845 videlicet
3372 3793 3481 3847 585

1898 3889 1966 3943 ad
1988 3903 2179 3941 annuat
2210 3883 2333 3949 486,
2366 3899 2492 3955 quas
2521 3883 2677 3935 etiam
2702 3892 2927 3936 recenset
2948 3882 3255 3938 Cresconius
3276 3885 3329 3937 in
3354 3883 3475 3938 Bre-

1896 3978 2060 4031 viario
2103 3974 2395 4035 Canonico,
2438 3981 2486 4025 et
2517 3968 2624 4024 Leo
2654 3970 2735 4025 ιγ
2776 3989 2945 4041 ραρα,
2987 3971 3127 4040 apud
3168 3970 3477 4033 Gratianum

1900 4084 2017 4122 can.
2066 4066 2128 4120 de
2167 4064 2355 4119 libellis
2395 4063 2517 4117 dist.
2566 4060 2655 4126 ‘20,
2707 4071 2755 4115 et
2797 4061 3111 4116 Ilincmarus
3171 4060 3477 4117 Rhemensis

1898 4157 2349 4228 archiepiswpus,
2411 4154 2653 4207 adversus
2702 4151 3044 4206 Hiucmarum
3088 4151 3481 4208 Laudnnensem

1899 4249 2215 4319 episcopum,
2257 4262 2375 4313 cap.
2401 4242 2489 4297 45.
2540 4241 2610 4296 Et
2656 4259 2770 4296 vero
2812 4243 2904 4296 illa
2939 4251 3015 4296 est
3060 4243 3290 4297 collectio
3321 4260 3482 4313 quam

1901 4337 2193 4392 Zacharias
2214 4349 2373 4404 papa,
2403 4334 2456 4386 in
2486 4332 2704 4401 epistola
2733 4332 2803 4385 ad
2835 4331 3079 4400 Pipinum
3114 4334 3362 4401 majorem
3392 4335 3483 4387 do~

1900 4442 2036 4493 mus,
2063 4433 2111 4477 et
2132 4422 2382 4476 universis
2409 4421 2660 4492 episcopis
2691 4421 2743 4473 in
2779 4437 2933 4491 regno
2962 4419 3210 4475 Francia:
3238 4425 3487 4476 constitu-

1904 4517 1988 4582 tis,
2022 4515 2222 4570 Lmnuu
2253 4512 2617 4565 Dscnsronuu
2645 4519 2807 4574 vocat,
2840 4518 2991 4580 atque
3014 4527 3078 4563 ea:
3102 4527 3161 4564 eo
3189 4512 3312 4563 citat
3334 4529 3479 4581 quae-

1902 4606 2025 4659 dam
2073 4602 2298 4671 capitula
2335 4601 2546 4664 Siricii,
2593 4598 2907 4662 Innocentii,
2956 4596 3143 4652 Leonis
3172 4608 3220 4652 et
3260 4599 3477 4655 Celasii.

1906 4693 2020 4759 Qua
2052 4694 2115 4742 de
2140 4709 2195 4745 re
2216 4708 2327 4744 cum
2357 4688 2659 4757 ampliorem
2680 4688 3039 4740 tractationem
3058 4705 3324 4755 paramus,
3348 4689 3485 4745 illud

216 4776 468 4854 Dinamio
495 4808 544 4852 et
574 4776 813 4867 Siphidio
841 4812 973 4850 coss.
996 4838 1011 4863 ,
1044 4796 1138 4850 hoc
1178 4807 1253 4850 est
1282 4811 1418 4848 anno
1441 4792 1632 4847 Christi
1672 4790 1798 4855 488,
1830 4796 1879 4856 ι)
1905 4788 1992 4859 hic“
2015 4785 2076 4839 de
2100 4783 2267 4853 prima
2290 4779 2637 4834 Decretalium
2666 4778 2967 4849 pontiﬁcum
2994 4776 3345 4834 Romanorum
3373 4780 3483 4835 σοις

214 4902 265 4945 et
278 4891 375 4945 sub
391 4890 721 4961 Symmacho,
740 4897 854 4959 post
869 4890 1188 4943 consulatum
1212 4886 1439 4954 Paulini,
1461 4885 1555 4939 hoc
1574 4892 1649 4938 est
1670 4898 1808 4936 anno

288 5040 313 5064 ι
361 5026 486 5081 llmc
533 5026 781 5081 Prtefatio
832 5025 928 5080 luit

216 5099 374 5169 uysio
405 5096 627 5165 Exiguo,
660 5098 816 5151 edita:
847 5112 988 5150 anno
1022 5096 1179 5148 i645.

1914 4875 2127 4930 lectione
2155 4870 2368 4925 breviter
2396 4869 2721 4923 admonuisse
2748 4868 3007 4923 duximus.

968 5024 1183 5095 praeﬁxa
1230 5039 1259 5077 a
1289 5022 1347 5077 C.
1380 5021 1604 5076 Justello
1642 5012 2313 5075 collectioniDecretorum
2337 5006 2651 5080 pontiﬁcum
2675 5007 3063 5074 Romanorum,
3105 5017 3326 5067 auctore
3350 5009 3479 5066 Dio-

218 5181 2026 5209 _________________._______

1169 5222 1575 5281 CATALOGUS
1615 5215 2024 5274 PONTIFICUM
2065 5209 2531 5275 ROMANORUM,

839 5336 1049 5385 QUORUM
1092 5334 1332 5373 DECRETA
1373 5332 1423 5370 IN
1462 5329 1563 5367 ilAC
1603 5323 1968 5367 COLLEC'HONE
2008 5318 2227 5359 υιοδῑειι
2266 5315 2445 5355 εχισυι
2482 5313 2879 5355 κεεεκςεῐςτωι.

1523 5405 1620 5459 ΑΝ.
1652 5403 1786 5457 Cun.

360 5506 589 5559 Sinicws
1595 5488 1719 5545 585.

361 5595 709 5649 Ικκοςεκτιυε
1596 5580 1722 5634 404.

361 5686 588 5738 Zosiucs
638 5684 649 5697 λ’
1595 5671 1721 5725 417.

360 5776 679 5829 Βοκιηαιςε
1599 5764 1726 5817 419.

3202 5392 3299 5445 Au.
3331 5390 3472 5446 Cnn.

2042 5488 2393 5543 Ctl-ZLESTlNUS
3278 5480 3401 5532 49.9.

2044 5578 2153 5631 Leo
2194 5575 2213 5627 l
3281 5567 3407 5623 444.

2043 5666 2307 5721 ϐιςωειυς
3276 5655 3403 5714 492.

2049 5760 2382 5813 Mssnsws
3291 5746 3416 5803 498.

1741 5857 2105 5875 m
