3988 6344
478 366 566 422 Eii
1265 408 1272 415 .
1741 365 2094 421 DlONYSlUS
2134 365 2449 424 EXlGUL‘S.

482 488 523 494 ,ν
536 479 1734 495 ...Μ-...Μ
1747 481 2541 493 ..η--ι-ι-ι-

3630 368 3736 424 2'»!

2545 482 2874 494 ———-.-u

1351 572 1797 647 DI'ONYSII
1876 526 2239 644 EXIGUIQ
2297 568 2838 645 I’R/EFATIO.

544 774 767 828 Domino
790 769 1076 824 venerabili
1121 768 1249 822 mihi
1290 766 1502 821 Iuliano
1550 769 1862 837 presbytero
1904 767 2042 821 tituli
2070 768 2127 828 Α
2153 767 2293 820 niam
2316 767 2574 822 doctrinm
2603 766 2807 821 meritis
2827 767 3127 836 ampliaret.
3155 767 3394 838 Denique
3415 786 3576 827 omne
3597 788 3733 843 opus

410 858 412 861 ’
469 864 677 919 Sancta:
709 861 1032 923 Anastasize,
1083 859 1369 929 Dionysius
1418 857 1669 925 Exiguus.
1741 857 2051 913 Sanctitatis

468 965 659 1009 vestra:
705 954 805 1022 piis
844 951 1111 1005 excitatus
1139 948 1376 1022 Dstudiis,
1428 948 1622 1017 quibus
1653 948 1782 1001 nihil
1830 963 2051 1017 prorsus

468 1063 655 1103 eorum
683 1061 800 1113 quae
829 1044 894 1097 ad
933 1042 1350 1097 ecclesiasticam
1390 1040 1729 1109 disciplinam
1757 1040 2049 1109 pertinent,

468 1133 976 1201 omittitinquirere,
1003 1130 1393 1200 praeteritorum
1416 1130 1557 1183 sedis
1585 1130 1891 1199 apostolicm
1914 1145 2053 1200 prte-

467 1227 639 1280 sulum
670 1220 1251 1290 constituta,quavalui
1281 1236 1406 1275 cura
1434 1219 1817 1288 diligentiaque
1838 1220 2049 1287 collegi,

469 1328 525 1370 et
553 1318 603 1370 in
629 1315 912 1383 quemdam
944 1314 1190 1381 redigcns
1214 1313 1453 1367 ordinem
1481 1314 1646 1367 titulis
1667 1313 1883 1368 distinxi
1905 1328 2052 1367 com-

467 1406 655 1476 positis
704 1423 716 1457 :

466 1506 731 1566 quotquot
764 1511 792 1548 a
828 1511 911 1549 me
941 1503 1206 1564 praecepta
1244 1503 1459 1563 reperta
1489 1504 1631 1560 sunt,
1681 1495 1779 1548 sub
1809 1510 1913 1548 una
1954 1510 2052 1548 nu-

465 1601 736 1641 merorum
786 1586 927 1639 serie
967 1586 1340 1649 terminarem,
1373 1598 1667 1651 omnesque
1695 1584 1876 1638 titulos
1927 1585 2051 1638 huic

467 1678 768 1746 prazfationi
815 1676 1209 1742 subnecterem,
1258 1690 1324 1729 eo
1364 1675 1525 1729 modo
1555 1691 1660 1743 quo
1704 1673 1926 1737 dudum,
1982 1675 2050 1730 de

464 1768 651 1823 Gneco
682 1783 930 1822 sermone
957 1767 1173 1820 Patrum
1198 1766 1528 1821 transferens
1548 1781 1808 1833 canones,
1834 1766 2051 1820 ordina-

464 1876 599 1921 ram,
634 1859 776 1929 quod
801 1861 951 1913 vobis
982 1860 1200 1912 nimium
1232 1858 1495 1926 placuisse
1524 1871 1902 1925 cognoveram.
1949 1858 2049 1923 Qui

467 1972 602 2009 vero
635 1955 999 2010 sincerissimo
1045 1952 1239 2006 affectu
1272 1952 1439 2005 Deum
1471 1951 1706 2019 diligitis,
1748 1958 1804 2005 et
1853 1951 2050 2005 idcirco

464 2045 691 2099 famulos
721 2048 835 2113 ejus
877 2044 1139 2098 laudanda
1178 2042 1547 2097 sollicitudine
1587 2042 1892 2096 continetis.
1920 2040 2050 2107 Quis

768 1405 839 1459 ita
888 1404 1150 1458 duntaxat
1201 1411 1261 1457 ut
1305 1403 1636 1469 singulorum
1693 1403 2075 1475 pontiﬁcumh

2150 856 2267 925 ejus
2295 865 2384 910 aut
2413 856 2587 911 oratio
2633 856 2795 911 fuisse
2824 866 3172 925 memoratur,
3220 869 3315 914 aut
3340 860 3523 917 lectio.
3554 862 3730 918 Inter—

2152 946 2276 1001 dum
2306 962 2519 1016 quoque
2546 948 2813 1002 scribendi
2852 963 3035 1002 curam
3066 950 3327 1017 sumebat,
3379 962 3539 1020 prout
3565 968 3731 1008 causa

2152 1036 2238 1092 vel
2265 1038 2403 1092 ratio
2432 1038 2786 1106 poposcisset,
2818 1053 3203 1108 servorumque
3234 1040 3331 1095 Dei
3353 1042 3572 1096 maximi
3600 1059 3733 1097 con-

2152 1128 2320 1183 sortio
2372 1135 2537 1197 atque
2580 1128 2842 1182 societate
2897 1129 3182 1196 gaudebat.
3213 1130 3450 1195 Quorum
3504 1131 3725 1202 spiritali

2152 1221 2443 1276 collatione
2466 1229 2615 1275 tanto
2643 1221 2808 1275 divini
2837 1224 3036 1277 amoris
3063 1224 3258 1290 studio,
3291 1234 3435 1280 tanta
3457 1229 3606 1282 verbi
3634 1228 3729 1283 Dei

2151 1313 2497 1367 meditatione
2544 1312 2843 1377 fovebatur,
2907 1324 2964 1368 ut
3013 1315 3137 1369 huic
3189 1318 3353 1372 etiam
3406 1318 3535 1373 illud
3585 1321 3731 1388 quod

2151 1402 2431 1459 Psalmista
2461 1405 2676 1469 cecinit,
2707 1415 2981 1475 aptaretur
3016 1425 3027 1458 :
3059 1407 3254 1463 Beatus
3284 1409 3447 1464 homo
3481 1425 3641 1479 quem
3672 1420 3731 1467 tu

2151 1494 2431 1560 erudieris,
2480 1496 2725 1560 Domine,
2759 1505 2813 1550 et
2836 1496 2902 1549 de
2946 1497 3064 1565 lege
3094 1506 3183 1552 tua
3214 1498 3463 1554 docueris
3483 1516 3627 1569 eum,
3677 1509 3734 1557 ut

2110 1655 2119 1663 θ
2150 1587 2361 1653 mitiges
2387 1604 2509 1642 eum
2537 1603 2567 1641 a
2592 1588 2779 1643 diebus
2802 1590 2973 1644 malis.
3004 1589 3171 1660 Hujus
3191 1593 3331 1647 enim
3354 1596 3534 1649 smcnli
3560 1598 3733 1653 malos

2150 1677 2264 1731 dies
2292 1678 2364 1731 ita
2405 1678 2632 1732 Domino
2673 1680 2955 1747 mitigante
2984 1689 3145 1749 atque
3187 1684 3518 1750 gubernante
3548 1696 3732 1741 trans-

2151 1769 2278 1837 egit,
2310 1778 2368 1822 ut
2396 1768 2673 1825 universas
2704 1773 3026 1826 tentationes
3051 1774 3183 1827 mira
3216 1775 3496 1842 prudentia
3528 1788 3584 1831 et
3608 1778 3729 1832 lon-

2150 1859 2463 1926 ganimitate
2501 1860 2765 1925 suiferret,
2800 1860 3021 1916 delicias
3052 1862 3268 1931 jejuniis
3314 1876 3615 1935 sperneret,
3643 1884 3732 1923 su~

2150 1949 2388 2017 perbiam
2412 1950 2711 2004 humilitate
2731 1951 3150 2017 calcaret,,tanta
3174 1954 3540 2009 misericordia
3567 1959 3733 2013 animi

2151 2039 2430 2093 alacritate
2451 2041 2793 2105 claresceret,
2823 2050 2883 2096 ut
2903 2057 3092 2097 omnes
3122 2043 3233 2097 fere
3253 2060 3516 2114 pauperes
3542 2049 3733 2101 satiari

462 2137 605 2190 enim
646 2135 1098 2205 peregrinantium
1149 2133 1390 2188 serviens
1428 2130 1665 2197 Christo,
1712 2139 1892 2186 vestro
1937 2147 2043 2186 non
2077 2120 2117 2178 Β
2147 2131 2303 2201 inops
2354 2133 2468 2202 ipse
2513 2142 2829 2188 mereretur.
2881 2132 3132 2189 Profecto
3168 2136 3359 2191 beatus
3406 2136 3508 2191 hac
3554 2139 3733 2209 inopia

462 2227 669 2283 fovetur
710 2228 977 2297 hospitio?
1017 2226 1227 2279 Justum
1256 2224 1459 2279 credidi
1494 2224 1647 2277 vobis
1679 2224 1730 2277 in
1759 2224 1859 2278 hac
1894 2231 2047 2293 parte

462 2317 727 2381 famulari,
760 2326 1023 2386 quatenus
1053 2314 1369 2370 industriam
1394 2321 1650 2377 vestram,
1694 2328 1853 2380 quam
1883 2312 2048 2367 cmle-

459 2412 630 2465 stibus
660 2409 967 2479 impenditis
995 2408 1213 2476 regulis,
1263 2415 1320 2461 et
1344 2421 1582 2476 praesens
1631 2406 1869 2459 imitetur
1891 2414 2042 2470 tetas,

459 2510 513 2554 et
537 2500 821 2569 posteritas
876 2498 1191 2552 admiretur.
1246 2497 1381 2550 Nam
1434 2510 1543 2565 pra:
1593 2495 1804 2548 virtutis
1862 2510 2048 2550 amore

459 2596 652 2642 cuncta
698 2602 819 2655 qum
858 2594 983 2641 sunt
1008 2586 1158 2639 utilia
1202 2584 1518 2639 desideratis
1565 2598 1888 2652 agnoscere,
1922 2584 2049 2639 licet

459 2694 649 2733 omnes
689 2677 980 2732 venerandi
1011 2676 1149 2746 juris
1196 2676 1597 2731 observantiam
1646 2676 1889 2732 moribus
1945 2677 2049 2739 im-

458 2770 669 2840 pleatis.
702 2768 1007 2838 Quantique
1032 2769 1103 2823 sit
1123 2769 1263 2839 apud
1291 2768 1457 2822 Deum
1484 2768 1663 2823 meriti
1690 2768 1881 2823 beatus
1908 2784 2047 2839 papa

457 2861 724 2928 Gelasius,
747 2869 801 2916 et
829 2877 926 2916 nos
954 2862 1043 2931 qui
1067 2876 1189 2916 eum
1222 2860 1510 2930 praesentia
1538 2862 1807 2932 corporali
1831 2877 1935 2917 non
1965 2863 2045 2916 vi-

458 2955 662 3020 (limus,
719 2970 814 3023 per
842 2968 937 3008 vos
984 2953 1231 3007 alumnos
1282 2952 1399 3020 ejus
1444 2953 1653 3008 facilius
1695 2953 2044 3009 aestimamus.

457 3044 622 3112 Cujus
644 3044 945 3099 eruditione
974 3043 1187 3097 formati
1234 3043 1457 3111 gradum
1510 3043 1812 3115 presbyteri
1858 3052 2045 3098 sancta

458 3136 869 3190 conversatione
916 3136 1210 3203 decoratis,
1271 3143 1329 3188 ut
1382 3135 1435 3189 in
1481 3144 1784 3191 vestrorum
1833 3151 2043 3190 morum

459 3224 745 3295 perspicuo
774 3239 997 3278 munere
1043 3224 1158 3291 ejus
1191 3224 1435 3278 videatur
1478 3224 1873 3293 quodammodo
1903 3226 2045 3281 actio

462 3314 772 3384 praelucere.
807 3313 1010 3379 Quem,
1044 3314 1202 3367 sicuti
1246 3323 1421 3367 vestra
1470 3314 1731 3367 relatione
1780 3315 2047 3384 comperi-

459 3420 600 3467 mus.
632 3405 684 3458 in
727 3413 932 3458 tantum
974 3405 1128 3458 honre
1154 3405 1442 3458 voluntatis
1486 3405 1757 3460 exstitisse
1802 3405 2043 3472 gratula-

2147 2238 2244 2293 per
2271 2238 2431 2292 quam
2462 2223 2655 2278 divinis
2683 2238 2894 2294 semper
2941 2224 3186 2279 laudibus
3232 2226 3545 2293 inhaerebat,
3593 2229 3735 2287 sicut

2146 2314 2408 2383 propheta
2436 2313 2567 2369 dicit
2594 2314 2660 2369 ad
2696 2314 2980 2369 Dominum
3006 2333 3018 2367 :
3047 2316 3257 2386 Pauper
3285 2326 3340 2371 et
3367 2317 3521 2389 ineps
3553 2319 3735 2374 lauda-

2145 2403 2281 2458 bunt
2310 2419 2504 2459 nomen
2538 2413 2703 2458 tuum.
2737 2405 2861 2461 Fuit
2887 2405 3029 2462 enim
3048 2407 3130 2459 vir
3159 2407 3374 2475 ingenio
3401 2407 3728 2473 luculentus,

2146 2495 2253 2549 vita
2283 2496 2601 2567 prmcipuus,
2634 2498 2957 2552 auctoritate
3004 2497 3346 2553 reverendus.
3379 2497 3447 2552 Et
3477 2498 3599 2554 ideo
3648 2508 3733 2555 tot

2145 2587 2403 2640 virtutum
2432 2596 2656 2655 ornatus
2685 2588 2999 2657 insignibus,
3029 2588 3095 2642 ad
3125 2597 3231 2641 tam
3255 2589 3455 2643 celsum
3485 2588 3729 2643 cilicium

2149 2692 2258 2731 non
2286 2678 2521 2732 accessit
2550 2678 2818 2746 indignus,
2866 2679 3130 2733 honorem
3187 2694 3409 2734 summae
3453 2680 3734 2748 dignitatis

2147 2782 2312 2838 grave
2340 2769 2500 2823 nimis
2539 2785 2677 2825 onus
2703 2769 3042 2836 existimans,
3098 2784 3425 2840 parvamque
3453 2770 3737 2839 negligen-

2147 2859 2275 2912 tiam
2306 2857 2576 2928 pontiﬁcis
2606 2859 2792 2928 ingens
2813 2859 3111 2914 animarum
3136 2859 3420 2914 discrimen
3449 2873 3570 2917 esse
3595 2875 3735 2915 cou-

2145 2952 2391 3008 tendens.
2426 2951 2633 3008 Idcirco
2661 2953 2808 3007 nullo
2839 2969 2899 3009 se
2926 2954 3194 3009 desidioso
3219 2955 3332 3010 otio
3358 2953 3594 3021 tradidit,
3629 2970 3736 3010 nec

2146 3042 2423 3099 luxurioso
2480 3044 2729 3097 convivio
2784 3044 3059 3113 etlusoque
3107 3044 3344 3099 servivit.
3399 3044 3477 3098 Ex
3535 3046 3737 3115 quibus

2145 3136 2307 3190 rebus
2351 3144 2407 3191 et
2446 3135 2745 3189 animarum
2794 3137 2967 3191 morbi
2995 3143 3289 3191 nascantur
3335 3144 3390 3191 et
3416 3151 3735 3208 corporum.

2146 3224 2243 3281 Hic
2277 3226 2456 3296 itaque
2476 3234 2660 3295 pastor
2686 3226 2878 3281 summi
2902 3235 3063 3296 atque
3085 3227 3210 3281 boni
3227 3225 3464 3281 Pastoris
3488 3228 3735 3284 imitator

2146 3316 2381 3371 existens
2409 3318 2655 3385 egregius
2683 3317 2878 3386 przesul
2927 3317 3070 3372 sedis
3117 3317 3430 3387 apostolicae
3459 3317 3577 3385 fuit,
3633 3321 3735 3388 qui

2148 3405 2327 3459 divina
2353 3413 2620 3475 praecepta
2650 3405 2774 3460 fecit
2801 3413 2856 3460 et
2876 3406 3083 3460 docuit.
3114 3404 3266 3462 Unde
3315 3422 3438 3462 eum
3475 3422 3735 3477 magnum

460 3511 599 3562 mur,
626 3503 682 3548 ut
710 3504 983 3550 annuente
1032 3495 1277 3559 Domino,
1313 3495 1669 3566 principatum
1702 3496 1753 3548 in
1798 3494 2040 3550 Ecclesia
2071 3475 2116 3537 Ο
2150 3493 2287 3547 inter
2308 3500 2524 3547 sanctos
2570 3507 2689 3547 esse
2734 3490 3077 3559 confidimus,
3117 3494 3271 3564 juxta
3315 3496 3733 3564 promissionem

459 3604 558 3658 pro
589 3588 878 3642 multorum
908 3588 1082 3642 salute
1109 3588 1428 3657 suscipiens,
1459 3603 1581 3643 eum
1608 3586 1910 3650 serviendo,
1944 3602 2043 3657 po-

463 3680 565 3734 tius
593 3696 753 3748 quam
783 3679 1130 3747 dominando,
1173 3679 1501 3744 sustolleret,
1531 3679 1761 3748 vitaeque
1789 3678 2042 3732 castimo-

2147 3582 2347 3639 Christi
2388 3582 2599 3637 Domini
2642 3583 2912 3637 dicentis:
2969 3583 3067 3650 Qui
3105 3583 3293 3638 fecerit
3337 3593 3393 3640 et
3440 3584 3731 3653 docuerit,

2149 3675 2412 3729 maximus
2442 3675 2722 3729 vocabitur
2744 3676 2797 3729 in
2821 3690 2985 3744 regno
3015 3676 3295 3732 emlorum.

1344 3857 1724 3917 ΕΡΙΞΤΟΙιΑ
1764 3852 2254 3914 DECRETALIS
2288 3854 2510 3913 PAPJE
2548 3853 2830 3914 SllllCll.

524 4018 748 4072 Siricius
794 4018 1031 4074 ilimrrio
1087 4020 1340 4089 episcopo
1371 4020 1758 4077 Tarraconensi
1784 4023 2035 4075 salutem.

528 4106 736 4161 Directa
762 4110 825 4164 ad
852 4111 1184 4163 decessorem
1216 4119 1455 4164 nostrum
1482 4120 1681 4165 sancta:
1704 4111 2036 4166 recordatio-

454 4197 538 4251 nis
565 4197 848 4251 Damasnm
878 4197 1223 4255 fraternitatis
1256 4209 1357 4254 tua:
1379 4202 1590 4267 relatio,
1620 4216 1707 4255 me
1728 4200 1839 4270 jam
1870 4201 1921 4256 in
1946 4216 2036 4257 se-

452 4290 575 4344 dem
605 4292 770 4360 ipsius
791 4293 1134 4346 constitutum
1156 4336 1169 4359 ,
1202 4294 1325 4364 quia
1351 4295 1429 4348 sic
1458 4294 1714 4348 Dominus
1742 4293 2025 4356 ordinavit,

453 4382 655 4436 invenit
690 4399 701 4433 :
735 4398 895 4451 quam
944 4399 1063 4436 cum
1113 4384 1165 4436 in
1211 4392 1478 4439 conventu
1498 4384 1721 4438 fratrum
1747 4384 2028 4439 sollicitius

453 4472 766 4541 legeremus,
795 4481 937 4527 tanta
982 4475 1281 4529 invenimus
1321 4490 1440 4544 quae
1495 4475 1918 4545 reprehensione
1972 4484 2028 4529 et

450 4567 787 4622 correctione
811 4568 917 4621 sint
939 4569 1094 4637 digna
1127 4612 1141 4636 ,
1174 4579 1372 4639 quanta
1424 4578 1735 4639 optaremus
1764 4569 2027 4623 laudanda

2146 4027 2231 4074 tos
2265 4019 2333 4073 ab
2379 4017 2555 4087 impiis
2584 4018 2796 4072 Arianis
2826 4017 3084 4087 plurimos
3112 4017 3178 4072 ad
3211 4015 3369 4073 ﬁdem
3400 4019 3733 4080 catholicam

2144 4107 2417 4172 festinare,
2449 4116 2504 4162 et
2549 4107 2810 4177 quosdam
2858 4108 2926 4162 de
2976 4108 3231 4163 fratribus
3279 4109 3478 4164 nostris
3507 4112 3734 4169 eosdem

2143 4195 2321 4252 denuo
2350 4197 2626 4268 baptizare
2654 4196 2816 4263 velle,
2842 4196 2987 4265 quod
3029 4212 3139 4252 non
3166 4196 3310 4265 licet,
3340 4213 3462 4254 eum
3488 4201 3594 4256 hoc
3614 4202 3735 4260 ﬁeri

2135 4297 2191 4343 et
2209 4288 2496 4357 Apostolus
2519 4295 2665 4341 vetet
2687 4286 2844 4358 (Eph.
2867 4287 2963 4355 Iv),
2984 4296 3039 4342 et
3062 4302 3298 4343 canones
3323 4290 3732 4356 contradicant,

2136 4388 2335 4448 etpost
2359 4387 2629 4434 eassatum
2651 4378 2990 4434 Ariminense
3009 4380 3297 4435 concilium
3314 4381 3475 4436 missa
3498 4382 3565 4435 ad
3594 4399 3733 4452 pro-

2136 4470 2352 4535 vincias,
2386 4485 2416 4524 a
2462 4469 2782 4524 venerandae
2842 4470 3117 4524 memoria:
3168 4470 3571 4539 praedecessore
3596 4487 3732 4529 meo

2135 4558 2365 4623 Liberio,
2394 4559 2666 4627 generalia
2689 4554 2907 4614 decreta
2936 4558 3274 4626 prohibeant,
3303 4574 3441 4628 quos
3466 4576 3566 4614 nos
3596 4578 3731 4617 cum

448 4669 793 4723 cognoscere.
828 4656 890 4709 Et
919 4658 1042 4725 quia
1068 4674 1288 4713 necesse
1313 4668 1429 4713 erat
1453 4676 1550 4713 nos
1573 4660 1623 4713 in
1654 4659 1770 4727 ejus
1794 4659 2026 4727 labores,

2143 4648 2453 4705 Novatianis
2490 4648 2716 4716 aliisque
2766 4646 3055 4711 haereticis,
3107 4646 3248 4701 sicut
3291 4656 3376 4701 est
3419 4647 3473 4701 in
3507 4650 3732 4719 synodo

447 4761 707 4815 curasque
729 4748 1037 4815 succedere,
1069 4749 1152 4803 cui
1177 4766 1273 4818 per
1297 4750 1388 4803 Dei
1410 4750 1635 4818 gratiam
1667 4751 2026 4805 successimus

447 4838 499 4890 in
530 4836 790 4892 honorem
823 4857 835 4890 :
869 4839 1027 4904 facto,
1054 4849 1110 4894 ut
1135 4843 1440 4909 oportebat,
1464 4843 1710 4912 primitus
1739 4858 1871 4897 mem
1901 4859 2026 4912 pro-

445 4927 706 4981 vectionis
750 4926 967 4993 indicio,
1000 4929 1064 4983 ad
1118 4930 1345 4999 singula,
1376 4940 1536 5000 prout
1581 4931 1836 4986 Dominus
1881 4933 2022 5001 aspi-

443 5030 565 5070 rare
618 5015 867 5083 dignatus
931 5026 1053 5084 est,
1113 5021 1490 5075 consultationi
1546 5032 1648 5076 tua:
1702 5037 2020 5091 responsum

442 5116 757 5176 competens
776 5124 883 5163 non
909 5124 1187 5178 negamus.
1219 5111 1351 5178 Quia
1380 5128 1477 5181 pro
1507 5112 1670 5167 officii
1691 5114 1861 5167 nostri
1890 5128 2021 5168 con-

442 5198 767 5255 sideratione
794 5217 903 5256 non
929 5212 1011 5257 est
1040 5204 1193 5259 nobis
1221 5204 1572 5270 dissimulare,
1598 5221 1705 5260 non
1730 5216 1813 5260 est
1842 5216 2021 5261 tacere

444 5292 664 5346 libertas
691 5310 703 5345 :
735 5294 927 5362 quibus
970 5297 1142 5365 major
1170 5299 1377 5352 cunctis
1397 5297 1711 5352 Christiana:
1749 5299 2022 5366 religionis

441 5385 587 5439 telus
612 5385 887 5449 incumbit,
911 5398 1187 5457 portamus
1209 5405 1373 5444 onera
1395 5393 1631 5455 omnium
1657 5391 1747 5459 qui
1792 5405 2022 5459 gravan-
2048 5402 2057 5407 '

444 5484 544 5527 tnr.
577 5476 825 5541 Q..inimo
856 5478 969 5533 hmo
997 5489 1176 5549 portat
1220 5481 1271 5534 in
1321 5482 1475 5536 nobis
1523 5483 1711 5537 beatus
1740 5483 2019 5553 apostolus

446 5562 655 5629 l’ctrus,
684 5568 773 5635 qui
803 5584 902 5627 nos
928 5570 980 5626 in
1004 5572 1271 5634 omnibus,
1323 5582 1381 5625 ut
1422 5572 1758 5639 confidimus,
1790 5574 2020 5628 admini-

441 5656 715 5710 s.rationis
736 5673 845 5712 sum
875 5660 1105 5727 protegit
1126 5670 1180 5714 et
1208 5670 1384 5714 tuetur
1410 5661 1681 5719 haeredes.

796 5749 875 5805 De
913 5752 1127 5807 Arianis
1149 5770 1249 5807 non
1280 5754 1679 5824 rebaptizandis.

516 5839 554 5895 Ι.
588 5840 760 5896 Prima
791 5845 969 5914 itaque
996 5848 1197 5915 paginm
1219 5855 1319 5903 tuac
1340 5846 1513 5903 fronte
1541 5849 1762 5919 signasti
1784 5849 2026 5922 baptiza-

2138 4739 2485 4793 constitutum
2514 4737 2604 4809 (In
2628 4738 2813 4792 concil.
2836 4735 3073 4802 Nicamo,
3110 4753 3155 4789 ε.
3180 4736 3256 4806 8),
3288 4753 3387 4806 per
3414 4738 3733 4795 invocatio-

2138 4845 2261 4884 nem
2306 4829 2477 4883 solam
2527 4828 2853 4898 septiformis
2900 4827 3129 4896 Spiritus
3176 4829 3498 4898 episcopalis
3524 4846 3737 4888 manus

2127 4920 2491 4990 impositione,
2518 4919 2907 4975 catholicorum
2937 4920 3225 4974 conventui
3255 4920 3547 4987 sociamus,
3572 4924 3740 4992 quod

2124 5012 2284 5067 etiam
2315 5020 2457 5067 totus
2487 5008 2676 5066 Oriens
2704 5010 3073 5078 Occidensque
3123 5010 3373 5075 custodit,
3401 5026 3432 5064 a
3464 5028 3576 5080 quo
3608 5021 3742 5068 tra—

2128 5102 2258 5156 mite
2281 5118 2377 5158 vos
2405 5116 2620 5170 quoque
2661 5101 2889 5171 posthac
2925 5102 3145 5155 minime
3173 5102 3423 5156 convenit
3448 5102 3671 5159 deviare
3714 5124 3739 5159 :

2126 5192 2172 5247 si
2211 5207 2318 5246 non
2339 5191 2495 5246 vultis
2543 5206 2574 5245 a
2631 5199 2816 5246 nostro
2863 5191 3092 5261 collegio
3145 5189 3391 5262 synodali
3440 5194 3745 5250 sententia

2128 5283 2387 5354 separari.

2132 5439 2200 5495 Ut
2227 5451 2417 5511 praeter
2462 5443 2668 5497 Pascha
2708 5454 2756 5498 et
2797 5444 3137 5498 Pentecostcn
3168 5443 3425 5513 baptisma
3449 5462 3557 5501 non
3585 5450 3760 5505 cele-

2827 5534 3019 5588 bretur.

2202 5672 2265 5725 ll.
2291 5664 2543 5741 Sequitur
2562 5676 2628 5731 de
2644 5674 2867 5729 diversis
2886 5673 3328 5742 baptizandorum
3361 5677 3766 5752 temporibus,

2129 5770 2293 5832 prout
2340 5764 2625 5835 unicuique
2706 5766 2911 5820 libitum
2983 5765 3179 5829 fuerit,
3236 5751 3616 5835 improbabilis
3683 5751 3775 5832 et

2126 5853 2455 5912 emendanda
2487 5858 2751 5923 confusio,
2797 5873 2914 5928 qum
2943 5873 2971 5912 a
2998 5856 3197 5913 nostris
3225 5859 3770 5927 consacerdotibus
