3988 6344
256 85 355 112 CE'!

257 105 361 138 200

1292 86 1665 144 COLIJZCTlO
1708 88 2169 149 DECRETORUM
2214 92 2314 150 PP.
2362 97 2471 150 RR.

3409 105 3478 160 ‘23
3490 105 3514 156 ι

255 191 421 265 (quod
448 192 706 248 commoti
734 191 977 260 dicimus)
1008 207 1114 246 non
1144 196 1351 249 ratione
1372 199 1707 253 auctoritatis
1738 200 1836 251 ali-
1866 210 1909 265 Α
1942 204 2152 272 quibus,
2182 206 2301 273 quia
2319 204 2428 275 jam
2450 205 2731 275 sumigium
2758 224 2860 264 non
2892 211 3093 267 habent
3121 214 3431 284 pmnitcndi.
3464 218 3513 269 id

257 285 430 355 cuius,
461 284 554 341 sed
580 283 701 337 sola
732 283 1034 338 temeritate
1056 285 1427 351 przcsumitur,
1465 296 1521 340 ut
1544 288 1747 356 passim
1776 305 1839 345 ac

256 377 422 430 libere
450 375 709 430 natalitiis
746 372 965 439 Christi,
989 389 1085 429 seu
1114 376 1490 444 apparitionis,
1522 392 1622 432 nec
1654 394 1759 433 non
1787 386 1842 434 et

252 466 655 537 Apostolorum,
672 479 769 520 seu
798 463 1093 533 Martyrum
1117 464 1497 521 festivitatibus
1520 468 1836 535 innumerae,

255 569 313 614 ut
341 559 558 622 asseris,
585 558 770 627 plebes
795 558 1047 627 baptismi
1074 558 1386 629 mysterium
1408 572 1835 631 consequantur,

252 667 374 707 cum
404 651 507 706 hoc
527 649 629 705 sibi
658 649 993 720 privilegium
1014 650 1229 720 etapud
1247 667 1368 718 nos,
1400 663 1456 709 et
1483 656 1621 724 apud
1650 671 1841 713 omnes

255 742 523 796 Ecclesias
549 740 877 797 dominicum
898 741 1204 810 specialiter
1230 756 1353 798 cum
1383 743 1703 802 Pentecoste
1742 762 1841 802 sua

256 832 461 887 Pascha
488 830 759 899 defendat,
786 830 981 903 quibus
1033 822 1166 888 solis
1206 848 1304 903 per
1331 848 1529 890 annum
1559 836 1748 893 diebus
1774 839 1841 893 ad
1856 882 1877 893 ,ι

253 921 413 976 fidem
453 920 849 977 conﬂuentibus
870 922 1146 990 generalia
1172 922 1513 992 baptismatis
1544 927 1681 983 tradi
1709 943 1844 984 con-

254 1011 401 1065 venit
424 1018 781 1066 sacramenta.
806 1009 900 1064 llis
917 1010 1182 1065 duntaxat
1204 1012 1409 1077 electis,
1433 1014 1524 1084 qui
1555 1025 1681 1071 ante
1704 1033 1841 1087 qua-

251 1102 527 1168 draginta,
554 1100 640 1155 vel
694 1114 777 1171 eo,
809 1100 1041 1170 amplius
1077 1101 1203 1156 dies
1241 1117 1437 1158 nomen
1487 1102 1759 1173 dederint,
1787 1116 1845 1162 et

250 1190 603 1257 exorcismis,
643 1188 1080 1259 quotidiauisque
1125 1191 1458 1249 orationibus
1489 1202 1654 1263 atque
1695 1195 1841 1265 ieiu-

252 1283 361 1335 niis
392 1281 590 1335 fuerint
618 1280 842 1350 expiati,
875 1288 1144 1349 quatenus
1165 1284 1465 1352 apostolica
1495 1286 1582 1339 illa
1611 1287 1833 1357 implea-

254 1383 343 1426 tur
372 1371 681 1441 pneceptio,
731 1380 790 1425 ut
834 1381 1132 1441 expurgatu
1164 1371 1427 1429 fermento
1475 1376 1672 1443 veteri,
1704 1393 1841 1433 nova

254 1464 479 1533 incipiat
526 1479 644 1517 esse
691 1463 1004 1533 conspersio
1034 1463 1087 1534 (I
1109 1462 1230 1521 Cor.
1260 1465 1337 1533 v).
1366 1464 1518 1520 Sicut
1562 1482 1691 1536 ergo
1716 1467 1842 1526 Pas-

253 1556 464 1610 chalem
478 1555 833 1609 reverentiam
850 1556 902 1608 in
928 1554 1075 1609 nullo
1097 1553 1321 1610 dicimus
1336 1571 1455 1611 esse
1476 1557 1837 1626 minuendam,
1871 1573 1916 1634 Β

254 1647 327 1701 ita
359 1646 669 1710 infantibus,
695 1646 788 1715 qui
819 1645 1047 1700 necdum
1104 1646 1249 1717 loqui
1297 1656 1551 1718 poterunt
1585 1665 1680 1719 per
1705 1661 1838 1705 teta-

257 1748 402 1801 tem,
435 1737 520 1792 vel
575 1737 658 1792 bis
697 1736 891 1806 quibus
938 1736 991 1789 in
1039 1735 1281 1806 qualibet
1334 1739 1657 1795 necessitate
1706 1756 1843 1811 opus

255 1829 420 1882 luerit
469 1827 607 1882 sacri
634 1825 775 1880 unda
823 1826 1178 1895 baptismatis,
1210 1827 1356 1880 omni
1379 1827 1627 1883 volumus
1648 1829 1841 1885 celeri-

254 1927 371 1971 tate
398 1916 641 1971 succurri
667 1933 680 1968 :
705 1929 773 1970 ne
794 1915 862 1969 ad
880 1924 1182 1997 nostrarum
1207 1917 1496 1985 perniciem
1514 1918 1698 1973 tendat
1719 1920 1840 1975 ani-

252 2024 487 2073 marum,
506 2008 552 2062 si
574 2015 767 2077 negato
790 2006 1217 2063 desiderantibus
1238 2007 1385 2064 fonte
1407 2010 1628 2065 salutari
1654 2012 1841 2069 exiens

252 2100 625 2168 unusquisque
653 2098 721 2154 de
748 2098 947 2153 szceulo
980 2107 1034 2152 et
1080 2112 1302 2167 regnum
1334 2100 1541 2169 perdat,
1572 2112 1627 2157 et
1653 2103 1839 2161 vitam.

250 2190 574 2261 Quicunque
601 2190 765 2245 etiam
795 2190 1079 2246 discrimen
1112 2191 1394 2262 naufragii,
1426 2194 1736 2251 hostilitatis
1758 2197 1839 2250 in-

251 2298 494 2347 cursum,
522 2280 816 2336 obsidionis
836 2281 1163 2350 ambiguum,
1195 2281 1278 2337 vel
1328 2283 1618 2351 cujuslibet
1645 2300 1842 2357 corpo-

252 2374 383 2428 ralis
438 2371 768 2441 :egritudinis
818 2370 1246 2442 desperationem
1296 2371 1600 2441 inciderint,
1641 2384 1696 2430 et
1737 2378 1840 2433 sibi

252 2464 414 2519 unico
470 2461 803 2517 credulitatis
849 2461 1053 2516 auxilio
1104 2463 1452 2532 poposcerint
1504 2465 1775 2521 subveniri
1822 2487 1836 2521 :

251 2553 469 2617 eodem,
515 2566 625 2620 quo
678 2559 924 2621 poscunt,
967 2561 1242 2607 momento
1287 2552 1542 2625 temporis
1588 2557 1840 2626 expetita:

252 2643 682 2713 regenerationis
701 2643 919 2712 prsentia
940 2653 1357 2714 consequantur.
1387 2645 1664 2706 Hactenus
1692 2664 1842 2705 erra-

251 2746 366 2790 tum
416 2735 471 2789 in
528 2734 627 2788 hac
657 2742 811 2804 parte
836 2733 1086 2800 sulliciat,
1118 2751 1260 2790 nunc
1299 2736 1572 2806 prmfatam
1601 2741 1838 2809 regulam

252 2841 445 2879 omnes
476 2834 694 2879 teneant
722 2823 1064 2891 sacerdotes,
1094 2826 1183 2894 qui
1223 2826 1412 2881 nolunt
1438 2827 1504 2882 ab
1527 2830 1838 2899 apostolico

1936 295 2190 350 duximus
2217 296 2632 363 decernendum,
2668 309 2723 351 ut
2761 300 2873 353 sola
2906 301 3042 355 intra
3078 304 3355 358 ecclesiam
3384 301 3488 358 ﬁde

1944 386 2081 440 libus
2123 388 2368 441 oratione
2409 388 2700 455 iungantur
2724 429 2737 453 ,
2769 405 2937 445 sacrae
2969 393 3345 463 mysteriorum
3372 395 3517 449 cele-

1942 474 2121 529 britati
2148 516 2164 540 ,
2194 479 2438 544 quamvis
2464 493 2571 532 non
2615 490 2942 547 mereantur,
2971 483 3255 537 intersint:
3285 499 3314 537 a
3344 483 3518 539 domi-

1943 566 2075 620 nica:
2096 575 2276 621 autem
2305 583 2503 623 mensa:
2530 570 2779 624 convivio
2807 581 3175 641 segregentur,
3201 582 3259 628 ut
3286 575 3385 629 hac
3409 574 3518 629 sal-

1943 667 2053 713 tem
2100 658 2467 714 destructione
2508 661 2782 731 correpti,
2833 671 2887 717 et
2925 662 3025 732 ipsi
3054 664 3105 717 in
3133 680 3191 719 se
3218 679 3311 720 sua
3340 671 3518 719 errata

1942 749 2242 815 castigent,
2274 758 2329 803 et
2376 750 2494 805 aliis
2522 752 2824 821 exemplum
2867 752 3136 823 tribuant,
3163 762 3426 823 quatenus
3452 754 3520 807 ab

1943 838 2191 893 obscenis
2218 839 2599 911 cupiditatibus
2636 843 2998 898 retrahantur.
3051 843 3255 910 Quibus
3277 853 3477 898 itamen
3504 881 3520 905 ,

1943 928 2196 996 quoniam
2226 930 2426 984 carnali
2467 929 2753 1000 fragilitate
2789 933 3138 1001 ceciderunt,
3174 933 3375 988 viatico
3402 949 3519 988 mu-

1944 1032 2240 1081 nere,cum
2269 1021 2335 1074 ad
2362 1021 2643 1077 Dominum
2669 1024 2931 1094 cmperint
2951 1024 3235 1095 proficisci,
3256 1040 3356 1095 per
3374 1041 3525 1081 com-

1945 1112 2214 1165 munionis
2242 1114 2467 1180 gratiam
2491 1114 2735 1169 volumus
2774 1117 3067 1171 subvrniri.
3093 1117 3263 1183 Quam
3296 1117 3521 1173 formam

1945 1202 2000 1254 et
2046 1200 2188 1255 circa
2229 1201 2481 1258 mulieres
2526 1218 2644 1273 quae
2672 1210 2731 1260 se
2761 1213 2885 1275 post
2924 1207 3297 1275 pmnitentiam
3330 1208 3520 1262 talibus

1926 1292 2325 1363 pollutiouibus
2381 1297 2775 1364 devinxerunt,
2840 1300 3159 1355 servandam
3222 1317 3342 1358 esse
3396 1317 3520 1357 cen—

1944 1398 2056 1438 sem
2064 1400 2123 1440 US
2130 1425 2141 1439 υ

1948 1522 2025 1578 De
2046 1528 2309 1581 monac/tis
2338 1540 2385 1582 et
2415 1530 2692 1599 virginibus
2721 1532 3038 1601 propositum
3058 1549 3162 1587 non
3184 1534 3519 1591 servantibus.

2016 1634 2100 1687 Vl.
2131 1635 2392 1693 Prmterea
2424 1640 2806 1695 monachorum
2842 1641 3102 1709 quosdam
3132 1651 3295 1712 atque
3339 1658 3519 1697 mona-

1944 1729 2188 1795 charum,
2219 1731 2432 1799 abiecto
2461 1735 2741 1802 proposito
2763 1735 3084 1797 sanctitatis,
3116 1736 3168 1789 in
3196 1744 3397 1789 tantam
3423 1751 3517 1804 po-

1945 1822 2156 1874 testatis
2180 1820 2462 1878 demersos
2513 1838 2633 1879 esse
2661 1823 2956 1890 lasciviam,
2983 1834 3040 1879 ut
3069 1825 3216 1894 prius
3243 1825 3519 1891 clanculo,

1944 1910 2089 1964 velut
2112 1910 2214 1965 sub
2242 1914 2696 1969 monasteriorum
2725 1923 2988 1983 prastextu
3009 1955 3026 1979 ,
3052 1916 3234 1971 illicita
3267 1931 3331 1971 ac
3358 1918 3520 1971 sacri-

1942 2000 2061 2068 lega
2090 2014 2149 2056 se
2175 2004 2496 2071 contagione
2524 2005 2853 2072 miscuerint,
2892 2016 3078 2077 postea
3122 2023 3251 2062 vero
3278 2009 3330 2063 in
3359 2009 3519 2063 abru-

1944 2102 2094 2162 ptum
2148 2096 2495 2152 conscientia:
2521 2096 2899 2166 desperatione
2949 2098 3189 2168 perducti
3219 2100 3285 2154 de
3324 2099 3520 2155 illicitis

1941 2185 2311 2256 complexibus
2352 2186 2522 2242 libere
2560 2187 2697 2243 filios
2737 2191 3104 2258 procrearint,
3130 2191 3275 2259 quod
3315 2201 3370 2246 et
3423 2208 3518 2263 pu-

1941 2278 2094 2335 blicas
2122 2280 2268 2348 leges
2291 2321 2307 2346 ,
2348 2290 2406 2335 et
2441 2281 2805 2338 ecclesiastica
2832 2283 2951 2352 jura
2981 2284 3348 2340 condemnant
3375 2305 3388 2339 :
3420 2292 3522 2343 has

1943 2371 2106 2439 igitur
2143 2370 2436 2442 impudicas
2484 2372 2938 2441 detestabilequ
2966 2387 3230 2442 personas
3269 2390 3300 2429 a
3329 2391 3520 2430 mona-

1940 2460 2225 2516 steriorum
2252 2469 2427 2525 cmtn,
2469 2462 2927 2530 ecclesiarumque
2963 2464 3316 2519 conventibus
3343 2464 3520 2521 elimi-

1942 2554 2147 2608 nandas
2185 2568 2305 2609 esse
2350 2552 2699 2617 mandamus,
2743 2561 3010 2622 quatenus
3054 2563 3276 2609 retrusa:
3318 2555 3371 2609 in
3410 2557 3521 2611 suis

1941 2645 2224 2715 ergastulis
2252 2653 2458 2699 tantum
2484 2644 2690 2700 facinus
2712 2645 2969 2700 continua
2998 2644 3383 2701 lamentatione
3421 2648 3518 2701 de-

1942 2736 2133 2794 ﬂentes
2155 2777 2171 2803 ,
2202 2736 2566 2809 puriﬁeatorio
2604 2738 2812 2808 possint
2837 2737 3182 2808 paenitudinis
3211 2738 3332 2806 igne
3357 2739 3521 2796 deco-

1941 2844 2109 2899 quere
2131 2869 2146 2895 ,
2188 2839 2247 2885 ut
2273 2830 2353 2884 eis
2391 2830 2476 2884 vel
2502 2828 2570 2883 ad
2597 2838 2827 2883 mortem
2855 2828 3047 2883 saltem
3069 2868 3084 2893 ,
3116 2828 3284 2884 solius
3306 2829 3516 2883 miseri-

251 2926 446 2986 petrze,
471 2931 633 2987 super
684 2932 845 2988 quam
890 2917 1135 2973 Christus
1156 2918 1514 2975 univcrsalem
1540 2924 1841 2981 construxit
1870 2941 1915 3003 ρ
1943 2920 2139 2975 (τοι-ϐίω
2180 2920 2376 2975 intuitu
2422 2934 2521 2989 per
2563 2916 2957 2976 communionis
2982 2919 3210 2987 gratiam
3238 2919 3406 2989 possit
3435 2919 3516 2973 iu-

252 3008 570 3075 Eoclesiam,
596 3006 866 3063 soliditate
886 3007 1066 3064 divelli
1089 3007 1303 3080 (Matth.
1330 3009 1409 3080 Χ).

859 3148 939 3204 Ds
968 3153 1238 3221 apostolis.

324 3241 414 3296 Ill.
447 3240 727 3311 Adiectum
752 3248 836 3296 est
871 3240 1037 3295 etiam
1059 3280 1075 3306 ,
1109 3240 1370 3320 quosdam
1400 3241 1737 3301 Christianos
1766 3249 1835 3305 ad
1924 3242 1925 3245 “

248 3332 582 3403 apostasiam
611 3331 777 3403 (quod
804 3330 907 3386 dici
935 3331 1085 3387 nefas
1113 3336 1215 3401 est)
1249 3341 1606 3401 transeuntes,
1637 3343 1694 3391 et
1718 3336 1836 3394 ido-

245 3426 429 3479 lorum
468 3425 615 3479 cultu
664 3440 727 3478 ac
773 3422 1161 3478 sacrificiorum
1207 3425 1665 3484 contaminatione
1702 3444 1833 3499 pro-

245 3516 493 3577 (anates,
507 3530 647 3587 quos
671 3531 702 3570 a
728 3515 929 3579 Christi
957 3530 1185 3585 corpore
1205 3524 1261 3571 et
1285 3518 1569 3595 sanguine,
1597 3535 1707 3590 quo
1735 3520 1835 3577 du-

242 3607 379 3664 dum
408 3606 672 3676 redempti
696 3605 911 3661 fuerant
930 3607 1285 3673 renaseendo,
1302 3607 1554 3673 iubemus
1571 3610 1830 3667 abscindi.

242 3698 316 3753 Et
345 3700 389 3753 si
418 3699 790 3768 resipisceutes
819 3698 955 3755 forte
981 3698 1268 3768 aliquando
1292 3699 1491 3755 fuerint
1510 3700 1578 3755 ad
1598 3701 1832 3758 lamenta

241 3790 520 3853 conversi,
549 3790 651 3855 his,
673 3789 910 3858 quandiu
932 3790 1118 3844 vivunt
1150 3789 1357 3857 agenda
1382 3792 1695 3859 pmnitentia
1724 3802 1830 3860 est,

240 3892 301 3936 et
334 3883 391 3935 in
414 3882 601 3935 ultimo
618 3882 722 3935 line
741 3896 843 3938 suo
864 3881 1318 3943 reconciliationis
1331 3882 1503 3949 gratia
1525 3884 1827 3948 tribuenda,

240 3971 400 4042 quia,
424 3971 655 4026 docente
685 3969 933 4036 Domino,
964 3970 1213 4031 nolumus
1240 3979 1468 4025 mortem
1499 3973 1828 4040 peccatoris,

240 4063 343 4117 sed
376 4070 580 4115 tantum
610 4068 669 4114 ut
694 4044 1069 4127 convertatur,
1098 4066 1153 4115 et
1172 4060 1318 4113 vivat
1349 4057 1561 4129 (Ezeclt.
1586 4072 1756 4129 xvtn).

242 4172 401 4239 Quod
438 4187 541 4225 non
570 4171 723 4252 liceat
749 4172 962 4224 alterius
990 4186 1235 4252 sponsam
1262 4171 1336 4224 ad
1361 4173 1676 4227 matrimonii
1702 4174 1828 4243 jura

678 4250 681 4253 ’
941 4250 1139 4295 sortiri.

1944 3008 2215 3078 dulgentia
2241 3007 2548 3065 subvenire.

2339 3149 2418 3205 De
2438 3150 2637 3204 clericis
2666 3148 3117 3206 incontinentibus.

2011 3264 2121 3320 Vll.
2152 3262 2439 3321 Veniamus
2479 3278 2621 3321 nunc
2650 3264 2717 3319 ad
2745 3264 3137 3321 sacratissimos
3164 3262 3380 3319 ordines
3406 3263 3514 3318 cle-

1939 3357 2174 3412 ricorum
2196 3396 2213 3422 ,
2245 3370 2381 3425 quos
2408 3356 2462 3410 in
2492 3354 2811 3411 veneranda:
2857 3353 3131 3421 religionis
3160 3352 3411 3420 iniuriam
3441 3352 3512 3406 ita

1937 3461 2035 3517 per
2064 3454 2269 3502 vestras
2296 3446 2599 3515 provincias
2625 3444 2865 3499 calcatus
2914 3451 3076 3512 atque
3103 3442 3358 3499 confusos
3385 3444 3515 3498 cha-

1937 3538 2097 3593 ritate
2119 3546 2208 3592 tua
2218 3537 2521 3593 insinuante
2540 3535 2856 3605 reperimus,
2874 3543 2934 3590 ut
2951 3534 3202 3591 Jeremite
3213 3536 3369 3593 nobis
3381 3552 3514 3593 voce

1935 3615 2219 3684 dicendum
2240 3628 2311 3684 sit
2339 3646 2351 3682 :
2387 3626 2513 3692 Quis
2541 3627 2682 3681 dabit
2711 3627 2869 3697 capiti
2897 3644 3009 3681 meo
3038 3644 3247 3698 aquam,
3275 3637 3325 3681 et
3351 3630 3513 3684 oculis

1936 3722 2063 3774 meis
2088 3722 2278 3777 fontem
2308 3720 2673 3789 lacrymarum,
2698 3728 2747 3771 et
2772 3718 2903 3786 ﬂebo
2922 3718 3167 3788 papulum
3189 3719 3324 3772 hunc
3345 3719 3429 3777 die
3447 3735 3510 3772 ac

1935 3822 2081 3865 nocte
2110 3810 2241 3882 (Jer.
2282 3810 2403 3880 ix)?
2445 3807 2503 3863 Si
2531 3823 2661 3878 ergo
2685 3807 2874 3863 beatus
2901 3808 3164 3878 propheta
3194 3807 3259 3863 ad
3284 3809 3512 3877 lugenda

1934 3902 2117 3972 populi
2148 3907 2367 3970 peccata
2392 3914 2502 3953 non
2529 3898 2631 3953 sibi
2661 3898 2736 3952 ait
2762 3898 3028 3968 lacrymas
3058 3913 3215 3967 posse
3237 3897 3507 3965 sufficere,

1933 4001 2138 4063 quanto
2184 4007 2285 4048 nos
2313 4004 2596 4061 possumus
2626 3988 2813 4044 dolore
2862 3988 3119 4057 percelli,
3164 4004 3285 4043 eum
3318 4004 3505 4055 eorum

1931 4085 2022 4152 qui
2073 4084 2127 4136 in
2170 4092 2357 4137 nostro
2401 4088 2527 4135 sunt
2553 4094 2821 4149 corpore,
2865 4079 3238 4149 compellimur
3265 4079 3501 4134 facinora

1932 4174 2247 4244 deplorare,
2277 4170 2470 4241 quibus
2509 4172 2773 4240 praecipue
2801 4170 3093 4223 secundum
3125 4169 3338 4235 beatum
3372 4169 3502 4223 Pan-

1932 4264 2041 4317 lum
2077 4262 2326 4317 instantia
2354 4260 2667 4329 quotidiana
2720 4268 2775 4314 et
2802 4257 3104 4312 sollicitudo
3135 4258 3369 4311 omnium
3400 4258 3504 4312 Ec-

315 4332 405 4386 iV.
440 4330 515 4385 De
542 4330 899 4407 coniugalium
927 4339 1104 4385 autem
1133 4330 1425 4386 violatione
1455 4332 1757 4401 requisisti,
1779 4335 1824 4389 si

1940 4354 2215 4409 elcsiaium
2262 4313 2624 4405 indesinenter
2668 4348 2924 4402 incumbit
2970 4346 3057 4415 (II
3100 4346 3218 4400 Cor.
3246 4346 3507 4414 XI)?Quis

242 4421 629 4490 desponsatam
656 4420 745 4473 alii
772 4419 1001 4490 puellam
1028 4419 1165 4473 alter
1193 4420 1245 4473 in
1276 4420 1673 4477 matrimonium
1695 4437 1823 4493 pos-

239 4515 312 4568 sit
332 4514 619 4583 accipere?
648 4511 762 4567 Hoc
790 4528 858 4568 ne
882 4510 991 4578 fiat,
1025 4512 1198 4567 modis
1217 4512 1467 4568 omnibus
1491 4496 1820 4578 inhibemus,

238 4610 369 4675 quia
398 4604 491 4657 illa
513 4602 817 4658 benedictio
846 4617 1007 4672 quam
1029 4610 1274 4671 nuptura:
1302 4601 1553 4657 sacerdos
1578 4602 1820 4671 imponit,

234 4693 387 4765 apud
420 4692 605 4746 fideles
636 4692 910 4759 cujusdam
953 4691 1221 4760 sacrilegii
1249 4691 1417 4747 instar
1461 4698 1581 4759 est,
1627 4692 1670 4746 si
1716 4691 1822 4747 ulla

236 4784 674 4862 transgressione
715 4782 965 4837 violetur.

384 4897 466 4951 De
492 4898 572 4950 liis
600 4896 685 4966 qui
711 4896 1060 4966 paniteiitiam
1092 4894 1301 4949 minime
1324 4899 1673 4946 servaverunt.

314 5009 379 5063 \'.
408 5008 485 5061 De
516 5006 598 5061 his
624 5021 752 5062 vero
782 5020 887 5060 non
918 5005 1210 5073 incongrue
1228 5002 1446 5058 dilectio
1476 5008 1566 5055 tua
1598 5008 1819 5069 aposto-

226 5101 396 5153 licam
447 5096 631 5150 sedem
676 5094 901 5149 credidit
947 5092 1351 5155 consulendam,
1390 5090 1619 5159 quiacta
1648 5088 1818 5158 pinni-

223 5188 428 5251 ιιπιιιὶει,
457 5194 706 5252 tanquam
738 5198 898 5238 canes
948 5198 1012 5236 ac
1039 5197 1162 5236 sues
1190 5181 1257 5235 ad
1285 5182 1519 5235 vomitus
1559 5178 1813 5248 pristinos

218 5288 290 5329 ct
319 5274 598 5328 volutabra
627 5274 936 5339 redeuntes,
958 5284 1012 5327 et
1042 5272 1242 5326 militia:
1278 5269 1569 5340 cingulum,
1594 5278 1648 5322 et
1675 5268 1811 5323 ludi-

1930 4444 2072 4499 enim
2102 4443 2419 4506 inﬁrmatur,
2436 4448 2491 4494 et
2512 4454 2619 4493 non
2647 4438 2697 4491 in
2710 4437 2922 4493 'irmor?
2939 4434 3068 4501 Quis
3092 4436 3501 4499 scandalizatur,

1931 4543 1987 4589 ct
2015 4548 2115 4601 ego
2144 4547 2251 4585 non
2278 4531 2448 4585 uror?
2494 4527 2759 4581 Plurimos
2787 4525 2929 4579 enim
2977 4522 3286 4579 sacerdotes
3305 4522 3501 4578 Christi

1930 4634 2093 4693 atque
2122 4623 2311 4678 levitas
2334 4630 2456 4691 post
2481 4621 2637 4688 longa
2664 4617 3086 4674 consecrationis
3122 4632 3231 4673 suae
3261 4625 3503 4687 tempora

1930 4725 2040 4771 tam
2088 4714 2155 4770 de
2199 4712 2512 4781 coniugibus
2560 4708 2813 4780 propriis,
2869 4721 3028 4777 quam
3074 4708 3236 4762 etiam
3264 4707 3332 4763 de
3363 4711 3503 4779 turpi

1930 4806 2077 4861 coitu
2104 4804 2343 4858 sobolem
2371 4800 2649 4856 didicimus
2676 4811 3020 4868 procreasse:
3045 4806 3100 4851 et
3130 4797 3331 4852 crimen
3349 4815 3504 4854 sumn

1929 4895 2028 4949 hac
2051 4891 2454 4964 prtcscriptione
2500 4888 2810 4957 defendere,
2860 4902 2966 4958 qua
2996 4887 3047 4941 iu
3070 4886 3253 4941 Veteri
3304 4876 3497 4941 Testa-

1929 4994 2111 5041 mento
2154 4978 2522 5040 sacerdotibus
2552 4999 2625 5053 ac,
2660 4982 2919 5036 ministris
2947 4980 3235 5049 generandi
3278 4979 3503 5036 facultas

1928 5078 2121 5146 legitur
2148 5062 2420 5137 attributa.
2453 5073 2607 5129 Dicat
2642 5073 2773 5128 mihi
2806 5088 2973 5138 nunc,
3014 5071 3256 5141 quisquis
3303 5072 3390 5126 ille
3419 5078 3501 5125 cst

1926 5176 2162 5225 sectator
2188 5150 2461 5221 libidinum
2490 5206 2506 5230 ,
2537 5174 2939 5235 pra‘ceptorque
2966 5164 3240 5229 vitiorum,
3295 5165 3336 5217 si
3359 5164 3501 5218 iusti-

1923 5267 2033 5313 mat
2072 5259 2194 5327 quia
2242 5259 2294 5312 in
2347 5258 2463 5326 lege
2501 5255 2661 5311 Musis
2714 5256 2911 5325 passim
2942 5254 3108 5309 sacris
3136 5253 3412 5308 ordinibus
3465 5270 3493 5307 a

214 5384 350 5423 uas
374 5365 697 5436 voluptates,
740 5375 794 5417 et
824 5380 959 5419 nova
982 5362 1251 5432 coniugia,
1282 5372 1337 5420 et
1358 5361 1614 5420 inhibitus
1638 5361 1814 5413 denuo
1923 5352 2149 5406 Domino
2196 5359 2380 5405 nostro
2410 5350 2586 5404 laxata
2626 5358 2752 5403 sunt
2800 5348 2946 5402 frena
2976 5346 3215 5410 luxuria},
3272 5362 3367 5399 cur
3396 5360 3490 5399 eos

210 5455 897 5526 appetivercconcuhitus,
921 5469 1144 5522 quorum
1169 5458 1461 5525 professam
1486 5449 1817 5506 incontinen-
1922 5445 2115 5514 quibus
2180 5443 2650 5537 committebantur
2700 5452 2883 5497 sancta
2961 5445 3268 5537 sanctorum
3357 5453 3492 5506 pm:-

210 5558 359 5604 tiam
389 5544 634 5615 generati
660 5556 778 5614 post
805 5544 1193 5603 absolutionem
1222 5549 1308 5608 lilii
1336 5542 1711 5624 prodiderunt.
1740 5538 1815 5594 De
1924 5544 2108 5593 mouet
2166 5534 2354 5591 dicens
2398 5552 2409 5588 :
2457 5532 2639 5588 Sancti
2683 5540 2892 5595 estote,
2947 5532 3071 5597 quia
3125 5538 3181 5624 et
3218 5543 3318 5596 ego
3364 5545 3493 5585 san-

564 5637 828 5697 l‘srnoc.
879 5634 1122 5699 LXV".
1336 5622 1350 5643 ‘—

3122 5622 3162 5680 8
